<?xml version="1.0" encoding="UTF-8"?>
<alto xmlns:xsi="http://www.w3.org/2001/XMLSchema-instance" xmlns="http://www.loc.gov/standards/alto/ns-v2#" xsi:schemaLocation="http://www.loc.gov/standards/alto/ns-v2# http://www.loc.gov/standards/alto/alto-v2.0.xsd" xmlns:xlink="http://www.w3.org/1999/xlink">
	<Description>
		<MeasurementUnit>mm10</MeasurementUnit>
		<sourceImageInformation>
			<fileName>//fileserver7/IN2/Princeton/Batch2/bmtnaap/1921/12_01/00000095.tif</fileName>
		</sourceImageInformation>
		<OCRProcessing ID="OCRPROCESSING_1">
			<preProcessingStep>
				<processingSoftware>
					<softwareCreator>CCS Content Conversion Specialists GmbH, Germany</softwareCreator>
					<softwareName>CCS docWORKS</softwareName>
					<softwareVersion>6.6-0.29</softwareVersion>
				</processingSoftware>
			</preProcessingStep>
			<ocrProcessingStep>
				<processingSoftware>
					<softwareCreator>ABBYY (BIT Software), Russia</softwareCreator>
					<softwareName>FineReader</softwareName>
					<softwareVersion>10.0</softwareVersion>
				</processingSoftware>
			</ocrProcessingStep>
		</OCRProcessing>
		<OCRProcessing ID="OCRPROCESSING_2">
			<preProcessingStep>
				<processingSoftware>
					<softwareCreator>CCS Content Conversion Specialists GmbH, Germany</softwareCreator>
					<softwareName>CCS docWORKS</softwareName>
					<softwareVersion>6.6-0.29</softwareVersion>
				</processingSoftware>
			</preProcessingStep>
			<ocrProcessingStep>
				<processingSoftware>
					<softwareCreator>ABBYY (BIT Software), Russia</softwareCreator>
					<softwareName>NA</softwareName>
				</processingSoftware>
			</ocrProcessingStep>
		</OCRProcessing>
	</Description>
	<Styles>
		<TextStyle ID="TXT_0" FONTSIZE="10" FONTFAMILY="Times New Roman"/>
		<ParagraphStyle ID="PAR_RIGHT" ALIGN="Right"/>
		<ParagraphStyle ID="PAR_LEFT" ALIGN="Left"/>
	</Styles>
	<Layout>
		<Page ID="P95" PHYSICAL_IMG_NR="95" HEIGHT="4026" WIDTH="2682" PRINTED_IMG_NR="189" PC="0.953">
			<TopMargin ID="P95_TM00001" HPOS="0" VPOS="0" WIDTH="2682" HEIGHT="6"/>
			<LeftMargin ID="P95_LM00001" HPOS="0" VPOS="6" WIDTH="6" HEIGHT="3159"/>
			<RightMargin ID="P95_RM00001" HPOS="2676" VPOS="6" WIDTH="6" HEIGHT="3159"/>
			<BottomMargin ID="P95_BM00001" HPOS="0" VPOS="3165" WIDTH="2682" HEIGHT="861">
				<TextBlock ID="P95_TB00001" HPOS="2070" VPOS="3167" WIDTH="73" HEIGHT="49" STYLEREFS="TXT_0 PAR_RIGHT">
					<TextLine ID="P95_TL00001" HPOS="2072" VPOS="3168" WIDTH="71" HEIGHT="48">
						<String ID="P95_ST00001" HPOS="2072" VPOS="3168" WIDTH="71" HEIGHT="48" CONTENT="189" WC="0.52" CC="643"/>
					</TextLine>
				</TextBlock>
			</BottomMargin>
			<PrintSpace ID="P95_PS00001" HPOS="6" VPOS="6" WIDTH="2670" HEIGHT="3159">
				<TextBlock ID="P95_TB00002" HPOS="378" VPOS="589" WIDTH="1827" HEIGHT="2409" STYLEREFS="TXT_0 PAR_LEFT">
					<TextLine ID="P95_TL00002" HPOS="389" VPOS="590" WIDTH="491" HEIGHT="40">
						<String ID="P95_ST00002" HPOS="389" VPOS="590" WIDTH="115" HEIGHT="38" CONTENT="Anne" WC="0.96" CC="3660"/>
						<SP ID="P95_SP00001" HPOS="504" VPOS="628" WIDTH="27"/>
						<String ID="P95_ST00003" HPOS="531" VPOS="604" WIDTH="80" HEIGHT="25" CONTENT="was" WC="1.00" CC="100"/>
						<SP ID="P95_SP00002" HPOS="611" VPOS="629" WIDTH="26"/>
						<String ID="P95_ST00004" HPOS="637" VPOS="592" WIDTH="243" HEIGHT="38" CONTENT="inconstant." WC="1.00" CC="30400050003"/>
					</TextLine>
					<TextLine ID="P95_TL00003" HPOS="391" VPOS="655" WIDTH="1810" HEIGHT="52">
						<String ID="P95_ST00005" HPOS="391" VPOS="655" WIDTH="40" HEIGHT="35" CONTENT="It" WC="0.69" CC="60"/>
						<SP ID="P95_SP00003" HPOS="431" VPOS="690" WIDTH="27"/>
						<String ID="P95_ST00006" HPOS="458" VPOS="666" WIDTH="81" HEIGHT="25" CONTENT="was" WC="0.98" CC="500"/>
						<SP ID="P95_SP00004" HPOS="539" VPOS="691" WIDTH="20"/>
						<String ID="P95_ST00007" HPOS="559" VPOS="655" WIDTH="168" HEIGHT="37" CONTENT="because" WC="0.99" CC="6000402"/>
						<SP ID="P95_SP00005" HPOS="727" VPOS="692" WIDTH="19"/>
						<String ID="P95_ST00008" HPOS="746" VPOS="655" WIDTH="42" HEIGHT="37" CONTENT="of" WC="0.93" CC="10"/>
						<SP ID="P95_SP00006" HPOS="788" VPOS="692" WIDTH="18"/>
						<String ID="P95_ST00009" HPOS="806" VPOS="656" WIDTH="70" HEIGHT="36" CONTENT="her" WC="0.96" CC="703"/>
						<SP ID="P95_SP00007" HPOS="876" VPOS="692" WIDTH="20"/>
						<String ID="P95_ST00010" HPOS="896" VPOS="656" WIDTH="109" HEIGHT="45" CONTENT="John" WC="0.98" CC="4070"/>
						<SP ID="P95_SP00008" HPOS="1005" VPOS="701" WIDTH="20"/>
						<String ID="P95_ST00011" HPOS="1025" VPOS="656" WIDTH="150" HEIGHT="44" CONTENT="Preble," WC="0.98" CC="6108503"/>
						<SP ID="P95_SP00009" HPOS="1175" VPOS="701" WIDTH="21"/>
						<String ID="P95_ST00012" HPOS="1196" VPOS="657" WIDTH="133" HEIGHT="37" CONTENT="whose" WC="1.00" CC="00002"/>
						<SP ID="P95_SP00010" HPOS="1329" VPOS="701" WIDTH="27"/>
						<String ID="P95_ST00013" HPOS="1356" VPOS="657" WIDTH="133" HEIGHT="38" CONTENT="father" WC="1.00" CC="000003"/>
						<SP ID="P95_SP00011" HPOS="1489" VPOS="701" WIDTH="18"/>
						<String ID="P95_ST00014" HPOS="1507" VPOS="671" WIDTH="81" HEIGHT="25" CONTENT="was" WC="1.00" CC="000"/>
						<SP ID="P95_SP00012" HPOS="1588" VPOS="701" WIDTH="20"/>
						<String ID="P95_ST00015" HPOS="1608" VPOS="664" WIDTH="120" HEIGHT="43" CONTENT="agent" WC="1.00" CC="03000"/>
						<SP ID="P95_SP00013" HPOS="1728" VPOS="707" WIDTH="19"/>
						<String ID="P95_ST00016" HPOS="1747" VPOS="660" WIDTH="61" HEIGHT="37" CONTENT="for" WC="1.00" CC="000"/>
						<SP ID="P95_SP00014" HPOS="1808" VPOS="707" WIDTH="19"/>
						<String ID="P95_ST00017" HPOS="1827" VPOS="673" WIDTH="75" HEIGHT="25" CONTENT="one" WC="1.00" CC="000"/>
						<SP ID="P95_SP00015" HPOS="1902" VPOS="707" WIDTH="20"/>
						<String ID="P95_ST00018" HPOS="1922" VPOS="661" WIDTH="41" HEIGHT="37" CONTENT="of" WC="0.57" CC="62"/>
						<SP ID="P95_SP00016" HPOS="1963" VPOS="707" WIDTH="24"/>
						<String ID="P95_ST00019" HPOS="1987" VPOS="661" WIDTH="70" HEIGHT="38" CONTENT="the" WC="0.98" CC="004"/>
						<SP ID="P95_SP00017" HPOS="2057" VPOS="707" WIDTH="28"/>
						<String ID="P95_ST00020" HPOS="2085" VPOS="661" WIDTH="116" HEIGHT="43" CONTENT="mills," WC="0.98" CC="052404"/>
					</TextLine>
					<TextLine ID="P95_TL00004" HPOS="492" VPOS="718" WIDTH="1712" HEIGHT="53">
						<String ID="P95_ST00021" HPOS="492" VPOS="722" WIDTH="107" HEIGHT="32" CONTENT="went" WC="1.00" CC="0000"/>
						<SP ID="P95_SP00018" HPOS="599" VPOS="754" WIDTH="19"/>
						<String ID="P95_ST00022" HPOS="618" VPOS="730" WIDTH="74" HEIGHT="25" CONTENT="one" WC="1.00" CC="000"/>
						<SP ID="P95_SP00019" HPOS="692" VPOS="755" WIDTH="18"/>
						<String ID="P95_ST00023" HPOS="710" VPOS="718" WIDTH="116" HEIGHT="48" CONTENT="night" WC="0.99" CC="00500"/>
						<SP ID="P95_SP00020" HPOS="826" VPOS="766" WIDTH="17"/>
						<String ID="P95_ST00024" HPOS="843" VPOS="722" WIDTH="44" HEIGHT="33" CONTENT="to" WC="1.00" CC="00"/>
						<SP ID="P95_SP00021" HPOS="887" VPOS="766" WIDTH="17"/>
						<String ID="P95_ST00025" HPOS="904" VPOS="718" WIDTH="71" HEIGHT="37" CONTENT="the" WC="1.00" CC="000"/>
						<SP ID="P95_SP00022" HPOS="975" VPOS="766" WIDTH="17"/>
						<String ID="P95_ST00026" HPOS="992" VPOS="718" WIDTH="131" HEIGHT="46" CONTENT="belfry" WC="0.99" CC="020005"/>
						<SP ID="P95_SP00023" HPOS="1123" VPOS="766" WIDTH="17"/>
						<String ID="P95_ST00027" HPOS="1140" VPOS="718" WIDTH="41" HEIGHT="37" CONTENT="of" WC="0.70" CC="31"/>
						<SP ID="P95_SP00024" HPOS="1181" VPOS="766" WIDTH="16"/>
						<String ID="P95_ST00028" HPOS="1197" VPOS="719" WIDTH="70" HEIGHT="37" CONTENT="the" WC="0.99" CC="001"/>
						<SP ID="P95_SP00025" HPOS="1267" VPOS="766" WIDTH="19"/>
						<String ID="P95_ST00029" HPOS="1286" VPOS="720" WIDTH="96" HEIGHT="44" CONTENT="mill," WC="0.99" CC="03003"/>
						<SP ID="P95_SP00026" HPOS="1382" VPOS="766" WIDTH="20"/>
						<String ID="P95_ST00030" HPOS="1402" VPOS="720" WIDTH="81" HEIGHT="37" CONTENT="and" WC="0.98" CC="004"/>
						<SP ID="P95_SP00027" HPOS="1483" VPOS="766" WIDTH="17"/>
						<String ID="P95_ST00031" HPOS="1500" VPOS="721" WIDTH="124" HEIGHT="44" CONTENT="there," WC="1.00" CC="000004"/>
						<SP ID="P95_SP00028" HPOS="1624" VPOS="766" WIDTH="20"/>
						<String ID="P95_ST00032" HPOS="1644" VPOS="722" WIDTH="91" HEIGHT="36" CONTENT="shot" WC="1.00" CC="1000"/>
						<SP ID="P95_SP00029" HPOS="1735" VPOS="766" WIDTH="27"/>
						<String ID="P95_ST00033" HPOS="1762" VPOS="722" WIDTH="158" HEIGHT="38" CONTENT="himself" WC="0.99" CC="0005043"/>
						<SP ID="P95_SP00030" HPOS="1920" VPOS="766" WIDTH="15"/>
						<String ID="P95_ST00034" HPOS="1935" VPOS="723" WIDTH="177" HEIGHT="48" CONTENT="through" WC="1.00" CC="0000700"/>
						<SP ID="P95_SP00031" HPOS="2112" VPOS="771" WIDTH="21"/>
						<String ID="P95_ST00035" HPOS="2133" VPOS="723" WIDTH="71" HEIGHT="37" CONTENT="the" WC="0.99" CC="001"/>
					</TextLine>
					<TextLine ID="P95_TL00005" HPOS="489" VPOS="779" WIDTH="126" HEIGHT="38">
						<String ID="P95_ST00036" HPOS="489" VPOS="779" WIDTH="126" HEIGHT="38" CONTENT="heart." WC="1.00" CC="000302"/>
					</TextLine>
					<TextLine ID="P95_TL00006" HPOS="388" VPOS="842" WIDTH="467" HEIGHT="49">
						<String ID="P95_ST00037" HPOS="388" VPOS="843" WIDTH="114" HEIGHT="36" CONTENT="Anne" WC="0.98" CC="2800"/>
						<SP ID="P95_SP00032" HPOS="502" VPOS="879" WIDTH="26"/>
						<String ID="P95_ST00038" HPOS="528" VPOS="855" WIDTH="81" HEIGHT="25" CONTENT="was" WC="1.00" CC="000"/>
						<SP ID="P95_SP00033" HPOS="609" VPOS="880" WIDTH="28"/>
						<String ID="P95_ST00039" HPOS="637" VPOS="842" WIDTH="218" HEIGHT="49" CONTENT="desperate." WC="1.00" CC="3003040003"/>
					</TextLine>
					<TextLine ID="P95_TL00007" HPOS="385" VPOS="905" WIDTH="1815" HEIGHT="52">
						<String ID="P95_ST00040" HPOS="385" VPOS="905" WIDTH="155" HEIGHT="48" CONTENT="During" WC="0.98" CC="774005"/>
						<SP ID="P95_SP00034" HPOS="540" VPOS="953" WIDTH="17"/>
						<String ID="P95_ST00041" HPOS="557" VPOS="906" WIDTH="71" HEIGHT="36" CONTENT="her" WC="1.00" CC="000"/>
						<SP ID="P95_SP00035" HPOS="628" VPOS="953" WIDTH="17"/>
						<String ID="P95_ST00042" HPOS="645" VPOS="910" WIDTH="161" HEIGHT="43" CONTENT="present" WC="0.99" CC="5030060"/>
						<SP ID="P95_SP00036" HPOS="806" VPOS="953" WIDTH="18"/>
						<String ID="P95_ST00043" HPOS="824" VPOS="905" WIDTH="144" HEIGHT="45" CONTENT="illness," WC="0.99" CC="03260324"/>
						<SP ID="P95_SP00037" HPOS="968" VPOS="953" WIDTH="21"/>
						<String ID="P95_ST00044" HPOS="989" VPOS="906" WIDTH="70" HEIGHT="37" CONTENT="her" WC="0.99" CC="003"/>
						<SP ID="P95_SP00038" HPOS="1059" VPOS="953" WIDTH="30"/>
						<String ID="P95_ST00045" HPOS="1089" VPOS="907" WIDTH="90" HEIGHT="44" CONTENT="last," WC="0.99" CC="00004"/>
						<SP ID="P95_SP00039" HPOS="1179" VPOS="953" WIDTH="35"/>
						<String ID="P95_ST00046" HPOS="1214" VPOS="907" WIDTH="75" HEIGHT="37" CONTENT="but" WC="0.98" CC="060"/>
						<SP ID="P95_SP00040" HPOS="1289" VPOS="953" WIDTH="31"/>
						<String ID="P95_ST00047" HPOS="1320" VPOS="907" WIDTH="134" HEIGHT="37" CONTENT="before" WC="0.99" CC="021123"/>
						<SP ID="P95_SP00041" HPOS="1454" VPOS="953" WIDTH="31"/>
						<String ID="P95_ST00048" HPOS="1485" VPOS="908" WIDTH="70" HEIGHT="37" CONTENT="her" WC="0.98" CC="023"/>
						<SP ID="P95_SP00042" HPOS="1555" VPOS="953" WIDTH="30"/>
						<String ID="P95_ST00049" HPOS="1585" VPOS="910" WIDTH="258" HEIGHT="47" CONTENT="prostration," WC="1.00" CC="003005000002"/>
						<SP ID="P95_SP00043" HPOS="1843" VPOS="957" WIDTH="29"/>
						<String ID="P95_ST00050" HPOS="1872" VPOS="910" WIDTH="70" HEIGHT="38" CONTENT="she" WC="1.00" CC="000"/>
						<SP ID="P95_SP00044" HPOS="1942" VPOS="957" WIDTH="32"/>
						<String ID="P95_ST00051" HPOS="1974" VPOS="910" WIDTH="81" HEIGHT="38" CONTENT="had" WC="1.00" CC="000"/>
						<SP ID="P95_SP00045" HPOS="2055" VPOS="957" WIDTH="33"/>
						<String ID="P95_ST00052" HPOS="2088" VPOS="911" WIDTH="112" HEIGHT="37" CONTENT="often" WC="0.99" CC="02006"/>
					</TextLine>
					<TextLine ID="P95_TL00008" HPOS="486" VPOS="968" WIDTH="1662" HEIGHT="53">
						<String ID="P95_ST00053" HPOS="486" VPOS="968" WIDTH="135" HEIGHT="37" CONTENT="tossed" WC="1.00" CC="000000"/>
						<SP ID="P95_SP00046" HPOS="621" VPOS="1005" WIDTH="19"/>
						<String ID="P95_ST00054" HPOS="640" VPOS="969" WIDTH="70" HEIGHT="43" CONTENT="hex" WC="0.92" CC="776"/>
						<SP ID="P95_SP00047" HPOS="710" VPOS="1012" WIDTH="17"/>
						<String ID="P95_ST00055" HPOS="727" VPOS="969" WIDTH="108" HEIGHT="47" CONTENT="rings" WC="0.95" CC="75966"/>
						<SP ID="P95_SP00048" HPOS="835" VPOS="1016" WIDTH="21"/>
						<String ID="P95_ST00056" HPOS="856" VPOS="969" WIDTH="105" HEIGHT="36" CONTENT="from" WC="1.00" CC="2000"/>
						<SP ID="P95_SP00049" HPOS="961" VPOS="1016" WIDTH="27"/>
						<String ID="P95_ST00057" HPOS="988" VPOS="969" WIDTH="71" HEIGHT="36" CONTENT="her" WC="1.00" CC="000"/>
						<SP ID="P95_SP00050" HPOS="1059" VPOS="1016" WIDTH="37"/>
						<String ID="P95_ST00058" HPOS="1096" VPOS="969" WIDTH="155" HEIGHT="48" CONTENT="fingers," WC="0.99" CC="86500003"/>
						<SP ID="P95_SP00051" HPOS="1251" VPOS="1017" WIDTH="24"/>
						<String ID="P95_ST00059" HPOS="1275" VPOS="974" WIDTH="45" HEIGHT="33" CONTENT="to" WC="1.00" CC="00"/>
						<SP ID="P95_SP00052" HPOS="1320" VPOS="1017" WIDTH="24"/>
						<String ID="P95_ST00060" HPOS="1344" VPOS="982" WIDTH="64" HEIGHT="26" CONTENT="see" WC="0.98" CC="201"/>
						<SP ID="P95_SP00053" HPOS="1408" VPOS="1017" WIDTH="21"/>
						<String ID="P95_ST00061" HPOS="1429" VPOS="971" WIDTH="71" HEIGHT="37" CONTENT="the" WC="1.00" CC="000"/>
						<SP ID="P95_SP00054" HPOS="1500" VPOS="1017" WIDTH="32"/>
						<String ID="P95_ST00062" HPOS="1532" VPOS="972" WIDTH="107" HEIGHT="47" CONTENT="rings" WC="0.99" CC="00500"/>
						<SP ID="P95_SP00055" HPOS="1639" VPOS="1019" WIDTH="34"/>
						<String ID="P95_ST00063" HPOS="1673" VPOS="972" WIDTH="145" HEIGHT="45" CONTENT="hurtle," WC="0.99" CC="0700024"/>
						<SP ID="P95_SP00056" HPOS="1818" VPOS="1019" WIDTH="28"/>
						<String ID="P95_ST00064" HPOS="1846" VPOS="972" WIDTH="80" HEIGHT="38" CONTENT="and" WC="0.97" CC="060"/>
						<SP ID="P95_SP00057" HPOS="1926" VPOS="1019" WIDTH="21"/>
						<String ID="P95_ST00065" HPOS="1947" VPOS="977" WIDTH="45" HEIGHT="33" CONTENT="to" WC="0.81" CC="03"/>
						<SP ID="P95_SP00058" HPOS="1992" VPOS="1019" WIDTH="22"/>
						<String ID="P95_ST00066" HPOS="2014" VPOS="973" WIDTH="134" HEIGHT="48" CONTENT="laugh." WC="0.99" CC="107003"/>
					</TextLine>
					<TextLine ID="P95_TL00009" HPOS="385" VPOS="1030" WIDTH="581" HEIGHT="48">
						<String ID="P95_ST00067" HPOS="385" VPOS="1032" WIDTH="20" HEIGHT="35" CONTENT="I" WC="0.44" CC="5"/>
						<SP ID="P95_SP00059" HPOS="405" VPOS="1067" WIDTH="29"/>
						<String ID="P95_ST00068" HPOS="434" VPOS="1030" WIDTH="218" HEIGHT="38" CONTENT="overheard" WC="1.00" CC="330200030"/>
						<SP ID="P95_SP00060" HPOS="652" VPOS="1068" WIDTH="27"/>
						<String ID="P95_ST00069" HPOS="679" VPOS="1031" WIDTH="113" HEIGHT="37" CONTENT="these" WC="1.00" CC="00102"/>
						<SP ID="P95_SP00061" HPOS="792" VPOS="1068" WIDTH="26"/>
						<String ID="P95_ST00070" HPOS="818" VPOS="1031" WIDTH="148" HEIGHT="47" CONTENT="things." WC="0.99" CC="0005043"/>
					</TextLine>
					<TextLine ID="P95_TL00010" HPOS="386" VPOS="1092" WIDTH="851" HEIGHT="49">
						<String ID="P95_ST00071" HPOS="386" VPOS="1094" WIDTH="20" HEIGHT="35" CONTENT="I" WC="0.77" CC="2"/>
						<SP ID="P95_SP00062" HPOS="406" VPOS="1129" WIDTH="29"/>
						<String ID="P95_ST00072" HPOS="435" VPOS="1092" WIDTH="217" HEIGHT="38" CONTENT="overheard" WC="1.00" CC="030402030"/>
						<SP ID="P95_SP00063" HPOS="652" VPOS="1130" WIDTH="27"/>
						<String ID="P95_ST00073" HPOS="679" VPOS="1092" WIDTH="137" HEIGHT="49" CONTENT="things" WC="1.00" CC="000500"/>
						<SP ID="P95_SP00064" HPOS="816" VPOS="1141" WIDTH="27"/>
						<String ID="P95_ST00074" HPOS="843" VPOS="1094" WIDTH="115" HEIGHT="37" CONTENT="other" WC="1.00" CC="00012"/>
						<SP ID="P95_SP00065" HPOS="958" VPOS="1141" WIDTH="27"/>
						<String ID="P95_ST00075" HPOS="985" VPOS="1094" WIDTH="102" HEIGHT="37" CONTENT="than" WC="0.98" CC="0007"/>
						<SP ID="P95_SP00066" HPOS="1087" VPOS="1141" WIDTH="26"/>
						<String ID="P95_ST00076" HPOS="1113" VPOS="1095" WIDTH="124" HEIGHT="37" CONTENT="these." WC="1.00" CC="000003"/>
					</TextLine>
					<TextLine ID="P95_TL00011" HPOS="386" VPOS="1207" WIDTH="1819" HEIGHT="51">
						<String ID="P95_ST00077" HPOS="386" VPOS="1209" WIDTH="42" HEIGHT="35" CONTENT="It" WC="0.65" CC="70"/>
						<SP ID="P95_SP00067" HPOS="428" VPOS="1244" WIDTH="27"/>
						<String ID="P95_ST00078" HPOS="455" VPOS="1220" WIDTH="82" HEIGHT="25" CONTENT="was" WC="1.00" CC="000"/>
						<SP ID="P95_SP00068" HPOS="537" VPOS="1245" WIDTH="29"/>
						<String ID="P95_ST00079" HPOS="566" VPOS="1207" WIDTH="244" HEIGHT="45" CONTENT="mentioned," WC="1.00" CC="0050006004"/>
						<SP ID="P95_SP00069" HPOS="810" VPOS="1252" WIDTH="30"/>
						<String ID="P95_ST00080" HPOS="840" VPOS="1209" WIDTH="94" HEIGHT="36" CONTENT="that" WC="1.00" CC="2000"/>
						<SP ID="P95_SP00070" HPOS="934" VPOS="1252" WIDTH="30"/>
						<String ID="P95_ST00081" HPOS="964" VPOS="1209" WIDTH="223" HEIGHT="49" CONTENT="afternoon," WC="0.99" CC="0202058044"/>
						<SP ID="P95_SP00071" HPOS="1187" VPOS="1258" WIDTH="44"/>
						<String ID="P95_ST00082" HPOS="1231" VPOS="1211" WIDTH="93" HEIGHT="36" CONTENT="that" WC="1.00" CC="0000"/>
						<SP ID="P95_SP00072" HPOS="1324" VPOS="1258" WIDTH="45"/>
						<String ID="P95_ST00083" HPOS="1369" VPOS="1223" WIDTH="122" HEIGHT="34" CONTENT="every" WC="0.99" CC="00044"/>
						<SP ID="P95_SP00073" HPOS="1491" VPOS="1258" WIDTH="29"/>
						<String ID="P95_ST00084" HPOS="1520" VPOS="1211" WIDTH="81" HEIGHT="47" CONTENT="day" WC="1.00" CC="000"/>
						<SP ID="P95_SP00074" HPOS="1601" VPOS="1258" WIDTH="29"/>
						<String ID="P95_ST00085" HPOS="1630" VPOS="1225" WIDTH="23" HEIGHT="24" CONTENT="a" WC="1.00" CC="0"/>
						<SP ID="P95_SP00075" HPOS="1653" VPOS="1258" WIDTH="30"/>
						<String ID="P95_ST00086" HPOS="1683" VPOS="1212" WIDTH="154" HEIGHT="38" CONTENT="certain" WC="0.99" CC="4000006"/>
						<SP ID="P95_SP00076" HPOS="1837" VPOS="1258" WIDTH="28"/>
						<String ID="P95_ST00087" HPOS="1865" VPOS="1214" WIDTH="204" HEIGHT="37" CONTENT="unknown" WC="0.98" CC="6526006"/>
						<SP ID="P95_SP00077" HPOS="2069" VPOS="1258" WIDTH="27"/>
						<String ID="P95_ST00088" HPOS="2096" VPOS="1214" WIDTH="109" HEIGHT="37" CONTENT="lover" WC="1.00" CC="00020"/>
					</TextLine>
					<TextLine ID="P95_TL00012" HPOS="486" VPOS="1270" WIDTH="799" HEIGHT="49">
						<String ID="P95_ST00089" HPOS="486" VPOS="1274" WIDTH="90" HEIGHT="33" CONTENT="sent" WC="0.98" CC="0250"/>
						<SP ID="P95_SP00078" HPOS="576" VPOS="1307" WIDTH="28"/>
						<String ID="P95_ST00090" HPOS="604" VPOS="1270" WIDTH="71" HEIGHT="37" CONTENT="her" WC="0.99" CC="002"/>
						<SP ID="P95_SP00079" HPOS="675" VPOS="1307" WIDTH="25"/>
						<String ID="P95_ST00091" HPOS="700" VPOS="1271" WIDTH="156" HEIGHT="44" CONTENT="violets," WC="0.99" CC="00303004"/>
						<SP ID="P95_SP00080" HPOS="856" VPOS="1315" WIDTH="31"/>
						<String ID="P95_ST00092" HPOS="887" VPOS="1284" WIDTH="44" HEIGHT="24" CONTENT="or" WC="1.00" CC="00"/>
						<SP ID="P95_SP00081" HPOS="931" VPOS="1315" WIDTH="27"/>
						<String ID="P95_ST00093" HPOS="958" VPOS="1272" WIDTH="176" HEIGHT="47" CONTENT="brought" WC="0.99" CC="0146000"/>
						<SP ID="P95_SP00082" HPOS="1134" VPOS="1319" WIDTH="26"/>
						<String ID="P95_ST00094" HPOS="1160" VPOS="1273" WIDTH="125" HEIGHT="37" CONTENT="them." WC="0.99" CC="00403"/>
					</TextLine>
					<TextLine ID="P95_TL00013" HPOS="387" VPOS="1332" WIDTH="927" HEIGHT="51">
						<String ID="P95_ST00095" HPOS="387" VPOS="1332" WIDTH="85" HEIGHT="37" CONTENT="The" WC="0.96" CC="703"/>
						<SP ID="P95_SP00083" HPOS="472" VPOS="1369" WIDTH="24"/>
						<String ID="P95_ST00096" HPOS="496" VPOS="1332" WIDTH="178" HEIGHT="47" CONTENT="identity" WC="1.00" CC="00040000"/>
						<SP ID="P95_SP00084" HPOS="674" VPOS="1379" WIDTH="28"/>
						<String ID="P95_ST00097" HPOS="702" VPOS="1333" WIDTH="41" HEIGHT="37" CONTENT="of" WC="0.88" CC="20"/>
						<SP ID="P95_SP00085" HPOS="743" VPOS="1379" WIDTH="26"/>
						<String ID="P95_ST00098" HPOS="769" VPOS="1334" WIDTH="71" HEIGHT="37" CONTENT="the" WC="1.00" CC="000"/>
						<SP ID="P95_SP00086" HPOS="840" VPOS="1379" WIDTH="28"/>
						<String ID="P95_ST00099" HPOS="868" VPOS="1346" WIDTH="96" HEIGHT="25" CONTENT="man" WC="0.98" CC="005"/>
						<SP ID="P95_SP00087" HPOS="964" VPOS="1379" WIDTH="27"/>
						<String ID="P95_ST00100" HPOS="991" VPOS="1347" WIDTH="81" HEIGHT="25" CONTENT="was" WC="1.00" CC="000"/>
						<SP ID="P95_SP00088" HPOS="1072" VPOS="1379" WIDTH="27"/>
						<String ID="P95_ST00101" HPOS="1099" VPOS="1335" WIDTH="215" HEIGHT="48" CONTENT="pondered." WC="1.00" CC="004002103"/>
					</TextLine>
					<TextLine ID="P95_TL00014" HPOS="385" VPOS="1447" WIDTH="960" HEIGHT="42">
						<String ID="P95_ST00102" HPOS="385" VPOS="1449" WIDTH="41" HEIGHT="35" CONTENT="It" WC="0.76" CC="40"/>
						<SP ID="P95_SP00089" HPOS="426" VPOS="1484" WIDTH="28"/>
						<String ID="P95_ST00103" HPOS="454" VPOS="1459" WIDTH="82" HEIGHT="25" CONTENT="was" WC="1.00" CC="000"/>
						<SP ID="P95_SP00090" HPOS="536" VPOS="1484" WIDTH="26"/>
						<String ID="P95_ST00104" HPOS="562" VPOS="1447" WIDTH="43" HEIGHT="37" CONTENT="in" WC="0.67" CC="06"/>
						<SP ID="P95_SP00091" HPOS="605" VPOS="1484" WIDTH="26"/>
						<String ID="P95_ST00105" HPOS="631" VPOS="1447" WIDTH="122" HEIGHT="38" CONTENT="latter" WC="0.99" CC="300004"/>
						<SP ID="P95_SP00092" HPOS="753" VPOS="1485" WIDTH="27"/>
						<String ID="P95_ST00106" HPOS="780" VPOS="1452" WIDTH="173" HEIGHT="34" CONTENT="autumn" WC="0.98" CC="070606"/>
						<SP ID="P95_SP00093" HPOS="953" VPOS="1486" WIDTH="26"/>
						<String ID="P95_ST00107" HPOS="979" VPOS="1450" WIDTH="93" HEIGHT="37" CONTENT="that" WC="1.00" CC="0000"/>
						<SP ID="P95_SP00094" HPOS="1072" VPOS="1487" WIDTH="26"/>
						<String ID="P95_ST00108" HPOS="1098" VPOS="1450" WIDTH="116" HEIGHT="37" CONTENT="Anne" WC="0.98" CC="0360"/>
						<SP ID="P95_SP00095" HPOS="1214" VPOS="1487" WIDTH="27"/>
						<String ID="P95_ST00109" HPOS="1241" VPOS="1451" WIDTH="104" HEIGHT="38" CONTENT="died." WC="1.00" CC="00004"/>
					</TextLine>
					<TextLine ID="P95_TL00015" HPOS="385" VPOS="1510" WIDTH="923" HEIGHT="47">
						<String ID="P95_ST00110" HPOS="385" VPOS="1512" WIDTH="20" HEIGHT="34" CONTENT="I" WC="0.66" CC="3"/>
						<SP ID="P95_SP00096" HPOS="405" VPOS="1546" WIDTH="19"/>
						<String ID="P95_ST00111" HPOS="424" VPOS="1510" WIDTH="220" HEIGHT="38" CONTENT="remember" WC="0.99" CC="60000700"/>
						<SP ID="P95_SP00097" HPOS="644" VPOS="1548" WIDTH="17"/>
						<String ID="P95_ST00112" HPOS="661" VPOS="1511" WIDTH="72" HEIGHT="37" CONTENT="the" WC="0.99" CC="200"/>
						<SP ID="P95_SP00098" HPOS="733" VPOS="1548" WIDTH="18"/>
						<String ID="P95_ST00113" HPOS="751" VPOS="1511" WIDTH="81" HEIGHT="46" CONTENT="day" WC="1.00" CC="000"/>
						<SP ID="P95_SP00099" HPOS="832" VPOS="1557" WIDTH="16"/>
						<String ID="P95_ST00114" HPOS="848" VPOS="1512" WIDTH="93" HEIGHT="37" CONTENT="that" WC="1.00" CC="0000"/>
						<SP ID="P95_SP00100" HPOS="941" VPOS="1557" WIDTH="21"/>
						<String ID="P95_ST00115" HPOS="962" VPOS="1513" WIDTH="70" HEIGHT="36" CONTENT="she" WC="1.00" CC="000"/>
						<SP ID="P95_SP00101" HPOS="1032" VPOS="1557" WIDTH="19"/>
						<String ID="P95_ST00116" HPOS="1051" VPOS="1525" WIDTH="81" HEIGHT="25" CONTENT="was" WC="1.00" CC="000"/>
						<SP ID="P95_SP00102" HPOS="1132" VPOS="1557" WIDTH="23"/>
						<String ID="P95_ST00117" HPOS="1155" VPOS="1513" WIDTH="153" HEIGHT="38" CONTENT="buried." WC="0.99" CC="0760003"/>
					</TextLine>
					<TextLine ID="P95_TL00016" HPOS="385" VPOS="1573" WIDTH="895" HEIGHT="48">
						<String ID="P95_ST00118" HPOS="385" VPOS="1575" WIDTH="40" HEIGHT="34" CONTENT="It" WC="0.78" CC="40"/>
						<SP ID="P95_SP00103" HPOS="425" VPOS="1609" WIDTH="21"/>
						<String ID="P95_ST00119" HPOS="446" VPOS="1585" WIDTH="82" HEIGHT="26" CONTENT="was" WC="1.00" CC="000"/>
						<SP ID="P95_SP00104" HPOS="528" VPOS="1611" WIDTH="18"/>
						<String ID="P95_ST00120" HPOS="546" VPOS="1573" WIDTH="201" HEIGHT="38" CONTENT="uncloted." WC="0.81" CC="640010003"/>
						<SP ID="P95_SP00105" HPOS="747" VPOS="1611" WIDTH="32"/>
						<String ID="P95_ST00121" HPOS="779" VPOS="1576" WIDTH="40" HEIGHT="35" CONTENT="It" WC="0.91" CC="10"/>
						<SP ID="P95_SP00106" HPOS="819" VPOS="1611" WIDTH="20"/>
						<String ID="P95_ST00122" HPOS="839" VPOS="1586" WIDTH="82" HEIGHT="25" CONTENT="was" WC="0.99" CC="003"/>
						<SP ID="P95_SP00107" HPOS="921" VPOS="1611" WIDTH="20"/>
						<String ID="P95_ST00123" HPOS="941" VPOS="1575" WIDTH="150" HEIGHT="46" CONTENT="cruelly" WC="0.99" CC="1260200"/>
						<SP ID="P95_SP00108" HPOS="1091" VPOS="1621" WIDTH="29"/>
						<String ID="P95_ST00124" HPOS="1120" VPOS="1576" WIDTH="104" HEIGHT="37" CONTENT="clear" WC="1.00" CC="00000"/>
						<SP ID="P95_SP00109" HPOS="1224" VPOS="1621" WIDTH="15"/>
						<String ID="P95_ST00125" HPOS="1239" VPOS="1599" WIDTH="41" HEIGHT="4" CONTENT="—" WC="0.20" CC="8"/>
					</TextLine>
					<TextLine ID="P95_TL00017" HPOS="383" VPOS="1636" WIDTH="1169" HEIGHT="52">
						<String ID="P95_ST00126" HPOS="383" VPOS="1636" WIDTH="70" HEIGHT="36" CONTENT="the" WC="1.00" CC="001"/>
						<SP ID="P95_SP00110" HPOS="453" VPOS="1672" WIDTH="26"/>
						<String ID="P95_ST00127" HPOS="479" VPOS="1647" WIDTH="76" HEIGHT="26" CONTENT="sun" WC="0.95" CC="074"/>
						<SP ID="P95_SP00111" HPOS="555" VPOS="1673" WIDTH="28"/>
						<String ID="P95_ST00128" HPOS="583" VPOS="1636" WIDTH="196" HEIGHT="37" CONTENT="absorbed" WC="1.00" CC="07100200"/>
						<SP ID="P95_SP00112" HPOS="779" VPOS="1673" WIDTH="25"/>
						<String ID="P95_ST00129" HPOS="804" VPOS="1637" WIDTH="43" HEIGHT="37" CONTENT="in" WC="0.64" CC="07"/>
						<SP ID="P95_SP00113" HPOS="847" VPOS="1674" WIDTH="30"/>
						<String ID="P95_ST00130" HPOS="877" VPOS="1638" WIDTH="198" HEIGHT="48" CONTENT="thoughts" WC="1.00" CC="00050002"/>
						<SP ID="P95_SP00114" HPOS="1075" VPOS="1686" WIDTH="27"/>
						<String ID="P95_ST00131" HPOS="1102" VPOS="1639" WIDTH="41" HEIGHT="36" CONTENT="of" WC="0.92" CC="01"/>
						<SP ID="P95_SP00115" HPOS="1143" VPOS="1686" WIDTH="16"/>
						<String ID="P95_ST00132" HPOS="1159" VPOS="1639" WIDTH="54" HEIGHT="38" CONTENT="its" WC="0.99" CC="001"/>
						<SP ID="P95_SP00116" HPOS="1213" VPOS="1686" WIDTH="27"/>
						<String ID="P95_ST00133" HPOS="1240" VPOS="1652" WIDTH="89" HEIGHT="24" CONTENT="own" WC="0.98" CC="006"/>
						<SP ID="P95_SP00117" HPOS="1329" VPOS="1686" WIDTH="26"/>
						<String ID="P95_ST00134" HPOS="1355" VPOS="1640" WIDTH="197" HEIGHT="48" CONTENT="splendor." WC="1.00" CC="000060303"/>
					</TextLine>
					<TextLine ID="P95_TL00018" HPOS="387" VPOS="1698" WIDTH="941" HEIGHT="49">
						<String ID="P95_ST00135" HPOS="387" VPOS="1698" WIDTH="92" HEIGHT="38" CONTENT="And" WC="0.98" CC="050"/>
						<SP ID="P95_SP00118" HPOS="479" VPOS="1736" WIDTH="15"/>
						<String ID="P95_ST00136" HPOS="494" VPOS="1698" WIDTH="33" HEIGHT="37" CONTENT="it" WC="1.00" CC="00"/>
						<SP ID="P95_SP00119" HPOS="527" VPOS="1736" WIDTH="18"/>
						<String ID="P95_ST00137" HPOS="545" VPOS="1712" WIDTH="81" HEIGHT="24" CONTENT="was" WC="1.00" CC="000"/>
						<SP ID="P95_SP00120" HPOS="626" VPOS="1736" WIDTH="21"/>
						<String ID="P95_ST00138" HPOS="647" VPOS="1700" WIDTH="101" HEIGHT="44" CONTENT="cold," WC="0.99" CC="10204"/>
						<SP ID="P95_SP00121" HPOS="748" VPOS="1744" WIDTH="24"/>
						<String ID="P95_ST00139" HPOS="772" VPOS="1700" WIDTH="150" HEIGHT="46" CONTENT="cruelly" WC="0.99" CC="0140020"/>
						<SP ID="P95_SP00122" HPOS="922" VPOS="1746" WIDTH="27"/>
						<String ID="P95_ST00140" HPOS="949" VPOS="1701" WIDTH="101" HEIGHT="38" CONTENT="cold." WC="0.99" CC="10204"/>
						<SP ID="P95_SP00123" HPOS="1050" VPOS="1746" WIDTH="34"/>
						<String ID="P95_ST00141" HPOS="1084" VPOS="1701" WIDTH="85" HEIGHT="39" CONTENT="The" WC="0.97" CC="700"/>
						<SP ID="P95_SP00124" HPOS="1169" VPOS="1746" WIDTH="20"/>
						<String ID="P95_ST00142" HPOS="1189" VPOS="1702" WIDTH="139" HEIGHT="45" CONTENT="winds," WC="1.00" CC="000003"/>
					</TextLine>
					<TextLine ID="P95_TL00019" HPOS="384" VPOS="1760" WIDTH="858" HEIGHT="53">
						<String ID="P95_ST00143" HPOS="384" VPOS="1760" WIDTH="169" HEIGHT="49" CONTENT="mighty," WC="0.99" CC="0060004"/>
						<SP ID="P95_SP00125" HPOS="553" VPOS="1809" WIDTH="29"/>
						<String ID="P95_ST00144" HPOS="582" VPOS="1762" WIDTH="219" HEIGHT="45" CONTENT="saturnine," WC="0.99" CC="0007500544"/>
						<SP ID="P95_SP00126" HPOS="801" VPOS="1809" WIDTH="30"/>
						<String ID="P95_ST00145" HPOS="831" VPOS="1762" WIDTH="81" HEIGHT="38" CONTENT="and" WC="0.98" CC="050"/>
						<SP ID="P95_SP00127" HPOS="912" VPOS="1809" WIDTH="27"/>
						<String ID="P95_ST00146" HPOS="939" VPOS="1765" WIDTH="303" HEIGHT="48" CONTENT="unscrupulous," WC="0.99" CC="7605080600614"/>
					</TextLine>
					<TextLine ID="P95_TL00020" HPOS="383" VPOS="1824" WIDTH="1239" HEIGHT="49">
						<String ID="P95_ST00147" HPOS="383" VPOS="1824" WIDTH="118" HEIGHT="37" CONTENT="made" WC="1.00" CC="0001"/>
						<SP ID="P95_SP00128" HPOS="501" VPOS="1861" WIDTH="26"/>
						<String ID="P95_ST00148" HPOS="527" VPOS="1825" WIDTH="70" HEIGHT="36" CONTENT="the" WC="1.00" CC="000"/>
						<SP ID="P95_SP00129" HPOS="597" VPOS="1861" WIDTH="27"/>
						<String ID="P95_ST00149" HPOS="624" VPOS="1825" WIDTH="133" HEIGHT="38" CONTENT="leaves" WC="1.00" CC="300000"/>
						<SP ID="P95_SP00130" HPOS="757" VPOS="1863" WIDTH="26"/>
						<String ID="P95_ST00150" HPOS="783" VPOS="1838" WIDTH="149" HEIGHT="35" CONTENT="scurry," WC="0.99" CC="0371004"/>
						<SP ID="P95_SP00131" HPOS="932" VPOS="1873" WIDTH="30"/>
						<String ID="P95_ST00151" HPOS="962" VPOS="1828" WIDTH="138" HEIGHT="37" CONTENT="teased" WC="1.00" CC="000000"/>
						<SP ID="P95_SP00132" HPOS="1100" VPOS="1873" WIDTH="27"/>
						<String ID="P95_ST00152" HPOS="1127" VPOS="1829" WIDTH="124" HEIGHT="44" CONTENT="them," WC="0.99" CC="00004"/>
						<SP ID="P95_SP00133" HPOS="1251" VPOS="1873" WIDTH="29"/>
						<String ID="P95_ST00153" HPOS="1280" VPOS="1829" WIDTH="204" HEIGHT="38" CONTENT="wheedled" WC="1.00" CC="00000300"/>
						<SP ID="P95_SP00134" HPOS="1484" VPOS="1873" WIDTH="26"/>
						<String ID="P95_ST00154" HPOS="1510" VPOS="1830" WIDTH="112" HEIGHT="37" CONTENT="them" WC="0.98" CC="0009"/>
					</TextLine>
					<TextLine ID="P95_TL00021" HPOS="383" VPOS="1887" WIDTH="835" HEIGHT="49">
						<String ID="P95_ST00155" HPOS="383" VPOS="1889" WIDTH="69" HEIGHT="36" CONTENT="the" WC="1.00" CC="000"/>
						<SP ID="P95_SP00135" HPOS="452" VPOS="1925" WIDTH="28"/>
						<String ID="P95_ST00156" HPOS="480" VPOS="1887" WIDTH="124" HEIGHT="49" CONTENT="dying" WC="0.99" CC="00040"/>
						<SP ID="P95_SP00136" HPOS="604" VPOS="1936" WIDTH="27"/>
						<String ID="P95_ST00157" HPOS="631" VPOS="1901" WIDTH="44" HEIGHT="25" CONTENT="or" WC="0.79" CC="40"/>
						<SP ID="P95_SP00137" HPOS="675" VPOS="1936" WIDTH="26"/>
						<String ID="P95_ST00158" HPOS="701" VPOS="1890" WIDTH="70" HEIGHT="36" CONTENT="the" WC="1.00" CC="000"/>
						<SP ID="P95_SP00138" HPOS="771" VPOS="1936" WIDTH="28"/>
						<String ID="P95_ST00159" HPOS="799" VPOS="1890" WIDTH="114" HEIGHT="44" CONTENT="dead," WC="0.99" CC="00004"/>
						<SP ID="P95_SP00139" HPOS="913" VPOS="1936" WIDTH="29"/>
						<String ID="P95_ST00160" HPOS="942" VPOS="1891" WIDTH="71" HEIGHT="37" CONTENT="the" WC="0.99" CC="002"/>
						<SP ID="P95_SP00140" HPOS="1013" VPOS="1936" WIDTH="26"/>
						<String ID="P95_ST00161" HPOS="1039" VPOS="1891" WIDTH="179" HEIGHT="45" CONTENT="colorful," WC="0.99" CC="400050622"/>
					</TextLine>
					<TextLine ID="P95_TL00022" HPOS="383" VPOS="1952" WIDTH="1094" HEIGHT="45">
						<String ID="P95_ST00162" HPOS="383" VPOS="1952" WIDTH="69" HEIGHT="36" CONTENT="the" WC="0.99" CC="002"/>
						<SP ID="P95_SP00141" HPOS="452" VPOS="1988" WIDTH="28"/>
						<String ID="P95_ST00163" HPOS="480" VPOS="1952" WIDTH="94" HEIGHT="45" CONTENT="dun," WC="0.98" CC="0604"/>
						<SP ID="P95_SP00142" HPOS="574" VPOS="1997" WIDTH="31"/>
						<String ID="P95_ST00164" HPOS="605" VPOS="1965" WIDTH="44" HEIGHT="24" CONTENT="or" WC="0.82" CC="03"/>
						<SP ID="P95_SP00143" HPOS="649" VPOS="1997" WIDTH="26"/>
						<String ID="P95_ST00165" HPOS="675" VPOS="1956" WIDTH="87" HEIGHT="34" CONTENT="tore" WC="0.99" CC="0030"/>
						<SP ID="P95_SP00144" HPOS="762" VPOS="1997" WIDTH="26"/>
						<String ID="P95_ST00166" HPOS="788" VPOS="1954" WIDTH="115" HEIGHT="36" CONTENT="them" WC="1.00" CC="0000"/>
						<SP ID="P95_SP00145" HPOS="903" VPOS="1997" WIDTH="26"/>
						<String ID="P95_ST00167" HPOS="929" VPOS="1954" WIDTH="105" HEIGHT="37" CONTENT="from" WC="1.00" CC="0000"/>
						<SP ID="P95_SP00146" HPOS="1034" VPOS="1997" WIDTH="27"/>
						<String ID="P95_ST00168" HPOS="1061" VPOS="1955" WIDTH="70" HEIGHT="37" CONTENT="the" WC="1.00" CC="000"/>
						<SP ID="P95_SP00147" HPOS="1131" VPOS="1997" WIDTH="27"/>
						<String ID="P95_ST00169" HPOS="1158" VPOS="1955" WIDTH="177" HEIGHT="38" CONTENT="heedless" WC="1.00" CC="00004031"/>
						<SP ID="P95_SP00148" HPOS="1335" VPOS="1997" WIDTH="26"/>
						<String ID="P95_ST00170" HPOS="1361" VPOS="1959" WIDTH="116" HEIGHT="34" CONTENT="trees." WC="0.99" CC="013002"/>
					</TextLine>
					<TextLine ID="P95_TL00023" HPOS="384" VPOS="2014" WIDTH="983" HEIGHT="49">
						<String ID="P95_ST00171" HPOS="384" VPOS="2016" WIDTH="20" HEIGHT="35" CONTENT="I" WC="0.61" CC="3"/>
						<SP ID="P95_SP00149" HPOS="404" VPOS="2051" WIDTH="27"/>
						<String ID="P95_ST00172" HPOS="431" VPOS="2014" WIDTH="174" HEIGHT="48" CONTENT="lingered" WC="1.00" CC="00501100"/>
						<SP ID="P95_SP00150" HPOS="605" VPOS="2062" WIDTH="28"/>
						<String ID="P95_ST00173" HPOS="633" VPOS="2015" WIDTH="56" HEIGHT="46" CONTENT="by" WC="0.66" CC="60"/>
						<SP ID="P95_SP00151" HPOS="689" VPOS="2062" WIDTH="24"/>
						<String ID="P95_ST00174" HPOS="713" VPOS="2016" WIDTH="72" HEIGHT="37" CONTENT="the" WC="1.00" CC="000"/>
						<SP ID="P95_SP00152" HPOS="785" VPOS="2062" WIDTH="26"/>
						<String ID="P95_ST00175" HPOS="811" VPOS="2016" WIDTH="161" HEIGHT="38" CONTENT="church." WC="0.99" CC="0060103"/>
						<SP ID="P95_SP00153" HPOS="972" VPOS="2062" WIDTH="29"/>
						<String ID="P95_ST00176" HPOS="1001" VPOS="2020" WIDTH="20" HEIGHT="34" CONTENT="I" WC="1.00" CC="0"/>
						<SP ID="P95_SP00154" HPOS="1021" VPOS="2062" WIDTH="28"/>
						<String ID="P95_ST00177" HPOS="1049" VPOS="2018" WIDTH="168" HEIGHT="37" CONTENT="listened" WC="0.99" CC="00402600"/>
						<SP ID="P95_SP00155" HPOS="1217" VPOS="2062" WIDTH="26"/>
						<String ID="P95_ST00178" HPOS="1243" VPOS="2019" WIDTH="124" HEIGHT="44" CONTENT="there," WC="0.99" CC="002400"/>
					</TextLine>
					<TextLine ID="P95_TL00024" HPOS="383" VPOS="2079" WIDTH="866" HEIGHT="48">
						<String ID="P95_ST00179" HPOS="383" VPOS="2090" WIDTH="89" HEIGHT="24" CONTENT="now" WC="0.98" CC="500"/>
						<SP ID="P95_SP00156" HPOS="472" VPOS="2114" WIDTH="26"/>
						<String ID="P95_ST00180" HPOS="498" VPOS="2082" WIDTH="44" HEIGHT="33" CONTENT="to" WC="0.85" CC="02"/>
						<SP ID="P95_SP00157" HPOS="542" VPOS="2115" WIDTH="27"/>
						<String ID="P95_ST00181" HPOS="569" VPOS="2079" WIDTH="70" HEIGHT="36" CONTENT="the" WC="0.99" CC="002"/>
						<SP ID="P95_SP00158" HPOS="639" VPOS="2115" WIDTH="28"/>
						<String ID="P95_ST00182" HPOS="667" VPOS="2079" WIDTH="252" HEIGHT="48" CONTENT="modulating" WC="0.99" CC="0206400040"/>
						<SP ID="P95_SP00159" HPOS="919" VPOS="2127" WIDTH="27"/>
						<String ID="P95_ST00183" HPOS="946" VPOS="2093" WIDTH="139" HEIGHT="25" CONTENT="moans" WC="1.00" CC="00002"/>
						<SP ID="P95_SP00160" HPOS="1085" VPOS="2127" WIDTH="27"/>
						<String ID="P95_ST00184" HPOS="1112" VPOS="2081" WIDTH="137" HEIGHT="45" CONTENT="inside," WC="0.99" CC="0510002"/>
					</TextLine>
					<TextLine ID="P95_TL00025" HPOS="382" VPOS="2141" WIDTH="1056" HEIGHT="49">
						<String ID="P95_ST00185" HPOS="382" VPOS="2153" WIDTH="89" HEIGHT="24" CONTENT="now" WC="0.99" CC="300"/>
						<SP ID="P95_SP00161" HPOS="471" VPOS="2177" WIDTH="25"/>
						<String ID="P95_ST00186" HPOS="496" VPOS="2145" WIDTH="44" HEIGHT="33" CONTENT="to" WC="0.89" CC="02"/>
						<SP ID="P95_SP00162" HPOS="540" VPOS="2178" WIDTH="26"/>
						<String ID="P95_ST00187" HPOS="566" VPOS="2141" WIDTH="70" HEIGHT="37" CONTENT="the" WC="1.00" CC="000"/>
						<SP ID="P95_SP00163" HPOS="636" VPOS="2178" WIDTH="26"/>
						<String ID="P95_ST00188" HPOS="662" VPOS="2142" WIDTH="153" HEIGHT="38" CONTENT="shrieks" WC="1.00" CC="0000030"/>
						<SP ID="P95_SP00164" HPOS="815" VPOS="2180" WIDTH="28"/>
						<String ID="P95_ST00189" HPOS="843" VPOS="2143" WIDTH="170" HEIGHT="44" CONTENT="outside," WC="0.99" CC="35000002"/>
						<SP ID="P95_SP00165" HPOS="1013" VPOS="2187" WIDTH="29"/>
						<String ID="P95_ST00190" HPOS="1042" VPOS="2143" WIDTH="163" HEIGHT="38" CONTENT="uttered" WC="1.00" CC="6000100"/>
						<SP ID="P95_SP00166" HPOS="1205" VPOS="2187" WIDTH="25"/>
						<String ID="P95_ST00191" HPOS="1230" VPOS="2145" WIDTH="56" HEIGHT="45" CONTENT="by" WC="1.00" CC="00"/>
						<SP ID="P95_SP00167" HPOS="1286" VPOS="2190" WIDTH="26"/>
						<String ID="P95_ST00192" HPOS="1312" VPOS="2144" WIDTH="126" HEIGHT="38" CONTENT="winds" WC="0.99" CC="00600"/>
					</TextLine>
					<TextLine ID="P95_TL00026" HPOS="381" VPOS="2203" WIDTH="828" HEIGHT="51">
						<String ID="P95_ST00193" HPOS="381" VPOS="2203" WIDTH="141" HEIGHT="48" CONTENT="raking" WC="0.99" CC="300050"/>
						<SP ID="P95_SP00168" HPOS="522" VPOS="2251" WIDTH="30"/>
						<String ID="P95_ST00194" HPOS="552" VPOS="2205" WIDTH="71" HEIGHT="36" CONTENT="the" WC="1.00" CC="000"/>
						<SP ID="P95_SP00169" HPOS="623" VPOS="2251" WIDTH="25"/>
						<String ID="P95_ST00195" HPOS="648" VPOS="2204" WIDTH="71" HEIGHT="47" CONTENT="ivy" WC="1.00" CC="000"/>
						<SP ID="P95_SP00170" HPOS="719" VPOS="2251" WIDTH="27"/>
						<String ID="P95_ST00196" HPOS="746" VPOS="2218" WIDTH="52" HEIGHT="24" CONTENT="on" WC="0.69" CC="06"/>
						<SP ID="P95_SP00171" HPOS="798" VPOS="2251" WIDTH="25"/>
						<String ID="P95_ST00197" HPOS="823" VPOS="2206" WIDTH="71" HEIGHT="37" CONTENT="the" WC="1.00" CC="000"/>
						<SP ID="P95_SP00172" HPOS="894" VPOS="2251" WIDTH="26"/>
						<String ID="P95_ST00198" HPOS="920" VPOS="2211" WIDTH="112" HEIGHT="43" CONTENT="great" WC="1.00" CC="00000"/>
						<SP ID="P95_SP00173" HPOS="1032" VPOS="2254" WIDTH="26"/>
						<String ID="P95_ST00199" HPOS="1058" VPOS="2207" WIDTH="151" HEIGHT="38" CONTENT="facade." WC="0.99" CC="0040042"/>
					</TextLine>
					<TextLine ID="P95_TL00027" HPOS="381" VPOS="2267" WIDTH="862" HEIGHT="47">
						<String ID="P95_ST00200" HPOS="381" VPOS="2268" WIDTH="20" HEIGHT="35" CONTENT="I" WC="0.64" CC="3"/>
						<SP ID="P95_SP00174" HPOS="401" VPOS="2303" WIDTH="27"/>
						<String ID="P95_ST00201" HPOS="428" VPOS="2267" WIDTH="175" HEIGHT="47" CONTENT="lingered" WC="0.99" CC="10503000"/>
						<SP ID="P95_SP00175" HPOS="603" VPOS="2314" WIDTH="25"/>
						<String ID="P95_ST00202" HPOS="628" VPOS="2268" WIDTH="63" HEIGHT="36" CONTENT="till" WC="0.99" CC="0050"/>
						<SP ID="P95_SP00176" HPOS="691" VPOS="2314" WIDTH="25"/>
						<String ID="P95_ST00203" HPOS="716" VPOS="2268" WIDTH="70" HEIGHT="37" CONTENT="the" WC="0.99" CC="001"/>
						<SP ID="P95_SP00177" HPOS="786" VPOS="2314" WIDTH="26"/>
						<String ID="P95_ST00204" HPOS="812" VPOS="2269" WIDTH="169" HEIGHT="38" CONTENT="services" WC="1.00" CC="50000004"/>
						<SP ID="P95_SP00178" HPOS="981" VPOS="2314" WIDTH="27"/>
						<String ID="P95_ST00205" HPOS="1008" VPOS="2282" WIDTH="101" HEIGHT="25" CONTENT="were" WC="0.99" CC="0050"/>
						<SP ID="P95_SP00179" HPOS="1109" VPOS="2314" WIDTH="27"/>
						<String ID="P95_ST00206" HPOS="1136" VPOS="2282" WIDTH="107" HEIGHT="25" CONTENT="over." WC="0.98" CC="40413"/>
					</TextLine>
					<TextLine ID="P95_TL00028" HPOS="381" VPOS="2330" WIDTH="896" HEIGHT="40">
						<String ID="P95_ST00207" HPOS="381" VPOS="2331" WIDTH="20" HEIGHT="35" CONTENT="I" WC="0.60" CC="3"/>
						<SP ID="P95_SP00180" HPOS="401" VPOS="2366" WIDTH="28"/>
						<String ID="P95_ST00208" HPOS="429" VPOS="2341" WIDTH="82" HEIGHT="25" CONTENT="saw" WC="1.00" CC="100"/>
						<SP ID="P95_SP00181" HPOS="511" VPOS="2366" WIDTH="29"/>
						<String ID="P95_ST00209" HPOS="540" VPOS="2330" WIDTH="70" HEIGHT="37" CONTENT="the" WC="0.99" CC="003"/>
						<SP ID="P95_SP00182" HPOS="610" VPOS="2367" WIDTH="22"/>
						<String ID="P95_ST00210" HPOS="632" VPOS="2335" WIDTH="142" HEIGHT="33" CONTENT="ornate" WC="1.00" CC="005000"/>
						<SP ID="P95_SP00183" HPOS="774" VPOS="2368" WIDTH="26"/>
						<String ID="P95_ST00211" HPOS="800" VPOS="2332" WIDTH="148" HEIGHT="37" CONTENT="casket." WC="1.00" CC="0010001"/>
						<SP ID="P95_SP00184" HPOS="948" VPOS="2369" WIDTH="30"/>
						<String ID="P95_ST00212" HPOS="978" VPOS="2335" WIDTH="41" HEIGHT="34" CONTENT="It" WC="0.85" CC="20"/>
						<SP ID="P95_SP00185" HPOS="1019" VPOS="2369" WIDTH="28"/>
						<String ID="P95_ST00213" HPOS="1047" VPOS="2345" WIDTH="80" HEIGHT="24" CONTENT="was" WC="1.00" CC="000"/>
						<SP ID="P95_SP00186" HPOS="1127" VPOS="2369" WIDTH="27"/>
						<String ID="P95_ST00214" HPOS="1154" VPOS="2333" WIDTH="123" HEIGHT="37" CONTENT="borne" WC="0.99" CC="00160"/>
					</TextLine>
					<TextLine ID="P95_TL00029" HPOS="381" VPOS="2392" WIDTH="1025" HEIGHT="52">
						<String ID="P95_ST00215" HPOS="381" VPOS="2392" WIDTH="55" HEIGHT="47" CONTENT="by" WC="1.00" CC="00"/>
						<SP ID="P95_SP00187" HPOS="436" VPOS="2439" WIDTH="27"/>
						<String ID="P95_ST00216" HPOS="463" VPOS="2392" WIDTH="66" HEIGHT="37" CONTENT="old" WC="1.00" CC="000"/>
						<SP ID="P95_SP00188" HPOS="529" VPOS="2439" WIDTH="27"/>
						<String ID="P95_ST00217" HPOS="556" VPOS="2394" WIDTH="309" HEIGHT="48" CONTENT="acquaintances" WC="1.00" CC="0166004001500"/>
						<SP ID="P95_SP00189" HPOS="865" VPOS="2442" WIDTH="31"/>
						<String ID="P95_ST00218" HPOS="896" VPOS="2395" WIDTH="89" HEIGHT="37" CONTENT="who" WC="1.00" CC="000"/>
						<SP ID="P95_SP00190" HPOS="985" VPOS="2442" WIDTH="28"/>
						<String ID="P95_ST00219" HPOS="1013" VPOS="2395" WIDTH="134" HEIGHT="44" CONTENT="dared," WC="1.00" CC="000100"/>
						<SP ID="P95_SP00191" HPOS="1147" VPOS="2442" WIDTH="29"/>
						<String ID="P95_ST00220" HPOS="1176" VPOS="2397" WIDTH="230" HEIGHT="47" CONTENT="perchance," WC="1.00" CC="0003006000"/>
					</TextLine>
					<TextLine ID="P95_TL00030" HPOS="381" VPOS="2455" WIDTH="1085" HEIGHT="52">
						<String ID="P95_ST00221" HPOS="381" VPOS="2455" WIDTH="80" HEIGHT="36" CONTENT="and" WC="0.98" CC="050"/>
						<SP ID="P95_SP00192" HPOS="461" VPOS="2491" WIDTH="26"/>
						<String ID="P95_ST00222" HPOS="487" VPOS="2467" WIDTH="81" HEIGHT="26" CONTENT="was" WC="1.00" CC="000"/>
						<SP ID="P95_SP00193" HPOS="568" VPOS="2493" WIDTH="27"/>
						<String ID="P95_ST00223" HPOS="595" VPOS="2456" WIDTH="183" HEIGHT="37" CONTENT="followed" WC="1.00" CC="00000000"/>
						<SP ID="P95_SP00194" HPOS="778" VPOS="2493" WIDTH="26"/>
						<String ID="P95_ST00224" HPOS="804" VPOS="2457" WIDTH="55" HEIGHT="46" CONTENT="by" WC="1.00" CC="00"/>
						<SP ID="P95_SP00195" HPOS="859" VPOS="2503" WIDTH="28"/>
						<String ID="P95_ST00225" HPOS="887" VPOS="2470" WIDTH="23" HEIGHT="25" CONTENT="a" WC="1.00" CC="0"/>
						<SP ID="P95_SP00196" HPOS="910" VPOS="2503" WIDTH="26"/>
						<String ID="P95_ST00226" HPOS="936" VPOS="2458" WIDTH="77" HEIGHT="37" CONTENT="few" WC="1.00" CC="000"/>
						<SP ID="P95_SP00197" HPOS="1013" VPOS="2503" WIDTH="26"/>
						<String ID="P95_ST00227" HPOS="1039" VPOS="2471" WIDTH="241" HEIGHT="36" CONTENT="courageous" WC="0.99" CC="0066000364"/>
						<SP ID="P95_SP00198" HPOS="1280" VPOS="2507" WIDTH="27"/>
						<String ID="P95_ST00228" HPOS="1307" VPOS="2459" WIDTH="159" HEIGHT="39" CONTENT="friends." WC="0.99" CC="00402053"/>
					</TextLine>
					<TextLine ID="P95_TL00031" HPOS="380" VPOS="2520" WIDTH="850" HEIGHT="46">
						<String ID="P95_ST00229" HPOS="380" VPOS="2520" WIDTH="41" HEIGHT="35" CONTENT="It" WC="0.97" CC="00"/>
						<SP ID="P95_SP00199" HPOS="421" VPOS="2555" WIDTH="26"/>
						<String ID="P95_ST00230" HPOS="447" VPOS="2531" WIDTH="82" HEIGHT="24" CONTENT="was" WC="1.00" CC="000"/>
						<SP ID="P95_SP00200" HPOS="529" VPOS="2555" WIDTH="27"/>
						<String ID="P95_ST00231" HPOS="556" VPOS="2520" WIDTH="169" HEIGHT="46" CONTENT="entirely" WC="1.00" CC="45000000"/>
						<SP ID="P95_SP00201" HPOS="725" VPOS="2566" WIDTH="26"/>
						<String ID="P95_ST00232" HPOS="751" VPOS="2521" WIDTH="168" HEIGHT="37" CONTENT="covered" WC="1.00" CC="0000200"/>
						<SP ID="P95_SP00202" HPOS="919" VPOS="2566" WIDTH="27"/>
						<String ID="P95_ST00233" HPOS="946" VPOS="2521" WIDTH="41" HEIGHT="36" CONTENT="in" WC="0.70" CC="05"/>
						<SP ID="P95_SP00203" HPOS="987" VPOS="2566" WIDTH="27"/>
						<String ID="P95_ST00234" HPOS="1014" VPOS="2533" WIDTH="24" HEIGHT="25" CONTENT="a" WC="1.00" CC="0"/>
						<SP ID="P95_SP00204" HPOS="1038" VPOS="2566" WIDTH="26"/>
						<String ID="P95_ST00235" HPOS="1064" VPOS="2521" WIDTH="166" HEIGHT="38" CONTENT="blanket" WC="1.00" CC="0006000"/>
					</TextLine>
					<TextLine ID="P95_TL00032" HPOS="379" VPOS="2582" WIDTH="389" HEIGHT="38">
						<String ID="P95_ST00236" HPOS="379" VPOS="2593" WIDTH="141" HEIGHT="25" CONTENT="woven" WC="0.99" CC="00005"/>
						<SP ID="P95_SP00205" HPOS="520" VPOS="2618" WIDTH="26"/>
						<String ID="P95_ST00237" HPOS="546" VPOS="2582" WIDTH="42" HEIGHT="36" CONTENT="of" WC="0.78" CC="40"/>
						<SP ID="P95_SP00206" HPOS="588" VPOS="2618" WIDTH="26"/>
						<String ID="P95_ST00238" HPOS="614" VPOS="2582" WIDTH="154" HEIGHT="38" CONTENT="violets." WC="1.00" CC="00000032"/>
					</TextLine>
					<TextLine ID="P95_TL00033" HPOS="841" VPOS="2700" WIDTH="365" HEIGHT="47">
						<String ID="P95_ST00239" HPOS="841" VPOS="2702" WIDTH="20" HEIGHT="34" CONTENT="I" WC="0.92" CC="0"/>
						<SP ID="P95_SP00207" HPOS="861" VPOS="2736" WIDTH="31"/>
						<String ID="P95_ST00240" HPOS="892" VPOS="2700" WIDTH="174" HEIGHT="47" CONTENT="lingered" WC="0.99" CC="00460310"/>
						<SP ID="P95_SP00208" HPOS="1066" VPOS="2747" WIDTH="28"/>
						<String ID="P95_ST00241" HPOS="1094" VPOS="2702" WIDTH="112" HEIGHT="36" CONTENT="there" WC="1.00" CC="00000"/>
					</TextLine>
					<TextLine ID="P95_TL00034" HPOS="378" VPOS="2759" WIDTH="1040" HEIGHT="44">
						<String ID="P95_ST00242" HPOS="378" VPOS="2759" WIDTH="61" HEIGHT="37" CONTENT="till" WC="0.97" CC="0444"/>
						<SP ID="P95_SP00209" HPOS="439" VPOS="2796" WIDTH="26"/>
						<String ID="P95_ST00243" HPOS="465" VPOS="2762" WIDTH="20" HEIGHT="34" CONTENT="I" WC="0.53" CC="4"/>
						<SP ID="P95_SP00210" HPOS="485" VPOS="2796" WIDTH="28"/>
						<String ID="P95_ST00244" HPOS="513" VPOS="2761" WIDTH="123" HEIGHT="36" CONTENT="heard" WC="1.00" CC="00000"/>
						<SP ID="P95_SP00211" HPOS="636" VPOS="2797" WIDTH="25"/>
						<String ID="P95_ST00245" HPOS="661" VPOS="2762" WIDTH="71" HEIGHT="37" CONTENT="the" WC="0.98" CC="004"/>
						<SP ID="P95_SP00212" HPOS="732" VPOS="2799" WIDTH="26"/>
						<String ID="P95_ST00246" HPOS="758" VPOS="2762" WIDTH="82" HEIGHT="37" CONTENT="last" WC="0.99" CC="4000"/>
						<SP ID="P95_SP00213" HPOS="840" VPOS="2799" WIDTH="26"/>
						<String ID="P95_ST00247" HPOS="866" VPOS="2763" WIDTH="105" HEIGHT="37" CONTENT="thud" WC="0.99" CC="0060"/>
						<SP ID="P95_SP00214" HPOS="971" VPOS="2800" WIDTH="27"/>
						<String ID="P95_ST00248" HPOS="998" VPOS="2764" WIDTH="41" HEIGHT="37" CONTENT="of" WC="0.82" CC="30"/>
						<SP ID="P95_SP00215" HPOS="1039" VPOS="2801" WIDTH="25"/>
						<String ID="P95_ST00249" HPOS="1064" VPOS="2764" WIDTH="70" HEIGHT="37" CONTENT="the" WC="1.00" CC="001"/>
						<SP ID="P95_SP00216" HPOS="1134" VPOS="2801" WIDTH="26"/>
						<String ID="P95_ST00250" HPOS="1160" VPOS="2765" WIDTH="104" HEIGHT="37" CONTENT="hack" WC="1.00" CC="0010"/>
						<SP ID="P95_SP00217" HPOS="1264" VPOS="2802" WIDTH="26"/>
						<String ID="P95_ST00251" HPOS="1290" VPOS="2764" WIDTH="128" HEIGHT="39" CONTENT="doors." WC="0.99" CC="022003"/>
					</TextLine>
					<TextLine ID="P95_TL00035" HPOS="379" VPOS="2822" WIDTH="1089" HEIGHT="54">
						<String ID="P95_ST00252" HPOS="379" VPOS="2825" WIDTH="20" HEIGHT="34" CONTENT="I" WC="0.80" CC="1"/>
						<SP ID="P95_SP00218" HPOS="399" VPOS="2859" WIDTH="27"/>
						<String ID="P95_ST00253" HPOS="426" VPOS="2822" WIDTH="176" HEIGHT="48" CONTENT="lingered" WC="0.99" CC="50400430"/>
						<SP ID="P95_SP00219" HPOS="602" VPOS="2870" WIDTH="26"/>
						<String ID="P95_ST00254" HPOS="628" VPOS="2824" WIDTH="115" HEIGHT="37" CONTENT="there" WC="1.00" CC="00000"/>
						<SP ID="P95_SP00220" HPOS="743" VPOS="2870" WIDTH="26"/>
						<String ID="P95_ST00255" HPOS="769" VPOS="2825" WIDTH="62" HEIGHT="37" CONTENT="till" WC="1.00" CC="0001"/>
						<SP ID="P95_SP00221" HPOS="831" VPOS="2870" WIDTH="27"/>
						<String ID="P95_ST00256" HPOS="858" VPOS="2827" WIDTH="69" HEIGHT="36" CONTENT="the" WC="0.99" CC="002"/>
						<SP ID="P95_SP00222" HPOS="927" VPOS="2870" WIDTH="32"/>
						<String ID="P95_ST00257" HPOS="959" VPOS="2827" WIDTH="78" HEIGHT="36" CONTENT="last" WC="1.00" CC="1000"/>
						<SP ID="P95_SP00223" HPOS="1037" VPOS="2870" WIDTH="28"/>
						<String ID="P95_ST00258" HPOS="1065" VPOS="2828" WIDTH="103" HEIGHT="36" CONTENT="hack" WC="1.00" CC="0020"/>
						<SP ID="P95_SP00224" HPOS="1168" VPOS="2870" WIDTH="27"/>
						<String ID="P95_ST00259" HPOS="1195" VPOS="2827" WIDTH="273" HEIGHT="49" CONTENT="disappeared," WC="1.00" CC="000000500404"/>
					</TextLine>
					<TextLine ID="P95_TL00036" HPOS="379" VPOS="2886" WIDTH="1145" HEIGHT="50">
						<String ID="P95_ST00260" HPOS="379" VPOS="2886" WIDTH="77" HEIGHT="37" CONTENT="lost" WC="0.99" CC="3000"/>
						<SP ID="P95_SP00225" HPOS="456" VPOS="2923" WIDTH="26"/>
						<String ID="P95_ST00261" HPOS="482" VPOS="2886" WIDTH="42" HEIGHT="37" CONTENT="in" WC="0.71" CC="05"/>
						<SP ID="P95_SP00226" HPOS="524" VPOS="2923" WIDTH="28"/>
						<String ID="P95_ST00262" HPOS="552" VPOS="2898" WIDTH="23" HEIGHT="25" CONTENT="a" WC="1.00" CC="0"/>
						<SP ID="P95_SP00227" HPOS="575" VPOS="2923" WIDTH="26"/>
						<String ID="P95_ST00263" HPOS="601" VPOS="2887" WIDTH="104" HEIGHT="36" CONTENT="swirl" WC="1.00" CC="00030"/>
						<SP ID="P95_SP00228" HPOS="705" VPOS="2923" WIDTH="28"/>
						<String ID="P95_ST00264" HPOS="733" VPOS="2888" WIDTH="41" HEIGHT="36" CONTENT="of" WC="0.88" CC="02"/>
						<SP ID="P95_SP00229" HPOS="774" VPOS="2924" WIDTH="26"/>
						<String ID="P95_ST00265" HPOS="800" VPOS="2889" WIDTH="143" HEIGHT="44" CONTENT="leaves," WC="1.00" CC="0500000"/>
						<SP ID="P95_SP00230" HPOS="943" VPOS="2933" WIDTH="35"/>
						<String ID="P95_ST00266" HPOS="978" VPOS="2890" WIDTH="132" HEIGHT="37" CONTENT="which" WC="0.99" CC="00460"/>
						<SP ID="P95_SP00231" HPOS="1110" VPOS="2933" WIDTH="24"/>
						<String ID="P95_ST00267" HPOS="1134" VPOS="2891" WIDTH="70" HEIGHT="37" CONTENT="the" WC="0.97" CC="071"/>
						<SP ID="P95_SP00232" HPOS="1204" VPOS="2933" WIDTH="26"/>
						<String ID="P95_ST00268" HPOS="1230" VPOS="2891" WIDTH="127" HEIGHT="37" CONTENT="winds" WC="0.99" CC="00602"/>
						<SP ID="P95_SP00233" HPOS="1357" VPOS="2933" WIDTH="28"/>
						<String ID="P95_ST00269" HPOS="1385" VPOS="2891" WIDTH="139" HEIGHT="45" CONTENT="raised," WC="0.99" CC="0033004"/>
					</TextLine>
					<TextLine ID="P95_TL00037" HPOS="379" VPOS="2948" WIDTH="773" HEIGHT="50">
						<String ID="P95_ST00270" HPOS="379" VPOS="2960" WIDTH="43" HEIGHT="25" CONTENT="as" WC="1.00" CC="00"/>
						<SP ID="P95_SP00234" HPOS="422" VPOS="2985" WIDTH="26"/>
						<String ID="P95_ST00271" HPOS="448" VPOS="2948" WIDTH="31" HEIGHT="37" CONTENT="if" WC="1.00" CC="00"/>
						<SP ID="P95_SP00235" HPOS="479" VPOS="2985" WIDTH="26"/>
						<String ID="P95_ST00272" HPOS="505" VPOS="2949" WIDTH="42" HEIGHT="36" CONTENT="in" WC="0.74" CC="05"/>
						<SP ID="P95_SP00236" HPOS="547" VPOS="2985" WIDTH="27"/>
						<String ID="P95_ST00273" HPOS="574" VPOS="2950" WIDTH="191" HEIGHT="47" CONTENT="mockery" WC="1.00" CC="0030000"/>
						<SP ID="P95_SP00237" HPOS="765" VPOS="2997" WIDTH="27"/>
						<String ID="P95_ST00274" HPOS="792" VPOS="2951" WIDTH="40" HEIGHT="36" CONTENT="of" WC="1.00" CC="00"/>
						<SP ID="P95_SP00238" HPOS="832" VPOS="2997" WIDTH="28"/>
						<String ID="P95_ST00275" HPOS="860" VPOS="2964" WIDTH="132" HEIGHT="34" CONTENT="merry" WC="0.99" CC="00430"/>
						<SP ID="P95_SP00239" HPOS="992" VPOS="2998" WIDTH="27"/>
						<String ID="P95_ST00276" HPOS="1019" VPOS="2952" WIDTH="133" HEIGHT="38" CONTENT="death." WC="0.99" CC="030003"/>
					</TextLine>
				</TextBlock>
				<TextBlock ID="P95_TB00003" HPOS="1637" VPOS="3040" WIDTH="407" HEIGHT="41" STYLEREFS="TXT_0 PAR_RIGHT">
					<TextLine ID="P95_TL00038" HPOS="1638" VPOS="3040" WIDTH="406" HEIGHT="41">
						<String ID="P95_ST00277" HPOS="1638" VPOS="3040" WIDTH="311" HEIGHT="41" CONTENT="Wallace" WC="0.78" CC="2600000"/>
						<SP ID="P95_SP00240" HPOS="1949" VPOS="3081" WIDTH="14"/>
						<String ID="P95_ST00278" HPOS="1963" VPOS="3040" WIDTH="81" HEIGHT="41" CONTENT="Gould." WC="0.96" CC="800000"/>
					</TextLine>
				</TextBlock>
			</PrintSpace>
		</Page>
	</Layout>
</alto>
