2682 4026
1938 3289 74 38 147

1187 1024 63 42 II.

961 1144 127 42 NOT
1119 1146 169 44 THAT
1317 1151 145 43 WAY.

592 1328 85 50 No,
711 1342 75 31 no.
852 1332 159 43 Guard
1043 1335 107 43 thee
1171 1337 8 41 !
1245 1337 68 45 Go
1346 1346 83 38 not
1461 1343 106 44 that
1598 1360 115 41 way,

826 1408 96 40 Not
954 1408 107 42 that
1092 1424 116 39 way.

589 1473 96 52 S'ee,
720 1477 104 42 how
856 1479 80 42 the
968 1480 181 58 louring
1181 1484 159 45 clouds
1371 1488 121 54 glide
1523 1506 72 36 on,

588 1546 206 59 Skirting
826 1554 130 41 West
988 1559 50 38 to
1071 1555 150 46 South
1242 1573 10 37 ;
1287 1562 92 41 and
1411 1577 86 37 see,

587 1620 96 44 The
718 1638 137 39 green
890 1625 117 56 light
1044 1630 147 43 under
1226 1633 106 43 that
1367 1649 239 39 sycamore
1651 1646 97 38 tree

821 1702 97 40 Not
950 1702 108 42 that
1090 1719 104 39 way
1216 1707 6 41 !

584 1768 148 45 There
763 1773 82 42 the
877 1775 165 43 leaden
1075 1782 232 53 trumpets
1332 1783 120 44 blow

821 1846 187 45 Solemn
1043 1851 92 42 and
1167 1853 122 44 slow.

582 1915 147 45 There
760 1919 82 43 the
874 1922 281 58 everlasting
1186 1928 128 42 walls

582 1990 140 42 From
756 1994 150 43 above
938 1997 80 42 the
1051 2000 250 44 waterfalls

817 2067 149 45 Silver
999 2073 91 41 and
1124 2074 104 43 cold
1249 2090 9 37 ;

816 2144 97 41 Not
945 2144 107 44 that
1082 2161 106 40 way
1209 2149 6 41 !

577 2213 96 42 Not
703 2217 179 41 toward
911 2217 155 53 death,
1098 2221 116 51 who,
1247 2229 221 52 stranger,
1501 2228 148 53 fairer,

577 2286 132 45 Than
742 2303 93 39 any
866 2290 120 44 siren
1017 2297 134 40 turns
1183 2297 71 43 his
1285 2298 120 44 head
1428 2327 56 4 —

577 2359 131 44 Than
743 2377 92 40 any
867 2364 134 52 siren,
1039 2368 168 43 arched
1239 2371 115 44 with
1386 2374 240 54 rainbows,

576 2436 165 42 Where
775 2438 124 42 knell
935 2440 81 42 the
1049 2457 155 28 waves
1238 2445 49 41 of
1320 2446 80 43 her
1435 2464 142 28 ocean
1612 2452 103 44 bed.

574 2507 123 53 Alas,
743 2511 107 43 that
892 2514 179 54 beauty
1113 2516 146 56 hangs
1301 2519 81 43 her
1424 2522 176 45 flowers

575 2583 90 42 For
697 2584 98 43 lure
826 2587 48 41 of
905 2587 72 43 his
1009 2589 244 45 demoniac
1284 2608 177 41 powers
1484 2611 7 29 :

572 2655 124 54 Alas,
737 2659 106 43 that
880 2660 120 44 from
1037 2664 131 43 these
1205 2681 106 38 eyes
1348 2669 165 45 should
1552 2672 105 44 dart

572 2730 123 44 That
726 2732 203 57 piercing
960 2749 239 33 summons
1230 2745 51 38 to
1313 2742 87 54 thy
1431 2744 134 44 heart
1588 2760 9 37 ;

570 2803 122 45 lhat
734 2806 123 44 mine
897 2808 48 42 in
986 2810 160 55 frenzy
1186 2813 49 44 of
1274 2815 187 57 longing
1501 2819 146 52 beats,

570 2879 197 56 Trusting
798 2881 71 43 for
901 2883 137 44 those
1070 2900 128 40 gross
1231 2889 173 44 deceits
1426 2893 6 41 !

806 2958 98 41 Not
938 2958 107 44 that
1077 2975 117 39 way.

1376 3083 70 42 W.
1481 3094 67 34 de
1609 3096 30 31 la
1671 3087 157 44 Mare.
