2682 4026
535 3260 75 49 156

476 682 40 38 of
542 678 147 47 deadly
755 675 206 50 pionnerie
1042 674 42 37 of
1109 673 143 38 dismal
1276 673 211 48 withering
1511 672 85 45 toil,
1623 683 128 27 seems
1774 675 44 33 to
1842 671 80 37 will
1945 683 47 25 us
2016 670 87 37 into
2127 682 99 36 song
2251 682 43 26 as

474 743 100 44 well,
606 746 44 33 to
682 741 87 46 sing
799 738 143 37 within
972 749 47 25 us
1051 736 174 46 already.

543 809 64 34 He
628 805 33 37 is
685 804 96 36 dear
802 806 44 32 to
869 813 47 25 us
937 801 172 36 because
1132 799 118 47 again
1271 812 59 24 we
1354 811 66 24 are
1442 798 118 37 made
1584 798 207 37 conscious
1814 798 40 36 of
1875 798 71 35 the
1968 796 185 48 spiritual
2176 796 118 46 unity

475 870 40 37 of
543 870 71 36 the
643 865 125 39 world
798 876 95 25 over
920 864 71 36 the
1020 863 194 36 immense
1242 861 203 49 stupidity
1475 861 40 36 of
1544 861 183 36 national
1755 859 215 46 boundary
1998 859 111 37 lines.
2164 857 130 38 There

472 934 34 37 is
531 932 43 37 in
598 931 84 36 this
707 929 109 37 book
841 927 229 47 something
1096 929 112 44 great
1234 925 42 37 in
1301 925 71 37 the
1398 924 176 47 making,
1604 924 179 47 creating
1808 922 109 38 itself
1943 922 136 37 before
2105 934 47 24 us
2183 943 40 4 —
2254 921 41 36 of

474 1007 98 37 pure
596 993 68 37 life
689 993 41 36 in
755 990 140 38 search
919 990 41 36 of
984 990 125 36 forms
1133 989 57 45 by
1214 1000 137 24 means
1376 988 42 36 of
1442 987 132 36 which
1597 987 32 36 it
1654 998 97 34 may
1787 985 143 38 unfold
1959 1008 40 3 —
2028 985 42 37 of
2093 984 201 49 profound

476 1058 126 38 desire
633 1056 132 36 which
796 1052 145 45 smells,
976 1052 218 48 questions,
1228 1051 108 47 lisps,
1371 1062 153 36 gropes,
1560 1063 23 23 a
1615 1049 164 47 moving
1812 1049 138 43 desire,
1973 1047 107 44 avid,
2113 1046 180 44 inflated,

474 1121 100 37 with
597 1132 52 24 no
674 1118 115 37 other
814 1115 199 38 certitude
1035 1115 103 36 than
1160 1115 95 36 that
1280 1113 40 37 of
1343 1114 54 37 its
1421 1125 90 25 own
1534 1113 196 47 strength.
1786 1113 74 36 We
1882 1111 80 37 like
1985 1111 33 36 it
2042 1111 62 37 for
2126 1111 71 36 the
2219 1111 58 37 fer-

475 1195 102 28 vour
599 1182 100 37 with
721 1180 132 36 which
875 1179 33 36 it
930 1179 35 36 is
987 1178 107 36 filled
1118 1190 44 24 so
1185 1178 93 36 that
1301 1177 71 36 the
1395 1187 123 37 pages
1542 1187 66 25 are
1631 1176 133 46 heavy
1787 1176 100 36 with
1908 1176 71 35 the
2002 1187 72 35 sap
2098 1174 41 37 of
2164 1188 22 23 a
2209 1187 87 24 new

474 1246 119 38 belief
628 1268 40 3 —
702 1244 62 36 for
793 1243 93 36 that
917 1241 228 48 generosity
1174 1240 132 37 which
1336 1243 149 33 cannot
1516 1239 164 37 contain
1709 1238 119 44 itself,
1860 1238 132 37 which
2021 1237 136 38 bursts
2186 1237 110 36 forth

473 1310 80 36 like
581 1308 153 37 molten
760 1306 89 36 iron
876 1305 98 36 thru
1000 1304 71 36 the
1100 1303 116 36 clefts
1243 1303 42 36 in
1313 1303 70 36 the
1411 1303 259 47 paragraphs.

575 1373 74 36 We
669 1369 86 38 find
777 1367 202 38 ourselves
1000 1366 136 38 beside
1158 1379 23 23 a
1202 1365 178 48 singular
1401 1365 243 48 companion
1664 1365 62 36 for
1746 1365 134 36 whom
1899 1364 114 36 there
2035 1364 124 36 exists
2180 1364 116 36 other

473 1439 203 34 creatures
701 1433 102 36 than
827 1431 72 37 the
923 1430 131 45 sulky,
1083 1428 108 38 aloof
1215 1428 261 44 intellectual,
1503 1428 238 46 triturating
1765 1427 63 37 his
1852 1426 182 48 precious
2059 1438 145 35 person
2228 1426 46 37 be-

471 1499 85 37 fore
579 1511 23 23 a
623 1495 224 38 note-book
869 1494 40 36 of
931 1493 123 37 white
1076 1504 136 36 paper,
1237 1491 144 37 within
1402 1491 71 36 the
1494 1491 111 37 walls
1627 1491 41 36 of
1691 1504 23 23 a
1736 1490 162 47 lodging
1913 1512 40 3 —
1969 1493 201 33 creatures
2181 1489 115 36 other

471 1563 103 36 than
605 1561 70 36 the
707 1563 146 43 troupe
885 1557 42 36 of
957 1555 170 46 worldly
1158 1553 367 49 supernumeraries
1556 1553 201 47 imposing
1789 1565 52 23 on
1872 1552 71 36 the
1975 1552 185 36 universe
2191 1551 105 36 their

471 1623 148 37 foolish
648 1625 180 45 gestures
859 1619 81 37 and
969 1618 106 36 their
1104 1616 204 43 formulas,
1340 1616 72 36 the
1440 1616 170 47 paucity
1639 1616 41 36 of
1709 1616 106 36 their
1844 1615 136 36 hearts
2011 1614 81 36 and
2122 1614 41 36 of
2192 1613 105 37 their

471 1685 299 49 imaginations.
826 1683 35 38 A
894 1681 244 48 companion
1169 1680 62 36 for
1261 1679 134 36 whom
1425 1677 125 38 exists
1581 1682 73 33 not
1685 1678 228 45 humanity,
1948 1689 52 24 an
2032 1676 262 43 abstraction,

471 1750 77 37 but
572 1760 106 32 men,
706 1746 162 37 radiant
894 1757 44 24 or
962 1743 170 49 pitiable
1158 1755 43 25 as
1226 1743 71 36 the
1323 1753 89 25 case
1428 1753 96 33 may
1538 1740 62 45 be,
1618 1741 76 37 but
1713 1744 44 33 to
1776 1741 133 35 whom
1934 1752 58 24 we
2011 1751 75 25 can
2106 1738 97 37 hold
2228 1744 68 31 out

473 1826 23 23 a
518 1811 122 38 hand.
695 1809 113 38 Thus
829 1821 60 24 we
910 1807 76 37 feel
1009 1806 203 37 ourselves
1243 1804 199 43 welcome,
1468 1804 227 47 altogether
1730 1807 43 33 at
1795 1804 130 35 home.
1981 1802 36 37 A
2040 1802 114 47 place
2176 1801 33 37 is
2230 1805 63 33 set

473 1875 109 38 aside
608 1875 61 35 for
694 1885 48 25 us
769 1876 43 33 at
836 1872 84 36 this
944 1870 157 38 hearth.
1130 1870 109 35 Here
1264 1868 32 37 is
1324 1879 74 25 one
1423 1867 90 36 who
1539 1867 116 36 waits
1681 1867 62 36 for
1768 1878 58 31 us,
1852 1865 89 36 who
1968 1865 175 37 believes
2167 1864 42 36 in
2235 1875 60 32 us,

471 1939 91 36 who
590 1938 134 36 leaves
744 1947 105 36 open
868 1938 45 33 to
932 1945 48 26 us
998 1933 43 36 in
1061 1933 62 36 his
1143 1931 125 37 world
1289 1930 149 47 design,
1457 1929 52 37 all
1527 1929 72 37 the
1618 1941 120 35 space
1757 1940 212 34 necessary
1988 1927 63 37 for
2070 1939 73 25 our
2161 1927 137 36 future

471 2000 157 49 growth
646 2013 8 31 ;
681 2011 110 24 more
816 2009 120 37 space
959 1997 103 36 than
1085 2007 59 25 we
1169 2006 102 26 even
1296 1992 123 38 asked
1444 1992 62 37 for
1531 1991 212 44 ourselves,
1771 1992 172 36 because
1967 1990 49 37 he
2041 1990 131 37 shows
2196 1988 77 37 him-

470 2064 74 38 self
565 2075 110 25 more
697 2073 195 37 generous
913 2058 157 39 toward
1091 2058 63 38 his
1175 2056 152 38 fellows
1347 2056 103 36 than
1470 2067 59 24 we
1550 2067 102 24 were
1674 2066 194 36 generous
1888 2054 43 35 in
1953 2065 73 24 our
2046 2052 74 37 self
2141 2051 154 48 regard.

468 2129 36 36 A
531 2126 146 38 Waldo
703 2124 138 38 Frank
867 2136 76 25 can
970 2122 116 37 allow
1111 2119 160 39 himself
1287 2131 124 33 many
1426 2117 313 47 short-comings
1767 2129 43 25 as
1836 2117 51 36 he
1905 2116 80 36 will
2011 2115 50 37 be
2087 2114 211 38 redeemed

468 2192 42 36 in
543 2189 182 38 advance
756 2188 57 45 by
843 2187 63 36 his
937 2184 195 39 fraternal
1163 2181 241 50 generosity,
1438 2181 56 46 by
1525 2180 62 38 his
1618 2179 316 38 whole-hearted
1965 2178 105 48 good
2101 2178 91 36 will.

541 2253 57 37 As
628 2265 59 23 we
718 2251 172 47 journey
919 2248 179 47 through
1127 2247 83 37 this
1238 2244 188 38 America
1456 2244 100 37 with
1586 2244 85 36 him
1701 2256 59 24 we
1790 2242 85 38 find
1905 2242 203 37 ourselves
2139 2239 156 49 aligned

469 2317 100 36 with
596 2314 143 38 revolt.
797 2312 160 43 Revolt,
988 2324 44 24 so
1060 2323 59 24 we
1147 2307 252 39 understand
1426 2307 33 36 it
1478 2319 7 32 ;
1517 2310 72 33 not
1610 2307 231 47 expressing
1863 2305 108 38 itself
1997 2305 43 36 in
2060 2304 236 43 clamorous,

471 2378 245 47 contending
742 2376 99 44 cries
867 2375 41 37 of
933 2378 138 43 stump
1098 2376 168 40 orators,
1289 2372 42 36 in
1357 2370 223 46 disorderly
1605 2375 180 43 gestures
1807 2369 81 37 and
1905 2369 43 36 in
1969 2369 71 36 the
2059 2367 240 38 resolutions

471 2443 40 37 of
534 2441 136 49 public
692 2440 198 47 meetings
911 2439 77 36 but
1009 2437 43 37 in
1074 2436 232 49 passionate
1329 2434 82 37 and
1433 2432 260 47 unwavering
1717 2430 245 37 affirmation
1985 2428 40 37 of
2047 2428 71 36 the
2141 2427 160 47 dignity

473 2505 80 37 and
572 2503 122 38 needs
713 2503 40 37 of
773 2514 96 25 man
893 2524 40 3 —
955 2501 43 36 in
1016 2500 71 37 the
1106 2497 249 50 unqualified
1374 2496 195 48 rejection
1588 2495 41 37 of
1647 2495 71 36 the
1736 2493 130 37 whole
1884 2491 184 38 network
2087 2490 40 37 of
2147 2502 153 36 powers

470 2566 213 49 incapable
716 2566 41 36 of
789 2564 216 47 satisfying
1036 2563 115 37 these
1183 2561 123 37 needs
1339 2559 82 38 and
1452 2559 135 37 whose
1634 2555 149 47 weight
1816 2553 162 37 crushes
2010 2552 84 36 this
2127 2550 170 47 dignity.

471 2632 74 36 We
570 2641 66 25 are
658 2629 71 36 the
754 2627 216 38 associates
994 2626 41 37 of
1057 2624 248 38 individuals
1328 2624 91 36 who
1444 2622 99 37 offer
1566 2632 48 26 us
1637 2622 73 33 not
1733 2617 107 37 their
1864 2616 126 47 goods
2013 2627 45 24 or
2080 2614 107 36 their
2210 2625 68 35 pos-

471 2693 172 38 sessions
665 2692 76 37 but
763 2691 72 37 the
857 2689 111 47 daily
989 2688 125 39 bread
1138 2688 41 37 of
1200 2688 106 36 their
1329 2686 109 38 souls
1466 2708 40 3 —
1532 2682 143 50 people
1698 2681 90 37 who
1812 2681 120 35 know
1954 2678 170 37 another
2147 2677 153 47 hunger

468 2757 105 37 than
596 2756 95 36 that
717 2754 41 37 of
782 2754 71 36 the
871 2752 108 47 belly
1009 2775 40 3 —
1078 2749 208 40 comrades
1312 2750 41 37 of
1379 2752 75 34 art.

544 2818 131 38 There
696 2818 34 37 is
753 2816 170 37 another
944 2815 123 44 word,
1091 2814 132 37 which
1244 2814 63 37 his
1329 2825 79 36 pen
1430 2811 113 38 often
1564 2815 144 37 traces,
1734 2821 23 23 a
1779 2806 110 38 word
1912 2805 131 37 which
2065 2808 109 33 must
2197 2804 104 36 have

468 2880 237 41 astonished
730 2880 72 37 the
826 2878 192 39 so-called
1043 2877 227 48 intelligent
1295 2876 268 41 Frenchman,
1591 2874 77 36 but
1692 2870 134 38 which
1851 2870 73 37 has
1950 2869 62 36 for
2036 2879 111 26 some
2173 2866 40 37 of
2238 2878 60 32 us,

469 2959 23 24 a
520 2944 134 39 sound
682 2942 268 50 particularly
977 2941 86 37 full.
1118 2943 42 34 It
1188 2940 35 38 is
1250 2940 72 36 the
1350 2937 112 38 word
1491 2936 178 48 religion.
1724 2935 36 36 A
1790 2932 125 39 Word
1943 2931 132 38 which
2103 2943 43 25 so
2176 2942 125 33 many

468 3010 42 36 of
531 3021 48 25 us
600 3008 131 46 today
752 3007 106 37 have
881 3009 86 34 cast
990 3004 111 38 aside
1122 3004 80 36 like
1226 3015 52 24 an
1299 3001 68 38 old
1388 3004 186 45 garment
1595 2999 172 37 because
1788 2997 33 37 it
1842 2996 35 38 is
1898 2996 148 36 known
2067 2994 95 46 only
2184 2994 116 36 when

468 3083 112 26 worn
605 3074 85 41 out,
720 3068 209 39 deformed
956 3067 82 38 and
1063 3066 125 39 soiled
1214 3066 56 46 by
1295 3077 82 26 use.
1435 3065 84 35 But
1543 3075 60 24 we
1629 3062 105 36 have
1758 3072 122 26 never
1903 3056 242 40 abandoned
2168 3057 46 45 it,
2242 3069 59 24 we

428 3152 13 6 -
469 3136 106 37 have
598 3133 127 40 saved
747 3133 35 38 it
807 3131 195 46 carefully
1024 3131 44 37 in
1090 3130 55 38 its
1169 3128 170 49 original
1362 3128 202 38 freshness
1588 3124 80 39 and
1691 3136 123 27 never
1837 3122 148 40 valued
2007 3122 34 37 it
2065 3133 111 26 more
2198 3121 103 36 than
