2682 4026
494 3251 72 36 114

430 648 149 37 turned
605 649 72 37 the
698 662 82 35 gtin
802 661 96 26 over
917 650 83 38 this
1021 663 91 33 way
1134 650 80 38 and
1235 651 104 44 that,
1364 651 155 48 staring
1541 651 80 37 and
1643 651 184 49 blinking
1849 664 43 25 as
1912 652 32 37 if
1964 653 50 37 he
2036 653 82 37 had
2148 667 122 25 never

428 722 94 26 seen
549 723 75 25 one
651 712 137 36 before
807 712 44 36 in
872 712 52 36 all
945 712 62 38 his
1027 713 80 37 life.
1164 714 76 36 His
1262 714 88 36 face
1370 726 82 25 was
1473 714 136 47 pulled
1634 718 74 33 out
1729 715 42 36 of
1790 715 126 47 shape
1938 715 101 37 with
2058 716 71 37 the
2157 716 93 38 labo
2253 721 18 24 r

428 773 41 37 of
496 774 233 47 cogitation.
786 776 65 36 He
871 776 132 47 began
1023 780 45 33 to
1089 776 137 37 smirk.
1284 778 64 35 He
1369 776 146 37 looked
1536 777 161 37 toward
1718 778 73 37 the
1813 778 98 37 door
1933 778 130 47 again,
2101 780 172 47 opening

427 836 81 38 and
536 837 186 48 shutting
750 838 62 37 his
839 839 147 36 mouth
1004 851 7 33 ;
1040 839 81 37 and
1150 843 45 33 at
1221 840 79 37 last
1326 840 51 37 he
1404 840 199 37 delivered
1632 841 164 37 himself
1813 853 7 25 :

574 905 66 37 Di'
670 906 41 46 y'
739 907 121 36 think
875 909 19 34 I
911 919 83 26 was
1009 909 61 46 go'
1089 909 113 36 shoo'
1221 909 129 36 m'self
1367 909 14 36 ?
1449 909 64 36 Di'
1531 909 39 45 y'
1588 909 126 36 think
1730 912 20 33 I
1770 922 81 25 was
1868 910 62 47 go'
1948 910 111 37 shoo'
2077 910 129 37 m'self

529 968 76 38 His
629 969 105 37 head
758 970 103 37 sank
885 983 53 24 on
961 971 62 37 his
1047 971 139 37 breast
1216 971 80 37 and
1319 971 63 37 his
1407 983 92 34 eyes
1524 971 85 37 half
1635 971 146 38 closed.
1849 975 83 34 But
1955 973 51 36 he
2029 972 156 39 heaved
2209 974 62 36 his

426 1031 104 37 head
558 1044 55 35 up
642 1033 122 47 again
790 1033 81 39 and
898 1034 154 47 opened
1079 1034 62 36 his
1169 1046 103 34 eyes.

682 1108 102 32 sure,
967 1096 66 39 .he
1065 1097 140 44 called,
1425 1098 53 36 m'
1511 1098 90 37 wife
1636 1098 65 37 an'
1736 1101 21 34 I
1791 1099 113 37 shoo'
1939 1099 139 38 m'self.
2143 1100 98 39 Sure
2260 1122 7 6 •

430 1169 90 25 sure

531 1222 64 35 He
614 1220 186 48 laughed.
858 1223 83 36 But
961 1222 71 37 the
1052 1223 124 47 laugh
1197 1223 209 48 crumpled
1427 1236 55 36 up
1501 1223 43 37 in
1563 1224 75 37 the
1658 1224 162 38 silence.

529 1283 76 37 His
630 1295 93 35 eyes
760 1296 103 25 were
887 1284 158 39 witless.
1102 1288 41 34 It
1177 1286 146 37 looked
1360 1298 44 25 as
1440 1287 158 47 though
1634 1287 65 37 his
1737 1287 95 48 pale
1870 1288 107 37 head
2013 1288 82 36 had
2131 1288 138 38 talked

426 1345 174 38 without
626 1346 63 37 his
716 1347 191 48 knowing
925 1347 46 38 it.
1026 1350 66 35 He
1112 1349 167 48 wagged
1297 1349 63 38 his
1379 1349 105 38 head
1503 1349 82 37 and
1604 1350 247 37 announced
1869 1350 208 47 solemnly,

572 1409 65 37 I'll
663 1410 112 37 shoo'
961 1413 65 35 He
1040 1425 30 23 w
1071 1425 6 9 r
1080 1411 110 38 aited
1208 1425 24 24 a
1248 1417 194 40 moment,
1475 1413 138 47 trying
1627 1417 45 33 to
1690 1414 102 48 keep
1807 1413 63 38 his
1885 1427 96 35 gaze
1997 1427 53 24 on
2064 1415 71 38 the
2150 1415 98 38 door
2260 1417 8 34 i

427 1472 81 37 and
541 1472 190 49 repeated
764 1486 111 25 more
906 1474 152 47 loudly,

571 1536 64 37 I'll
661 1537 112 36 shoo'
802 1549 94 34 you.
953 1537 64 37 I'll
1043 1539 111 37 shoo'

526 1600 64 36 He
610 1599 142 37 smiled
774 1599 120 38 down
916 1604 44 33 at
980 1601 72 37 the
1073 1601 183 38 revolver
1276 1601 81 38 and
1378 1601 145 49 patted
1545 1602 72 37 the
1637 1601 131 38 barrel
1797 1603 101 36 with
1933 1615 52 24 an
2006 1603 155 38 aimless
2188 1617 56 24 mo-

423 1660 97 37 tion.

568 1726 73 35 We
662 1725 120 36 know
802 1726 131 37 where
955 1726 68 37 fin'
1049 1726 80 45 'im,
1153 1726 115 38 don't
1288 1740 60 24 we
1437 1727 49 37 he
1505 1726 87 39 said
1611 1731 46 33 to
1677 1727 70 37 the
1768 1727 191 39 revolver.

538 1788 76 37 His
635 1801 90 33 eyes
746 1789 237 47 brightened
1004 1789 79 37 and
1103 1789 50 38 he
1174 1790 164 37 became
1359 1803 24 24 a
1402 1790 104 37 little
1526 1790 181 38 steadier.
1762 1790 201 48 Smirking
2002 1794 44 34 at
2084 1791 70 38 the
2174 1791 98 37 door

424 1850 50 38 he
502 1851 129 37 called
649 1851 149 47 loudly,
957 1853 118 37 know
1093 1853 130 37 where
1242 1853 68 37 fin'
1334 1853 82 38 'im.
1472 1855 73 36 We
1566 1854 120 36 know
1705 1855 132 36 where
1856 1854 68 37 fin'
1948 1855 108 37 'im."

528 1915 65 36 He
608 1914 149 37 turned
774 1915 81 37 and
870 1915 80 37 like
967 1928 24 24 a
1007 1928 96 24 man
1118 1916 175 48 walking
1308 1916 43 37 in
1366 1916 71 38 the
1454 1916 102 38 dark
1571 1917 50 37 he
1639 1916 118 37 made
1773 1917 60 37 his
1852 1930 91 33 way
1967 1921 45 33 to
2028 1918 72 36 the
2130 1918 140 38 couch.

424 1980 107 35 Here
552 1978 51 37 he
623 1978 83 37 laid
727 1979 71 37 the
821 1979 182 38 revolver
1024 1979 129 39 down.
1210 1980 115 38 With
1367 1980 122 37 much
1509 1980 115 38 labor
1661 1980 80 37 and
1771 1980 199 49 fumbling
1999 1981 50 37 he
2070 1982 198 47 gathered

423 2053 56 36 up
504 2041 63 38 his
593 2046 201 33 overcoat.
850 2042 115 38 With
990 2043 123 37 much
1137 2043 115 37 labor
1277 2044 50 37 he
1352 2043 131 49 began
1506 2047 46 34 to
1577 2047 76 45 put
1678 2044 34 37 it
1738 2056 64 25 on.
1868 2044 192 47 Halfway
2094 2045 179 47 through

425 2104 71 37 the
517 2104 70 48 job
605 2105 51 36 he
674 2105 165 48 paused,
859 2105 148 37 turned
1027 2105 81 38 and
1126 2110 92 34 sent
1237 2119 24 25 a
1279 2107 203 47 wavering
1499 2107 95 37 look
1614 2107 158 37 toward
1799 2107 71 37 the
1889 2107 109 37 door.

569 2173 67 37 Di'
668 2174 40 46 y'
732 2174 121 37 think
875 2177 20 35 I
919 2175 64 37 do'
1009 2176 119 36 know
1150 2176 130 37 where
1302 2176 68 37 fin'
1397 2175 69 38 'im
1483 2177 14 36 ?
1567 2176 50 37 he
1644 2175 122 49 jibed.

527 2238 65 35 He
615 2241 70 43 got
710 2237 61 37 his
795 2241 191 33 overcoat
1011 2251 53 23 on
1088 2238 81 37 and
1194 2243 76 43 put
1294 2251 53 24 on
1369 2239 62 37 his
1454 2239 84 37 hat.
1595 2241 66 35 He
1687 2238 120 38 stood
1833 2252 23 24 a
1879 2239 94 47 long
2004 2239 102 37 time
2128 2240 101 36 with
2252 2252 22 24 a

424 2299 154 38 solemn
603 2300 233 47 expression
862 2313 53 24 on
941 2301 61 37 his
1028 2301 100 37 face.
1186 2304 65 35 He
1277 2302 166 37 blinked
1468 2302 245 46 studiously.
1769 2304 65 35 He
1854 2302 80 37 had
1954 2302 165 37 become
2141 2302 111 38 stead-

423 2353 68 36 ier.
559 2353 36 37 A
617 2353 110 36 fixed
748 2365 176 36 purpose
946 2354 160 37 seemed
1127 2358 44 33 to
1196 2354 105 39 have
1322 2358 70 44 got
1426 2354 86 37 him
1533 2354 131 37 under
1687 2354 54 37 its
1778 2355 167 36 control.
2013 2355 115 38 With
2162 2358 113 45 great

426 2428 89 24 care
536 2417 49 36 he
606 2416 205 37 buttoned
831 2417 72 36 the
925 2422 191 32 overcoat
1139 2417 82 37 and
1242 2418 149 37 settled
1412 2418 63 37 his
1496 2419 73 36 hat
1592 2429 44 26 as
1661 2417 176 49 straight
1858 2430 52 24 on
1940 2418 62 37 his
2023 2418 105 37 head
2155 2430 44 25 as
2225 2422 51 33 lie

427 2479 128 37 could.
612 2481 103 35 Now
742 2480 62 37 his
831 2492 95 34 eyes
953 2493 103 25 were
1082 2493 53 25 no
1163 2481 138 47 longer
1327 2481 163 37 blurred
1518 2481 81 37 and
1627 2481 221 47 wavering.
1912 2480 115 47 They
2053 2481 153 48 glowed
2232 2493 44 25 as

426 2542 100 36 with
544 2542 110 37 fever
675 2543 80 36 and
776 2556 22 23 a
817 2543 120 37 flame
957 2556 81 24 was
1058 2544 215 47 mounting
1291 2544 42 36 in
1352 2544 62 38 his
1433 2544 155 37 cheeks.
1653 2546 83 35 But
1755 2544 62 37 his
1837 2544 145 36 mouth
2000 2556 81 25 was
2101 2556 23 24 a
2151 2543 122 38 woful

425 2605 130 47 thing,
583 2618 23 24 a
629 2606 149 36 wound
802 2607 94 36 that
921 2607 156 48 opened
1103 2607 80 36 and
1207 2608 110 44 shut,
1343 2608 202 47 writhing.

530 2670 65 35 He
624 2669 147 47 picked
800 2681 55 36 up
893 2670 71 36 the
993 2670 185 37 revolver
1209 2670 80 37 and
1317 2670 145 37 looked
1493 2674 42 33 at
1563 2670 45 40 it,
1644 2670 210 48 smirking.
1910 2670 115 37 With
2053 2671 71 36 the
2150 2671 125 36 smirk

428 2744 52 24 on
504 2731 62 37 his
586 2732 87 36 face
697 2732 51 36 he
771 2732 149 37 turned
945 2733 158 36 toward
1127 2734 71 36 the
1224 2733 99 37 door
1348 2734 80 36 and
1452 2734 130 48 began
1606 2737 45 33 to
1679 2734 127 37 shove
1840 2734 72 36 the
1944 2734 185 37 revolver
2164 2734 116 37 down

424 2794 90 37 into
534 2795 71 36 the
631 2795 132 38 inside
791 2796 148 47 pocket
968 2796 41 37 of
1035 2796 63 37 his
1125 2800 201 34 overcoat.

674 2859 131 44 know,
882 2860 50 36 he
960 2859 99 45 said,
1089 2860 187 47 wagging
1304 2864 42 33 at
1378 2861 70 36 the
1486 2860 113 38 door.
1802 2862 120 35 know
1948 2861 172 37 where...

528 2922 86 38 The
635 2923 150 47 trigger
808 2923 43 37 of
872 2923 72 37 the
966 2923 184 38 revolver
1174 2927 110 34 must
1306 2924 105 37 have
1433 2924 150 47 caught
1606 2924 43 37 in
1676 2936 112 26 some
1811 2928 93 44 part
1936 2924 41 37 of
1999 2924 62 37 his
2085 2924 191 48 clothing.

424 2986 86 37 The
537 2986 117 37 crash
680 2986 42 37 of
748 2987 73 37 the
849 2986 209 48 discharge
1083 2991 89 33 tore
1198 2988 71 36 the
1295 2988 203 47 wavering
1525 2988 128 37 smirk
1680 2988 107 36 from
1813 2988 61 37 his
1901 2988 98 36 face.
2072 2988 208 46 Piteously

424 3052 146 42 intent,
598 3050 51 37 he
670 3050 137 37 stared
829 3050 63 38 for
914 3063 24 24 a
959 3050 149 38 second
1132 3054 43 33 at
1196 3051 70 37 the
1289 3050 109 38 door.
1453 3050 116 38 Then
1591 3052 50 36 he
1663 3051 69 47 lay
1755 3051 165 48 quickly
1941 3051 130 44 down,
2105 3063 43 25 as
2169 3051 30 37 if
2227 3051 50 37 he

427 3113 192 48 accepted
663 3113 263 48 everything..
