2682 4026
517 3183 69 26 102

597 581 86 37 The
714 593 110 26 same
857 593 43 25 as
932 592 103 32 ever,
1108 579 51 37 he
1185 578 100 38 said-

554 648 79 39 She
660 644 197 48 shrugged
885 644 71 36 her
983 642 206 38 shoulders
1218 640 80 38 and
1327 654 24 24 a
1379 654 99 35 poor
1505 640 113 38 smile
1646 640 186 37 flickered
1874 653 52 24 on
1963 640 70 37 her
2061 638 87 49 lips.
2207 638 64 36 He

451 711 146 42 looked
617 715 43 33 at
680 710 71 36 her
770 707 171 46 steadily
961 707 76 37 but
1057 710 73 33 not
1151 705 245 47 offensively,
1420 705 80 36 and
1520 705 70 37 she
1610 705 118 36 could
1748 708 73 33 not
1841 705 97 36 take
1971 704 71 36 her
2061 714 93 35 eyes
2175 701 108 37 from

452 776 63 38 his
540 775 98 36 face.
692 772 85 37 The
803 770 145 46 steady
974 769 73 37 full
1073 769 212 47 breathing
1312 768 41 39 of
1378 768 82 37 this
1487 780 96 24 man
1610 767 117 38 could
1752 767 50 38 be
1828 766 125 38 heard
1978 767 45 36 in
2049 765 70 37 the
2156 777 126 24 room.

451 842 65 35 He
539 841 76 45 put
639 840 73 33 out
735 835 62 38 his
821 839 111 43 great
956 833 110 37 hand
1091 832 80 37 and
1194 831 163 38 stroked
1376 831 105 37 back
1503 831 71 37 the
1598 831 87 36 hair
1708 831 106 36 from
1833 831 70 36 her
1922 828 202 44 forehead,
2144 839 43 26 as
2212 827 70 37 she

452 901 143 39 herself
620 899 82 39 had
727 899 104 37 done
855 899 116 35 when
995 898 70 36 she
1090 895 118 39 stood
1228 895 136 37 before
1383 895 72 36 the
1475 894 143 37 mirror
1640 894 44 37 in
1708 894 71 37 the
1803 894 210 38 bedroom.
2067 892 85 36 Her
2178 890 104 37 head

451 978 82 25 was
556 966 136 36 thrust
718 976 23 24 a
764 962 104 37 little
892 961 104 38 back
1019 960 57 46 by
1097 959 72 37 the
1191 958 148 48 weight
1365 958 42 37 of
1430 958 62 37 his
1516 957 122 45 hand,
1678 957 75 38 but
1778 958 70 37 she
1873 954 218 39 continued
2115 958 45 34 to
2185 953 95 37 look

452 1040 56 37 up
531 1028 88 37 into
643 1026 61 37 his
729 1037 104 34 eyes.
889 1026 83 35 Her
997 1022 129 38 hands
1150 1021 200 38 trembled
1375 1033 53 25 on
1451 1021 71 37 the
1546 1020 100 48 edge
1670 1021 41 36 of
1735 1021 71 37 the
1830 1020 122 38 table.

598 1089 159 38 You've
787 1087 81 38 had
899 1087 172 47 enough,
1147 1086 50 36 he
1227 1085 87 37 said
1345 1089 43 33 at
1418 1084 90 38 last.
1607 1084 149 37 You're
1786 1084 118 47 going
1935 1094 115 34 away
2078 1080 100 37 with
2208 1091 64 24 me

461 1155 82 37 this
578 1152 180 47 evening.
814 1153 94 35 You
934 1162 66 24 are
1027 1149 118 48 going
1172 1161 101 24 now.

557 1215 86 38 The
667 1214 133 49 pupils
824 1213 42 37 of
889 1213 71 36 her
984 1224 93 34 eyes
1101 1211 193 37 widened.
1353 1213 84 34 Her
1461 1210 87 37 face
1573 1223 106 35 grew
1703 1210 90 48 pale
1818 1209 80 37 and
1922 1211 70 36 her
2015 1211 76 46 lips
2124 1224 40 26 se

456 1279 180 40 brilliant
662 1279 56 46 by
744 1280 191 34 contrast.
990 1275 80 40 She
1096 1279 76 44 put
1199 1275 102 37 both
1328 1273 41 37 of
1394 1274 72 36 her
1492 1273 129 37 hands
1648 1273 156 48 against
1830 1273 62 37 his
1918 1274 217 39 shoulders.
2192 1277 92 38 The

456 1343 122 49 quick
596 1345 158 45 gesture
772 1339 159 39 seemed
950 1342 44 33 to
1013 1350 112 25 warn
1143 1338 86 36 him
1247 1341 73 33 not
1339 1341 45 33 to
1405 1349 114 25 come
1538 1349 81 34 any
1637 1348 149 33 nearer,
1821 1340 70 42 yet
1908 1337 71 37 the
2004 1340 125 36 touch
2148 1340 40 37 of
2212 1341 71 37 her

454 1406 129 37 hands
612 1404 157 48 against
797 1403 62 37 his
888 1406 92 33 coat
1009 1414 82 26 was
1120 1400 146 38 almost
1294 1400 78 37 like
1402 1413 23 24 a
1453 1412 140 25 caress.

555 1468 36 38 A
620 1471 84 34 sort
734 1467 41 36 of
804 1477 207 37 eagerness
1042 1463 207 38 animated
1277 1464 71 36 the
1378 1463 87 37 face
1494 1463 41 37 of
1553 1463 70 37 the
1644 1475 106 32 man,
1771 1463 208 47 tempered
1998 1464 56 46 by
2072 1465 212 47 hesitancy

457 1531 80 38 and
552 1543 121 36 grave
689 1541 181 25 concern.
901 1527 87 39 The
1002 1527 97 37 look
1113 1527 42 37 of
1170 1527 61 37 his
1247 1526 87 37 face
1349 1526 154 48 plainly
1517 1526 99 43 said,
1675 1527 21 35 I
1710 1530 110 32 want
1835 1538 92 33 you,
1945 1527 76 37 but
2048 1530 20 34 I
2089 1529 195 37 wouldn't

451 1595 96 37 hurt
573 1605 93 35 you.

555 1660 64 34 He
643 1655 94 38 held
760 1655 63 37 his
848 1654 104 37 head
977 1654 43 36 in
1045 1665 52 24 an
1124 1652 202 37 awkward
1350 1651 160 38 fashion
1536 1651 82 37 and
1642 1651 146 38 moved
1813 1651 61 37 his
1898 1651 88 49 lips,
1999 1654 208 48 searching
2221 1654 63 37 for

450 1721 143 37 words.
647 1719 115 46 They
785 1717 125 49 gazed
935 1721 43 33 at
1003 1717 100 37 each
1127 1717 115 35 other
1265 1715 174 37 without
1463 1715 203 47 speaking.

553 1783 86 37 The
662 1794 96 25 man
781 1794 52 24 on
856 1781 70 37 the
950 1780 127 37 couch
1100 1779 111 48 flung
1233 1779 63 37 his
1319 1778 106 37 head
1447 1778 184 45 fretfully
1654 1778 138 44 about,
1818 1778 154 48 opened
1999 1779 62 37 his
2084 1792 92 34 eyes
2201 1780 81 38 and

452 1845 164 40 blinked
638 1857 55 36 up
717 1849 44 32 at
781 1844 71 37 the
873 1844 115 47 light,
1012 1842 151 37 turned
1184 1842 63 37 his
1268 1841 112 47 body
1402 1854 24 24 a
1447 1841 107 36 little
1576 1853 110 24 more
1708 1841 80 36 and
1810 1841 130 38 raised
1961 1842 159 38 himself
2143 1856 52 25 on
2221 1844 63 37 his

452 1910 138 38 elbow.
645 1908 77 37 His
747 1907 162 38 swollen
932 1907 79 48 lips
1037 1905 118 38 made
1181 1918 24 24 a
1230 1909 214 44 grotesque
1470 1908 177 44 attempt
1671 1908 45 34 to
1741 1904 110 38 draw
1875 1905 241 38 themselves
2150 1906 129 45 down,

453 1973 81 38 and
552 1971 122 38 failed
692 1983 7 34 ;
720 1971 77 38 but
815 1971 71 37 the
904 1974 108 34 stare
1031 1969 42 37 of
1092 1969 62 37 his
1174 1981 93 34 eyes
1285 1981 82 25 was
1386 1968 120 45 fixed,
1527 1968 233 48 unwinking
1781 1968 79 37 and
1879 1969 172 37 terrible.
2116 1971 64 36 He
2199 1982 79 26 saw

451 2039 90 36 how
563 2037 71 36 her
656 2035 96 38 bare
776 2046 98 33 arm,
897 2034 71 36 the
990 2033 131 37 sleeve
1143 2032 158 49 slipped
1324 2032 117 44 back,
1466 2031 183 48 gleamed
1671 2031 79 38 like
1773 2044 24 24 a
1818 2031 74 38 bar
1920 2032 40 37 of
1982 2032 120 38 silver
2125 2033 157 48 against

451 2102 71 36 the
549 2098 74 39 tall
651 2098 130 37 man's
810 2096 199 39 shoulder.
1067 2098 65 35 He
1160 2095 137 38 stared
1326 2095 81 36 and
1434 2095 100 36 then
1562 2095 61 36 his
1651 2094 88 37 face
1771 2095 163 36 became
1964 2095 94 38 dull.
2115 2096 167 47 Quietly

451 2165 51 37 he
527 2162 82 38 laid
636 2161 162 38 himself
840 2160 120 37 down
987 2159 129 48 again.

551 2225 87 37 The
660 2224 74 38 tall
758 2236 96 24 man
876 2222 88 39 said
988 2226 43 33 at
1055 2222 91 44 last,
1218 2222 109 36 Pack
1350 2233 102 34 your
1475 2220 173 38 suitcase
1672 2219 81 38 and
1777 2233 112 24 come
1913 2233 126 34 away.
2094 2222 80 36 I'm
2207 2226 75 32 not

452 2289 142 48 asking
616 2300 83 35 you
720 2291 44 33 to
784 2317 35 7 ..
842 2317 7 7 .
874 2289 93 34 You
991 2286 129 36 know.
1177 2287 94 34 You
1292 2283 251 38 understand
1566 2296 74 31 me,
1667 2283 114 37 don't
1804 2296 93 33 you,
1931 2284 112 46 Sally
2060 2284 14 37 ?
2145 2286 21 35 I
2190 2284 91 38 love

451 2365 94 35 you.
603 2354 84 35 But
709 2350 128 38 that's
861 2353 73 33 not
957 2349 46 44 it,
1029 2352 74 33 not
1126 2347 182 47 entirely.
1365 2349 20 35 I
1411 2346 196 38 wouldn't
1629 2350 69 43 try
1724 2350 43 33 to
1792 2347 125 37 break
1939 2358 55 37 up
2023 2359 101 34 your
2148 2348 131 43 home,

451 2420 74 33 not
546 2415 31 38 if
599 2427 83 35 you
703 2414 82 37 had
808 2427 23 23 a
854 2413 130 37 home.
1040 2414 21 35 I
1084 2423 65 26 see
1171 2423 82 34 you
1272 2411 173 47 wearing
1459 2410 175 46 yourself
1657 2414 72 33 out
1752 2411 103 37 here.
1905 2409 98 39 This
2024 2410 34 38 is
2087 2410 196 48 breaking

450 2491 95 35 you,
569 2477 83 39 this
673 2477 195 38 business.
924 2475 160 37 You've
1106 2474 87 38 said
1216 2487 43 24 so
1283 2474 187 47 yourself.
1525 2476 103 34 Now
1649 2473 68 38 it's
1738 2474 100 36 time
1859 2477 45 33 to
1927 2477 71 33 cut
2025 2474 35 36 it
2082 2477 84 40 out,
2185 2486 73 33 any-

450 2556 93 33 way
565 2542 63 37 for
652 2540 153 38 awhile.
861 2542 21 35 I
906 2552 83 25 saw
1011 2538 93 37 that
1128 2538 93 37 look
1244 2538 42 37 in
1309 2550 103 35 your
1435 2550 91 34 eyes
1550 2538 117 36 when
1691 2539 19 36 I
1736 2550 113 25 came
1872 2537 54 38 in.
1980 2540 135 39 L,eave
2147 2538 87 36 him
2258 2550 23 25 a

450 2610 110 34 note.
615 2605 65 38 I'll
702 2604 96 37 take
821 2615 82 35 you
926 2603 212 45 anywhere
1159 2614 83 34 you
1263 2614 83 34 say.
1404 2604 93 35 You
1519 2614 76 24 can
1617 2614 49 35 go
1688 2605 45 33 to
1757 2613 70 34 my
1849 2601 205 38 mother's.
2110 2603 56 36 Or
2199 2613 85 34 you

452 2680 76 27 can
551 2681 51 36 go
625 2672 46 33 to
696 2680 24 24 a
743 2666 122 38 hotel.
923 2667 82 35 But
1029 2665 148 47 you've
1200 2669 70 43 got
1294 2668 44 34 to
1364 2665 104 37 have
1494 2677 23 24 a
1541 2669 93 40 rest,
1661 2664 62 37 for
1747 2664 142 37 awhile
1909 2676 185 34 anyway.
2148 2666 21 35 I
2202 2676 82 24 saw

449 2733 95 37 that
553 2731 95 37 look
661 2731 43 37 in
723 2742 103 35 your
840 2742 93 34 eyes
948 2729 117 36 when
1075 2731 21 35 I
1108 2741 112 24 came
1238 2728 54 37 in.
1338 2730 104 35 Now
1456 2728 148 47 you've
1619 2731 70 44 got
1707 2731 45 33 to
1762 2728 91 47 give
1866 2727 83 37 this
1964 2726 180 38 business
2166 2739 23 25 a
2208 2727 56 37 let-

449 2808 67 36 up.
572 2794 127 38 Don't
725 2806 132 33 worry
884 2793 127 37 about
1037 2792 96 37 him.
1188 2794 134 40 Leave
1347 2792 86 37 him
1459 2804 23 24 a
1508 2795 96 33 note
1630 2791 80 37 and
1736 2803 110 25 some
1884 2803 158 34 money.
2096 2791 187 45 Anyway

449 2860 20 35 I
488 2857 105 38 have
611 2857 150 46 always
779 2855 200 49 managed
996 2858 45 34 to
1059 2855 94 36 look
1169 2855 86 36 him
1273 2867 54 36 up
1348 2867 121 34 every
1487 2855 82 45 day
1588 2867 44 24 or
1649 2866 56 32 so,
1726 2853 65 37 I'll
1810 2865 66 26 see
1903 2857 45 33 to
1966 2853 33 37 it
2017 2853 94 37 that
2129 2853 50 37 he
2196 2857 88 44 gets

450 2920 129 49 along.
635 2923 94 35 You
748 2920 119 36 know
885 2919 93 37 that
999 2918 130 40 Eddie
1149 2918 81 38 and
1249 2920 21 36 I
1290 2918 251 38 understand
1562 2918 99 37 each
1681 2918 127 43 other,
1830 2916 123 47 Sally,
1975 2919 21 35 I
2017 2929 119 25 mean
2168 2917 116 37 when

449 2984 83 37 he's
556 2984 127 37 sober.
738 2982 94 38 And
856 2985 20 35 I
902 2982 115 37 don't
1041 2982 105 37 have
1168 2985 44 33 to
1236 2982 72 36 tell
1332 2994 94 34 you,
1453 2980 52 38 do
1529 2983 21 35 I
1576 2980 122 47 Sally,
1724 2980 94 37 that
1842 2982 113 35 lam
1979 2980 144 37 honest
2156 2980 127 37 about

450 3046 33 37 it
503 3046 101 37 with
623 3046 102 37 both
746 3046 41 37 of
807 3058 94 35 you,
925 3058 51 25 no
998 3049 152 34 matter
1170 3045 91 37 how
1282 3045 122 38 much
1425 3047 19 35 I
1466 3048 110 33 want
1599 3056 82 35 you
1698 3045 14 36 ?
1771 3046 94 35 You
1894 3043 81 37 and
1996 3043 130 40 Eddie
2147 3042 80 38 and
2247 3045 34 42 I,
