2592 3991
351 361 178 46 LOVE
577 362 88 45 OF
713 343 205 65 ONE'S
971 363 369 45 NEIGHBOR

1290 3707 90 85 36

489 539 254 65 HOTEL
787 539 301 66 OWNER.
1185 542 189 62 Then
1414 565 134 61 you
1595 566 122 41 can
1759 546 193 62 stand
1999 545 47 63 it
2093 567 38 41 a
2180 546 131 62 few

350 654 286 66 minutes
678 655 247 83 longer.
1021 656 142 65 The
1205 658 230 81 people
1477 680 110 41 are
1630 659 298 63 bored—

487 771 201 62 TALL
746 771 334 64 TOURIST.
1196 773 152 83 Say,
1412 774 166 64 have
1639 797 132 60 you
1834 797 129 61 any
2024 776 147 63 idea
2232 776 79 63 of

351 887 180 64 what
567 909 134 61 you
738 887 166 65 have
942 889 215 63 done?
1243 890 107 62 Do
1386 912 134 61 you
1560 891 235 64 realize
1834 892 110 63 the
1982 891 329 83 enormity

350 1002 80 62 of
489 1002 94 64 it?
688 1004 155 62 You
904 1026 110 42 are
1073 1006 401 73 scoundrels,
1541 1007 150 62 who
1759 1007 109 63 for
1929 1028 170 61 your
2159 1028 153 42 own

351 1117 228 65 sordid
627 1120 306 81 personal
984 1121 161 64 ends
1196 1121 165 66 have
1412 1121 354 84 impiously
1818 1122 334 82 exploited
2202 1124 110 63 the

360 1233 192 65 finest
616 1235 249 63 human
929 1235 371 77 sentiment,
1367 1237 149 63 love
1580 1237 77 63 of
1722 1238 181 62 one's
1968 1238 338 82 neighbor.

354 1351 155 63 You
546 1351 167 63 have
754 1352 239 64 caused
1032 1374 78 42 us
1149 1362 70 54 to
1259 1354 300 82 undergo
1606 1354 145 63 fear
1792 1356 129 62 and
1964 1354 342 82 suffering.

353 1465 153 65 You
541 1467 166 63 have
740 1468 319 80 poisoned
1092 1489 127 44 our
1251 1469 222 64 hearts
1506 1469 162 64 with
1701 1469 158 83 pity.
1947 1469 154 64 And
2137 1492 170 52 now,

351 1581 180 63 what
561 1581 55 63 is
647 1583 111 63 the
790 1583 241 80 upshot
1063 1583 78 64 of
1177 1583 48 64 it
1258 1583 128 64 all?
1466 1585 144 62 The
1642 1585 241 81 upshot
1919 1583 53 65 is
2005 1585 142 63 that
2180 1585 131 63 this

353 1718 242 61 scamp,
647 1721 169 60 your
863 1699 130 66 vile
1039 1700 411 81 accomplice,
1503 1700 54 62 is
1605 1700 225 65 bound
1878 1712 69 52 to
1996 1701 108 63 the
2155 1700 157 64 rock

353 1813 131 64 and
524 1823 114 54 not
678 1815 156 81 only
875 1815 133 63 will
1050 1816 80 62 he
1172 1826 114 52 not
1333 1815 118 63 fall
1493 1837 71 41 as
1606 1816 379 82 everybody
2025 1826 284 71 expects,

349 1929 117 63 but
508 1929 80 63 he
630 1929 189 63 can't.

490 2051 371 63 MILITARY
904 2053 329 64 WOMAN.
1326 2053 207 64 What
1577 2053 53 63 is
1675 2053 108 64 the
1828 2052 286 65 matter?
2204 2052 110 64 He

351 2166 120 64 has
504 2176 115 73 got
650 2176 70 54 to
759 2168 136 63 fall.

490 2287 333 63 TOURIST.
915 2286 413 66 Policeman!
1422 2288 412 64 Policeman!

503 2436 182 80 (The
720 2444 232 73 pastor
989 2446 235 67 enters,
1271 2447 114 53 out
1426 2437 77 82 of
1543 2437 288 81 breath.)

492 2584 294 64 PASTOR.
876 2583 253 66 What?
1216 2584 66 64 Is
1323 2585 80 61 he
1445 2584 128 64 still
1616 2584 252 84 living?
1958 2585 128 75 Oh,
2132 2587 183 62 there

354 2700 77 64 he
471 2698 87 64 is!
644 2700 208 64 What
896 2700 212 63 fakirs
1146 2701 188 63 those
1378 2700 466 64 Salvationists
1886 2723 128 41 are.

490 2831 284 63 VOICES.
862 2832 206 63 Don't
1102 2853 133 61 you
1268 2831 200 63 know
1503 2833 144 62 that
1682 2833 82 62 he
1802 2832 52 62 is
1888 2833 271 64 bound?

494 2964 293 62 PASTOR.
889 2963 273 63 Bound!
1262 2963 240 64 Bound
1553 2974 70 53 to
1674 2963 223 64 what?
1995 2964 103 62 To
2151 2963 165 63 life?

355 3078 195 75 Well,
590 3101 98 41 we
729 3101 110 41 are
878 3079 84 63 all
999 3078 226 65 bound
1261 3088 70 54 to
1370 3078 122 65 life
1529 3078 166 65 until
1736 3081 195 62 death
1972 3101 197 60 snaps
2207 3081 109 62 the

355 3196 178 63 cord.
621 3195 132 64 But
790 3195 295 64 whether
1121 3196 80 63 he
1239 3195 54 62 is
1328 3195 226 64 bound
1592 3217 78 42 or
1709 3205 114 54 not
1860 3195 245 75 bound,
2147 3194 31 63 I
2220 3217 65 40 re-

357 3311 290 64 conciled
693 3312 138 62 him
875 3312 160 63 with
1077 3313 270 74 heaven,
1395 3313 131 62 and
1568 3312 198 62 that's
1811 3312 280 82 enough.
2187 3312 130 62 But

355 3427 189 64 those
583 3426 212 65 fakirs
797 3466 92 6 —

497 3559 334 68 TOURIST.
952 3558 412 65 Policeman!
1479 3559 399 74 Policeman,
1947 3580 132 62 you
2142 3570 175 53 must
