2209 3751
852 229 274 37 EXÉCUTIONS
1159 232 221 34 RÉCENTES

137 232 51 40 30

266 324 61 40 La
350 327 189 39 matinée
578 326 52 40 de
663 325 101 51 gala
786 325 173 40 donnée
999 326 38 39 le
1077 341 47 25 20
1164 327 242 47 décembre,
1444 342 54 27 au
1541 327 356 49 Conservatoire,
1943 344 78 37 par
2060 331 40 39 la

136 388 173 43 Société
332 393 210 38 mutuelle
562 393 76 40 des
654 391 287 53 professeurs,
967 407 54 25 au
1044 393 130 51 profit
1195 395 52 39 de
1267 409 45 25 sa
1338 397 137 38 caisse
1498 396 51 39 de
1587 398 213 46 retraites,
1837 395 66 41 n'a
1930 410 80 37 pas
2033 402 66 35 été

130 458 241 40 seulement
391 472 84 26 une
493 459 168 49 grande
679 458 328 41 manifestation
1031 460 52 39 de
1106 463 246 50 sympathie
1386 476 110 38 pour
1519 471 108 31 cette
1649 464 281 39 association.
1956 463 95 40 Elle
2077 478 21 25 a

132 537 53 26 eu
204 539 56 24 un
280 524 108 40 éclat
412 527 228 49 artistique
663 526 132 49 digne
828 526 52 39 de
900 529 194 38 mention
1134 527 30 40 II
1189 527 114 42 suffît
1335 529 52 40 de
1425 532 103 37 citer
1559 530 61 39 les
1643 543 127 26 noms
1812 531 76 39 des
1924 532 174 39 artistes

133 591 74 49 qui
231 600 73 30 ont
328 597 180 45 apporté
532 592 93 40 leur
644 605 212 27 concours
878 604 7 28 :
913 593 44 40 M
961 598 62 18 mes
1044 593 162 49 Bartet,
1228 594 142 49 Sorel,
1392 596 162 48 Piérat,
1585 596 212 48 Provost;
1840 596 112 40 MM.
1973 597 96 41 Mou-

132 656 240 53 net-Suliy,
398 657 49 40 L.
473 657 162 50 Leloir,
661 658 61 40 Le
745 659 162 52 Bargy,
929 658 198 53 Georges
1149 662 119 44 Berr,
1296 662 251 50 Huguenet,
1571 663 54 39 de
1662 663 39 39 la
1727 662 343 41 Comédie-Fran-

132 725 113 47 çaise
271 737 9 34 ;
305 724 53 40 ils
373 734 74 31 ont
469 725 76 47 dit,
569 739 101 26 avec
690 727 254 51 éloquence,
986 741 102 27 avec
1110 730 235 49 grandeur,
1379 744 100 25 avec
1505 731 136 50 esprit
1676 738 41 31 et
1749 728 160 42 finesse
1945 739 97 32 tour
2076 736 20 35 à

132 799 98 31 tour
248 804 97 27 vers
367 800 41 32 et
431 805 143 39 prose,
601 799 149 34 scènes
774 802 41 31 et
839 795 307 49 monologues.

186 856 61 41 La
271 861 138 48 partie
440 860 212 39 musicale
688 863 271 49 comprenait
981 875 84 26 une
1102 868 168 36 rentrée
1307 864 343 41 sensationnelle
1688 864 52 39 de
1771 863 44 40 M
1820 869 47 17 me
1901 863 133 52 Isaac,
2062 866 36 39 la

132 925 167 48 grande
323 927 151 39 artiste
494 928 73 50 qui
593 929 115 38 avait
730 932 371 47 prématurément
1126 932 137 49 quitté
1295 931 38 40 la
1357 937 142 41 scène,
1530 939 41 31 et
1601 944 83 38 que
1718 945 67 25 ses
1809 932 292 40 admirateurs

134 1000 75 31 ont
230 997 226 36 retrouvée
478 1006 53 27 en
553 997 257 48 possession
832 996 54 39 de
908 1008 44 27 sa
981 995 272 54 magnifique
1275 1000 98 38 voix
1395 1007 41 32 et
1467 999 53 40 de
1552 1006 63 31 cet
1649 1007 64 30 art
1736 999 58 39 du
1831 999 133 40 chant
1995 999 106 40 dont

129 1070 113 28 nous
262 1057 180 42 n'avons
465 1060 99 51 plus
593 1074 84 38 que
701 1061 214 52 quelques
937 1064 257 51 interprètes
1214 1066 232 39 autorisés.
1467 1065 186 50 Fugère,
1681 1080 57 25 un
1760 1073 122 32 autre
1905 1067 193 39 éminent

132 1130 300 46 représentant
457 1127 53 39 de
533 1136 64 31 cet
620 1137 64 31 art
702 1130 74 50 qui
800 1129 101 40 tend
922 1133 21 35 à
965 1130 275 51 disparaître,
1267 1133 140 39 s'était
1427 1132 77 40 fait
1526 1145 193 35 excuser,
1741 1134 90 49 pris
1852 1146 53 27 au
1926 1133 175 40 dernier

130 1202 195 31 moment
360 1207 78 37 par
466 1207 86 26 une
584 1194 206 41 fâcheuse
818 1197 326 50 indisposition.
1179 1199 61 39 M.
1270 1199 122 40 Léon
1431 1198 229 42 Delafosse
1693 1214 21 25 a
1745 1201 235 50 interprété
2015 1214 83 27 une

133 1257 232 42 Tarentelle
398 1260 52 40 de
485 1261 282 49 Rubinstein,
793 1271 40 32 et
871 1277 84 26 une
981 1264 265 54 Paraphrase
1282 1280 70 24 sur
1388 1265 40 40 la
1471 1279 20 24 «
1534 1265 121 41 Valse
1693 1268 69 38 des
1799 1266 150 41 Fleurs
1983 1280 19 25 »
2044 1268 54 40 de

130 1324 368 55 Tschaïkowsky,
520 1335 56 34 où
600 1343 45 26 sa
667 1329 203 41 brillante
894 1332 226 40 virtuosité
1146 1332 101 40 s'est
1268 1333 146 39 donné
1442 1334 186 39 carrière
1661 1343 41 31 et
1738 1347 21 26 a
1783 1336 80 38 tiré
1884 1334 58 40 du
1964 1336 132 50 piano

129 1395 139 37 tantôt
289 1394 75 40 des
387 1395 215 40 douceurs
621 1395 52 41 de
697 1399 193 38 sonorité
910 1402 21 35 à
959 1400 127 49 peine
1118 1399 303 52 perceptibles,
1447 1402 140 38 tantôt
1608 1400 76 40 des
1707 1400 330 42 tremblements
2059 1410 41 32 et

129 1460 75 40 des
225 1461 133 40 éclats
381 1461 51 40 de
456 1470 217 33 tonnerre.

183 1526 64 40 La
287 1526 172 41 Société
497 1529 76 40 des
614 1531 287 41 instruments
934 1536 21 35 à
996 1542 101 31 vent
1132 1533 127 51 (MM.
1296 1533 194 50 Mimart,
1534 1534 194 47 Bleuzet,
1761 1535 80 39 Ph.
1886 1534 214 51 Gaubert,

131 1592 181 49 Gobert,
347 1594 216 53 Lebailly,
613 1595 212 53 Pénable,
866 1598 269 52 Delgrange,
1169 1599 221 50 Letellier,
1428 1601 254 49 Bourdeau)
1717 1616 21 25 a
1781 1607 174 36 exécuté
1993 1606 107 37 trois

127 1662 162 50 parties
312 1661 53 40 de
390 1661 163 41 YOctett
576 1663 52 40 de
651 1663 250 42 Beethoven
924 1668 88 49 (op.
1046 1665 98 54 103)
1168 1681 109 38 pour
1309 1668 111 40 deux
1449 1668 265 46 clarinettes,
1734 1670 110 40 deux
1867 1670 228 49 hautbois,

127 1728 111 40 deux
261 1728 187 41 bassons
487 1738 41 32 et
558 1731 112 40 deux
702 1745 95 26 cors
822 1746 10 34 ;
866 1734 113 50 puis,
1017 1734 37 39 le
1089 1733 177 55 Caprice
1298 1750 71 24 sur
1407 1736 71 38 des
1511 1736 83 39 airs
1637 1737 152 39 danois
1820 1744 36 32 et
1890 1752 137 25 russes
2048 1738 54 40 de

128 1793 293 43 Saint-Saëns
439 1795 130 54 (pour
600 1798 119 45 flûte,
745 1798 221 51 hautbois,
1010 1801 225 40 clarinette
1254 1810 40 31 et
1334 1804 150 49 piano,
1505 1802 61 40 M.
1606 1802 221 53 Grovlez).
1853 1802 75 56 Ç'a
1952 1809 66 36 été
2039 1820 59 25 un

128 1863 119 49 régal
271 1876 112 38 pour
405 1863 62 40 les
486 1865 195 40 délicats.
708 1865 31 40 Il
762 1864 109 42 n'est
891 1879 77 38 pas
990 1868 195 50 possible
1213 1867 254 42 d'entendre
1501 1872 289 39 instruments
1822 1872 99 51 plus
1944 1872 152 52 justes,

127 1931 143 38 mieux
292 1931 175 45 fondus,
493 1932 109 51 style
625 1932 97 51 plus
743 1933 157 51 simple
922 1943 40 30 et
990 1935 99 50 plus
1113 1936 200 47 musical,
1349 1937 276 41 articulation
1649 1938 99 51 plus
1783 1938 130 40 sobre
1935 1947 41 32 et
1998 1940 99 50 plus

125 2005 131 31 nette.
280 1995 116 42 C'est
416 1998 38 39 la
478 1997 239 52 perfection
741 2003 156 36 même.

180 2062 146 49 Enfin,
352 2064 62 40 les
428 2065 142 40 élèves
592 2067 53 38 de
662 2067 130 39 chant
811 2067 57 40 du
889 2066 355 52 Conservatoire,
1263 2082 103 28 sous
1390 2070 39 40 la
1447 2071 211 40 direction
1680 2072 53 40 de
1751 2072 62 40 M.
1839 2072 54 41 H.
1912 2072 181 52 Busser,

127 2139 75 31 ont
224 2131 157 40 chanté
404 2132 108 39 deux
536 2133 174 40 chœurs
745 2147 102 26 sans
882 2145 419 42 accompagnement
1332 2138 57 39 du
1420 2150 67 27 xvi
1493 2143 15 16 e
1536 2139 143 47 siècle,
1705 2148 55 37 et,
1801 2154 102 26 avec
1926 2154 142 27 accom-

126 2207 268 41 pagnement
416 2199 53 40 de
491 2202 149 49 piano,
663 2201 109 39 deux
792 2201 174 41 chœurs
992 2202 52 39 de
1066 2201 60 40 M.
1153 2201 179 42 Gabriel
1360 2202 156 51 Fauré,
1540 2206 37 38 le
1609 2204 206 56 Cantique
1843 2208 50 37 de
1914 2207 179 51 Racine,

125 2273 40 31 et
190 2265 37 38 ie
249 2264 220 54 Madrigal
475 2298 8 17 ,
510 2269 74 48 qui
607 2276 99 31 sont
729 2266 103 41 d'un
855 2274 215 35 caractère
1092 2269 216 51 différent,
1330 2272 173 38 celui-là
1528 2271 129 41 d'une
1680 2275 262 49 inspiration
1962 2275 134 40 noble

125 2340 41 31 et
198 2331 148 48 haute,
368 2331 102 42 d'un
503 2334 109 51 style
631 2349 133 35 grave
793 2343 56 33 où
885 2336 61 39 les
981 2336 207 40 délicates
1211 2338 252 40 recherches
1486 2337 273 43 d'harmonie
1783 2354 45 26 se
1851 2340 183 42 fondent
2055 2351 41 32 et

125 2397 218 42 semblent
364 2400 261 52 disparaître
647 2402 110 40 dans
777 2403 39 40 la
840 2403 178 50 largeur
1045 2404 52 39 de
1131 2404 39 39 la
1206 2405 185 40 mélodie
1416 2420 8 33 ;
1463 2406 169 40 celui-ci
1667 2410 153 48 exquis
1858 2409 52 39 de
1945 2413 146 46 grâce,

124 2465 179 52 d'esprit
324 2467 188 51 juvénile
534 2476 40 31 et
596 2468 52 40 de
672 2469 217 41 fraîcheur
907 2470 269 40 charmante.
1215 2470 223 49 L'auteur,
1474 2475 73 49 qui
1579 2476 103 38 était
1716 2489 52 25 au
1792 2476 148 50 piano,
1975 2491 22 25 a
2030 2481 68 36 été

124 2533 408 42 chaleureusement
559 2536 208 51 applaudi
788 2551 10 34 ;
833 2538 39 39 le
905 2537 146 52 public
1093 2552 20 25 a
1150 2539 135 39 voulu
1318 2541 110 38 ainsi
1472 2539 184 42 féliciter
1689 2542 39 39 le
1766 2542 216 41 directeur
2015 2546 75 50 qui

122 2600 182 40 donnait
346 2615 79 26 son
445 2615 212 28 concours
683 2608 20 35 à
727 2604 37 39 la
790 2603 83 41 fête
895 2604 53 40 de
971 2618 68 26 ses
1072 2604 360 49 collaborateurs,
1457 2616 41 31 et
1522 2608 181 40 l'artiste
1726 2610 74 50 qui
1832 2623 21 26 a
1889 2612 206 50 imprimé

123 2670 20 35 à
178 2676 142 31 toutes
356 2681 67 28 ses
447 2672 317 49 compositions
788 2686 57 25 un
868 2671 329 53 incomparable
1220 2673 146 41 cachet
1386 2674 52 39 de
1470 2675 256 41 distinction
1748 2686 40 30 et
1820 2677 52 40 de
1891 2681 146 46 grâce.

1824 2742 47 42 S.

173 2875 66 42 DE
270 2877 352 43 MONTE-CARLO.

727 2879 60 41 La
813 2881 256 54 Symphonie
1091 2896 48 24 en
1180 2883 34 38 si
1251 2882 164 39 mineur
1420 2914 9 17 ,
1454 2884 53 39 de
1534 2882 60 40 M.
1619 2883 152 41 Alfred
1796 2884 191 49 Casella,
2011 2899 84 39 que

119 2943 61 40 M.
217 2944 121 41 Léon
360 2945 129 54 Jehin
513 2950 115 38 avait
658 2950 176 38 inscrite
858 2963 54 25 au
932 2962 282 38 programme
1248 2949 57 40 du
1341 2951 247 50 cinquième
1611 2961 172 31 concert
1805 2953 236 52 classique,
2068 2968 21 25 a

122 3017 217 45 remporté
361 3028 58 24 un
435 3014 188 40 éclatant
647 3021 162 34 succès.
833 3014 120 41 C'est
967 3030 86 26 une
1077 3015 83 41 fort
1182 3016 112 40 belle
1336 3031 165 33 œuvre,
1527 3017 308 54 d'inspiration
1858 3021 162 47 élevée,
2042 3021 54 40 de

122 3079 139 39 solide
297 3088 233 33 structure.
567 3080 86 42 Les
695 3083 183 45 thèmes',
920 3083 265 52 développés
1222 3097 101 26 avec
1347 3099 84 26 une
1454 3099 97 26 rare
1574 3087 194 47 adresse,
1790 3096 40 31 et
1853 3087 166 53 parfois
2042 3102 53 26 en

120 3146 270 52 polyphonie
414 3153 85 35 très
525 3158 198 41 savante,
749 3159 74 30 ont
846 3165 59 25 un
926 3157 216 34 caractère
1160 3151 53 39 de
1232 3150 205 41 noblesse
1456 3161 41 31 et
1513 3154 54 39 de
1590 3155 216 40 solennité
1830 3157 73 50 qui
1926 3160 170 48 évoque

117 3213 11 39 1
147 3214 96 39 idée
266 3212 103 42 d'un
388 3216 144 51 ample
550 3224 40 32 et
612 3217 272 51 majestueux
902 3218 163 40 choral.
1090 3217 63 41 La
1175 3221 168 38 science
1359 3220 295 52 harmonique
1674 3230 40 31 et
1736 3222 62 40 les
1839 3222 256 42 recherches

118 3280 313 53 orchestrales,
454 3285 73 49 qui
552 3297 52 26 ne
628 3292 98 32 sont
741 3297 79 38 pas
836 3297 102 28 sans
952 3287 199 51 rappeler
1169 3285 166 52 parfois
1354 3286 38 39 la
1407 3290 194 37 manière
1614 3289 53 38 de
1689 3287 190 42 Richard
1896 3287 197 52 Strauss,

122 3357 216 41 prouvent
369 3363 58 26 un
445 3353 214 38 musicien
693 3357 271 44 consommé,
989 3367 53 26 en
1068 3353 145 52 pleine
1237 3356 254 49 possession
1514 3355 54 40 de
1590 3363 144 33 toutes
1757 3356 63 40 les
1843 3370 255 28 ressources

117 3415 53 39 de
190 3428 80 27 son
304 3425 83 31 art.

171 3481 63 42 Le
271 3489 149 35 succès
460 3483 64 42 fut
560 3485 76 41 des
658 3487 98 51 plus
780 3487 86 41 vifs
906 3501 115 39 pour
1056 3496 108 33 cette
1196 3502 149 28 œuvre
1368 3501 9 39 ;
1402 3497 42 33 et
1465 3489 205 51 hauteur,
1696 3492 73 51 qui
1787 3491 207 52 dirigeait
2013 3493 83 41 lui-
