<?xml version="1.0" encoding="UTF-8"?>
<alto xmlns:xsi="http://www.w3.org/2001/XMLSchema-instance" xmlns="http://www.loc.gov/standards/alto/ns-v2#" xsi:schemaLocation="http://www.loc.gov/standards/alto/ns-v2# http://www.loc.gov/standards/alto/alto-v2.0.xsd" xmlns:xlink="http://www.w3.org/1999/xlink">
	<Description>
		<MeasurementUnit>mm10</MeasurementUnit>
		<sourceImageInformation>
			<fileName>//fileserver7/IN2-2/Princeton/bmtnabj/1909/01/01_01/00000026.tif</fileName>
		</sourceImageInformation>
		<OCRProcessing ID="OCRPROCESSING_1">
			<preProcessingStep>
				<processingSoftware>
					<softwareCreator>CCS Content Conversion Specialists GmbH, Germany</softwareCreator>
					<softwareName>CCS docWorks</softwareName>
					<softwareVersion>6.7-1.20</softwareVersion>
				</processingSoftware>
			</preProcessingStep>
			<ocrProcessingStep>
				<processingSoftware>
					<softwareCreator>ABBYY (BIT Software), Russia</softwareCreator>
					<softwareName>FineReader</softwareName>
					<softwareVersion>10.0</softwareVersion>
				</processingSoftware>
			</ocrProcessingStep>
		</OCRProcessing>
	</Description>
	<Styles>
		<TextStyle ID="TXT_0" FONTSIZE="10" FONTFAMILY="Times New Roman"/>
		<TextStyle ID="TXT_1" FONTSIZE="14" FONTFAMILY="Times New Roman"/>
		<TextStyle ID="TXT_2" FONTSIZE="14" FONTFAMILY="Times New Roman" FONTSTYLE="italics"/>
		<ParagraphStyle ID="PAR_LEFT" ALIGN="Left"/>
		<ParagraphStyle ID="PAR_CENTER" ALIGN="Center"/>
		<ParagraphStyle ID="PAR_BLOCK" ALIGN="Block"/>
	</Styles>
	<Layout>
		<Page ID="P12" PHYSICAL_IMG_NR="12" HEIGHT="3751" WIDTH="2209" PRINTED_IMG_NR="12" PC="0.927">
			<TopMargin ID="P12_TM00001" HPOS="0" VPOS="0" WIDTH="2209" HEIGHT="300">
				<TextBlock ID="P12_TB00001" HPOS="145" VPOS="253" WIDTH="48" HEIGHT="30" STYLEREFS="TXT_0 PAR_LEFT">
					<TextLine ID="P12_TL00001" HPOS="146" VPOS="255" WIDTH="44" HEIGHT="25">
						<String ID="P12_ST00001" HPOS="146" VPOS="255" WIDTH="44" HEIGHT="25" CONTENT="12" WC="0.73" CC="05"/>
					</TextLine>
				</TextBlock>
				<TextBlock ID="P12_TB00002" HPOS="301" VPOS="249" WIDTH="1633" HEIGHT="48" STYLEREFS="TXT_0 PAR_CENTER">
					<TextLine ID="P12_TL00002" HPOS="304" VPOS="249" WIDTH="1628" HEIGHT="45">
						<String ID="P12_ST00002" HPOS="304" VPOS="256" WIDTH="49" HEIGHT="25" CONTENT="LA" WC="1.00" CC="00"/>
						<SP ID="P12_SP00001" HPOS="353" VPOS="281" WIDTH="31"/>
						<String ID="P12_ST00003" HPOS="384" VPOS="256" WIDTH="195" HEIGHT="32" CONTENT="MUSIQUE" WC="0.99" CC="4300040"/>
						<SP ID="P12_SP00002" HPOS="579" VPOS="288" WIDTH="33"/>
						<String ID="P12_ST00004" HPOS="612" VPOS="256" WIDTH="51" HEIGHT="26" CONTENT="ET" WC="0.76" CC="04"/>
						<SP ID="P12_SP00003" HPOS="663" VPOS="288" WIDTH="31"/>
						<String ID="P12_ST00005" HPOS="694" VPOS="259" WIDTH="49" HEIGHT="24" CONTENT="LE" WC="0.47" CC="73"/>
						<SP ID="P12_SP00004" HPOS="743" VPOS="288" WIDTH="35"/>
						<String ID="P12_ST00006" HPOS="778" VPOS="257" WIDTH="173" HEIGHT="27" CONTENT="BUDGET" WC="0.98" CC="707001"/>
						<SP ID="P12_SP00005" HPOS="951" VPOS="288" WIDTH="33"/>
						<String ID="P12_ST00007" HPOS="984" VPOS="257" WIDTH="54" HEIGHT="25" CONTENT="DE" WC="0.80" CC="30"/>
						<SP ID="P12_SP00006" HPOS="1038" VPOS="288" WIDTH="35"/>
						<String ID="P12_ST00008" HPOS="1073" VPOS="257" WIDTH="50" HEIGHT="25" CONTENT="LA" WC="0.66" CC="32"/>
						<SP ID="P12_SP00007" HPOS="1123" VPOS="288" WIDTH="34"/>
						<String ID="P12_ST00009" HPOS="1157" VPOS="249" WIDTH="278" HEIGHT="40" CONTENT="RÉPUBLIQUE" WC="0.99" CC="2530006000"/>
						<SP ID="P12_SP00008" HPOS="1435" VPOS="289" WIDTH="34"/>
						<String ID="P12_ST00010" HPOS="1469" VPOS="256" WIDTH="239" HEIGHT="35" CONTENT="FRANÇAISE" WC="1.00" CC="021000200"/>
						<SP ID="P12_SP00009" HPOS="1708" VPOS="291" WIDTH="33"/>
						<String ID="P12_ST00011" HPOS="1741" VPOS="257" WIDTH="51" HEIGHT="26" CONTENT="EN" WC="0.65" CC="06"/>
						<SP ID="P12_SP00010" HPOS="1792" VPOS="291" WIDTH="38"/>
						<String ID="P12_ST00012" HPOS="1830" VPOS="256" WIDTH="102" HEIGHT="38" CONTENT="1909" WC="0.59" CC="0564"/>
					</TextLine>
				</TextBlock>
			</TopMargin>
			<LeftMargin ID="P12_LM00001" HPOS="0" VPOS="300" WIDTH="130" HEIGHT="3213"/>
			<RightMargin ID="P12_RM00001" HPOS="2088" VPOS="300" WIDTH="121" HEIGHT="3213"/>
			<BottomMargin ID="P12_BM00001" HPOS="0" VPOS="3513" WIDTH="2209" HEIGHT="238"/>
			<PrintSpace ID="P12_PS00001" HPOS="130" VPOS="300" WIDTH="1958" HEIGHT="3213">
				<TextBlock ID="P12_TB00003" HPOS="130" VPOS="342" WIDTH="1958" HEIGHT="3171" STYLEREFS="TXT_1 PAR_BLOCK">
					<TextLine ID="P12_TL00003" HPOS="138" VPOS="344" WIDTH="1945" HEIGHT="52">
						<String ID="P12_ST00013" HPOS="138" VPOS="348" WIDTH="137" HEIGHT="35" CONTENT="naître" WC="0.98" CC="220642"/>
						<SP ID="P12_SP00011" HPOS="275" VPOS="383" WIDTH="23"/>
						<String ID="P12_ST00014" HPOS="298" VPOS="344" WIDTH="60" HEIGHT="39" CONTENT="les" WC="0.98" CC="400"/>
						<SP ID="P12_SP00012" HPOS="358" VPOS="383" WIDTH="23"/>
						<String ID="P12_ST00015" HPOS="381" VPOS="346" WIDTH="169" HEIGHT="38" CONTENT="artistes" WC="0.99" CC="06470000"/>
						<SP ID="P12_SP00013" HPOS="550" VPOS="384" WIDTH="34"/>
						<String ID="P12_ST00016" HPOS="584" VPOS="344" WIDTH="190" HEIGHT="40" CONTENT="célèbres" WC="0.99" CC="05380000"/>
						<SP ID="P12_SP00014" HPOS="774" VPOS="384" WIDTH="23"/>
						<String ID="P12_ST00017" HPOS="797" VPOS="358" WIDTH="54" HEIGHT="26" CONTENT="au" WC="0.67" CC="06"/>
						<SP ID="P12_SP00015" HPOS="851" VPOS="384" WIDTH="22"/>
						<String ID="P12_ST00018" HPOS="873" VPOS="344" WIDTH="96" HEIGHT="39" CONTENT="delà" WC="0.99" CC="4010"/>
						<SP ID="P12_SP00016" HPOS="969" VPOS="384" WIDTH="23"/>
						<String ID="P12_ST00019" HPOS="992" VPOS="344" WIDTH="51" HEIGHT="39" CONTENT="de" WC="1.00" CC="00"/>
						<SP ID="P12_SP00017" HPOS="1043" VPOS="384" WIDTH="23"/>
						<String ID="P12_ST00020" HPOS="1066" VPOS="357" WIDTH="78" HEIGHT="27" CONTENT="nos" WC="0.98" CC="600"/>
						<SP ID="P12_SP00018" HPOS="1144" VPOS="384" WIDTH="29"/>
						<String ID="P12_ST00021" HPOS="1173" VPOS="344" WIDTH="243" HEIGHT="47" CONTENT="frontières," WC="0.99" CC="00002090027"/>
						<SP ID="P12_SP00019" HPOS="1416" VPOS="391" WIDTH="22"/>
						<String ID="P12_ST00022" HPOS="1438" VPOS="347" WIDTH="110" HEIGHT="37" CONTENT="mais" WC="0.99" CC="0040"/>
						<SP ID="P12_SP00020" HPOS="1548" VPOS="391" WIDTH="22"/>
						<String ID="P12_ST00023" HPOS="1570" VPOS="346" WIDTH="29" HEIGHT="38" CONTENT="il" WC="0.59" CC="34"/>
						<SP ID="P12_SP00021" HPOS="1599" VPOS="391" WIDTH="22"/>
						<String ID="P12_ST00024" HPOS="1621" VPOS="358" WIDTH="53" HEIGHT="26" CONTENT="ne" WC="1.00" CC="00"/>
						<SP ID="P12_SP00022" HPOS="1674" VPOS="391" WIDTH="22"/>
						<String ID="P12_ST00025" HPOS="1696" VPOS="344" WIDTH="90" HEIGHT="40" CONTENT="faut" WC="0.98" CC="0027"/>
						<SP ID="P12_SP00023" HPOS="1786" VPOS="391" WIDTH="19"/>
						<String ID="P12_ST00026" HPOS="1805" VPOS="358" WIDTH="78" HEIGHT="38" CONTENT="pas" WC="0.98" CC="500"/>
						<SP ID="P12_SP00024" HPOS="1883" VPOS="396" WIDTH="42"/>
						<String ID="P12_ST00027" HPOS="1925" VPOS="345" WIDTH="132" HEIGHT="39" CONTENT="décou" SUBS_TYPE="HypPart1" SUBS_CONTENT="décourager" WC="0.99" CC="06000"/>
						<HYP HPOS="2057" VPOS="345" WIDTH="26" CONTENT="-"/>
					</TextLine>
					<TextLine ID="P12_TL00004" HPOS="139" VPOS="409" WIDTH="1944" HEIGHT="52">
						<String ID="P12_ST00028" HPOS="139" VPOS="424" WIDTH="127" HEIGHT="35" CONTENT="rager" SUBS_TYPE="HypPart2" SUBS_CONTENT="décourager" WC="0.99" CC="00700"/>
						<SP ID="P12_SP00025" HPOS="266" VPOS="459" WIDTH="18"/>
						<String ID="P12_ST00029" HPOS="284" VPOS="411" WIDTH="60" HEIGHT="39" CONTENT="les" WC="0.99" CC="200"/>
						<SP ID="P12_SP00026" HPOS="344" VPOS="459" WIDTH="20"/>
						<String ID="P12_ST00030" HPOS="364" VPOS="412" WIDTH="169" HEIGHT="38" CONTENT="artistes" WC="1.00" CC="00200300"/>
						<SP ID="P12_SP00027" HPOS="533" VPOS="459" WIDTH="24"/>
						<String ID="P12_ST00031" HPOS="557" VPOS="412" WIDTH="129" HEIGHT="37" CONTENT="sortis" WC="1.00" CC="000000"/>
						<SP ID="P12_SP00028" HPOS="686" VPOS="459" WIDTH="24"/>
						<String ID="P12_ST00032" HPOS="710" VPOS="411" WIDTH="50" HEIGHT="38" CONTENT="de" WC="0.96" CC="00"/>
						<SP ID="P12_SP00029" HPOS="760" VPOS="459" WIDTH="23"/>
						<String ID="P12_ST00033" HPOS="783" VPOS="419" WIDTH="121" HEIGHT="31" CONTENT="notre" WC="0.98" CC="63500"/>
						<SP ID="P12_SP00030" HPOS="904" VPOS="459" WIDTH="29"/>
						<String ID="P12_ST00034" HPOS="933" VPOS="409" WIDTH="130" HEIGHT="40" CONTENT="Ecole" WC="0.98" CC="00560"/>
						<SP ID="P12_SP00031" HPOS="1063" VPOS="459" WIDTH="37"/>
						<String ID="P12_ST00035" HPOS="1100" VPOS="411" WIDTH="50" HEIGHT="39" CONTENT="de" WC="1.00" CC="00"/>
						<SP ID="P12_SP00032" HPOS="1150" VPOS="459" WIDTH="22"/>
						<String ID="P12_ST00036" HPOS="1172" VPOS="412" WIDTH="129" HEIGHT="38" CONTENT="chant" WC="0.98" CC="50603"/>
						<SP ID="P12_SP00033" HPOS="1301" VPOS="459" WIDTH="23"/>
						<String ID="P12_ST00037" HPOS="1324" VPOS="420" WIDTH="39" HEIGHT="30" CONTENT="et" WC="0.79" CC="13"/>
						<SP ID="P12_SP00034" HPOS="1363" VPOS="459" WIDTH="34"/>
						<String ID="P12_ST00038" HPOS="1397" VPOS="411" WIDTH="52" HEIGHT="39" CONTENT="de" WC="1.00" CC="00"/>
						<SP ID="P12_SP00035" HPOS="1449" VPOS="459" WIDTH="23"/>
						<String ID="P12_ST00039" HPOS="1472" VPOS="412" WIDTH="306" HEIGHT="49" CONTENT="déclamation," WC="1.00" CC="000500050004"/>
						<SP ID="P12_SP00036" HPOS="1778" VPOS="461" WIDTH="25"/>
						<String ID="P12_ST00040" HPOS="1803" VPOS="420" WIDTH="39" HEIGHT="31" CONTENT="et" WC="1.00" CC="00"/>
						<SP ID="P12_SP00037" HPOS="1842" VPOS="461" WIDTH="22"/>
						<String ID="P12_ST00041" HPOS="1864" VPOS="412" WIDTH="28" HEIGHT="38" CONTENT="il" WC="0.85" CC="20"/>
						<SP ID="P12_SP00038" HPOS="1892" VPOS="461" WIDTH="24"/>
						<String ID="P12_ST00042" HPOS="1916" VPOS="424" WIDTH="53" HEIGHT="27" CONTENT="ne" WC="1.00" CC="00"/>
						<SP ID="P12_SP00039" HPOS="1969" VPOS="461" WIDTH="21"/>
						<String ID="P12_ST00043" HPOS="1990" VPOS="410" WIDTH="93" HEIGHT="41" CONTENT="faut" WC="0.97" CC="4055"/>
					</TextLine>
					<TextLine ID="P12_TL00005" HPOS="139" VPOS="476" WIDTH="1941" HEIGHT="53">
						<String ID="P12_ST00044" HPOS="139" VPOS="490" WIDTH="77" HEIGHT="37" CONTENT="pas" WC="0.99" CC="300"/>
						<SP ID="P12_SP00040" HPOS="216" VPOS="527" WIDTH="19"/>
						<String ID="P12_ST00045" HPOS="235" VPOS="490" WIDTH="87" HEIGHT="26" CONTENT="non" WC="0.97" CC="107"/>
						<SP ID="P12_SP00041" HPOS="322" VPOS="527" WIDTH="23"/>
						<String ID="P12_ST00046" HPOS="345" VPOS="477" WIDTH="95" HEIGHT="50" CONTENT="plus" WC="0.98" CC="0650"/>
						<SP ID="P12_SP00042" HPOS="440" VPOS="527" WIDTH="25"/>
						<String ID="P12_ST00047" HPOS="465" VPOS="489" WIDTH="83" HEIGHT="38" CONTENT="que" WC="0.98" CC="004"/>
						<SP ID="P12_SP00043" HPOS="548" VPOS="527" WIDTH="34"/>
						<String ID="P12_ST00048" HPOS="582" VPOS="489" WIDTH="79" HEIGHT="26" CONTENT="nos" WC="0.97" CC="311"/>
						<SP ID="P12_SP00044" HPOS="661" VPOS="527" WIDTH="35"/>
						<String ID="P12_ST00049" HPOS="696" VPOS="477" WIDTH="187" HEIGHT="39" CONTENT="théâtres" WC="0.99" CC="06006030"/>
						<SP ID="P12_SP00045" HPOS="883" VPOS="527" WIDTH="39"/>
						<String ID="P12_ST00050" HPOS="922" VPOS="476" WIDTH="340" HEIGHT="40" CONTENT="subventionnés" WC="1.00" CC="0600306006500"/>
						<SP ID="P12_SP00046" HPOS="1262" VPOS="527" WIDTH="38"/>
						<String ID="P12_ST00051" HPOS="1300" VPOS="478" WIDTH="180" HEIGHT="39" CONTENT="laissent" WC="0.99" CC="40400004"/>
						<SP ID="P12_SP00047" HPOS="1480" VPOS="527" WIDTH="35"/>
						<String ID="P12_ST00052" HPOS="1515" VPOS="479" WIDTH="152" HEIGHT="50" CONTENT="perdre" WC="1.00" CC="000020"/>
						<SP ID="P12_SP00048" HPOS="1667" VPOS="529" WIDTH="41"/>
						<String ID="P12_ST00053" HPOS="1708" VPOS="478" WIDTH="39" HEIGHT="38" CONTENT="la" WC="0.73" CC="50"/>
						<SP ID="P12_SP00049" HPOS="1747" VPOS="529" WIDTH="36"/>
						<String ID="P12_ST00054" HPOS="1783" VPOS="478" WIDTH="297" HEIGHT="51" CONTENT="personnalité" WC="1.00" CC="000060002360"/>
					</TextLine>
					<TextLine ID="P12_TL00006" HPOS="139" VPOS="543" WIDTH="1946" HEIGHT="50">
						<String ID="P12_ST00055" HPOS="139" VPOS="544" WIDTH="239" HEIGHT="49" CONTENT="artistique," WC="1.00" CC="00600410400"/>
						<SP ID="P12_SP00050" HPOS="378" VPOS="593" WIDTH="26"/>
						<String ID="P12_ST00056" HPOS="404" VPOS="543" WIDTH="38" HEIGHT="38" CONTENT="le" WC="0.92" CC="10"/>
						<SP ID="P12_SP00051" HPOS="442" VPOS="593" WIDTH="22"/>
						<String ID="P12_ST00057" HPOS="464" VPOS="548" WIDTH="212" HEIGHT="34" CONTENT="caractère" WC="1.00" CC="000001700"/>
						<SP ID="P12_SP00052" HPOS="676" VPOS="593" WIDTH="19"/>
						<String ID="P12_ST00058" HPOS="695" VPOS="543" WIDTH="194" HEIGHT="40" CONTENT="national" WC="0.99" CC="63001704"/>
						<SP ID="P12_SP00053" HPOS="889" VPOS="593" WIDTH="36"/>
						<String ID="P12_ST00059" HPOS="925" VPOS="543" WIDTH="104" HEIGHT="40" CONTENT="dont" WC="0.97" CC="0075"/>
						<SP ID="P12_SP00054" HPOS="1029" VPOS="593" WIDTH="21"/>
						<String ID="P12_ST00060" HPOS="1050" VPOS="544" WIDTH="52" HEIGHT="38" CONTENT="ils" WC="0.98" CC="330"/>
						<SP ID="P12_SP00055" HPOS="1102" VPOS="593" WIDTH="39"/>
						<String ID="P12_ST00061" HPOS="1141" VPOS="553" WIDTH="74" HEIGHT="30" CONTENT="ont" WC="0.96" CC="044"/>
						<SP ID="P12_SP00056" HPOS="1215" VPOS="593" WIDTH="37"/>
						<String ID="P12_ST00062" HPOS="1252" VPOS="544" WIDTH="37" HEIGHT="39" CONTENT="la" WC="0.58" CC="34"/>
						<SP ID="P12_SP00057" HPOS="1289" VPOS="593" WIDTH="26"/>
						<String ID="P12_ST00063" HPOS="1315" VPOS="544" WIDTH="146" HEIGHT="49" CONTENT="garde." WC="0.98" CC="900044"/>
						<SP ID="P12_SP00058" HPOS="1461" VPOS="593" WIDTH="25"/>
						<String ID="P12_ST00064" HPOS="1486" VPOS="544" WIDTH="54" HEIGHT="39" CONTENT="Ils" WC="0.98" CC="050"/>
						<SP ID="P12_SP00059" HPOS="1540" VPOS="593" WIDTH="21"/>
						<String ID="P12_ST00065" HPOS="1561" VPOS="553" WIDTH="104" HEIGHT="31" CONTENT="vont" WC="0.97" CC="7301"/>
						<SP ID="P12_SP00060" HPOS="1665" VPOS="593" WIDTH="24"/>
						<String ID="P12_ST00066" HPOS="1689" VPOS="548" WIDTH="21" HEIGHT="34" CONTENT="à" WC="1.00" CC="0"/>
						<SP ID="P12_SP00061" HPOS="1710" VPOS="593" WIDTH="38"/>
						<String ID="P12_ST00067" HPOS="1748" VPOS="544" WIDTH="233" HEIGHT="40" CONTENT="rencontre" WC="0.99" CC="700646300"/>
						<SP ID="P12_SP00062" HPOS="1981" VPOS="593" WIDTH="28"/>
						<String ID="P12_ST00068" HPOS="2009" VPOS="544" WIDTH="76" HEIGHT="39" CONTENT="des" WC="0.98" CC="004"/>
					</TextLine>
					<TextLine ID="P12_TL00007" HPOS="140" VPOS="601" WIDTH="1945" HEIGHT="60">
						<String ID="P12_ST00069" HPOS="140" VPOS="610" WIDTH="142" HEIGHT="38" CONTENT="soucis" WC="1.00" CC="040000"/>
						<SP ID="P12_SP00063" HPOS="282" VPOS="648" WIDTH="38"/>
						<String ID="P12_ST00070" HPOS="320" VPOS="609" WIDTH="346" HEIGHT="52" CONTENT="démocratiques" WC="0.99" CC="0690040540000"/>
						<SP ID="P12_SP00064" HPOS="666" VPOS="661" WIDTH="22"/>
						<String ID="P12_ST00071" HPOS="688" VPOS="618" WIDTH="40" HEIGHT="32" CONTENT="et" WC="0.81" CC="03"/>
						<SP ID="P12_SP00065" HPOS="728" VPOS="661" WIDTH="33"/>
						<String ID="P12_ST00072" HPOS="761" VPOS="610" WIDTH="348" HEIGHT="40" CONTENT="centralisateurs" WC="1.00" CC="005100030000000"/>
						<SP ID="P12_SP00066" HPOS="1109" VPOS="661" WIDTH="32"/>
						<String ID="P12_ST00073" HPOS="1141" VPOS="612" WIDTH="73" HEIGHT="49" CONTENT="qui" WC="0.99" CC="003"/>
						<SP ID="P12_SP00067" HPOS="1214" VPOS="661" WIDTH="33"/>
						<String ID="P12_ST00074" HPOS="1247" VPOS="612" WIDTH="213" HEIGHT="38" CONTENT="orientent" WC="0.99" CC="004050164"/>
						<SP ID="P12_SP00068" HPOS="1460" VPOS="661" WIDTH="23"/>
						<String ID="P12_ST00075" HPOS="1483" VPOS="610" WIDTH="172" HEIGHT="40" CONTENT="l'action" WC="0.99" CC="63020340"/>
						<SP ID="P12_SP00069" HPOS="1655" VPOS="661" WIDTH="27"/>
						<String ID="P12_ST00076" HPOS="1682" VPOS="610" WIDTH="51" HEIGHT="39" CONTENT="de" WC="0.83" CC="03"/>
						<SP ID="P12_SP00070" HPOS="1733" VPOS="661" WIDTH="19"/>
						<String ID="P12_ST00077" HPOS="1752" VPOS="601" WIDTH="130" HEIGHT="49" CONTENT="l'État" WC="0.98" CC="705506"/>
						<SP ID="P12_SP00071" HPOS="1882" VPOS="661" WIDTH="21"/>
						<String ID="P12_ST00078" HPOS="1903" VPOS="611" WIDTH="108" HEIGHT="39" CONTENT="dans" WC="1.00" CC="0000"/>
						<SP ID="P12_SP00072" HPOS="2011" VPOS="661" WIDTH="36"/>
						<String ID="P12_ST00079" HPOS="2047" VPOS="611" WIDTH="38" HEIGHT="39" CONTENT="le" WC="0.99" CC="00"/>
					</TextLine>
					<TextLine ID="P12_TL00008" HPOS="140" VPOS="666" WIDTH="1943" HEIGHT="60">
						<String ID="P12_ST00080" HPOS="140" VPOS="674" WIDTH="162" HEIGHT="50" CONTENT="budget" WC="1.00" CC="040001"/>
						<SP ID="P12_SP00073" HPOS="302" VPOS="724" WIDTH="22"/>
						<String ID="P12_ST00081" HPOS="324" VPOS="675" WIDTH="76" HEIGHT="39" CONTENT="des" WC="1.00" CC="000"/>
						<SP ID="P12_SP00074" HPOS="400" VPOS="724" WIDTH="23"/>
						<String ID="P12_ST00082" HPOS="423" VPOS="675" WIDTH="290" HEIGHT="41" CONTENT="Beaux-Arts." WC="0.99" CC="00009604506"/>
						<SP ID="P12_SP00075" HPOS="713" VPOS="724" WIDTH="20"/>
						<String ID="P12_ST00083" HPOS="733" VPOS="666" WIDTH="151" HEIGHT="51" CONTENT="L'État" WC="0.99" CC="204004"/>
						<SP ID="P12_SP00076" HPOS="884" VPOS="724" WIDTH="22"/>
						<String ID="P12_ST00084" HPOS="906" VPOS="685" WIDTH="114" HEIGHT="41" CONTENT="veut," WC="0.98" CC="00074"/>
						<SP ID="P12_SP00077" HPOS="1020" VPOS="726" WIDTH="26"/>
						<String ID="P12_ST00085" HPOS="1046" VPOS="685" WIDTH="128" HEIGHT="32" CONTENT="avant" WC="0.99" CC="00070"/>
						<SP ID="P12_SP00078" HPOS="1174" VPOS="726" WIDTH="29"/>
						<String ID="P12_ST00086" HPOS="1203" VPOS="685" WIDTH="105" HEIGHT="38" CONTENT="tout," WC="0.98" CC="41620"/>
						<SP ID="P12_SP00079" HPOS="1308" VPOS="726" WIDTH="20"/>
						<String ID="P12_ST00087" HPOS="1328" VPOS="680" WIDTH="135" HEIGHT="37" CONTENT="servir" WC="1.00" CC="000000"/>
						<SP ID="P12_SP00080" HPOS="1463" VPOS="726" WIDTH="21"/>
						<String ID="P12_ST00088" HPOS="1484" VPOS="678" WIDTH="61" HEIGHT="39" CONTENT="les" WC="0.98" CC="400"/>
						<SP ID="P12_SP00081" HPOS="1545" VPOS="726" WIDTH="22"/>
						<String ID="P12_ST00089" HPOS="1567" VPOS="679" WIDTH="178" HEIGHT="38" CONTENT="intérêts" WC="0.99" CC="37360400"/>
						<SP ID="P12_SP00082" HPOS="1745" VPOS="726" WIDTH="23"/>
						<String ID="P12_ST00090" HPOS="1768" VPOS="689" WIDTH="179" HEIGHT="26" CONTENT="moraux" WC="1.00" CC="000001"/>
						<SP ID="P12_SP00083" HPOS="1947" VPOS="726" WIDTH="22"/>
						<String ID="P12_ST00091" HPOS="1969" VPOS="678" WIDTH="53" HEIGHT="38" CONTENT="de" WC="1.00" CC="00"/>
						<SP ID="P12_SP00084" HPOS="2022" VPOS="726" WIDTH="22"/>
						<String ID="P12_ST00092" HPOS="2044" VPOS="677" WIDTH="39" HEIGHT="39" CONTENT="la" WC="0.77" CC="40"/>
					</TextLine>
					<TextLine ID="P12_TL00009" HPOS="139" VPOS="741" WIDTH="1944" HEIGHT="54">
						<String ID="P12_ST00093" HPOS="139" VPOS="741" WIDTH="255" HEIGHT="40" CONTENT="collectivité" WC="1.00" CC="034201010050"/>
						<SP ID="P12_SP00085" HPOS="394" VPOS="781" WIDTH="38"/>
						<String ID="P12_ST00094" HPOS="432" VPOS="744" WIDTH="73" HEIGHT="49" CONTENT="qui" WC="0.99" CC="003"/>
						<SP ID="P12_SP00086" HPOS="505" VPOS="793" WIDTH="36"/>
						<String ID="P12_ST00095" HPOS="541" VPOS="743" WIDTH="249" HEIGHT="47" CONTENT="l'alimente," WC="0.99" CC="20042906400"/>
						<SP ID="P12_SP00087" HPOS="790" VPOS="793" WIDTH="22"/>
						<String ID="P12_ST00096" HPOS="812" VPOS="751" WIDTH="40" HEIGHT="32" CONTENT="et" WC="0.86" CC="02"/>
						<SP ID="P12_SP00088" HPOS="852" VPOS="793" WIDTH="37"/>
						<String ID="P12_ST00097" HPOS="889" VPOS="757" WIDTH="69" HEIGHT="26" CONTENT="ses" WC="1.00" CC="000"/>
						<SP ID="P12_SP00089" HPOS="958" VPOS="793" WIDTH="22"/>
						<String ID="P12_ST00098" HPOS="980" VPOS="744" WIDTH="217" HEIGHT="39" CONTENT="dotations" WC="0.99" CC="061034001"/>
						<SP ID="P12_SP00090" HPOS="1197" VPOS="793" WIDTH="25"/>
						<String ID="P12_ST00099" HPOS="1222" VPOS="742" WIDTH="118" HEIGHT="41" CONTENT="n'ont" WC="0.99" CC="01005"/>
						<SP ID="P12_SP00091" HPOS="1340" VPOS="793" WIDTH="38"/>
						<String ID="P12_ST00100" HPOS="1378" VPOS="757" WIDTH="76" HEIGHT="38" CONTENT="pas" WC="1.00" CC="001"/>
						<SP ID="P12_SP00092" HPOS="1454" VPOS="795" WIDTH="38"/>
						<String ID="P12_ST00101" HPOS="1492" VPOS="757" WIDTH="110" HEIGHT="38" CONTENT="pour" WC="0.98" CC="0460"/>
						<SP ID="P12_SP00093" HPOS="1602" VPOS="795" WIDTH="21"/>
						<String ID="P12_ST00102" HPOS="1623" VPOS="743" WIDTH="77" HEIGHT="39" CONTENT="but" WC="1.00" CC="000"/>
						<SP ID="P12_SP00094" HPOS="1700" VPOS="795" WIDTH="21"/>
						<String ID="P12_ST00103" HPOS="1721" VPOS="743" WIDTH="52" HEIGHT="38" CONTENT="de" WC="0.84" CC="03"/>
						<SP ID="P12_SP00095" HPOS="1773" VPOS="795" WIDTH="28"/>
						<String ID="P12_ST00104" HPOS="1801" VPOS="742" WIDTH="208" HEIGHT="40" CONTENT="favoriser" WC="1.00" CC="000002000"/>
						<SP ID="P12_SP00096" HPOS="2009" VPOS="795" WIDTH="37"/>
						<String ID="P12_ST00105" HPOS="2046" VPOS="743" WIDTH="37" HEIGHT="40" CONTENT="le" WC="0.81" CC="30"/>
					</TextLine>
					<TextLine ID="P12_TL00010" HPOS="140" VPOS="806" WIDTH="1944" HEIGHT="53">
						<String ID="P12_ST00106" HPOS="140" VPOS="806" WIDTH="185" HEIGHT="52" CONTENT="bruyant" WC="0.98" CC="0605076"/>
						<SP ID="P12_SP00097" HPOS="325" VPOS="858" WIDTH="39"/>
						<String ID="P12_ST00107" HPOS="364" VPOS="821" WIDTH="150" HEIGHT="27" CONTENT="renom" WC="0.99" CC="50000"/>
						<SP ID="P12_SP00098" HPOS="514" VPOS="858" WIDTH="37"/>
						<String ID="P12_ST00108" HPOS="551" VPOS="810" WIDTH="75" HEIGHT="39" CONTENT="des" WC="0.99" CC="002"/>
						<SP ID="P12_SP00099" HPOS="626" VPOS="858" WIDTH="35"/>
						<String ID="P12_ST00109" HPOS="661" VPOS="811" WIDTH="172" HEIGHT="38" CONTENT="artistes" WC="1.00" CC="00030000"/>
						<SP ID="P12_SP00100" HPOS="833" VPOS="858" WIDTH="37"/>
						<String ID="P12_ST00110" HPOS="870" VPOS="814" WIDTH="224" HEIGHT="45" CONTENT="étrangers" WC="1.00" CC="650000000"/>
						<SP ID="P12_SP00101" HPOS="1094" VPOS="859" WIDTH="33"/>
						<String ID="P12_ST00111" HPOS="1127" VPOS="824" WIDTH="51" HEIGHT="26" CONTENT="au" WC="0.69" CC="06"/>
						<SP ID="P12_SP00102" HPOS="1178" VPOS="859" WIDTH="23"/>
						<String ID="P12_ST00112" HPOS="1201" VPOS="811" WIDTH="230" HEIGHT="39" CONTENT="détriment" WC="0.99" CC="076430520"/>
						<SP ID="P12_SP00103" HPOS="1431" VPOS="859" WIDTH="22"/>
						<String ID="P12_ST00113" HPOS="1453" VPOS="811" WIDTH="76" HEIGHT="39" CONTENT="des" WC="1.00" CC="010"/>
						<SP ID="P12_SP00104" HPOS="1529" VPOS="859" WIDTH="24"/>
						<String ID="P12_ST00114" HPOS="1553" VPOS="813" WIDTH="161" HEIGHT="43" CONTENT="nôtres," WC="0.99" CC="0340003"/>
						<SP ID="P12_SP00105" HPOS="1714" VPOS="859" WIDTH="95"/>
						<String ID="P12_ST00115" HPOS="1809" VPOS="811" WIDTH="85" HEIGHT="38" CONTENT="ceci" WC="1.00" CC="0000"/>
						<SP ID="P12_SP00106" HPOS="1894" VPOS="859" WIDTH="25"/>
						<String ID="P12_ST00116" HPOS="1919" VPOS="811" WIDTH="82" HEIGHT="38" CONTENT="soit" WC="0.98" CC="0045"/>
						<SP ID="P12_SP00107" HPOS="2001" VPOS="859" WIDTH="21"/>
						<String ID="P12_ST00117" HPOS="2022" VPOS="809" WIDTH="62" HEIGHT="40" CONTENT="dit" WC="0.97" CC="016"/>
					</TextLine>
					<TextLine ID="P12_TL00011" HPOS="139" VPOS="877" WIDTH="1178" HEIGHT="50">
						<String ID="P12_ST00118" HPOS="139" VPOS="887" WIDTH="103" HEIGHT="26" CONTENT="sans" WC="1.00" CC="0000"/>
						<SP ID="P12_SP00108" HPOS="242" VPOS="913" WIDTH="20"/>
						<String ID="P12_ST00119" HPOS="262" VPOS="888" WIDTH="139" HEIGHT="25" CONTENT="aucun" WC="0.99" CC="05040"/>
						<SP ID="P12_SP00109" HPOS="401" VPOS="913" WIDTH="21"/>
						<String ID="P12_ST00120" HPOS="422" VPOS="877" WIDTH="110" HEIGHT="48" CONTENT="parti" WC="0.99" CC="00052"/>
						<SP ID="P12_SP00110" HPOS="532" VPOS="925" WIDTH="21"/>
						<String ID="P12_ST00121" HPOS="553" VPOS="877" WIDTH="89" HEIGHT="48" CONTENT="pris" WC="0.99" CC="0310"/>
						<SP ID="P12_SP00111" HPOS="642" VPOS="925" WIDTH="23"/>
						<String ID="P12_ST00122" HPOS="665" VPOS="877" WIDTH="51" HEIGHT="38" CONTENT="de" WC="0.74" CC="05"/>
						<SP ID="P12_SP00112" HPOS="716" VPOS="925" WIDTH="22"/>
						<String ID="P12_ST00123" HPOS="738" VPOS="878" WIDTH="238" HEIGHT="47" CONTENT="protection" WC="1.00" CC="0130002005"/>
						<SP ID="P12_SP00113" HPOS="976" VPOS="925" WIDTH="21"/>
						<String ID="P12_ST00124" HPOS="997" VPOS="877" WIDTH="144" HEIGHT="50" CONTENT="quand" WC="0.98" CC="04060"/>
						<SP ID="P12_SP00114" HPOS="1141" VPOS="927" WIDTH="22"/>
						<String ID="P12_ST00125" HPOS="1163" VPOS="881" WIDTH="154" HEIGHT="35" CONTENT="même." WC="0.98" CC="06043"/>
					</TextLine>
					<TextLine ID="P12_TL00012" HPOS="191" VPOS="938" WIDTH="1890" HEIGHT="55">
						<String ID="P12_ST00126" HPOS="191" VPOS="938" WIDTH="123" HEIGHT="41" CONTENT="Nous" WC="0.99" CC="3000"/>
						<SP ID="P12_SP00115" HPOS="314" VPOS="979" WIDTH="39"/>
						<String ID="P12_ST00127" HPOS="353" VPOS="953" WIDTH="166" HEIGHT="27" CONTENT="venons" WC="0.99" CC="005260"/>
						<SP ID="P12_SP00116" HPOS="519" VPOS="980" WIDTH="38"/>
						<String ID="P12_ST00128" HPOS="557" VPOS="939" WIDTH="245" HEIGHT="53" CONTENT="d'indiquer" WC="1.00" CC="0430020200"/>
						<SP ID="P12_SP00117" HPOS="802" VPOS="992" WIDTH="40"/>
						<String ID="P12_ST00129" HPOS="842" VPOS="955" WIDTH="82" HEIGHT="37" CONTENT="que" WC="0.97" CC="070"/>
						<SP ID="P12_SP00118" HPOS="924" VPOS="992" WIDTH="36"/>
						<String ID="P12_ST00130" HPOS="960" VPOS="941" WIDTH="190" HEIGHT="51" CONTENT="l'Opéra," WC="0.99" CC="44006014"/>
						<SP ID="P12_SP00119" HPOS="1150" VPOS="992" WIDTH="21"/>
						<String ID="P12_ST00131" HPOS="1171" VPOS="956" WIDTH="52" HEIGHT="25" CONTENT="en" WC="0.98" CC="00"/>
						<SP ID="P12_SP00120" HPOS="1223" VPOS="992" WIDTH="26"/>
						<String ID="P12_ST00132" HPOS="1249" VPOS="951" WIDTH="106" HEIGHT="31" CONTENT="cette" WC="0.99" CC="00350"/>
						<SP ID="P12_SP00121" HPOS="1355" VPOS="992" WIDTH="32"/>
						<String ID="P12_ST00133" HPOS="1387" VPOS="946" WIDTH="214" HEIGHT="47" CONTENT="première" WC="1.00" CC="00000702"/>
						<SP ID="P12_SP00122" HPOS="1601" VPOS="993" WIDTH="22"/>
						<String ID="P12_ST00134" HPOS="1623" VPOS="947" WIDTH="151" HEIGHT="44" CONTENT="année," WC="0.98" CC="006614"/>
						<SP ID="P12_SP00123" HPOS="1774" VPOS="993" WIDTH="23"/>
						<String ID="P12_ST00135" HPOS="1797" VPOS="955" WIDTH="21" HEIGHT="26" CONTENT="a" WC="1.00" CC="0"/>
						<SP ID="P12_SP00124" HPOS="1818" VPOS="993" WIDTH="21"/>
						<String ID="P12_ST00136" HPOS="1839" VPOS="943" WIDTH="130" HEIGHT="38" CONTENT="remis" WC="1.00" CC="00030"/>
						<SP ID="P12_SP00125" HPOS="1969" VPOS="993" WIDTH="30"/>
						<String ID="P12_ST00137" HPOS="1999" VPOS="945" WIDTH="21" HEIGHT="34" CONTENT="à" WC="0.49" CC="5"/>
						<SP ID="P12_SP00126" HPOS="2020" VPOS="993" WIDTH="24"/>
						<String ID="P12_ST00138" HPOS="2044" VPOS="941" WIDTH="37" HEIGHT="39" CONTENT="la" WC="0.65" CC="70"/>
					</TextLine>
					<TextLine ID="P12_TL00013" HPOS="138" VPOS="1006" WIDTH="1946" HEIGHT="54">
						<String ID="P12_ST00139" HPOS="138" VPOS="1011" WIDTH="125" HEIGHT="34" CONTENT="scène" WC="0.99" CC="00700"/>
						<SP ID="P12_SP00127" HPOS="263" VPOS="1045" WIDTH="22"/>
						<String ID="P12_ST00140" HPOS="285" VPOS="1006" WIDTH="227" HEIGHT="53" CONTENT="Hippolyte" WC="0.76" CC="005230046" STYLEREFS="TXT_2"/>
						<SP ID="P12_SP00128" HPOS="512" VPOS="1059" WIDTH="38"/>
						<String ID="P12_ST00141" HPOS="550" VPOS="1014" WIDTH="35" HEIGHT="31" CONTENT="et" WC="0.98" CC="00" STYLEREFS="TXT_2"/>
						<SP ID="P12_SP00129" HPOS="585" VPOS="1059" WIDTH="35"/>
						<String ID="P12_ST00142" HPOS="620" VPOS="1007" WIDTH="143" HEIGHT="39" CONTENT="Aride" WC="0.99" CC="00081" STYLEREFS="TXT_2"/>
						<String ID="P12_ST00143" HPOS="770" VPOS="1038" WIDTH="8" HEIGHT="17" CONTENT="," WC="0.55" CC="4"/>
						<SP ID="P12_SP00130" HPOS="778" VPOS="1059" WIDTH="23"/>
						<String ID="P12_ST00144" HPOS="801" VPOS="1008" WIDTH="51" HEIGHT="39" CONTENT="de" WC="1.00" CC="00"/>
						<SP ID="P12_SP00131" HPOS="852" VPOS="1059" WIDTH="28"/>
						<String ID="P12_ST00145" HPOS="880" VPOS="1007" WIDTH="212" HEIGHT="47" CONTENT="Rameau," WC="0.99" CC="6000060"/>
						<SP ID="P12_SP00132" HPOS="1092" VPOS="1059" WIDTH="28"/>
						<String ID="P12_ST00146" HPOS="1120" VPOS="1009" WIDTH="38" HEIGHT="38" CONTENT="le" WC="1.00" CC="00"/>
						<SP ID="P12_SP00133" HPOS="1158" VPOS="1059" WIDTH="22"/>
						<String ID="P12_ST00147" HPOS="1180" VPOS="1014" WIDTH="97" HEIGHT="45" CONTENT="père" WC="1.00" CC="0000"/>
						<SP ID="P12_SP00134" HPOS="1277" VPOS="1059" WIDTH="23"/>
						<String ID="P12_ST00148" HPOS="1300" VPOS="1010" WIDTH="52" HEIGHT="38" CONTENT="de" WC="1.00" CC="00"/>
						<SP ID="P12_SP00135" HPOS="1352" VPOS="1059" WIDTH="30"/>
						<String ID="P12_ST00149" HPOS="1382" VPOS="1010" WIDTH="159" HEIGHT="50" CONTENT="l'opéra" WC="0.99" CC="4400600"/>
						<SP ID="P12_SP00136" HPOS="1541" VPOS="1060" WIDTH="25"/>
						<String ID="P12_ST00150" HPOS="1566" VPOS="1009" WIDTH="202" HEIGHT="49" CONTENT="français." WC="1.00" CC="000330004"/>
						<SP ID="P12_SP00137" HPOS="1768" VPOS="1060" WIDTH="27"/>
						<String ID="P12_ST00151" HPOS="1795" VPOS="1007" WIDTH="122" HEIGHT="40" CONTENT="Cette" WC="0.99" CC="00050"/>
						<SP ID="P12_SP00138" HPOS="1917" VPOS="1060" WIDTH="20"/>
						<String ID="P12_ST00152" HPOS="1937" VPOS="1020" WIDTH="147" HEIGHT="27" CONTENT="œuvre" WC="0.99" CC="06000"/>
					</TextLine>
					<TextLine ID="P12_TL00014" HPOS="137" VPOS="1071" WIDTH="1947" HEIGHT="54">
						<String ID="P12_ST00153" HPOS="137" VPOS="1071" WIDTH="63" HEIGHT="40" CONTENT="fut" WC="0.98" CC="004"/>
						<SP ID="P12_SP00139" HPOS="200" VPOS="1111" WIDTH="35"/>
						<String ID="P12_ST00154" HPOS="235" VPOS="1077" WIDTH="172" HEIGHT="35" CONTENT="montée" WC="0.99" CC="007000"/>
						<SP ID="P12_SP00140" HPOS="407" VPOS="1112" WIDTH="36"/>
						<String ID="P12_ST00155" HPOS="443" VPOS="1087" WIDTH="100" HEIGHT="26" CONTENT="avec" WC="1.00" CC="0000"/>
						<SP ID="P12_SP00141" HPOS="543" VPOS="1113" WIDTH="35"/>
						<String ID="P12_ST00156" HPOS="578" VPOS="1075" WIDTH="110" HEIGHT="38" CONTENT="soin." WC="1.00" CC="00003"/>
						<SP ID="P12_SP00142" HPOS="688" VPOS="1113" WIDTH="27"/>
						<String ID="P12_ST00157" HPOS="715" VPOS="1072" WIDTH="70" HEIGHT="41" CONTENT="On" WC="1.00" CC="00"/>
						<SP ID="P12_SP00143" HPOS="785" VPOS="1113" WIDTH="33"/>
						<String ID="P12_ST00158" HPOS="818" VPOS="1088" WIDTH="21" HEIGHT="25" CONTENT="a" WC="1.00" CC="0"/>
						<SP ID="P12_SP00144" HPOS="839" VPOS="1113" WIDTH="40"/>
						<String ID="P12_ST00159" HPOS="879" VPOS="1075" WIDTH="237" HEIGHT="38" CONTENT="réentendu" WC="0.99" CC="060000703"/>
						<SP ID="P12_SP00145" HPOS="1116" VPOS="1113" WIDTH="42"/>
						<String ID="P12_ST00160" HPOS="1158" VPOS="1075" WIDTH="37" HEIGHT="38" CONTENT="le" WC="0.79" CC="40"/>
						<SP ID="P12_SP00146" HPOS="1195" VPOS="1113" WIDTH="36"/>
						<String ID="P12_ST00161" HPOS="1231" VPOS="1075" WIDTH="189" HEIGHT="39" CONTENT="clavecin" WC="1.00" CC="03000007"/>
						<SP ID="P12_SP00147" HPOS="1420" VPOS="1114" WIDTH="38"/>
						<String ID="P12_ST00162" HPOS="1458" VPOS="1074" WIDTH="175" HEIGHT="41" CONTENT="d'antan" WC="0.73" CC="0000566"/>
						<SP ID="P12_SP00148" HPOS="1633" VPOS="1115" WIDTH="37"/>
						<String ID="P12_ST00163" HPOS="1670" VPOS="1073" WIDTH="193" HEIGHT="41" CONTENT="renforcé" WC="1.00" CC="02004100"/>
						<SP ID="P12_SP00149" HPOS="1863" VPOS="1115" WIDTH="37"/>
						<String ID="P12_ST00164" HPOS="1900" VPOS="1088" WIDTH="78" HEIGHT="37" CONTENT="par" WC="0.98" CC="040"/>
						<SP ID="P12_SP00150" HPOS="1978" VPOS="1125" WIDTH="21"/>
						<String ID="P12_ST00165" HPOS="1999" VPOS="1087" WIDTH="85" HEIGHT="26" CONTENT="une" WC="0.98" CC="060"/>
					</TextLine>
					<TextLine ID="P12_TL00015" HPOS="138" VPOS="1139" WIDTH="1945" HEIGHT="53">
						<String ID="P12_ST00166" HPOS="138" VPOS="1139" WIDTH="314" HEIGHT="40" CONTENT="orchestration" WC="1.00" CC="3005004305300"/>
						<SP ID="P12_SP00151" HPOS="452" VPOS="1179" WIDTH="22"/>
						<String ID="P12_ST00167" HPOS="474" VPOS="1141" WIDTH="182" HEIGHT="38" CONTENT="discrète" WC="0.99" CC="03000632"/>
						<SP ID="P12_SP00152" HPOS="656" VPOS="1179" WIDTH="21"/>
						<String ID="P12_ST00168" HPOS="677" VPOS="1148" WIDTH="40" HEIGHT="31" CONTENT="et" WC="0.80" CC="04"/>
						<SP ID="P12_SP00153" HPOS="717" VPOS="1179" WIDTH="19"/>
						<String ID="P12_ST00169" HPOS="736" VPOS="1141" WIDTH="195" HEIGHT="38" CONTENT="délicate." WC="0.99" CC="063300402"/>
						<SP ID="P12_SP00154" HPOS="931" VPOS="1179" WIDTH="23"/>
						<String ID="P12_ST00170" HPOS="954" VPOS="1139" WIDTH="61" HEIGHT="40" CONTENT="La" WC="0.76" CC="40"/>
						<SP ID="P12_SP00155" HPOS="1015" VPOS="1179" WIDTH="21"/>
						<String ID="P12_ST00171" HPOS="1036" VPOS="1142" WIDTH="109" HEIGHT="37" CONTENT="mise" WC="0.99" CC="0300"/>
						<SP ID="P12_SP00156" HPOS="1145" VPOS="1179" WIDTH="23"/>
						<String ID="P12_ST00172" HPOS="1168" VPOS="1154" WIDTH="52" HEIGHT="25" CONTENT="en" WC="1.00" CC="00"/>
						<SP ID="P12_SP00157" HPOS="1220" VPOS="1179" WIDTH="36"/>
						<String ID="P12_ST00173" HPOS="1256" VPOS="1146" WIDTH="124" HEIGHT="33" CONTENT="scène" WC="0.98" CC="00750"/>
						<SP ID="P12_SP00158" HPOS="1380" VPOS="1179" WIDTH="24"/>
						<String ID="P12_ST00174" HPOS="1404" VPOS="1141" WIDTH="62" HEIGHT="40" CONTENT="fut" WC="0.96" CC="162"/>
						<SP ID="P12_SP00159" HPOS="1466" VPOS="1181" WIDTH="23"/>
						<String ID="P12_ST00175" HPOS="1489" VPOS="1143" WIDTH="237" HEIGHT="49" CONTENT="appréciée." WC="1.00" CC="0000500600"/>
						<SP ID="P12_SP00160" HPOS="1726" VPOS="1192" WIDTH="25"/>
						<String ID="P12_ST00176" HPOS="1751" VPOS="1140" WIDTH="85" HEIGHT="40" CONTENT="Les" WC="1.00" CC="000"/>
						<SP ID="P12_SP00161" HPOS="1836" VPOS="1192" WIDTH="22"/>
						<String ID="P12_ST00177" HPOS="1858" VPOS="1141" WIDTH="150" HEIGHT="39" CONTENT="décors" WC="0.99" CC="070400"/>
						<SP ID="P12_SP00162" HPOS="2008" VPOS="1192" WIDTH="23"/>
						<String ID="P12_ST00178" HPOS="2031" VPOS="1140" WIDTH="52" HEIGHT="39" CONTENT="de" WC="1.00" CC="00"/>
					</TextLine>
					<TextLine ID="P12_TL00016" HPOS="138" VPOS="1204" WIDTH="1945" HEIGHT="54">
						<String ID="P12_ST00179" HPOS="138" VPOS="1204" WIDTH="109" HEIGHT="40" CONTENT="MM." WC="0.99" CC="001"/>
						<SP ID="P12_SP00163" HPOS="247" VPOS="1244" WIDTH="21"/>
						<String ID="P12_ST00180" HPOS="268" VPOS="1205" WIDTH="274" HEIGHT="53" CONTENT="Jusseaume," WC="0.92" CC="1002000003"/>
						<SP ID="P12_SP00164" HPOS="542" VPOS="1258" WIDTH="23"/>
						<String ID="P12_ST00181" HPOS="565" VPOS="1205" WIDTH="226" HEIGHT="53" CONTENT="Carpezat," WC="0.84" CC="600022030"/>
						<SP ID="P12_SP00165" HPOS="791" VPOS="1258" WIDTH="23"/>
						<String ID="P12_ST00182" HPOS="814" VPOS="1206" WIDTH="184" HEIGHT="49" CONTENT="Ronsin," WC="0.66" CC="2070444"/>
						<SP ID="P12_SP00166" HPOS="998" VPOS="1258" WIDTH="23"/>
						<String ID="P12_ST00183" HPOS="1021" VPOS="1206" WIDTH="210" HEIGHT="40" CONTENT="Rochette" WC="0.91" CC="04000300"/>
						<SP ID="P12_SP00167" HPOS="1231" VPOS="1258" WIDTH="22"/>
						<String ID="P12_ST00184" HPOS="1253" VPOS="1215" WIDTH="39" HEIGHT="31" CONTENT="et" WC="1.00" CC="00"/>
						<SP ID="P12_SP00168" HPOS="1292" VPOS="1258" WIDTH="22"/>
						<String ID="P12_ST00185" HPOS="1314" VPOS="1206" WIDTH="193" HEIGHT="40" CONTENT="Landrin" WC="0.75" CC="0060036"/>
						<SP ID="P12_SP00169" HPOS="1507" VPOS="1258" WIDTH="34"/>
						<String ID="P12_ST00186" HPOS="1541" VPOS="1216" WIDTH="73" HEIGHT="30" CONTENT="ont" WC="0.97" CC="035"/>
						<SP ID="P12_SP00170" HPOS="1614" VPOS="1258" WIDTH="34"/>
						<String ID="P12_ST00187" HPOS="1648" VPOS="1207" WIDTH="38" HEIGHT="39" CONTENT="le" WC="0.81" CC="03"/>
						<SP ID="P12_SP00171" HPOS="1686" VPOS="1258" WIDTH="42"/>
						<String ID="P12_ST00188" HPOS="1728" VPOS="1211" WIDTH="108" HEIGHT="36" CONTENT="beau" WC="0.99" CC="4000"/>
						<SP ID="P12_SP00172" HPOS="1836" VPOS="1258" WIDTH="33"/>
						<String ID="P12_ST00189" HPOS="1869" VPOS="1212" WIDTH="214" HEIGHT="35" CONTENT="caractère" WC="1.00" CC="200000700"/>
					</TextLine>
					<TextLine ID="P12_TL00017" HPOS="139" VPOS="1273" WIDTH="1107" HEIGHT="49">
						<String ID="P12_ST00190" HPOS="139" VPOS="1285" WIDTH="83" HEIGHT="37" CONTENT="que" WC="1.00" CC="000"/>
						<SP ID="P12_SP00173" HPOS="222" VPOS="1322" WIDTH="23"/>
						<String ID="P12_ST00191" HPOS="245" VPOS="1284" WIDTH="68" HEIGHT="27" CONTENT="ces" WC="1.00" CC="000"/>
						<SP ID="P12_SP00174" HPOS="313" VPOS="1322" WIDTH="21"/>
						<String ID="P12_ST00192" HPOS="334" VPOS="1273" WIDTH="171" HEIGHT="39" CONTENT="artistes" WC="1.00" CC="00530000"/>
						<SP ID="P12_SP00175" HPOS="505" VPOS="1322" WIDTH="19"/>
						<String ID="P12_ST00193" HPOS="524" VPOS="1282" WIDTH="151" HEIGHT="31" CONTENT="savent" WC="0.98" CC="000564"/>
						<SP ID="P12_SP00176" HPOS="675" VPOS="1322" WIDTH="18"/>
						<String ID="P12_ST00194" HPOS="693" VPOS="1274" WIDTH="167" HEIGHT="38" CONTENT="donner" WC="0.99" CC="003503"/>
						<SP ID="P12_SP00177" HPOS="860" VPOS="1322" WIDTH="21"/>
						<String ID="P12_ST00195" HPOS="881" VPOS="1277" WIDTH="21" HEIGHT="35" CONTENT="à" WC="0.54" CC="4"/>
						<SP ID="P12_SP00178" HPOS="902" VPOS="1322" WIDTH="25"/>
						<String ID="P12_ST00196" HPOS="927" VPOS="1273" WIDTH="115" HEIGHT="40" CONTENT="leurs" WC="0.99" CC="00600"/>
						<SP ID="P12_SP00179" HPOS="1042" VPOS="1322" WIDTH="21"/>
						<String ID="P12_ST00197" HPOS="1063" VPOS="1286" WIDTH="183" HEIGHT="27" CONTENT="œuvres." WC="1.00" CC="0000003"/>
					</TextLine>
					<TextLine ID="P12_TL00018" HPOS="191" VPOS="1337" WIDTH="1582" HEIGHT="54">
						<String ID="P12_ST00198" HPOS="191" VPOS="1337" WIDTH="123" HEIGHT="41" CONTENT="Nous" WC="0.99" CC="4000"/>
						<SP ID="P12_SP00180" HPOS="314" VPOS="1378" WIDTH="22"/>
						<String ID="P12_ST00199" HPOS="336" VPOS="1352" WIDTH="134" HEIGHT="26" CONTENT="avons" WC="0.99" CC="00060"/>
						<SP ID="P12_SP00181" HPOS="470" VPOS="1378" WIDTH="22"/>
						<String ID="P12_ST00200" HPOS="492" VPOS="1339" WIDTH="61" HEIGHT="39" CONTENT="dit" WC="0.98" CC="004"/>
						<SP ID="P12_SP00182" HPOS="553" VPOS="1378" WIDTH="19"/>
						<String ID="P12_ST00201" HPOS="572" VPOS="1339" WIDTH="98" HEIGHT="51" CONTENT="plus" WC="0.98" CC="0540"/>
						<SP ID="P12_SP00183" HPOS="670" VPOS="1390" WIDTH="23"/>
						<String ID="P12_ST00202" HPOS="693" VPOS="1339" WIDTH="104" HEIGHT="40" CONTENT="haut" WC="0.99" CC="0005"/>
						<SP ID="P12_SP00184" HPOS="797" VPOS="1390" WIDTH="22"/>
						<String ID="P12_ST00203" HPOS="819" VPOS="1353" WIDTH="44" HEIGHT="26" CONTENT="ce" WC="1.00" CC="00"/>
						<SP ID="P12_SP00185" HPOS="863" VPOS="1390" WIDTH="24"/>
						<String ID="P12_ST00204" HPOS="887" VPOS="1353" WIDTH="82" HEIGHT="37" CONTENT="que" WC="1.00" CC="000"/>
						<SP ID="P12_SP00186" HPOS="969" VPOS="1390" WIDTH="17"/>
						<String ID="P12_ST00205" HPOS="986" VPOS="1353" WIDTH="109" HEIGHT="26" CONTENT="nous" WC="0.98" CC="5001"/>
						<SP ID="P12_SP00187" HPOS="1095" VPOS="1390" WIDTH="24"/>
						<String ID="P12_ST00206" HPOS="1119" VPOS="1352" WIDTH="189" HEIGHT="39" CONTENT="pensons" WC="0.99" CC="0060060"/>
						<SP ID="P12_SP00188" HPOS="1308" VPOS="1391" WIDTH="21"/>
						<String ID="P12_ST00207" HPOS="1329" VPOS="1340" WIDTH="56" HEIGHT="39" CONTENT="du" WC="0.68" CC="06"/>
						<SP ID="P12_SP00189" HPOS="1385" VPOS="1391" WIDTH="24"/>
						<String ID="P12_ST00208" HPOS="1409" VPOS="1352" WIDTH="200" HEIGHT="27" CONTENT="nouveau" WC="0.99" CC="7000040"/>
						<SP ID="P12_SP00190" HPOS="1609" VPOS="1391" WIDTH="23"/>
						<String ID="P12_ST00209" HPOS="1632" VPOS="1338" WIDTH="141" HEIGHT="39" CONTENT="Faust." WC="0.98" CC="158003" STYLEREFS="TXT_2"/>
					</TextLine>
					<TextLine ID="P12_TL00019" HPOS="191" VPOS="1403" WIDTH="1890" HEIGHT="54">
						<String ID="P12_ST00210" HPOS="191" VPOS="1403" WIDTH="86" HEIGHT="41" CONTENT="Les" WC="1.00" CC="000"/>
						<SP ID="P12_SP00191" HPOS="277" VPOS="1444" WIDTH="21"/>
						<String ID="P12_ST00211" HPOS="298" VPOS="1405" WIDTH="236" HEIGHT="40" CONTENT="directeurs" WC="1.00" CC="0110000000"/>
						<SP ID="P12_SP00192" HPOS="534" VPOS="1445" WIDTH="23"/>
						<String ID="P12_ST00212" HPOS="557" VPOS="1405" WIDTH="51" HEIGHT="39" CONTENT="de" WC="1.00" CC="00"/>
						<SP ID="P12_SP00193" HPOS="608" VPOS="1445" WIDTH="22"/>
						<String ID="P12_ST00213" HPOS="630" VPOS="1404" WIDTH="172" HEIGHT="52" CONTENT="l'Opéra" WC="0.99" CC="4300600"/>
						<SP ID="P12_SP00194" HPOS="802" VPOS="1456" WIDTH="27"/>
						<String ID="P12_ST00214" HPOS="829" VPOS="1414" WIDTH="74" HEIGHT="31" CONTENT="ont" WC="0.97" CC="250"/>
						<SP ID="P12_SP00195" HPOS="903" VPOS="1456" WIDTH="32"/>
						<String ID="P12_ST00215" HPOS="935" VPOS="1407" WIDTH="135" HEIGHT="50" CONTENT="repris" WC="0.99" CC="500002"/>
						<SP ID="P12_SP00196" HPOS="1070" VPOS="1457" WIDTH="21"/>
						<String ID="P12_ST00216" HPOS="1091" VPOS="1405" WIDTH="226" HEIGHT="41" CONTENT="Namouna" WC="0.82" CC="0240005" STYLEREFS="TXT_2"/>
						<String ID="P12_ST00217" HPOS="1325" VPOS="1437" WIDTH="8" HEIGHT="15" CONTENT="," WC="0.96" CC="0"/>
						<SP ID="P12_SP00197" HPOS="1333" VPOS="1457" WIDTH="26"/>
						<String ID="P12_ST00218" HPOS="1359" VPOS="1406" WIDTH="38" HEIGHT="40" CONTENT="le" WC="0.97" CC="00"/>
						<SP ID="P12_SP00198" HPOS="1397" VPOS="1457" WIDTH="25"/>
						<String ID="P12_ST00219" HPOS="1422" VPOS="1405" WIDTH="128" HEIGHT="40" CONTENT="ballet" WC="1.00" CC="002300"/>
						<SP ID="P12_SP00199" HPOS="1550" VPOS="1457" WIDTH="23"/>
						<String ID="P12_ST00220" HPOS="1573" VPOS="1404" WIDTH="246" HEIGHT="40" CONTENT="d'Edouard" WC="1.00" CC="000005000"/>
						<SP ID="P12_SP00200" HPOS="1819" VPOS="1457" WIDTH="40"/>
						<String ID="P12_ST00221" HPOS="1859" VPOS="1404" WIDTH="123" HEIGHT="48" CONTENT="Lalo," WC="0.72" CC="20432"/>
						<SP ID="P12_SP00201" HPOS="1982" VPOS="1457" WIDTH="25"/>
						<String ID="P12_ST00222" HPOS="2007" VPOS="1407" WIDTH="74" HEIGHT="49" CONTENT="qui" WC="0.99" CC="003"/>
					</TextLine>
					<TextLine ID="P12_TL00020" HPOS="138" VPOS="1468" WIDTH="1942" HEIGHT="54">
						<String ID="P12_ST00223" HPOS="138" VPOS="1468" WIDTH="158" HEIGHT="41" CONTENT="n'avait" WC="0.98" CC="6400445"/>
						<SP ID="P12_SP00202" HPOS="296" VPOS="1509" WIDTH="21"/>
						<String ID="P12_ST00224" HPOS="317" VPOS="1483" WIDTH="77" HEIGHT="37" CONTENT="pas" WC="1.00" CC="000"/>
						<SP ID="P12_SP00203" HPOS="394" VPOS="1520" WIDTH="20"/>
						<String ID="P12_ST00225" HPOS="414" VPOS="1475" WIDTH="65" HEIGHT="35" CONTENT="été" WC="0.95" CC="750"/>
						<SP ID="P12_SP00204" HPOS="479" VPOS="1520" WIDTH="23"/>
						<String ID="P12_ST00226" HPOS="502" VPOS="1475" WIDTH="246" HEIGHT="47" CONTENT="représenté" WC="0.99" CC="4206600540"/>
						<SP ID="P12_SP00205" HPOS="748" VPOS="1522" WIDTH="22"/>
						<String ID="P12_ST00227" HPOS="770" VPOS="1471" WIDTH="152" HEIGHT="51" CONTENT="depuis" WC="0.99" CC="000620"/>
						<SP ID="P12_SP00206" HPOS="922" VPOS="1522" WIDTH="27"/>
						<String ID="P12_ST00228" HPOS="949" VPOS="1474" WIDTH="113" HEIGHT="46" CONTENT="1884." WC="0.75" CC="20404"/>
						<SP ID="P12_SP00207" HPOS="1062" VPOS="1522" WIDTH="24"/>
						<String ID="P12_ST00229" HPOS="1086" VPOS="1470" WIDTH="61" HEIGHT="40" CONTENT="Le" WC="0.85" CC="20"/>
						<SP ID="P12_SP00208" HPOS="1147" VPOS="1522" WIDTH="22"/>
						<String ID="P12_ST00230" HPOS="1169" VPOS="1471" WIDTH="160" HEIGHT="51" CONTENT="public," WC="0.99" CC="0006004"/>
						<SP ID="P12_SP00209" HPOS="1329" VPOS="1522" WIDTH="22"/>
						<String ID="P12_ST00231" HPOS="1351" VPOS="1476" WIDTH="145" HEIGHT="35" CONTENT="sévère" WC="0.99" CC="000660"/>
						<SP ID="P12_SP00210" HPOS="1496" VPOS="1522" WIDTH="19"/>
						<String ID="P12_ST00232" HPOS="1515" VPOS="1484" WIDTH="110" HEIGHT="38" CONTENT="pour" WC="1.00" CC="0000"/>
						<SP ID="P12_SP00211" HPOS="1625" VPOS="1522" WIDTH="22"/>
						<String ID="P12_ST00233" HPOS="1647" VPOS="1479" WIDTH="107" HEIGHT="31" CONTENT="cette" WC="1.00" CC="00000"/>
						<SP ID="P12_SP00212" HPOS="1754" VPOS="1522" WIDTH="20"/>
						<String ID="P12_ST00234" HPOS="1774" VPOS="1484" WIDTH="145" HEIGHT="26" CONTENT="œuvre" WC="1.00" CC="00000"/>
						<SP ID="P12_SP00213" HPOS="1919" VPOS="1522" WIDTH="37"/>
						<String ID="P12_ST00235" HPOS="1956" VPOS="1476" WIDTH="22" HEIGHT="34" CONTENT="à" WC="0.86" CC="1"/>
						<SP ID="P12_SP00214" HPOS="1978" VPOS="1522" WIDTH="24"/>
						<String ID="P12_ST00236" HPOS="2002" VPOS="1484" WIDTH="78" HEIGHT="27" CONTENT="son" WC="0.98" CC="006"/>
					</TextLine>
					<TextLine ID="P12_TL00021" HPOS="138" VPOS="1536" WIDTH="1303" HEIGHT="50">
						<String ID="P12_ST00237" HPOS="138" VPOS="1538" WIDTH="262" HEIGHT="48" CONTENT="apparition," WC="1.00" CC="10000042203"/>
						<SP ID="P12_SP00215" HPOS="400" VPOS="1586" WIDTH="25"/>
						<String ID="P12_ST00238" HPOS="425" VPOS="1537" WIDTH="59" HEIGHT="39" CONTENT="lui" WC="0.97" CC="052"/>
						<SP ID="P12_SP00216" HPOS="484" VPOS="1586" WIDTH="33"/>
						<String ID="P12_ST00239" HPOS="517" VPOS="1551" WIDTH="20" HEIGHT="25" CONTENT="a" WC="0.96" CC="0"/>
						<SP ID="P12_SP00217" HPOS="537" VPOS="1586" WIDTH="25"/>
						<String ID="P12_ST00240" HPOS="562" VPOS="1536" WIDTH="76" HEIGHT="40" CONTENT="fait" WC="0.97" CC="0606"/>
						<SP ID="P12_SP00218" HPOS="638" VPOS="1586" WIDTH="17"/>
						<String ID="P12_ST00241" HPOS="655" VPOS="1545" WIDTH="107" HEIGHT="32" CONTENT="cette" WC="0.99" CC="00603"/>
						<SP ID="P12_SP00219" HPOS="762" VPOS="1586" WIDTH="19"/>
						<String ID="P12_ST00242" HPOS="781" VPOS="1542" WIDTH="136" HEIGHT="34" CONTENT="année" WC="0.97" CC="06660"/>
						<SP ID="P12_SP00220" HPOS="917" VPOS="1586" WIDTH="23"/>
						<String ID="P12_ST00243" HPOS="940" VPOS="1552" WIDTH="57" HEIGHT="25" CONTENT="un" WC="0.75" CC="50"/>
						<SP ID="P12_SP00221" HPOS="997" VPOS="1586" WIDTH="24"/>
						<String ID="P12_ST00244" HPOS="1021" VPOS="1538" WIDTH="159" HEIGHT="40" CONTENT="accueil" WC="0.99" CC="0106031"/>
						<SP ID="P12_SP00222" HPOS="1180" VPOS="1586" WIDTH="23"/>
						<String ID="P12_ST00245" HPOS="1203" VPOS="1537" WIDTH="238" HEIGHT="41" CONTENT="favorable." WC="1.00" CC="0000000002"/>
					</TextLine>
					<TextLine ID="P12_TL00022" HPOS="191" VPOS="1602" WIDTH="1889" HEIGHT="54">
						<String ID="P12_ST00246" HPOS="191" VPOS="1602" WIDTH="105" HEIGHT="40" CONTENT="Puis" WC="0.99" CC="0040"/>
						<SP ID="P12_SP00223" HPOS="296" VPOS="1642" WIDTH="23"/>
						<String ID="P12_ST00247" HPOS="319" VPOS="1616" WIDTH="45" HEIGHT="26" CONTENT="ce" WC="1.00" CC="00"/>
						<SP ID="P12_SP00224" HPOS="364" VPOS="1642" WIDTH="23"/>
						<String ID="P12_ST00248" HPOS="387" VPOS="1602" WIDTH="62" HEIGHT="40" CONTENT="fut" WC="0.98" CC="005"/>
						<SP ID="P12_SP00225" HPOS="449" VPOS="1642" WIDTH="23"/>
						<String ID="P12_ST00249" HPOS="472" VPOS="1604" WIDTH="38" HEIGHT="38" CONTENT="le" WC="0.74" CC="50"/>
						<SP ID="P12_SP00226" HPOS="510" VPOS="1642" WIDTH="24"/>
						<String ID="P12_ST00250" HPOS="534" VPOS="1602" WIDTH="247" HEIGHT="54" CONTENT="Crépuscule" WC="0.99" CC="0540067605" STYLEREFS="TXT_2"/>
						<SP ID="P12_SP00227" HPOS="781" VPOS="1656" WIDTH="23"/>
						<String ID="P12_ST00251" HPOS="804" VPOS="1605" WIDTH="68" HEIGHT="37" CONTENT="des" WC="0.97" CC="360" STYLEREFS="TXT_2"/>
						<SP ID="P12_SP00228" HPOS="872" VPOS="1656" WIDTH="19"/>
						<String ID="P12_ST00252" HPOS="891" VPOS="1604" WIDTH="136" HEIGHT="38" CONTENT="Dieux" WC="1.00" CC="00010" STYLEREFS="TXT_2"/>
						<String ID="P12_ST00253" HPOS="1033" VPOS="1635" WIDTH="8" HEIGHT="18" CONTENT="," WC="0.67" CC="3"/>
						<SP ID="P12_SP00229" HPOS="1041" VPOS="1656" WIDTH="22"/>
						<String ID="P12_ST00254" HPOS="1063" VPOS="1605" WIDTH="52" HEIGHT="39" CONTENT="de" WC="0.90" CC="02"/>
						<SP ID="P12_SP00230" HPOS="1115" VPOS="1656" WIDTH="19"/>
						<String ID="P12_ST00255" HPOS="1134" VPOS="1604" WIDTH="188" HEIGHT="40" CONTENT="Richard" WC="1.00" CC="0302000"/>
						<SP ID="P12_SP00231" HPOS="1322" VPOS="1656" WIDTH="24"/>
						<String ID="P12_ST00256" HPOS="1346" VPOS="1604" WIDTH="213" HEIGHT="50" CONTENT="Wagner," WC="1.00" CC="0007000"/>
						<SP ID="P12_SP00232" HPOS="1559" VPOS="1656" WIDTH="23"/>
						<String ID="P12_ST00257" HPOS="1582" VPOS="1605" WIDTH="106" HEIGHT="39" CONTENT="dont" WC="1.00" CC="0000"/>
						<SP ID="P12_SP00233" HPOS="1688" VPOS="1656" WIDTH="22"/>
						<String ID="P12_ST00258" HPOS="1710" VPOS="1602" WIDTH="253" HEIGHT="42" CONTENT="l'exécution" WC="0.99" CC="53010060330"/>
						<SP ID="P12_SP00234" HPOS="1963" VPOS="1656" WIDTH="23"/>
						<String ID="P12_ST00259" HPOS="1986" VPOS="1619" WIDTH="63" HEIGHT="25" CONTENT="mu" SUBS_TYPE="HypPart1" SUBS_CONTENT="musicale," WC="0.96" CC="06"/>
						<HYP HPOS="2049" VPOS="1619" WIDTH="31" CONTENT="-"/>
					</TextLine>
					<TextLine ID="P12_TL00023" HPOS="138" VPOS="1670" WIDTH="1789" HEIGHT="52">
						<String ID="P12_ST00260" HPOS="138" VPOS="1670" WIDTH="144" HEIGHT="49" CONTENT="sicale," SUBS_TYPE="HypPart2" SUBS_CONTENT="musicale," WC="0.99" CC="0300304"/>
						<SP ID="P12_SP00235" HPOS="282" VPOS="1719" WIDTH="20"/>
						<String ID="P12_ST00261" HPOS="302" VPOS="1682" WIDTH="103" HEIGHT="27" CONTENT="sous" WC="0.99" CC="0300"/>
						<SP ID="P12_SP00236" HPOS="405" VPOS="1719" WIDTH="22"/>
						<String ID="P12_ST00262" HPOS="427" VPOS="1670" WIDTH="39" HEIGHT="38" CONTENT="la" WC="1.00" CC="00"/>
						<SP ID="P12_SP00237" HPOS="466" VPOS="1719" WIDTH="23"/>
						<String ID="P12_ST00263" HPOS="489" VPOS="1670" WIDTH="209" HEIGHT="40" CONTENT="direction" WC="1.00" CC="010005122"/>
						<SP ID="P12_SP00238" HPOS="698" VPOS="1719" WIDTH="18"/>
						<String ID="P12_ST00264" HPOS="716" VPOS="1670" WIDTH="52" HEIGHT="39" CONTENT="de" WC="1.00" CC="00"/>
						<SP ID="P12_SP00239" HPOS="768" VPOS="1719" WIDTH="19"/>
						<String ID="P12_ST00265" HPOS="787" VPOS="1670" WIDTH="60" HEIGHT="39" CONTENT="M." WC="0.78" CC="04"/>
						<SP ID="P12_SP00240" HPOS="847" VPOS="1719" WIDTH="25"/>
						<String ID="P12_ST00266" HPOS="872" VPOS="1670" WIDTH="242" HEIGHT="49" CONTENT="Messager," WC="1.00" CC="000000004"/>
						<SP ID="P12_SP00241" HPOS="1114" VPOS="1719" WIDTH="21"/>
						<String ID="P12_ST00267" HPOS="1135" VPOS="1670" WIDTH="63" HEIGHT="40" CONTENT="fut" WC="0.97" CC="034"/>
						<SP ID="P12_SP00242" HPOS="1198" VPOS="1719" WIDTH="22"/>
						<String ID="P12_ST00268" HPOS="1220" VPOS="1670" WIDTH="128" HEIGHT="40" CONTENT="d'une" WC="0.99" CC="04030"/>
						<SP ID="P12_SP00243" HPOS="1348" VPOS="1719" WIDTH="22"/>
						<String ID="P12_ST00269" HPOS="1370" VPOS="1672" WIDTH="215" HEIGHT="50" CONTENT="précision" WC="1.00" CC="000020400"/>
						<SP ID="P12_SP00244" HPOS="1585" VPOS="1722" WIDTH="24"/>
						<String ID="P12_ST00270" HPOS="1609" VPOS="1670" WIDTH="318" HEIGHT="51" CONTENT="remarquable." WC="1.00" CC="000400530603"/>
					</TextLine>
					<TextLine ID="P12_TL00024" HPOS="191" VPOS="1734" WIDTH="1888" HEIGHT="53">
						<String ID="P12_ST00271" HPOS="191" VPOS="1734" WIDTH="119" HEIGHT="41" CONTENT="Dans" WC="0.98" CC="5050"/>
						<SP ID="P12_SP00245" HPOS="310" VPOS="1775" WIDTH="22"/>
						<String ID="P12_ST00272" HPOS="332" VPOS="1736" WIDTH="211" HEIGHT="51" CONTENT="quelques" WC="1.00" CC="05000400"/>
						<SP ID="P12_SP00246" HPOS="543" VPOS="1787" WIDTH="23"/>
						<String ID="P12_ST00273" HPOS="566" VPOS="1736" WIDTH="133" HEIGHT="51" CONTENT="jours," WC="0.99" CC="000114"/>
						<SP ID="P12_SP00247" HPOS="699" VPOS="1787" WIDTH="40"/>
						<String ID="P12_ST00274" HPOS="739" VPOS="1735" WIDTH="174" HEIGHT="52" CONTENT="l'Opéra" WC="1.00" CC="0100000"/>
						<SP ID="P12_SP00248" HPOS="913" VPOS="1787" WIDTH="37"/>
						<String ID="P12_ST00275" HPOS="950" VPOS="1737" WIDTH="191" HEIGHT="39" CONTENT="donnera" WC="0.99" CC="0454000"/>
						<SP ID="P12_SP00249" HPOS="1141" VPOS="1787" WIDTH="41"/>
						<String ID="P12_ST00276" HPOS="1182" VPOS="1750" WIDTH="84" HEIGHT="27" CONTENT="une" WC="0.98" CC="600"/>
						<SP ID="P12_SP00250" HPOS="1266" VPOS="1787" WIDTH="22"/>
						<String ID="P12_ST00277" HPOS="1288" VPOS="1751" WIDTH="147" HEIGHT="25" CONTENT="œuvre" WC="1.00" CC="02000"/>
						<SP ID="P12_SP00251" HPOS="1435" VPOS="1787" WIDTH="23"/>
						<String ID="P12_ST00278" HPOS="1458" VPOS="1738" WIDTH="200" HEIGHT="39" CONTENT="nouvelle" WC="1.00" CC="01000530"/>
						<SP ID="P12_SP00252" HPOS="1658" VPOS="1787" WIDTH="23"/>
						<String ID="P12_ST00279" HPOS="1681" VPOS="1736" WIDTH="130" HEIGHT="39" CONTENT="Mona" WC="0.77" CC="0206" STYLEREFS="TXT_2"/>
						<SP ID="P12_SP00253" HPOS="1811" VPOS="1787" WIDTH="30"/>
						<String ID="P12_ST00280" HPOS="1841" VPOS="1736" WIDTH="162" HEIGHT="49" CONTENT="Vanna," WC="0.98" CC="060445" STYLEREFS="TXT_2"/>
						<SP ID="P12_SP00254" HPOS="2003" VPOS="1787" WIDTH="25"/>
						<String ID="P12_ST00281" HPOS="2028" VPOS="1738" WIDTH="51" HEIGHT="39" CONTENT="de" WC="1.00" CC="00"/>
					</TextLine>
					<TextLine ID="P12_TL00025" HPOS="138" VPOS="1801" WIDTH="1941" HEIGHT="53">
						<String ID="P12_ST00282" HPOS="138" VPOS="1801" WIDTH="133" HEIGHT="40" CONTENT="Henri" WC="0.99" CC="20600"/>
						<SP ID="P12_SP00255" HPOS="271" VPOS="1841" WIDTH="32"/>
						<String ID="P12_ST00283" HPOS="303" VPOS="1802" WIDTH="186" HEIGHT="47" CONTENT="Février," WC="0.99" CC="66003204"/>
						<SP ID="P12_SP00256" HPOS="489" VPOS="1849" WIDTH="23"/>
						<String ID="P12_ST00284" HPOS="512" VPOS="1817" WIDTH="57" HEIGHT="25" CONTENT="un" WC="0.65" CC="70"/>
						<SP ID="P12_SP00257" HPOS="569" VPOS="1849" WIDTH="41"/>
						<String ID="P12_ST00285" HPOS="610" VPOS="1803" WIDTH="74" HEIGHT="39" CONTENT="des" WC="0.98" CC="500"/>
						<SP ID="P12_SP00258" HPOS="684" VPOS="1849" WIDTH="36"/>
						<String ID="P12_ST00286" HPOS="720" VPOS="1804" WIDTH="314" HEIGHT="50" CONTENT="compositeurs" WC="1.00" CC="000020300400"/>
						<SP ID="P12_SP00259" HPOS="1034" VPOS="1854" WIDTH="43"/>
						<String ID="P12_ST00287" HPOS="1077" VPOS="1804" WIDTH="58" HEIGHT="38" CONTENT="les" WC="0.96" CC="550"/>
						<SP ID="P12_SP00260" HPOS="1135" VPOS="1854" WIDTH="40"/>
						<String ID="P12_ST00288" HPOS="1175" VPOS="1804" WIDTH="97" HEIGHT="50" CONTENT="plus" WC="0.99" CC="0400"/>
						<SP ID="P12_SP00261" HPOS="1272" VPOS="1854" WIDTH="23"/>
						<String ID="P12_ST00289" HPOS="1295" VPOS="1805" WIDTH="148" HEIGHT="49" CONTENT="jeunes" WC="1.00" CC="500000"/>
						<SP ID="P12_SP00262" HPOS="1443" VPOS="1854" WIDTH="23"/>
						<String ID="P12_ST00290" HPOS="1466" VPOS="1813" WIDTH="41" HEIGHT="30" CONTENT="et" WC="0.84" CC="03"/>
						<SP ID="P12_SP00263" HPOS="1507" VPOS="1854" WIDTH="40"/>
						<String ID="P12_ST00291" HPOS="1547" VPOS="1804" WIDTH="61" HEIGHT="39" CONTENT="les" WC="0.98" CC="400"/>
						<SP ID="P12_SP00264" HPOS="1608" VPOS="1854" WIDTH="22"/>
						<String ID="P12_ST00292" HPOS="1630" VPOS="1804" WIDTH="96" HEIGHT="50" CONTENT="plus" WC="0.98" CC="0420"/>
						<SP ID="P12_SP00265" HPOS="1726" VPOS="1854" WIDTH="35"/>
						<String ID="P12_ST00293" HPOS="1761" VPOS="1804" WIDTH="244" HEIGHT="49" CONTENT="distingués" WC="1.00" CC="0110370000"/>
						<SP ID="P12_SP00266" HPOS="2005" VPOS="1854" WIDTH="22"/>
						<String ID="P12_ST00294" HPOS="2027" VPOS="1804" WIDTH="52" HEIGHT="40" CONTENT="de" WC="1.00" CC="00"/>
					</TextLine>
					<TextLine ID="P12_TL00026" HPOS="136" VPOS="1868" WIDTH="505" HEIGHT="50">
						<String ID="P12_ST00295" HPOS="136" VPOS="1877" WIDTH="123" HEIGHT="31" CONTENT="notre" WC="0.99" CC="00500"/>
						<SP ID="P12_SP00267" HPOS="259" VPOS="1908" WIDTH="21"/>
						<String ID="P12_ST00296" HPOS="280" VPOS="1868" WIDTH="117" HEIGHT="40" CONTENT="école" WC="1.00" CC="00100"/>
						<SP ID="P12_SP00268" HPOS="397" VPOS="1908" WIDTH="16"/>
						<String ID="P12_ST00297" HPOS="413" VPOS="1868" WIDTH="228" HEIGHT="50" CONTENT="française." WC="1.00" CC="0000003003"/>
					</TextLine>
					<TextLine ID="P12_TL00027" HPOS="190" VPOS="1934" WIDTH="1889" HEIGHT="51">
						<String ID="P12_ST00298" HPOS="190" VPOS="1934" WIDTH="60" HEIGHT="39" CONTENT="La" WC="1.00" CC="00"/>
						<SP ID="P12_SP00269" HPOS="250" VPOS="1973" WIDTH="24"/>
						<String ID="P12_ST00299" HPOS="274" VPOS="1935" WIDTH="208" HEIGHT="40" CONTENT="direction" WC="1.00" CC="040003000"/>
						<SP ID="P12_SP00270" HPOS="482" VPOS="1975" WIDTH="22"/>
						<String ID="P12_ST00300" HPOS="504" VPOS="1949" WIDTH="102" HEIGHT="25" CONTENT="aura" WC="0.99" CC="0600"/>
						<SP ID="P12_SP00271" HPOS="606" VPOS="1975" WIDTH="20"/>
						<String ID="P12_ST00301" HPOS="626" VPOS="1936" WIDTH="126" HEIGHT="45" CONTENT="donc," WC="0.99" CC="00503"/>
						<SP ID="P12_SP00272" HPOS="752" VPOS="1981" WIDTH="19"/>
						<String ID="P12_ST00302" HPOS="771" VPOS="1948" WIDTH="52" HEIGHT="27" CONTENT="en" WC="1.00" CC="00"/>
						<SP ID="P12_SP00273" HPOS="823" VPOS="1981" WIDTH="22"/>
						<String ID="P12_ST00303" HPOS="845" VPOS="1950" WIDTH="54" HEIGHT="25" CONTENT="un" WC="0.81" CC="30"/>
						<SP ID="P12_SP00274" HPOS="899" VPOS="1981" WIDTH="35"/>
						<String ID="P12_ST00304" HPOS="934" VPOS="1950" WIDTH="69" HEIGHT="35" CONTENT="an," WC="0.98" CC="004"/>
						<SP ID="P12_SP00275" HPOS="1003" VPOS="1985" WIDTH="21"/>
						<String ID="P12_ST00305" HPOS="1024" VPOS="1940" WIDTH="146" HEIGHT="36" CONTENT="monté" WC="1.00" CC="00030"/>
						<SP ID="P12_SP00276" HPOS="1170" VPOS="1985" WIDTH="18"/>
						<String ID="P12_ST00306" HPOS="1188" VPOS="1950" WIDTH="84" HEIGHT="26" CONTENT="une" WC="1.00" CC="000"/>
						<SP ID="P12_SP00277" HPOS="1272" VPOS="1985" WIDTH="22"/>
						<String ID="P12_ST00307" HPOS="1294" VPOS="1949" WIDTH="148" HEIGHT="27" CONTENT="œuvre" WC="1.00" CC="03000"/>
						<SP ID="P12_SP00278" HPOS="1442" VPOS="1985" WIDTH="23"/>
						<String ID="P12_ST00308" HPOS="1465" VPOS="1936" WIDTH="198" HEIGHT="40" CONTENT="nouvelle" WC="0.99" CC="60000310"/>
						<SP ID="P12_SP00279" HPOS="1663" VPOS="1985" WIDTH="21"/>
						<String ID="P12_ST00309" HPOS="1684" VPOS="1936" WIDTH="226" HEIGHT="49" CONTENT="française," WC="1.00" CC="0407000004"/>
						<SP ID="P12_SP00280" HPOS="1910" VPOS="1985" WIDTH="19"/>
						<String ID="P12_ST00310" HPOS="1929" VPOS="1936" WIDTH="150" HEIGHT="40" CONTENT="Mona-" WC="0.98" CC="00000" STYLEREFS="TXT_2"/>
					</TextLine>
					<TextLine ID="P12_TL00028" HPOS="144" VPOS="1999" WIDTH="1936" HEIGHT="56">
						<String ID="P12_ST00311" HPOS="144" VPOS="1999" WIDTH="146" HEIGHT="41" CONTENT="Vanna" WC="0.99" CC="00130" STYLEREFS="TXT_2"/>
						<String ID="P12_ST00312" HPOS="296" VPOS="2032" WIDTH="9" HEIGHT="15" CONTENT="," WC="1.00" CC="0"/>
						<SP ID="P12_SP00281" HPOS="305" VPOS="2047" WIDTH="37"/>
						<String ID="P12_ST00313" HPOS="342" VPOS="2014" WIDTH="84" HEIGHT="26" CONTENT="une" WC="0.95" CC="670"/>
						<SP ID="P12_SP00282" HPOS="426" VPOS="2047" WIDTH="34"/>
						<String ID="P12_ST00314" HPOS="460" VPOS="2015" WIDTH="147" HEIGHT="26" CONTENT="œuvre" WC="0.99" CC="06000"/>
						<SP ID="P12_SP00283" HPOS="607" VPOS="2047" WIDTH="22"/>
						<String ID="P12_ST00315" HPOS="629" VPOS="2002" WIDTH="231" HEIGHT="51" CONTENT="classique," WC="1.00" CC="1400020004"/>
						<SP ID="P12_SP00284" HPOS="860" VPOS="2053" WIDTH="32"/>
						<String ID="P12_ST00316" HPOS="892" VPOS="2002" WIDTH="129" HEIGHT="39" CONTENT="Faust" WC="1.00" CC="00001" STYLEREFS="TXT_2"/>
						<String ID="P12_ST00317" HPOS="1025" VPOS="2033" WIDTH="10" HEIGHT="17" CONTENT="," WC="0.25" CC="7"/>
						<SP ID="P12_SP00285" HPOS="1035" VPOS="2053" WIDTH="40"/>
						<String ID="P12_ST00318" HPOS="1075" VPOS="2016" WIDTH="84" HEIGHT="26" CONTENT="une" WC="0.98" CC="060"/>
						<SP ID="P12_SP00286" HPOS="1159" VPOS="2053" WIDTH="37"/>
						<String ID="P12_ST00319" HPOS="1196" VPOS="2016" WIDTH="146" HEIGHT="26" CONTENT="œuvre" WC="0.99" CC="06000"/>
						<SP ID="P12_SP00287" HPOS="1342" VPOS="2053" WIDTH="31"/>
						<String ID="P12_ST00320" HPOS="1373" VPOS="2007" WIDTH="240" HEIGHT="44" CONTENT="étrangère," WC="1.00" CC="0000707002"/>
						<SP ID="P12_SP00288" HPOS="1613" VPOS="2053" WIDTH="36"/>
						<String ID="P12_ST00321" HPOS="1649" VPOS="2003" WIDTH="39" HEIGHT="39" CONTENT="le" WC="0.80" CC="30"/>
						<SP ID="P12_SP00289" HPOS="1688" VPOS="2053" WIDTH="40"/>
						<String ID="P12_ST00322" HPOS="1728" VPOS="2002" WIDTH="248" HEIGHT="53" CONTENT="Crépuscule" WC="1.00" CC="0020006000" STYLEREFS="TXT_2"/>
						<SP ID="P12_SP00290" HPOS="1976" VPOS="2055" WIDTH="33"/>
						<String ID="P12_ST00323" HPOS="2009" VPOS="2003" WIDTH="71" HEIGHT="39" CONTENT="des" WC="0.97" CC="008" STYLEREFS="TXT_2"/>
					</TextLine>
					<TextLine ID="P12_TL00029" HPOS="134" VPOS="2066" WIDTH="1944" HEIGHT="54">
						<String ID="P12_ST00324" HPOS="134" VPOS="2066" WIDTH="139" HEIGHT="40" CONTENT="Dieux" WC="1.00" CC="10000" STYLEREFS="TXT_2"/>
						<String ID="P12_ST00325" HPOS="279" VPOS="2100" WIDTH="8" HEIGHT="15" CONTENT="," WC="0.65" CC="3"/>
						<SP ID="P12_SP00291" HPOS="287" VPOS="2115" WIDTH="23"/>
						<String ID="P12_ST00326" HPOS="310" VPOS="2075" WIDTH="39" HEIGHT="32" CONTENT="et" WC="0.96" CC="00"/>
						<SP ID="P12_SP00292" HPOS="349" VPOS="2115" WIDTH="22"/>
						<String ID="P12_ST00327" HPOS="371" VPOS="2070" WIDTH="129" HEIGHT="37" CONTENT="remis" WC="0.99" CC="40003"/>
						<SP ID="P12_SP00293" HPOS="500" VPOS="2115" WIDTH="36"/>
						<String ID="P12_ST00328" HPOS="536" VPOS="2073" WIDTH="21" HEIGHT="34" CONTENT="à" WC="0.88" CC="1"/>
						<SP ID="P12_SP00294" HPOS="557" VPOS="2115" WIDTH="32"/>
						<String ID="P12_ST00329" HPOS="589" VPOS="2068" WIDTH="39" HEIGHT="39" CONTENT="la" WC="0.78" CC="40"/>
						<SP ID="P12_SP00295" HPOS="628" VPOS="2115" WIDTH="42"/>
						<String ID="P12_ST00330" HPOS="670" VPOS="2074" WIDTH="125" HEIGHT="34" CONTENT="scène" WC="0.99" CC="00070"/>
						<SP ID="P12_SP00296" HPOS="795" VPOS="2115" WIDTH="42"/>
						<String ID="P12_ST00331" HPOS="837" VPOS="2083" WIDTH="57" HEIGHT="25" CONTENT="un" WC="0.69" CC="60"/>
						<SP ID="P12_SP00297" HPOS="894" VPOS="2115" WIDTH="42"/>
						<String ID="P12_ST00332" HPOS="936" VPOS="2082" WIDTH="193" HEIGHT="36" CONTENT="ouvrage" WC="0.99" CC="3501000"/>
						<SP ID="P12_SP00298" HPOS="1129" VPOS="2118" WIDTH="31"/>
						<String ID="P12_ST00333" HPOS="1160" VPOS="2069" WIDTH="174" HEIGHT="48" CONTENT="négligé" WC="0.99" CC="2604006"/>
						<SP ID="P12_SP00299" HPOS="1334" VPOS="2118" WIDTH="35"/>
						<String ID="P12_ST00334" HPOS="1369" VPOS="2069" WIDTH="152" HEIGHT="51" CONTENT="depuis" WC="0.99" CC="000620"/>
						<SP ID="P12_SP00300" HPOS="1521" VPOS="2120" WIDTH="22"/>
						<String ID="P12_ST00335" HPOS="1543" VPOS="2070" WIDTH="301" HEIGHT="50" CONTENT="vingt-quatre" WC="1.00" CC="046042000500"/>
						<SP ID="P12_SP00301" HPOS="1844" VPOS="2120" WIDTH="25"/>
						<String ID="P12_ST00336" HPOS="1869" VPOS="2082" WIDTH="92" HEIGHT="33" CONTENT="ans," WC="0.97" CC="6404"/>
						<SP ID="P12_SP00302" HPOS="1961" VPOS="2120" WIDTH="24"/>
						<String ID="P12_ST00337" HPOS="1985" VPOS="2068" WIDTH="62" HEIGHT="41" CONTENT="Na" SUBS_TYPE="HypPart1" SUBS_CONTENT="Namouna." WC="0.69" CC="00" STYLEREFS="TXT_2"/>
						<HYP HPOS="2047" VPOS="2068" WIDTH="31" CONTENT="-"/>
					</TextLine>
					<TextLine ID="P12_TL00030" HPOS="136" VPOS="2147" WIDTH="168" HEIGHT="26">
						<String ID="P12_ST00338" HPOS="136" VPOS="2147" WIDTH="168" HEIGHT="26" CONTENT="mouna." SUBS_TYPE="HypPart2" SUBS_CONTENT="Namouna." WC="0.81" CC="620004" STYLEREFS="TXT_2"/>
					</TextLine>
					<TextLine ID="P12_TL00031" HPOS="190" VPOS="2199" WIDTH="1888" HEIGHT="52">
						<String ID="P12_ST00339" HPOS="190" VPOS="2199" WIDTH="117" HEIGHT="40" CONTENT="Pour" WC="0.98" CC="0064"/>
						<SP ID="P12_SP00303" HPOS="307" VPOS="2239" WIDTH="19"/>
						<String ID="P12_ST00340" HPOS="326" VPOS="2200" WIDTH="37" HEIGHT="39" CONTENT="le" WC="1.00" CC="00"/>
						<SP ID="P12_SP00304" HPOS="363" VPOS="2239" WIDTH="20"/>
						<String ID="P12_ST00341" HPOS="383" VPOS="2213" WIDTH="278" HEIGHT="38" CONTENT="programme" WC="0.99" CC="054050000"/>
						<SP ID="P12_SP00305" HPOS="661" VPOS="2251" WIDTH="19"/>
						<String ID="P12_ST00342" HPOS="680" VPOS="2200" WIDTH="131" HEIGHT="48" CONTENT="futur," WC="0.98" CC="006603"/>
						<SP ID="P12_SP00306" HPOS="811" VPOS="2251" WIDTH="25"/>
						<String ID="P12_ST00343" HPOS="836" VPOS="2202" WIDTH="60" HEIGHT="38" CONTENT="les" WC="1.00" CC="000"/>
						<SP ID="P12_SP00307" HPOS="896" VPOS="2251" WIDTH="37"/>
						<String ID="P12_ST00344" HPOS="933" VPOS="2202" WIDTH="235" HEIGHT="39" CONTENT="directeurs" WC="1.00" CC="0030000000"/>
						<SP ID="P12_SP00308" HPOS="1168" VPOS="2251" WIDTH="35"/>
						<String ID="P12_ST00345" HPOS="1203" VPOS="2202" WIDTH="51" HEIGHT="39" CONTENT="de" WC="1.00" CC="00"/>
						<SP ID="P12_SP00309" HPOS="1254" VPOS="2251" WIDTH="38"/>
						<String ID="P12_ST00346" HPOS="1292" VPOS="2200" WIDTH="172" HEIGHT="51" CONTENT="l'Opéra" WC="1.00" CC="7000000"/>
						<SP ID="P12_SP00310" HPOS="1464" VPOS="2251" WIDTH="29"/>
						<String ID="P12_ST00347" HPOS="1493" VPOS="2210" WIDTH="73" HEIGHT="31" CONTENT="ont" WC="0.97" CC="052"/>
						<SP ID="P12_SP00311" HPOS="1566" VPOS="2251" WIDTH="23"/>
						<String ID="P12_ST00348" HPOS="1589" VPOS="2214" WIDTH="97" HEIGHT="35" CONTENT="reçu" WC="1.00" CC="0000"/>
						<SP ID="P12_SP00312" HPOS="1686" VPOS="2251" WIDTH="23"/>
						<String ID="P12_ST00349" HPOS="1709" VPOS="2214" WIDTH="168" HEIGHT="27" CONTENT="comme" WC="1.00" CC="01000"/>
						<SP ID="P12_SP00313" HPOS="1877" VPOS="2251" WIDTH="30"/>
						<String ID="P12_ST00350" HPOS="1907" VPOS="2215" WIDTH="171" HEIGHT="26" CONTENT="œuvres" WC="1.00" CC="000400"/>
					</TextLine>
					<TextLine ID="P12_TL00032" HPOS="136" VPOS="2265" WIDTH="1942" HEIGHT="51">
						<String ID="P12_ST00351" HPOS="136" VPOS="2265" WIDTH="235" HEIGHT="50" CONTENT="françaises" WC="1.00" CC="0066012000"/>
						<SP ID="P12_SP00314" HPOS="371" VPOS="2315" WIDTH="21"/>
						<String ID="P12_ST00352" HPOS="392" VPOS="2282" WIDTH="6" HEIGHT="23" CONTENT=":" WC="0.59" CC="4"/>
						<SP ID="P12_SP00315" HPOS="398" VPOS="2315" WIDTH="25"/>
						<String ID="P12_ST00353" HPOS="423" VPOS="2266" WIDTH="189" HEIGHT="39" CONTENT="Bacchus" WC="0.74" CC="0600028" STYLEREFS="TXT_2"/>
						<String ID="P12_ST00354" HPOS="618" VPOS="2298" WIDTH="9" HEIGHT="16" CONTENT="," WC="0.69" CC="3"/>
						<SP ID="P12_SP00316" HPOS="627" VPOS="2315" WIDTH="24"/>
						<String ID="P12_ST00355" HPOS="651" VPOS="2267" WIDTH="53" HEIGHT="40" CONTENT="de" WC="1.00" CC="00"/>
						<SP ID="P12_SP00317" HPOS="704" VPOS="2315" WIDTH="22"/>
						<String ID="P12_ST00356" HPOS="726" VPOS="2267" WIDTH="107" HEIGHT="39" CONTENT="MM." WC="0.99" CC="002"/>
						<SP ID="P12_SP00318" HPOS="833" VPOS="2315" WIDTH="25"/>
						<String ID="P12_ST00357" HPOS="858" VPOS="2267" WIDTH="170" HEIGHT="40" CONTENT="Catulle" WC="0.99" CC="0076340"/>
						<SP ID="P12_SP00319" HPOS="1028" VPOS="2315" WIDTH="23"/>
						<String ID="P12_ST00358" HPOS="1051" VPOS="2266" WIDTH="179" HEIGHT="41" CONTENT="Mendès" WC="0.79" CC="008040"/>
						<SP ID="P12_SP00320" HPOS="1230" VPOS="2315" WIDTH="19"/>
						<String ID="P12_ST00359" HPOS="1249" VPOS="2276" WIDTH="40" HEIGHT="31" CONTENT="et" WC="0.81" CC="03"/>
						<SP ID="P12_SP00321" HPOS="1289" VPOS="2315" WIDTH="21"/>
						<String ID="P12_ST00360" HPOS="1310" VPOS="2267" WIDTH="235" HEIGHT="40" CONTENT="Massenet." WC="0.90" CC="000005003"/>
						<SP ID="P12_SP00322" HPOS="1545" VPOS="2315" WIDTH="28"/>
						<String ID="P12_ST00361" HPOS="1573" VPOS="2276" WIDTH="173" HEIGHT="30" CONTENT="auteurs" WC="1.00" CC="6000000"/>
						<SP ID="P12_SP00323" HPOS="1746" VPOS="2315" WIDTH="37"/>
						<String ID="P12_ST00362" HPOS="1783" VPOS="2268" WIDTH="25" HEIGHT="39" CONTENT="d" WC="1.00" CC="0"/>
						<String ID="P12_ST00363" HPOS="1817" VPOS="2269" WIDTH="5" HEIGHT="10" CONTENT="}" STYLE="superscript" WC="0.55" CC="4" STYLEREFS="TXT_2"/>
						<String ID="P12_ST00364" HPOS="1826" VPOS="2267" WIDTH="161" HEIGHT="39" CONTENT="Ariane" WC="1.00" CC="022000" STYLEREFS="TXT_2"/>
						<SP ID="P12_SP00324" HPOS="1987" VPOS="2315" WIDTH="22"/>
						<String ID="P12_ST00365" HPOS="2009" VPOS="2279" WIDTH="9" HEIGHT="37" CONTENT=";" WC="0.10" CC="8"/>
						<SP ID="P12_SP00325" HPOS="2018" VPOS="2316" WIDTH="23"/>
						<String ID="P12_ST00366" HPOS="2041" VPOS="2268" WIDTH="37" HEIGHT="39" CONTENT="le" WC="0.66" CC="50"/>
					</TextLine>
					<TextLine ID="P12_TL00033" HPOS="134" VPOS="2331" WIDTH="1945" HEIGHT="52">
						<String ID="P12_ST00367" HPOS="134" VPOS="2331" WIDTH="176" HEIGHT="40" CONTENT="Miracle" WC="0.99" CC="0009022" STYLEREFS="TXT_2"/>
						<String ID="P12_ST00368" HPOS="315" VPOS="2363" WIDTH="9" HEIGHT="18" CONTENT="," WC="0.55" CC="4"/>
						<SP ID="P12_SP00326" HPOS="324" VPOS="2381" WIDTH="22"/>
						<String ID="P12_ST00369" HPOS="346" VPOS="2333" WIDTH="52" HEIGHT="38" CONTENT="de" WC="1.00" CC="00"/>
						<SP ID="P12_SP00327" HPOS="398" VPOS="2381" WIDTH="24"/>
						<String ID="P12_ST00370" HPOS="422" VPOS="2331" WIDTH="194" HEIGHT="51" CONTENT="Georges" WC="1.00" CC="0020000"/>
						<SP ID="P12_SP00328" HPOS="616" VPOS="2382" WIDTH="19"/>
						<String ID="P12_ST00371" HPOS="635" VPOS="2333" WIDTH="93" HEIGHT="40" CONTENT="Hue" WC="0.98" CC="600"/>
						<SP ID="P12_SP00329" HPOS="728" VPOS="2382" WIDTH="20"/>
						<String ID="P12_ST00372" HPOS="748" VPOS="2345" WIDTH="9" HEIGHT="37" CONTENT=";" WC="0.11" CC="8"/>
						<SP ID="P12_SP00330" HPOS="757" VPOS="2382" WIDTH="22"/>
						<String ID="P12_ST00373" HPOS="779" VPOS="2334" WIDTH="39" HEIGHT="39" CONTENT="la" WC="1.00" CC="00"/>
						<SP ID="P12_SP00331" HPOS="818" VPOS="2382" WIDTH="32"/>
						<String ID="P12_ST00374" HPOS="850" VPOS="2333" WIDTH="110" HEIGHT="40" CONTENT="Fille" WC="1.00" CC="00010" STYLEREFS="TXT_2"/>
						<SP ID="P12_SP00332" HPOS="960" VPOS="2382" WIDTH="19"/>
						<String ID="P12_ST00375" HPOS="979" VPOS="2335" WIDTH="48" HEIGHT="37" CONTENT="de" WC="1.00" CC="00" STYLEREFS="TXT_2"/>
						<SP ID="P12_SP00333" HPOS="1027" VPOS="2382" WIDTH="20"/>
						<String ID="P12_ST00376" HPOS="1047" VPOS="2333" WIDTH="171" HEIGHT="39" CONTENT="Ramsès" WC="0.97" CC="100000" STYLEREFS="TXT_2"/>
						<String ID="P12_ST00377" HPOS="1223" VPOS="2364" WIDTH="9" HEIGHT="16" CONTENT="," WC="0.62" CC="3"/>
						<SP ID="P12_SP00334" HPOS="1232" VPOS="2382" WIDTH="25"/>
						<String ID="P12_ST00378" HPOS="1257" VPOS="2334" WIDTH="51" HEIGHT="39" CONTENT="de" WC="1.00" CC="00"/>
						<SP ID="P12_SP00335" HPOS="1308" VPOS="2382" WIDTH="23"/>
						<String ID="P12_ST00379" HPOS="1331" VPOS="2333" WIDTH="108" HEIGHT="40" CONTENT="Paul" WC="1.00" CC="0000"/>
						<SP ID="P12_SP00336" HPOS="1439" VPOS="2382" WIDTH="19"/>
						<String ID="P12_ST00380" HPOS="1458" VPOS="2333" WIDTH="128" HEIGHT="40" CONTENT="Vidal" WC="0.98" CC="33005"/>
						<SP ID="P12_SP00337" HPOS="1586" VPOS="2382" WIDTH="22"/>
						<String ID="P12_ST00381" HPOS="1608" VPOS="2348" WIDTH="8" HEIGHT="33" CONTENT="*," WC="0.52" CC="63"/>
						<SP ID="P12_SP00338" HPOS="1616" VPOS="2382" WIDTH="26"/>
						<String ID="P12_ST00382" HPOS="1642" VPOS="2333" WIDTH="37" HEIGHT="39" CONTENT="la" WC="1.00" CC="00"/>
						<SP ID="P12_SP00339" HPOS="1679" VPOS="2382" WIDTH="19"/>
						<String ID="P12_ST00383" HPOS="1698" VPOS="2333" WIDTH="126" HEIGHT="40" CONTENT="Forêt" WC="0.99" CC="30002" STYLEREFS="TXT_2"/>
						<String ID="P12_ST00384" HPOS="1830" VPOS="2364" WIDTH="9" HEIGHT="19" CONTENT="," WC="0.55" CC="4"/>
						<SP ID="P12_SP00340" HPOS="1839" VPOS="2383" WIDTH="21"/>
						<String ID="P12_ST00385" HPOS="1860" VPOS="2333" WIDTH="192" HEIGHT="50" CONTENT="d'Augus" SUBS_TYPE="HypPart1" SUBS_CONTENT="d'Augustin" WC="1.00" CC="0300000"/>
						<HYP HPOS="2052" VPOS="2333" WIDTH="27" CONTENT="-"/>
					</TextLine>
					<TextLine ID="P12_TL00034" HPOS="136" VPOS="2397" WIDTH="974" HEIGHT="54">
						<String ID="P12_ST00386" HPOS="136" VPOS="2400" WIDTH="59" HEIGHT="37" CONTENT="tin" SUBS_TYPE="HypPart2" SUBS_CONTENT="d'Augustin" WC="0.97" CC="007"/>
						<SP ID="P12_SP00341" HPOS="195" VPOS="2437" WIDTH="26"/>
						<String ID="P12_ST00387" HPOS="221" VPOS="2397" WIDTH="155" HEIGHT="41" CONTENT="Savart" WC="0.99" CC="000000"/>
						<SP ID="P12_SP00342" HPOS="376" VPOS="2438" WIDTH="24"/>
						<String ID="P12_ST00388" HPOS="400" VPOS="2413" WIDTH="9" HEIGHT="33" CONTENT=";" WC="0.46" CC="5"/>
						<SP ID="P12_SP00343" HPOS="409" VPOS="2446" WIDTH="24"/>
						<String ID="P12_ST00389" HPOS="433" VPOS="2399" WIDTH="209" HEIGHT="52" CONTENT="Pénélope" WC="0.99" CC="60000409" STYLEREFS="TXT_2"/>
						<String ID="P12_ST00390" HPOS="649" VPOS="2430" WIDTH="9" HEIGHT="16" CONTENT="," WC="0.56" CC="4"/>
						<SP ID="P12_SP00344" HPOS="658" VPOS="2451" WIDTH="24"/>
						<String ID="P12_ST00391" HPOS="682" VPOS="2401" WIDTH="52" HEIGHT="38" CONTENT="de" WC="1.00" CC="00"/>
						<SP ID="P12_SP00345" HPOS="734" VPOS="2451" WIDTH="23"/>
						<String ID="P12_ST00392" HPOS="757" VPOS="2398" WIDTH="174" HEIGHT="41" CONTENT="Gabriel" WC="1.00" CC="0002202"/>
						<SP ID="P12_SP00346" HPOS="931" VPOS="2451" WIDTH="25"/>
						<String ID="P12_ST00393" HPOS="956" VPOS="2400" WIDTH="154" HEIGHT="39" CONTENT="Fauré." WC="0.60" CC="600484"/>
					</TextLine>
					<TextLine ID="P12_TL00035" HPOS="190" VPOS="2463" WIDTH="1889" HEIGHT="54">
						<String ID="P12_ST00394" HPOS="190" VPOS="2463" WIDTH="183" HEIGHT="41" CONTENT="Comme" WC="1.00" CC="00002"/>
						<SP ID="P12_SP00347" HPOS="373" VPOS="2504" WIDTH="34"/>
						<String ID="P12_ST00395" HPOS="407" VPOS="2464" WIDTH="156" HEIGHT="41" CONTENT="ballets" WC="0.99" CC="0064050"/>
						<SP ID="P12_SP00348" HPOS="563" VPOS="2505" WIDTH="22"/>
						<String ID="P12_ST00396" HPOS="585" VPOS="2481" WIDTH="8" HEIGHT="24" CONTENT=":" WC="0.40" CC="5"/>
						<SP ID="P12_SP00349" HPOS="593" VPOS="2505" WIDTH="23"/>
						<String ID="P12_ST00397" HPOS="616" VPOS="2466" WIDTH="38" HEIGHT="39" CONTENT="la" WC="0.93" CC="10"/>
						<SP ID="P12_SP00350" HPOS="654" VPOS="2505" WIDTH="32"/>
						<String ID="P12_ST00398" HPOS="686" VPOS="2465" WIDTH="96" HEIGHT="40" CONTENT="Fête" WC="0.97" CC="0605" STYLEREFS="TXT_2"/>
						<SP ID="P12_SP00351" HPOS="782" VPOS="2505" WIDTH="28"/>
						<String ID="P12_ST00399" HPOS="810" VPOS="2466" WIDTH="91" HEIGHT="39" CONTENT="chez" WC="0.99" CC="0402" STYLEREFS="TXT_2"/>
						<SP ID="P12_SP00352" HPOS="901" VPOS="2505" WIDTH="41"/>
						<String ID="P12_ST00400" HPOS="942" VPOS="2466" WIDTH="172" HEIGHT="39" CONTENT="Thérèse" WC="1.00" CC="0000200" STYLEREFS="TXT_2"/>
						<String ID="P12_ST00401" HPOS="1119" VPOS="2498" WIDTH="9" HEIGHT="16" CONTENT="," WC="0.55" CC="4"/>
						<SP ID="P12_SP00353" HPOS="1128" VPOS="2514" WIDTH="26"/>
						<String ID="P12_ST00402" HPOS="1154" VPOS="2467" WIDTH="52" HEIGHT="38" CONTENT="de" WC="1.00" CC="00"/>
						<SP ID="P12_SP00354" HPOS="1206" VPOS="2514" WIDTH="41"/>
						<String ID="P12_ST00403" HPOS="1247" VPOS="2465" WIDTH="225" HEIGHT="52" CONTENT="Reynaldo" WC="0.92" CC="00600000"/>
						<SP ID="P12_SP00355" HPOS="1472" VPOS="2517" WIDTH="36"/>
						<String ID="P12_ST00404" HPOS="1508" VPOS="2466" WIDTH="129" HEIGHT="40" CONTENT="Hahn" WC="0.75" CC="5040"/>
						<SP ID="P12_SP00356" HPOS="1637" VPOS="2517" WIDTH="23"/>
						<String ID="P12_ST00405" HPOS="1660" VPOS="2481" WIDTH="8" HEIGHT="33" CONTENT=";" WC="0.27" CC="7"/>
						<SP ID="P12_SP00357" HPOS="1668" VPOS="2517" WIDTH="26"/>
						<String ID="P12_ST00406" HPOS="1694" VPOS="2467" WIDTH="38" HEIGHT="39" CONTENT="la" WC="0.65" CC="06"/>
						<SP ID="P12_SP00358" HPOS="1732" VPOS="2517" WIDTH="23"/>
						<String ID="P12_ST00407" HPOS="1755" VPOS="2466" WIDTH="235" HEIGHT="40" CONTENT="Roussalka" WC="0.83" CC="005020060" STYLEREFS="TXT_2"/>
						<String ID="P12_ST00408" HPOS="1997" VPOS="2498" WIDTH="9" HEIGHT="17" CONTENT="," WC="0.55" CC="4"/>
						<SP ID="P12_SP00359" HPOS="2006" VPOS="2517" WIDTH="20"/>
						<String ID="P12_ST00409" HPOS="2026" VPOS="2467" WIDTH="53" HEIGHT="39" CONTENT="de" WC="1.00" CC="00"/>
					</TextLine>
					<TextLine ID="P12_TL00036" HPOS="134" VPOS="2529" WIDTH="1289" HEIGHT="55">
						<String ID="P12_ST00410" HPOS="134" VPOS="2529" WIDTH="163" HEIGHT="41" CONTENT="Lucien" WC="0.99" CC="060000"/>
						<SP ID="P12_SP00360" HPOS="297" VPOS="2570" WIDTH="20"/>
						<String ID="P12_ST00411" HPOS="317" VPOS="2530" WIDTH="207" HEIGHT="41" CONTENT="Lambert" WC="1.00" CC="0000030"/>
						<SP ID="P12_SP00361" HPOS="524" VPOS="2571" WIDTH="21"/>
						<String ID="P12_ST00412" HPOS="545" VPOS="2545" WIDTH="9" HEIGHT="34" CONTENT=";" WC="0.42" CC="5"/>
						<SP ID="P12_SP00362" HPOS="554" VPOS="2579" WIDTH="23"/>
						<String ID="P12_ST00413" HPOS="577" VPOS="2531" WIDTH="117" HEIGHT="39" CONTENT="Fêtes" WC="0.99" CC="06003" STYLEREFS="TXT_2"/>
						<SP ID="P12_SP00363" HPOS="694" VPOS="2579" WIDTH="20"/>
						<String ID="P12_ST00414" HPOS="714" VPOS="2532" WIDTH="192" HEIGHT="52" CONTENT="galantes" WC="1.00" CC="20000250" STYLEREFS="TXT_2"/>
						<String ID="P12_ST00415" HPOS="911" VPOS="2563" WIDTH="9" HEIGHT="16" CONTENT="," WC="1.00" CC="0"/>
						<SP ID="P12_SP00364" HPOS="920" VPOS="2584" WIDTH="20"/>
						<String ID="P12_ST00416" HPOS="940" VPOS="2533" WIDTH="51" HEIGHT="39" CONTENT="de" WC="1.00" CC="00"/>
						<SP ID="P12_SP00365" HPOS="991" VPOS="2584" WIDTH="23"/>
						<String ID="P12_ST00417" HPOS="1014" VPOS="2531" WIDTH="166" HEIGHT="41" CONTENT="Gaston" WC="1.00" CC="000000"/>
						<SP ID="P12_SP00366" HPOS="1180" VPOS="2584" WIDTH="22"/>
						<String ID="P12_ST00418" HPOS="1202" VPOS="2531" WIDTH="221" HEIGHT="52" CONTENT="Salvayre." WC="0.94" CC="013000000"/>
					</TextLine>
					<TextLine ID="P12_TL00037" HPOS="190" VPOS="2597" WIDTH="1886" HEIGHT="53">
						<String ID="P12_ST00419" HPOS="190" VPOS="2597" WIDTH="66" HEIGHT="39" CONTENT="Un" WC="1.00" CC="00"/>
						<SP ID="P12_SP00367" HPOS="256" VPOS="2636" WIDTH="35"/>
						<String ID="P12_ST00420" HPOS="291" VPOS="2599" WIDTH="294" HEIGHT="49" CONTENT="compositeur" WC="1.00" CC="00000206060"/>
						<SP ID="P12_SP00368" HPOS="585" VPOS="2648" WIDTH="33"/>
						<String ID="P12_ST00421" HPOS="618" VPOS="2597" WIDTH="202" HEIGHT="51" CONTENT="français," WC="1.00" CC="000400104"/>
						<SP ID="P12_SP00369" HPOS="820" VPOS="2648" WIDTH="40"/>
						<String ID="P12_ST00422" HPOS="860" VPOS="2600" WIDTH="93" HEIGHT="49" CONTENT="prix" WC="0.98" CC="0044"/>
						<SP ID="P12_SP00370" HPOS="953" VPOS="2649" WIDTH="35"/>
						<String ID="P12_ST00423" HPOS="988" VPOS="2599" WIDTH="51" HEIGHT="39" CONTENT="de" WC="1.00" CC="00"/>
						<SP ID="P12_SP00371" HPOS="1039" VPOS="2649" WIDTH="40"/>
						<String ID="P12_ST00424" HPOS="1079" VPOS="2598" WIDTH="151" HEIGHT="47" CONTENT="Rome," WC="0.99" CC="13004"/>
						<SP ID="P12_SP00372" HPOS="1230" VPOS="2649" WIDTH="26"/>
						<String ID="P12_ST00425" HPOS="1256" VPOS="2599" WIDTH="106" HEIGHT="47" CONTENT="doit," WC="0.98" CC="04264"/>
						<SP ID="P12_SP00373" HPOS="1362" VPOS="2649" WIDTH="26"/>
						<String ID="P12_ST00426" HPOS="1388" VPOS="2611" WIDTH="169" HEIGHT="26" CONTENT="comme" WC="0.99" CC="05000"/>
						<SP ID="P12_SP00374" HPOS="1557" VPOS="2649" WIDTH="39"/>
						<String ID="P12_ST00427" HPOS="1596" VPOS="2611" WIDTH="55" HEIGHT="27" CONTENT="on" WC="1.00" CC="00"/>
						<SP ID="P12_SP00375" HPOS="1651" VPOS="2649" WIDTH="37"/>
						<String ID="P12_ST00428" HPOS="1688" VPOS="2601" WIDTH="97" HEIGHT="47" CONTENT="sait," WC="0.99" CC="00230"/>
						<SP ID="P12_SP00376" HPOS="1785" VPOS="2649" WIDTH="26"/>
						<String ID="P12_ST00429" HPOS="1811" VPOS="2603" WIDTH="88" HEIGHT="35" CONTENT="être" WC="0.97" CC="5520"/>
						<SP ID="P12_SP00377" HPOS="1899" VPOS="2649" WIDTH="34"/>
						<String ID="P12_ST00430" HPOS="1933" VPOS="2600" WIDTH="99" HEIGHT="50" CONTENT="joué" WC="0.97" CC="0066"/>
						<SP ID="P12_SP00378" HPOS="2032" VPOS="2650" WIDTH="24"/>
						<String ID="P12_ST00431" HPOS="2056" VPOS="2603" WIDTH="20" HEIGHT="34" CONTENT="à" WC="0.70" CC="2"/>
					</TextLine>
					<TextLine ID="P12_TL00038" HPOS="134" VPOS="2662" WIDTH="1943" HEIGHT="52">
						<String ID="P12_ST00432" HPOS="134" VPOS="2662" WIDTH="173" HEIGHT="52" CONTENT="l'Opéra" WC="1.00" CC="4020000"/>
						<SP ID="P12_SP00379" HPOS="307" VPOS="2714" WIDTH="24"/>
						<String ID="P12_ST00433" HPOS="331" VPOS="2672" WIDTH="97" HEIGHT="31" CONTENT="tous" WC="0.99" CC="0301"/>
						<SP ID="P12_SP00380" HPOS="428" VPOS="2714" WIDTH="23"/>
						<String ID="P12_ST00434" HPOS="451" VPOS="2665" WIDTH="61" HEIGHT="38" CONTENT="les" WC="0.99" CC="300"/>
						<SP ID="P12_SP00381" HPOS="512" VPOS="2714" WIDTH="19"/>
						<String ID="P12_ST00435" HPOS="531" VPOS="2665" WIDTH="109" HEIGHT="38" CONTENT="deux" WC="0.99" CC="0003"/>
						<SP ID="P12_SP00382" HPOS="640" VPOS="2714" WIDTH="21"/>
						<String ID="P12_ST00436" HPOS="661" VPOS="2678" WIDTH="94" HEIGHT="27" CONTENT="ans." WC="0.98" CC="0403"/>
						<SP ID="P12_SP00383" HPOS="755" VPOS="2714" WIDTH="22"/>
						<String ID="P12_ST00437" HPOS="777" VPOS="2663" WIDTH="123" HEIGHT="41" CONTENT="Cette" WC="0.98" CC="20630"/>
						<SP ID="P12_SP00384" HPOS="900" VPOS="2714" WIDTH="19"/>
						<String ID="P12_ST00438" HPOS="919" VPOS="2664" WIDTH="99" HEIGHT="46" CONTENT="fois," WC="0.99" CC="04014"/>
						<SP ID="P12_SP00385" HPOS="1018" VPOS="2714" WIDTH="24"/>
						<String ID="P12_ST00439" HPOS="1042" VPOS="2663" WIDTH="99" HEIGHT="41" CONTENT="c'est" WC="0.98" CC="03604"/>
						<SP ID="P12_SP00386" HPOS="1141" VPOS="2714" WIDTH="21"/>
						<String ID="P12_ST00440" HPOS="1162" VPOS="2665" WIDTH="58" HEIGHT="38" CONTENT="M." WC="0.83" CC="03"/>
						<SP ID="P12_SP00387" HPOS="1220" VPOS="2714" WIDTH="27"/>
						<String ID="P12_ST00441" HPOS="1247" VPOS="2664" WIDTH="218" HEIGHT="46" CONTENT="Bachelet," WC="0.71" CC="000706064"/>
						<SP ID="P12_SP00388" HPOS="1465" VPOS="2714" WIDTH="23"/>
						<String ID="P12_ST00442" HPOS="1488" VPOS="2665" WIDTH="38" HEIGHT="39" CONTENT="le" WC="0.77" CC="40"/>
						<SP ID="P12_SP00389" HPOS="1526" VPOS="2714" WIDTH="35"/>
						<String ID="P12_ST00443" HPOS="1561" VPOS="2665" WIDTH="221" HEIGHT="49" CONTENT="distingué" WC="0.99" CC="020007066"/>
						<SP ID="P12_SP00390" HPOS="1782" VPOS="2714" WIDTH="22"/>
						<String ID="P12_ST00444" HPOS="1804" VPOS="2667" WIDTH="211" HEIGHT="38" CONTENT="musicien" WC="0.99" CC="00030405"/>
						<SP ID="P12_SP00391" HPOS="2015" VPOS="2714" WIDTH="23"/>
						<String ID="P12_ST00445" HPOS="2038" VPOS="2674" WIDTH="39" HEIGHT="30" CONTENT="et" WC="0.72" CC="05"/>
					</TextLine>
					<TextLine ID="P12_TL00039" HPOS="134" VPOS="2728" WIDTH="1943" HEIGHT="54">
						<String ID="P12_ST00446" HPOS="134" VPOS="2729" WIDTH="99" HEIGHT="40" CONTENT="chef" WC="0.99" CC="0700"/>
						<SP ID="P12_SP00392" HPOS="233" VPOS="2769" WIDTH="17"/>
						<String ID="P12_ST00447" HPOS="250" VPOS="2728" WIDTH="273" HEIGHT="50" CONTENT="d'orchestre," WC="1.00" CC="020000002004"/>
						<SP ID="P12_SP00393" HPOS="523" VPOS="2778" WIDTH="24"/>
						<String ID="P12_ST00448" HPOS="547" VPOS="2733" WIDTH="72" HEIGHT="48" CONTENT="qui" WC="1.00" CC="010"/>
						<SP ID="P12_SP00394" HPOS="619" VPOS="2781" WIDTH="30"/>
						<String ID="P12_ST00449" HPOS="649" VPOS="2745" WIDTH="20" HEIGHT="24" CONTENT="a" WC="1.00" CC="0"/>
						<SP ID="P12_SP00395" HPOS="669" VPOS="2781" WIDTH="43"/>
						<String ID="P12_ST00450" HPOS="712" VPOS="2735" WIDTH="65" HEIGHT="36" CONTENT="été" WC="0.98" CC="050"/>
						<SP ID="P12_SP00396" HPOS="777" VPOS="2781" WIDTH="39"/>
						<String ID="P12_ST00451" HPOS="816" VPOS="2731" WIDTH="136" HEIGHT="39" CONTENT="choisi" WC="1.00" CC="000003"/>
						<SP ID="P12_SP00397" HPOS="952" VPOS="2781" WIDTH="40"/>
						<String ID="P12_ST00452" HPOS="992" VPOS="2745" WIDTH="79" HEIGHT="37" CONTENT="par" WC="1.00" CC="000"/>
						<SP ID="P12_SP00398" HPOS="1071" VPOS="2782" WIDTH="21"/>
						<String ID="P12_ST00453" HPOS="1092" VPOS="2730" WIDTH="108" HEIGHT="39" CONTENT="MM." WC="0.99" CC="003"/>
						<SP ID="P12_SP00399" HPOS="1200" VPOS="2782" WIDTH="37"/>
						<String ID="P12_ST00454" HPOS="1237" VPOS="2731" WIDTH="226" HEIGHT="49" CONTENT="Messager" WC="1.00" CC="00000000"/>
						<SP ID="P12_SP00400" HPOS="1463" VPOS="2782" WIDTH="21"/>
						<String ID="P12_ST00455" HPOS="1484" VPOS="2740" WIDTH="40" HEIGHT="30" CONTENT="et" WC="0.78" CC="04"/>
						<SP ID="P12_SP00401" HPOS="1524" VPOS="2782" WIDTH="23"/>
						<String ID="P12_ST00456" HPOS="1547" VPOS="2731" WIDTH="222" HEIGHT="39" CONTENT="Broussan" WC="0.94" CC="00000004"/>
						<SP ID="P12_SP00402" HPOS="1769" VPOS="2782" WIDTH="25"/>
						<String ID="P12_ST00457" HPOS="1794" VPOS="2745" WIDTH="73" HEIGHT="26" CONTENT="sur" WC="1.00" CC="000"/>
						<SP ID="P12_SP00403" HPOS="1867" VPOS="2782" WIDTH="33"/>
						<String ID="P12_ST00458" HPOS="1900" VPOS="2732" WIDTH="38" HEIGHT="38" CONTENT="la" WC="0.64" CC="24"/>
						<SP ID="P12_SP00404" HPOS="1938" VPOS="2782" WIDTH="43"/>
						<String ID="P12_ST00459" HPOS="1981" VPOS="2732" WIDTH="96" HEIGHT="39" CONTENT="liste" WC="0.98" CC="23060"/>
					</TextLine>
					<TextLine ID="P12_TL00040" HPOS="134" VPOS="2796" WIDTH="1798" HEIGHT="52">
						<String ID="P12_ST00460" HPOS="134" VPOS="2796" WIDTH="172" HEIGHT="40" CONTENT="dressée" WC="1.00" CC="0000000"/>
						<SP ID="P12_SP00405" HPOS="306" VPOS="2836" WIDTH="22"/>
						<String ID="P12_ST00461" HPOS="328" VPOS="2811" WIDTH="78" HEIGHT="37" CONTENT="par" WC="1.00" CC="000"/>
						<SP ID="P12_SP00406" HPOS="406" VPOS="2848" WIDTH="22"/>
						<String ID="P12_ST00462" HPOS="428" VPOS="2797" WIDTH="201" HEIGHT="40" CONTENT="l'lnstitut" WC="0.99" CC="4362010003"/>
						<SP ID="P12_SP00407" HPOS="629" VPOS="2848" WIDTH="21"/>
						<String ID="P12_ST00463" HPOS="650" VPOS="2811" WIDTH="101" HEIGHT="26" CONTENT="avec" WC="1.00" CC="0000"/>
						<SP ID="P12_SP00408" HPOS="751" VPOS="2848" WIDTH="22"/>
						<String ID="P12_ST00464" HPOS="773" VPOS="2797" WIDTH="320" HEIGHT="51" CONTENT="l'approbation" WC="1.00" CC="0000000005006"/>
						<SP ID="P12_SP00409" HPOS="1093" VPOS="2848" WIDTH="22"/>
						<String ID="P12_ST00465" HPOS="1115" VPOS="2798" WIDTH="51" HEIGHT="38" CONTENT="de" WC="0.81" CC="03"/>
						<SP ID="P12_SP00410" HPOS="1166" VPOS="2848" WIDTH="22"/>
						<String ID="P12_ST00466" HPOS="1188" VPOS="2796" WIDTH="59" HEIGHT="40" CONTENT="M." WC="1.00" CC="00"/>
						<SP ID="P12_SP00411" HPOS="1247" VPOS="2848" WIDTH="28"/>
						<String ID="P12_ST00467" HPOS="1275" VPOS="2797" WIDTH="38" HEIGHT="39" CONTENT="le" WC="0.70" CC="50"/>
						<SP ID="P12_SP00412" HPOS="1313" VPOS="2848" WIDTH="20"/>
						<String ID="P12_ST00468" HPOS="1333" VPOS="2797" WIDTH="201" HEIGHT="39" CONTENT="Ministre" WC="1.00" CC="00410300"/>
						<SP ID="P12_SP00413" HPOS="1534" VPOS="2848" WIDTH="20"/>
						<String ID="P12_ST00469" HPOS="1554" VPOS="2797" WIDTH="74" HEIGHT="40" CONTENT="des" WC="1.00" CC="000"/>
						<SP ID="P12_SP00414" HPOS="1628" VPOS="2848" WIDTH="20"/>
						<String ID="P12_ST00470" HPOS="1648" VPOS="2797" WIDTH="284" HEIGHT="40" CONTENT="Beaux-Arts." WC="0.99" CC="00628400200"/>
					</TextLine>
					<TextLine ID="P12_TL00041" HPOS="188" VPOS="2862" WIDTH="1889" HEIGHT="51">
						<String ID="P12_ST00471" HPOS="188" VPOS="2862" WIDTH="183" HEIGHT="40" CONTENT="Comme" WC="1.00" CC="30000"/>
						<SP ID="P12_SP00415" HPOS="371" VPOS="2902" WIDTH="23"/>
						<String ID="P12_ST00472" HPOS="394" VPOS="2877" WIDTH="215" HEIGHT="35" CONTENT="ouvrages" WC="1.00" CC="00000000"/>
						<SP ID="P12_SP00416" HPOS="609" VPOS="2912" WIDTH="23"/>
						<String ID="P12_ST00473" HPOS="632" VPOS="2869" WIDTH="239" HEIGHT="44" CONTENT="étrangers," WC="0.99" CC="7103500024"/>
						<SP ID="P12_SP00417" HPOS="871" VPOS="2913" WIDTH="29"/>
						<String ID="P12_ST00474" HPOS="900" VPOS="2877" WIDTH="53" HEIGHT="26" CONTENT="on" WC="1.00" CC="00"/>
						<SP ID="P12_SP00418" HPOS="953" VPOS="2913" WIDTH="21"/>
						<String ID="P12_ST00475" HPOS="974" VPOS="2877" WIDTH="194" HEIGHT="27" CONTENT="annonce" WC="1.00" CC="0004002"/>
						<SP ID="P12_SP00419" HPOS="1168" VPOS="2913" WIDTH="23"/>
						<String ID="P12_ST00476" HPOS="1191" VPOS="2877" WIDTH="8" HEIGHT="25" CONTENT=":" WC="0.78" CC="2"/>
						<SP ID="P12_SP00420" HPOS="1199" VPOS="2913" WIDTH="35"/>
						<String ID="P12_ST00477" HPOS="1234" VPOS="2864" WIDTH="39" HEIGHT="38" CONTENT="la" WC="0.70" CC="50"/>
						<SP ID="P12_SP00421" HPOS="1273" VPOS="2913" WIDTH="35"/>
						<String ID="P12_ST00478" HPOS="1308" VPOS="2863" WIDTH="169" HEIGHT="39" CONTENT="Salomé" WC="0.89" CC="003001" STYLEREFS="TXT_2"/>
						<String ID="P12_ST00479" HPOS="1479" VPOS="2862" WIDTH="3" HEIGHT="51" CONTENT="." WC="0.25" CC="7"/>
						<SP ID="P12_SP00422" HPOS="1482" VPOS="2913" WIDTH="17"/>
						<String ID="P12_ST00480" HPOS="1499" VPOS="2872" WIDTH="40" HEIGHT="30" CONTENT="et" WC="0.69" CC="06"/>
						<SP ID="P12_SP00423" HPOS="1539" VPOS="2913" WIDTH="27"/>
						<String ID="P12_ST00481" HPOS="1566" VPOS="2863" WIDTH="172" HEIGHT="39" CONTENT="Elektra" WC="0.77" CC="2507000" STYLEREFS="TXT_2"/>
						<String ID="P12_ST00482" HPOS="1747" VPOS="2896" WIDTH="7" HEIGHT="17" CONTENT="," WC="0.58" CC="4"/>
						<SP ID="P12_SP00424" HPOS="1754" VPOS="2913" WIDTH="40"/>
						<String ID="P12_ST00483" HPOS="1794" VPOS="2865" WIDTH="52" HEIGHT="38" CONTENT="de" WC="1.00" CC="00"/>
						<SP ID="P12_SP00425" HPOS="1846" VPOS="2913" WIDTH="42"/>
						<String ID="P12_ST00484" HPOS="1888" VPOS="2863" WIDTH="189" HEIGHT="41" CONTENT="Richard" WC="0.99" CC="0233000"/>
					</TextLine>
					<TextLine ID="P12_TL00042" HPOS="135" VPOS="2928" WIDTH="980" HEIGHT="50">
						<String ID="P12_ST00485" HPOS="135" VPOS="2928" WIDTH="194" HEIGHT="47" CONTENT="Strauss," WC="0.99" CC="05005002"/>
						<SP ID="P12_SP00426" HPOS="329" VPOS="2975" WIDTH="24"/>
						<String ID="P12_ST00486" HPOS="353" VPOS="2938" WIDTH="40" HEIGHT="30" CONTENT="et" WC="0.71" CC="05"/>
						<SP ID="P12_SP00427" HPOS="393" VPOS="2975" WIDTH="18"/>
						<String ID="P12_ST00487" HPOS="411" VPOS="2929" WIDTH="161" HEIGHT="49" CONTENT="Sadko," WC="0.83" CC="000009" STYLEREFS="TXT_2"/>
						<SP ID="P12_SP00428" HPOS="572" VPOS="2978" WIDTH="23"/>
						<String ID="P12_ST00488" HPOS="595" VPOS="2930" WIDTH="51" HEIGHT="38" CONTENT="de" WC="1.00" CC="00"/>
						<SP ID="P12_SP00429" HPOS="646" VPOS="2978" WIDTH="24"/>
						<String ID="P12_ST00489" HPOS="670" VPOS="2929" WIDTH="445" HEIGHT="41" CONTENT="Rimski-Korsakoff." WC="0.77" CC="31405330540042000"/>
					</TextLine>
					<TextLine ID="P12_TL00043" HPOS="258" VPOS="2994" WIDTH="1819" HEIGHT="54">
						<String ID="P12_ST00490" HPOS="258" VPOS="2994" WIDTH="406" HEIGHT="42" CONTENT="L'administration" WC="1.00" CC="0000026200002006"/>
						<SP ID="P12_SP00430" HPOS="664" VPOS="3036" WIDTH="32"/>
						<String ID="P12_ST00491" HPOS="696" VPOS="2997" WIDTH="52" HEIGHT="39" CONTENT="de" WC="0.85" CC="02"/>
						<SP ID="P12_SP00431" HPOS="748" VPOS="3036" WIDTH="23"/>
						<String ID="P12_ST00492" HPOS="771" VPOS="2994" WIDTH="173" HEIGHT="53" CONTENT="l'Opéra" WC="0.99" CC="4200700"/>
						<SP ID="P12_SP00432" HPOS="944" VPOS="3047" WIDTH="25"/>
						<String ID="P12_ST00493" HPOS="969" VPOS="3010" WIDTH="44" HEIGHT="26" CONTENT="se" WC="1.00" CC="00"/>
						<SP ID="P12_SP00433" HPOS="1013" VPOS="3047" WIDTH="19"/>
						<String ID="P12_ST00494" HPOS="1032" VPOS="2997" WIDTH="139" HEIGHT="51" CONTENT="plaint" WC="0.99" CC="030204"/>
						<SP ID="P12_SP00434" HPOS="1171" VPOS="3048" WIDTH="14"/>
						<String ID="P12_ST00495" HPOS="1185" VPOS="2997" WIDTH="53" HEIGHT="39" CONTENT="de" WC="0.82" CC="03"/>
						<SP ID="P12_SP00435" HPOS="1238" VPOS="3048" WIDTH="23"/>
						<String ID="P12_ST00496" HPOS="1261" VPOS="2997" WIDTH="219" HEIGHT="47" CONTENT="l'exiguïté" WC="0.99" CC="1103301868"/>
						<SP ID="P12_SP00436" HPOS="1480" VPOS="3048" WIDTH="20"/>
						<String ID="P12_ST00497" HPOS="1500" VPOS="2997" WIDTH="74" HEIGHT="39" CONTENT="des" WC="0.99" CC="002"/>
						<SP ID="P12_SP00437" HPOS="1574" VPOS="3048" WIDTH="23"/>
						<String ID="P12_ST00498" HPOS="1597" VPOS="2999" WIDTH="226" HEIGHT="47" CONTENT="magasins" WC="1.00" CC="00000250"/>
						<SP ID="P12_SP00438" HPOS="1823" VPOS="3048" WIDTH="23"/>
						<String ID="P12_ST00499" HPOS="1846" VPOS="2997" WIDTH="50" HEIGHT="39" CONTENT="de" WC="1.00" CC="00"/>
						<SP ID="P12_SP00439" HPOS="1896" VPOS="3048" WIDTH="30"/>
						<String ID="P12_ST00500" HPOS="1926" VPOS="2998" WIDTH="151" HEIGHT="38" CONTENT="décors" WC="0.99" CC="070000"/>
					</TextLine>
					<TextLine ID="P12_TL00044" HPOS="133" VPOS="3061" WIDTH="553" HEIGHT="41">
						<String ID="P12_ST00501" HPOS="133" VPOS="3062" WIDTH="57" HEIGHT="39" CONTENT="du" WC="0.81" CC="03"/>
						<SP ID="P12_SP00440" HPOS="190" VPOS="3101" WIDTH="19"/>
						<String ID="P12_ST00502" HPOS="209" VPOS="3061" WIDTH="239" HEIGHT="40" CONTENT="boulevard" WC="1.00" CC="000000000"/>
						<SP ID="P12_SP00441" HPOS="448" VPOS="3101" WIDTH="24"/>
						<String ID="P12_ST00503" HPOS="472" VPOS="3062" WIDTH="214" HEIGHT="40" CONTENT="Berthier." WC="0.86" CC="000400033"/>
					</TextLine>
					<TextLine ID="P12_TL00045" HPOS="188" VPOS="3128" WIDTH="1888" HEIGHT="52">
						<String ID="P12_ST00504" HPOS="188" VPOS="3128" WIDTH="84" HEIGHT="40" CONTENT="Ces" WC="0.99" CC="200"/>
						<SP ID="P12_SP00442" HPOS="272" VPOS="3168" WIDTH="19"/>
						<String ID="P12_ST00505" HPOS="291" VPOS="3129" WIDTH="210" HEIGHT="47" CONTENT="derniers," WC="0.99" CC="010610304"/>
						<SP ID="P12_SP00443" HPOS="501" VPOS="3176" WIDTH="20"/>
						<String ID="P12_ST00506" HPOS="521" VPOS="3142" WIDTH="52" HEIGHT="26" CONTENT="en" WC="1.00" CC="00"/>
						<SP ID="P12_SP00444" HPOS="573" VPOS="3176" WIDTH="29"/>
						<String ID="P12_ST00507" HPOS="602" VPOS="3128" WIDTH="113" HEIGHT="50" CONTENT="effet," WC="0.99" CC="000044"/>
						<SP ID="P12_SP00445" HPOS="715" VPOS="3178" WIDTH="22"/>
						<String ID="P12_ST00508" HPOS="737" VPOS="3129" WIDTH="196" HEIGHT="39" CONTENT="installés" WC="1.00" CC="000203200"/>
						<SP ID="P12_SP00446" HPOS="933" VPOS="3178" WIDTH="24"/>
						<String ID="P12_ST00509" HPOS="957" VPOS="3133" WIDTH="21" HEIGHT="35" CONTENT="à" WC="0.64" CC="3"/>
						<SP ID="P12_SP00447" HPOS="978" VPOS="3178" WIDTH="26"/>
						<String ID="P12_ST00510" HPOS="1004" VPOS="3130" WIDTH="36" HEIGHT="38" CONTENT="la" WC="1.00" CC="00"/>
						<SP ID="P12_SP00448" HPOS="1040" VPOS="3178" WIDTH="22"/>
						<String ID="P12_ST00511" HPOS="1062" VPOS="3130" WIDTH="100" HEIGHT="39" CONTENT="hâte" WC="0.99" CC="1140"/>
						<SP ID="P12_SP00449" HPOS="1162" VPOS="3178" WIDTH="20"/>
						<String ID="P12_ST00512" HPOS="1182" VPOS="3135" WIDTH="123" HEIGHT="45" CONTENT="après" WC="0.99" CC="00080"/>
						<SP ID="P12_SP00450" HPOS="1305" VPOS="3180" WIDTH="28"/>
						<String ID="P12_ST00513" HPOS="1333" VPOS="3130" WIDTH="224" HEIGHT="39" CONTENT="l'incendie" WC="1.00" CC="7020000000"/>
						<SP ID="P12_SP00451" HPOS="1557" VPOS="3180" WIDTH="32"/>
						<String ID="P12_ST00514" HPOS="1589" VPOS="3130" WIDTH="76" HEIGHT="40" CONTENT="des" WC="1.00" CC="000"/>
						<SP ID="P12_SP00452" HPOS="1665" VPOS="3180" WIDTH="38"/>
						<String ID="P12_ST00515" HPOS="1703" VPOS="3131" WIDTH="224" HEIGHT="49" CONTENT="magasins" WC="1.00" CC="02002400"/>
						<SP ID="P12_SP00453" HPOS="1927" VPOS="3180" WIDTH="27"/>
						<String ID="P12_ST00516" HPOS="1954" VPOS="3130" WIDTH="52" HEIGHT="40" CONTENT="de" WC="1.00" CC="00"/>
						<SP ID="P12_SP00454" HPOS="2006" VPOS="3180" WIDTH="31"/>
						<String ID="P12_ST00517" HPOS="2037" VPOS="3131" WIDTH="39" HEIGHT="38" CONTENT="la" WC="0.70" CC="50"/>
					</TextLine>
					<TextLine ID="P12_TL00046" HPOS="132" VPOS="3194" WIDTH="1945" HEIGHT="54">
						<String ID="P12_ST00518" HPOS="132" VPOS="3208" WIDTH="76" HEIGHT="26" CONTENT="rue" WC="0.98" CC="130"/>
						<SP ID="P12_SP00455" HPOS="208" VPOS="3234" WIDTH="22"/>
						<String ID="P12_ST00519" HPOS="230" VPOS="3194" WIDTH="172" HEIGHT="47" CONTENT="Richer," WC="0.85" CC="0100053"/>
						<SP ID="P12_SP00456" HPOS="402" VPOS="3241" WIDTH="26"/>
						<String ID="P12_ST00520" HPOS="428" VPOS="3204" WIDTH="97" HEIGHT="31" CONTENT="sont" WC="0.98" CC="0063"/>
						<SP ID="P12_SP00457" HPOS="525" VPOS="3241" WIDTH="37"/>
						<String ID="P12_ST00521" HPOS="562" VPOS="3196" WIDTH="104" HEIGHT="38" CONTENT="hors" WC="0.99" CC="0005"/>
						<SP ID="P12_SP00458" HPOS="666" VPOS="3241" WIDTH="33"/>
						<String ID="P12_ST00522" HPOS="699" VPOS="3196" WIDTH="51" HEIGHT="38" CONTENT="de" WC="1.00" CC="00"/>
						<SP ID="P12_SP00459" HPOS="750" VPOS="3241" WIDTH="20"/>
						<String ID="P12_ST00523" HPOS="770" VPOS="3197" WIDTH="253" HEIGHT="49" CONTENT="proportion" WC="1.00" CC="0000505030"/>
						<SP ID="P12_SP00460" HPOS="1023" VPOS="3246" WIDTH="23"/>
						<String ID="P12_ST00524" HPOS="1046" VPOS="3210" WIDTH="101" HEIGHT="25" CONTENT="avec" WC="0.98" CC="5030"/>
						<SP ID="P12_SP00461" HPOS="1147" VPOS="3246" WIDTH="38"/>
						<String ID="P12_ST00525" HPOS="1185" VPOS="3210" WIDTH="57" HEIGHT="25" CONTENT="un" WC="0.84" CC="30"/>
						<SP ID="P12_SP00462" HPOS="1242" VPOS="3246" WIDTH="35"/>
						<String ID="P12_ST00526" HPOS="1277" VPOS="3197" WIDTH="195" HEIGHT="39" CONTENT="matériel" WC="0.99" CC="00060405"/>
						<SP ID="P12_SP00463" HPOS="1472" VPOS="3246" WIDTH="24"/>
						<String ID="P12_ST00527" HPOS="1496" VPOS="3199" WIDTH="73" HEIGHT="49" CONTENT="qui" WC="0.98" CC="050"/>
						<SP ID="P12_SP00464" HPOS="1569" VPOS="3248" WIDTH="31"/>
						<String ID="P12_ST00528" HPOS="1600" VPOS="3195" WIDTH="270" HEIGHT="51" CONTENT="s'augmente" WC="1.00" CC="0400000550"/>
						<SP ID="P12_SP00465" HPOS="1870" VPOS="3248" WIDTH="39"/>
						<String ID="P12_ST00529" HPOS="1909" VPOS="3197" WIDTH="168" HEIGHT="50" CONTENT="chaque" WC="1.00" CC="200010"/>
					</TextLine>
					<TextLine ID="P12_TL00047" HPOS="132" VPOS="3261" WIDTH="1944" HEIGHT="52">
						<String ID="P12_ST00530" HPOS="132" VPOS="3262" WIDTH="96" HEIGHT="50" CONTENT="jour" WC="0.98" CC="6400"/>
						<SP ID="P12_SP00466" HPOS="228" VPOS="3312" WIDTH="21"/>
						<String ID="P12_ST00531" HPOS="249" VPOS="3270" WIDTH="39" HEIGHT="31" CONTENT="et" WC="1.00" CC="00"/>
						<SP ID="P12_SP00467" HPOS="288" VPOS="3312" WIDTH="37"/>
						<String ID="P12_ST00532" HPOS="325" VPOS="3262" WIDTH="61" HEIGHT="39" CONTENT="les" WC="0.98" CC="400"/>
						<SP ID="P12_SP00468" HPOS="386" VPOS="3312" WIDTH="35"/>
						<String ID="P12_ST00533" HPOS="421" VPOS="3262" WIDTH="332" HEIGHT="50" CONTENT="complications" WC="1.00" CC="0000000050350"/>
						<SP ID="P12_SP00469" HPOS="753" VPOS="3312" WIDTH="21"/>
						<String ID="P12_ST00534" HPOS="774" VPOS="3262" WIDTH="52" HEIGHT="39" CONTENT="de" WC="0.94" CC="01"/>
						<SP ID="P12_SP00470" HPOS="826" VPOS="3312" WIDTH="37"/>
						<String ID="P12_ST00535" HPOS="863" VPOS="3262" WIDTH="151" HEIGHT="40" CONTENT="décors" WC="1.00" CC="000030"/>
						<SP ID="P12_SP00471" HPOS="1014" VPOS="3312" WIDTH="41"/>
						<String ID="P12_ST00536" HPOS="1055" VPOS="3261" WIDTH="195" HEIGHT="52" CONTENT="qu'exige" WC="0.99" CC="06405400"/>
						<SP ID="P12_SP00472" HPOS="1250" VPOS="3313" WIDTH="26"/>
						<String ID="P12_ST00537" HPOS="1276" VPOS="3264" WIDTH="38" HEIGHT="38" CONTENT="la" WC="0.68" CC="60"/>
						<SP ID="P12_SP00473" HPOS="1314" VPOS="3313" WIDTH="23"/>
						<String ID="P12_ST00538" HPOS="1337" VPOS="3265" WIDTH="109" HEIGHT="37" CONTENT="mise" WC="0.99" CC="0400"/>
						<SP ID="P12_SP00474" HPOS="1446" VPOS="3313" WIDTH="38"/>
						<String ID="P12_ST00539" HPOS="1484" VPOS="3276" WIDTH="54" HEIGHT="26" CONTENT="en" WC="0.73" CC="05"/>
						<SP ID="P12_SP00475" HPOS="1538" VPOS="3313" WIDTH="20"/>
						<String ID="P12_ST00540" HPOS="1558" VPOS="3269" WIDTH="126" HEIGHT="33" CONTENT="scène" WC="0.98" CC="00770"/>
						<SP ID="P12_SP00476" HPOS="1684" VPOS="3313" WIDTH="33"/>
						<String ID="P12_ST00541" HPOS="1717" VPOS="3264" WIDTH="221" HEIGHT="38" CONTENT="moderne." WC="0.99" CC="01006003"/>
						<SP ID="P12_SP00477" HPOS="1938" VPOS="3313" WIDTH="25"/>
						<String ID="P12_ST00542" HPOS="1963" VPOS="3263" WIDTH="30" HEIGHT="39" CONTENT="Il" WC="0.70" CC="41"/>
						<SP ID="P12_SP00478" HPOS="1993" VPOS="3313" WIDTH="20"/>
						<String ID="P12_ST00543" HPOS="2013" VPOS="3272" WIDTH="63" HEIGHT="31" CONTENT="est" WC="0.98" CC="023"/>
					</TextLine>
					<TextLine ID="P12_TL00048" HPOS="132" VPOS="3327" WIDTH="1615" HEIGHT="52">
						<String ID="P12_ST00544" HPOS="132" VPOS="3327" WIDTH="327" HEIGHT="51" CONTENT="indispensable" WC="1.00" CC="1000000660050"/>
						<SP ID="P12_SP00479" HPOS="459" VPOS="3378" WIDTH="23"/>
						<String ID="P12_ST00545" HPOS="482" VPOS="3337" WIDTH="40" HEIGHT="31" CONTENT="et" WC="1.00" CC="00"/>
						<SP ID="P12_SP00480" HPOS="522" VPOS="3378" WIDTH="19"/>
						<String ID="P12_ST00546" HPOS="541" VPOS="3337" WIDTH="156" HEIGHT="40" CONTENT="urgent" WC="0.99" CC="700005"/>
						<SP ID="P12_SP00481" HPOS="697" VPOS="3378" WIDTH="22"/>
						<String ID="P12_ST00547" HPOS="719" VPOS="3328" WIDTH="248" HEIGHT="51" CONTENT="d'apporter" WC="1.00" CC="0440002005"/>
						<SP ID="P12_SP00482" HPOS="967" VPOS="3379" WIDTH="30"/>
						<String ID="P12_ST00548" HPOS="997" VPOS="3344" WIDTH="57" HEIGHT="24" CONTENT="un" WC="1.00" CC="00"/>
						<SP ID="P12_SP00483" HPOS="1054" VPOS="3379" WIDTH="23"/>
						<String ID="P12_ST00549" HPOS="1077" VPOS="3330" WIDTH="171" HEIGHT="39" CONTENT="remède" WC="0.99" CC="600000"/>
						<SP ID="P12_SP00484" HPOS="1248" VPOS="3379" WIDTH="23"/>
						<String ID="P12_ST00550" HPOS="1271" VPOS="3334" WIDTH="21" HEIGHT="34" CONTENT="à" WC="0.67" CC="3"/>
						<SP ID="P12_SP00485" HPOS="1292" VPOS="3379" WIDTH="23"/>
						<String ID="P12_ST00551" HPOS="1315" VPOS="3338" WIDTH="63" HEIGHT="31" CONTENT="cet" WC="0.98" CC="013"/>
						<SP ID="P12_SP00486" HPOS="1378" VPOS="3379" WIDTH="23"/>
						<String ID="P12_ST00552" HPOS="1401" VPOS="3334" WIDTH="85" HEIGHT="35" CONTENT="état" WC="0.97" CC="7503"/>
						<SP ID="P12_SP00487" HPOS="1486" VPOS="3379" WIDTH="22"/>
						<String ID="P12_ST00553" HPOS="1508" VPOS="3330" WIDTH="51" HEIGHT="39" CONTENT="de" WC="1.00" CC="00"/>
						<SP ID="P12_SP00488" HPOS="1559" VPOS="3379" WIDTH="21"/>
						<String ID="P12_ST00554" HPOS="1580" VPOS="3330" WIDTH="167" HEIGHT="39" CONTENT="choses." WC="0.99" CC="0520004"/>
					</TextLine>
					<TextLine ID="P12_TL00049" HPOS="186" VPOS="3392" WIDTH="1888" HEIGHT="55">
						<String ID="P12_ST00555" HPOS="186" VPOS="3392" WIDTH="70" HEIGHT="42" CONTENT="On" WC="0.68" CC="06"/>
						<SP ID="P12_SP00489" HPOS="256" VPOS="3434" WIDTH="22"/>
						<String ID="P12_ST00556" HPOS="278" VPOS="3394" WIDTH="214" HEIGHT="40" CONTENT="demande" WC="1.00" CC="0005000"/>
						<SP ID="P12_SP00490" HPOS="492" VPOS="3434" WIDTH="19"/>
						<String ID="P12_ST00557" HPOS="511" VPOS="3394" WIDTH="225" HEIGHT="52" CONTENT="beaucoup" WC="1.00" CC="00030060"/>
						<SP ID="P12_SP00491" HPOS="736" VPOS="3446" WIDTH="24"/>
						<String ID="P12_ST00558" HPOS="760" VPOS="3409" WIDTH="80" HEIGHT="25" CONTENT="aux" WC="0.99" CC="200"/>
						<SP ID="P12_SP00492" HPOS="840" VPOS="3446" WIDTH="20"/>
						<String ID="P12_ST00559" HPOS="860" VPOS="3395" WIDTH="236" HEIGHT="40" CONTENT="directeurs" WC="1.00" CC="0000010000"/>
						<SP ID="P12_SP00493" HPOS="1096" VPOS="3446" WIDTH="23"/>
						<String ID="P12_ST00560" HPOS="1119" VPOS="3396" WIDTH="51" HEIGHT="40" CONTENT="de" WC="1.00" CC="00"/>
						<SP ID="P12_SP00494" HPOS="1170" VPOS="3446" WIDTH="23"/>
						<String ID="P12_ST00561" HPOS="1193" VPOS="3394" WIDTH="191" HEIGHT="53" CONTENT="l'Opéra," WC="0.99" CC="10008604"/>
						<SP ID="P12_SP00495" HPOS="1384" VPOS="3447" WIDTH="20"/>
						<String ID="P12_ST00562" HPOS="1404" VPOS="3396" WIDTH="38" HEIGHT="40" CONTENT="le" WC="0.98" CC="00"/>
						<SP ID="P12_SP00496" HPOS="1442" VPOS="3447" WIDTH="23"/>
						<String ID="P12_ST00563" HPOS="1465" VPOS="3396" WIDTH="182" HEIGHT="40" CONTENT="nombre" WC="0.99" CC="650000"/>
						<SP ID="P12_SP00497" HPOS="1647" VPOS="3447" WIDTH="15"/>
						<String ID="P12_ST00564" HPOS="1662" VPOS="3394" WIDTH="260" HEIGHT="50" CONTENT="d'ouvrages" WC="1.00" CC="0400000001"/>
						<SP ID="P12_SP00498" HPOS="1922" VPOS="3447" WIDTH="23"/>
						<String ID="P12_ST00565" HPOS="1945" VPOS="3394" WIDTH="129" HEIGHT="52" CONTENT="qu'ils" WC="0.99" CC="004050"/>
					</TextLine>
					<TextLine ID="P12_TL00050" HPOS="131" VPOS="3461" WIDTH="1940" HEIGHT="52">
						<String ID="P12_ST00566" HPOS="131" VPOS="3462" WIDTH="175" HEIGHT="38" CONTENT="doivent" WC="0.99" CC="4200060"/>
						<SP ID="P12_SP00499" HPOS="306" VPOS="3500" WIDTH="21"/>
						<String ID="P12_ST00567" HPOS="327" VPOS="3469" WIDTH="169" HEIGHT="31" CONTENT="monter" WC="1.00" CC="020300"/>
						<SP ID="P12_SP00500" HPOS="496" VPOS="3500" WIDTH="18"/>
						<String ID="P12_ST00568" HPOS="514" VPOS="3470" WIDTH="64" HEIGHT="30" CONTENT="est" WC="0.98" CC="021"/>
						<SP ID="P12_SP00501" HPOS="578" VPOS="3500" WIDTH="31"/>
						<String ID="P12_ST00569" HPOS="609" VPOS="3461" WIDTH="299" HEIGHT="39" CONTENT="considérable" WC="1.00" CC="000330001042"/>
						<SP ID="P12_SP00502" HPOS="908" VPOS="3500" WIDTH="23"/>
						<String ID="P12_ST00570" HPOS="931" VPOS="3476" WIDTH="7" HEIGHT="24" CONTENT=":" WC="0.32" CC="6"/>
						<SP ID="P12_SP00503" HPOS="938" VPOS="3500" WIDTH="26"/>
						<String ID="P12_ST00571" HPOS="964" VPOS="3462" WIDTH="28" HEIGHT="38" CONTENT="il" WC="0.66" CC="15"/>
						<SP ID="P12_SP00504" HPOS="992" VPOS="3500" WIDTH="24"/>
						<String ID="P12_ST00572" HPOS="1016" VPOS="3464" WIDTH="128" HEIGHT="37" CONTENT="serait" WC="1.00" CC="000300"/>
						<SP ID="P12_SP00505" HPOS="1144" VPOS="3501" WIDTH="20"/>
						<String ID="P12_ST00573" HPOS="1164" VPOS="3464" WIDTH="109" HEIGHT="49" CONTENT="juste" WC="0.98" CC="57100"/>
						<SP ID="P12_SP00506" HPOS="1273" VPOS="3513" WIDTH="21"/>
						<String ID="P12_ST00574" HPOS="1294" VPOS="3463" WIDTH="53" HEIGHT="39" CONTENT="de" WC="0.88" CC="02"/>
						<SP ID="P12_SP00507" HPOS="1347" VPOS="3513" WIDTH="15"/>
						<String ID="P12_ST00575" HPOS="1362" VPOS="3476" WIDTH="51" HEIGHT="26" CONTENT="ne" WC="0.65" CC="60"/>
						<SP ID="P12_SP00508" HPOS="1413" VPOS="3513" WIDTH="31"/>
						<String ID="P12_ST00576" HPOS="1444" VPOS="3476" WIDTH="76" HEIGHT="37" CONTENT="pas" WC="1.00" CC="000"/>
						<SP ID="P12_SP00509" HPOS="1520" VPOS="3513" WIDTH="23"/>
						<String ID="P12_ST00577" HPOS="1543" VPOS="3472" WIDTH="196" HEIGHT="30" CONTENT="entraver" WC="1.00" CC="05100003"/>
						<SP ID="P12_SP00510" HPOS="1739" VPOS="3513" WIDTH="22"/>
						<String ID="P12_ST00578" HPOS="1761" VPOS="3462" WIDTH="114" HEIGHT="39" CONTENT="leurs" WC="0.99" CC="00501"/>
						<SP ID="P12_SP00511" HPOS="1875" VPOS="3513" WIDTH="21"/>
						<String ID="P12_ST00579" HPOS="1896" VPOS="3461" WIDTH="147" HEIGHT="41" CONTENT="efforts" WC="0.99" CC="0054030"/>
						<SP ID="P12_SP00512" HPOS="2043" VPOS="3513" WIDTH="17"/>
						<String ID="P12_ST00580" HPOS="2060" VPOS="3476" WIDTH="11" HEIGHT="35" CONTENT=";" WC="0.38" CC="6"/>
					</TextLine>
				</TextBlock>
			</PrintSpace>
		</Page>
	</Layout>
</alto>
