<?xml version="1.0" encoding="UTF-8"?>
<alto xmlns:xsi="http://www.w3.org/2001/XMLSchema-instance" xmlns="http://www.loc.gov/standards/alto/ns-v2#" xsi:schemaLocation="http://www.loc.gov/standards/alto/ns-v2# http://www.loc.gov/standards/alto/alto-v2.0.xsd" xmlns:xlink="http://www.w3.org/1999/xlink">
	<Description>
		<MeasurementUnit>mm10</MeasurementUnit>
		<sourceImageInformation>
			<fileName>//fileserver7/IN2-2/Princeton/bmtnabj/1909/01/01_01/00000031.tif</fileName>
		</sourceImageInformation>
		<OCRProcessing ID="OCRPROCESSING_1">
			<preProcessingStep>
				<processingSoftware>
					<softwareCreator>CCS Content Conversion Specialists GmbH, Germany</softwareCreator>
					<softwareName>CCS docWorks</softwareName>
					<softwareVersion>6.7-1.20</softwareVersion>
				</processingSoftware>
			</preProcessingStep>
			<ocrProcessingStep>
				<processingSoftware>
					<softwareCreator>ABBYY (BIT Software), Russia</softwareCreator>
					<softwareName>FineReader</softwareName>
					<softwareVersion>10.0</softwareVersion>
				</processingSoftware>
			</ocrProcessingStep>
		</OCRProcessing>
	</Description>
	<Styles>
		<TextStyle ID="TXT_0" FONTSIZE="13" FONTFAMILY="Times New Roman"/>
		<TextStyle ID="TXT_1" FONTSIZE="15" FONTFAMILY="Times New Roman"/>
		<TextStyle ID="TXT_2" FONTSIZE="14" FONTFAMILY="Times New Roman"/>
		<TextStyle ID="TXT_3" FONTSIZE="14" FONTFAMILY="Times New Roman" FONTSTYLE="italics"/>
		<TextStyle ID="TXT_4" FONTSIZE="12" FONTFAMILY="Times New Roman"/>
		<TextStyle ID="TXT_5" FONTSIZE="7" FONTFAMILY="Arial"/>
		<ParagraphStyle ID="PAR_LEFT" ALIGN="Left"/>
		<ParagraphStyle ID="PAR_RIGHT" ALIGN="Right"/>
	</Styles>
	<Layout>
		<Page ID="P17" PHYSICAL_IMG_NR="17" HEIGHT="3850" WIDTH="2180" PRINTED_IMG_NR="17" PC="0.928">
			<TopMargin ID="P17_TM00001" HPOS="0" VPOS="0" WIDTH="2180" HEIGHT="217"/>
			<LeftMargin ID="P17_LM00001" HPOS="0" VPOS="217" WIDTH="29" HEIGHT="3418"/>
			<RightMargin ID="P17_RM00001" HPOS="2169" VPOS="217" WIDTH="11" HEIGHT="3418"/>
			<BottomMargin ID="P17_BM00001" HPOS="0" VPOS="3635" WIDTH="2180" HEIGHT="215"/>
			<PrintSpace ID="P17_PS00001" HPOS="29" VPOS="217" WIDTH="2140" HEIGHT="3418">
				<TextBlock ID="P17_TB00001" HPOS="216" VPOS="212" WIDTH="1671" HEIGHT="55" STYLEREFS="TXT_0 PAR_LEFT">
					<TextLine ID="P17_TL00001" HPOS="217" VPOS="218" WIDTH="1669" HEIGHT="48">
						<String ID="P17_ST00001" HPOS="217" VPOS="219" WIDTH="51" HEIGHT="25" CONTENT="LA" WC="0.36" CC="57"/>
						<SP ID="P17_SP00001" HPOS="268" VPOS="244" WIDTH="32"/>
						<String ID="P17_ST00002" HPOS="300" VPOS="218" WIDTH="201" HEIGHT="34" CONTENT="MUSIQUE" WC="0.98" CC="1506540"/>
						<SP ID="P17_SP00002" HPOS="501" VPOS="252" WIDTH="33"/>
						<String ID="P17_ST00003" HPOS="534" VPOS="220" WIDTH="52" HEIGHT="26" CONTENT="ET" WC="0.72" CC="05"/>
						<SP ID="P17_SP00003" HPOS="586" VPOS="252" WIDTH="33"/>
						<String ID="P17_ST00004" HPOS="619" VPOS="220" WIDTH="51" HEIGHT="26" CONTENT="LE" WC="0.51" CC="45"/>
						<SP ID="P17_SP00004" HPOS="670" VPOS="252" WIDTH="34"/>
						<String ID="P17_ST00005" HPOS="704" VPOS="220" WIDTH="179" HEIGHT="28" CONTENT="BUDGET" WC="0.98" CC="505304"/>
						<SP ID="P17_SP00005" HPOS="883" VPOS="252" WIDTH="32"/>
						<String ID="P17_ST00006" HPOS="915" VPOS="223" WIDTH="56" HEIGHT="25" CONTENT="DE" WC="0.88" CC="20"/>
						<SP ID="P17_SP00006" HPOS="971" VPOS="252" WIDTH="34"/>
						<String ID="P17_ST00007" HPOS="1005" VPOS="222" WIDTH="51" HEIGHT="26" CONTENT="LA" WC="0.81" CC="03"/>
						<SP ID="P17_SP00007" HPOS="1056" VPOS="252" WIDTH="34"/>
						<String ID="P17_ST00008" HPOS="1090" VPOS="223" WIDTH="284" HEIGHT="34" CONTENT="REPUBLIQUE" WC="0.99" CC="4670703506"/>
						<SP ID="P17_SP00008" HPOS="1374" VPOS="257" WIDTH="35"/>
						<String ID="P17_ST00009" HPOS="1409" VPOS="224" WIDTH="244" HEIGHT="37" CONTENT="FRANÇAISE" WC="0.99" CC="452200000"/>
						<SP ID="P17_SP00009" HPOS="1653" VPOS="261" WIDTH="33"/>
						<String ID="P17_ST00010" HPOS="1686" VPOS="226" WIDTH="54" HEIGHT="28" CONTENT="EN" WC="0.81" CC="03"/>
						<SP ID="P17_SP00010" HPOS="1740" VPOS="261" WIDTH="40"/>
						<String ID="P17_ST00011" HPOS="1780" VPOS="226" WIDTH="106" HEIGHT="40" CONTENT="I9O9" WC="0.63" CC="6701"/>
						<SP ID="P17_SP00011" HPOS="1886" VPOS="266" WIDTH="0"/>
					</TextLine>
				</TextBlock>
				<TextBlock ID="P17_TB00002" HPOS="1994" VPOS="224" WIDTH="47" HEIGHT="43" STYLEREFS="TXT_1 PAR_RIGHT">
					<TextLine ID="P17_TL00002" HPOS="1994" VPOS="224" WIDTH="47" HEIGHT="43">
						<String ID="P17_ST00012" HPOS="1994" VPOS="224" WIDTH="47" HEIGHT="43" CONTENT="17" WC="1.00" CC="00"/>
					</TextLine>
				</TextBlock>
				<TextBlock ID="P17_TB00003" HPOS="29" VPOS="311" WIDTH="2063" HEIGHT="3280" STYLEREFS="TXT_2 PAR_LEFT">
					<TextLine ID="P17_TL00003" HPOS="103" VPOS="312" WIDTH="1939" HEIGHT="58">
						<String ID="P17_ST00013" HPOS="103" VPOS="312" WIDTH="118" HEIGHT="42" CONTENT="Tout" WC="0.97" CC="0164"/>
						<SP ID="P17_SP00012" HPOS="221" VPOS="354" WIDTH="19"/>
						<String ID="P17_ST00014" HPOS="240" VPOS="327" WIDTH="96" HEIGHT="27" CONTENT="sera" WC="0.97" CC="4335"/>
						<SP ID="P17_SP00013" HPOS="336" VPOS="354" WIDTH="21"/>
						<String ID="P17_ST00015" HPOS="357" VPOS="313" WIDTH="77" HEIGHT="41" CONTENT="dès" WC="0.96" CC="071"/>
						<SP ID="P17_SP00014" HPOS="434" VPOS="354" WIDTH="24"/>
						<String ID="P17_ST00016" HPOS="458" VPOS="313" WIDTH="89" HEIGHT="41" CONTENT="lors" WC="0.98" CC="5110"/>
						<SP ID="P17_SP00015" HPOS="547" VPOS="354" WIDTH="23"/>
						<String ID="P17_ST00017" HPOS="570" VPOS="326" WIDTH="113" HEIGHT="40" CONTENT="pour" WC="0.98" CC="5060"/>
						<SP ID="P17_SP00016" HPOS="683" VPOS="366" WIDTH="37"/>
						<String ID="P17_ST00018" HPOS="720" VPOS="313" WIDTH="40" HEIGHT="42" CONTENT="le" WC="0.47" CC="64"/>
						<SP ID="P17_SP00017" HPOS="760" VPOS="366" WIDTH="32"/>
						<String ID="P17_ST00019" HPOS="792" VPOS="316" WIDTH="146" HEIGHT="39" CONTENT="mieux" WC="1.00" CC="20000"/>
						<SP ID="P17_SP00018" HPOS="938" VPOS="366" WIDTH="24"/>
						<String ID="P17_ST00020" HPOS="962" VPOS="315" WIDTH="111" HEIGHT="40" CONTENT="dans" WC="0.98" CC="0370"/>
						<SP ID="P17_SP00019" HPOS="1073" VPOS="366" WIDTH="25"/>
						<String ID="P17_ST00021" HPOS="1098" VPOS="315" WIDTH="38" HEIGHT="40" CONTENT="le" WC="0.92" CC="10"/>
						<SP ID="P17_SP00020" HPOS="1136" VPOS="366" WIDTH="24"/>
						<String ID="P17_ST00022" HPOS="1160" VPOS="316" WIDTH="204" HEIGHT="41" CONTENT="meilleur" WC="0.99" CC="10016003"/>
						<SP ID="P17_SP00021" HPOS="1364" VPOS="366" WIDTH="16"/>
						<String ID="P17_ST00023" HPOS="1380" VPOS="316" WIDTH="76" HEIGHT="41" CONTENT="des" WC="1.00" CC="000"/>
						<SP ID="P17_SP00022" HPOS="1456" VPOS="366" WIDTH="25"/>
						<String ID="P17_ST00024" HPOS="1481" VPOS="316" WIDTH="193" HEIGHT="41" CONTENT="théâtres" WC="0.99" CC="50706000"/>
						<SP ID="P17_SP00023" HPOS="1674" VPOS="366" WIDTH="17"/>
						<String ID="P17_ST00025" HPOS="1691" VPOS="317" WIDTH="197" HEIGHT="53" CONTENT="lyriques" WC="1.00" CC="46000000"/>
						<SP ID="P17_SP00024" HPOS="1888" VPOS="370" WIDTH="17"/>
						<String ID="P17_ST00026" HPOS="1905" VPOS="331" WIDTH="110" HEIGHT="39" CONTENT="popu" SUBS_TYPE="HypPart1" SUBS_CONTENT="populaires." WC="0.99" CC="2010"/>
						<HYP HPOS="2015" VPOS="331" WIDTH="27" CONTENT="-"/>
					</TextLine>
					<TextLine ID="P17_TL00004" HPOS="49" VPOS="381" WIDTH="150" HEIGHT="42">
						<String ID="P17_ST00027" HPOS="49" VPOS="381" WIDTH="150" HEIGHT="42" CONTENT="laires." SUBS_TYPE="HypPart2" SUBS_CONTENT="populaires." WC="0.99" CC="3000006"/>
					</TextLine>
					<TextLine ID="P17_TL00005" HPOS="103" VPOS="449" WIDTH="1939" HEIGHT="57">
						<String ID="P17_ST00028" HPOS="103" VPOS="449" WIDTH="74" HEIGHT="41" CONTENT="IV." WC="0.75" CC="204" STYLEREFS="TXT_0"/>
						<SP ID="P17_SP00025" HPOS="177" VPOS="490" WIDTH="23"/>
						<String ID="P17_ST00029" HPOS="200" VPOS="449" WIDTH="89" HEIGHT="41" CONTENT="LES" WC="1.00" CC="010" STYLEREFS="TXT_0"/>
						<SP ID="P17_SP00026" HPOS="289" VPOS="490" WIDTH="25"/>
						<String ID="P17_ST00030" HPOS="314" VPOS="449" WIDTH="183" HEIGHT="40" CONTENT="TRENTE" WC="0.99" CC="161300" STYLEREFS="TXT_0"/>
						<SP ID="P17_SP00027" HPOS="497" VPOS="490" WIDTH="27"/>
						<String ID="P17_ST00031" HPOS="524" VPOS="449" WIDTH="93" HEIGHT="41" CONTENT="ANS" WC="1.00" CC="000" STYLEREFS="TXT_0"/>
						<SP ID="P17_SP00028" HPOS="617" VPOS="490" WIDTH="21"/>
						<String ID="P17_ST00032" HPOS="638" VPOS="464" WIDTH="55" HEIGHT="25" CONTENT="DE" WC="0.56" CC="62" STYLEREFS="TXT_0"/>
						<SP ID="P17_SP00029" HPOS="693" VPOS="490" WIDTH="36"/>
						<String ID="P17_ST00033" HPOS="729" VPOS="449" WIDTH="231" HEIGHT="42" CONTENT="THÉÂTRE." WC="0.99" CC="06431004" STYLEREFS="TXT_0"/>
						<SP ID="P17_SP00030" HPOS="960" VPOS="491" WIDTH="29"/>
						<String ID="P17_ST00034" HPOS="989" VPOS="473" WIDTH="46" HEIGHT="7" CONTENT="—" WC="0.20" CC="8" STYLEREFS="TXT_0"/>
						<SP ID="P17_SP00031" HPOS="1035" VPOS="491" WIDTH="24"/>
						<String ID="P17_ST00035" HPOS="1059" VPOS="449" WIDTH="80" HEIGHT="57" CONTENT="J'ai" WC="0.99" CC="0401" STYLEREFS="TXT_0"/>
						<SP ID="P17_SP00032" HPOS="1139" VPOS="506" WIDTH="23"/>
						<String ID="P17_ST00036" HPOS="1162" VPOS="458" WIDTH="212" HEIGHT="46" CONTENT="constaté," WC="0.99" CC="004050063"/>
						<SP ID="P17_SP00033" HPOS="1374" VPOS="506" WIDTH="28"/>
						<String ID="P17_ST00037" HPOS="1402" VPOS="451" WIDTH="87" HEIGHT="43" CONTENT="l'an" WC="0.97" CC="5304"/>
						<SP ID="P17_SP00034" HPOS="1489" VPOS="506" WIDTH="22"/>
						<String ID="P17_ST00038" HPOS="1511" VPOS="454" WIDTH="190" HEIGHT="50" CONTENT="dernier," WC="1.00" CC="00003003"/>
						<SP ID="P17_SP00035" HPOS="1701" VPOS="506" WIDTH="28"/>
						<String ID="P17_ST00039" HPOS="1729" VPOS="468" WIDTH="86" HEIGHT="38" CONTENT="que" WC="0.97" CC="060"/>
						<SP ID="P17_SP00036" HPOS="1815" VPOS="506" WIDTH="17"/>
						<String ID="P17_ST00040" HPOS="1832" VPOS="452" WIDTH="210" HEIGHT="43" CONTENT="l'Œuvre" WC="0.99" CC="3346000"/>
					</TextLine>
					<TextLine ID="P17_TL00006" HPOS="49" VPOS="517" WIDTH="1993" HEIGHT="58">
						<String ID="P17_ST00041" HPOS="49" VPOS="517" WIDTH="219" HEIGHT="51" CONTENT="française" WC="1.00" CC="000400000"/>
						<SP ID="P17_SP00037" HPOS="268" VPOS="568" WIDTH="23"/>
						<String ID="P17_ST00042" HPOS="291" VPOS="526" WIDTH="41" HEIGHT="31" CONTENT="et" WC="0.80" CC="04"/>
						<SP ID="P17_SP00038" HPOS="332" VPOS="568" WIDTH="29"/>
						<String ID="P17_ST00043" HPOS="361" VPOS="517" WIDTH="234" HEIGHT="52" CONTENT="populaire" WC="0.99" CC="020760400"/>
						<SP ID="P17_SP00039" HPOS="595" VPOS="569" WIDTH="22"/>
						<String ID="P17_ST00044" HPOS="617" VPOS="519" WIDTH="78" HEIGHT="40" CONTENT="des" WC="1.00" CC="001"/>
						<SP ID="P17_SP00040" HPOS="695" VPOS="569" WIDTH="24"/>
						<String ID="P17_ST00045" HPOS="719" VPOS="517" WIDTH="163" HEIGHT="43" CONTENT="Trente" WC="0.99" CC="000630"/>
						<SP ID="P17_SP00041" HPOS="882" VPOS="569" WIDTH="24"/>
						<String ID="P17_ST00046" HPOS="906" VPOS="518" WIDTH="93" HEIGHT="42" CONTENT="Ans" WC="1.00" CC="010"/>
						<SP ID="P17_SP00042" HPOS="999" VPOS="569" WIDTH="19"/>
						<String ID="P17_ST00047" HPOS="1018" VPOS="520" WIDTH="54" HEIGHT="40" CONTENT="de" WC="1.00" CC="00"/>
						<SP ID="P17_SP00043" HPOS="1072" VPOS="569" WIDTH="19"/>
						<String ID="P17_ST00048" HPOS="1091" VPOS="520" WIDTH="191" HEIGHT="42" CONTENT="Théâtre" WC="1.00" CC="0200500"/>
						<SP ID="P17_SP00044" HPOS="1282" VPOS="569" WIDTH="25"/>
						<String ID="P17_ST00049" HPOS="1307" VPOS="536" WIDTH="21" HEIGHT="26" CONTENT="a" WC="1.00" CC="0"/>
						<SP ID="P17_SP00045" HPOS="1328" VPOS="569" WIDTH="22"/>
						<String ID="P17_ST00050" HPOS="1350" VPOS="522" WIDTH="158" HEIGHT="40" CONTENT="réalisé" WC="1.00" CC="0000400"/>
						<SP ID="P17_SP00046" HPOS="1508" VPOS="569" WIDTH="23"/>
						<String ID="P17_ST00051" HPOS="1531" VPOS="522" WIDTH="38" HEIGHT="40" CONTENT="la" WC="0.92" CC="10"/>
						<SP ID="P17_SP00047" HPOS="1569" VPOS="569" WIDTH="28"/>
						<String ID="P17_ST00052" HPOS="1597" VPOS="521" WIDTH="141" HEIGHT="41" CONTENT="forme" WC="1.00" CC="20000"/>
						<SP ID="P17_SP00048" HPOS="1738" VPOS="569" WIDTH="23"/>
						<String ID="P17_ST00053" HPOS="1761" VPOS="522" WIDTH="38" HEIGHT="40" CONTENT="la" WC="0.73" CC="50"/>
						<SP ID="P17_SP00049" HPOS="1799" VPOS="569" WIDTH="26"/>
						<String ID="P17_ST00054" HPOS="1825" VPOS="523" WIDTH="99" HEIGHT="52" CONTENT="plus" WC="0.97" CC="0560"/>
						<SP ID="P17_SP00050" HPOS="1924" VPOS="575" WIDTH="23"/>
						<String ID="P17_ST00055" HPOS="1947" VPOS="537" WIDTH="72" HEIGHT="37" CONTENT="pra" SUBS_TYPE="HypPart1" SUBS_CONTENT="pratique" WC="0.99" CC="050"/>
						<HYP HPOS="2019" VPOS="537" WIDTH="23" CONTENT="-"/>
					</TextLine>
					<TextLine ID="P17_TL00007" HPOS="51" VPOS="585" WIDTH="1992" HEIGHT="58">
						<String ID="P17_ST00056" HPOS="51" VPOS="588" WIDTH="121" HEIGHT="49" CONTENT="tique" SUBS_TYPE="HypPart2" SUBS_CONTENT="pratique" WC="1.00" CC="30000"/>
						<SP ID="P17_SP00051" HPOS="172" VPOS="637" WIDTH="23"/>
						<String ID="P17_ST00057" HPOS="195" VPOS="586" WIDTH="55" HEIGHT="39" CONTENT="du" WC="1.00" CC="00"/>
						<SP ID="P17_SP00052" HPOS="250" VPOS="637" WIDTH="24"/>
						<String ID="P17_ST00058" HPOS="274" VPOS="585" WIDTH="170" HEIGHT="40" CONTENT="théâtre" WC="0.99" CC="0050480"/>
						<SP ID="P17_SP00053" HPOS="444" VPOS="637" WIDTH="24"/>
						<String ID="P17_ST00059" HPOS="468" VPOS="587" WIDTH="234" HEIGHT="52" CONTENT="populaire" WC="1.00" CC="000020400"/>
						<SP ID="P17_SP00054" HPOS="702" VPOS="639" WIDTH="22"/>
						<String ID="P17_ST00060" HPOS="724" VPOS="596" WIDTH="41" HEIGHT="31" CONTENT="et" WC="1.00" CC="00"/>
						<SP ID="P17_SP00055" HPOS="765" VPOS="639" WIDTH="17"/>
						<String ID="P17_ST00061" HPOS="782" VPOS="588" WIDTH="104" HEIGHT="51" CONTENT="qu'il" WC="1.00" CC="00200"/>
						<SP ID="P17_SP00056" HPOS="886" VPOS="639" WIDTH="24"/>
						<String ID="P17_ST00062" HPOS="910" VPOS="603" WIDTH="25" HEIGHT="37" CONTENT="y" WC="0.42" CC="5"/>
						<SP ID="P17_SP00057" HPOS="935" VPOS="640" WIDTH="25"/>
						<String ID="P17_ST00063" HPOS="960" VPOS="602" WIDTH="21" HEIGHT="26" CONTENT="a" WC="1.00" CC="0"/>
						<SP ID="P17_SP00058" HPOS="981" VPOS="640" WIDTH="25"/>
						<String ID="P17_ST00064" HPOS="1006" VPOS="587" WIDTH="102" HEIGHT="41" CONTENT="bien" WC="0.98" CC="0207"/>
						<SP ID="P17_SP00059" HPOS="1108" VPOS="640" WIDTH="38"/>
						<String ID="P17_ST00065" HPOS="1146" VPOS="590" WIDTH="76" HEIGHT="40" CONTENT="des" WC="1.00" CC="000"/>
						<SP ID="P17_SP00060" HPOS="1222" VPOS="640" WIDTH="24"/>
						<String ID="P17_ST00066" HPOS="1246" VPOS="591" WIDTH="188" HEIGHT="40" CONTENT="chances" WC="1.00" CC="0020000"/>
						<SP ID="P17_SP00061" HPOS="1434" VPOS="640" WIDTH="23"/>
						<String ID="P17_ST00067" HPOS="1457" VPOS="603" WIDTH="113" HEIGHT="39" CONTENT="pour" WC="1.00" CC="0000"/>
						<SP ID="P17_SP00062" HPOS="1570" VPOS="642" WIDTH="24"/>
						<String ID="P17_ST00068" HPOS="1594" VPOS="591" WIDTH="134" HEIGHT="51" CONTENT="qu'on" WC="1.00" CC="00003"/>
						<SP ID="P17_SP00063" HPOS="1728" VPOS="642" WIDTH="22"/>
						<String ID="P17_ST00069" HPOS="1750" VPOS="605" WIDTH="54" HEIGHT="26" CONTENT="ne" WC="0.79" CC="40"/>
						<SP ID="P17_SP00064" HPOS="1804" VPOS="642" WIDTH="19"/>
						<String ID="P17_ST00070" HPOS="1823" VPOS="590" WIDTH="118" HEIGHT="42" CONTENT="fasse" WC="1.00" CC="02000"/>
						<SP ID="P17_SP00065" HPOS="1941" VPOS="642" WIDTH="23"/>
						<String ID="P17_ST00071" HPOS="1964" VPOS="606" WIDTH="79" HEIGHT="37" CONTENT="pas" WC="1.00" CC="000"/>
					</TextLine>
					<TextLine ID="P17_TL00008" HPOS="47" VPOS="653" WIDTH="1997" HEIGHT="59">
						<String ID="P17_ST00072" HPOS="47" VPOS="654" WIDTH="162" HEIGHT="40" CONTENT="mieux." WC="0.99" CC="000613"/>
						<SP ID="P17_SP00066" HPOS="209" VPOS="694" WIDTH="41"/>
						<String ID="P17_ST00073" HPOS="250" VPOS="653" WIDTH="21" HEIGHT="55" CONTENT="J" WC="1.00" CC="0"/>
						<SP ID="P17_SP00067" HPOS="271" VPOS="708" WIDTH="21"/>
						<String ID="P17_ST00074" HPOS="292" VPOS="656" WIDTH="40" HEIGHT="38" CONTENT="ai" WC="0.44" CC="64"/>
						<SP ID="P17_SP00068" HPOS="332" VPOS="708" WIDTH="37"/>
						<String ID="P17_ST00075" HPOS="369" VPOS="655" WIDTH="252" HEIGHT="50" CONTENT="également" WC="0.99" CC="070000026"/>
						<SP ID="P17_SP00069" HPOS="621" VPOS="708" WIDTH="35"/>
						<String ID="P17_ST00076" HPOS="656" VPOS="656" WIDTH="184" HEIGHT="52" CONTENT="indiqué" WC="0.99" CC="3503050"/>
						<SP ID="P17_SP00070" HPOS="840" VPOS="708" WIDTH="39"/>
						<String ID="P17_ST00077" HPOS="879" VPOS="670" WIDTH="85" HEIGHT="38" CONTENT="que" WC="1.00" CC="000"/>
						<SP ID="P17_SP00071" HPOS="964" VPOS="708" WIDTH="42"/>
						<String ID="P17_ST00078" HPOS="1006" VPOS="656" WIDTH="211" HEIGHT="42" CONTENT="l'Œuvre" WC="0.98" CC="6347000"/>
						<SP ID="P17_SP00072" HPOS="1217" VPOS="708" WIDTH="34"/>
						<String ID="P17_ST00079" HPOS="1251" VPOS="660" WIDTH="52" HEIGHT="39" CONTENT="de" WC="1.00" CC="00"/>
						<SP ID="P17_SP00073" HPOS="1303" VPOS="708" WIDTH="23"/>
						<String ID="P17_ST00080" HPOS="1326" VPOS="658" WIDTH="60" HEIGHT="40" CONTENT="M." WC="0.79" CC="04"/>
						<SP ID="P17_SP00074" HPOS="1386" VPOS="708" WIDTH="29"/>
						<String ID="P17_ST00081" HPOS="1415" VPOS="658" WIDTH="165" HEIGHT="41" CONTENT="Adrien" WC="0.99" CC="000006"/>
						<SP ID="P17_SP00075" HPOS="1580" VPOS="708" WIDTH="19"/>
						<String ID="P17_ST00082" HPOS="1599" VPOS="658" WIDTH="240" HEIGHT="42" CONTENT="Bernheim" WC="0.87" CC="00000009"/>
						<SP ID="P17_SP00076" HPOS="1839" VPOS="708" WIDTH="22"/>
						<String ID="P17_ST00083" HPOS="1861" VPOS="668" WIDTH="183" HEIGHT="44" CONTENT="apporte" WC="0.99" CC="0000450"/>
					</TextLine>
					<TextLine ID="P17_TL00009" HPOS="47" VPOS="722" WIDTH="1997" HEIGHT="58">
						<String ID="P17_ST00084" HPOS="47" VPOS="722" WIDTH="172" HEIGHT="52" CONTENT="chaque" WC="0.99" CC="000070"/>
						<SP ID="P17_SP00077" HPOS="219" VPOS="774" WIDTH="18"/>
						<String ID="P17_ST00085" HPOS="237" VPOS="727" WIDTH="141" HEIGHT="35" CONTENT="année" WC="0.99" CC="55000"/>
						<SP ID="P17_SP00078" HPOS="378" VPOS="774" WIDTH="22"/>
						<String ID="P17_ST00086" HPOS="400" VPOS="737" WIDTH="59" HEIGHT="25" CONTENT="un" WC="0.65" CC="70"/>
						<SP ID="P17_SP00079" HPOS="459" VPOS="774" WIDTH="24"/>
						<String ID="P17_ST00087" HPOS="483" VPOS="729" WIDTH="187" HEIGHT="46" CONTENT="progrès" WC="0.99" CC="0009170"/>
						<SP ID="P17_SP00080" HPOS="670" VPOS="775" WIDTH="35"/>
						<String ID="P17_ST00088" HPOS="705" VPOS="737" WIDTH="221" HEIGHT="28" CONTENT="nouveau." WC="0.99" CC="60611050"/>
						<SP ID="P17_SP00081" HPOS="926" VPOS="775" WIDTH="34"/>
						<String ID="P17_ST00089" HPOS="960" VPOS="724" WIDTH="242" HEIGHT="43" CONTENT="Reconnue" WC="0.99" CC="50006500"/>
						<SP ID="P17_SP00082" HPOS="1202" VPOS="775" WIDTH="23"/>
						<String ID="P17_ST00090" HPOS="1225" VPOS="727" WIDTH="188" HEIGHT="40" CONTENT="d'utilité" WC="0.99" CC="020021035"/>
						<SP ID="P17_SP00083" HPOS="1413" VPOS="775" WIDTH="22"/>
						<String ID="P17_ST00091" HPOS="1435" VPOS="726" WIDTH="231" HEIGHT="54" CONTENT="publique," WC="1.00" CC="000520004"/>
						<SP ID="P17_SP00084" HPOS="1666" VPOS="780" WIDTH="26"/>
						<String ID="P17_ST00092" HPOS="1692" VPOS="727" WIDTH="83" HEIGHT="41" CONTENT="elle" WC="0.99" CC="0040"/>
						<SP ID="P17_SP00085" HPOS="1775" VPOS="780" WIDTH="22"/>
						<String ID="P17_ST00093" HPOS="1797" VPOS="741" WIDTH="54" HEIGHT="27" CONTENT="ne" WC="0.81" CC="30"/>
						<SP ID="P17_SP00086" HPOS="1851" VPOS="780" WIDTH="24"/>
						<String ID="P17_ST00094" HPOS="1875" VPOS="742" WIDTH="45" HEIGHT="26" CONTENT="se" WC="1.00" CC="00"/>
						<SP ID="P17_SP00087" HPOS="1920" VPOS="780" WIDTH="24"/>
						<String ID="P17_ST00095" HPOS="1944" VPOS="742" WIDTH="75" HEIGHT="27" CONTENT="con" SUBS_TYPE="HypPart1" SUBS_CONTENT="contente" WC="0.98" CC="030"/>
						<HYP HPOS="2019" VPOS="742" WIDTH="25" CONTENT="-"/>
					</TextLine>
					<TextLine ID="P17_TL00010" HPOS="45" VPOS="790" WIDTH="1999" HEIGHT="57">
						<String ID="P17_ST00096" HPOS="45" VPOS="799" WIDTH="119" HEIGHT="31" CONTENT="tente" SUBS_TYPE="HypPart2" SUBS_CONTENT="contente" WC="1.00" CC="30000"/>
						<SP ID="P17_SP00088" HPOS="164" VPOS="830" WIDTH="22"/>
						<String ID="P17_ST00097" HPOS="186" VPOS="790" WIDTH="100" HEIGHT="52" CONTENT="plus" WC="0.99" CC="0030"/>
						<SP ID="P17_SP00089" HPOS="286" VPOS="842" WIDTH="36"/>
						<String ID="P17_ST00098" HPOS="322" VPOS="791" WIDTH="53" HEIGHT="39" CONTENT="de" WC="0.56" CC="08"/>
						<SP ID="P17_SP00090" HPOS="375" VPOS="842" WIDTH="38"/>
						<String ID="P17_ST00099" HPOS="413" VPOS="790" WIDTH="111" HEIGHT="41" CONTENT="faire" WC="1.00" CC="00300"/>
						<SP ID="P17_SP00091" HPOS="524" VPOS="842" WIDTH="28"/>
						<String ID="P17_ST00100" HPOS="552" VPOS="796" WIDTH="229" HEIGHT="36" CONTENT="connaître" WC="0.99" CC="006002600"/>
						<SP ID="P17_SP00092" HPOS="781" VPOS="842" WIDTH="33"/>
						<String ID="P17_ST00101" HPOS="814" VPOS="807" WIDTH="82" HEIGHT="26" CONTENT="aux" WC="1.00" CC="000"/>
						<SP ID="P17_SP00093" HPOS="896" VPOS="842" WIDTH="31"/>
						<String ID="P17_ST00102" HPOS="927" VPOS="792" WIDTH="226" HEIGHT="43" CONTENT="Parisiens" WC="0.99" CC="700104060"/>
						<SP ID="P17_SP00094" HPOS="1153" VPOS="842" WIDTH="44"/>
						<String ID="P17_ST00103" HPOS="1197" VPOS="796" WIDTH="53" HEIGHT="39" CONTENT="de" WC="1.00" CC="00"/>
						<SP ID="P17_SP00095" HPOS="1250" VPOS="842" WIDTH="32"/>
						<String ID="P17_ST00104" HPOS="1282" VPOS="795" WIDTH="244" HEIGHT="50" CONTENT="Belleville," WC="0.89" CC="04000020102"/>
						<SP ID="P17_SP00096" HPOS="1526" VPOS="845" WIDTH="44"/>
						<String ID="P17_ST00105" HPOS="1570" VPOS="795" WIDTH="53" HEIGHT="40" CONTENT="de" WC="1.00" CC="00"/>
						<SP ID="P17_SP00097" HPOS="1623" VPOS="845" WIDTH="30"/>
						<String ID="P17_ST00106" HPOS="1653" VPOS="795" WIDTH="312" HEIGHT="52" CONTENT="Montmartre," WC="1.00" CC="00660001004"/>
						<SP ID="P17_SP00098" HPOS="1965" VPOS="847" WIDTH="26"/>
						<String ID="P17_ST00107" HPOS="1991" VPOS="797" WIDTH="53" HEIGHT="40" CONTENT="de" WC="1.00" CC="00"/>
					</TextLine>
					<TextLine ID="P17_TL00011" HPOS="45" VPOS="856" WIDTH="1998" HEIGHT="58">
						<String ID="P17_ST00108" HPOS="45" VPOS="856" WIDTH="223" HEIGHT="52" CONTENT="Grenelle," WC="0.99" CC="000605603"/>
						<SP ID="P17_SP00099" HPOS="268" VPOS="908" WIDTH="23"/>
						<String ID="P17_ST00109" HPOS="291" VPOS="859" WIDTH="53" HEIGHT="39" CONTENT="de" WC="1.00" CC="00"/>
						<SP ID="P17_SP00100" HPOS="344" VPOS="908" WIDTH="23"/>
						<String ID="P17_ST00110" HPOS="367" VPOS="859" WIDTH="351" HEIGHT="42" CONTENT="Ménilmontant" WC="0.71" CC="007060047061"/>
						<SP ID="P17_SP00101" HPOS="718" VPOS="908" WIDTH="42"/>
						<String ID="P17_ST00111" HPOS="760" VPOS="870" WIDTH="41" HEIGHT="31" CONTENT="et" WC="0.65" CC="06"/>
						<SP ID="P17_SP00102" HPOS="801" VPOS="908" WIDTH="34"/>
						<String ID="P17_ST00112" HPOS="835" VPOS="863" WIDTH="54" HEIGHT="38" CONTENT="de" WC="1.00" CC="00"/>
						<SP ID="P17_SP00103" HPOS="889" VPOS="908" WIDTH="35"/>
						<String ID="P17_ST00113" HPOS="924" VPOS="861" WIDTH="258" HEIGHT="53" CONTENT="Charonne," WC="0.78" CC="100006604"/>
						<SP ID="P17_SP00104" HPOS="1182" VPOS="914" WIDTH="26"/>
						<String ID="P17_ST00114" HPOS="1208" VPOS="864" WIDTH="62" HEIGHT="40" CONTENT="les" WC="1.00" CC="000"/>
						<SP ID="P17_SP00105" HPOS="1270" VPOS="914" WIDTH="21"/>
						<String ID="P17_ST00115" HPOS="1291" VPOS="863" WIDTH="345" HEIGHT="42" CONTENT="chefs-d'œuvre" WC="1.00" CC="0000050405000"/>
						<SP ID="P17_SP00106" HPOS="1636" VPOS="914" WIDTH="18"/>
						<String ID="P17_ST00116" HPOS="1654" VPOS="865" WIDTH="54" HEIGHT="39" CONTENT="de" WC="1.00" CC="00"/>
						<SP ID="P17_SP00107" HPOS="1708" VPOS="914" WIDTH="19"/>
						<String ID="P17_ST00117" HPOS="1727" VPOS="874" WIDTH="126" HEIGHT="32" CONTENT="notre" WC="0.99" CC="40000"/>
						<SP ID="P17_SP00108" HPOS="1853" VPOS="914" WIDTH="21"/>
						<String ID="P17_ST00118" HPOS="1874" VPOS="865" WIDTH="169" HEIGHT="41" CONTENT="théâtre" WC="1.00" CC="3004000"/>
					</TextLine>
					<TextLine ID="P17_TL00012" HPOS="50" VPOS="926" WIDTH="1994" HEIGHT="59">
						<String ID="P17_ST00119" HPOS="50" VPOS="926" WIDTH="190" HEIGHT="52" CONTENT="français" WC="0.99" CC="80420011"/>
						<SP ID="P17_SP00109" HPOS="240" VPOS="978" WIDTH="24"/>
						<String ID="P17_ST00120" HPOS="264" VPOS="929" WIDTH="265" HEIGHT="51" CONTENT="interprétés" WC="0.99" CC="17009060000"/>
						<SP ID="P17_SP00110" HPOS="529" VPOS="980" WIDTH="38"/>
						<String ID="P17_ST00121" HPOS="567" VPOS="943" WIDTH="81" HEIGHT="38" CONTENT="par" WC="1.00" CC="000"/>
						<SP ID="P17_SP00111" HPOS="648" VPOS="981" WIDTH="44"/>
						<String ID="P17_ST00122" HPOS="692" VPOS="929" WIDTH="63" HEIGHT="40" CONTENT="les" WC="1.00" CC="000"/>
						<SP ID="P17_SP00112" HPOS="755" VPOS="981" WIDTH="24"/>
						<String ID="P17_ST00123" HPOS="779" VPOS="932" WIDTH="217" HEIGHT="49" CONTENT="premiers" WC="1.00" CC="00001000"/>
						<SP ID="P17_SP00113" HPOS="996" VPOS="981" WIDTH="22"/>
						<String ID="P17_ST00124" HPOS="1018" VPOS="931" WIDTH="53" HEIGHT="40" CONTENT="de" WC="1.00" CC="00"/>
						<SP ID="P17_SP00114" HPOS="1071" VPOS="981" WIDTH="23"/>
						<String ID="P17_ST00125" HPOS="1094" VPOS="945" WIDTH="82" HEIGHT="27" CONTENT="nos" WC="0.99" CC="300"/>
						<SP ID="P17_SP00115" HPOS="1176" VPOS="981" WIDTH="22"/>
						<String ID="P17_ST00126" HPOS="1198" VPOS="934" WIDTH="175" HEIGHT="39" CONTENT="artistes" WC="1.00" CC="00000400"/>
						<SP ID="P17_SP00116" HPOS="1373" VPOS="981" WIDTH="26"/>
						<String ID="P17_ST00127" HPOS="1399" VPOS="944" WIDTH="8" HEIGHT="37" CONTENT=";" WC="1.00" CC="0"/>
						<SP ID="P17_SP00117" HPOS="1407" VPOS="981" WIDTH="22"/>
						<String ID="P17_ST00128" HPOS="1429" VPOS="933" WIDTH="82" HEIGHT="39" CONTENT="elle" WC="0.99" CC="0040"/>
						<SP ID="P17_SP00118" HPOS="1511" VPOS="981" WIDTH="15"/>
						<String ID="P17_ST00129" HPOS="1526" VPOS="947" WIDTH="22" HEIGHT="26" CONTENT="a" WC="1.00" CC="0"/>
						<SP ID="P17_SP00119" HPOS="1548" VPOS="981" WIDTH="25"/>
						<String ID="P17_ST00130" HPOS="1573" VPOS="937" WIDTH="155" HEIGHT="36" CONTENT="trouvé" WC="1.00" CC="000500"/>
						<SP ID="P17_SP00120" HPOS="1728" VPOS="981" WIDTH="22"/>
						<String ID="P17_ST00131" HPOS="1750" VPOS="933" WIDTH="39" HEIGHT="40" CONTENT="le" WC="1.00" CC="00"/>
						<SP ID="P17_SP00121" HPOS="1789" VPOS="981" WIDTH="18"/>
						<String ID="P17_ST00132" HPOS="1807" VPOS="947" WIDTH="161" HEIGHT="38" CONTENT="moyen" WC="0.99" CC="01007"/>
						<SP ID="P17_SP00122" HPOS="1968" VPOS="985" WIDTH="23"/>
						<String ID="P17_ST00133" HPOS="1991" VPOS="934" WIDTH="53" HEIGHT="40" CONTENT="de" WC="1.00" CC="00"/>
					</TextLine>
					<TextLine ID="P17_TL00013" HPOS="47" VPOS="996" WIDTH="1996" HEIGHT="58">
						<String ID="P17_ST00134" HPOS="47" VPOS="997" WIDTH="172" HEIGHT="49" CONTENT="grossir" WC="1.00" CC="0000200"/>
						<SP ID="P17_SP00123" HPOS="219" VPOS="1046" WIDTH="21"/>
						<String ID="P17_ST00135" HPOS="240" VPOS="996" WIDTH="37" HEIGHT="39" CONTENT="le" WC="1.00" CC="00"/>
						<SP ID="P17_SP00124" HPOS="277" VPOS="1046" WIDTH="24"/>
						<String ID="P17_ST00136" HPOS="301" VPOS="998" WIDTH="256" HEIGHT="39" CONTENT="traitement" WC="0.99" CC="1004416066"/>
						<SP ID="P17_SP00125" HPOS="557" VPOS="1046" WIDTH="32"/>
						<String ID="P17_ST00137" HPOS="589" VPOS="997" WIDTH="53" HEIGHT="41" CONTENT="de" WC="1.00" CC="00"/>
						<SP ID="P17_SP00126" HPOS="642" VPOS="1046" WIDTH="24"/>
						<String ID="P17_ST00138" HPOS="666" VPOS="1006" WIDTH="100" HEIGHT="33" CONTENT="tous" WC="0.98" CC="2050"/>
						<SP ID="P17_SP00127" HPOS="766" VPOS="1046" WIDTH="20"/>
						<String ID="P17_ST00139" HPOS="786" VPOS="1012" WIDTH="106" HEIGHT="27" CONTENT="ceux" WC="1.00" CC="0000"/>
						<SP ID="P17_SP00128" HPOS="892" VPOS="1046" WIDTH="25"/>
						<String ID="P17_ST00140" HPOS="917" VPOS="1002" WIDTH="75" HEIGHT="49" CONTENT="qui" WC="1.00" CC="001"/>
						<SP ID="P17_SP00129" HPOS="992" VPOS="1051" WIDTH="22"/>
						<String ID="P17_ST00141" HPOS="1014" VPOS="1010" WIDTH="204" HEIGHT="31" CONTENT="assurent" WC="0.99" CC="60200060"/>
						<SP ID="P17_SP00130" HPOS="1218" VPOS="1051" WIDTH="23"/>
						<String ID="P17_ST00142" HPOS="1241" VPOS="1002" WIDTH="38" HEIGHT="39" CONTENT="le" WC="0.79" CC="40"/>
						<SP ID="P17_SP00131" HPOS="1279" VPOS="1051" WIDTH="19"/>
						<String ID="P17_ST00143" HPOS="1298" VPOS="1006" WIDTH="149" HEIGHT="35" CONTENT="succès" WC="0.99" CC="030070"/>
						<SP ID="P17_SP00132" HPOS="1447" VPOS="1051" WIDTH="25"/>
						<String ID="P17_ST00144" HPOS="1472" VPOS="1001" WIDTH="52" HEIGHT="40" CONTENT="de" WC="1.00" CC="00"/>
						<SP ID="P17_SP00133" HPOS="1524" VPOS="1051" WIDTH="23"/>
						<String ID="P17_ST00145" HPOS="1547" VPOS="1014" WIDTH="70" HEIGHT="27" CONTENT="ces" WC="0.99" CC="300"/>
						<SP ID="P17_SP00134" HPOS="1617" VPOS="1051" WIDTH="20"/>
						<String ID="P17_ST00146" HPOS="1637" VPOS="1001" WIDTH="143" HEIGHT="41" CONTENT="beaux" WC="1.00" CC="00000"/>
						<SP ID="P17_SP00135" HPOS="1780" VPOS="1051" WIDTH="24"/>
						<String ID="P17_ST00147" HPOS="1804" VPOS="1002" WIDTH="239" HEIGHT="52" CONTENT="spectacles" WC="1.00" CC="0001000200"/>
					</TextLine>
					<TextLine ID="P17_TL00014" HPOS="48" VPOS="1063" WIDTH="1908" HEIGHT="59">
						<String ID="P17_ST00148" HPOS="48" VPOS="1077" WIDTH="55" HEIGHT="26" CONTENT="en" WC="0.70" CC="05"/>
						<SP ID="P17_SP00136" HPOS="103" VPOS="1103" WIDTH="23"/>
						<String ID="P17_ST00149" HPOS="126" VPOS="1063" WIDTH="161" HEIGHT="41" CONTENT="offrant" WC="0.99" CC="0400066"/>
						<SP ID="P17_SP00137" HPOS="287" VPOS="1104" WIDTH="21"/>
						<String ID="P17_ST00150" HPOS="308" VPOS="1068" WIDTH="21" HEIGHT="35" CONTENT="à" WC="0.83" CC="1"/>
						<SP ID="P17_SP00138" HPOS="329" VPOS="1104" WIDTH="24"/>
						<String ID="P17_ST00151" HPOS="353" VPOS="1064" WIDTH="188" HEIGHT="48" CONTENT="chacun," WC="0.99" CC="0300054"/>
						<SP ID="P17_SP00139" HPOS="541" VPOS="1112" WIDTH="17"/>
						<String ID="P17_ST00152" HPOS="558" VPOS="1079" WIDTH="114" HEIGHT="38" CONTENT="pour" WC="1.00" CC="0001"/>
						<SP ID="P17_SP00140" HPOS="672" VPOS="1117" WIDTH="36"/>
						<String ID="P17_ST00153" HPOS="708" VPOS="1067" WIDTH="172" HEIGHT="52" CONTENT="chaque" WC="1.00" CC="000000"/>
						<SP ID="P17_SP00141" HPOS="880" VPOS="1119" WIDTH="32"/>
						<String ID="P17_ST00154" HPOS="912" VPOS="1072" WIDTH="369" HEIGHT="48" CONTENT="représentation," WC="1.00" CC="000060040060063"/>
						<SP ID="P17_SP00142" HPOS="1281" VPOS="1120" WIDTH="25"/>
						<String ID="P17_ST00155" HPOS="1306" VPOS="1067" WIDTH="337" HEIGHT="55" CONTENT="d'importantes" WC="1.00" CC="0330000500300"/>
						<SP ID="P17_SP00143" HPOS="1643" VPOS="1122" WIDTH="30"/>
						<String ID="P17_ST00156" HPOS="1673" VPOS="1071" WIDTH="283" HEIGHT="40" CONTENT="indemnités." WC="1.00" CC="30000036003"/>
					</TextLine>
					<TextLine ID="P17_TL00015" HPOS="96" VPOS="1130" WIDTH="1983" HEIGHT="61">
						<String ID="P17_ST00157" HPOS="96" VPOS="1130" WIDTH="87" HEIGHT="41" CONTENT="Les" WC="0.98" CC="500"/>
						<SP ID="P17_SP00144" HPOS="183" VPOS="1171" WIDTH="23"/>
						<String ID="P17_ST00158" HPOS="206" VPOS="1131" WIDTH="164" HEIGHT="43" CONTENT="Trente" WC="0.99" CC="000630"/>
						<SP ID="P17_SP00145" HPOS="370" VPOS="1174" WIDTH="20"/>
						<String ID="P17_ST00159" HPOS="390" VPOS="1133" WIDTH="94" HEIGHT="41" CONTENT="Ans" WC="0.97" CC="060"/>
						<SP ID="P17_SP00146" HPOS="484" VPOS="1174" WIDTH="27"/>
						<String ID="P17_ST00160" HPOS="511" VPOS="1134" WIDTH="54" HEIGHT="40" CONTENT="de" WC="1.00" CC="00"/>
						<SP ID="P17_SP00147" HPOS="565" VPOS="1174" WIDTH="23"/>
						<String ID="P17_ST00161" HPOS="588" VPOS="1134" WIDTH="193" HEIGHT="42" CONTENT="Théâtre" WC="0.99" CC="0060140"/>
						<SP ID="P17_SP00148" HPOS="781" VPOS="1176" WIDTH="21"/>
						<String ID="P17_ST00162" HPOS="802" VPOS="1136" WIDTH="199" HEIGHT="40" CONTENT="donnent" WC="0.99" CC="0006075"/>
						<SP ID="P17_SP00149" HPOS="1001" VPOS="1176" WIDTH="31"/>
						<String ID="P17_ST00163" HPOS="1032" VPOS="1139" WIDTH="111" HEIGHT="38" CONTENT="ainsi" WC="0.99" CC="04011"/>
						<SP ID="P17_SP00150" HPOS="1143" VPOS="1177" WIDTH="33"/>
						<String ID="P17_ST00164" HPOS="1176" VPOS="1137" WIDTH="274" HEIGHT="41" CONTENT="satisfaction" WC="1.00" CC="005200000407"/>
						<SP ID="P17_SP00151" HPOS="1450" VPOS="1178" WIDTH="37"/>
						<String ID="P17_ST00165" HPOS="1487" VPOS="1143" WIDTH="20" HEIGHT="35" CONTENT="à" WC="0.72" CC="2"/>
						<SP ID="P17_SP00152" HPOS="1507" VPOS="1178" WIDTH="45"/>
						<String ID="P17_ST00166" HPOS="1552" VPOS="1152" WIDTH="105" HEIGHT="27" CONTENT="ceux" WC="0.99" CC="0060"/>
						<SP ID="P17_SP00153" HPOS="1657" VPOS="1179" WIDTH="24"/>
						<String ID="P17_ST00167" HPOS="1681" VPOS="1141" WIDTH="90" HEIGHT="50" CONTENT="qui," WC="0.99" CC="0003"/>
						<SP ID="P17_SP00154" HPOS="1771" VPOS="1191" WIDTH="47"/>
						<String ID="P17_ST00168" HPOS="1818" VPOS="1154" WIDTH="54" HEIGHT="26" CONTENT="au" WC="1.00" CC="00"/>
						<SP ID="P17_SP00155" HPOS="1872" VPOS="1191" WIDTH="21"/>
						<String ID="P17_ST00169" HPOS="1893" VPOS="1140" WIDTH="151" HEIGHT="40" CONTENT="Parle-" WC="0.99" CC="020003"/>
						<SP ID="P17_SP00156" HPOS="2044" VPOS="1191" WIDTH="21"/>
						<String ID="P17_ST00170" HPOS="2065" VPOS="1150" WIDTH="14" HEIGHT="29" CONTENT="/" WC="0.15" CC="8"/>
					</TextLine>
					<TextLine ID="P17_TL00016" HPOS="46" VPOS="1200" WIDTH="2000" HEIGHT="58">
						<String ID="P17_ST00171" HPOS="46" VPOS="1209" WIDTH="137" HEIGHT="39" CONTENT="ment," WC="0.99" CC="00604"/>
						<SP ID="P17_SP00157" HPOS="183" VPOS="1248" WIDTH="33"/>
						<String ID="P17_ST00172" HPOS="216" VPOS="1206" WIDTH="21" HEIGHT="35" CONTENT="à" WC="0.82" CC="1"/>
						<SP ID="P17_SP00158" HPOS="237" VPOS="1248" WIDTH="22"/>
						<String ID="P17_ST00173" HPOS="259" VPOS="1201" WIDTH="40" HEIGHT="40" CONTENT="la" WC="0.83" CC="30"/>
						<SP ID="P17_SP00159" HPOS="299" VPOS="1248" WIDTH="19"/>
						<String ID="P17_ST00174" HPOS="318" VPOS="1200" WIDTH="228" HEIGHT="42" CONTENT="Chambre" WC="1.00" CC="2000100"/>
						<SP ID="P17_SP00160" HPOS="546" VPOS="1248" WIDTH="17"/>
						<String ID="P17_ST00175" HPOS="563" VPOS="1216" WIDTH="174" HEIGHT="28" CONTENT="comme" WC="1.00" CC="00000"/>
						<SP ID="P17_SP00161" HPOS="737" VPOS="1248" WIDTH="24"/>
						<String ID="P17_ST00176" HPOS="761" VPOS="1218" WIDTH="53" HEIGHT="26" CONTENT="au" WC="0.69" CC="06"/>
						<SP ID="P17_SP00162" HPOS="814" VPOS="1248" WIDTH="39"/>
						<String ID="P17_ST00177" HPOS="853" VPOS="1203" WIDTH="153" HEIGHT="49" CONTENT="Sénat," WC="0.98" CC="004554"/>
						<SP ID="P17_SP00163" HPOS="1006" VPOS="1252" WIDTH="22"/>
						<String ID="P17_ST00178" HPOS="1028" VPOS="1213" WIDTH="75" HEIGHT="33" CONTENT="ont" WC="0.98" CC="004"/>
						<SP ID="P17_SP00164" HPOS="1103" VPOS="1252" WIDTH="20"/>
						<String ID="P17_ST00179" HPOS="1123" VPOS="1206" WIDTH="366" HEIGHT="51" CONTENT="judicieusement" WC="1.00" CC="06000006000005"/>
						<SP ID="P17_SP00165" HPOS="1489" VPOS="1257" WIDTH="25"/>
						<String ID="P17_ST00180" HPOS="1514" VPOS="1208" WIDTH="189" HEIGHT="39" CONTENT="réclamé" WC="0.99" CC="0554000"/>
						<SP ID="P17_SP00166" HPOS="1703" VPOS="1257" WIDTH="24"/>
						<String ID="P17_ST00181" HPOS="1727" VPOS="1221" WIDTH="86" HEIGHT="27" CONTENT="une" WC="0.95" CC="750"/>
						<SP ID="P17_SP00167" HPOS="1813" VPOS="1257" WIDTH="21"/>
						<String ID="P17_ST00182" HPOS="1834" VPOS="1222" WIDTH="182" HEIGHT="36" CONTENT="augmen" SUBS_TYPE="HypPart1" SUBS_CONTENT="augmentation" WC="0.99" CC="070004"/>
						<HYP HPOS="2016" VPOS="1222" WIDTH="30" CONTENT="-"/>
					</TextLine>
					<TextLine ID="P17_TL00017" HPOS="45" VPOS="1269" WIDTH="1609" HEIGHT="56">
						<String ID="P17_ST00183" HPOS="45" VPOS="1270" WIDTH="141" HEIGHT="38" CONTENT="tation" SUBS_TYPE="HypPart2" SUBS_CONTENT="augmentation" WC="0.98" CC="404603"/>
						<SP ID="P17_SP00168" HPOS="186" VPOS="1308" WIDTH="21"/>
						<String ID="P17_ST00184" HPOS="207" VPOS="1269" WIDTH="52" HEIGHT="40" CONTENT="de" WC="1.00" CC="00"/>
						<SP ID="P17_SP00169" HPOS="259" VPOS="1309" WIDTH="21"/>
						<String ID="P17_ST00185" HPOS="280" VPOS="1270" WIDTH="160" HEIGHT="40" CONTENT="salaire" WC="1.00" CC="0020000"/>
						<SP ID="P17_SP00170" HPOS="440" VPOS="1310" WIDTH="21"/>
						<String ID="P17_ST00186" HPOS="461" VPOS="1284" WIDTH="55" HEIGHT="27" CONTENT="en" WC="0.67" CC="06"/>
						<SP ID="P17_SP00171" HPOS="516" VPOS="1311" WIDTH="23"/>
						<String ID="P17_ST00187" HPOS="539" VPOS="1270" WIDTH="154" HEIGHT="42" CONTENT="faveur" WC="1.00" CC="000000"/>
						<SP ID="P17_SP00172" HPOS="693" VPOS="1312" WIDTH="19"/>
						<String ID="P17_ST00188" HPOS="712" VPOS="1272" WIDTH="77" HEIGHT="40" CONTENT="des" WC="1.00" CC="000"/>
						<SP ID="P17_SP00173" HPOS="789" VPOS="1312" WIDTH="26"/>
						<String ID="P17_ST00189" HPOS="815" VPOS="1275" WIDTH="131" HEIGHT="50" CONTENT="petits" WC="1.00" CC="000040"/>
						<SP ID="P17_SP00174" HPOS="946" VPOS="1325" WIDTH="24"/>
						<String ID="P17_ST00190" HPOS="970" VPOS="1274" WIDTH="263" HEIGHT="50" CONTENT="personnels" WC="0.99" CC="0060047030"/>
						<SP ID="P17_SP00175" HPOS="1233" VPOS="1325" WIDTH="24"/>
						<String ID="P17_ST00191" HPOS="1257" VPOS="1275" WIDTH="52" HEIGHT="38" CONTENT="de" WC="1.00" CC="00"/>
						<SP ID="P17_SP00176" HPOS="1309" VPOS="1325" WIDTH="24"/>
						<String ID="P17_ST00192" HPOS="1333" VPOS="1287" WIDTH="81" HEIGHT="27" CONTENT="nos" WC="0.98" CC="600"/>
						<SP ID="P17_SP00177" HPOS="1414" VPOS="1325" WIDTH="30"/>
						<String ID="P17_ST00193" HPOS="1444" VPOS="1274" WIDTH="210" HEIGHT="40" CONTENT="théâtres." WC="0.99" CC="540040003"/>
					</TextLine>
					<TextLine ID="P17_TL00018" HPOS="99" VPOS="1336" WIDTH="1947" HEIGHT="58">
						<String ID="P17_ST00194" HPOS="99" VPOS="1336" WIDTH="198" HEIGHT="42" CONTENT="L'année" WC="0.99" CC="0400600"/>
						<SP ID="P17_SP00178" HPOS="297" VPOS="1378" WIDTH="28"/>
						<String ID="P17_ST00195" HPOS="325" VPOS="1340" WIDTH="76" HEIGHT="50" CONTENT="qui" WC="0.97" CC="071"/>
						<SP ID="P17_SP00179" HPOS="401" VPOS="1390" WIDTH="41"/>
						<String ID="P17_ST00196" HPOS="442" VPOS="1352" WIDTH="46" HEIGHT="27" CONTENT="se" WC="1.00" CC="00"/>
						<SP ID="P17_SP00180" HPOS="488" VPOS="1390" WIDTH="39"/>
						<String ID="P17_ST00197" HPOS="527" VPOS="1341" WIDTH="187" HEIGHT="40" CONTENT="termine" WC="0.99" CC="2000360"/>
						<SP ID="P17_SP00181" HPOS="714" VPOS="1390" WIDTH="41"/>
						<String ID="P17_ST00198" HPOS="755" VPOS="1340" WIDTH="66" HEIGHT="41" CONTENT="n'a" WC="0.95" CC="840"/>
						<SP ID="P17_SP00182" HPOS="821" VPOS="1390" WIDTH="44"/>
						<String ID="P17_ST00199" HPOS="865" VPOS="1355" WIDTH="79" HEIGHT="38" CONTENT="pas" WC="1.00" CC="000"/>
						<SP ID="P17_SP00183" HPOS="944" VPOS="1393" WIDTH="32"/>
						<String ID="P17_ST00200" HPOS="976" VPOS="1345" WIDTH="68" HEIGHT="35" CONTENT="été" WC="0.96" CC="640"/>
						<SP ID="P17_SP00184" HPOS="1044" VPOS="1393" WIDTH="42"/>
						<String ID="P17_ST00201" HPOS="1086" VPOS="1343" WIDTH="145" HEIGHT="38" CONTENT="moins" WC="0.99" CC="00070"/>
						<SP ID="P17_SP00185" HPOS="1231" VPOS="1393" WIDTH="22"/>
						<String ID="P17_ST00202" HPOS="1253" VPOS="1341" WIDTH="185" HEIGHT="41" CONTENT="féconde" WC="1.00" CC="0000000"/>
						<SP ID="P17_SP00186" HPOS="1438" VPOS="1393" WIDTH="23"/>
						<String ID="P17_ST00203" HPOS="1461" VPOS="1355" WIDTH="86" HEIGHT="38" CONTENT="que" WC="0.97" CC="070"/>
						<SP ID="P17_SP00187" HPOS="1547" VPOS="1393" WIDTH="23"/>
						<String ID="P17_ST00204" HPOS="1570" VPOS="1343" WIDTH="62" HEIGHT="39" CONTENT="les" WC="1.00" CC="000"/>
						<SP ID="P17_SP00188" HPOS="1632" VPOS="1393" WIDTH="18"/>
						<String ID="P17_ST00205" HPOS="1650" VPOS="1343" WIDTH="299" HEIGHT="51" CONTENT="précédentes." WC="1.00" CC="000000053007"/>
						<SP ID="P17_SP00189" HPOS="1949" VPOS="1394" WIDTH="26"/>
						<String ID="P17_ST00206" HPOS="1975" VPOS="1343" WIDTH="71" HEIGHT="42" CONTENT="On" WC="0.72" CC="05"/>
					</TextLine>
					<TextLine ID="P17_TL00019" HPOS="44" VPOS="1408" WIDTH="1997" HEIGHT="54">
						<String ID="P17_ST00207" HPOS="44" VPOS="1408" WIDTH="211" HEIGHT="38" CONTENT="continue" WC="0.99" CC="04003520"/>
						<SP ID="P17_SP00190" HPOS="255" VPOS="1446" WIDTH="18"/>
						<String ID="P17_ST00208" HPOS="273" VPOS="1411" WIDTH="20" HEIGHT="35" CONTENT="à" WC="0.56" CC="4"/>
						<SP ID="P17_SP00191" HPOS="293" VPOS="1446" WIDTH="22"/>
						<String ID="P17_ST00209" HPOS="315" VPOS="1408" WIDTH="250" HEIGHT="51" CONTENT="applaudir," WC="1.00" CC="0002000004"/>
						<SP ID="P17_SP00192" HPOS="565" VPOS="1459" WIDTH="25"/>
						<String ID="P17_ST00210" HPOS="590" VPOS="1409" WIDTH="115" HEIGHT="40" CONTENT="dans" WC="0.99" CC="0070"/>
						<SP ID="P17_SP00193" HPOS="705" VPOS="1459" WIDTH="22"/>
						<String ID="P17_ST00211" HPOS="727" VPOS="1423" WIDTH="82" HEIGHT="26" CONTENT="nos" WC="0.98" CC="400"/>
						<SP ID="P17_SP00194" HPOS="809" VPOS="1459" WIDTH="26"/>
						<String ID="P17_ST00212" HPOS="835" VPOS="1409" WIDTH="259" HEIGHT="50" CONTENT="faubourgs," WC="0.99" CC="3050070602"/>
						<SP ID="P17_SP00195" HPOS="1094" VPOS="1459" WIDTH="21"/>
						<String ID="P17_ST00213" HPOS="1115" VPOS="1408" WIDTH="239" HEIGHT="42" CONTENT="Corneille," WC="1.00" CC="2003030203"/>
						<SP ID="P17_SP00196" HPOS="1354" VPOS="1459" WIDTH="26"/>
						<String ID="P17_ST00214" HPOS="1380" VPOS="1409" WIDTH="201" HEIGHT="49" CONTENT="Molière," WC="0.99" CC="91136003"/>
						<SP ID="P17_SP00197" HPOS="1581" VPOS="1459" WIDTH="25"/>
						<String ID="P17_ST00215" HPOS="1606" VPOS="1410" WIDTH="182" HEIGHT="49" CONTENT="Racine," WC="0.99" CC="2000402"/>
						<SP ID="P17_SP00198" HPOS="1788" VPOS="1459" WIDTH="27"/>
						<String ID="P17_ST00216" HPOS="1815" VPOS="1411" WIDTH="226" HEIGHT="51" CONTENT="Regnard," WC="0.81" CC="20080004"/>
					</TextLine>
					<TextLine ID="P17_TL00020" HPOS="47" VPOS="1472" WIDTH="1998" HEIGHT="57">
						<String ID="P17_ST00217" HPOS="47" VPOS="1472" WIDTH="74" HEIGHT="42" CONTENT="Ma" WC="0.84" CC="30"/>
						<SP ID="P17_SP00199" HPOS="121" VPOS="1514" WIDTH="9"/>
						<String ID="P17_ST00218" HPOS="130" VPOS="1476" WIDTH="169" HEIGHT="46" CONTENT="rivaux," WC="0.99" CC="0300302"/>
						<SP ID="P17_SP00200" HPOS="299" VPOS="1522" WIDTH="38"/>
						<String ID="P17_ST00219" HPOS="337" VPOS="1475" WIDTH="366" HEIGHT="50" CONTENT="Beaumarchais," WC="1.00" CC="0000900060003"/>
						<SP ID="P17_SP00201" HPOS="703" VPOS="1525" WIDTH="44"/>
						<String ID="P17_ST00220" HPOS="747" VPOS="1486" WIDTH="41" HEIGHT="30" CONTENT="et" WC="0.67" CC="06"/>
						<SP ID="P17_SP00202" HPOS="788" VPOS="1525" WIDTH="38"/>
						<String ID="P17_ST00221" HPOS="826" VPOS="1477" WIDTH="71" HEIGHT="52" CONTENT="j'ai" WC="0.98" CC="0234"/>
						<SP ID="P17_SP00203" HPOS="897" VPOS="1529" WIDTH="37"/>
						<String ID="P17_ST00222" HPOS="934" VPOS="1491" WIDTH="56" HEIGHT="26" CONTENT="vu" WC="1.00" CC="00"/>
						<SP ID="P17_SP00204" HPOS="990" VPOS="1529" WIDTH="27"/>
						<String ID="P17_ST00223" HPOS="1017" VPOS="1478" WIDTH="273" HEIGHT="46" CONTENT="moi-même," WC="0.99" CC="001405003"/>
						<SP ID="P17_SP00205" HPOS="1290" VPOS="1529" WIDTH="23"/>
						<String ID="P17_ST00224" HPOS="1313" VPOS="1492" WIDTH="60" HEIGHT="26" CONTENT="un" WC="0.89" CC="02"/>
						<SP ID="P17_SP00206" HPOS="1373" VPOS="1529" WIDTH="33"/>
						<String ID="P17_ST00225" HPOS="1406" VPOS="1481" WIDTH="106" HEIGHT="48" CONTENT="soir," WC="0.99" CC="00004"/>
						<SP ID="P17_SP00207" HPOS="1512" VPOS="1529" WIDTH="21"/>
						<String ID="P17_ST00226" HPOS="1533" VPOS="1493" WIDTH="55" HEIGHT="26" CONTENT="au" WC="0.67" CC="06"/>
						<SP ID="P17_SP00208" HPOS="1588" VPOS="1529" WIDTH="22"/>
						<String ID="P17_ST00227" HPOS="1610" VPOS="1478" WIDTH="192" HEIGHT="42" CONTENT="Théâtre" WC="0.99" CC="0060400"/>
						<SP ID="P17_SP00209" HPOS="1802" VPOS="1529" WIDTH="23"/>
						<String ID="P17_ST00228" HPOS="1825" VPOS="1480" WIDTH="54" HEIGHT="40" CONTENT="de" WC="1.00" CC="00"/>
						<SP ID="P17_SP00210" HPOS="1879" VPOS="1529" WIDTH="23"/>
						<String ID="P17_ST00229" HPOS="1902" VPOS="1475" WIDTH="120" HEIGHT="46" CONTENT="Belle" SUBS_TYPE="HypPart1" SUBS_CONTENT="Belleville," WC="0.98" CC="70554"/>
						<HYP HPOS="2022" VPOS="1475" WIDTH="23" CONTENT="-"/>
					</TextLine>
					<TextLine ID="P17_TL00021" HPOS="43" VPOS="1540" WIDTH="2001" HEIGHT="59">
						<String ID="P17_ST00230" HPOS="43" VPOS="1542" WIDTH="120" HEIGHT="47" CONTENT="ville," SUBS_TYPE="HypPart2" SUBS_CONTENT="Belleville," WC="0.99" CC="000404"/>
						<SP ID="P17_SP00211" HPOS="163" VPOS="1589" WIDTH="28"/>
						<String ID="P17_ST00231" HPOS="191" VPOS="1556" WIDTH="86" HEIGHT="38" CONTENT="que" WC="1.00" CC="000"/>
						<SP ID="P17_SP00212" HPOS="277" VPOS="1594" WIDTH="22"/>
						<String ID="P17_ST00232" HPOS="299" VPOS="1552" WIDTH="127" HEIGHT="31" CONTENT="notre" WC="0.98" CC="54400"/>
						<SP ID="P17_SP00213" HPOS="426" VPOS="1594" WIDTH="28"/>
						<String ID="P17_ST00233" HPOS="454" VPOS="1544" WIDTH="143" HEIGHT="50" CONTENT="grand" WC="1.00" CC="00030"/>
						<SP ID="P17_SP00214" HPOS="597" VPOS="1594" WIDTH="35"/>
						<String ID="P17_ST00234" HPOS="632" VPOS="1543" WIDTH="240" HEIGHT="51" CONTENT="Corneille," WC="1.00" CC="1000002404"/>
						<SP ID="P17_SP00215" HPOS="872" VPOS="1594" WIDTH="42"/>
						<String ID="P17_ST00235" HPOS="914" VPOS="1550" WIDTH="253" HEIGHT="46" CONTENT="représenté" WC="1.00" CC="2000000050"/>
						<SP ID="P17_SP00216" HPOS="1167" VPOS="1596" WIDTH="24"/>
						<String ID="P17_ST00236" HPOS="1191" VPOS="1559" WIDTH="79" HEIGHT="38" CONTENT="par" WC="1.00" CC="000"/>
						<SP ID="P17_SP00217" HPOS="1270" VPOS="1597" WIDTH="21"/>
						<String ID="P17_ST00237" HPOS="1291" VPOS="1540" WIDTH="176" HEIGHT="46" CONTENT="Horace" WC="0.97" CC="650566" STYLEREFS="TXT_3"/>
						<String ID="P17_ST00238" HPOS="1471" VPOS="1577" WIDTH="11" HEIGHT="19" CONTENT="," WC="1.00" CC="9"/>
						<SP ID="P17_SP00218" HPOS="1482" VPOS="1597" WIDTH="22"/>
						<String ID="P17_ST00239" HPOS="1504" VPOS="1561" WIDTH="26" HEIGHT="37" CONTENT="y" WC="1.00" CC="0"/>
						<SP ID="P17_SP00219" HPOS="1530" VPOS="1598" WIDTH="17"/>
						<String ID="P17_ST00240" HPOS="1547" VPOS="1555" WIDTH="65" HEIGHT="32" CONTENT="est" WC="1.00" CC="000"/>
						<SP ID="P17_SP00220" HPOS="1612" VPOS="1598" WIDTH="23"/>
						<String ID="P17_ST00241" HPOS="1635" VPOS="1548" WIDTH="409" HEIGHT="51" CONTENT="particulièrement" WC="1.00" CC="0005105307002003"/>
					</TextLine>
					<TextLine ID="P17_TL00022" HPOS="46" VPOS="1611" WIDTH="214" HEIGHT="40">
						<String ID="P17_ST00242" HPOS="46" VPOS="1611" WIDTH="214" HEIGHT="40" CONTENT="acclamé." WC="0.99" CC="03035063"/>
					</TextLine>
					<TextLine ID="P17_TL00023" HPOS="101" VPOS="1678" WIDTH="1991" HEIGHT="56">
						<String ID="P17_ST00243" HPOS="101" VPOS="1678" WIDTH="30" HEIGHT="39" CONTENT="Il" WC="0.81" CC="30"/>
						<SP ID="P17_SP00221" HPOS="131" VPOS="1717" WIDTH="26"/>
						<String ID="P17_ST00244" HPOS="157" VPOS="1692" WIDTH="95" HEIGHT="27" CONTENT="sera" WC="1.00" CC="0000"/>
						<SP ID="P17_SP00222" HPOS="252" VPOS="1719" WIDTH="25"/>
						<String ID="P17_ST00245" HPOS="277" VPOS="1688" WIDTH="213" HEIGHT="42" CONTENT="pourtant" WC="0.99" CC="00325054"/>
						<SP ID="P17_SP00223" HPOS="490" VPOS="1730" WIDTH="37"/>
						<String ID="P17_ST00246" HPOS="527" VPOS="1679" WIDTH="100" HEIGHT="40" CONTENT="bien" WC="1.00" CC="0000"/>
						<SP ID="P17_SP00224" HPOS="627" VPOS="1730" WIDTH="24"/>
						<String ID="P17_ST00247" HPOS="651" VPOS="1682" WIDTH="164" HEIGHT="49" CONTENT="permis" WC="0.99" CC="044020"/>
						<SP ID="P17_SP00225" HPOS="815" VPOS="1731" WIDTH="26"/>
						<String ID="P17_ST00248" HPOS="841" VPOS="1696" WIDTH="82" HEIGHT="25" CONTENT="aux" WC="0.97" CC="070"/>
						<SP ID="P17_SP00226" HPOS="923" VPOS="1731" WIDTH="37"/>
						<String ID="P17_ST00249" HPOS="960" VPOS="1682" WIDTH="294" HEIGHT="40" CONTENT="admirateurs" WC="1.00" CC="00100060570"/>
						<SP ID="P17_SP00227" HPOS="1254" VPOS="1731" WIDTH="25"/>
						<String ID="P17_ST00250" HPOS="1279" VPOS="1683" WIDTH="52" HEIGHT="39" CONTENT="de" WC="1.00" CC="00"/>
						<SP ID="P17_SP00228" HPOS="1331" VPOS="1731" WIDTH="24"/>
						<String ID="P17_ST00251" HPOS="1355" VPOS="1682" WIDTH="150" HEIGHT="41" CONTENT="Victor" WC="1.00" CC="030000"/>
						<SP ID="P17_SP00229" HPOS="1505" VPOS="1731" WIDTH="29"/>
						<String ID="P17_ST00252" HPOS="1534" VPOS="1682" WIDTH="131" HEIGHT="52" CONTENT="Hugo" WC="0.99" CC="5000"/>
						<SP ID="P17_SP00230" HPOS="1665" VPOS="1734" WIDTH="19"/>
						<String ID="P17_ST00253" HPOS="1684" VPOS="1684" WIDTH="53" HEIGHT="40" CONTENT="de" WC="1.00" CC="00"/>
						<SP ID="P17_SP00231" HPOS="1737" VPOS="1734" WIDTH="19"/>
						<String ID="P17_ST00254" HPOS="1756" VPOS="1685" WIDTH="244" HEIGHT="41" CONTENT="demander" WC="1.00" CC="00006000"/>
						<SP ID="P17_SP00232" HPOS="2000" VPOS="1734" WIDTH="20"/>
						<String ID="P17_ST00255" HPOS="2020" VPOS="1690" WIDTH="72" HEIGHT="35" CONTENT="h\C" WC="0.13" CC="879"/>
					</TextLine>
					<TextLine ID="P17_TL00024" HPOS="46" VPOS="1745" WIDTH="1996" HEIGHT="60">
						<String ID="P17_ST00256" HPOS="46" VPOS="1747" WIDTH="39" HEIGHT="38" CONTENT="la" WC="0.72" CC="50"/>
						<SP ID="P17_SP00233" HPOS="85" VPOS="1785" WIDTH="26"/>
						<String ID="P17_ST00257" HPOS="111" VPOS="1745" WIDTH="493" HEIGHT="53" CONTENT="Comédie-Française," WC="1.00" CC="000003044090023004"/>
						<SP ID="P17_SP00234" HPOS="604" VPOS="1798" WIDTH="27"/>
						<String ID="P17_ST00258" HPOS="631" VPOS="1750" WIDTH="75" HEIGHT="50" CONTENT="qui" WC="0.96" CC="064"/>
						<SP ID="P17_SP00235" HPOS="706" VPOS="1800" WIDTH="23"/>
						<String ID="P17_ST00259" HPOS="729" VPOS="1763" WIDTH="20" HEIGHT="25" CONTENT="a" WC="1.00" CC="0"/>
						<SP ID="P17_SP00236" HPOS="749" VPOS="1800" WIDTH="25"/>
						<String ID="P17_ST00260" HPOS="774" VPOS="1750" WIDTH="294" HEIGHT="49" CONTENT="grandement" WC="1.00" CC="0004000036"/>
						<SP ID="P17_SP00237" HPOS="1068" VPOS="1800" WIDTH="23"/>
						<String ID="P17_ST00261" HPOS="1091" VPOS="1750" WIDTH="233" HEIGHT="40" CONTENT="contribué" WC="0.99" CC="007110050"/>
						<SP ID="P17_SP00238" HPOS="1324" VPOS="1800" WIDTH="33"/>
						<String ID="P17_ST00262" HPOS="1357" VPOS="1755" WIDTH="21" HEIGHT="35" CONTENT="à" WC="0.96" CC="0"/>
						<SP ID="P17_SP00239" HPOS="1378" VPOS="1800" WIDTH="42"/>
						<String ID="P17_ST00263" HPOS="1420" VPOS="1749" WIDTH="142" HEIGHT="42" CONTENT="l'éclat" WC="1.00" CC="0400200"/>
						<SP ID="P17_SP00240" HPOS="1562" VPOS="1800" WIDTH="21"/>
						<String ID="P17_ST00264" HPOS="1583" VPOS="1752" WIDTH="52" HEIGHT="39" CONTENT="de" WC="1.00" CC="00"/>
						<SP ID="P17_SP00241" HPOS="1635" VPOS="1800" WIDTH="27"/>
						<String ID="P17_ST00265" HPOS="1662" VPOS="1766" WIDTH="69" HEIGHT="27" CONTENT="ces" WC="1.00" CC="000"/>
						<SP ID="P17_SP00242" HPOS="1731" VPOS="1800" WIDTH="25"/>
						<String ID="P17_ST00266" HPOS="1756" VPOS="1754" WIDTH="240" HEIGHT="51" CONTENT="spectacles" WC="0.99" CC="3400450403"/>
						<SP ID="P17_SP00243" HPOS="1996" VPOS="1805" WIDTH="25"/>
						<String ID="P17_ST00267" HPOS="2021" VPOS="1759" WIDTH="21" HEIGHT="34" CONTENT="à" WC="0.81" CC="1"/>
					</TextLine>
					<TextLine ID="P17_TL00025" HPOS="42" VPOS="1814" WIDTH="2050" HEIGHT="58">
						<String ID="P17_ST00268" HPOS="42" VPOS="1822" WIDTH="172" HEIGHT="33" CONTENT="travers" WC="1.00" CC="0000000"/>
						<SP ID="P17_SP00244" HPOS="214" VPOS="1855" WIDTH="24"/>
						<String ID="P17_ST00269" HPOS="238" VPOS="1828" WIDTH="83" HEIGHT="27" CONTENT="nos" WC="0.98" CC="500"/>
						<SP ID="P17_SP00245" HPOS="321" VPOS="1855" WIDTH="20"/>
						<String ID="P17_ST00270" HPOS="341" VPOS="1814" WIDTH="266" HEIGHT="52" CONTENT="faubourgs," WC="0.99" CC="5050060001"/>
						<SP ID="P17_SP00246" HPOS="607" VPOS="1866" WIDTH="23"/>
						<String ID="P17_ST00271" HPOS="630" VPOS="1816" WIDTH="65" HEIGHT="40" CONTENT="s'il" WC="1.00" CC="0002"/>
						<SP ID="P17_SP00247" HPOS="695" VPOS="1866" WIDTH="19"/>
						<String ID="P17_ST00272" HPOS="714" VPOS="1830" WIDTH="55" HEIGHT="27" CONTENT="ne" WC="0.65" CC="70"/>
						<SP ID="P17_SP00248" HPOS="769" VPOS="1866" WIDTH="23"/>
						<String ID="P17_ST00273" HPOS="792" VPOS="1819" WIDTH="133" HEIGHT="38" CONTENT="serait" WC="0.99" CC="009005"/>
						<SP ID="P17_SP00249" HPOS="925" VPOS="1866" WIDTH="17"/>
						<String ID="P17_ST00274" HPOS="942" VPOS="1831" WIDTH="79" HEIGHT="39" CONTENT="pas" WC="1.00" CC="000"/>
						<SP ID="P17_SP00250" HPOS="1021" VPOS="1870" WIDTH="16"/>
						<String ID="P17_ST00275" HPOS="1037" VPOS="1818" WIDTH="196" HEIGHT="52" CONTENT="possible" WC="1.00" CC="40002000"/>
						<SP ID="P17_SP00251" HPOS="1233" VPOS="1870" WIDTH="23"/>
						<String ID="P17_ST00276" HPOS="1256" VPOS="1819" WIDTH="54" HEIGHT="39" CONTENT="de" WC="1.00" CC="00"/>
						<SP ID="P17_SP00252" HPOS="1310" VPOS="1870" WIDTH="19"/>
						<String ID="P17_ST00277" HPOS="1329" VPOS="1820" WIDTH="254" HEIGHT="40" CONTENT="considérer" WC="0.99" CC="0500300920"/>
						<SP ID="P17_SP00253" HPOS="1583" VPOS="1870" WIDTH="17"/>
						<String ID="P17_ST00278" HPOS="1600" VPOS="1821" WIDTH="39" HEIGHT="39" CONTENT="le" WC="1.00" CC="00"/>
						<SP ID="P17_SP00254" HPOS="1639" VPOS="1870" WIDTH="19"/>
						<String ID="P17_ST00279" HPOS="1658" VPOS="1827" WIDTH="127" HEIGHT="45" CONTENT="poète" WC="0.99" CC="00700"/>
						<SP ID="P17_SP00255" HPOS="1785" VPOS="1872" WIDTH="16"/>
						<String ID="P17_ST00280" HPOS="1801" VPOS="1822" WIDTH="26" HEIGHT="39" CONTENT="d" WC="1.00" CC="0"/>
						<String ID="P17_ST00281" HPOS="1834" VPOS="1822" WIDTH="209" HEIGHT="40" CONTENT="'Hernani" WC="0.55" CC="32344564" STYLEREFS="TXT_3"/>
						<SP ID="P17_SP00256" HPOS="2043" VPOS="1872" WIDTH="19"/>
						<String ID="P17_ST00282" HPOS="2062" VPOS="1831" WIDTH="30" HEIGHT="41" CONTENT="y;" WC="0.57" CC="25" STYLEREFS="TXT_3"/>
					</TextLine>
					<TextLine ID="P17_TL00026" HPOS="42" VPOS="1882" WIDTH="2025" HEIGHT="59">
						<String ID="P17_ST00283" HPOS="42" VPOS="1891" WIDTH="41" HEIGHT="32" CONTENT="et" WC="0.76" CC="04"/>
						<SP ID="P17_SP00257" HPOS="83" VPOS="1923" WIDTH="22"/>
						<String ID="P17_ST00284" HPOS="105" VPOS="1884" WIDTH="53" HEIGHT="38" CONTENT="de" WC="1.00" CC="00"/>
						<SP ID="P17_SP00258" HPOS="158" VPOS="1923" WIDTH="23"/>
						<String ID="P17_ST00285" HPOS="181" VPOS="1882" WIDTH="92" HEIGHT="53" CONTENT="Rny" WC="0.56" CC="085" STYLEREFS="TXT_3"/>
						<SP ID="P17_SP00259" HPOS="273" VPOS="1935" WIDTH="26"/>
						<String ID="P17_ST00286" HPOS="299" VPOS="1883" WIDTH="106" HEIGHT="40" CONTENT="Blas" WC="0.84" CC="0060" STYLEREFS="TXT_3"/>
						<SP ID="P17_SP00260" HPOS="405" VPOS="1935" WIDTH="37"/>
						<String ID="P17_ST00287" HPOS="442" VPOS="1898" WIDTH="171" HEIGHT="26" CONTENT="comme" WC="1.00" CC="02000"/>
						<SP ID="P17_SP00261" HPOS="613" VPOS="1935" WIDTH="43"/>
						<String ID="P17_ST00288" HPOS="656" VPOS="1900" WIDTH="60" HEIGHT="25" CONTENT="un" WC="0.41" CC="65"/>
						<SP ID="P17_SP00262" HPOS="716" VPOS="1935" WIDTH="31"/>
						<String ID="P17_ST00289" HPOS="747" VPOS="1888" WIDTH="93" HEIGHT="37" CONTENT="vrai" WC="1.00" CC="0000"/>
						<SP ID="P17_SP00263" HPOS="840" VPOS="1935" WIDTH="31"/>
						<String ID="P17_ST00290" HPOS="871" VPOS="1886" WIDTH="222" HEIGHT="52" CONTENT="classique" WC="1.00" CC="040000060"/>
						<SP ID="P17_SP00264" HPOS="1093" VPOS="1938" WIDTH="22"/>
						<String ID="P17_ST00291" HPOS="1115" VPOS="1895" WIDTH="40" HEIGHT="31" CONTENT="et" WC="0.69" CC="05"/>
						<SP ID="P17_SP00265" HPOS="1155" VPOS="1938" WIDTH="25"/>
						<String ID="P17_ST00292" HPOS="1180" VPOS="1888" WIDTH="34" HEIGHT="38" CONTENT="si" WC="1.00" CC="00"/>
						<SP ID="P17_SP00266" HPOS="1214" VPOS="1938" WIDTH="25"/>
						<String ID="P17_ST00293" HPOS="1239" VPOS="1888" WIDTH="62" HEIGHT="39" CONTENT="les" WC="0.98" CC="400"/>
						<SP ID="P17_SP00267" HPOS="1301" VPOS="1938" WIDTH="21"/>
						<String ID="P17_ST00294" HPOS="1322" VPOS="1896" WIDTH="272" HEIGHT="43" CONTENT="spectateurs" WC="1.00" CC="00000640000"/>
						<SP ID="P17_SP00268" HPOS="1594" VPOS="1939" WIDTH="23"/>
						<String ID="P17_ST00295" HPOS="1617" VPOS="1889" WIDTH="53" HEIGHT="39" CONTENT="de" WC="0.96" CC="00"/>
						<SP ID="P17_SP00269" HPOS="1670" VPOS="1939" WIDTH="16"/>
						<String ID="P17_ST00296" HPOS="1686" VPOS="1902" WIDTH="85" HEIGHT="27" CONTENT="nos" WC="0.95" CC="670"/>
						<SP ID="P17_SP00270" HPOS="1771" VPOS="1939" WIDTH="21"/>
						<String ID="P17_ST00297" HPOS="1792" VPOS="1888" WIDTH="249" HEIGHT="53" CONTENT="faubourgs" WC="1.00" CC="001003000"/>
						<SP ID="P17_SP00271" HPOS="2041" VPOS="1941" WIDTH="22"/>
						<String ID="P17_ST00298" HPOS="2063" VPOS="1882" WIDTH="4" HEIGHT="59" CONTENT="•" WC="0.24" CC="7"/>
					</TextLine>
					<TextLine ID="P17_TL00027" HPOS="41" VPOS="1953" WIDTH="2000" HEIGHT="55">
						<String ID="P17_ST00299" HPOS="41" VPOS="1964" WIDTH="55" HEIGHT="26" CONTENT="ne" WC="0.64" CC="70"/>
						<SP ID="P17_SP00272" HPOS="96" VPOS="1990" WIDTH="24"/>
						<String ID="P17_ST00300" HPOS="120" VPOS="1954" WIDTH="258" HEIGHT="49" CONTENT="pourraient" WC="1.00" CC="0060000060"/>
						<SP ID="P17_SP00273" HPOS="378" VPOS="2003" WIDTH="20"/>
						<String ID="P17_ST00301" HPOS="398" VPOS="1966" WIDTH="93" HEIGHT="38" CONTENT="pas," WC="0.98" CC="0007"/>
						<SP ID="P17_SP00274" HPOS="491" VPOS="2004" WIDTH="25"/>
						<String ID="P17_ST00302" HPOS="516" VPOS="1953" WIDTH="54" HEIGHT="39" CONTENT="de" WC="1.00" CC="00"/>
						<SP ID="P17_SP00275" HPOS="570" VPOS="2004" WIDTH="20"/>
						<String ID="P17_ST00303" HPOS="590" VPOS="1961" WIDTH="144" HEIGHT="44" CONTENT="temps" WC="1.00" CC="00000"/>
						<SP ID="P17_SP00276" HPOS="734" VPOS="2005" WIDTH="22"/>
						<String ID="P17_ST00304" HPOS="756" VPOS="1957" WIDTH="20" HEIGHT="35" CONTENT="à" WC="0.92" CC="0"/>
						<SP ID="P17_SP00277" HPOS="776" VPOS="2005" WIDTH="22"/>
						<String ID="P17_ST00305" HPOS="798" VPOS="1963" WIDTH="138" HEIGHT="41" CONTENT="autre," WC="0.99" CC="061003"/>
						<SP ID="P17_SP00278" HPOS="936" VPOS="2005" WIDTH="24"/>
						<String ID="P17_ST00306" HPOS="960" VPOS="1955" WIDTH="237" HEIGHT="51" CONTENT="applaudir" WC="0.99" CC="500320040"/>
						<SP ID="P17_SP00279" HPOS="1197" VPOS="2006" WIDTH="23"/>
						<String ID="P17_ST00307" HPOS="1220" VPOS="1956" WIDTH="76" HEIGHT="39" CONTENT="des" WC="1.00" CC="000"/>
						<SP ID="P17_SP00280" HPOS="1296" VPOS="2006" WIDTH="24"/>
						<String ID="P17_ST00308" HPOS="1320" VPOS="1961" WIDTH="153" HEIGHT="35" CONTENT="scènes" WC="1.00" CC="000500"/>
						<SP ID="P17_SP00281" HPOS="1473" VPOS="2006" WIDTH="23"/>
						<String ID="P17_ST00309" HPOS="1496" VPOS="1965" WIDTH="40" HEIGHT="31" CONTENT="et" WC="0.65" CC="07"/>
						<SP ID="P17_SP00282" HPOS="1536" VPOS="2006" WIDTH="23"/>
						<String ID="P17_ST00310" HPOS="1559" VPOS="1957" WIDTH="77" HEIGHT="40" CONTENT="des" WC="1.00" CC="000"/>
						<SP ID="P17_SP00283" HPOS="1636" VPOS="2006" WIDTH="24"/>
						<String ID="P17_ST00311" HPOS="1660" VPOS="1966" WIDTH="132" HEIGHT="42" CONTENT="actes," WC="0.99" CC="005004"/>
						<SP ID="P17_SP00284" HPOS="1792" VPOS="2008" WIDTH="25"/>
						<String ID="P17_ST00312" HPOS="1817" VPOS="1960" WIDTH="123" HEIGHT="39" CONTENT="voire" WC="1.00" CC="00000"/>
						<SP ID="P17_SP00285" HPOS="1940" VPOS="2008" WIDTH="24"/>
						<String ID="P17_ST00313" HPOS="1964" VPOS="1960" WIDTH="77" HEIGHT="39" CONTENT="des" WC="1.00" CC="000"/>
					</TextLine>
					<TextLine ID="P17_TL00028" HPOS="42" VPOS="2020" WIDTH="1857" HEIGHT="55">
						<String ID="P17_ST00314" HPOS="42" VPOS="2032" WIDTH="177" HEIGHT="27" CONTENT="œuvres" WC="1.00" CC="050000"/>
						<SP ID="P17_SP00286" HPOS="219" VPOS="2059" WIDTH="23"/>
						<String ID="P17_ST00315" HPOS="242" VPOS="2020" WIDTH="244" HEIGHT="50" CONTENT="intégrales" WC="0.99" CC="4726006320"/>
						<SP ID="P17_SP00287" HPOS="486" VPOS="2070" WIDTH="20"/>
						<String ID="P17_ST00316" HPOS="506" VPOS="2020" WIDTH="54" HEIGHT="40" CONTENT="de" WC="1.00" CC="00"/>
						<SP ID="P17_SP00288" HPOS="560" VPOS="2070" WIDTH="23"/>
						<String ID="P17_ST00317" HPOS="583" VPOS="2020" WIDTH="153" HEIGHT="41" CONTENT="Victor" WC="0.99" CC="510000"/>
						<SP ID="P17_SP00289" HPOS="736" VPOS="2070" WIDTH="21"/>
						<String ID="P17_ST00318" HPOS="757" VPOS="2020" WIDTH="148" HEIGHT="51" CONTENT="Hugo," WC="0.98" CC="56004"/>
						<SP ID="P17_SP00290" HPOS="905" VPOS="2071" WIDTH="26"/>
						<String ID="P17_ST00319" HPOS="931" VPOS="2023" WIDTH="149" HEIGHT="51" CONTENT="jouées" WC="1.00" CC="000000"/>
						<SP ID="P17_SP00291" HPOS="1080" VPOS="2074" WIDTH="33"/>
						<String ID="P17_ST00320" HPOS="1113" VPOS="2037" WIDTH="79" HEIGHT="37" CONTENT="par" WC="1.00" CC="000"/>
						<SP ID="P17_SP00292" HPOS="1192" VPOS="2074" WIDTH="24"/>
						<String ID="P17_ST00321" HPOS="1216" VPOS="2023" WIDTH="62" HEIGHT="40" CONTENT="les" WC="0.98" CC="400"/>
						<SP ID="P17_SP00293" HPOS="1278" VPOS="2074" WIDTH="23"/>
						<String ID="P17_ST00322" HPOS="1301" VPOS="2025" WIDTH="215" HEIGHT="50" CONTENT="premiers" WC="1.00" CC="00001000"/>
						<SP ID="P17_SP00294" HPOS="1516" VPOS="2075" WIDTH="20"/>
						<String ID="P17_ST00323" HPOS="1536" VPOS="2025" WIDTH="53" HEIGHT="38" CONTENT="de" WC="0.80" CC="03"/>
						<SP ID="P17_SP00295" HPOS="1589" VPOS="2075" WIDTH="22"/>
						<String ID="P17_ST00324" HPOS="1611" VPOS="2038" WIDTH="82" HEIGHT="27" CONTENT="nos" WC="0.96" CC="620"/>
						<SP ID="P17_SP00296" HPOS="1693" VPOS="2075" WIDTH="16"/>
						<String ID="P17_ST00325" HPOS="1709" VPOS="2027" WIDTH="190" HEIGHT="38" CONTENT="artistes." WC="1.00" CC="050001004"/>
					</TextLine>
					<TextLine ID="P17_TL00029" HPOS="97" VPOS="2086" WIDTH="1942" HEIGHT="59">
						<String ID="P17_ST00326" HPOS="97" VPOS="2086" WIDTH="48" HEIGHT="54" CONTENT="Je" WC="0.84" CC="30"/>
						<SP ID="P17_SP00297" HPOS="145" VPOS="2140" WIDTH="24"/>
						<String ID="P17_ST00327" HPOS="169" VPOS="2089" WIDTH="92" HEIGHT="39" CONTENT="suis" WC="0.99" CC="0040"/>
						<SP ID="P17_SP00298" HPOS="261" VPOS="2140" WIDTH="25"/>
						<String ID="P17_ST00328" HPOS="286" VPOS="2087" WIDTH="102" HEIGHT="41" CONTENT="bien" WC="0.98" CC="0306"/>
						<SP ID="P17_SP00299" HPOS="388" VPOS="2140" WIDTH="23"/>
						<String ID="P17_ST00329" HPOS="411" VPOS="2090" WIDTH="165" HEIGHT="38" CONTENT="certain" WC="0.99" CC="0006023"/>
						<SP ID="P17_SP00300" HPOS="576" VPOS="2140" WIDTH="25"/>
						<String ID="P17_ST00330" HPOS="601" VPOS="2102" WIDTH="84" HEIGHT="38" CONTENT="que" WC="0.97" CC="070"/>
						<SP ID="P17_SP00301" HPOS="685" VPOS="2140" WIDTH="25"/>
						<String ID="P17_ST00331" HPOS="710" VPOS="2089" WIDTH="38" HEIGHT="39" CONTENT="la" WC="1.00" CC="00"/>
						<SP ID="P17_SP00302" HPOS="748" VPOS="2140" WIDTH="24"/>
						<String ID="P17_ST00332" HPOS="772" VPOS="2092" WIDTH="349" HEIGHT="48" CONTENT="représentation" WC="1.00" CC="00040005601506"/>
						<SP ID="P17_SP00303" HPOS="1121" VPOS="2140" WIDTH="36"/>
						<String ID="P17_ST00333" HPOS="1157" VPOS="2089" WIDTH="38" HEIGHT="41" CONTENT="d'" WC="0.81" CC="03"/>
						<String ID="P17_ST00334" HPOS="1202" VPOS="2090" WIDTH="198" HEIGHT="40" CONTENT="Hernani" WC="0.83" CC="0301600" STYLEREFS="TXT_3"/>
						<SP ID="P17_SP00304" HPOS="1400" VPOS="2140" WIDTH="37"/>
						<String ID="P17_ST00335" HPOS="1437" VPOS="2105" WIDTH="55" HEIGHT="26" CONTENT="ou" WC="0.67" CC="06"/>
						<SP ID="P17_SP00305" HPOS="1492" VPOS="2140" WIDTH="25"/>
						<String ID="P17_ST00336" HPOS="1517" VPOS="2093" WIDTH="53" HEIGHT="39" CONTENT="de" WC="1.00" CC="00"/>
						<SP ID="P17_SP00306" HPOS="1570" VPOS="2140" WIDTH="34"/>
						<String ID="P17_ST00337" HPOS="1604" VPOS="2093" WIDTH="88" HEIGHT="52" CONTENT="Ruy" WC="0.90" CC="200" STYLEREFS="TXT_3"/>
						<SP ID="P17_SP00307" HPOS="1692" VPOS="2145" WIDTH="32"/>
						<String ID="P17_ST00338" HPOS="1724" VPOS="2093" WIDTH="104" HEIGHT="40" CONTENT="Blas" WC="0.69" CC="1064" STYLEREFS="TXT_3"/>
						<SP ID="P17_SP00308" HPOS="1828" VPOS="2145" WIDTH="25"/>
						<String ID="P17_ST00339" HPOS="1853" VPOS="2098" WIDTH="21" HEIGHT="35" CONTENT="à" WC="0.94" CC="0"/>
						<SP ID="P17_SP00309" HPOS="1874" VPOS="2145" WIDTH="21"/>
						<String ID="P17_ST00340" HPOS="1895" VPOS="2094" WIDTH="116" HEIGHT="41" CONTENT="Mont" SUBS_TYPE="HypPart1" SUBS_CONTENT="Montmartre," WC="0.98" CC="0045"/>
						<HYP HPOS="2011" VPOS="2094" WIDTH="28" CONTENT="-"/>
					</TextLine>
					<TextLine ID="P17_TL00030" HPOS="43" VPOS="2154" WIDTH="1996" HEIGHT="57">
						<String ID="P17_ST00341" HPOS="43" VPOS="2164" WIDTH="180" HEIGHT="39" CONTENT="martre," SUBS_TYPE="HypPart2" SUBS_CONTENT="Montmartre," WC="0.99" CC="0002104"/>
						<SP ID="P17_SP00310" HPOS="223" VPOS="2203" WIDTH="22"/>
						<String ID="P17_ST00342" HPOS="245" VPOS="2160" WIDTH="22" HEIGHT="36" CONTENT="à" WC="0.42" CC="5"/>
						<SP ID="P17_SP00311" HPOS="267" VPOS="2203" WIDTH="45"/>
						<String ID="P17_ST00343" HPOS="312" VPOS="2154" WIDTH="207" HEIGHT="42" CONTENT="Grenelle" WC="1.00" CC="00060110"/>
						<SP ID="P17_SP00312" HPOS="519" VPOS="2203" WIDTH="30"/>
						<String ID="P17_ST00344" HPOS="549" VPOS="2169" WIDTH="57" HEIGHT="27" CONTENT="ou" WC="0.73" CC="05"/>
						<SP ID="P17_SP00313" HPOS="606" VPOS="2203" WIDTH="24"/>
						<String ID="P17_ST00345" HPOS="630" VPOS="2161" WIDTH="21" HEIGHT="35" CONTENT="à" WC="0.66" CC="3"/>
						<SP ID="P17_SP00314" HPOS="651" VPOS="2203" WIDTH="26"/>
						<String ID="P17_ST00346" HPOS="677" VPOS="2156" WIDTH="255" HEIGHT="41" CONTENT="Charonne." WC="0.68" CC="203007437"/>
						<SP ID="P17_SP00315" HPOS="932" VPOS="2203" WIDTH="28"/>
						<String ID="P17_ST00347" HPOS="960" VPOS="2172" WIDTH="79" HEIGHT="37" CONTENT="par" WC="0.96" CC="036"/>
						<SP ID="P17_SP00316" HPOS="1039" VPOS="2209" WIDTH="23"/>
						<String ID="P17_ST00348" HPOS="1062" VPOS="2158" WIDTH="39" HEIGHT="39" CONTENT="la" WC="0.77" CC="40"/>
						<SP ID="P17_SP00317" HPOS="1101" VPOS="2209" WIDTH="23"/>
						<String ID="P17_ST00349" HPOS="1124" VPOS="2157" WIDTH="489" HEIGHT="54" CONTENT="Comédie-Française," WC="1.00" CC="410004046504003004"/>
						<SP ID="P17_SP00318" HPOS="1613" VPOS="2211" WIDTH="26"/>
						<String ID="P17_ST00350" HPOS="1639" VPOS="2174" WIDTH="54" HEIGHT="27" CONTENT="ne" WC="0.70" CC="50"/>
						<SP ID="P17_SP00319" HPOS="1693" VPOS="2211" WIDTH="21"/>
						<String ID="P17_ST00351" HPOS="1714" VPOS="2163" WIDTH="163" HEIGHT="39" CONTENT="nuirait" WC="0.99" CC="4420004"/>
						<SP ID="P17_SP00320" HPOS="1877" VPOS="2211" WIDTH="25"/>
						<String ID="P17_ST00352" HPOS="1902" VPOS="2163" WIDTH="115" HEIGHT="40" CONTENT="nulle" SUBS_TYPE="HypPart1" SUBS_CONTENT="nullement" WC="0.97" CC="85650"/>
						<HYP HPOS="2017" VPOS="2163" WIDTH="22" CONTENT="-"/>
					</TextLine>
					<TextLine ID="P17_TL00031" HPOS="43" VPOS="2225" WIDTH="1994" HEIGHT="58">
						<String ID="P17_ST00353" HPOS="43" VPOS="2232" WIDTH="121" HEIGHT="31" CONTENT="ment" SUBS_TYPE="HypPart2" SUBS_CONTENT="nullement" WC="0.97" CC="0470"/>
						<SP ID="P17_SP00321" HPOS="164" VPOS="2263" WIDTH="41"/>
						<String ID="P17_ST00354" HPOS="205" VPOS="2238" WIDTH="81" HEIGHT="26" CONTENT="aux" WC="0.97" CC="070"/>
						<SP ID="P17_SP00322" HPOS="286" VPOS="2264" WIDTH="37"/>
						<String ID="P17_ST00355" HPOS="323" VPOS="2226" WIDTH="376" HEIGHT="50" CONTENT="représentations" WC="1.00" CC="000000063041040"/>
						<SP ID="P17_SP00323" HPOS="699" VPOS="2276" WIDTH="44"/>
						<String ID="P17_ST00356" HPOS="743" VPOS="2225" WIDTH="242" HEIGHT="50" CONTENT="régulières" WC="0.99" CC="0096126000"/>
						<SP ID="P17_SP00324" HPOS="985" VPOS="2276" WIDTH="37"/>
						<String ID="P17_ST00357" HPOS="1022" VPOS="2227" WIDTH="74" HEIGHT="51" CONTENT="qui" WC="0.98" CC="004"/>
						<SP ID="P17_SP00325" HPOS="1096" VPOS="2278" WIDTH="40"/>
						<String ID="P17_ST00358" HPOS="1136" VPOS="2240" WIDTH="47" HEIGHT="26" CONTENT="se" WC="1.00" CC="00"/>
						<SP ID="P17_SP00326" HPOS="1183" VPOS="2278" WIDTH="23"/>
						<String ID="P17_ST00359" HPOS="1206" VPOS="2227" WIDTH="196" HEIGHT="41" CONTENT="donnent" WC="0.98" CC="0166044"/>
						<SP ID="P17_SP00327" HPOS="1402" VPOS="2278" WIDTH="37"/>
						<String ID="P17_ST00360" HPOS="1439" VPOS="2242" WIDTH="76" HEIGHT="27" CONTENT="rue" WC="0.98" CC="040"/>
						<SP ID="P17_SP00328" HPOS="1515" VPOS="2278" WIDTH="39"/>
						<String ID="P17_ST00361" HPOS="1554" VPOS="2228" WIDTH="246" HEIGHT="49" CONTENT="Richelieu," WC="1.00" CC="4400003004"/>
						<SP ID="P17_SP00329" HPOS="1800" VPOS="2278" WIDTH="33"/>
						<String ID="P17_ST00362" HPOS="1833" VPOS="2229" WIDTH="204" HEIGHT="54" CONTENT="puisqu'à" WC="0.75" CC="06100047"/>
					</TextLine>
					<TextLine ID="P17_TL00032" HPOS="40" VPOS="2289" WIDTH="1999" HEIGHT="62">
						<String ID="P17_ST00363" HPOS="40" VPOS="2289" WIDTH="165" HEIGHT="42" CONTENT="l'heure" WC="0.99" CC="5400000"/>
						<SP ID="P17_SP00330" HPOS="205" VPOS="2331" WIDTH="29"/>
						<String ID="P17_ST00364" HPOS="234" VPOS="2292" WIDTH="185" HEIGHT="40" CONTENT="actuelle" WC="0.99" CC="60000400"/>
						<SP ID="P17_SP00331" HPOS="419" VPOS="2332" WIDTH="35"/>
						<String ID="P17_ST00365" HPOS="454" VPOS="2293" WIDTH="39" HEIGHT="38" CONTENT="le" WC="0.86" CC="20"/>
						<SP ID="P17_SP00332" HPOS="493" VPOS="2332" WIDTH="36"/>
						<String ID="P17_ST00366" HPOS="529" VPOS="2298" WIDTH="110" HEIGHT="44" CONTENT="goût" WC="0.98" CC="0064"/>
						<SP ID="P17_SP00333" HPOS="639" VPOS="2342" WIDTH="28"/>
						<String ID="P17_ST00367" HPOS="667" VPOS="2293" WIDTH="53" HEIGHT="40" CONTENT="de" WC="1.00" CC="00"/>
						<SP ID="P17_SP00334" HPOS="720" VPOS="2342" WIDTH="25"/>
						<String ID="P17_ST00368" HPOS="745" VPOS="2302" WIDTH="125" HEIGHT="31" CONTENT="notre" WC="0.99" CC="70000"/>
						<SP ID="P17_SP00335" HPOS="870" VPOS="2342" WIDTH="32"/>
						<String ID="P17_ST00369" HPOS="902" VPOS="2293" WIDTH="145" HEIGHT="50" CONTENT="grand" WC="0.97" CC="90364"/>
						<SP ID="P17_SP00336" HPOS="1047" VPOS="2343" WIDTH="42"/>
						<String ID="P17_ST00370" HPOS="1089" VPOS="2297" WIDTH="239" HEIGHT="49" CONTENT="répertoire" WC="1.00" CC="0600000400"/>
						<SP ID="P17_SP00337" HPOS="1328" VPOS="2346" WIDTH="25"/>
						<String ID="P17_ST00371" HPOS="1353" VPOS="2296" WIDTH="221" HEIGHT="52" CONTENT="classique" WC="0.99" CC="040004070"/>
						<SP ID="P17_SP00338" HPOS="1574" VPOS="2348" WIDTH="38"/>
						<String ID="P17_ST00372" HPOS="1612" VPOS="2307" WIDTH="65" HEIGHT="31" CONTENT="est" WC="0.98" CC="006"/>
						<SP ID="P17_SP00339" HPOS="1677" VPOS="2348" WIDTH="30"/>
						<String ID="P17_ST00373" HPOS="1707" VPOS="2298" WIDTH="54" HEIGHT="40" CONTENT="tel" WC="0.97" CC="602"/>
						<SP ID="P17_SP00340" HPOS="1761" VPOS="2348" WIDTH="22"/>
						<String ID="P17_ST00374" HPOS="1783" VPOS="2296" WIDTH="134" HEIGHT="55" CONTENT="qu'on" WC="0.98" CC="05205"/>
						<SP ID="P17_SP00341" HPOS="1917" VPOS="2351" WIDTH="25"/>
						<String ID="P17_ST00375" HPOS="1942" VPOS="2313" WIDTH="21" HEIGHT="25" CONTENT="a" WC="1.00" CC="0"/>
						<SP ID="P17_SP00342" HPOS="1963" VPOS="2351" WIDTH="17"/>
						<String ID="P17_ST00376" HPOS="1980" VPOS="2300" WIDTH="59" HEIGHT="40" CONTENT="dû" WC="0.82" CC="03"/>
					</TextLine>
					<TextLine ID="P17_TL00033" HPOS="40" VPOS="2361" WIDTH="1898" HEIGHT="58">
						<String ID="P17_ST00377" HPOS="40" VPOS="2361" WIDTH="209" HEIGHT="40" CONTENT="instituer" WC="1.00" CC="600000600"/>
						<SP ID="P17_SP00343" HPOS="249" VPOS="2401" WIDTH="31"/>
						<String ID="P17_ST00378" HPOS="280" VPOS="2361" WIDTH="111" HEIGHT="39" CONTENT="dans" WC="0.99" CC="0050"/>
						<SP ID="P17_SP00344" HPOS="391" VPOS="2401" WIDTH="21"/>
						<String ID="P17_ST00379" HPOS="412" VPOS="2370" WIDTH="125" HEIGHT="31" CONTENT="notre" WC="1.00" CC="00000"/>
						<SP ID="P17_SP00345" HPOS="537" VPOS="2401" WIDTH="21"/>
						<String ID="P17_ST00380" HPOS="558" VPOS="2363" WIDTH="190" HEIGHT="50" CONTENT="premier" WC="1.00" CC="0000000"/>
						<SP ID="P17_SP00346" HPOS="748" VPOS="2413" WIDTH="24"/>
						<String ID="P17_ST00381" HPOS="772" VPOS="2363" WIDTH="168" HEIGHT="39" CONTENT="théâtre" WC="0.99" CC="0604300"/>
						<SP ID="P17_SP00347" HPOS="940" VPOS="2413" WIDTH="24"/>
						<String ID="P17_ST00382" HPOS="964" VPOS="2363" WIDTH="76" HEIGHT="40" CONTENT="des" WC="1.00" CC="000"/>
						<SP ID="P17_SP00348" HPOS="1040" VPOS="2413" WIDTH="25"/>
						<String ID="P17_ST00383" HPOS="1065" VPOS="2365" WIDTH="215" HEIGHT="39" CONTENT="matinées" WC="0.99" CC="06520700"/>
						<SP ID="P17_SP00349" HPOS="1280" VPOS="2413" WIDTH="29"/>
						<String ID="P17_ST00384" HPOS="1309" VPOS="2364" WIDTH="417" HEIGHT="52" CONTENT="supplémentaires," WC="1.00" CC="0000400450040004"/>
						<SP ID="P17_SP00350" HPOS="1726" VPOS="2416" WIDTH="24"/>
						<String ID="P17_ST00385" HPOS="1750" VPOS="2366" WIDTH="39" HEIGHT="40" CONTENT="le" WC="1.00" CC="00"/>
						<SP ID="P17_SP00351" HPOS="1789" VPOS="2416" WIDTH="16"/>
						<String ID="P17_ST00386" HPOS="1805" VPOS="2368" WIDTH="133" HEIGHT="51" CONTENT="jeudi." WC="0.99" CC="102042"/>
					</TextLine>
					<TextLine ID="P17_TL00034" HPOS="93" VPOS="2428" WIDTH="1967" HEIGHT="58">
						<String ID="P17_ST00387" HPOS="93" VPOS="2428" WIDTH="50" HEIGHT="54" CONTENT="Je" WC="0.86" CC="20"/>
						<SP ID="P17_SP00352" HPOS="143" VPOS="2482" WIDTH="20"/>
						<String ID="P17_ST00388" HPOS="163" VPOS="2442" WIDTH="234" HEIGHT="38" CONTENT="remarque" WC="1.00" CC="00000070"/>
						<SP ID="P17_SP00353" HPOS="397" VPOS="2482" WIDTH="24"/>
						<String ID="P17_ST00389" HPOS="421" VPOS="2433" WIDTH="145" HEIGHT="36" CONTENT="même" WC="0.99" CC="0600"/>
						<SP ID="P17_SP00354" HPOS="566" VPOS="2482" WIDTH="39"/>
						<String ID="P17_ST00390" HPOS="605" VPOS="2453" WIDTH="45" HEIGHT="4" CONTENT="—-" WC="0.41" CC="83"/>
						<SP ID="P17_SP00355" HPOS="650" VPOS="2482" WIDTH="26"/>
						<String ID="P17_ST00391" HPOS="676" VPOS="2439" WIDTH="41" HEIGHT="30" CONTENT="et" WC="0.76" CC="04"/>
						<SP ID="P17_SP00356" HPOS="717" VPOS="2482" WIDTH="38"/>
						<String ID="P17_ST00392" HPOS="755" VPOS="2430" WIDTH="63" HEIGHT="41" CONTENT="les" WC="1.00" CC="000"/>
						<SP ID="P17_SP00357" HPOS="818" VPOS="2482" WIDTH="29"/>
						<String ID="P17_ST00393" HPOS="847" VPOS="2444" WIDTH="244" HEIGHT="39" CONTENT="moyennes" WC="0.99" CC="00006600"/>
						<SP ID="P17_SP00358" HPOS="1091" VPOS="2483" WIDTH="17"/>
						<String ID="P17_ST00394" HPOS="1108" VPOS="2432" WIDTH="77" HEIGHT="39" CONTENT="des" WC="1.00" CC="000"/>
						<SP ID="P17_SP00359" HPOS="1185" VPOS="2483" WIDTH="30"/>
						<String ID="P17_ST00395" HPOS="1215" VPOS="2441" WIDTH="182" HEIGHT="32" CONTENT="recettes" WC="1.00" CC="00003400"/>
						<SP ID="P17_SP00360" HPOS="1397" VPOS="2483" WIDTH="17"/>
						<String ID="P17_ST00396" HPOS="1414" VPOS="2433" WIDTH="53" HEIGHT="40" CONTENT="de" WC="1.00" CC="00"/>
						<SP ID="P17_SP00361" HPOS="1467" VPOS="2483" WIDTH="23"/>
						<String ID="P17_ST00397" HPOS="1490" VPOS="2433" WIDTH="39" HEIGHT="40" CONTENT="la" WC="0.78" CC="40"/>
						<SP ID="P17_SP00362" HPOS="1529" VPOS="2483" WIDTH="25"/>
						<String ID="P17_ST00398" HPOS="1554" VPOS="2433" WIDTH="484" HEIGHT="53" CONTENT="Comédie-Française" WC="1.00" CC="00060004000600000"/>
						<String ID="P17_ST00399" HPOS="2056" VPOS="2428" WIDTH="4" HEIGHT="58" CONTENT="1" STYLE="superscript" WC="0.27" CC="7"/>
					</TextLine>
					<TextLine ID="P17_TL00035" HPOS="35" VPOS="2497" WIDTH="2002" HEIGHT="59">
						<String ID="P17_ST00400" HPOS="35" VPOS="2505" WIDTH="102" HEIGHT="32" CONTENT="sont" WC="0.97" CC="2045"/>
						<SP ID="P17_SP00363" HPOS="137" VPOS="2537" WIDTH="24"/>
						<String ID="P17_ST00401" HPOS="161" VPOS="2497" WIDTH="288" HEIGHT="40" CONTENT="concluantes" WC="1.00" CC="00005601000"/>
						<SP ID="P17_SP00364" HPOS="449" VPOS="2537" WIDTH="25"/>
						<String ID="P17_ST00402" HPOS="474" VPOS="2501" WIDTH="22" HEIGHT="36" CONTENT="à" WC="0.73" CC="2"/>
						<SP ID="P17_SP00365" HPOS="496" VPOS="2537" WIDTH="21"/>
						<String ID="P17_ST00403" HPOS="517" VPOS="2506" WIDTH="64" HEIGHT="31" CONTENT="cet" WC="0.99" CC="002"/>
						<SP ID="P17_SP00366" HPOS="581" VPOS="2537" WIDTH="23"/>
						<String ID="P17_ST00404" HPOS="604" VPOS="2498" WIDTH="135" HEIGHT="50" CONTENT="égard" WC="1.00" CC="00000"/>
						<SP ID="P17_SP00367" HPOS="739" VPOS="2548" WIDTH="20"/>
						<String ID="P17_ST00405" HPOS="759" VPOS="2522" WIDTH="55" HEIGHT="3" CONTENT="—" WC="0.20" CC="8"/>
						<SP ID="P17_SP00368" HPOS="814" VPOS="2548" WIDTH="19"/>
						<String ID="P17_ST00406" HPOS="833" VPOS="2513" WIDTH="85" HEIGHT="38" CONTENT="que" WC="1.00" CC="000"/>
						<SP ID="P17_SP00369" HPOS="918" VPOS="2551" WIDTH="24"/>
						<String ID="P17_ST00407" HPOS="942" VPOS="2499" WIDTH="62" HEIGHT="41" CONTENT="les" WC="0.98" CC="500"/>
						<SP ID="P17_SP00370" HPOS="1004" VPOS="2551" WIDTH="25"/>
						<String ID="P17_ST00408" HPOS="1029" VPOS="2504" WIDTH="375" HEIGHT="47" CONTENT="représentations" WC="1.00" CC="000000143005050"/>
						<SP ID="P17_SP00371" HPOS="1404" VPOS="2551" WIDTH="17"/>
						<String ID="P17_ST00409" HPOS="1421" VPOS="2502" WIDTH="52" HEIGHT="38" CONTENT="de" WC="1.00" CC="00"/>
						<SP ID="P17_SP00372" HPOS="1473" VPOS="2551" WIDTH="23"/>
						<String ID="P17_ST00410" HPOS="1496" VPOS="2515" WIDTH="82" HEIGHT="27" CONTENT="nos" WC="1.00" CC="000"/>
						<SP ID="P17_SP00373" HPOS="1578" VPOS="2551" WIDTH="17"/>
						<String ID="P17_ST00411" HPOS="1595" VPOS="2516" WIDTH="175" HEIGHT="27" CONTENT="œuvres" WC="1.00" CC="040000"/>
						<SP ID="P17_SP00374" HPOS="1770" VPOS="2551" WIDTH="23"/>
						<String ID="P17_ST00412" HPOS="1793" VPOS="2504" WIDTH="244" HEIGHT="52" CONTENT="classiques" WC="1.00" CC="0000600000"/>
					</TextLine>
					<TextLine ID="P17_TL00036" HPOS="34" VPOS="2564" WIDTH="2001" HEIGHT="57">
						<String ID="P17_ST00413" HPOS="34" VPOS="2565" WIDTH="113" HEIGHT="40" CONTENT="dans" WC="0.99" CC="0040"/>
						<SP ID="P17_SP00375" HPOS="147" VPOS="2605" WIDTH="26"/>
						<String ID="P17_ST00414" HPOS="173" VPOS="2578" WIDTH="81" HEIGHT="27" CONTENT="nos" WC="0.98" CC="600"/>
						<SP ID="P17_SP00376" HPOS="254" VPOS="2605" WIDTH="24"/>
						<String ID="P17_ST00415" HPOS="278" VPOS="2564" WIDTH="251" HEIGHT="52" CONTENT="faubourgs" WC="0.99" CC="005026000"/>
						<SP ID="P17_SP00377" HPOS="529" VPOS="2616" WIDTH="38"/>
						<String ID="P17_ST00416" HPOS="567" VPOS="2564" WIDTH="122" HEIGHT="42" CONTENT="n'ont" WC="0.97" CC="74074"/>
						<SP ID="P17_SP00378" HPOS="689" VPOS="2616" WIDTH="32"/>
						<String ID="P17_ST00417" HPOS="721" VPOS="2580" WIDTH="80" HEIGHT="38" CONTENT="pas" WC="0.98" CC="031"/>
						<SP ID="P17_SP00379" HPOS="801" VPOS="2618" WIDTH="20"/>
						<String ID="P17_ST00418" HPOS="821" VPOS="2571" WIDTH="126" HEIGHT="48" CONTENT="porté" WC="1.00" CC="00000"/>
						<SP ID="P17_SP00380" HPOS="947" VPOS="2619" WIDTH="19"/>
						<String ID="P17_ST00419" HPOS="966" VPOS="2576" WIDTH="86" HEIGHT="32" CONTENT="tort" WC="0.99" CC="4000"/>
						<SP ID="P17_SP00381" HPOS="1052" VPOS="2619" WIDTH="25"/>
						<String ID="P17_ST00420" HPOS="1077" VPOS="2571" WIDTH="21" HEIGHT="36" CONTENT="à" WC="0.79" CC="2"/>
						<SP ID="P17_SP00382" HPOS="1098" VPOS="2619" WIDTH="25"/>
						<String ID="P17_ST00421" HPOS="1123" VPOS="2568" WIDTH="130" HEIGHT="40" CONTENT="celles" WC="0.99" CC="303000"/>
						<SP ID="P17_SP00383" HPOS="1253" VPOS="2619" WIDTH="20"/>
						<String ID="P17_ST00422" HPOS="1273" VPOS="2568" WIDTH="53" HEIGHT="40" CONTENT="de" WC="1.00" CC="00"/>
						<SP ID="P17_SP00384" HPOS="1326" VPOS="2619" WIDTH="23"/>
						<String ID="P17_ST00423" HPOS="1349" VPOS="2569" WIDTH="39" HEIGHT="40" CONTENT="la" WC="1.00" CC="00"/>
						<SP ID="P17_SP00385" HPOS="1388" VPOS="2619" WIDTH="23"/>
						<String ID="P17_ST00424" HPOS="1411" VPOS="2568" WIDTH="214" HEIGHT="42" CONTENT="Comédie" WC="1.00" CC="3000010"/>
						<SP ID="P17_SP00386" HPOS="1625" VPOS="2619" WIDTH="24"/>
						<String ID="P17_ST00425" HPOS="1649" VPOS="2570" WIDTH="252" HEIGHT="51" CONTENT="Française," WC="1.00" CC="0090003002"/>
						<SP ID="P17_SP00387" HPOS="1901" VPOS="2621" WIDTH="20"/>
						<String ID="P17_ST00426" HPOS="1921" VPOS="2575" WIDTH="114" HEIGHT="38" CONTENT="ainsi" WC="1.00" CC="00400"/>
					</TextLine>
					<TextLine ID="P17_TL00037" HPOS="35" VPOS="2632" WIDTH="2001" HEIGHT="55">
						<String ID="P17_ST00427" HPOS="35" VPOS="2646" WIDTH="88" HEIGHT="38" CONTENT="que" WC="0.98" CC="060"/>
						<SP ID="P17_SP00388" HPOS="123" VPOS="2684" WIDTH="21"/>
						<String ID="P17_ST00428" HPOS="144" VPOS="2632" WIDTH="305" HEIGHT="41" CONTENT="l'insinuaient" WC="0.99" CC="0025036003045"/>
						<SP ID="P17_SP00389" HPOS="449" VPOS="2684" WIDTH="22"/>
						<String ID="P17_ST00429" HPOS="471" VPOS="2639" WIDTH="198" HEIGHT="44" CONTENT="naguère" WC="0.99" CC="6005800"/>
						<SP ID="P17_SP00390" HPOS="669" VPOS="2684" WIDTH="20"/>
						<String ID="P17_ST00430" HPOS="689" VPOS="2636" WIDTH="190" HEIGHT="38" CONTENT="certains" WC="1.00" CC="00020340"/>
						<SP ID="P17_SP00391" HPOS="879" VPOS="2684" WIDTH="22"/>
						<String ID="P17_ST00431" HPOS="901" VPOS="2637" WIDTH="161" HEIGHT="50" CONTENT="esprits" WC="1.00" CC="0000400"/>
						<SP ID="P17_SP00392" HPOS="1062" VPOS="2687" WIDTH="21"/>
						<String ID="P17_ST00432" HPOS="1083" VPOS="2635" WIDTH="208" HEIGHT="50" CONTENT="chagrins" WC="0.99" CC="04300460"/>
						<SP ID="P17_SP00393" HPOS="1291" VPOS="2687" WIDTH="18"/>
						<String ID="P17_ST00433" HPOS="1309" VPOS="2650" WIDTH="8" HEIGHT="25" CONTENT=":" WC="0.96" CC="0"/>
						<SP ID="P17_SP00394" HPOS="1317" VPOS="2687" WIDTH="21"/>
						<String ID="P17_ST00434" HPOS="1338" VPOS="2636" WIDTH="62" HEIGHT="40" CONTENT="les" WC="1.00" CC="000"/>
						<SP ID="P17_SP00395" HPOS="1400" VPOS="2687" WIDTH="19"/>
						<String ID="P17_ST00435" HPOS="1419" VPOS="2636" WIDTH="227" HEIGHT="42" CONTENT="Parisiens" WC="1.00" CC="400202030"/>
						<SP ID="P17_SP00396" HPOS="1646" VPOS="2687" WIDTH="23"/>
						<String ID="P17_ST00436" HPOS="1669" VPOS="2638" WIDTH="53" HEIGHT="40" CONTENT="de" WC="1.00" CC="00"/>
						<SP ID="P17_SP00397" HPOS="1722" VPOS="2687" WIDTH="19"/>
						<String ID="P17_ST00437" HPOS="1741" VPOS="2638" WIDTH="295" HEIGHT="43" CONTENT="Montmartre" WC="0.99" CC="0084500510"/>
					</TextLine>
					<TextLine ID="P17_TL00038" HPOS="33" VPOS="2699" WIDTH="2001" HEIGHT="57">
						<String ID="P17_ST00438" HPOS="33" VPOS="2714" WIDTH="58" HEIGHT="26" CONTENT="ou" WC="0.46" CC="63"/>
						<SP ID="P17_SP00398" HPOS="91" VPOS="2740" WIDTH="25"/>
						<String ID="P17_ST00439" HPOS="116" VPOS="2701" WIDTH="53" HEIGHT="39" CONTENT="de" WC="1.00" CC="00"/>
						<SP ID="P17_SP00399" HPOS="169" VPOS="2740" WIDTH="21"/>
						<String ID="P17_ST00440" HPOS="190" VPOS="2699" WIDTH="208" HEIGHT="42" CONTENT="Grenelle" WC="1.00" CC="00040000"/>
						<SP ID="P17_SP00400" HPOS="398" VPOS="2741" WIDTH="44"/>
						<String ID="P17_ST00441" HPOS="442" VPOS="2703" WIDTH="74" HEIGHT="49" CONTENT="qui" WC="0.96" CC="056"/>
						<SP ID="P17_SP00401" HPOS="516" VPOS="2752" WIDTH="32"/>
						<String ID="P17_ST00442" HPOS="548" VPOS="2710" WIDTH="76" HEIGHT="32" CONTENT="ont" WC="0.97" CC="052"/>
						<SP ID="P17_SP00402" HPOS="624" VPOS="2752" WIDTH="25"/>
						<String ID="P17_ST00443" HPOS="649" VPOS="2702" WIDTH="210" HEIGHT="52" CONTENT="applaudi" WC="0.99" CC="04030304"/>
						<SP ID="P17_SP00403" HPOS="859" VPOS="2754" WIDTH="25"/>
						<String ID="P17_ST00444" HPOS="884" VPOS="2703" WIDTH="102" HEIGHT="39" CONTENT="chez" WC="1.00" CC="0000"/>
						<SP ID="P17_SP00404" HPOS="986" VPOS="2754" WIDTH="21"/>
						<String ID="P17_ST00445" HPOS="1007" VPOS="2717" WIDTH="96" HEIGHT="35" CONTENT="eux," WC="0.99" CC="0004"/>
						<SP ID="P17_SP00405" HPOS="1103" VPOS="2754" WIDTH="23"/>
						<String ID="P17_ST00446" HPOS="1126" VPOS="2708" WIDTH="20" HEIGHT="34" CONTENT="à" WC="0.61" CC="3"/>
						<SP ID="P17_SP00406" HPOS="1146" VPOS="2754" WIDTH="25"/>
						<String ID="P17_ST00447" HPOS="1171" VPOS="2704" WIDTH="117" HEIGHT="40" CONTENT="leurs" WC="1.00" CC="20000"/>
						<SP ID="P17_SP00407" HPOS="1288" VPOS="2754" WIDTH="20"/>
						<String ID="P17_ST00448" HPOS="1308" VPOS="2714" WIDTH="165" HEIGHT="42" CONTENT="portes," WC="0.99" CC="0004054"/>
						<SP ID="P17_SP00408" HPOS="1473" VPOS="2756" WIDTH="45"/>
						<String ID="P17_ST00449" HPOS="1518" VPOS="2720" WIDTH="55" HEIGHT="25" CONTENT="au" WC="1.00" CC="00"/>
						<SP ID="P17_SP00409" HPOS="1573" VPOS="2756" WIDTH="34"/>
						<String ID="P17_ST00450" HPOS="1607" VPOS="2706" WIDTH="103" HEIGHT="40" CONTENT="tarif" WC="0.99" CC="60020"/>
						<SP ID="P17_SP00410" HPOS="1710" VPOS="2756" WIDTH="37"/>
						<String ID="P17_ST00451" HPOS="1747" VPOS="2707" WIDTH="200" HEIGHT="41" CONTENT="habituel" WC="1.00" CC="00006004"/>
						<SP ID="P17_SP00411" HPOS="1947" VPOS="2756" WIDTH="33"/>
						<String ID="P17_ST00452" HPOS="1980" VPOS="2709" WIDTH="54" HEIGHT="40" CONTENT="de" WC="1.00" CC="00"/>
					</TextLine>
					<TextLine ID="P17_TL00039" HPOS="32" VPOS="2768" WIDTH="2002" HEIGHT="51">
						<String ID="P17_ST00453" HPOS="32" VPOS="2768" WIDTH="120" HEIGHT="41" CONTENT="leurs" WC="1.00" CC="00000"/>
						<SP ID="P17_SP00412" HPOS="152" VPOS="2809" WIDTH="34"/>
						<String ID="P17_ST00454" HPOS="186" VPOS="2770" WIDTH="211" HEIGHT="46" CONTENT="théâtres," WC="0.99" CC="005400303"/>
						<SP ID="P17_SP00413" HPOS="397" VPOS="2816" WIDTH="24"/>
						<String ID="P17_ST00455" HPOS="421" VPOS="2783" WIDTH="81" HEIGHT="26" CONTENT="nos" WC="0.97" CC="600"/>
						<SP ID="P17_SP00414" HPOS="502" VPOS="2816" WIDTH="22"/>
						<String ID="P17_ST00456" HPOS="524" VPOS="2769" WIDTH="385" HEIGHT="50" CONTENT="chefs-doeuvres," WC="0.78" CC="000005085600204"/>
						<SP ID="P17_SP00415" HPOS="909" VPOS="2819" WIDTH="26"/>
						<String ID="P17_ST00457" HPOS="935" VPOS="2780" WIDTH="76" HEIGHT="32" CONTENT="ont" WC="1.00" CC="000"/>
						<SP ID="P17_SP00416" HPOS="1011" VPOS="2819" WIDTH="25"/>
						<String ID="P17_ST00458" HPOS="1036" VPOS="2780" WIDTH="96" HEIGHT="32" CONTENT="tout" WC="0.98" CC="4042"/>
						<SP ID="P17_SP00417" HPOS="1132" VPOS="2819" WIDTH="35"/>
						<String ID="P17_ST00459" HPOS="1167" VPOS="2773" WIDTH="341" HEIGHT="40" CONTENT="naturellement" WC="1.00" CC="5065000000040"/>
						<SP ID="P17_SP00418" HPOS="1508" VPOS="2819" WIDTH="23"/>
						<String ID="P17_ST00460" HPOS="1531" VPOS="2774" WIDTH="36" HEIGHT="40" CONTENT="le" WC="0.69" CC="60"/>
						<SP ID="P17_SP00419" HPOS="1567" VPOS="2819" WIDTH="24"/>
						<String ID="P17_ST00461" HPOS="1591" VPOS="2775" WIDTH="118" HEIGHT="40" CONTENT="désir" WC="0.99" CC="00009"/>
						<SP ID="P17_SP00420" HPOS="1709" VPOS="2819" WIDTH="18"/>
						<String ID="P17_ST00462" HPOS="1727" VPOS="2775" WIDTH="53" HEIGHT="40" CONTENT="de" WC="1.00" CC="00"/>
						<SP ID="P17_SP00421" HPOS="1780" VPOS="2819" WIDTH="24"/>
						<String ID="P17_ST00463" HPOS="1804" VPOS="2777" WIDTH="62" HEIGHT="39" CONTENT="les" WC="0.99" CC="200"/>
						<SP ID="P17_SP00422" HPOS="1866" VPOS="2819" WIDTH="25"/>
						<String ID="P17_ST00464" HPOS="1891" VPOS="2779" WIDTH="143" HEIGHT="38" CONTENT="revoir" WC="1.00" CC="000020"/>
					</TextLine>
					<TextLine ID="P17_TL00040" HPOS="31" VPOS="2838" WIDTH="2003" HEIGHT="57">
						<String ID="P17_ST00465" HPOS="31" VPOS="2839" WIDTH="177" HEIGHT="38" CONTENT="ensuite" WC="0.99" CC="0004203"/>
						<SP ID="P17_SP00423" HPOS="208" VPOS="2877" WIDTH="25"/>
						<String ID="P17_ST00466" HPOS="233" VPOS="2838" WIDTH="112" HEIGHT="39" CONTENT="dans" WC="0.99" CC="0060"/>
						<SP ID="P17_SP00424" HPOS="345" VPOS="2877" WIDTH="20"/>
						<String ID="P17_ST00467" HPOS="365" VPOS="2838" WIDTH="39" HEIGHT="39" CONTENT="la" WC="0.86" CC="20"/>
						<SP ID="P17_SP00425" HPOS="404" VPOS="2877" WIDTH="24"/>
						<String ID="P17_ST00468" HPOS="428" VPOS="2839" WIDTH="172" HEIGHT="39" CONTENT="maison" WC="0.99" CC="000027"/>
						<SP ID="P17_SP00426" HPOS="600" VPOS="2878" WIDTH="24"/>
						<String ID="P17_ST00469" HPOS="624" VPOS="2845" WIDTH="135" HEIGHT="33" CONTENT="mère." WC="0.98" CC="97001"/>
						<SP ID="P17_SP00427" HPOS="759" VPOS="2878" WIDTH="36"/>
						<String ID="P17_ST00470" HPOS="795" VPOS="2839" WIDTH="108" HEIGHT="40" CONTENT="Plus" WC="0.98" CC="0070"/>
						<SP ID="P17_SP00428" HPOS="903" VPOS="2879" WIDTH="23"/>
						<String ID="P17_ST00471" HPOS="926" VPOS="2853" WIDTH="55" HEIGHT="26" CONTENT="on" WC="0.77" CC="04"/>
						<SP ID="P17_SP00429" HPOS="981" VPOS="2879" WIDTH="25"/>
						<String ID="P17_ST00472" HPOS="1006" VPOS="2841" WIDTH="150" HEIGHT="51" CONTENT="jouera" WC="1.00" CC="006000"/>
						<SP ID="P17_SP00430" HPOS="1156" VPOS="2892" WIDTH="25"/>
						<String ID="P17_ST00473" HPOS="1181" VPOS="2850" WIDTH="125" HEIGHT="30" CONTENT="notre" WC="0.99" CC="40000"/>
						<SP ID="P17_SP00431" HPOS="1306" VPOS="2892" WIDTH="23"/>
						<String ID="P17_ST00474" HPOS="1329" VPOS="2842" WIDTH="141" HEIGHT="49" CONTENT="grand" WC="0.99" CC="00530"/>
						<SP ID="P17_SP00432" HPOS="1470" VPOS="2892" WIDTH="23"/>
						<String ID="P17_ST00475" HPOS="1493" VPOS="2845" WIDTH="255" HEIGHT="49" CONTENT="répertoire," WC="0.99" CC="06000512822"/>
						<SP ID="P17_SP00433" HPOS="1748" VPOS="2894" WIDTH="27"/>
						<String ID="P17_ST00476" HPOS="1775" VPOS="2845" WIDTH="99" HEIGHT="50" CONTENT="plus" WC="0.99" CC="0040"/>
						<SP ID="P17_SP00434" HPOS="1874" VPOS="2895" WIDTH="19"/>
						<String ID="P17_ST00477" HPOS="1893" VPOS="2859" WIDTH="56" HEIGHT="26" CONTENT="on" WC="0.63" CC="07"/>
						<SP ID="P17_SP00435" HPOS="1949" VPOS="2895" WIDTH="32"/>
						<String ID="P17_ST00478" HPOS="1981" VPOS="2859" WIDTH="53" HEIGHT="27" CONTENT="en" WC="0.67" CC="06"/>
					</TextLine>
					<TextLine ID="P17_TL00041" HPOS="30" VPOS="2906" WIDTH="2035" HEIGHT="54">
						<String ID="P17_ST00479" HPOS="30" VPOS="2906" WIDTH="266" HEIGHT="52" CONTENT="inculquera" WC="1.00" CC="3015003000"/>
						<SP ID="P17_SP00436" HPOS="296" VPOS="2958" WIDTH="24"/>
						<String ID="P17_ST00480" HPOS="320" VPOS="2906" WIDTH="38" HEIGHT="40" CONTENT="le" WC="0.92" CC="10"/>
						<SP ID="P17_SP00437" HPOS="358" VPOS="2958" WIDTH="23"/>
						<String ID="P17_ST00481" HPOS="381" VPOS="2912" WIDTH="110" HEIGHT="44" CONTENT="goût" WC="0.97" CC="0256"/>
						<SP ID="P17_SP00438" HPOS="491" VPOS="2958" WIDTH="24"/>
						<String ID="P17_ST00482" HPOS="515" VPOS="2911" WIDTH="21" HEIGHT="35" CONTENT="à" WC="0.64" CC="3"/>
						<SP ID="P17_SP00439" HPOS="536" VPOS="2958" WIDTH="24"/>
						<String ID="P17_ST00483" HPOS="560" VPOS="2920" WIDTH="106" HEIGHT="27" CONTENT="ceux" WC="0.99" CC="0060"/>
						<SP ID="P17_SP00440" HPOS="666" VPOS="2958" WIDTH="43"/>
						<String ID="P17_ST00484" HPOS="709" VPOS="2909" WIDTH="75" HEIGHT="50" CONTENT="qui" WC="0.98" CC="031"/>
						<SP ID="P17_SP00441" HPOS="784" VPOS="2959" WIDTH="24"/>
						<String ID="P17_ST00485" HPOS="808" VPOS="2906" WIDTH="255" HEIGHT="52" CONTENT="l'ignorent," WC="0.99" CC="43006000604"/>
						<SP ID="P17_SP00442" HPOS="1063" VPOS="2959" WIDTH="23"/>
						<String ID="P17_ST00486" HPOS="1086" VPOS="2917" WIDTH="40" HEIGHT="31" CONTENT="et" WC="0.72" CC="05"/>
						<SP ID="P17_SP00443" HPOS="1126" VPOS="2959" WIDTH="24"/>
						<String ID="P17_ST00487" HPOS="1150" VPOS="2908" WIDTH="257" HEIGHT="52" CONTENT="j'approuve" WC="1.00" CC="0100000300"/>
						<SP ID="P17_SP00444" HPOS="1407" VPOS="2960" WIDTH="23"/>
						<String ID="P17_ST00488" HPOS="1430" VPOS="2910" WIDTH="63" HEIGHT="39" CONTENT="les" WC="0.98" CC="500"/>
						<SP ID="P17_SP00445" HPOS="1493" VPOS="2960" WIDTH="23"/>
						<String ID="P17_ST00489" HPOS="1516" VPOS="2911" WIDTH="241" HEIGHT="41" CONTENT="directeurs" WC="1.00" CC="0001000000"/>
						<SP ID="P17_SP00446" HPOS="1757" VPOS="2960" WIDTH="24"/>
						<String ID="P17_ST00490" HPOS="1781" VPOS="2913" WIDTH="76" HEIGHT="39" CONTENT="des" WC="1.00" CC="000"/>
						<SP ID="P17_SP00447" HPOS="1857" VPOS="2960" WIDTH="25"/>
						<String ID="P17_ST00491" HPOS="1882" VPOS="2919" WIDTH="152" HEIGHT="34" CONTENT="scènes" WC="0.99" CC="027200"/>
						<SP ID="P17_SP00448" HPOS="2034" VPOS="2960" WIDTH="24"/>
						<String ID="P17_ST00492" HPOS="2058" VPOS="2926" WIDTH="7" HEIGHT="23" CONTENT=")" WC="0.26" CC="7"/>
					</TextLine>
					<TextLine ID="P17_TL00042" HPOS="30" VPOS="2973" WIDTH="2049" HEIGHT="61">
						<String ID="P17_ST00493" HPOS="30" VPOS="2987" WIDTH="92" HEIGHT="26" CONTENT="non" WC="0.94" CC="635"/>
						<SP ID="P17_SP00449" HPOS="122" VPOS="3013" WIDTH="26"/>
						<String ID="P17_ST00494" HPOS="148" VPOS="2973" WIDTH="405" HEIGHT="53" CONTENT="subventionnées," WC="1.00" CC="070007530005004"/>
						<SP ID="P17_SP00450" HPOS="553" VPOS="3026" WIDTH="40"/>
						<String ID="P17_ST00495" HPOS="593" VPOS="2975" WIDTH="38" HEIGHT="39" CONTENT="la" WC="0.50" CC="54"/>
						<SP ID="P17_SP00451" HPOS="631" VPOS="3026" WIDTH="35"/>
						<String ID="P17_ST00496" HPOS="666" VPOS="2974" WIDTH="134" HEIGHT="41" CONTENT="Porte" WC="1.00" CC="00000"/>
						<SP ID="P17_SP00452" HPOS="800" VPOS="3026" WIDTH="39"/>
						<String ID="P17_ST00497" HPOS="839" VPOS="2974" WIDTH="321" HEIGHT="42" CONTENT="Saint-Martin" WC="1.00" CC="000042040040"/>
						<SP ID="P17_SP00453" HPOS="1160" VPOS="3026" WIDTH="25"/>
						<String ID="P17_ST00498" HPOS="1185" VPOS="2985" WIDTH="40" HEIGHT="31" CONTENT="et" WC="0.69" CC="06"/>
						<SP ID="P17_SP00454" HPOS="1225" VPOS="3026" WIDTH="24"/>
						<String ID="P17_ST00499" HPOS="1249" VPOS="2977" WIDTH="37" HEIGHT="40" CONTENT="le" WC="1.00" CC="00"/>
						<SP ID="P17_SP00455" HPOS="1286" VPOS="3026" WIDTH="24"/>
						<String ID="P17_ST00500" HPOS="1310" VPOS="2977" WIDTH="167" HEIGHT="41" CONTENT="théâtre" WC="0.99" CC="3082002"/>
						<SP ID="P17_SP00456" HPOS="1477" VPOS="3026" WIDTH="19"/>
						<String ID="P17_ST00501" HPOS="1496" VPOS="2977" WIDTH="434" HEIGHT="52" CONTENT="Sarah-Bernhardt," WC="0.84" CC="0000220000480043"/>
						<SP ID="P17_SP00457" HPOS="1930" VPOS="3029" WIDTH="25"/>
						<String ID="P17_ST00502" HPOS="1955" VPOS="2996" WIDTH="80" HEIGHT="37" CONTENT="par" WC="0.99" CC="011"/>
						<SP ID="P17_SP00458" HPOS="2035" VPOS="3033" WIDTH="18"/>
						<String ID="P17_ST00503" HPOS="2053" VPOS="2973" WIDTH="26" HEIGHT="61" CONTENT='j"' WC="0.17" CC="87"/>
					</TextLine>
					<TextLine ID="P17_TL00043" HPOS="31" VPOS="3041" WIDTH="1206" HEIGHT="55">
						<String ID="P17_ST00504" HPOS="31" VPOS="3041" WIDTH="216" HEIGHT="54" CONTENT="exemple," WC="0.99" CC="04080704"/>
						<SP ID="P17_SP00459" HPOS="247" VPOS="3095" WIDTH="24"/>
						<String ID="P17_ST00505" HPOS="271" VPOS="3045" WIDTH="75" HEIGHT="49" CONTENT="qui" WC="0.99" CC="001"/>
						<SP ID="P17_SP00460" HPOS="346" VPOS="3095" WIDTH="19"/>
						<String ID="P17_ST00506" HPOS="365" VPOS="3044" WIDTH="151" HEIGHT="51" CONTENT="jouent" WC="1.00" CC="000002"/>
						<SP ID="P17_SP00461" HPOS="516" VPOS="3095" WIDTH="24"/>
						<String ID="P17_ST00507" HPOS="540" VPOS="3053" WIDTH="307" HEIGHT="31" CONTENT="couramment" WC="0.99" CC="0059090060"/>
						<SP ID="P17_SP00462" HPOS="847" VPOS="3095" WIDTH="23"/>
						<String ID="P17_ST00508" HPOS="870" VPOS="3057" WIDTH="82" HEIGHT="28" CONTENT="nos" WC="1.00" CC="000"/>
						<SP ID="P17_SP00463" HPOS="952" VPOS="3095" WIDTH="24"/>
						<String ID="P17_ST00509" HPOS="976" VPOS="3045" WIDTH="261" HEIGHT="51" CONTENT="classiques." WC="0.99" CC="05100408004"/>
					</TextLine>
					<TextLine ID="P17_TL00044" HPOS="88" VPOS="3109" WIDTH="2004" HEIGHT="63">
						<String ID="P17_ST00510" HPOS="88" VPOS="3109" WIDTH="99" HEIGHT="52" CONTENT="Que" WC="0.97" CC="060"/>
						<SP ID="P17_SP00464" HPOS="187" VPOS="3161" WIDTH="24"/>
						<String ID="P17_ST00511" HPOS="211" VPOS="3124" WIDTH="46" HEIGHT="27" CONTENT="ce" WC="1.00" CC="00"/>
						<SP ID="P17_SP00465" HPOS="257" VPOS="3161" WIDTH="25"/>
						<String ID="P17_ST00512" HPOS="282" VPOS="3113" WIDTH="244" HEIGHT="50" CONTENT="répertoire" WC="1.00" CC="0500002300"/>
						<SP ID="P17_SP00466" HPOS="526" VPOS="3163" WIDTH="25"/>
						<String ID="P17_ST00513" HPOS="551" VPOS="3113" WIDTH="84" HEIGHT="38" CONTENT="soit" WC="1.00" CC="0000"/>
						<SP ID="P17_SP00467" HPOS="635" VPOS="3163" WIDTH="24"/>
						<String ID="P17_ST00514" HPOS="659" VPOS="3114" WIDTH="145" HEIGHT="38" CONTENT="mieux" WC="0.98" CC="04370"/>
						<SP ID="P17_SP00468" HPOS="804" VPOS="3163" WIDTH="40"/>
						<String ID="P17_ST00515" HPOS="844" VPOS="3114" WIDTH="240" HEIGHT="51" CONTENT="interprété" WC="0.99" CC="4660001000"/>
						<SP ID="P17_SP00469" HPOS="1084" VPOS="3165" WIDTH="25"/>
						<String ID="P17_ST00516" HPOS="1109" VPOS="3117" WIDTH="20" HEIGHT="34" CONTENT="à" WC="0.73" CC="2"/>
						<SP ID="P17_SP00470" HPOS="1129" VPOS="3165" WIDTH="34"/>
						<String ID="P17_ST00517" HPOS="1163" VPOS="3113" WIDTH="39" HEIGHT="39" CONTENT="la" WC="1.00" CC="00"/>
						<SP ID="P17_SP00471" HPOS="1202" VPOS="3165" WIDTH="26"/>
						<String ID="P17_ST00518" HPOS="1228" VPOS="3113" WIDTH="479" HEIGHT="52" CONTENT="Comédie-Française" WC="1.00" CC="00000203600000200"/>
						<SP ID="P17_SP00472" HPOS="1707" VPOS="3165" WIDTH="40"/>
						<String ID="P17_ST00519" HPOS="1747" VPOS="3130" WIDTH="83" HEIGHT="39" CONTENT="que" WC="0.99" CC="001"/>
						<SP ID="P17_SP00473" HPOS="1830" VPOS="3169" WIDTH="24"/>
						<String ID="P17_ST00520" HPOS="1854" VPOS="3127" WIDTH="185" HEIGHT="42" CONTENT="partout." WC="0.99" CC="00000544"/>
						<SP ID="P17_SP00474" HPOS="2039" VPOS="3169" WIDTH="18"/>
						<String ID="P17_ST00521" HPOS="2057" VPOS="3114" WIDTH="35" HEIGHT="58" CONTENT="Il" WC="0.33" CC="66"/>
					</TextLine>
					<TextLine ID="P17_TL00045" HPOS="33" VPOS="3179" WIDTH="2013" HEIGHT="59">
						<String ID="P17_ST00522" HPOS="33" VPOS="3179" WIDTH="195" HEIGHT="50" CONTENT="ailleurs," WC="1.00" CC="000200003"/>
						<SP ID="P17_SP00475" HPOS="228" VPOS="3229" WIDTH="26"/>
						<String ID="P17_ST00523" HPOS="254" VPOS="3180" WIDTH="92" HEIGHT="39" CONTENT="cela" WC="1.00" CC="0000"/>
						<SP ID="P17_SP00476" HPOS="346" VPOS="3229" WIDTH="32"/>
						<String ID="P17_ST00524" HPOS="378" VPOS="3188" WIDTH="66" HEIGHT="32" CONTENT="est" WC="1.00" CC="000"/>
						<SP ID="P17_SP00477" HPOS="444" VPOS="3229" WIDTH="23"/>
						<String ID="P17_ST00525" HPOS="467" VPOS="3179" WIDTH="326" HEIGHT="41" CONTENT="indiscutable:" WC="1.00" CC="3600000510304"/>
						<SP ID="P17_SP00478" HPOS="793" VPOS="3229" WIDTH="36"/>
						<String ID="P17_ST00526" HPOS="829" VPOS="3180" WIDTH="29" HEIGHT="40" CONTENT="il" WC="0.57" CC="44"/>
						<SP ID="P17_SP00479" HPOS="858" VPOS="3229" WIDTH="24"/>
						<String ID="P17_ST00527" HPOS="882" VPOS="3181" WIDTH="99" HEIGHT="40" CONTENT="n'en" WC="0.97" CC="2406"/>
						<SP ID="P17_SP00480" HPOS="981" VPOS="3229" WIDTH="24"/>
						<String ID="P17_ST00528" HPOS="1005" VPOS="3189" WIDTH="65" HEIGHT="31" CONTENT="est" WC="0.97" CC="105"/>
						<SP ID="P17_SP00481" HPOS="1070" VPOS="3229" WIDTH="22"/>
						<String ID="P17_ST00529" HPOS="1092" VPOS="3193" WIDTH="81" HEIGHT="40" CONTENT="pas" WC="0.98" CC="050"/>
						<SP ID="P17_SP00482" HPOS="1173" VPOS="3233" WIDTH="36"/>
						<String ID="P17_ST00530" HPOS="1209" VPOS="3184" WIDTH="146" HEIGHT="38" CONTENT="moins" WC="0.98" CC="00074"/>
						<SP ID="P17_SP00483" HPOS="1355" VPOS="3233" WIDTH="30"/>
						<String ID="P17_ST00531" HPOS="1385" VPOS="3184" WIDTH="113" HEIGHT="52" CONTENT="juste" WC="0.98" CC="33060"/>
						<SP ID="P17_SP00484" HPOS="1498" VPOS="3236" WIDTH="39"/>
						<String ID="P17_ST00532" HPOS="1537" VPOS="3184" WIDTH="54" HEIGHT="40" CONTENT="de" WC="1.00" CC="00"/>
						<SP ID="P17_SP00485" HPOS="1591" VPOS="3236" WIDTH="32"/>
						<String ID="P17_ST00533" HPOS="1623" VPOS="3187" WIDTH="114" HEIGHT="37" CONTENT="tenir" WC="0.98" CC="40740"/>
						<SP ID="P17_SP00486" HPOS="1737" VPOS="3236" WIDTH="22"/>
						<String ID="P17_ST00534" HPOS="1759" VPOS="3196" WIDTH="174" HEIGHT="42" CONTENT="compte" WC="1.00" CC="020000"/>
						<SP ID="P17_SP00487" HPOS="1933" VPOS="3238" WIDTH="22"/>
						<String ID="P17_ST00535" HPOS="1955" VPOS="3187" WIDTH="91" HEIGHT="47" CONTENT="des]" WC="0.98" CC="0008"/>
					</TextLine>
					<TextLine ID="P17_TL00046" HPOS="33" VPOS="3246" WIDTH="2044" HEIGHT="58">
						<String ID="P17_ST00536" HPOS="33" VPOS="3252" WIDTH="308" HEIGHT="46" CONTENT="persévérants" WC="1.00" CC="000000000000"/>
						<SP ID="P17_SP00488" HPOS="341" VPOS="3298" WIDTH="21"/>
						<String ID="P17_ST00537" HPOS="362" VPOS="3247" WIDTH="150" HEIGHT="41" CONTENT="efforts" WC="1.00" CC="0000050"/>
						<SP ID="P17_SP00489" HPOS="512" VPOS="3298" WIDTH="20"/>
						<String ID="P17_ST00538" HPOS="532" VPOS="3248" WIDTH="77" HEIGHT="40" CONTENT="des" WC="0.99" CC="030"/>
						<SP ID="P17_SP00490" HPOS="609" VPOS="3298" WIDTH="21"/>
						<String ID="P17_ST00539" HPOS="630" VPOS="3248" WIDTH="242" HEIGHT="41" CONTENT="directeurs" WC="1.00" CC="0500020501"/>
						<SP ID="P17_SP00491" HPOS="872" VPOS="3298" WIDTH="37"/>
						<String ID="P17_ST00540" HPOS="909" VPOS="3251" WIDTH="92" HEIGHT="50" CONTENT="qui," WC="0.98" CC="0044"/>
						<SP ID="P17_SP00492" HPOS="1001" VPOS="3301" WIDTH="44"/>
						<String ID="P17_ST00541" HPOS="1045" VPOS="3246" WIDTH="70" HEIGHT="54" CONTENT="n'y" WC="0.97" CC="440"/>
						<SP ID="P17_SP00493" HPOS="1115" VPOS="3301" WIDTH="20"/>
						<String ID="P17_ST00542" HPOS="1135" VPOS="3253" WIDTH="119" HEIGHT="37" CONTENT="étant" WC="0.99" CC="05021"/>
						<SP ID="P17_SP00494" HPOS="1254" VPOS="3301" WIDTH="33"/>
						<String ID="P17_ST00543" HPOS="1287" VPOS="3265" WIDTH="80" HEIGHT="37" CONTENT="pas" WC="1.00" CC="000"/>
						<SP ID="P17_SP00495" HPOS="1367" VPOS="3302" WIDTH="38"/>
						<String ID="P17_ST00544" HPOS="1405" VPOS="3250" WIDTH="140" HEIGHT="42" CONTENT="forcés" WC="1.00" CC="000000"/>
						<SP ID="P17_SP00496" HPOS="1545" VPOS="3302" WIDTH="26"/>
						<String ID="P17_ST00545" HPOS="1571" VPOS="3267" WIDTH="78" HEIGHT="37" CONTENT="par" WC="0.97" CC="080"/>
						<SP ID="P17_SP00497" HPOS="1649" VPOS="3304" WIDTH="25"/>
						<String ID="P17_ST00546" HPOS="1674" VPOS="3268" WIDTH="59" HEIGHT="30" CONTENT="uja" WC="0.20" CC="688"/>
						<SP ID="P17_SP00498" HPOS="1733" VPOS="3304" WIDTH="40"/>
						<String ID="P17_ST00547" HPOS="1773" VPOS="3254" WIDTH="149" HEIGHT="40" CONTENT="cahier" WC="1.00" CC="003000"/>
						<SP ID="P17_SP00499" HPOS="1922" VPOS="3304" WIDTH="32"/>
						<String ID="P17_ST00548" HPOS="1954" VPOS="3255" WIDTH="76" HEIGHT="40" CONTENT="des" WC="0.99" CC="003"/>
						<SP ID="P17_SP00500" HPOS="2030" VPOS="3304" WIDTH="22"/>
						<String ID="P17_ST00549" HPOS="2052" VPOS="3254" WIDTH="25" HEIGHT="16" CONTENT="xi" STYLE="superscript" WC="0.27" CC="94"/>
					</TextLine>
					<TextLine ID="P17_TL00047" HPOS="32" VPOS="3316" WIDTH="1604" HEIGHT="56">
						<String ID="P17_ST00550" HPOS="32" VPOS="3316" WIDTH="201" HEIGHT="50" CONTENT="charges," WC="1.00" CC="00000004"/>
						<SP ID="P17_SP00501" HPOS="233" VPOS="3366" WIDTH="28"/>
						<String ID="P17_ST00551" HPOS="261" VPOS="3318" WIDTH="200" HEIGHT="38" CONTENT="tiennent" WC="0.99" CC="53000060"/>
						<SP ID="P17_SP00502" HPOS="461" VPOS="3366" WIDTH="21"/>
						<String ID="P17_ST00552" HPOS="482" VPOS="3320" WIDTH="21" HEIGHT="35" CONTENT="à" WC="0.73" CC="2"/>
						<SP ID="P17_SP00503" HPOS="503" VPOS="3366" WIDTH="25"/>
						<String ID="P17_ST00553" HPOS="528" VPOS="3316" WIDTH="204" HEIGHT="40" CONTENT="honneur" WC="0.99" CC="0104060"/>
						<SP ID="P17_SP00504" HPOS="732" VPOS="3366" WIDTH="19"/>
						<String ID="P17_ST00554" HPOS="751" VPOS="3317" WIDTH="53" HEIGHT="39" CONTENT="de" WC="1.00" CC="00"/>
						<SP ID="P17_SP00505" HPOS="804" VPOS="3366" WIDTH="20"/>
						<String ID="P17_ST00555" HPOS="824" VPOS="3330" WIDTH="224" HEIGHT="39" CONTENT="propager" WC="1.00" CC="00000000"/>
						<SP ID="P17_SP00506" HPOS="1048" VPOS="3369" WIDTH="16"/>
						<String ID="P17_ST00556" HPOS="1064" VPOS="3325" WIDTH="126" HEIGHT="32" CONTENT="notre" WC="0.99" CC="40300"/>
						<SP ID="P17_SP00507" HPOS="1190" VPOS="3369" WIDTH="16"/>
						<String ID="P17_ST00557" HPOS="1206" VPOS="3318" WIDTH="168" HEIGHT="41" CONTENT="théâtre" WC="0.99" CC="4071000"/>
						<SP ID="P17_SP00508" HPOS="1374" VPOS="3369" WIDTH="23"/>
						<String ID="P17_ST00558" HPOS="1397" VPOS="3320" WIDTH="239" HEIGHT="52" CONTENT="classique." WC="0.99" CC="0200030544"/>
					</TextLine>
					<TextLine ID="P17_TL00048" HPOS="88" VPOS="3382" WIDTH="1939" HEIGHT="57">
						<String ID="P17_ST00559" HPOS="88" VPOS="3382" WIDTH="119" HEIGHT="42" CONTENT="Pour" WC="1.00" CC="0000"/>
						<SP ID="P17_SP00509" HPOS="207" VPOS="3424" WIDTH="23"/>
						<String ID="P17_ST00560" HPOS="230" VPOS="3398" WIDTH="46" HEIGHT="26" CONTENT="ce" WC="1.00" CC="00"/>
						<SP ID="P17_SP00510" HPOS="276" VPOS="3424" WIDTH="23"/>
						<String ID="P17_ST00561" HPOS="299" VPOS="3386" WIDTH="74" HEIGHT="50" CONTENT="qui" WC="0.98" CC="004"/>
						<SP ID="P17_SP00511" HPOS="373" VPOS="3436" WIDTH="20"/>
						<String ID="P17_ST00562" HPOS="393" VPOS="3393" WIDTH="66" HEIGHT="31" CONTENT="est" WC="1.00" CC="000"/>
						<SP ID="P17_SP00512" HPOS="459" VPOS="3436" WIDTH="23"/>
						<String ID="P17_ST00563" HPOS="482" VPOS="3384" WIDTH="77" HEIGHT="41" CONTENT="des" WC="0.98" CC="005"/>
						<SP ID="P17_SP00513" HPOS="559" VPOS="3436" WIDTH="22"/>
						<String ID="P17_ST00564" HPOS="581" VPOS="3384" WIDTH="163" HEIGHT="41" CONTENT="Trente" WC="0.99" CC="000700"/>
						<SP ID="P17_SP00514" HPOS="744" VPOS="3436" WIDTH="16"/>
						<String ID="P17_ST00565" HPOS="760" VPOS="3384" WIDTH="93" HEIGHT="41" CONTENT="Ans" WC="1.00" CC="000"/>
						<SP ID="P17_SP00515" HPOS="853" VPOS="3436" WIDTH="17"/>
						<String ID="P17_ST00566" HPOS="870" VPOS="3386" WIDTH="54" HEIGHT="39" CONTENT="de" WC="1.00" CC="00"/>
						<SP ID="P17_SP00516" HPOS="924" VPOS="3436" WIDTH="19"/>
						<String ID="P17_ST00567" HPOS="943" VPOS="3384" WIDTH="193" HEIGHT="41" CONTENT="Théâtre" WC="1.00" CC="0000600"/>
						<SP ID="P17_SP00517" HPOS="1136" VPOS="3436" WIDTH="23"/>
						<String ID="P17_ST00568" HPOS="1159" VPOS="3398" WIDTH="53" HEIGHT="27" CONTENT="en" WC="0.70" CC="05"/>
						<SP ID="P17_SP00518" HPOS="1212" VPOS="3436" WIDTH="21"/>
						<String ID="P17_ST00569" HPOS="1233" VPOS="3394" WIDTH="91" HEIGHT="33" CONTENT="tant" WC="0.97" CC="4152"/>
						<SP ID="P17_SP00519" HPOS="1324" VPOS="3436" WIDTH="23"/>
						<String ID="P17_ST00570" HPOS="1347" VPOS="3401" WIDTH="85" HEIGHT="38" CONTENT="que" WC="0.98" CC="050"/>
						<SP ID="P17_SP00520" HPOS="1432" VPOS="3439" WIDTH="21"/>
						<String ID="P17_ST00571" HPOS="1453" VPOS="3390" WIDTH="161" HEIGHT="38" CONTENT="société" WC="1.00" CC="0000030"/>
						<SP ID="P17_SP00521" HPOS="1614" VPOS="3439" WIDTH="20"/>
						<String ID="P17_ST00572" HPOS="1634" VPOS="3389" WIDTH="53" HEIGHT="39" CONTENT="de" WC="1.00" CC="00"/>
						<SP ID="P17_SP00522" HPOS="1687" VPOS="3439" WIDTH="23"/>
						<String ID="P17_ST00573" HPOS="1710" VPOS="3389" WIDTH="317" HEIGHT="48" CONTENT="bienfaisance," WC="0.99" CC="0307014065004"/>
					</TextLine>
					<TextLine ID="P17_TL00049" HPOS="29" VPOS="3442" WIDTH="1998" HEIGHT="68">
						<String ID="P17_ST00574" HPOS="29" VPOS="3442" WIDTH="65" HEIGHT="68" CONTENT="(un" WC="0.92" CC="877"/>
						<SP ID="P17_SP00523" HPOS="94" VPOS="3510" WIDTH="33"/>
						<String ID="P17_ST00575" HPOS="127" VPOS="3454" WIDTH="219" HEIGHT="40" CONTENT="immense" WC="0.99" CC="4010600"/>
						<SP ID="P17_SP00524" HPOS="346" VPOS="3510" WIDTH="38"/>
						<String ID="P17_ST00576" HPOS="384" VPOS="3458" WIDTH="187" HEIGHT="46" CONTENT="progrès" WC="0.99" CC="0030070"/>
						<SP ID="P17_SP00525" HPOS="571" VPOS="3510" WIDTH="41"/>
						<String ID="P17_ST00577" HPOS="612" VPOS="3455" WIDTH="120" HEIGHT="39" CONTENT="vient" WC="0.99" CC="02004"/>
						<SP ID="P17_SP00526" HPOS="732" VPOS="3510" WIDTH="40"/>
						<String ID="P17_ST00578" HPOS="772" VPOS="3452" WIDTH="136" HEIGHT="42" CONTENT="d'être" WC="0.99" CC="046100"/>
						<SP ID="P17_SP00527" HPOS="908" VPOS="3510" WIDTH="40"/>
						<String ID="P17_ST00579" HPOS="948" VPOS="3454" WIDTH="230" HEIGHT="51" CONTENT="accompli." WC="1.00" CC="001000203"/>
						<SP ID="P17_SP00528" HPOS="1178" VPOS="3510" WIDTH="28"/>
						<String ID="P17_ST00580" HPOS="1206" VPOS="3453" WIDTH="61" HEIGHT="41" CONTENT="La" WC="0.91" CC="10"/>
						<SP ID="P17_SP00529" HPOS="1267" VPOS="3510" WIDTH="24"/>
						<String ID="P17_ST00581" HPOS="1291" VPOS="3457" WIDTH="142" HEIGHT="39" CONTENT="caisse" WC="1.00" CC="003000"/>
						<SP ID="P17_SP00530" HPOS="1433" VPOS="3510" WIDTH="23"/>
						<String ID="P17_ST00582" HPOS="1456" VPOS="3457" WIDTH="52" HEIGHT="39" CONTENT="de" WC="1.00" CC="00"/>
						<SP ID="P17_SP00531" HPOS="1508" VPOS="3510" WIDTH="18"/>
						<String ID="P17_ST00583" HPOS="1526" VPOS="3469" WIDTH="179" HEIGHT="28" CONTENT="secours" WC="0.99" CC="0004600"/>
						<SP ID="P17_SP00532" HPOS="1705" VPOS="3510" WIDTH="24"/>
						<String ID="P17_ST00584" HPOS="1729" VPOS="3459" WIDTH="253" HEIGHT="40" CONTENT="immédiats" WC="0.99" CC="200604040"/>
						<SP ID="P17_SP00533" HPOS="1982" VPOS="3510" WIDTH="24"/>
						<String ID="P17_ST00585" HPOS="2006" VPOS="3473" WIDTH="21" HEIGHT="26" CONTENT="a" WC="1.00" CC="0"/>
					</TextLine>
					<TextLine ID="P17_TL00050" HPOS="29" VPOS="3518" WIDTH="2001" HEIGHT="59">
						<String ID="P17_ST00586" HPOS="29" VPOS="3518" WIDTH="241" HEIGHT="54" CONTENT="jdistribué," WC="0.69" CC="80006260062"/>
						<SP ID="P17_SP00534" HPOS="270" VPOS="3572" WIDTH="40"/>
						<String ID="P17_ST00587" HPOS="310" VPOS="3534" WIDTH="54" HEIGHT="27" CONTENT="en" WC="0.82" CC="03"/>
						<SP ID="P17_SP00535" HPOS="364" VPOS="3572" WIDTH="45"/>
						<String ID="P17_ST00588" HPOS="409" VPOS="3534" WIDTH="116" HEIGHT="38" CONTENT="1907," WC="0.70" CC="45040"/>
						<SP ID="P17_SP00536" HPOS="525" VPOS="3572" WIDTH="39"/>
						<String ID="P17_ST00589" HPOS="564" VPOS="3524" WIDTH="162" HEIGHT="39" CONTENT="80.000" WC="0.82" CC="403002"/>
						<SP ID="P17_SP00537" HPOS="726" VPOS="3572" WIDTH="36"/>
						<String ID="P17_ST00590" HPOS="762" VPOS="3520" WIDTH="164" HEIGHT="54" CONTENT="francs," WC="1.00" CC="0002002"/>
						<SP ID="P17_SP00538" HPOS="926" VPOS="3574" WIDTH="38"/>
						<String ID="P17_ST00591" HPOS="964" VPOS="3523" WIDTH="187" HEIGHT="51" CONTENT="répartis" WC="1.00" CC="40010000"/>
						<SP ID="P17_SP00539" HPOS="1151" VPOS="3574" WIDTH="23"/>
						<String ID="P17_ST00592" HPOS="1174" VPOS="3532" WIDTH="121" HEIGHT="31" CONTENT="entre" WC="0.99" CC="06100"/>
						<SP ID="P17_SP00540" HPOS="1295" VPOS="3574" WIDTH="39"/>
						<String ID="P17_ST00593" HPOS="1334" VPOS="3525" WIDTH="62" HEIGHT="40" CONTENT="les" WC="0.95" CC="660"/>
						<SP ID="P17_SP00541" HPOS="1396" VPOS="3574" WIDTH="20"/>
						<String ID="P17_ST00594" HPOS="1416" VPOS="3539" WIDTH="190" HEIGHT="38" CONTENT="pauvres" WC="1.00" CC="0000000"/>
						<SP ID="P17_SP00542" HPOS="1606" VPOS="3577" WIDTH="22"/>
						<String ID="P17_ST00595" HPOS="1628" VPOS="3526" WIDTH="58" HEIGHT="40" CONTENT="du" WC="0.96" CC="00"/>
						<SP ID="P17_SP00543" HPOS="1686" VPOS="3577" WIDTH="23"/>
						<String ID="P17_ST00596" HPOS="1709" VPOS="3525" WIDTH="168" HEIGHT="42" CONTENT="théâtre" WC="0.99" CC="5600500"/>
						<SP ID="P17_SP00544" HPOS="1877" VPOS="3577" WIDTH="29"/>
						<String ID="P17_ST00597" HPOS="1906" VPOS="3535" WIDTH="41" HEIGHT="32" CONTENT="et" WC="1.00" CC="00"/>
						<SP ID="P17_SP00545" HPOS="1947" VPOS="3577" WIDTH="20"/>
						<String ID="P17_ST00598" HPOS="1967" VPOS="3527" WIDTH="63" HEIGHT="40" CONTENT="les" WC="0.99" CC="002"/>
					</TextLine>
				</TextBlock>
				<TextBlock ID="P17_TB00004" HPOS="130" VPOS="3591" WIDTH="210" HEIGHT="44" STYLEREFS="TXT_4 PAR_LEFT">
					<TextLine ID="P17_TL00051" HPOS="205" VPOS="3598" WIDTH="133" HEIGHT="35">
						<String ID="P17_ST00599" HPOS="205" VPOS="3598" WIDTH="41" HEIGHT="31" CONTENT="R," WC="0.51" CC="54"/>
						<SP ID="P17_SP00546" HPOS="246" VPOS="3629" WIDTH="44"/>
						<String ID="P17_ST00600" HPOS="290" VPOS="3599" WIDTH="48" HEIGHT="34" CONTENT="M." WC="0.47" CC="64"/>
					</TextLine>
				</TextBlock>
				<TextBlock ID="P17_TB00005" HPOS="1834" VPOS="3612" WIDTH="213" HEIGHT="23" STYLEREFS="TXT_5 PAR_RIGHT">
					<TextLine ID="P17_TL00052" HPOS="1837" VPOS="3616" WIDTH="17" HEIGHT="19">
						<String ID="P17_ST00601" HPOS="1837" VPOS="3616" WIDTH="17" HEIGHT="19" CONTENT="2" WC="0.41" CC="5"/>
					</TextLine>
				</TextBlock>
			</PrintSpace>
		</Page>
	</Layout>
</alto>
