2268 3830
840 270 52 26 LE
925 263 268 35 BAROMÈTRE
1223 271 192 29 MUSICAL

2074 266 61 50 35

121 363 211 51 musique
369 364 215 38 existante
623 360 114 43 n'est
776 376 80 39 pas
894 366 292 40 entièrement
1237 366 226 42 conforme
1503 380 80 26 aux
1623 366 268 41 indications
1927 366 197 41 fournies

122 444 81 38 par
226 430 38 40 la
288 431 168 39 théorie
482 430 226 42 Gandillot
733 444 19 24 »
779 430 59 54 (p.
866 434 115 50 605).

179 498 126 40 Cette
329 498 266 42 affirmation
618 515 24 24 a
666 499 98 41 Vair
787 498 134 43 d'être
939 500 240 43 confirmée
1202 518 81 37 par
1305 505 216 39 certaines
1539 505 281 50 expériences
1844 519 7 33 ;
1896 506 114 38 mais
2035 517 88 40 que

120 576 219 42 prouvent
372 567 195 40 celles-ci
588 569 14 37 ?
644 567 67 41 En
750 579 248 42 manquant
1031 570 39 41 le
1092 570 79 41 but
1190 572 38 40 le
1252 574 134 39 tireur
1410 572 255 52 prouve-t-il
1699 585 85 39 que
1807 572 39 40 la
1871 574 110 39 mire
2013 586 20 26 a
2059 577 65 36 été

122 635 87 38 mal
234 635 150 51 placée
409 636 80 53 ?Je
513 635 284 54 m'explique.
825 637 203 42 Prenons
1049 653 112 38 pour
1185 642 113 51 sujet
1322 640 331 40 d'observation
1686 655 59 25 un
1787 641 215 40 chanteur
2029 643 93 50 qui,

120 703 111 40 dans
255 703 77 40 des
356 707 283 49 expériences
663 706 247 51 analogues
936 711 21 35 à
982 708 131 40 celles
1137 709 54 40 de
1215 708 60 42 M.
1302 708 246 48 Zambiasi,
1575 723 105 26 aura
1702 714 175 36 montré
1901 708 105 53 qu'il
2027 719 97 31 sent

119 772 38 39 la
181 774 207 50 musique
423 773 353 41 conformément
800 780 20 34 à
846 775 38 39 la
925 790 181 36 gamme
1144 778 77 40 des
1265 787 203 44 rapports
1486 778 197 51 simples,
1729 787 41 32 et
1806 778 262 40 invitons-le
2101 783 21 35 à

120 840 123 52 jouer
266 840 54 40 de
339 844 191 38 certains
554 844 291 39 instruments
873 856 7 26 :
924 846 177 40 suivant
1122 846 106 53 qu'il
1252 847 242 53 emploiera
1532 847 40 40 le
1595 849 132 50 piano
1752 846 201 53 (accordé
1973 851 21 35 à
2020 856 78 31 tem-

120 908 266 54 pérament),
413 924 56 27 ou
489 909 39 41 le
561 912 152 40 violon
744 912 134 50 'réglé
902 927 81 39 par
1005 915 211 52 quintes),
1244 929 56 27 ou
1323 916 39 39 le
1384 929 74 27 cor
1482 914 281 53 (produisant
1799 915 63 40 les
1900 915 196 41 harmoni-

121 991 108 39 ques
253 979 133 40 d'une
409 983 144 36 même
577 980 368 54 fondamentale),
972 991 119 32 etc...
1130 985 29 38 il
1194 999 104 25 aura
1327 983 99 41 Vair
1449 982 256 43 d'observer
1742 985 40 39 la
1805 998 180 37 gamme
2008 993 85 32 tem-

120 1051 145 47 pérée,
289 1060 56 28 ou
369 1048 39 40 la
431 1062 181 36 gamme
635 1064 80 37 par
738 1052 193 50 quintes,
967 1065 56 27 ou
1047 1052 39 39 la
1108 1067 179 36 gamme
1308 1053 77 40 des
1404 1053 338 52 harmoniques,
1777 1061 67 32 etc
1868 1084 27 9 ~
1929 1053 168 41 Devons-

120 1129 113 27 nous
251 1129 54 27 en
327 1117 205 40 conclure
556 1116 101 53 qu'à
682 1119 173 52 chaque
870 1121 284 50 instrument,
1186 1122 183 40 l'artiste
1388 1122 160 52 adopte
1582 1135 85 27 une
1696 1122 207 41 nouvelle
1926 1124 198 38 manière

119 1185 54 40 de
197 1185 137 40 sentir
355 1185 38 40 la
415 1187 211 51 musique
647 1191 15 35 ?
701 1186 315 43 Evidemment
1039 1202 89 28 non
1149 1188 7 39 !
1183 1188 101 42 c'est
1309 1190 248 40 seulement
1597 1203 81 27 son
1701 1191 69 51 jeu
1795 1192 75 50 qui
1893 1199 65 32 est
1980 1192 120 39 inévi-

120 1252 246 41 tablement
389 1254 221 41 influencé
632 1270 79 37 par
736 1256 37 40 le
795 1257 133 40 mode
951 1257 53 40 de
1019 1258 182 49 réglage
1219 1258 52 40 de
1292 1258 299 40 l'instrument
1618 1258 218 52 employé.
1872 1257 55 42 Et
1951 1257 102 41 c'est
2079 1273 45 26 se

121 1321 159 40 laisser
302 1332 265 40 gravement
600 1324 140 52 duper
773 1339 79 37 par
876 1324 277 53 l'apparence
1174 1340 84 37 que
1282 1326 53 40 de
1358 1326 243 40 confondre
1624 1327 39 39 le
1686 1326 78 41 but
1786 1331 191 47 proposé
1997 1336 40 30 et
2060 1328 62 39 les

122 1390 284 41 réalisations
429 1392 101 51 plus
554 1406 55 27 ou
629 1394 147 39 moins
796 1394 291 52 approchées,
1124 1395 222 50 imposées
1377 1408 79 38 par
1487 1392 338 54 l'imperfection
1866 1395 180 41 relative
2067 1395 57 41 de

121 1472 82 27 nos
228 1473 186 38 moyens
438 1458 273 44 d'exécution
734 1462 78 48 (1).

289 1527 56 50 (A
369 1528 140 41 suivre
518 1529 30 48 .)

1469 1531 198 41 Maurice
1700 1530 280 42 GANDILLOT.

176 1660 235 43 ERRATUM.
508 1663 122 40 Dans
662 1672 126 32 notre
811 1664 176 40 dernier
1008 1669 186 37 numéro
1232 1666 58 40 du
1319 1679 41 39 15
1388 1666 93 41 déc.
1491 1697 9 17 ?
1526 1680 43 39 p.
1592 1672 96 45 672,
1714 1667 78 41 lire
1818 1683 7 25 :
1852 1680 20 26 «
1893 1666 52 40 M
1947 1665 42 28 lle
2010 1664 85 43 Hor-

120 1735 112 34 tense
263 1729 164 41 Parent
451 1743 38 26 ».

1175 1788 10 12 4

645 1825 58 35 LE
733 1827 255 35 BAROMÈTRE
1017 1825 212 52 MUSICAL.
1256 1825 26 52 -
1309 1825 53 52 I.
1388 1825 27 52 -
1441 1825 159 52 Opéra.

433 1917 184 38 Recettes
646 1918 213 38 détaillées
880 1919 51 37 du
958 1920 54 37 16
1034 1921 217 36 novembre
1273 1934 51 23 au
1350 1917 53 44 15
1429 1917 212 44 décembre
1794 1954 6 7 1908.

160 3329 46 43 (i)
227 3331 64 38 J'ai
314 3331 140 41 précisé
474 3342 39 22 ce
534 3332 102 40 point
657 3334 89 31 dans
763 3333 148 34 l'article
930 3335 136 39 précité
1082 3343 18 23 «
1123 3334 155 42 Origine
1298 3336 41 31 de
1368 3339 32 30 la
1422 3347 145 32 gamme
1586 3347 16 21 »
1629 3340 11 36 (
1647 3338 153 31 Bulletin
1828 3340 39 31 de
1892 3340 32 31 la
1947 3338 40 34 S.
2011 3340 28 32 I.
2063 3340 50 31 M.

116 3380 45 31 du
191 3390 37 31 15
259 3385 83 29 août
368 3381 118 42 1908).
514 3382 25 31 Il
563 3390 52 24 est
642 3383 148 33 curieux
814 3384 42 32 de
880 3392 183 24 constater
1081 3394 84 31 que,
1189 3395 84 21 sous
1298 3387 159 39 prétexte
1474 3387 44 31 de
1543 3388 143 39 probité
1705 3388 296 40 expérimentale,
2018 3400 92 22 nous

117 3429 146 33 n'osons
290 3441 63 30 pas
377 3431 161 33 discuter
554 3440 32 24 et
611 3432 218 41 interpréter
851 3434 319 33 rationnellement
1197 3437 50 29 les
1270 3437 167 31 résultats
1459 3437 44 32 de
1529 3447 64 21 nos
1618 3438 263 32 observations.
1903 3439 26 31 Il
1948 3446 53 26 est
2023 3450 64 30 pro-

114 3479 108 33 bable
241 3491 71 30 que
332 3491 91 22 nous
441 3492 92 22 nous
559 3482 196 33 laisserons
780 3483 93 32 ainsi
897 3485 131 31 abuser
1045 3495 64 29 par
1128 3484 148 40 l'aspect
1292 3486 178 32 extérieur
1492 3486 62 33 des
1579 3487 127 33 choses
1731 3495 76 26 tant
1830 3488 113 41 qu'un
1969 3489 144 32 homme

118 3528 139 39 (savant
294 3541 43 21 ou
360 3531 137 40 artiste)
520 3532 200 40 possédant
750 3543 71 23 une
856 3534 158 32 autorité
1036 3533 188 33 suffisante
1252 3545 62 22 sur
1343 3538 31 29 le
1397 3536 137 40 public,
1562 3546 44 23 ne
1651 3547 76 22 sera
1771 3548 62 30 pas
1877 3548 94 23 venu
1994 3538 125 34 attirer

117 3576 206 35 l'attention
341 3580 42 32 de
408 3588 81 25 tous
513 3591 61 22 sur
597 3591 39 23 ce
659 3582 116 41 point.

226 2085 129 24 DATES

580 2076 142 34 PIÈCES
752 2077 325 35 REPRÉSENTÉES

1371 2089 191 25 AUTEURS

1813 2090 209 24 RECETTES

146 2229 9 22 1
166 2216 22 35 6
207 2216 229 37 novembre

461 2218 142 35 Faust.

1225 2219 197 38 Gounod.

1819 2222 141 41 12.495
1990 2232 47 31 41

148 2265 40 36 .8
244 2286 41 6 -

466 2266 283 39 Tannhauser.

1225 2270 45 35 R.
1294 2269 197 47 Wagner.

1818 2283 11 22 i
1843 2271 17 36 5
1869 2271 64 38 .68
1945 2283 10 22 r
1990 2271 50 45 76

141 2326 48 24 20
243 2336 45 4 —

466 2316 140 36 Thaïs.

1225 2319 224 37 Massenet.

1819 2319 114 38 13.66
1941 2320 16 36 5
1991 2321 47 42 75

143 2376 14 23 2
173 2376 8 23 I
240 2386 47 4 —

459 2367 54 36 Aï
527 2376 54 26 ta.

1223 2367 141 40 Verdi.

1817 2382 11 22 1
1847 2369 113 37 1.280
2015 2383 20 21 »

143 2414 41 36 i3
241 2436 44 3 —

460 2416 177 36 Samson
659 2423 37 28 et
720 2415 159 37 Dalila.
903 2418 292 37 —Namouna.

1224 2417 212 38 St-Saëns.
1460 2439 46 7 —-
1531 2418 118 40 Lalo.

1818 2419 141 42 16.463
1991 2431 43 30 91

139 2465 44 35 25
241 2485 44 5 —

463 2466 53 36 Le
544 2465 251 49 Crépuscule
814 2466 67 37 des
904 2466 157 37 Dieux.

1223 2467 46 36 R.
1299 2467 200 47 Wagner.

1814 2480 145 34 22.071
1995 2469 48 36 26

139 2525 19 23 2
165 2527 21 33 7
241 2535 42 5 —

457 2515 146 37 Faust.

1223 2517 196 38 Gounod.

1817 2518 142 42 18.777

140 2563 46 36 28
242 2585 43 4 —

460 2564 56 36 Le
542 2564 251 46 Crépuscule
812 2564 68 37 des
904 2565 157 37 Dieux.

1225 2566 43 37 R.
1294 2567 198 43 Wagner.

1820 2579 142 31 19.714
1993 2568 48 37 5o

141 2613 47 36 3o
245 2634 43 5 —

457 2613 215 48 Rigoletto
681 2641 6 6 .
712 2636 43 4 —
783 2615 40 35 A
830 2626 179 25 amouna

1223 2615 139 36 Verdi.
1378 2638 44 5 —
1445 2616 118 38 Lalo.

1818 2617 141 44 I3.539
1988 2630 45 31 41

162 2675 19 23 2
210 2662 224 36 décembre

458 2663 58 37 Le
543 2663 250 48 Crépuscule
815 2665 69 35 des
904 2665 159 37 Dieux.

1223 2665 44 37 R.
1292 2665 197 47 Wagner.

1814 2679 149 24 21.002
1993 2668 50 48 76

161 2724 24 35 4
237 2732 46 7 —

461 2714 174 35 Samson
655 2719 37 30 et
716 2713 159 39 Dalila.
905 2736 46 5 —
981 2714 214 51 Coppélia.

1224 2715 218 37 St-Saëns.
1484 2738 47 4 —
1557 2716 49 38 L.
1636 2717 79 37 De-

1271 2763 117 37 libes.

1818 2765 139 43 18.172
1992 2766 44 36 25

165 2812 16 34 5
236 2832 48 4 —

459 2811 80 36 Les
567 2811 264 47 Huguenots.

1224 2814 259 46 Meyerbeer.

1818 2827 7 24 I
1840 2827 18 24 2
1868 2845 7 6 .
1883 2827 19 23 2
1919 2828 6 22 [
1941 2815 16 37 5
2015 2830 17 19 »

162 2873 21 35 7
237 2882 46 4 —

461 2861 55 36 Le
540 2860 252 51 Crépuscule
816 2863 66 36 des
906 2862 157 39 Dieux.

1222 2864 46 35 R.
1293 2864 196 47 Wagner.

1817 2864 141 47 18.980
1988 2876 38 35 91

161 2922 21 34 9
240 2931 42 7 —

459 2912 141 35 Faust.

1223 2912 197 37 Gounod.

1818 2914 141 42 18.969
1990 2915 49 41 76

144 2972 37 23 11
240 2980 45 7 —

461 2960 56 36 Le
543 2959 249 47 Crépuscule
813 2961 69 37 des
902 2961 157 39 Dieux.

1221 2963 45 38 R.
1293 2963 198 43 Wagner.

1812 2963 143 48 21.693
1989 2966 44 34 25

142 3022 41 22 12
240 3031 44 5 —

459 3010 175 36 Samson
657 3015 39 32 et
714 3011 161 37 Dalila.
895 3033 43 4 —
963 3011 213 50 Coppélia.

1223 3011 218 37 St-Saëns.
1465 3034 47 5 —
1552 3013 45 38 L.
1630 3013 80 37 De-

1270 3060 121 38 libes.

1815 3062 147 43 14.006
2016 3076 16 21 »

142 3121 46 31 14
240 3129 47 6 —

459 3109 59 36 Le
543 3108 250 50 Crépuscule
814 3110 68 37 des
904 3110 158 37 Dieux.

1223 3111 44 35 R.
1291 3112 197 47 Wagner.

1818 3112 139 49 17.416
1983 3124 47 34 41
