2209 3751
718 222 145 32 COURS
898 224 58 30 DU
991 221 202 33 COLLÈGE
1224 227 55 28 DÉ
1313 228 166 27 FRANCE

2057 224 22 44 3

108 317 56 39 où
181 315 165 52 parfois
378 329 57 27 un
453 315 153 40 devoir
636 322 65 33 est
725 328 80 27 aux
845 316 141 50 prises
1021 327 103 27 avec
1154 329 59 26 un
1236 324 121 32 autre
1376 315 167 40 devoir.
1579 313 70 42 On
1685 315 94 41 leur
1816 329 21 26 a
1872 314 211 53 reproché

108 383 52 40 de
183 395 216 38 manquer
419 382 54 40 de
490 383 110 51 style
621 396 9 36 ;
650 382 53 40 de
726 383 170 39 n'avoir
910 395 79 39 pas
1009 386 96 36 créé
1121 397 59 26 un
1219 384 93 40 seul
1336 392 99 43 type
1455 394 8 39 ;
1489 383 53 39 de
1561 395 54 28 ne
1634 392 196 31 montrer
1848 383 120 40 nulle
1987 391 96 44 part

109 463 84 28 une
215 449 133 40 haute
371 451 257 40 conscience
663 450 167 40 morale
863 458 40 32 et
926 450 177 40 sociale.
1129 449 86 42 Ces
1246 452 207 51 critiques
1484 459 98 32 sont
1616 459 171 32 exactes
1806 459 40 32 et
1880 451 199 51 injustes.

108 516 68 41 Un
214 517 153 40 drame
392 530 20 25 «
437 517 242 53 liturgique
708 530 19 25 »
753 518 68 39 n'a
849 531 79 38 pas
969 521 21 36 à
1016 531 45 26 se
1099 523 267 48 préoccuper
1388 519 53 39 de
1463 522 119 36 créer
1601 519 40 40 le
1667 532 136 37 genre
1822 516 201 43 d'intérêt
2042 527 41 31 et

107 585 53 39 de
179 583 162 42 beauté
364 585 202 40 inhérent
588 590 21 35 à
633 599 86 27 une
741 586 121 51 pièce
888 599 171 26 comme
1082 585 39 41 le
1138 585 251 42 Prométhée
1406 600 56 27 ou
1485 584 24 42 X
1517 584 218 55 Antigone
1759 600 9 25 :
1794 587 29 39 il
1855 586 229 52 s'acquitte

108 652 269 51 pleinement
401 653 53 40 de
477 666 46 27 sa
548 653 196 41 fonction
765 653 199 52 lorsqu'il
989 654 156 40 réalise
1164 668 113 38 pour
1296 655 61 39 les
1379 668 110 38 yeux
1512 668 45 26 ce
1581 656 75 50 qui
1677 662 64 32 est
1763 663 187 31 contenu
1973 655 111 40 dans

108 719 62 40 les
193 720 202 49 dogmes,
418 734 103 27 sans
540 734 45 26 se
604 720 242 41 demander
867 722 36 39 si
919 734 47 28 ce
988 730 190 32 contenu
1195 722 113 41 suffît
1330 727 18 35 à
1373 726 162 36 arrêter
1555 722 246 40 l'attention
1819 722 102 40 d'un
1938 721 148 52 public

108 787 125 40 lettré
265 800 56 28 ou
360 802 20 25 a
411 787 158 41 besoin
611 786 105 42 d'un
755 797 312 41 arrangement
1100 790 290 52 quelconque.
1422 788 63 42 La
1534 791 180 39 matière
1755 790 235 50 religieuse
2020 798 66 32 est

108 860 199 46 acceptée
330 868 171 28 comme
520 860 119 36 étant
656 856 235 40 au-dessus
910 856 54 40 de
978 865 120 32 toute
1114 857 249 41 discussion
1382 868 8 38 ;
1410 870 46 27 sa
1477 860 110 38 mise
1609 871 53 26 en
1686 870 148 28 œuvre
1853 857 158 40 touche
2031 870 55 28 au

109 922 183 46 théâtre,
311 923 263 51 puisqu'elle
588 922 77 42 fait
680 925 239 39 intervenir
934 924 75 40 des
1027 937 303 39 personnages
1354 927 222 48 agissants
1595 926 110 39 dans
1721 925 76 40 des
1817 924 113 41 lieux
1949 925 116 40 déter-

108 992 158 46 minés,
290 993 114 38 mais
424 988 102 43 c'est
549 991 38 40 le
608 992 93 40 seul
729 992 87 40 lien
846 994 76 49 qui
961 992 39 40 la
1022 992 195 40 rattache
1236 997 21 35 à
1275 993 277 51 l'esthétique
1567 992 103 42 d'un
1693 992 191 41 Aristote
1905 1005 55 27 ou
1983 992 105 41 d'un

107 1056 191 52 Lessing
317 1069 9 37 ;
346 1072 80 38 par
448 1071 196 36 essence,
682 1059 82 40 elle
787 1059 109 41 n'est
936 1058 162 54 qu'une
1117 1060 268 40 illustration
1409 1061 171 39 animée
1601 1061 76 39 des
1693 1068 134 32 textes
1851 1064 144 36 sacrés
2018 1070 7 37 ;
2051 1061 37 40 si

109 1125 82 40 elle
214 1134 65 31 est
313 1126 167 51 parfois
524 1140 19 24 «
587 1127 323 53 dramatique»
955 1141 54 27 au
1042 1140 101 27 sens
1166 1128 209 40 littéraire
1393 1136 41 31 et
1451 1128 211 40 moderne
1683 1128 58 39 du
1758 1136 106 41 mot,
1890 1126 102 42 c'est
2011 1141 77 38 par

108 1192 162 40 hasard
290 1202 41 32 et
351 1206 171 28 comme
544 1208 80 38 par
643 1199 187 36 surcroît
854 1208 9 26 :
889 1195 82 39 elle
1012 1194 98 41 n'en
1134 1208 21 26 a
1192 1195 75 39 nul
1291 1194 155 40 besoin
1489 1208 110 38 pour
1639 1194 214 41 atteindre
1889 1208 80 26 son
1991 1194 95 41 but.

108 1258 151 53 Quant
279 1265 22 35 à
325 1261 39 39 la
385 1264 221 50 musique,
625 1275 56 28 on
696 1275 45 28 se
755 1270 252 33 contentera
1030 1263 52 38 de
1104 1261 107 40 celle
1226 1263 74 49 qui
1315 1270 65 31 est
1402 1261 183 40 chantée
1597 1270 159 32 autour
1776 1261 77 40 des
1876 1262 156 48 autels,
2048 1270 42 33 et

112 1329 89 51 qui,
224 1328 83 40 elle
330 1331 136 45 aussi,
491 1328 111 43 n'est
637 1343 79 39 pas
758 1330 212 40 discutée.
997 1328 61 41 La
1084 1331 200 49 critique,
1310 1329 209 40 littéraire
1554 1342 57 27 ou
1648 1329 227 51 musicale,
1909 1326 181 43 n'existe

108 1409 79 38 pas
209 1409 158 28 encore
390 1405 40 32 et
449 1395 188 42 n'aurait
660 1411 78 38 pas
777 1411 44 26 sa
859 1398 145 38 raison
1031 1395 145 41 d'être.

163 1462 140 49 Donc,
327 1477 112 28 nous
463 1463 192 42 n'allons
692 1475 176 30 trouver
901 1465 91 39 rien
1027 1463 52 40 de
1099 1477 46 26 ce
1181 1465 74 50 qui
1279 1463 76 42 fait
1392 1464 280 52 aujourd'hui
1692 1462 96 43 l'art
1808 1465 57 40 du
1890 1465 167 41 théâtre
2077 1477 9 28 :

108 1544 80 38 pas
209 1530 239 52 d'intrigue
469 1544 8 35 ;
512 1545 80 38 pas
614 1532 53 39 de
701 1545 19 24 «
743 1532 133 40 nœud
901 1543 20 25 »
945 1540 40 31 et
1002 1531 53 40 de
1079 1544 20 24 «
1123 1533 233 50 péripéties
1378 1544 19 24 »
1421 1542 8 36 ;
1455 1545 78 38 pas
1556 1532 52 39 de
1633 1534 203 49 passions
1855 1533 231 47 violentes,

111 1611 79 37 pas
216 1598 53 40 de
306 1604 287 44 nouveautés,
634 1613 80 37 pas
752 1598 421 49 d'individualisme,
1216 1612 80 38 pas
1319 1600 52 39 de
1388 1601 232 39 virtuosité
1642 1600 268 52 mélodique,
1936 1614 79 39 pas
2038 1601 52 40 de

110 1678 19 24 «
153 1665 134 40 talent
312 1678 37 36 »,
377 1679 84 38 pas
480 1667 54 39 de
555 1672 149 35 succès
728 1679 57 28 ou
807 1666 54 39 de
898 1665 214 41 chutes...
1149 1664 86 42 Les
1259 1675 269 43 spectateurs
1547 1669 209 39 viennent
1776 1669 181 39 assister
1975 1673 21 35 à
2020 1681 70 27 ces

108 1733 175 40 drames
318 1746 112 39 pour
470 1735 237 50 participer
745 1738 20 35 à
790 1733 38 41 la
860 1735 268 41 célébration
1150 1736 131 40 d'une
1299 1735 84 40 fête
1408 1746 9 38 ;
1439 1735 53 40 ils
1528 1743 152 32 savent
1700 1735 209 41 d'avance
1929 1744 93 32 tout
2045 1749 45 27 ce

108 1803 75 48 qui
202 1815 51 25 va
277 1815 45 26 se
345 1815 157 38 passer
527 1811 9 40 ;
552 1802 54 39 ils
625 1802 175 40 veulent
815 1801 256 42 s'identifier
1091 1808 21 35 à
1132 1816 84 27 une
1236 1804 245 39 cérémonie
1502 1816 172 27 connue
1697 1811 40 32 et
1761 1807 146 37 sacrée
1930 1818 9 34 ;
1961 1804 54 39 ils
2037 1816 53 28 ne

108 1877 195 42 songent
326 1883 80 38 pas
449 1874 21 35 à
507 1869 250 52 applaudir,
800 1872 113 38 mais
938 1874 20 35 à
997 1884 175 26 assurer
1194 1871 94 40 leur
1308 1870 74 40 foi.
1400 1870 67 40 En
1489 1885 60 26 un
1582 1884 116 36 sens,
1721 1870 102 41 c'est
1845 1870 102 41 bien
1971 1884 83 39 peu
2079 1886 9 34 ;

108 1938 131 48 mais,
284 1936 174 52 replacé
488 1937 111 40 dans
642 1950 81 26 son
760 1950 21 24 «
805 1936 151 41 milieu
980 1950 38 34 »,
1043 1938 195 40 rattaché
1274 1952 81 26 aux
1395 1938 248 47 traditions,
1682 1951 81 27 aux
1804 1939 119 39 idées
1945 1947 41 32 et
2010 1954 80 26 aux

109 2016 240 39 croyances
374 2006 74 50 qui
465 2003 93 41 font
580 2017 80 27 son
685 2004 332 52 athmosphère,
1042 2018 46 27 ce
1107 2006 166 39 théâtre
1296 2006 239 51 liturgique
1552 2020 22 25 a
1592 2020 58 25 un
1674 2007 146 38 attrait
1843 2006 215 50 singulier
2078 2020 10 26 :

110 2068 102 42 c'est
229 2086 58 25 un
312 2072 237 40 document
573 2077 85 35 très
694 2079 73 32 net
802 2080 39 31 et
872 2077 85 35 très
990 2084 81 40 pur
1091 2086 75 26 sur
1184 2072 39 40 la
1241 2072 125 51 façon
1384 2073 52 39 de
1457 2074 135 38 sentir
1613 2081 41 31 et
1684 2071 263 52 d'imaginer
1987 2074 103 40 chez

114 2138 62 39 les
199 2137 222 52 primitifs.
452 2138 56 40 Et
531 2138 62 41 les
611 2151 173 28 œuvres
813 2138 76 40 des
910 2138 207 52 primitifs
1138 2148 74 32 ont
1227 2153 85 27 une
1335 2152 158 28 saveur
1514 2142 179 50 unique.
1717 2138 62 42 Ce
1799 2141 75 50 qui
1896 2140 78 40 fait
1997 2141 93 41 leur

110 2207 107 50 prix,
242 2205 103 41 c'est
369 2206 95 40 leur
480 2204 188 53 parfaite
693 2207 246 49 ingénuité.

1082 2392 32 44 II

162 2535 80 57 J'ai
262 2538 62 40 dit
347 2549 85 42 que
451 2547 176 44 partout
643 2537 40 42 le
703 2538 151 41 drame
876 2547 65 33 est
958 2540 105 39 sorti
1081 2539 57 40 du
1165 2540 142 40 rituel.
1336 2538 82 55 J'ai
1438 2541 112 41 donc
1581 2545 21 36 à
1625 2543 169 39 donner
1813 2543 272 42 l'indication

108 2607 75 39 des
207 2606 212 40 éléments
444 2620 57 27 ou
523 2606 76 41 des
632 2613 242 35 caractères
902 2608 58 40 du
989 2608 114 40 culte
1133 2608 195 41 chrétien
1349 2610 74 50 qui
1453 2608 285 43 favorisaient
1774 2611 40 40 la
1853 2613 232 39 naissance

106 2672 128 42 d'une
268 2676 292 50 composition
592 2674 292 52 dramatique.

162 2739 41 55 a)
226 2739 208 50 D'abord,
460 2742 39 40 la
522 2744 217 50 première
772 2742 85 40 fête
879 2742 186 52 adoptée
1089 2756 79 38 par
1186 2742 182 51 l'Eglise
1392 2744 63 40 fut
1475 2745 105 39 celle
1601 2745 54 40 de
1677 2745 195 53 Pâques.
1898 2746 36 40 A
1965 2745 100 42 l'ori-

107 2810 120 49 gine,
249 2817 110 33 cette
381 2808 84 42 fête
487 2823 54 27 ne
559 2812 272 50 comprenait
863 2824 79 38 pas
966 2811 245 40 seulement
1228 2810 39 40 la
1293 2814 290 38 résurrection
1618 2813 58 39 du
1709 2812 165 48 Christ,
1900 2817 112 37 mais
2037 2829 46 26 sa

106 2879 183 49 passion
305 2885 41 32 et
383 2890 45 26 sa
460 2886 129 32 mort.
633 2891 19 24 «
676 2876 64 42 La
764 2883 104 35 cène
887 2878 328 52 eucharistique
1235 2880 74 50 qui
1333 2882 116 38 avait
1472 2884 96 35 créé
1590 2880 39 40 le
1646 2880 234 41 dimanche
1899 2890 40 32 et
1963 2895 98 27 sanc-

108 2943 91 41 tifié
221 2945 38 39 la
284 2947 210 48 semaine,
521 2950 95 36 créa
636 2947 136 44 aussi,
794 2959 53 27 en
871 2960 58 26 un
947 2959 117 34 sens,
1090 2946 39 39 la
1150 2946 217 41 solennité
1386 2947 173 51 pascale
1576 2956 39 32 et
1638 2950 166 51 projeta
1830 2963 70 26 ses
1922 2963 162 38 rayons

108 3025 74 28 sur
204 3020 118 32 toute
345 3010 184 43 l'année.
564 3012 97 41 Elle
680 3012 66 41 fut
777 3013 39 40 le
839 3026 146 40 noyau
1007 3022 159 31 autour
1187 3013 163 53 duquel
1371 3027 45 28 se
1451 3013 142 42 forma
1611 3013 168 43 l'année
1800 3017 241 52 liturgique
2061 3030 20 25 »

108 3079 130 51 (Dom
259 3079 200 51 Cabrol).
482 3078 138 53 Quels
656 3082 230 39 souvenirs
918 3081 41 40 la
992 3083 181 50 passion
1202 3090 40 31 et
1266 3081 37 40 la
1329 3091 113 32 mort
1461 3083 53 40 de
1533 3082 132 55 Jésus
1688 3086 264 49 évoquaient
1972 3085 111 40 dans

105 3147 167 53 l'esprit
291 3148 76 39 des
384 3146 151 41 fidèles
557 3150 9 37 !
588 3163 73 25 «...
684 3148 144 54 Jésus,
854 3149 136 51 jetant
1013 3161 155 28 encore
1188 3163 58 26 un
1266 3150 140 49 grand
1427 3152 75 48 cri,
1529 3151 141 40 rendit
1693 3150 180 53 l'esprit.
1896 3150 55 43 Et
1973 3154 110 39 voici

106 3228 85 39 que
213 3215 39 40 le
273 3215 113 40 voile
409 3215 57 40 du
487 3215 161 53 temple
668 3229 47 28 se
755 3215 176 41 déchira
955 3229 54 27 en
1032 3217 127 47 deux,
1182 3216 154 51 depuis
1357 3218 37 40 le
1418 3218 106 40 haut
1547 3217 201 53 jusqu'en
1768 3218 80 41 bas
1872 3233 9 34 ;
1907 3219 40 40 la
1970 3227 113 33 terre

106 3281 204 49 trembla,
335 3283 62 40 les
421 3285 165 50 pierres
622 3297 46 27 se
707 3283 236 41 fendirent.
980 3282 85 42 Les
1105 3284 221 51 sépulcres
1348 3283 275 51 s'ouvrirent,
1644 3295 40 32 et
1712 3287 220 51 plusieurs
1955 3300 126 39 corps

105 3350 76 40 des
204 3352 138 39 saints
366 3352 74 51 qui
470 3354 162 38 étaient
666 3353 110 39 dans
797 3351 39 41 le
868 3352 220 47 sommeil,
1115 3353 334 40 ressuscitèrent
1472 3366 9 37 ;
1500 3362 40 32 et
1565 3363 171 31 sortant
1752 3355 53 39 de
1828 3355 117 39 leurs
1964 3364 84 31 tom-

105 3415 154 51 beaux,
283 3419 53 39 ils
359 3420 174 40 vinrent
574 3433 54 27 en
662 3420 39 39 la
734 3419 103 40 ville
875 3421 141 39 sainte
1042 3428 40 32 et
1101 3419 145 41 furent
1267 3434 80 26 vus
1367 3422 53 38 de
1443 3422 236 51 plusieurs.
1705 3421 61 41 Le
1802 3424 221 38 centenier
2041 3431 40 33 et

106 3495 103 30 ceux
230 3487 75 50 qui
322 3488 162 40 étaient
504 3500 103 28 avec
630 3487 60 41 lui
713 3500 114 39 pour
860 3487 162 51 garder
1039 3487 146 54 Jésus,
1208 3497 132 44 ayant
1357 3504 57 26 vu
1437 3490 38 40 le
1498 3490 311 40 tremblement
1827 3491 54 39 de
1905 3499 112 31 terre
2039 3501 42 31 et
