2272 3831
802 237 279 36 EXÉCUTIONS
1117 238 228 36 RÉGENTES

2021 245 55 43 29

130 336 63 41 Ce
215 337 175 53 rythme
428 337 54 40 de
503 352 21 36 4
549 345 127 33 notes
700 337 238 41 deviendra
973 338 111 41 celui
1108 339 53 40 de
1195 336 217 53 l'allégro,
1437 346 42 33 et
1507 352 115 27 nous
1654 346 311 33 retrouverons
1989 344 86 37 très

72 404 332 54 fréquemment
424 406 39 40 la
482 414 156 45 quarte
656 406 38 39 si
712 402 17 35 b
747 406 60 40 mi
826 405 18 37 b
870 419 174 28 comme
1064 421 248 28 anacrouse
1329 408 77 40 des
1437 406 228 42 différents
1682 407 172 41 thèmes
1870 419 7 27 :

128 725 142 54 Après
293 741 60 27 un
376 727 163 51 adagio
574 727 223 42 cantabile
820 729 107 41 dont
965 729 39 40 la
1044 731 162 52 phrase
1230 731 167 41 initiale
1421 739 65 32 est
1505 730 263 41 doucement
1791 729 185 41 chantée
1994 742 80 39 par

70 795 268 53 l'élégiaque
360 797 247 51 clarinette,
633 812 60 26 un
716 807 182 32 menuet
927 800 205 51 pimpant
1168 800 112 40 dans
1303 800 38 40 le
1365 800 81 40 trio
1472 799 165 52 duquel
1660 798 138 41 s'ébat
1834 799 38 39 le
1910 811 75 27 cor
2018 811 54 27 en

69 868 121 46 gaîté
211 879 7 25 :

125 1202 108 42 Puis
256 1218 61 26 un
359 1203 148 42 thème
541 1204 139 49 varié,
706 1206 107 41 dont
836 1207 64 40 les
923 1209 100 51 cinq
1046 1206 391 42 transformations
1468 1221 55 26 ne
1545 1207 169 40 lassent
1737 1211 22 36 à
1976 1221 63 26 mo-

69 1280 121 32 ment
206 1269 239 44 l'auditeur
466 1278 162 36 étonné
649 1275 54 40 de
741 1284 111 31 cette
874 1276 194 40 richesse
1091 1276 52 39 de
1173 1274 183 41 timbres
1388 1284 40 31 et
1451 1275 54 40 de
1528 1284 108 31 cette
1654 1288 129 27 verve
1807 1277 74 50 qui
1917 1284 154 32 trouve

70 1353 104 28 sans
195 1353 122 28 cesse
339 1342 54 39 de
413 1341 252 54 l'imprévu.

124 1409 71 41 Un
216 1420 209 31 amusant
447 1411 180 41 scherzo
651 1413 119 40 vient
790 1414 186 39 ensuite.
997 1411 126 42 Cette
1146 1411 83 42 fois
1253 1413 38 39 la
1313 1421 154 43 quarte
1490 1420 65 33 est
1578 1409 298 44 descendante
1902 1423 8 27 :

68 1746 41 32 et
125 1738 40 40 le
188 1738 82 40 trio
291 1737 54 40 de
362 1750 47 27 ce
432 1736 180 41 scherzo
626 1741 173 47 évoque
821 1735 200 51 l'allégro
1042 1736 58 40 du
1123 1734 135 42 début
1278 1748 8 26 :

120 2053 64 42 Le
206 2052 134 43 finale
355 2062 66 33 est
442 2054 186 52 précédé
649 2052 132 42 d'une
806 2053 179 41 marche
1006 2053 201 49 funèbre,
1234 2067 85 27 une
1340 2053 178 40 marche
1542 2052 187 41 funèbre
1757 2067 111 38 pour
1890 2055 98 49 rire,
2015 2067 54 28 ne

65 2131 229 44 comptant
331 2136 80 39 pas
450 2123 99 52 plus
584 2122 53 40 de
680 2126 46 36 16
762 2135 218 34 mesures,
1013 2122 139 40 larme
1175 2121 160 41 furtive
1358 2122 111 40 dans
1492 2135 86 27 une
1601 2135 150 27 œuvre
1777 2128 56 34 où
1871 2130 95 32 tout
2004 2131 65 31 est

70 2193 104 52 joie,
201 2198 57 34 où
279 2200 94 32 tout
396 2199 67 33 est
486 2192 172 40 sourire
683 2202 10 39 ;
715 2199 40 32 et
779 2190 39 40 la
843 2199 158 44 quarte
1020 2190 223 40 leit-motiv
1265 2190 179 52 explose
1467 2190 53 40 de
1542 2201 203 29 nouveau
1771 2206 7 24 :

120 2521 113 42 MM.
259 2521 219 51 Sechiari,
501 2521 161 49 Vieux,
703 2521 207 48 Marneff,
954 2520 235 51 Lefebvre,
1231 2519 259 49 Lamouret,
1534 2519 221 42 Vizentini
1778 2528 41 32 et
1857 2519 113 41 Paul
2005 2517 64 42 Le

65 2589 97 43 Duc
185 2599 76 33 ont
281 2591 148 41 donné
447 2604 56 27 au
524 2589 195 54 Septuor
741 2603 87 27 une
859 2591 342 51 interprétation
1232 2588 205 42 vibrante
1459 2597 42 32 et
1523 2590 269 51 passionnée
1815 2589 75 52 qui
1914 2603 22 25 a
1962 2601 81 28 sou-

61 2660 97 41 levé
176 2674 61 27 un
259 2660 338 41 enthousiasme
618 2658 102 41 bien
741 2658 215 51 légitime.

117 2728 64 41 La
206 2733 158 36 séance
389 2730 117 38 avait
529 2726 164 42 débuté
729 2742 80 38 par
841 2740 86 28 une
965 2726 215 41 sérénade
1206 2740 110 38 pour
1343 2740 40 26 n
1413 2728 309 45 instruments,
1743 2726 113 40 dans
1876 2724 193 53 laquelle

61 2797 205 48 l'auteur,
291 2796 61 40 M.
377 2794 175 50 Sehles,
578 2794 169 42 semble
767 2797 124 39 avoir
917 2796 143 52 plutôt
1085 2794 233 41 recherché
1338 2794 77 41 des
1435 2794 334 41 combinaisons
1793 2794 53 40 de
1882 2792 185 42 timbres

63 2867 238 50 piquantes
325 2878 86 39 que
432 2864 78 41 des
534 2864 393 52 développements
945 2864 53 40 de
1023 2864 186 40 thèmes.
1235 2862 87 41 Les
1341 2862 151 41 motifs
1515 2863 53 39 de
1592 2871 110 32 cette
1726 2862 213 40 sérénade
1967 2869 100 32 sont

59 2938 230 48 présentés
310 2948 59 25 un
389 2947 84 38 peu
497 2931 290 49 brièvement,
810 2941 41 32 et
875 2932 329 52 quelques-uns
1226 2928 167 43 d'entre
1423 2944 82 27 eux
1529 2932 201 39 auraient
1761 2933 149 47 gagné
1931 2933 21 36 à
1976 2933 91 37 être

63 3004 152 39 traités
238 3002 101 53 plus
357 3001 470 53 symphoniquement.

118 3070 32 41 Il
175 3070 93 41 faut
310 3071 125 40 louer
458 3070 39 40 le
537 3069 165 41 double
726 3071 218 50 quintette
978 3069 169 40 d'avoir
1170 3072 177 37 exécuté
1384 3076 111 32 cette
1519 3080 151 28 œuvre
1694 3079 83 40 peu
1816 3079 171 28 connue
2025 3075 41 32 et

59 3139 110 41 dont
194 3138 62 41 les
279 3139 155 40 études
458 3147 75 32 ont
555 3138 59 40 dû
635 3142 90 36 être
750 3151 122 26 assez
897 3138 175 39 ardues.

117 3206 45 41 M
167 3206 39 24 lle
230 3206 164 51 Verlet,
418 3209 75 50 qui
516 3208 159 51 prêtait
708 3219 81 27 son
814 3218 217 28 concours
1070 3205 102 40 àla
1209 3209 173 46 séance,
1420 3219 22 26 a
1474 3205 158 40 chanté
1665 3205 39 39 le
1741 3203 241 54 Rossignol
2012 3203 54 40 de

61 3276 191 48 Hàndel,
275 3289 115 39 page
413 3274 187 50 célèbre,
620 3275 113 40 dans
756 3274 193 53 laquelle
967 3274 37 40 la
1030 3273 104 41 flûte
1159 3274 177 40 rivalise
1366 3287 101 27 avec
1488 3273 38 40 la
1549 3274 99 39 voix
1687 3281 41 32 et
1753 3281 177 32 entame
1963 3285 104 26 avec

59 3345 84 41 elle
162 3359 61 26 un
245 3345 89 40 duo
359 3346 75 51 qui
461 3352 65 33 est
552 3344 39 40 le
615 3344 99 53 plus
747 3344 117 40 doux
882 3344 59 39 du
967 3342 162 40 monde
1151 3340 97 42 !La
1274 3342 102 40 flûte
1398 3342 53 40 de
1473 3340 60 41 M.
1561 3340 288 42 Hennebains
1872 3340 194 40 vocalise

58 3412 132 43 d'une
214 3413 129 51 façon
369 3415 120 40 aussi
510 3427 137 28 suave
668 3427 86 39 que
774 3413 39 39 la
836 3413 100 39 voix
957 3412 54 40 de
1028 3410 46 40 M
1078 3408 39 25 lle
1142 3409 161 46 Verlet,
1337 3420 41 32 et
1398 3424 46 28 ce
1476 3411 108 51 petit
1608 3409 247 41 intermède
1877 3413 186 48 prépara

60 3481 337 52 agréablement
420 3495 83 29 nos
539 3482 176 41 oreilles
740 3486 22 35 à
786 3481 215 41 entendre
1021 3480 38 40 le
1082 3487 205 32 concerto
1317 3493 53 26 en
1390 3481 45 38 ré
1456 3479 54 40 de
1529 3478 122 41 Bach
1674 3479 76 51 qui
1782 3478 205 40 clôturait
2018 3490 47 28 ce

59 3549 115 42 beau
197 3560 189 33 concert.

482 3550 54 42 H.
560 3550 175 42 BRODY.
