2817 4216
735 436 78 40 LA
844 436 399 47 COLLECTION
1280 442 311 43 PHILIDOR

1957 446 78 40 163

297 594 168 55 sailles,
499 597 203 57 Georges
730 601 199 54 Dandin,
962 605 249 55 l'Eglogue
1237 607 53 42 de
1322 609 237 42 Versailles
1559 642 12 20 y
1606 610 38 42 le
1673 609 127 44 ballet
1825 610 52 41 de
1903 611 138 42 Flore

298 667 132 52 (1666
452 674 24 36 à
504 672 146 55 1669).

353 742 56 53 34
412 748 14 16 E
447 757 183 30 VOLUME.
731 747 190 43 Détruit.
955 750 36 41 Il
1018 754 222 40 contenait
1261 756 58 39 les
1345 757 165 54 paroles
1538 759 72 40 des
1638 759 147 41 ballets
1811 759 51 41 de
1891 761 119 40 Pour-

296 827 245 43 ceaugnac,
563 819 71 40 des
655 820 119 41 Jeux
791 823 221 52 pythiens,
1038 825 58 41 du
1122 827 255 55 Bourgeois
1397 832 330 54 gentilhomme,
1748 833 259 42 VAccommo-

297 888 173 42 dement
491 891 54 40 de
567 892 204 43 VAmour
791 902 40 33 et
850 896 53 40 de
920 898 202 42 Bacchus
1145 900 132 55 (1669
1301 906 23 36 à
1350 905 145 54 1673).

355 961 20 40 3
389 963 19 39 5
414 966 13 19 e
448 976 182 30 VOLUME.
652 988 52 9 —
742 967 230 44 Renferme
1003 971 59 40 les
1097 974 165 53 paroles
1299 975 72 40 des
1412 977 150 41 ballets
1599 991 8 27 :
1651 980 180 40 Chacun
1862 981 101 53 fait
2003 984 39 38 le

297 1034 155 41 métier
482 1037 29 40 d
528 1044 163 47 autrui,
730 1041 44 40 la
802 1042 238 56 Raillerie,
1073 1046 44 42 la
1145 1048 136 52 Paix,
1312 1049 61 41 les
1411 1051 190 42 Plaisirs
1636 1054 192 41 troublés
1858 1055 95 40 C165
1963 1070 24 35 7
2020 1060 22 36 à

305 1105 148 57 1660).

358 1178 52 41 36
415 1186 13 16 e
449 1194 186 31 VOLUME,
656 1208 54 7 —
732 1185 228 44 Renferme
982 1189 38 41 le
1046 1190 191 45 Concert
1257 1194 55 41 de
1333 1195 169 42 violons
1524 1204 42 33 et
1586 1199 199 42 hautbois
1790 1232 9 21 ,
1821 1200 143 41 donné
1985 1215 54 26 au

301 1265 156 42 souper
486 1255 58 41 du
570 1256 113 55 Roy,
706 1258 37 42 le
771 1261 48 39 16
846 1260 168 55 janvier
1040 1279 127 43 1707?
1192 1281 25 40 P
1222 1281 44 28 ar
1357 1277 156 47 troupe
1540 1272 71 40 des
1643 1274 128 52 petits
1802 1274 168 40 violons
2003 1281 40 33 et

301 1324 219 45 hautbois.
548 1329 61 42 La
631 1333 203 54 musique
855 1343 60 32 est
936 1336 51 40 de
1013 1338 119 42 Lulli
1154 1340 80 41 fils.

359 1401 53 54 37
451 1414 180 32 VOLUME.
734 1406 189 44 Détruit.
955 1410 33 40 Il
1010 1412 249 42 renfermait
1288 1415 58 40 les
1382 1417 148 41 ballets
1551 1418 51 40 de
1624 1418 197 43 l'Amour
1850 1422 191 53 malade,

300 1469 50 42 de
370 1474 190 54 Psyché,
580 1489 54 27 ou
656 1477 43 41 la
721 1479 245 43 Puissance
986 1483 53 40 de
1061 1484 198 42 VAmour
1282 1487 130 54 (i656
1434 1498 41 32 et
1499 1491 150 54 1657).

358 1547 51 39 38
449 1559 186 33 VOLUME.
700 1575 17 5 »
745 1552 187 43 Détruit.
971 1555 35 40 Il
1039 1559 221 41 contenait
1289 1561 219 41 différents
1540 1563 83 40 airs
1656 1564 71 40 des
1755 1575 175 32 auteurs
1957 1567 67 40 sui-

303 1629 126 31 vants
453 1636 9 25 :
495 1622 216 54 Lambert,
736 1625 58 41 du
826 1627 195 56 Bousset,
1053 1629 241 55 Chevalier,
1322 1634 131 55 Lulli,
1480 1636 59 40 Le
1565 1637 178 52 Camus,
1768 1639 50 40 de
1846 1640 197 55 Buillon,

306 1691 156 54 Morel,
489 1696 208 54 Lalande,
721 1707 81 34 etc.

362 1766 51 53 39
419 1772 14 15 E
452 1780 182 33 VOLUME.
661 1792 51 7 —
748 1771 187 42 Détruit.
972 1774 270 46 Renfermait
1274 1779 72 41 des
1376 1780 84 41 airs
1491 1780 185 57 français
1706 1784 51 41 de
1789 1785 255 53 Moulinier,

304 1837 165 56 Sicard,
493 1851 79 31 etc.

359 1926 57 40 40
421 1920 10 16 e
456 1928 179 31 VOLUME.
732 1918 188 43 Détruit.
943 1921 267 44 Renfermait
1230 1925 71 41 des
1322 1927 82 41 airs
1426 1932 23 36 à
1473 1929 117 41 boire
1607 1929 50 42 de
1680 1930 162 56 Sicard,
1860 1933 58 40 du
1940 1933 106 54 petit

308 1985 242 58 Chevalier,
574 1999 77 33 etc.

362 2073 50 42 41
424 2067 13 17 E
457 2077 179 30 VOLUME.
663 2086 52 9 —
742 2065 72 54 Icij
839 2067 38 55 je
898 2083 27 26 n
933 2066 6 22 }
944 2083 68 27 ose
1044 2078 151 34 mettre
1218 2088 18 23 A
1261 2073 161 42 détruit
1447 2092 35 37 »,
1502 2077 108 40 mais
1632 2078 99 40 bien
1757 2094 17 22 «
1798 2079 175 54 disparu
1999 2097 16 21 »
2035 2092 11 41 5

306 2144 45 30 ce
388 2135 175 42 volume
598 2140 221 41 contenait
851 2142 27 40 l'
888 2142 171 55 Orphée
1065 2177 8 19 ,
1097 2158 51 27 en
1183 2146 165 46 italien,
1371 2149 49 39 de
1454 2151 145 40 Kossi.
1624 2151 79 41 Cet
1730 2154 142 52 opéra,
1894 2152 37 41 le
1958 2166 69 42 pre-

308 2207 109 41 mier
447 2208 143 44 donné
619 2225 53 27 en
899 2215 97 42 date
1023 2217 50 40 de
1113 2219 126 55 1647,
1268 2222 165 52 paroles
1465 2222 51 40 de
1550 2223 135 41 Butti.
1709 2225 33 40 Il
1769 2239 53 26 ne
1854 2225 91 42 faut
1975 2240 74 41 pas

306 2281 240 56 désespérer
566 2284 51 41 de
638 2286 94 40 voir
753 2290 229 52 reparaître
1002 2298 107 34 cette
1132 2292 207 54 partition
1363 2308 60 27 un
1445 2294 111 55 jour.

360 2370 50 41 41
422 2364 13 16 E
465 2372 165 29 VOLUME
650 2361 65 40 bis
721 2391 7 11 .
755 2385 49 8 —
827 2362 59 41 Ce
916 2364 190 52 volume,
1129 2370 22 36 à
1185 2380 110 42 coup
1325 2371 75 38 sûr
1433 2370 142 40 moins
1609 2372 256 41 intéressant
1902 2387 83 40 que
2012 2374 37 40 le

309 2431 240 54 précédent,
579 2434 195 41 contient
795 2436 71 40 des
892 2439 283 53 symphonies
1202 2441 273 42 allemandes
1482 2475 8 10 .
1519 2443 160 42 L'abbé
1704 2446 112 40 Roze
1837 2448 177 39 observe
2039 2464 7 24 :

311 2519 17 23 «
358 2504 35 41 Il
414 2519 27 39 y
462 2516 23 30 a
512 2506 50 40 de
586 2509 84 38 très
695 2507 129 42 belles
849 2519 269 46 ouvertures,
1143 2514 191 54 quoique
1367 2515 105 41 d'un
1503 2517 108 53 style
1640 2519 169 42 ancien.
1837 2535 17 23 »
1886 2520 165 54 Malgré

309 2577 102 49 cela,
436 2578 31 40 il
501 2593 28 26 n
547 2587 62 33 est
635 2595 74 39 pas
739 2583 207 53 probable
982 2598 83 40 que
1099 2586 40 40 la
1167 2587 181 40 Société
1376 2589 76 40 des
1489 2590 211 42 Concerts
1727 2606 111 27 nous
1860 2593 59 40 les
1947 2594 105 40 fasse

308 2648 153 57 jamais
483 2654 220 42 entendre.
731 2655 224 56 Pourquoi
974 2659 273 41 allemandes
1370 2662 110 40 Rien
1515 2677 52 27 ne
1594 2664 237 56 l'indique;
1859 2667 193 42 chacune

310 2725 52 41 de
395 2739 66 27 ces
492 2737 254 33 ouvertures
783 2730 227 56 renferme,
1041 2746 57 27 ou
1134 2746 85 28 une
1254 2735 195 53 bourrée,
1470 2749 56 28 ou
1559 2751 61 28 un
1656 2747 191 47 menuet,
1875 2754 57 27 ou
1968 2754 85 28 une

310 2807 171 45 gavotte
496 2812 9 40 ;
529 2800 30 40 il
574 2815 28 39 y
623 2814 23 27 a
670 2804 139 39 même
834 2817 60 27 un
915 2808 289 52 traquenard.

365 2885 55 41 42
427 2881 13 14 E
461 2887 180 27 VOLUME.
664 2898 53 6 —
741 2875 189 43 Détruit.
965 2878 36 40 Il
1031 2879 251 42 renfermait
1310 2879 161 56 Popéra
1498 2882 51 42 de
1584 2885 178 54 Scipion
1791 2885 243 55 VAfricain
2040 2920 10 19 }

315 2946 204 54 musique
539 2945 71 42 des
633 2946 66 41 fils
718 2947 50 42 de
792 2949 134 42 Lulli.

367 3020 54 54 43
429 3022 13 21 E
461 3031 183 30 VOLUME.
664 3045 46 9 —
737 3020 185 44 Détruit.
951 3023 34 41 Il
1004 3024 247 44 renfermait
1272 3027 196 44 Panthée
1475 3062 8 22 ,
1508 3031 204 54 musique
1733 3033 51 40 de
1803 3032 188 55 Colasse,
2014 3040 39 33 et

314 3092 30 42 il
359 3107 27 40 y
416 3107 52 27 en
490 3093 117 42 avait
628 3094 111 41 deux
760 3096 293 53 exemplaires.

1243 3241 145 46 J.-B.
1432 3243 320 44 WEKERLI
1771 3247 63 40 N.
