2817 4216
581 435 75 41 LE
690 425 311 56 RÉALISME
1035 442 157 42 DANS
1226 432 258 54 L'OPÉRA
1510 445 293 52 COMIQUE

1984 465 77 41 179

1097 594 173 42 JÉRÔME.

382 669 17 22 «
422 655 145 50 Quoi?
590 655 184 47 trois?...
800 660 114 42 C'est
934 660 171 56 inutile,
1129 666 187 55 puisque
1338 667 99 43 c'est
1457 670 40 40 la
1519 670 139 42 même
1679 671 144 44 chose.

1103 769 171 28 NICAISE.

381 832 20 23 «
424 817 60 56 Ça
508 832 51 28 ne
581 821 77 41 lait
679 822 108 42 rien.

1110 936 163 40 JÉRÔME.

749 1009 68 33 AIR
839 1021 7 22 :
872 1012 66 32 Les
959 1022 116 24 cœurs
1096 1023 38 23 se
1154 1014 161 32 donnent
1338 1021 75 27 troc
1435 1026 93 32 pour
1547 1022 88 29 troc.

684 1087 110 38 Mais
815 1090 91 37 c'est
927 1092 96 37 trois
1031 1093 86 48 fois
1140 1093 35 37 le
1197 1093 101 38 mêm
1334 1095 168 37 tableau.

1109 1171 158 26 NICAISE.

686 1223 87 36 Moi
787 1225 79 47 j'ai
869 1223 18 54 m
906 1223 18 54 1
943 1223 55 54 ça.

1112 1294 148 36 JÉRÔME

978 1359 106 35 Faut
1103 1371 49 37 qu
1188 1366 38 29 tu
1249 1361 22 34 f
1287 1359 239 49 satisfasses.

1116 1438 157 24 NICAISE.

686 1487 138 48 Pardi,
852 1488 38 36 la
910 1490 116 35 Dam
1053 1490 46 36 de
1121 1491 74 35 nof
1218 1491 167 37 château

687 1552 117 37 Aime
825 1558 22 31 à
868 1566 42 25 se
931 1555 126 37 mirer
1078 1557 97 35 dans
1198 1558 95 36 trois
1314 1558 150 50 glaces.

647 1620 10 9 m

383 1703 13 20 «
425 1687 55 40 Et
500 1687 36 54 je
558 1688 171 42 mirerai
752 1692 106 39 trois
880 1691 79 41 fois
982 1706 105 27 mon
1108 1693 147 42 amitié
1273 1694 237 43 là-dedans.

1121 1799 142 28 BABET.

381 1867 13 20 «
426 1850 36 42 Il
484 1855 122 49 n'est,
628 1853 162 55 pardié,
816 1869 75 40 pas
916 1856 33 39 si
972 1856 122 54 gnais
1117 1857 107 54 qu'il
1244 1858 38 39 le
1304 1865 155 46 parait,
1481 1872 56 28 au
1559 1859 155 42 moins,
1743 1878 18 21 »

1547 1932 146 54 (Scène
1714 1932 98 55 VI.)

379 2027 258 54 Représenté
666 2029 37 40 le
736 2032 24 39 8
794 2031 153 40 février
984 2033 126 52 1757,
1143 2031 300 55 Ylmpromptu
1483 2035 59 39 du
1575 2048 123 28 cœur
1729 2036 67 41 fut
1828 2037 39 40 le
1895 2037 171 42 dernier

321 2113 192 41 ouvrage
534 2101 274 55 dramatique
828 2104 49 39 de
900 2103 120 42 Vadé
1044 2106 72 52 (1).

1335 2213 99 42 CH.
1479 2205 448 57 BARTHÉLÉMY.

406 2283 59 39 (La
486 2281 50 35 lin
557 2294 46 23 au
626 2283 176 45 prochain
827 2285 185 42 numéro.)

365 2454 46 41 (i)
439 2452 52 31 En
517 2450 109 44 1756,
648 2451 24 32 il
693 2452 93 33 avait
806 2453 121 32 donné
948 2463 84 23 avec
1053 2464 49 21 un
1121 2455 113 42 grand
1260 2456 139 42 succès,
1422 2467 70 23 aux
1516 2458 109 32 foires
1646 2459 43 33 de
1711 2458 299 36 Saint-Germain
2032 2467 33 27 et

319 2513 43 31 de
385 2512 295 43 Saint-Laurent,
704 2514 50 32 les
778 2514 201 33 Racoleurs
1000 2520 34 26 et
1053 2514 165 34 Nicaise.
1251 2518 47 31 La
1329 2518 176 42 première
1526 2520 43 31 de
1600 2530 56 21 ces
1683 2520 93 31 deux
1803 2520 116 43 pièces
1940 2528 53 26 est
2015 2534 49 20 un

319 2574 112 41 grand
453 2573 141 33 tableau
615 2575 43 30 de
679 2573 153 34 Téniers
856 2574 70 33 mis
947 2586 41 21 en
1012 2574 144 43 action;
1179 2576 126 33 l'autre
1327 2584 52 25 est
1401 2589 70 21 une
1495 2581 212 41 expression
1728 2580 142 33 animée
1891 2582 49 31 du
1962 2589 104 26 conte

319 2633 44 32 de
390 2634 48 32 La
465 2634 188 32 Fontaine.
686 2634 236 45 L'ingénieux
947 2636 140 33 naturel
1115 2637 43 32 de
1184 2637 96 33 Sans
1303 2643 125 38 regret
1453 2639 104 42 (dans
1581 2640 49 33 les
1661 2641 229 42 Racoleurs),
1914 2648 33 26 et
1970 2643 82 32 l'ini-

322 2694 150 33 mitable
496 2697 141 31 naïveté
657 2697 43 31 de
720 2697 154 33 Nicaise
889 2697 101 39 (dans
1011 2697 31 33 la
1061 2697 98 43 pièce
1180 2699 43 31 de
1244 2708 37 22 ce
1303 2701 116 40 nom),
1436 2705 83 27 sont
1535 2700 62 32 des
1619 2706 102 37 types
1743 2702 164 42 achevés,
1923 2713 144 23 comme

321 2765 88 22 ceux
432 2755 42 33 de
494 2751 145 38 Jérôme
660 2763 33 26 et
714 2757 43 32 de
776 2756 285 35 Fanchonnette.
