2817 4216
1262 421 77 40 LA
1371 417 382 50 CHRONIQUE
1786 416 314 42 MUSICALE

810 422 82 55 146

804 576 59 40 les
884 577 51 39 fît
948 574 310 54 emprisonner.
1281 572 35 41 Il
1338 571 103 42 offre
1464 572 114 41 aussi
1601 586 60 27 un
1688 572 136 53 grand
1848 571 325 54 enseignement
2195 569 355 41 musical—nous

803 648 39 41 le
866 648 141 41 ferons
1029 646 194 41 ressortir
1244 659 52 27 en
1324 645 203 42 insistant
1548 660 75 28 sur
1642 646 58 41 les
1722 654 86 33 sots
1827 645 242 56 jugements
2091 644 141 53 portés
2255 642 108 41 alors
2390 656 74 26 sur
2484 647 66 33 cet

804 734 189 40 ouvrage
1087 728 40 33 et
1147 720 78 54 qui
1247 727 220 35 montrera
1489 720 200 42 combien
1710 734 111 28 nous
1842 732 185 29 sommes
2047 717 178 49 enclins,
2249 730 53 26 en
2325 715 177 48 France,
2527 718 23 35 à

802 802 99 34 tout
926 794 121 55 juger
1074 799 23 36 à
1131 795 40 40 la
1200 794 138 55 légère
1364 803 40 33 et
1432 800 23 36 à
1489 794 202 56 qualifier
1726 795 176 41 d'abord
1935 791 294 43 d'inventions
2267 791 212 52 baroques
2510 794 42 34 et

805 868 199 41 barbares
1037 868 72 41 des
1141 868 211 42 créations
1382 869 227 42 musicales
1646 882 87 42 que
1765 868 206 43 l'histoire
2008 867 91 41 doit
2133 878 154 41 ranger
2319 861 140 57 parmi
2491 860 60 41 les

803 955 170 28 œuvres
993 941 52 42 de
1066 942 140 55 génie.

857 1019 41 38 A
919 1017 170 54 présent
1121 1030 85 40 que
1239 1016 308 55 l'admiration,
1573 1018 140 41 même
1740 1015 248 55 irréfléchie,
2011 1028 110 43 pour
2154 1014 184 41 Fauteur
2373 1011 50 40 de
2450 1009 102 41 Don

802 1087 118 42 Juan
945 1096 41 35 et
1000 1090 73 41 des
1093 1089 144 42 Noces
1258 1090 54 41 de
1326 1090 177 54 Figaro
1521 1098 60 34 est
1601 1090 194 41 devenue
1812 1103 60 27 un
1895 1089 148 41 article
2063 1087 51 40 de
2135 1087 57 40 foi
2213 1084 207 43 musicale
2442 1092 111 45 pour

802 1161 42 42 la
866 1164 162 52 grande
1057 1164 198 54 majorité
1278 1164 73 40 des
1373 1171 232 45 amateurs,
1630 1164 32 40 il
1682 1171 63 33 est
1775 1164 180 40 curieux
1977 1161 52 41 de
2050 1175 42 27 se
2112 1167 190 48 reporter
2321 1172 56 27 au
2413 1164 139 47 temps

801 1236 52 42 de
875 1237 277 55 l'apparition
1182 1238 72 40 des
1284 1251 209 40 ouvrages
1519 1238 51 40 de
1599 1237 169 41 Mozart
1787 1251 54 27 en
1874 1237 164 40 France
2060 1243 40 33 et
2121 1236 50 39 de
2194 1233 92 41 voir
2309 1231 102 56 quel
2432 1231 122 42 triste

802 1310 164 42 accueil
988 1311 52 40 ils
1062 1320 213 33 recurent.
1313 1312 151 41 Puisse
1486 1318 106 35 cette
1611 1311 179 41 histoire
1811 1312 89 40 être
1921 1324 61 27 un
2001 1307 328 43 avertissement
2350 1304 204 43 salutaire

1113 1355 13 14 .4

802 1398 111 41 pour
943 1392 99 35 tous
1079 1399 106 28 ceux
1217 1386 78 55 qui
1327 1400 53 26 ne
1404 1386 227 54 craignent
1658 1400 75 40 pas
1762 1386 51 40 de
1843 1398 41 28 se
1907 1397 240 42 prononcer
2167 1386 23 37 à
2213 1382 40 40 la
2274 1382 99 40 hâte
2398 1393 74 27 sur
2494 1379 60 41 les

801 1459 285 54 productions
1106 1460 60 41 les
1186 1460 99 55 plus
1314 1460 240 55 complexes
1567 1463 7 38 !
1599 1461 40 39 A
1660 1459 94 41 voir
1775 1459 52 40 de
1844 1458 141 56 quelle
2006 1458 122 55 façon
2152 1456 170 41 Mozart
2343 1454 66 41 fut
2429 1452 126 42 traité

802 1532 102 42 chez
924 1545 111 30 nous
1058 1546 76 42 par
1153 1534 72 40 des
1245 1533 119 55 juges
1385 1533 78 55 qui
1485 1533 243 42 affectaient
1748 1546 86 28 une
1855 1533 278 53 compétence
2154 1527 315 54 indiscutable,
2494 1539 58 28 on

802 1620 43 27 se
865 1608 135 54 prend
1022 1612 23 36 à
1067 1608 85 41 rire
1169 1607 71 42 des
1261 1615 197 47 attaques
1475 1607 266 56 désespérées
1761 1605 252 56 auxquelles
2034 1604 59 41 les
2115 1604 98 55 plus
2236 1601 158 56 grands
2413 1600 112 42 musi-

800 1680 119 41 ciens
956 1680 50 42 de
1040 1690 122 33 notre
1199 1689 139 47 temps
1374 1689 98 33 sont
1511 1695 53 27 en
1605 1682 136 40 butte.
1781 1679 295 55 Aujourd'hui
2116 1690 169 40 encore,
2328 1687 106 29 ceux
2475 1671 77 57 qui

803 1755 269 53 proclament
1091 1755 39 40 le
1159 1755 98 54 plus
1278 1755 109 40 haut
1408 1755 174 41 Terreur
1602 1754 52 41 de
1675 1767 78 28 nos
1775 1755 116 53 pères
1921 1760 97 33 sont
2037 1751 172 42 ceux-là
2230 1750 160 42 mêmes
2411 1747 77 55 qui
2509 1758 44 30 se

805 1835 272 46 prononcent
1094 1840 99 28 avec
1214 1827 38 41 le
1273 1827 96 55 plus
1388 1828 272 40 d'assurance
1675 1836 40 32 et
1737 1835 76 33 ont
1828 1828 39 40 le
1889 1826 97 56 plus
2006 1826 50 40 de
2070 1823 242 57 prétention
2334 1826 22 37 à
2374 1820 159 42 l'infail-

799 1901 174 41 libilité.
1013 1900 56 41 Ils
1101 1901 115 42 rient
1247 1901 72 40 des
1354 1902 194 54 préjugés
1581 1901 134 40 d'hier
1748 1908 40 34 et
1815 1901 71 40 des
1917 1900 245 54 jugements
2190 1910 84 42 que
2302 1897 37 40 le
2370 1903 137 47 temps
2528 1908 24 26 a

800 1976 152 50 cassés,
976 1988 97 27 sans
1110 1974 208 42 admettre
1347 1988 85 41 que
1459 1975 39 40 le
1518 1982 140 48 temps
1696 1975 145 54 puisse
1872 1987 136 27 casser
2038 1973 60 40 les
2126 1973 130 40 leurs.
2286 1970 37 41 Il
2350 1977 61 34 est
2437 1969 113 40 donc

799 2048 108 42 utile
927 2047 51 42 de
1000 2056 197 33 remettre
1218 2048 156 55 parfois
1396 2062 98 27 sous
1516 2048 60 41 les
1597 2061 112 41 yeux
1736 2048 59 40 du
1818 2046 150 55 public
1990 2046 58 41 les
2077 2046 244 54 jugements
2345 2041 206 43 absurdes

800 2122 134 54 qu'on
965 2131 122 45 porta
1110 2122 107 54 jadis
1237 2136 73 26 sur
1331 2122 58 40 les
1411 2122 330 40 chefs-d'œuvre
1773 2120 210 54 auxquels
2004 2120 40 40 la
2065 2119 201 55 postérité
2284 2131 24 27 a
2330 2117 111 40 voué
2464 2127 86 29 une

800 2195 263 41 admiration
1086 2209 97 26 sans
1214 2196 169 40 bornes.
1406 2197 121 40 Nous
1548 2195 166 41 Pavons
1742 2195 78 40 fait
1847 2197 187 50 naguère
2060 2206 112 41 pour
2192 2193 100 40 Don
2322 2192 118 40 Juan
2466 2187 77 55 (1),

804 2282 111 28 nous
936 2269 39 41 le
997 2269 141 41 ferons
1159 2268 276 56 aujourd'hui
1453 2283 110 41 pour
1585 2269 62 41 les
1670 2270 143 42 Noces
1842 2268 54 41 de
1917 2268 192 54 Figaro.

855 2380 157 43 C'était
1028 2392 51 28 en
1102 2379 126 56 1793,
1246 2392 55 28 au
1323 2380 131 41 début
1472 2379 51 41 de
1543 2378 256 43 laTerreur.
1828 2378 237 42 Francœur
2086 2385 40 33 et
2147 2375 204 43 Cellerier
2370 2374 177 54 étaient,

799 2451 155 57 depuis
995 2454 111 40 deux
1148 2467 94 40 ans,
1265 2453 379 41 administrateurs
1684 2453 52 40 de
1775 2453 189 54 l'Opéra,
1991 2465 112 42 pour
2143 2453 37 40 le
2219 2457 169 48 compte
2422 2449 51 40 de
2509 2449 41 40 la

799 2527 248 41 Commune
1084 2528 50 39 de
1176 2526 138 52 Paris,
1345 2528 76 53 qui
1455 2526 122 41 allait
1618 2526 165 41 bientôt
1815 2526 59 40 les
1908 2526 188 40 décréter
2135 2523 315 42 d'arrestation.
2491 2522 59 41 Ce

799 2600 149 41 n'était
976 2614 74 40 pas
1077 2600 125 41 chose
1232 2600 124 41 facile
1386 2614 84 41 que
1492 2601 50 40 de
1563 2600 161 55 diriger
1745 2600 110 41 alors
1881 2598 267 43 l'Académie
2173 2598 51 39 de
2246 2597 219 54 musique.
2493 2595 57 40 Le

798 2674 232 55 répertoire
1047 2674 188 41 n'offrait
1256 2674 97 55 plus
1380 2676 138 53 grand
1538 2675 148 42 attrait
1706 2688 85 28 aux
1809 2682 233 44 amateurs,
2060 2682 40 33 et
2121 2673 59 41 les
2203 2686 211 41 ouvrages
2436 2685 84 28 nou-

797 2761 138 27 veaux
976 2747 261 41 subissaient
1272 2747 71 41 des
1384 2748 146 40 échecs
1570 2749 178 54 répétés.
1792 2748 59 40 Le
1889 2747 136 41 Louis
2063 2747 77 40 IX
2167 2760 50 27 en
2256 2747 192 53 Egypte
2452 2776 10 21 ,
2499 2745 51 40 de

800 2820 225 53 Lemoine,
1051 2822 40 39 la
1137 2822 90 40 Cor
1232 2834 26 28 a
1294 2821 51 40 de
1385 2820 174 54 Méhul,
1595 2821 40 41 la
1675 2820 276 43 Corisandre
1981 2822 51 39 de
2069 2820 179 54 Langlé,
2284 2820 25 40 Y
2320 2819 164 55 Œdipe
2521 2820 27 38 à

805 2894 167 41 Thèbes
993 2894 50 40 de
1063 2893 219 52 Méreaux,
1302 2894 219 41 n'avaient
1544 2909 59 40 pu
1627 2895 171 40 fournir
1817 2908 85 27 une
1920 2895 162 53 longue
2102 2895 197 41 carrière.

854 2967 61 41 Le
936 2966 149 56 public
1115 2967 235 41 n'écoutait
1371 2968 97 54 plus
1489 2982 85 41 que
1600 2968 130 40 d'une
1752 2968 147 41 oreille
1919 2968 192 42 distraite
2129 2968 60 41 les
2211 2967 170 41 chefs*d
2387 2966 7 20 ?
2399 2976 148 31 œuvre

796 3039 52 42 de
873 3039 214 55 Piccinni,
1105 3040 50 40 de
1170 3040 279 50 Sacchini,de
1470 3041 150 40 Salieri
1644 3048 40 33 et
1704 3042 50 39 de
1775 3041 158 41 Gluck.
1946 3041 197 42 Certains
2163 3053 210 42 ouvrages
2389 3041 155 52 même,

796 3114 79 41 tels
914 3127 85 41 que
1040 3114 191 53 Roland,
1264 3113 233 55 Iphigénie
1538 3127 50 27 en
1619 3115 186 53 Aulide,
1842 3116 218 52 Chimène,
2089 3115 167 54 Œdipe
2295 3117 26 38 à
2359 3113 184 52 Colone,

795 3187 161 41 étaient
976 3187 245 41 retranchés
1242 3187 59 40 du
1324 3187 232 55 répertoire
1581 3204 18 23 «
1623 3202 167 28 comme
1816 3192 251 52 présentant
2087 3189 72 41 des
2180 3188 103 53 rois,
2308 3195 40 33 et
2368 3199 179 43 propres

793 3263 23 37 à
840 3261 159 41 blesser
1017 3260 59 41 les
1098 3260 167 42 oreilles
1287 3269 41 33 et
1348 3261 59 41 les
1424 3274 116 42 yeux
1561 3261 72 41 des
1654 3263 298 55 républicains
1976 3263 177 41 délicats
2175 3261 76 55 qui
2272 3260 275 54 fréquentent

793 3334 277 42 maintenant
1090 3335 38 41 le
1155 3335 223 55 spectacle.
1408 3335 35 41 Il
1461 3343 63 34 est
1545 3343 153 49 temps,
1721 3350 54 28 en
1798 3336 112 56 effet,
2007 3336 143 56 ajoute
2174 3332 275 45 VAlmanach
2469 3333 76 42 des

836 3446 48 42 (i)
907 3445 88 34 Voir
1015 3445 32 34 îe
1068 3443 189 38 feuilleton
1280 3444 152 38 musical
1454 3446 49 35 du
1523 3445 185 46 Français
1728 3446 60 46 (iô
1808 3448 205 45 septembre
2042 3446 114 47 1872).
