2817 4216
425 1037 312 72 REVUE
788 1037 168 72 DES
1009 1022 498 84 THÉATRES
1565 1035 473 86 LYRIQUES

356 1410 128 33 OPÉRA
509 1421 7 22 :
539 1411 269 32 Mademoiselle
837 1411 166 42 Fouquet
1029 1412 89 32 dans
1146 1411 116 32 Faust
1266 1434 6 9 .
1356 1410 306 40 OPÉRA-COLIQUE
1685 1420 7 21 :
1714 1409 151 42 Reprise
1894 1408 62 32 des
1980 1409 118 31 Noces

517 1472 44 31 de
580 1471 156 42 Figaro.
818 1472 138 31 Débuts
977 1472 43 31 de
1045 1471 269 32 mademoiselle
1339 1472 144 30 Breton.
1566 1470 167 31 Madame
1758 1468 191 34 Carvalho.

797 1637 72 27 ANS
900 1623 39 40 la
973 1622 312 54 monographie
1325 1621 238 54 historique
1596 1621 143 53 placée
1772 1634 49 26 en
1859 1620 81 40 tête
1973 1621 49 38 de
2057 1633 45 26 ce

797 1697 201 45 numéro,
1025 1696 63 39 M.
1112 1695 197 53 Adolphe
1337 1693 272 54 Jullien,qui
1641 1707 23 26 a
1698 1693 122 54 puisé
1850 1706 64 26 ses
1943 1692 137 40 rensei-

797 1775 225 47 gnements
1040 1782 85 26 aux
1147 1768 243 40 meilleures
1413 1780 185 39 sources,
1620 1779 110 27 nous
1751 1765 62 39 dit
1834 1764 141 54 quelle
1993 1779 22 25 a
2038 1766 64 39 été

797 1841 39 39 la
869 1841 169 40 fortune
1074 1840 214 40 contraire
1319 1840 72 38 des
1424 1840 145 40 Noces
1609 1838 53 40 de
1699 1838 168 53 Figaro
1874 1870 9 19 ,
1907 1846 40 31 et
1980 1836 122 54 quels

798 1913 160 51 furent,
984 1918 21 34 à
1027 1921 161 33 travers
1206 1913 38 39 le
1266 1921 153 44 temps,
1445 1924 61 26 ses
1528 1911 258 51 défenseurs,
1813 1924 63 25 ses
1898 1909 204 53 critiques

799 1995 38 31 et
870 2000 62 26 ses
958 1986 266 53 interprètes.
1263 1985 34 39 Il
1323 1998 66 26 me
1412 1983 196 53 dispense
1636 1983 127 52 ainsi,
1794 1997 75 39 par
1895 1982 209 40 l'enchaî-

362 2068 176 35 nement
568 2061 174 52 logique
763 2060 71 40 des
860 2059 111 47 faits,
996 2059 50 38 de
1067 2058 167 39 revenir
1261 2070 72 26 sur
1363 2055 58 40 les
1451 2055 240 53 jugements
1720 2055 171 52 iniques
1922 2055 105 38 dont
2059 2067 45 26 ce

360 2135 313 41 chef-d'œuvre
695 2134 50 38 de
769 2133 170 40 Mozart
965 2145 22 24 a
1014 2132 65 38 été
1103 2129 159 54 l'objet,
1291 2129 72 40 dès
1397 2142 77 26 son
1496 2128 245 54 apparition
1772 2140 53 26 en
1855 2126 179 41 France.
2055 2125 49 39 Je

360 2208 188 41 réduirai
571 2207 109 39 donc
703 2206 57 40 les
784 2204 275 54 proportions
1084 2202 49 40 de
1154 2210 65 32 cet
1241 2201 144 40 article
1408 2215 54 26 au
1486 2199 331 54 compte-rendu
1840 2198 194 41 succinct
2054 2199 50 38 de

361 2280 257 41 l'exécution
656 2278 179 40 actuelle
869 2277 71 39 des
972 2277 144 40 Noces
1145 2275 54 39 de
1235 2275 178 51 Figaro
1421 2305 8 19 ,
1453 2273 107 39 dont
1593 2272 39 40 la
1667 2272 158 54 reprise
1860 2275 21 35 à
1911 2269 196 55 l'Opéra-

361 2354 214 52 Comique
597 2359 73 43 est,
697 2364 98 27 avec
818 2350 36 40 le
877 2349 154 40 second
1064 2349 134 39 début
1225 2348 49 38 de
1297 2345 318 42 mademoiselle
1646 2345 201 52 Fouquet
1881 2347 22 36 à
1931 2343 175 54 l'Opéra

361 2428 106 39 dans
491 2428 156 46 Faust,
673 2425 39 40 la
734 2425 116 38 seule
873 2423 243 40 nouveauté
1137 2422 50 38 de
1208 2422 39 39 la
1270 2420 251 54 quinzaine.
1547 2418 167 52 Maigre
1736 2418 169 54 pitance
1924 2422 7 35 î

416 2499 80 39 J'ai
529 2498 133 51 salué,
693 2497 29 39 il
747 2510 27 40 y
802 2510 22 26 a
855 2496 158 53 quinze
1042 2494 131 54 jours,
1196 2493 58 40 les
1286 2493 202 53 premiers
1519 2491 153 40 débuts
1703 2490 51 40 de
1787 2490 320 40 mademoiselle

363 2575 161 39 Jeanne
559 2571 202 52 Fouquet
790 2570 106 38 dans
924 2568 251 40 Guillaume
1205 2566 114 40 Tell.
1347 2566 35 40 Il
1410 2568 83 36 m'a
1521 2578 107 40 paru
1662 2578 85 40 que
1782 2564 40 40 la
1846 2564 262 53 Marguerite

365 2646 51 38 de
454 2644 147 40 Faust
644 2641 162 41 n'avait
837 2655 73 40 pas
943 2648 101 32 tenu
1084 2647 96 33 tout
1220 2653 44 26 ce
1297 2638 191 54 qu'avait
1521 2637 162 54 promis
1717 2637 226 40 Mathilde.
1974 2637 48 39 Je
2057 2650 52 26 ne

366 2716 175 42 modifie
581 2729 51 26 en
672 2716 92 38 rien
803 2728 103 26 mon
944 2712 291 55 appréciation
1283 2726 73 26 sur
1393 2712 58 39 les
1484 2710 184 54 qualités
1705 2710 51 40 de
1796 2710 234 40 sentiment
2067 2716 42 33 et

366 2787 288 55 d'expression
677 2787 109 40 dont
812 2786 38 39 la
873 2785 235 40 débutante
1130 2792 61 33 est
1215 2783 371 41 instinctivement
1608 2783 148 39 douée.
1782 2782 52 40 Sa
1856 2781 99 41 voix
1977 2781 132 41 trahit

366 2872 95 44 trop
486 2868 182 32 souvent
691 2872 43 26 sa
755 2858 187 40 volonté.
978 2857 113 41 C'est
1113 2857 187 54 l'organe
1320 2856 77 54 qui
1420 2869 191 41 manque
1634 2855 245 40 réellement
1898 2853 51 40 de
1971 2854 133 47 santé,

364 2944 42 31 et
433 2933 77 55 qui
543 2933 106 40 n'est
678 2945 73 40 pas
779 2931 204 40 alimenté
1011 2944 77 40 par
1110 2944 61 26 un
1205 2930 151 40 souffle
1378 2942 113 27 assez
1522 2928 211 55 puissant.
1758 2930 147 37 Avant
1931 2926 50 40 de
2003 2925 106 41 fixer

366 3006 187 54 l'emploi
577 3004 169 40 naturel
767 3003 106 40 dans
893 3003 142 53 lequel
1057 3016 62 26 ses
1143 3016 182 34 moyens
1346 3001 39 41 la
1407 3000 220 41 confinent
1658 3014 53 26 au
1737 2999 175 40 théâtre,
1938 2998 148 48 j'atten-

365 3079 94 40 drai
487 3091 87 28 une
596 3076 220 41 troisième
835 3077 201 52 épreuve.

428 3223 415 46 OPÉRA-COMIQUE.
868 3244 49 8 —
952 3221 82 39 LES
1068 3220 142 40 NOCES
1230 3235 52 25 DE
1310 3219 174 41 FIGARO.
1604 3216 197 41 L'attrait
1821 3216 51 39 de
1896 3215 39 40 la
1956 3215 155 53 reprise

369 3298 71 39 des
477 3298 143 40 Noces
647 3295 54 40 de
729 3294 178 54 Figaro
940 3293 159 55 portait
1138 3305 72 27 sur
1245 3293 58 39 les
1338 3292 170 41 débuts,
1522 3290 49 40 de
1602 3287 317 42 mademoiselle
1953 3288 156 40 Breton

371 3370 104 40 dans
499 3370 37 40 le
567 3369 86 40 rôle
672 3368 50 39 de
743 3366 238 42 Chérubin.
1011 3365 322 41 Mademoiselle
1357 3365 156 38 Breton
1535 3362 120 41 vient
1681 3375 53 26 en
1758 3361 136 40 droite
1914 3359 116 53 ligne
2052 3361 58 40 du
