2817 4216
651 377 256 42 MOZART
938 376 80 41 ET
1050 376 81 41 LE
1161 373 221 45 NOZZE
1410 371 34 48 D
1477 371 34 48 1
1544 371 201 48 FIGARO

1991 372 75 40 151

328 525 140 57 parmi
490 525 60 42 les
570 533 167 36 acteurs
757 538 86 27 une
867 523 185 42 réunion
1074 522 50 42 de
1141 524 155 40 talents
1317 522 98 56 plus
1438 534 84 41 que
1537 518 222 42 suffisante
1780 531 109 42 pour
1904 532 28 40 y
1945 517 124 55 jouer

329 614 99 28 avec
449 604 142 38 succès
612 600 59 41 les
692 598 245 42 meilleures
957 597 226 41 comédies.
1204 597 67 40 La»
1284 595 203 55 musique
1505 602 62 33 est
1580 607 88 28 une
1684 605 147 29 œuvre
1844 591 231 56 posthume

328 675 51 40 de
401 675 218 56 Motard
642 674 115 55 (sic),
779 673 162 41 célèbre
958 671 293 54 compositeur
1270 670 107 40 dans
1398 670 40 40 la
1459 669 134 55 partie
1621 666 348 44 instrumentale.
1993 666 82 42 Get

330 762 188 41 ouvrage
539 764 23 26 a
584 750 70 38 des
677 747 175 41 beautés
876 746 77 53 qui
979 745 93 40 font
1095 751 206 46 regretter
1327 743 37 40 la
1390 750 116 47 perte
1536 742 49 41 de
1613 742 203 41 Fauteur.
1851 759 18 22 »
1907 741 63 40 De
2009 753 65 28 ces

332 822 216 55 éloges-là,
571 835 57 27 on
651 820 80 41 sait
753 833 45 26 ce
819 831 85 42 que
924 825 106 33 vaut
1052 817 160 41 l'aune,

390 896 63 41 De
476 904 98 32 tous
595 908 66 27 ces
683 893 204 54 critiques
906 905 256 41 anonymes,
1190 889 113 43 celui
1323 891 58 40 du
1398 890 195 41 Journal
1613 889 192 54 général
1827 889 53 40 de
1897 889 180 40 France

332 978 61 33 est
414 969 39 42 le
475 969 90 41 seul
588 968 75 55 qui
687 966 187 57 paraisse
896 965 142 43 savoir
1059 979 44 28 ce
1125 964 182 57 qu'était
1332 964 169 43 Mozart
1526 970 41 35 et
1600 964 78 55 qui
1706 962 60 42 ait
1795 962 138 41 rendu
1954 962 94 41 hom-

330 1057 126 42 mage
474 1047 22 37 à
520 1056 77 28 son
616 1042 137 57 génie.

383 1193 67 37 Un
466 1202 188 27 nouveau
681 1202 123 38 genre
826 1189 111 39 vient
958 1190 47 36 de
1030 1187 259 38 s'introduire
1316 1188 22 35 à
1365 1197 45 26 ce
1431 1185 155 37 théâtre
1609 1183 204 51 (l'Opéra),
1847 1183 96 38 c'est
1974 1181 105 38 celui

333 1261 67 37 des
424 1259 202 39 comédies
648 1258 169 50 parlées,
838 1270 91 25 sans
957 1255 185 39 récitatif.
1168 1257 115 35 Nous
1310 1252 324 39 n'examinerons
1649 1264 70 37 pas
1741 1251 33 37 si
1795 1258 101 30 cette
1912 1251 144 38 innova-

332 1327 88 38 tion
446 1334 97 42 peut
563 1327 174 49 paraître
767 1324 219 50 singulière
1007 1325 99 36 dans
1129 1335 58 24 un
1215 1322 198 50 spectacle
1439 1324 53 34 où
1512 1328 90 29 tout
1623 1318 106 39 avait
1751 1318 62 38 été
1834 1318 143 37 chanté
1999 1317 61 50 jus-

333 1394 91 48 qu'à
445 1394 185 48 présent;
656 1393 32 37 si
711 1392 75 37 elle
809 1392 37 36 le'
865 1399 96 40 met,
984 1403 53 25 ou
1060 1402 97 36 non,
1183 1401 48 25 en
1256 1388 156 37 rivalité
1434 1387 287 38 avec-d'autres
1749 1385 216 48 spectacles
1990 1385 91 48 plus

332 1460 188 38 habitués
547 1472 78 36 que
647 1459 57 38 lui
720 1463 22 33 à
762 1458 353 49 l'opéra-comique
1132 1473 9 32 ;
1164 1456 31 37 si
1218 1454 75 38 elle
1315 1454 183 37 n'établit
1518 1465 69 37 pas
1606 1454 69 35 des
1697 1451 128 50 objets
1844 1452 47 36 de
1919 1463 135 36 compa-

333 1529 156 49 raison;
520 1529 46 48 si,
581 1541 70 37 par
672 1528 38 37 la
730 1527 117 47 suite,
868 1526 76 38 elle
963 1538 49 25 ne
1031 1525 174 49 l'expose
1226 1535 68 38 pas
1317 1522 21 38 à
1359 1535 55 24 un
1433 1522 362 45 démembrement,
1826 1522 21 33 à
1867 1531 80 25 une
1967 1518 93 37 révo
2073 1540 11 8 -

334 1597 134 37 lution
490 1595 124 38 totale
641 1596 98 36 dans
761 1595 36 36 le
825 1606 121 37 genre
969 1593 66 49 qui
1066 1592 58 37 lui
1146 1591 96 38 était
1259 1601 159 39 propre.
1444 1589 40 37 Si
1510 1588 75 37 elle
1603 1595 187 42 rapporte
1811 1587 47 37 de
1880 1587 168 48 l'argent
2063 1588 22 33 à

332 1665 37 36 la
385 1663 212 49 direction,
611 1670 90 31 tout
719 1661 304 38 raisonnement
1035 1660 193 37 là-dessus
1245 1657 215 39 deviendra
1478 1655 191 50 superflu.
1689 1654 107 48 Quoi
1815 1654 96 49 qu'il
1928 1665 49 25 en
1991 1653 92 48 soit,

334 1731 57 38 les
413 1730 157 37 artistes
591 1729 58 37 les
670 1729 90 50 plus
779 1729 225 49 distingués
1025 1728 53 36 du
1099 1725 286 49 Grand-Opéra
1406 1732 71 28 ont
1489 1723 92 53 joué
1605 1722 88 37 hier
1713 1719 369 52 l'opéra-comique,

336 1807 39 30 et
397 1800 83 37 s'en
504 1806 93 30 sont
614 1799 198 48 acquittés
833 1809 94 26 avec
949 1794 546 51 beaucoup'd'intelligence;
1519 1791 101 37 mais
1639 1790 204 50 peut-être
1865 1790 197 35 n'eussent-

334 1868 49 39 ils
398 1880 70 37 pas
489 1867 54 36 dû
560 1867 150 37 choisir
727 1879 104 37 pour
853 1878 55 25 un
927 1865 124 37 début
1072 1865 97 36 dans
1188 1875 42 25 ce
1252 1874 122 38 genre
1397 1860 35 37 le
1445 1860 196 50 Mariage
1658 1859 47 36 de
1723 1857 156 51 Figaro
1885 1887 8 18 ,
1912 1867 173 37 ouvrage

334 1948 78 37 que
431 1942 89 31 tout
547 1935 36 37 le
607 1935 149 36 monde
776 1933 74 38 sait
870 1945 71 37 par
955 1945 126 35 cœur,
1104 1939 39 29 et
1170 1931 124 49 qu'on
1313 1941 22 25 a
1355 1941 54 26 vu
1429 1927 116 51 jouer
1566 1926 89 52 déjà
1675 1936 94 26 avec
1797 1936 79 25 une
1899 1923 162 50 supério-

336 2004 74 38 rité
424 2004 334 48 décourageante.
781 2002 116 37 Cette
919 2001 180 38 comédie
1115 2008 59 29 est
1193 1999 122 37 ornée
1332 1997 47 37 de
1395 1997 37 36 la
1444 1995 169 50 superbe
1630 1994 187 48 musique
1840 1994 47 35 de
1905 1992 179 51 Mozart,

334 2072 140 38 artiste
502 2071 213 49 distingué,
748 2077 106 30 mort
877 2068 138 50 depuis
1043 2080 56 24 un
1132 2079 65 35 an,
1219 2068 22 34 à
1268 2065 173 47 Vienne,
1470 2075 51 25 au
1549 2061 150 38 service
1727 2061 48 36 de
1809 2060 242 48 l'empereur
2075 2070 8 26 :

336 2147 104 31 cette
459 2138 188 49 musique
671 2144 114 42 porte
806 2136 37 38 le
864 2135 138 38 cachet
1023 2135 68 36 des
1113 2134 91 49 plus
1224 2132 147 49 grands
1390 2136 162 30 maîtres
1572 2140 6 25 :
1611 2129 104 36 deux
1738 2126 157 49 finales,
1926 2133 162 30 surtout

337 2206 105 39 celui
464 2208 53 35 du
536 2205 148 37 second
704 2213 100 38 acte,
819 2210 93 31 sont
931 2204 67 35 des
1019 2201 313 38 chefs-d'œuvre
1348 2209 6 25 :
1372 2198 37 36 le
1428 2196 131 50 génie,
1575 2196 38 36 la
1626 2195 170 49 vigueur
1814 2201 41 29 et
1872 2193 216 49 l'élégance

337 2275 56 49 s'y
410 2273 89 37 font
515 2284 249 37 remarquer,
787 2279 38 29 et
844 2283 105 25 nous
971 2281 226 38 engageons
1212 2267 59 38 les
1283 2273 202 30 amateurs
1504 2264 47 37 de
1567 2264 39 36 la
1626 2262 104 37 belle
1743 2261 186 49 musique
1951 2264 21 33 à
1988 2260 98 37 aller

337 2342 193 38 entendre
552 2347 172 31 souvent
750 2339 174 48 celle-ci,
956 2337 70 50 qui
1049 2336 87 38 doit
1157 2336 88 37 leur
1266 2334 124 50 plaire
1418 2330 388 52 particulièrement.
1837 2329 118 38 Cette
1976 2328 113 49 pièce

337 2418 59 30 est
424 2409 99 37 mise
550 2420 95 26 avec
674 2407 104 48 soin,
810 2408 100 35 mais
939 2404 75 38 elle
1040 2411 59 30 est
1126 2411 91 40 trop
1245 2402 163 49 longue,
1432 2408 52 40 et,
1508 2399 225 49 quoiquon
1754 2397 56 37 ait
1831 2395 204 51 supprimé
2052 2395 37 36 le

335 2477 211 51 plaidoyer
568 2477 53 37 du
643 2475 208 39 troisième
872 2481 99 41 acte,
993 2472 29 38 il
1044 2479 104 30 reste
1165 2482 146 26 encore
1327 2470 210 46 beaucoup
1552 2468 47 35 de
1613 2477 198 38 coupures
1828 2468 21 33 à
1870 2463 99 38 faire
1990 2465 100 35 dans

336 2547 36 36 le
393 2545 201 48 dialogue,
617 2556 43 25 ce
676 2543 69 49 qui
765 2540 254 40 resserrerait
1040 2541 219 47 davantage
1281 2536 176 38 l'intérêt
1470 2545 8 39 ;
1492 2546 66 26 car
1569 2535 57 36 les
1646 2533 201 37 comédies
1869 2531 220 49 intriguées

338 2611 170 51 perdent
523 2611 187 51 toujours
732 2610 55 37 du
806 2609 88 37 côté
914 2609 47 36 de
977 2606 163 38 l'action
1163 2604 137 51 quand
1322 2603 98 38 elles
1437 2608 92 31 sont
1552 2601 121 36 mises
1695 2611 50 26 en
1767 2599 234 49 musique...
2025 2599 65 36 Au

339 2688 118 39 reste,
480 2686 62 30 cet
562 2679 99 37 essai
677 2689 154 38 prouve
852 2688 79 37 que
949 2687 42 26 ce
1014 2674 196 51 spectacle
1231 2684 150 39 pourra
1404 2671 113 52 jouer
1535 2669 301 49 agréablement
1851 2665 36 38 le
1898 2677 122 39 genre
2042 2665 49 38 de

339 2747 372 49 l'opéra-comique,
737 2747 32 36 si
784 2745 58 37 les
860 2751 163 30 auteurs
1044 2742 228 37 travaillent
1294 2751 104 39 pour
1418 2738 57 37 lui
1491 2749 8 37 ;
1524 2736 100 37 mais
1640 2747 105 26 nous
1766 2735 57 36 lui
1843 2732 247 40 conseillons

340 2815 164 38 d'éviter
525 2815 57 36 les
602 2813 128 50 objets
748 2813 49 37 de
812 2810 282 52 comparaison
1110 2822 50 25 en
1178 2806 278 40 n'établissant
1466 2816 69 39 pas
1551 2804 68 36 des
1634 2804 133 49 pièces
1786 2810 91 41 trop
1894 2812 195 38 connues,

341 2894 160 28 comme
523 2882 35 37 le
579 2881 197 52 Mariage
797 2881 47 36 de
868 2880 160 51 Figaro
1035 2909 7 19 ,
1066 2878 69 49 qui
1158 2890 50 24 ne
1229 2884 96 44 peut
1344 2875 110 39 avoir
1475 2875 38 37 là
1531 2874 48 37 de
1602 2871 141 39 mérite
1764 2871 91 50 plus
1871 2869 126 51 grand
2013 2879 78 38 que

341 2958 167 45 partout
527 2949 179 49 ailleurs,
728 2949 121 49 qu'en
870 2960 104 25 nous
997 2946 149 39 offrant
1166 2958 80 25 une
1266 2947 186 49 musique
1472 2943 124 49 riche,
1618 2948 175 42 savante,
1812 2947 39 31 et
1868 2938 70 51 qui
1954 2945 60 31 est
2034 2949 57 26 un

342 3019 198 41 véritable
555 3018 165 50 présent
737 3018 22 35 à
779 3015 98 39 faire
898 3028 78 25 aux
997 3014 295 40 connaisseurs.

401 3184 72 40 Au
493 3178 246 44 lendemain
760 3178 50 40 de
831 3177 41 41 la
905 3177 210 55 première
1146 3173 358 58 représentation,
1541 3185 61 27 un
1633 3175 256 50 spectateur,
1929 3164 165 56 inspiré

348 3257 144 40 moins
513 3269 74 41 par
606 3254 41 41 la
670 3251 205 54 musique
897 3250 51 41 de
971 3250 170 41 Mozart
1162 3263 84 41 que
1268 3262 75 41 par
1362 3248 38 40 le
1422 3246 133 42 talent
1578 3245 130 39 d'une
1730 3241 169 48 actrice,
1924 3239 169 40 adressa

346 3331 60 40 les
428 3342 94 28 vers
542 3328 200 42 suivants
770 3328 23 37 à
815 3323 199 42 madame
1038 3321 222 55 Ponteuil,
1294 3323 108 40 dont
1425 3316 337 45 Beaumarchais
1785 3312 310 45 reconnaissait

349 3404 231 41 lui-même
599 3401 39 42 la
657 3398 258 57 supériorité
938 3410 12 29 :
