2710 4272
1309 3945 86 42 223

860 392 67 41 as
949 376 345 58 Mittelalter
1315 378 137 53 lebte
1478 378 249 54 rational
1750 378 113 54 und
1890 376 217 70 logisch,
2130 382 130 63 ging
2286 391 116 41 von

879 470 173 49 einem
1091 463 375 69 Bestimmten
1511 478 108 42 aus
1657 466 112 53 und
1817 464 124 55 kam
1979 479 64 51 zu
2081 465 173 54 einem
2291 462 74 71 Be-

876 552 297 68 stimmtem
1216 566 118 42 von
1374 550 153 60 Gott
1563 566 65 49 zu
1668 549 170 61 Gott.
1901 549 95 59 Es
2028 554 108 65 gab
2170 551 86 55 ein
2292 549 74 61 Ge-

877 638 340 71 meinsames,
1252 628 448 79 Vereinigendes:
1739 640 101 53 den
1873 636 270 61 Glauben
2177 640 112 53 und
2322 639 80 54 die

876 726 257 56 Doktrin.
1186 726 104 55 Die
1321 724 300 70 Menschen
1656 739 191 41 waren
1875 726 59 54 in
1966 730 144 50 einer
2143 723 222 61 Gemein-

878 812 167 69 schaft
1076 815 335 54 verbunden.
1462 811 207 70 Unsere
1706 812 113 60 Zeit
1857 813 110 54 lebt
2009 812 176 67 besten
2225 810 177 64 Falles

876 901 353 69 poetisierend
1268 902 114 53 und
1412 899 271 71 allogisch,
1720 902 130 66 geht
1888 914 117 42 von
2043 899 209 64 Nichts
2276 913 124 56 aus,

309 998 98 40 um
445 998 63 50 zu
546 984 210 69 Nichts
791 1003 64 49 zu
892 987 276 56 kommen:
1208 1002 117 42 von
1363 986 287 69 Meinung
1687 1002 63 49 zu
1778 986 304 69 Meinung.
2144 986 162 55 Denn
2346 1001 57 40 es

309 1072 118 65 gibt
465 1071 115 55 kein
609 1071 438 72 Gemeinsames,
1084 1073 232 70 sondern
1347 1090 112 39 nur
1488 1073 376 57 Trennendes:
1906 1072 352 70 Meinungen
2289 1076 113 52 und

308 1156 340 58 Vorurteile.
713 1158 103 57 Die
853 1165 256 66 heutigen
1148 1160 300 71 Menschen
1488 1162 115 69 find
1643 1166 58 51 in
1741 1162 144 53 einer
1918 1158 368 72 Gesellschaft
2325 1175 52 54 ge-

311 1258 202 42 trennt.
570 1245 229 71 Heutige
826 1247 352 70 Meinungen
1212 1250 116 68 sind
1357 1250 135 54 taub
1520 1250 421 66 gegeneinander
1973 1252 112 52 und
2113 1247 289 70 schweigen

310 1334 100 68 sich
439 1346 107 43 tot:
585 1338 103 53 das
714 1349 171 42 nennt
923 1351 133 40 man
1083 1337 225 56 Würde.
1375 1335 155 58 Oder
1555 1337 71 68 sie
1663 1336 117 68 sind
1808 1337 135 55 taub
1982 1337 421 66 gegeneinander

309 1422 112 53 und
448 1419 227 70 schreien
702 1423 99 68 sich
829 1438 98 40 an:
955 1426 102 54 das
1083 1437 171 44 nennt
1280 1438 134 41 man
1440 1423 271 72 Polemik.
1768 1423 124 55 Das
1916 1422 487 70 einzigeWichtige

312 1507 93 65 für
451 1509 115 54 eine
603 1508 287 71 Meinung
935 1511 66 68 ist
1045 1513 115 53 eine
1205 1509 325 70 gegnerische
1565 1509 314 69 Meinung;
1924 1511 119 66 ihre
2087 1507 316 74 Existenzen

309 1596 262 66 bedingen
599 1600 280 64 einander;
904 1584 108 80 jede
1038 1597 245 69 wünscht
1307 1601 95 51 der
1426 1601 207 51 andern
1660 1594 234 71 längstes
1913 1595 188 59 Leben
2127 1612 99 43 um
2253 1597 150 66 ihres

309 1687 217 63 eigenen
542 1681 223 65 Lebens
783 1686 202 54 willen.
1024 1683 193 70 Diesen
1234 1700 97 40 um
1348 1683 167 70 seiner
1532 1683 154 70 selbst
1704 1685 183 59 willen
1906 1683 292 68 geführten
2217 1683 186 58 Streit

308 1772 91 52 der
432 1768 354 70 Meinungen
825 1784 171 42 nennt
1040 1786 135 41 man
1213 1771 460 70 wissenschaftlich
1714 1769 340 59 Evolutiom
2111 1769 160 57 Man
2304 1772 99 66 hat

309 1857 99 68 sich
436 1871 150 50 zwar
622 1859 108 64 auf
749 1858 117 55 kein
895 1857 461 70 Gegenwärtiges
1393 1862 144 65 nicht
1563 1874 111 39 nur
1713 1860 143 62 nicht
1882 1858 245 70 geeinigt,
2159 1855 242 70 sondern

309 1941 216 71 erklärt,
570 1946 110 67 daß
719 1959 56 41 es
821 1947 86 53 ein
947 1944 461 70 Gegenwärtiges
1452 1946 316 68 überhaupt
1806 1947 143 62 nicht
1988 1946 143 66 gebe,
2162 1944 72 68 ist
2272 1946 131 52 aber

310 2034 254 63 trotzdem
603 2031 305 70 überzeugt,
953 2036 109 67 daß
1101 2035 100 66 sich
1240 2036 210 53 daraus
1487 2048 126 41 was
1652 2033 93 65 für
1782 2035 84 53 die
1903 2031 238 65 Zukunft
2179 2033 223 66 ergeben

307 2118 206 55 würde.
577 2119 176 68 Angst
791 2134 109 42 vor
937 2109 92 67 der
1062 2120 461 70 Vergangenheit,
1542 2122 104 54 die
1683 2125 106 49 wie
1826 2123 104 51 das
1967 2117 127 70 böse
2121 2113 282 69 Gewissen

310 2203 171 71 quält,
505 2205 289 64 Schauder
812 2222 109 41 vor
940 2210 91 53 der
1050 2206 369 69 Gegenwart:
1441 2210 84 53 die
1539 2209 187 53 beiden
1744 2211 173 64 hetzen
1940 2211 58 50 in
2017 2207 82 54 die
2116 2202 287 70 Hoffnung

309 2291 105 64 auf
443 2296 82 52 die
551 2292 255 70 Zukunft,
845 2299 57 49 in
929 2297 83 52 die
1044 2310 63 48 zu
1135 2297 313 65 evoluieren
1487 2309 133 41 man
1646 2296 88 53 als
1760 2296 235 66 einzigen
2022 2292 158 56 Sinn
2220 2306 153 54 gegen-

309 2377 271 70 wärtigen
606 2379 223 57 Lebens
855 2381 289 69 anspricht.
1207 2381 94 64 In
1327 2384 99 52 den
1454 2380 233 69 Begriff
1718 2384 91 52 der
1835 2380 325 57 Evolution
2188 2379 215 70 schließt

309 2468 101 64 sich
448 2470 90 52 der
578 2467 658 69 naturwissenschaftliche
1273 2472 112 52 und
1426 2467 193 69 falsche
1656 2466 232 70 Begriff
1925 2470 90 52 der
2055 2466 347 69 Anpassung,

308 2556 121 52 dem
457 2557 115 66 alle,
613 2557 82 52 die
721 2570 136 40 vom
883 2553 198 71 Bösen
1119 2555 166 69 dieser
1309 2555 112 59 Zeit
1448 2555 284 72 existieren,
1771 2557 104 53 mit
1900 2554 166 65 Eifer
2091 2551 311 70 anhängen.

308 2641 114 54 Der
441 2641 339 64 natürlichen
802 2642 392 69 Entwicklung
1222 2645 193 66 gelang
1436 2656 76 55 es,
1539 2642 158 70 sagen
1718 2641 190 70 unsere
1927 2640 476 70 Evolutionistem

307 2732 84 51 die
417 2727 422 71 Blindschleiche
864 2733 163 61 durch
1055 2729 331 70 Anpassung
1412 2746 62 49 zu
1502 2731 331 66 entwickeln;
1870 2732 90 52 der
1988 2729 229 69 sozialen
2243 2726 119 58 Ero-

309 2818 182 53 lution
528 2819 145 52 wird
712 2830 58 42 es
809 2819 262 68 gelingen,
1118 2819 109 68 daß
1267 2819 100 67 sich
1405 2821 92 51 der
1536 2814 413 70 Minengräber
1988 2831 74 40 an
2099 2817 84 53 die
2209 2815 194 62 Nacht

307 2906 91 51 der
425 2903 231 67 Kohlen
687 2904 279 70 »anpaßt«
1001 2906 106 53 wie
1133 2905 100 68 sich
1260 2907 90 52 der
1375 2903 305 72 plutokrat
1706 2918 73 40 an
1805 2905 82 53 die
1912 2901 189 70 Börse
2126 2902 277 69 angepaßt

309 2993 116 65 hat,
458 2995 107 49 wie
591 2991 99 68 sich
718 2994 90 52 der
833 2991 394 72 Perlenfischer
1259 3007 73 40 an
1359 2995 82 52 die
1467 2990 207 71 Tiefsee
1701 2993 278 68 angepaßt
2005 2993 99 63 hat
2141 2991 113 53 und
2278 3004 123 50 zum

308 3075 310 70 Tiefseetier
643 3081 215 52 werden
885 3081 159 53 wird.
1107 3080 112 54 Der
1245 3082 256 53 moderne
1542 3077 313 70 ,,Triumph
1894 3080 94 52 des
2015 3076 213 68 Geistes
2266 3075 136 56 über

307 3167 83 52 die
417 3163 282 57 Materie«
742 3167 198 67 besteht
965 3168 175 67 darin,
1181 3167 109 68 daß
1316 3169 92 52 der
1436 3164 232 70 Mensch
1706 3168 83 51 die
1815 3166 98 66 ihn
1941 3179 73 39 an
2040 3167 83 51 die
2148 3162 254 56 Materie

307 3251 406 69 anpassendsten
745 3251 342 70 Fähigkeiten
1121 3254 292 54 entwickelt
1444 3256 99 64 hat
1577 3256 111 52 und
1723 3254 190 52 weiter
1941 3251 306 54 entwickeln
2280 3249 122 69 soll;

309 3345 105 49 mit
451 3342 121 51 dem
613 3338 157 69 Geist
816 3345 305 62 unterjocht
1165 3344 91 52 der
1302 3343 216 64 heutige
1556 3338 230 69 Mensch
1822 3339 176 68 seinen
2035 3336 181 69 Geist;
2261 3339 139 53 denn
