3576 4419
356 119 1488 214 Niedeirheinisdic
1992 119 1209 280 Miisik-Zeitnng

739 406 193 92 tili*
983 406 889 92 Kunstfreunde
1923 411 246 84 und
2223 404 604 91 Künstler.

1566 504 3 14 1

179 606 456 87 Herausgegeben
676 626 105 38 von
828 606 276 57 Professor
1147 607 58 53 L.
1240 604 249 78 Bischoff.
1663 603 203 89 Verlag
1909 604 93 57 der
2041 608 65 55 M.
2140 608 573 74 DuMonf-Schauberg
2731 607 166 57 sehen
2936 607 442 91 Buchhandlung.

210 811 84 63 Nr.
335 811 85 63 45.

1408 800 177 88 KÖLN,
1625 813 68 59 11.
1734 810 282 61 November
2055 811 149 60 1854.

2962 816 59 60 11.
3062 814 288 79 Jahrgang.

1827 1006 134 68 greift
1987 1004 116 69 jetzt
2135 1006 116 50 nach
2282 1023 185 41 aussen,
2492 1026 76 32 um
2590 1008 335 54 dramatischen
2947 1012 283 69 Opernstoff
3253 1031 56 32 zu
3338 1013 54 51 ho-

1825 1092 88 57 len,
1929 1091 101 51 weil
2046 1110 50 32 er
2121 1091 163 51 keinen
2310 1092 130 50 mehr
2474 1092 42 50 in
2543 1093 92 50 sich
2670 1095 103 57 hat;
2804 1095 112 50 aber
2945 1096 125 51 nicht
3102 1098 85 50 wie
3218 1098 72 50 die
3321 1100 70 49 Ita-

1824 1177 143 50 liäner
2022 1177 117 50 nach
2183 1176 295 70 Shakspeare
2524 1178 96 50 und
2663 1178 207 61 Schiller,
2915 1182 202 50 sondern
3163 1183 114 50 nach
3328 1183 90 52 den

1824 1262 583 69 Gespenstergeschichten
2437 1262 44 51 in
2515 1262 84 51 der
2622 1263 342 53 romantischen
2991 1266 424 69 Rumpelkammer.

1821 1347 102 51 Aus
1955 1347 148 51 einem
2134 1349 190 58 Drama,
2365 1347 203 52 welches
2611 1368 84 31 vor
2737 1356 121 45 etwa
2901 1350 208 68 zwanzig
3138 1351 177 51 Jahren
3345 1352 80 51 auf

1823 1431 101 51 dem
1965 1434 55 48 77
2190 1434 97 49 ledlreFr
2288 1453 78 31 eine
2367 1434 50 49 als,
2450 1432 211 69 gegeben
2693 1435 179 60 wurde,
2915 1435 80 52 das
3038 1435 113 51 aber
3182 1436 125 51 seine
3337 1455 52 33 ur-

1820 1517 294 69 sprüngliche
2145 1517 168 60 Quelle
2352 1519 42 49 in
2437 1519 106 51 dem
2573 1520 182 51 Roman
2797 1521 129 59 „Der
3203 1540 88 33 von
3324 1524 60 51 Le-

1820 1601 81 51 wis
1933 1603 94 58 hat,
2058 1603 57 50 ist
2139 1603 82 49 der
2246 1605 123 48 Text
2394 1603 83 50 der
2498 1605 168 50 Nonne
2686 1608 243 64 sanglante
2959 1608 191 49 zurecht
3182 1608 231 67 gemacht.

1943 1688 89 49 Die
2061 1686 254 69 Handlung
2356 1688 136 68 spielt
2531 1689 45 49 in
2619 1690 226 51 Böhmen.
2903 1691 126 51 Zwei
3071 1693 216 68 Häupter
3329 1694 84 49 der

1818 1770 303 51 böhmischen
2150 1773 262 49 Montecchi
2445 1774 94 50 und
2571 1774 231 69 Capuletli
2844 1775 188 51 werden
3065 1777 146 50 durch
3243 1778 166 52 keinen

1819 1857 249 49 Kleineren
2101 1857 61 49 als
2194 1859 139 47 Peter
2365 1858 89 49 den
2483 1859 236 50 Eremiten
2752 1860 234 52 versöhnt.
3016 1863 106 49 Den
3152 1864 138 50 Bund
3320 1864 83 51 soll

1820 1940 99 50 eine
1952 1940 193 50 Heirath
2180 1940 259 68 besiegeln:
2484 1943 160 68 Agnes
2675 1944 189 51 Moldau
2897 1947 81 48 soll
3011 1945 240 52 Theobald
3283 1949 94 50 Lud-

1820 2027 141 49 dorfs
2004 2025 155 50 Gattin
2204 2027 203 53 werden.
2459 2028 133 50 Aber
2633 2029 166 51 dessen
2843 2031 189 50 zweiter
3072 2032 129 51 Sohn
3243 2034 176 51 Rudolf

1818 2111 109 50 liebt
1969 2111 175 67 Agnes,
2187 2111 179 68 schlägt
2408 2112 100 51 eine
2550 2113 171 51 andere
2750 2116 150 49 Braut
2945 2135 82 31 aus
3060 2118 341 67 (Hugenotten)

1815 2196 95 49 und
1943 2194 115 52 wird
2089 2196 131 50 dafür
2251 2213 87 33 von
2369 2197 171 49 seinem
2569 2199 143 50 Vater
2743 2199 224 52 verflucht
2999 2201 208 66 (Othello
3236 2205 127 48 —Jü-

1815 2281 108 67 din).
1956 2281 160 67 Agnes
2149 2282 290 50 entschliesst
2468 2282 95 51 sich
2594 2285 115 49 nach
2741 2285 148 50 einem
2916 2287 164 58 Duett,
3113 2288 80 50 mit
3224 2288 91 51 ihm
3351 2309 55 31 zu

1815 2366 163 49 Hieben
2006 2366 325 67 (Hugenotten
2474 2367 156 67 Jüdin)
2662 2376 139 43 unter
2830 2370 104 49 dem
2967 2371 171 51 Schutz
3174 2372 81 51 der
3286 2373 122 69 Sage

1815 2469 89 33 von
1936 2451 82 49 der
2050 2450 206 68 blutigen
2286 2451 179 51 Nonne.
2498 2451 87 51 Um
2608 2453 301 51 Mitternacht
2940 2455 104 67 (von
3079 2456 90 51 den
3202 2459 99 48 fünf
3312 2460 62 49 Ac-

1816 2542 75 44 ten
1923 2535 171 68 spielen
2126 2535 93 51 vier
2251 2536 58 48 im
2341 2537 185 49 Dunkel
2559 2537 82 50 der
2671 2539 192 67 Nacht!)
2896 2539 128 50 harrt
3055 2541 177 52 Rudolf
3255 2542 150 61 ihrer;

1811 2620 64 51 sie
1907 2620 229 49 erscheint
2167 2620 65 49 als
2262 2620 325 52 verschleierte
2619 2624 164 49 weisse
2802 2625 161 51 Dame.
2996 2626 178 51 Rudolf
3198 2627 206 52 schwört

1810 2704 71 50 ihr
1910 2706 155 48 Treue
2097 2705 94 51 und
2223 2705 150 51 steckt
2404 2705 89 51 den
2526 2706 403 61 Verlobungsrinsr
2964 2728 56 33 an
3065 2711 129 50 ihren
3226 2711 175 56 Finder

2771 2758 27 18 O
2900 2758 26 19 O
3316 2763 27 17 o

1811 2789 225 68 (Zampa),
2094 2791 100 50 Der
2227 2790 353 69 Unglückselige
2611 2791 78 51 hat
2722 2793 93 50 sich
2848 2794 80 51 mit
2958 2795 149 51 einem
3138 2798 261 68 Gespenste

1810 2874 206 58 verlobt;
2058 2874 120 51 denn
2221 2875 72 50 die
2335 2874 232 51 wirkliche
2609 2875 175 69 blutige
2815 2879 163 49 Nonne
3019 2879 113 52 lässt
3161 2881 125 51 nicht
3320 2883 83 52 mit

1810 2960 93 50 sich
1934 2977 188 52 spassen
2157 2960 91 50 und
2282 2960 56 50 ist
2369 2960 42 50 in
2442 2961 187 68 eigener
2661 2964 175 49 Person
2867 2964 283 53 erschienen.
3197 2967 89 50 Um
3330 2969 74 52 die

1809 3045 284 68 Täuschung
2134 3062 53 33 zu
2230 3044 259 60 vollenden,
2533 3047 209 50 erfahren
2785 3049 84 48 wir
2912 3048 145 52 durch
3102 3052 90 49 den
3225 3054 143 51 Komö-

1809 3128 260 59 dienzettel,
2111 3129 104 51 dass
2257 3129 64 50 sie
2365 3130 116 50 auch
2512 3130 158 68 Agnes
2713 3132 155 52 heisst.
2931 3134 75 50 Sie
3051 3135 120 50 zieht
3216 3137 74 50 ihn
3323 3139 80 50 mit

1810 3214 91 50 sich
1947 3215 90 50 fort
2077 3232 81 32 zur
2202 3213 408 68 Verlobungsfeier
2662 3217 43 49 in
2750 3217 89 50 den
2879 3218 187 51 Ruinen
3110 3221 125 50 eines
3278 3222 122 52 alten

1809 3299 256 60 Schlosses,
2110 3299 198 51 welches
2352 3299 212 70 plötzlich
2608 3301 43 49 in
2694 3302 150 51 seiner
2876 3303 219 53 früheren
3128 3307 168 51 Pracht
3326 3327 49 31 er-

1809 3384 203 60 scheint;
2056 3386 284 67 Gespenster
2383 3386 282 49 marschiren
2718 3388 83 50 auf
2840 3388 201 69 (Robert
3081 3391 82 50 der
3204 3392 177 69 Teufel)
3389 3434 8 19 ;

1809 3471 191 61 Zeugen
2030 3469 95 51 und
2157 3469 142 50 Gäste
2331 3468 100 51 sind
2463 3487 82 33 aus
2577 3471 90 49 den
2700 3472 214 52 Gräbern
2945 3492 84 32 zur
3056 3475 227 52 Hochzeit
3315 3496 52 36 ee-

1912 3522 24 14 -0
3316 3527 26 18 o

1807 3552 134 51 laden
1973 3553 81 65 (Ju
2315 3555 44 68 if
2445 3553 190 69 errant),
2345 3553 92 51 und
2470 3555 106 50 dass
2608 3557 179 50 Rudolf
2811 3557 122 51 nicht
2964 3557 87 51 den
3083 3560 233 53 Verstand
3348 3562 44 51 in

1807 3638 149 50 dieser
1981 3638 304 52 Gesellschaft
2315 3638 199 61 verliert,
2545 3640 136 50 dafür
2704 3660 123 33 muss
2858 3660 51 32 er
2940 3642 102 50 dem
3067 3643 191 51 Dichter
3290 3647 107 50 sehr

1807 3722 206 51 dankbar
2044 3723 110 59 sein,
2199 3725 82 49 der
2323 3723 78 51 ihn
2442 3725 83 50 mit
2568 3726 125 49 einer
2723 3726 197 51 überaus
2953 3726 174 53 derben
3159 3729 210 54 Constitu-

1805 3809 98 50 tion
1934 3816 310 60 ausgestattet
2277 3810 92 51 hat.

1936 3894 292 50 Glücklicher
2256 3895 169 52 Weise
2465 3895 132 51 stirbt
2629 3896 95 48 sein
2755 3895 198 60 Bruder,
2997 3897 83 51 der
3128 3897 264 55 bestimmte

1804 3977 273 70 Bräutigam
2108 3979 153 52 seiner
2291 3980 172 67 Agnes,
2507 3979 195 50 nämlich
2736 3980 82 49 der
2850 3983 300 59 natürlichen,
3194 3986 94 50 und
3323 3988 72 50 die

1806 4063 389 63 übernatürliche,
2227 4065 172 51 welche
2430 4070 114 45 stets
2576 4083 77 32 um
2685 4065 297 52 Mitternacht
3015 4085 56 32 an
3103 4069 173 52 seinem
3305 4074 60 49 La-

1809 4165 84 51 ger
1923 4150 245 62 erscheint,
2210 4149 97 68 gibt
2337 4148 97 50 ihre
2462 4148 328 71 Einwilligung
2818 4158 139 43 unter
2987 4151 83 51 der
3100 4154 303 72 Bedingung,-

722 1025 203 61 Pariser
963 1026 178 61 Briefe.

363 1150 115 53 [Die
518 1152 211 54 blutige
769 1154 184 40 Nonne
990 1166 97 28 von
1129 1153 82 40 Cli.
1252 1150 250 54 Gounod.]

261 1251 87 51 Die
383 1251 265 52 kaiserliche
666 1253 131 69 Oper
828 1253 79 51 hat
938 1253 177 51 endlich
1147 1253 80 51 das
1259 1272 120 32 neue
1411 1253 314 51 musicalische

132 1336 174 51 Drama
351 1337 239 67 gebracht,
635 1338 202 51 welches
884 1340 144 49 schon
1073 1338 85 52 seit
1203 1340 207 67 vorigem
1454 1340 141 49 Jahre
1640 1340 85 49 wie

132 1422 101 50 eine
252 1422 251 61 drohende,
521 1423 187 50 düstere
720 1423 178 51 Wolke
912 1443 71 31 am
1000 1425 456 51 Theater-Horizont
1472 1425 253 59 schwebte,

131 1507 146 50 deren
295 1507 159 60 Blitze,
485 1509 89 50 wie
605 1526 105 32 man
739 1507 299 71 behauptete,
1071 1511 71 50 die
1174 1510 204 51 schwüle
1410 1510 314 52 musicalische

131 1592 112 50 Luft
273 1592 206 68 reinigen
520 1594 95 49 und
648 1594 100 49 eine
779 1611 120 33 neue
929 1595 341 67 Morgenröthe
1301 1614 72 33 am
1407 1596 201 50 Himmel
1642 1596 82 50 der

131 1676 246 52 Tonkunst
408 1679 333 51 heraufführen
772 1680 209 52 würden.
1025 1681 123 60 Nun,
1180 1681 64 51 sie
1274 1681 58 50 ist
1364 1683 217 68 geplatzt,
1613 1681 111 51 aber

132 1779 47 33 es
212 1763 57 49 ist
311 1761 179 52 danach
531 1764 159 51 weder
732 1764 90 49 hell
868 1765 269 67 geworden,
1183 1766 119 51 noch
1348 1768 78 49 hat
1472 1784 106 33 man
1623 1766 101 50 eine

130 1846 303 69 wohlthätige
475 1848 376 68 Erschütterung
892 1849 80 51 des
1016 1851 202 59 Bodens,
1265 1853 81 48 auf
1382 1851 227 50 welchem
1653 1851 69 50 die

130 1933 206 48 Dramen
381 1931 97 50 und
523 1931 164 69 Opern
733 1934 232 57 wachsen,
1020 1933 230 52 bemerkt.
1311 1937 99 48 Der
1453 1935 272 69 Componist

134 2015 259 50 Charles
427 2017 253 50 Gounod
713 2018 125 49 hatte
870 2018 94 51 sich
997 2019 145 51 durch
1175 2020 124 54 seine
1325 2020 213 51 früheren
1559 2020 138 51 Arbei-

130 2105 95 53 ten,
258 2099 70 51 die
344 2100 131 68 Oper
493 2102 188 68 Sappho
710 2102 97 52 und
838 2102 70 50 die
943 2103 155 51 Chöre
1128 2123 105 32 zum
1265 2104 184 69 Ulysses
1481 2123 89 33 von
1602 2107 90 49 Pon-

127 2184 125 59 sard,
286 2185 190 49 manche
511 2187 326 67 Sympathieen
869 2188 272 60 erworben;
1183 2208 105 31 man
1319 2189 242 51 bemerkte
1593 2191 127 50 darin

130 2269 73 50 ein
244 2268 125 51 edles
402 2269 200 51 Streben
644 2272 116 49 nach
803 2272 331 52 dramatischer
1178 2274 264 60 Wahrheit,
1489 2276 70 49 ein
1602 2278 88 48 Ver-

131 2354 249 50 schmähen
423 2354 305 69 abgenutzter
757 2357 314 61 Effectmittel,
1118 2359 99 51 eine
1246 2359 358 53 Rehabilitation
1637 2362 83 50 der

127 2438 287 51 Einfachheit
445 2457 151 50 gegen
628 2441 80 49 das
724 2441 314 52 Raffinement
1067 2445 95 49 und
1186 2445 88 50 den
1301 2447 136 48 Lärm
1471 2446 82 49 der
1575 2447 114 67 Spec-

129 2522 292 69 takel-Oper.
464 2525 194 49 Freilich
690 2544 99 31 war
818 2526 147 52 dieses
998 2528 200 51 Streben
1230 2530 124 50 nicht
1386 2549 57 31 zu
1473 2531 82 49 der
1583 2531 136 49 Kraft

131 2607 215 60 erstarkt,
391 2608 83 50 mit
515 2610 94 50 sich
652 2611 307 51 vollkommen
992 2612 119 70 einig
1143 2634 54 30 zu
1230 2615 208 59 bleiben;
1485 2616 117 51 auch
1645 2616 71 51 die

435 2693 189 51 enthielt
654 2696 144 50 schon
828 2697 334 60 Musikstücke,
1207 2700 175 49 welche
1428 2700 146 51 durch
1618 2700 98 51 ihre

130 2777 253 51 zerrissene
410 2780 139 49 Form
573 2780 94 51 und
699 2781 80 51 das
804 2784 324 49 Fratzenhafte
1156 2784 80 50 des
1268 2785 289 51 leidenschafj
1570 2786 146 51 liehen

129 2862 274 51 Ausdrucks
435 2864 229 67 geradezu
699 2865 197 52 hasslich
926 2885 182 42 waren;
1134 2869 168 66 jedoch
1335 2870 164 50 liessen
1532 2870 94 51 sich
1658 2889 57 33 an

132 2946 70 51 die
233 2946 219 51 besseren
483 2949 95 51 und
610 2950 366 52 vorherrschend
1007 2954 347 49 musicalischen
1373 2955 175 50 Stellen
1580 2956 106 50 Hoff-

127 3049 191 50 nungen
349 3033 213 68 knüpfen.
624 3035 165 51 Leider
830 3035 151 51 haben
1023 3038 94 50 sich
1160 3039 122 49 diese
1315 3039 144 51 durch
1492 3040 72 50 die
1593 3058 122 33 neue

129 3118 130 66 Oper
291 3116 123 51 nicht
446 3119 177 58 erfüllt;
671 3120 216 60 Gounod,
932 3121 223 51 vielleicht
1197 3142 88 32 von
1326 3124 106 50 dem
1463 3125 222 51 schauder-

125 3201 155 50 halten
310 3201 276 51 Textbuche
626 3204 223 60 verleitet,
893 3207 76 49 hat
1012 3208 99 49 eine
1142 3209 152 50 Musik
1336 3209 116 51 dazu
1485 3210 228 68 gemacht,

125 3304 90 32 von
247 3285 81 51 der
353 3304 49 32 es
427 3287 180 50 schwer
633 3307 54 32 zu
713 3290 296 51 entscheiden
1040 3293 71 57 ist,
1145 3293 59 49 ob
1236 3294 63 50 sie
1330 3294 133 50 mehr
1492 3295 193 66 langwei-

123 3370 63 68 lig
216 3370 112 51 oder
358 3372 134 49 mehr
522 3372 170 50 barock
724 3375 78 58 sei,
844 3374 94 52 und
969 3375 71 51 die
1084 3394 87 34 von
1202 3378 177 51 Neuem
1412 3379 89 50 den
1532 3381 180 49 Beweis

123 3455 116 68 gibt,
269 3457 83 48 auf
376 3457 174 49 welche
581 3458 213 67 Abwege
826 3459 70 50 die
918 3461 319 69 Missachtung
1266 3463 79 50 des
1372 3464 213 50 Schönen
1619 3466 94 50 und

125 3541 72 49 die
242 3541 184 68 plumpe
468 3542 308 68 Verkehrung
822 3544 81 51 des
946 3546 350 52 Kunstwahren
1340 3549 43 50 in
1432 3549 78 50 das
1542 3551 142 49 Natur-

125 3627 174 58 wahre,
330 3626 79 50 des
441 3628 183 50 Idealen
656 3628 43 50 in
730 3629 81 51 das
844 3631 138 49 Reale
1011 3632 140 51 führt.

252 3712 261 51 Scribe's
545 3713 442 70 Erfindungsquelle
1010 3718 201 66 versiegt
1240 3718 164 51 immer
1435 3720 155 59 mehr;
1626 3721 84 49 alle

126 3796 353 67 Opern-Texte,
525 3798 70 50 die
638 3816 51 32 er
729 3798 43 51 in
816 3800 88 49 den
938 3800 170 52 letzten
1138 3802 174 51 Jahren
1345 3805 220 66 geliefert,
1612 3806 98 51 sind

123 3878 120 51 eben
285 3899 51 31 so
379 3882 110 51 viele
520 3883 254 69 Zeugnisse
816 3902 88 32 von
946 3885 83 52 der
1059 3887 329 70 Erschöpfung
1430 3890 148 49 seines
1621 3891 58 50 Ta-

121 3963 147 53 lentes
403 3985 48 33 es
483 3969 100 50 sind
614 3969 161 50 immer
805 3969 234 52 dieselben
1071 3972 305 61 Situationen,
1409 3975 71 49 die
1512 3975 199 52 hundert

122 4050 93 49 Mal
247 4050 142 49 schon
422 4063 287 58 gespannten
738 4054 197 59 Federn,
968 4055 71 51 die
1070 4056 339 54 verbrauchten
1433 4060 164 60 Mittel,
1628 4060 79 51 das

122 4134 122 68 ewig
273 4135 323 67 Dagewesene
733 4139 212 63 kurzum,
977 4139 142 65 Alles,
1151 4159 90 34 nur
1272 4143 132 52 keine
1435 4145 181 51 Poesie.
1644 4145 67 51 Er

2948 4232 70 54 45
