<?xml version="1.0" encoding="UTF-8"?>
<alto xmlns:xsi="http://www.w3.org/2001/XMLSchema-instance" xmlns="http://www.loc.gov/standards/alto/ns-v2#" xsi:schemaLocation="http://www.loc.gov/standards/alto/ns-v2# http://www.loc.gov/standards/alto/alto-v2.0.xsd" xmlns:xlink="http://www.w3.org/1999/xlink">
	<Description>
		<MeasurementUnit>mm10</MeasurementUnit>
		<sourceImageInformation>
			<fileName>//fileserver7/IN2-2/Princeton/Batch7/bmtnabn/1922/11/30_01/00000012.tif</fileName>
		</sourceImageInformation>
		<OCRProcessing ID="OCRPROCESSING_1">
			<preProcessingStep>
				<processingSoftware>
					<softwareCreator>CCS Content Conversion Specialists GmbH, Germany</softwareCreator>
					<softwareName>CCS docWorks</softwareName>
					<softwareVersion>6.7-1.24</softwareVersion>
				</processingSoftware>
			</preProcessingStep>
			<ocrProcessingStep>
				<processingSoftware>
					<softwareCreator>ABBYY (BIT Software), Russia</softwareCreator>
					<softwareName>FineReader</softwareName>
					<softwareVersion>10.0</softwareVersion>
				</processingSoftware>
			</ocrProcessingStep>
		</OCRProcessing>
		<OCRProcessing ID="OCRPROCESSING_2">
			<preProcessingStep>
				<processingSoftware>
					<softwareCreator>CCS Content Conversion Specialists GmbH, Germany</softwareCreator>
					<softwareName>CCS docWorks</softwareName>
					<softwareVersion>6.7-1.24</softwareVersion>
				</processingSoftware>
			</preProcessingStep>
			<ocrProcessingStep>
				<processingSoftware>
					<softwareCreator>ABBYY (BIT Software), Russia</softwareCreator>
					<softwareName>NA</softwareName>
				</processingSoftware>
			</ocrProcessingStep>
		</OCRProcessing>
	</Description>
	<Styles>
		<TextStyle ID="TXT_0" FONTSIZE="22" FONTFAMILY="Times New Roman"/>
		<TextStyle ID="TXT_1" FONTSIZE="24" FONTFAMILY="Times New Roman"/>
		<TextStyle ID="TXT_2" FONTSIZE="17" FONTFAMILY="Times New Roman"/>
		<TextStyle ID="TXT_3" FONTSIZE="17" FONTFAMILY="Times New Roman" FONTSTYLE="italics"/>
		<TextStyle ID="TXT_4" FONTSIZE="16" FONTFAMILY="Times New Roman" FONTSTYLE="italics"/>
		<TextStyle ID="TXT_5" FONTSIZE="20" FONTFAMILY="Times New Roman"/>
		<ParagraphStyle ID="PAR_RIGHT" ALIGN="Right"/>
		<ParagraphStyle ID="PAR_LEFT" ALIGN="Left"/>
		<ParagraphStyle ID="PAR_BLOCK" ALIGN="Block"/>
	</Styles>
	<Layout>
		<Page ID="P12" PHYSICAL_IMG_NR="12" HEIGHT="4165" WIDTH="2951" PRINTED_IMG_NR="90" PC="0.827">
			<TopMargin ID="P12_TM00001" HPOS="0" VPOS="0" WIDTH="2951" HEIGHT="274"/>
			<LeftMargin ID="P12_LM00001" HPOS="0" VPOS="274" WIDTH="257" HEIGHT="3643"/>
			<RightMargin ID="P12_RM00001" HPOS="2810" VPOS="274" WIDTH="141" HEIGHT="3643"/>
			<BottomMargin ID="P12_BM00001" HPOS="0" VPOS="3917" WIDTH="2951" HEIGHT="248">
				<TextBlock ID="P12_TB00001" HPOS="1480" VPOS="3920" WIDTH="93" HEIGHT="61" STYLEREFS="TXT_0 PAR_RIGHT">
					<TextLine ID="P12_TL00001" HPOS="1480" VPOS="3920" WIDTH="93" HEIGHT="61">
						<String ID="P12_ST00001" HPOS="1480" VPOS="3920" WIDTH="93" HEIGHT="61" CONTENT="90" WC="1.00" CC="00"/>
					</TextLine>
				</TextBlock>
			</BottomMargin>
			<PrintSpace ID="P12_PS00001" HPOS="257" VPOS="274" WIDTH="2553" HEIGHT="3643">
				<TextBlock ID="P12_TB00002" HPOS="396" VPOS="287" WIDTH="984" HEIGHT="71" STYLEREFS="TXT_1 PAR_LEFT">
					<TextLine ID="P12_TL00002" HPOS="396" VPOS="287" WIDTH="982" HEIGHT="71">
						<String ID="P12_ST00002" HPOS="396" VPOS="287" WIDTH="558" HEIGHT="71" CONTENT="UNGERSKA" WC="0.96" CC="60070000"/>
						<SP ID="P12_SP00001" HPOS="954" VPOS="358" WIDTH="43"/>
						<String ID="P12_ST00003" HPOS="997" VPOS="287" WIDTH="381" HEIGHT="68" CONTENT="GÄSTER" WC="0.96" CC="000150"/>
					</TextLine>
				</TextBlock>
				<TextBlock ID="P12_TB00003" HPOS="257" VPOS="432" WIDTH="1241" HEIGHT="3381" STYLEREFS="TXT_2 PAR_BLOCK">
					<TextLine ID="P12_TL00003" HPOS="332" VPOS="432" WIDTH="1166" HEIGHT="59">
						<String ID="P12_ST00004" HPOS="332" VPOS="434" WIDTH="153" HEIGHT="47" CONTENT="Under" WC="0.78" CC="04006"/>
						<SP ID="P12_SP00002" HPOS="485" VPOS="481" WIDTH="34"/>
						<String ID="P12_ST00005" HPOS="519" VPOS="434" WIDTH="83" HEIGHT="46" CONTENT="den" WC="0.95" CC="010"/>
						<SP ID="P12_SP00003" HPOS="602" VPOS="481" WIDTH="33"/>
						<String ID="P12_ST00006" HPOS="635" VPOS="434" WIDTH="183" HEIGHT="57" CONTENT="högstes" WC="0.88" CC="5200000"/>
						<SP ID="P12_SP00004" HPOS="818" VPOS="491" WIDTH="31"/>
						<String ID="P12_ST00007" HPOS="849" VPOS="432" WIDTH="194" HEIGHT="59" CONTENT="beskydd" WC="1.00" CC="0000000"/>
						<SP ID="P12_SP00005" HPOS="1043" VPOS="491" WIDTH="33"/>
						<String ID="P12_ST00008" HPOS="1076" VPOS="433" WIDTH="80" HEIGHT="46" CONTENT="och" WC="0.60" CC="704"/>
						<SP ID="P12_SP00006" HPOS="1156" VPOS="491" WIDTH="36"/>
						<String ID="P12_ST00009" HPOS="1192" VPOS="432" WIDTH="176" HEIGHT="47" CONTENT="landets" WC="0.69" CC="0010395"/>
						<SP ID="P12_SP00007" HPOS="1368" VPOS="491" WIDTH="29"/>
						<String ID="P12_ST00010" HPOS="1397" VPOS="446" WIDTH="76" HEIGHT="43" CONTENT="syn" SUBS_TYPE="HypPart1" SUBS_CONTENT="synnerliga" WC="0.64" CC="700"/>
						<HYP HPOS="1473" VPOS="446" WIDTH="25" CONTENT="-"/>
					</TextLine>
					<TextLine ID="P12_TL00004" HPOS="272" VPOS="509" WIDTH="1226" HEIGHT="62">
						<String ID="P12_ST00011" HPOS="272" VPOS="515" WIDTH="175" HEIGHT="56" CONTENT="nerliga" SUBS_TYPE="HypPart2" SUBS_CONTENT="synnerliga" WC="0.76" CC="4620004"/>
						<SP ID="P12_SP00008" HPOS="447" VPOS="571" WIDTH="27"/>
						<String ID="P12_ST00012" HPOS="474" VPOS="514" WIDTH="187" HEIGHT="56" CONTENT="välvilja" WC="0.75" CC="00006570"/>
						<SP ID="P12_SP00009" HPOS="661" VPOS="571" WIDTH="26"/>
						<String ID="P12_ST00013" HPOS="687" VPOS="513" WIDTH="174" HEIGHT="58" CONTENT="prunka" WC="0.93" CC="012000"/>
						<SP ID="P12_SP00010" HPOS="861" VPOS="571" WIDTH="30"/>
						<String ID="P12_ST00014" HPOS="891" VPOS="513" WIDTH="348" HEIGHT="57" CONTENT="konstpalatsets" WC="0.75" CC="00060004036056"/>
						<SP ID="P12_SP00011" HPOS="1239" VPOS="571" WIDTH="25"/>
						<String ID="P12_ST00015" HPOS="1264" VPOS="513" WIDTH="126" HEIGHT="44" CONTENT="salar" WC="0.90" CC="00004"/>
						<SP ID="P12_SP00012" HPOS="1390" VPOS="571" WIDTH="26"/>
						<String ID="P12_ST00016" HPOS="1416" VPOS="509" WIDTH="82" HEIGHT="46" CONTENT="och" WC="0.76" CC="340"/>
					</TextLine>
					<TextLine ID="P12_TL00005" HPOS="271" VPOS="585" WIDTH="1225" HEIGHT="63">
						<String ID="P12_ST00017" HPOS="271" VPOS="590" WIDTH="160" HEIGHT="58" CONTENT="gemak" WC="0.64" CC="05057"/>
						<SP ID="P12_SP00013" HPOS="431" VPOS="648" WIDTH="34"/>
						<String ID="P12_ST00018" HPOS="465" VPOS="603" WIDTH="59" HEIGHT="32" CONTENT="av" WC="0.97" CC="00"/>
						<SP ID="P12_SP00014" HPOS="524" VPOS="648" WIDTH="33"/>
						<String ID="P12_ST00019" HPOS="557" VPOS="590" WIDTH="222" HEIGHT="56" CONTENT="ungerska" WC="0.59" CC="80943420"/>
						<SP ID="P12_SP00015" HPOS="779" VPOS="648" WIDTH="37"/>
						<String ID="P12_ST00020" HPOS="816" VPOS="589" WIDTH="200" HEIGHT="45" CONTENT="artisters" WC="0.80" CC="060000470"/>
						<SP ID="P12_SP00016" HPOS="1016" VPOS="648" WIDTH="37"/>
						<String ID="P12_ST00021" HPOS="1053" VPOS="589" WIDTH="150" HEIGHT="56" CONTENT="alster," WC="0.77" CC="0201074"/>
						<SP ID="P12_SP00017" HPOS="1203" VPOS="648" WIDTH="34"/>
						<String ID="P12_ST00022" HPOS="1237" VPOS="585" WIDTH="259" HEIGHT="46" CONTENT="företrädda" WC="0.87" CC="6000320000"/>
					</TextLine>
					<TextLine ID="P12_TL00006" HPOS="272" VPOS="663" WIDTH="1224" HEIGHT="61">
						<String ID="P12_ST00023" HPOS="272" VPOS="681" WIDTH="57" HEIGHT="31" CONTENT="av" WC="0.93" CC="10"/>
						<SP ID="P12_SP00018" HPOS="329" VPOS="712" WIDTH="28"/>
						<String ID="P12_ST00024" HPOS="357" VPOS="669" WIDTH="156" HEIGHT="43" CONTENT="tvenne" WC="0.98" CC="000000"/>
						<SP ID="P12_SP00019" HPOS="513" VPOS="712" WIDTH="27"/>
						<String ID="P12_ST00025" HPOS="540" VPOS="664" WIDTH="318" HEIGHT="60" CONTENT="imponerande" WC="0.85" CC="00072010400"/>
						<SP ID="P12_SP00020" HPOS="858" VPOS="724" WIDTH="26"/>
						<String ID="P12_ST00026" HPOS="884" VPOS="667" WIDTH="132" HEIGHT="43" CONTENT="fanor" WC="0.72" CC="60070"/>
						<SP ID="P12_SP00021" HPOS="1016" VPOS="724" WIDTH="26"/>
						<String ID="P12_ST00027" HPOS="1042" VPOS="663" WIDTH="75" HEIGHT="47" CONTENT="vid" WC="1.00" CC="000"/>
						<SP ID="P12_SP00022" HPOS="1117" VPOS="724" WIDTH="28"/>
						<String ID="P12_ST00028" HPOS="1145" VPOS="664" WIDTH="242" HEIGHT="57" CONTENT="ingängen." WC="0.80" CC="200700620"/>
						<SP ID="P12_SP00023" HPOS="1387" VPOS="724" WIDTH="33"/>
						<String ID="P12_ST00029" HPOS="1420" VPOS="664" WIDTH="51" HEIGHT="45" CONTENT="Sä" SUBS_TYPE="HypPart1" SUBS_CONTENT="Säsom" WC="0.76" CC="07"/>
						<HYP HPOS="1471" VPOS="664" WIDTH="25" CONTENT="-"/>
					</TextLine>
					<TextLine ID="P12_TL00007" HPOS="270" VPOS="740" WIDTH="1226" HEIGHT="60">
						<String ID="P12_ST00030" HPOS="270" VPOS="759" WIDTH="97" HEIGHT="31" CONTENT="som" SUBS_TYPE="HypPart2" SUBS_CONTENT="Säsom" WC="0.61" CC="622"/>
						<SP ID="P12_SP00024" HPOS="367" VPOS="790" WIDTH="26"/>
						<String ID="P12_ST00031" HPOS="393" VPOS="743" WIDTH="129" HEIGHT="47" CONTENT="alltid" WC="0.96" CC="020000"/>
						<SP ID="P12_SP00025" HPOS="522" VPOS="790" WIDTH="23"/>
						<String ID="P12_ST00032" HPOS="545" VPOS="748" WIDTH="81" HEIGHT="41" CONTENT="äro" WC="0.46" CC="078"/>
						<SP ID="P12_SP00026" HPOS="626" VPOS="790" WIDTH="26"/>
						<String ID="P12_ST00033" HPOS="652" VPOS="742" WIDTH="369" HEIGHT="58" CONTENT="anordningarna" WC="0.81" CC="6043000005004"/>
						<SP ID="P12_SP00027" HPOS="1021" VPOS="800" WIDTH="26"/>
						<String ID="P12_ST00034" HPOS="1047" VPOS="743" WIDTH="329" HEIGHT="54" CONTENT="förstklassiga." WC="0.79" CC="50300054600003"/>
						<SP ID="P12_SP00028" HPOS="1376" VPOS="800" WIDTH="30"/>
						<String ID="P12_ST00035" HPOS="1406" VPOS="740" WIDTH="60" HEIGHT="45" CONTENT="An" SUBS_TYPE="HypPart1" SUBS_CONTENT="Antika" WC="0.88" CC="30"/>
						<HYP HPOS="1466" VPOS="740" WIDTH="30" CONTENT="-"/>
					</TextLine>
					<TextLine ID="P12_TL00008" HPOS="271" VPOS="815" WIDTH="1224" HEIGHT="61">
						<String ID="P12_ST00036" HPOS="271" VPOS="822" WIDTH="86" HEIGHT="44" CONTENT="tika" SUBS_TYPE="HypPart2" SUBS_CONTENT="Antika" WC="0.60" CC="0366"/>
						<SP ID="P12_SP00029" HPOS="357" VPOS="866" WIDTH="35"/>
						<String ID="P12_ST00037" HPOS="392" VPOS="820" WIDTH="185" HEIGHT="46" CONTENT="föremäl" WC="0.65" CC="7026052"/>
						<SP ID="P12_SP00030" HPOS="577" VPOS="866" WIDTH="35"/>
						<String ID="P12_ST00038" HPOS="612" VPOS="820" WIDTH="86" HEIGHT="45" CONTENT="här" WC="0.65" CC="064"/>
						<SP ID="P12_SP00031" HPOS="698" VPOS="866" WIDTH="34"/>
						<String ID="P12_ST00039" HPOS="732" VPOS="820" WIDTH="80" HEIGHT="45" CONTENT="och" WC="0.84" CC="400"/>
						<SP ID="P12_SP00032" HPOS="812" VPOS="866" WIDTH="37"/>
						<String ID="P12_ST00040" HPOS="849" VPOS="818" WIDTH="84" HEIGHT="47" CONTENT="där" WC="0.63" CC="055"/>
						<SP ID="P12_SP00033" HPOS="933" VPOS="866" WIDTH="30"/>
						<String ID="P12_ST00041" HPOS="963" VPOS="819" WIDTH="127" HEIGHT="57" CONTENT="höjer" WC="0.60" CC="04455"/>
						<SP ID="P12_SP00034" HPOS="1090" VPOS="876" WIDTH="32"/>
						<String ID="P12_ST00042" HPOS="1122" VPOS="819" WIDTH="258" HEIGHT="56" CONTENT="ytterligare" WC="0.86" CC="00006210050"/>
						<SP ID="P12_SP00035" HPOS="1380" VPOS="876" WIDTH="31"/>
						<String ID="P12_ST00043" HPOS="1411" VPOS="815" WIDTH="84" HEIGHT="46" CONTENT="den" WC="1.00" CC="000"/>
					</TextLine>
					<TextLine ID="P12_TL00009" HPOS="270" VPOS="895" WIDTH="1226" HEIGHT="60">
						<String ID="P12_ST00044" HPOS="270" VPOS="896" WIDTH="166" HEIGHT="47" CONTENT="diskret" WC="0.74" CC="0006406"/>
						<SP ID="P12_SP00036" HPOS="436" VPOS="943" WIDTH="30"/>
						<String ID="P12_ST00045" HPOS="466" VPOS="898" WIDTH="181" HEIGHT="56" CONTENT="festliga" WC="0.69" CC="61635000"/>
						<SP ID="P12_SP00037" HPOS="647" VPOS="954" WIDTH="33"/>
						<String ID="P12_ST00046" HPOS="680" VPOS="898" WIDTH="202" HEIGHT="57" CONTENT="prägeln." WC="0.60" CC="05690162"/>
						<SP ID="P12_SP00038" HPOS="882" VPOS="955" WIDTH="52"/>
						<String ID="P12_ST00047" HPOS="934" VPOS="895" WIDTH="197" HEIGHT="57" CONTENT="Välvilja" WC="0.77" CC="02300542"/>
						<SP ID="P12_SP00039" HPOS="1131" VPOS="955" WIDTH="36"/>
						<String ID="P12_ST00048" HPOS="1167" VPOS="895" WIDTH="82" HEIGHT="45" CONTENT="och" WC="0.98" CC="000"/>
						<SP ID="P12_SP00040" HPOS="1249" VPOS="955" WIDTH="34"/>
						<String ID="P12_ST00049" HPOS="1283" VPOS="896" WIDTH="187" HEIGHT="55" CONTENT="gästvän" SUBS_TYPE="HypPart1" SUBS_CONTENT="gästvänlighet" WC="0.94" CC="0004000"/>
						<HYP HPOS="1470" VPOS="896" WIDTH="26" CONTENT="-"/>
					</TextLine>
					<TextLine ID="P12_TL00010" HPOS="272" VPOS="971" WIDTH="1226" HEIGHT="61">
						<String ID="P12_ST00050" HPOS="272" VPOS="975" WIDTH="142" HEIGHT="57" CONTENT="lighet" SUBS_TYPE="HypPart2" SUBS_CONTENT="gästvänlighet" WC="0.70" CC="809000"/>
						<SP ID="P12_SP00041" HPOS="414" VPOS="1032" WIDTH="25"/>
						<String ID="P12_ST00051" HPOS="439" VPOS="974" WIDTH="166" HEIGHT="46" CONTENT="skadar" WC="0.79" CC="700022"/>
						<SP ID="P12_SP00042" HPOS="605" VPOS="1032" WIDTH="30"/>
						<String ID="P12_ST00052" HPOS="635" VPOS="976" WIDTH="47" HEIGHT="56" CONTENT="ju" WC="0.62" CC="15"/>
						<SP ID="P12_SP00043" HPOS="682" VPOS="1032" WIDTH="28"/>
						<String ID="P12_ST00053" HPOS="710" VPOS="975" WIDTH="102" HEIGHT="56" CONTENT="icke," WC="0.66" CC="05413"/>
						<SP ID="P12_SP00044" HPOS="812" VPOS="1032" WIDTH="29"/>
						<String ID="P12_ST00054" HPOS="841" VPOS="973" WIDTH="255" HEIGHT="58" CONTENT="isynnerhet" WC="0.83" CC="0600036000"/>
						<SP ID="P12_SP00045" HPOS="1096" VPOS="1032" WIDTH="42"/>
						<String ID="P12_ST00055" HPOS="1138" VPOS="976" WIDTH="85" HEIGHT="42" CONTENT="när" WC="0.82" CC="401"/>
						<SP ID="P12_SP00046" HPOS="1223" VPOS="1032" WIDTH="28"/>
						<String ID="P12_ST00056" HPOS="1251" VPOS="971" WIDTH="73" HEIGHT="46" CONTENT="det" WC="0.99" CC="020"/>
						<SP ID="P12_SP00047" HPOS="1324" VPOS="1032" WIDTH="28"/>
						<String ID="P12_ST00057" HPOS="1352" VPOS="973" WIDTH="146" HEIGHT="56" CONTENT="gäller" WC="0.95" CC="000200"/>
					</TextLine>
					<TextLine ID="P12_TL00011" HPOS="273" VPOS="1049" WIDTH="1225" HEIGHT="60">
						<String ID="P12_ST00058" HPOS="273" VPOS="1051" WIDTH="262" HEIGHT="58" CONTENT="släktingar." WC="0.95" CC="01200000000"/>
						<SP ID="P12_SP00048" HPOS="535" VPOS="1109" WIDTH="61"/>
						<String ID="P12_ST00059" HPOS="596" VPOS="1050" WIDTH="131" HEIGHT="55" CONTENT="Julen" WC="0.73" CC="07032"/>
						<SP ID="P12_SP00049" HPOS="727" VPOS="1109" WIDTH="38"/>
						<String ID="P12_ST00060" HPOS="765" VPOS="1054" WIDTH="184" HEIGHT="42" CONTENT="närmar" WC="0.66" CC="502046"/>
						<SP ID="P12_SP00050" HPOS="949" VPOS="1109" WIDTH="39"/>
						<String ID="P12_ST00061" HPOS="988" VPOS="1051" WIDTH="72" HEIGHT="55" CONTENT="sig" WC="1.00" CC="000"/>
						<SP ID="P12_SP00051" HPOS="1060" VPOS="1109" WIDTH="39"/>
						<String ID="P12_ST00062" HPOS="1099" VPOS="1049" WIDTH="82" HEIGHT="46" CONTENT="och" WC="0.79" CC="600"/>
						<SP ID="P12_SP00052" HPOS="1181" VPOS="1109" WIDTH="40"/>
						<String ID="P12_ST00063" HPOS="1221" VPOS="1049" WIDTH="277" HEIGHT="57" CONTENT="klappamas" WC="0.80" CC="030000805"/>
					</TextLine>
					<TextLine ID="P12_TL00012" HPOS="271" VPOS="1124" WIDTH="1224" HEIGHT="59">
						<String ID="P12_ST00064" HPOS="271" VPOS="1126" WIDTH="63" HEIGHT="47" CONTENT="tid" WC="0.78" CC="060"/>
						<SP ID="P12_SP00053" HPOS="334" VPOS="1173" WIDTH="33"/>
						<String ID="P12_ST00065" HPOS="367" VPOS="1131" WIDTH="54" HEIGHT="42" CONTENT="är" WC="0.82" CC="12"/>
						<SP ID="P12_SP00054" HPOS="421" VPOS="1173" WIDTH="30"/>
						<String ID="P12_ST00066" HPOS="451" VPOS="1130" WIDTH="116" HEIGHT="43" CONTENT="inne." WC="0.97" CC="10000"/>
						<SP ID="P12_SP00055" HPOS="567" VPOS="1173" WIDTH="124"/>
						<String ID="P12_ST00067" HPOS="691" VPOS="1126" WIDTH="127" HEIGHT="47" CONTENT="Röda" WC="0.83" CC="6000"/>
						<SP ID="P12_SP00056" HPOS="818" VPOS="1173" WIDTH="33"/>
						<String ID="P12_ST00068" HPOS="851" VPOS="1125" WIDTH="158" HEIGHT="58" CONTENT='„säld"' WC="0.92" CC="300100"/>
						<SP ID="P12_SP00057" HPOS="1009" VPOS="1183" WIDTH="34"/>
						<String ID="P12_ST00069" HPOS="1043" VPOS="1125" WIDTH="216" HEIGHT="58" CONTENT="diplomer" WC="0.93" CC="00040001"/>
						<SP ID="P12_SP00058" HPOS="1259" VPOS="1183" WIDTH="32"/>
						<String ID="P12_ST00070" HPOS="1291" VPOS="1124" WIDTH="72" HEIGHT="47" CONTENT="vid" WC="0.98" CC="000"/>
						<SP ID="P12_SP00059" HPOS="1363" VPOS="1183" WIDTH="33"/>
						<String ID="P12_ST00071" HPOS="1396" VPOS="1138" WIDTH="75" HEIGHT="30" CONTENT="var" SUBS_TYPE="HypPart1" SUBS_CONTENT="varannan" WC="0.78" CC="052"/>
						<HYP HPOS="1471" VPOS="1138" WIDTH="24" CONTENT="-"/>
					</TextLine>
					<TextLine ID="P12_TL00013" HPOS="272" VPOS="1200" WIDTH="1224" HEIGHT="61">
						<String ID="P12_ST00072" HPOS="272" VPOS="1219" WIDTH="153" HEIGHT="32" CONTENT="annan" SUBS_TYPE="HypPart2" SUBS_CONTENT="varannan" WC="0.74" CC="40502"/>
						<SP ID="P12_SP00060" HPOS="425" VPOS="1251" WIDTH="30"/>
						<String ID="P12_ST00073" HPOS="455" VPOS="1206" WIDTH="123" HEIGHT="45" CONTENT="tablä" WC="0.77" CC="00127"/>
						<SP ID="P12_SP00061" HPOS="578" VPOS="1251" WIDTH="28"/>
						<String ID="P12_ST00074" HPOS="606" VPOS="1208" WIDTH="121" HEIGHT="43" CONTENT="visar" WC="0.90" CC="00004"/>
						<SP ID="P12_SP00062" HPOS="727" VPOS="1251" WIDTH="32"/>
						<String ID="P12_ST00075" HPOS="759" VPOS="1208" WIDTH="64" HEIGHT="43" CONTENT="att" WC="1.00" CC="000"/>
						<SP ID="P12_SP00063" HPOS="823" VPOS="1251" WIDTH="27"/>
						<String ID="P12_ST00076" HPOS="850" VPOS="1205" WIDTH="279" HEIGHT="56" CONTENT="efterfrägan" WC="0.77" CC="04005607000"/>
						<SP ID="P12_SP00064" HPOS="1129" VPOS="1261" WIDTH="28"/>
						<String ID="P12_ST00077" HPOS="1157" VPOS="1206" WIDTH="55" HEIGHT="42" CONTENT="är" WC="0.73" CC="04"/>
						<SP ID="P12_SP00065" HPOS="1212" VPOS="1261" WIDTH="25"/>
						<String ID="P12_ST00078" HPOS="1237" VPOS="1205" WIDTH="108" HEIGHT="43" CONTENT="stor." WC="0.83" CC="00340"/>
						<SP ID="P12_SP00066" HPOS="1345" VPOS="1261" WIDTH="32"/>
						<String ID="P12_ST00079" HPOS="1377" VPOS="1200" WIDTH="119" HEIGHT="60" CONTENT="Synd" WC="1.00" CC="0000"/>
					</TextLine>
					<TextLine ID="P12_TL00014" HPOS="268" VPOS="1280" WIDTH="1228" HEIGHT="60">
						<String ID="P12_ST00080" HPOS="268" VPOS="1286" WIDTH="113" HEIGHT="42" CONTENT="bara" WC="0.84" CC="0330"/>
						<SP ID="P12_SP00067" HPOS="381" VPOS="1328" WIDTH="52"/>
						<String ID="P12_ST00081" HPOS="433" VPOS="1297" WIDTH="75" HEIGHT="31" CONTENT="om" WC="0.44" CC="73"/>
						<SP ID="P12_SP00068" HPOS="508" VPOS="1328" WIDTH="36"/>
						<String ID="P12_ST00082" HPOS="544" VPOS="1284" WIDTH="110" HEIGHT="44" CONTENT="vära" WC="0.75" CC="0603"/>
						<SP ID="P12_SP00069" HPOS="654" VPOS="1328" WIDTH="54"/>
						<String ID="P12_ST00083" HPOS="708" VPOS="1281" WIDTH="390" HEIGHT="59" CONTENT="planschmakare!" WC="0.76" CC="00390601400430"/>
						<SP ID="P12_SP00070" HPOS="1098" VPOS="1340" WIDTH="58"/>
						<String ID="P12_ST00084" HPOS="1156" VPOS="1281" WIDTH="67" HEIGHT="43" CONTENT="De" WC="1.00" CC="00"/>
						<SP ID="P12_SP00071" HPOS="1223" VPOS="1340" WIDTH="36"/>
						<String ID="P12_ST00085" HPOS="1259" VPOS="1284" WIDTH="91" HEIGHT="53" CONTENT="äga" WC="1.00" CC="000"/>
						<SP ID="P12_SP00072" HPOS="1350" VPOS="1340" WIDTH="36"/>
						<String ID="P12_ST00086" HPOS="1386" VPOS="1280" WIDTH="110" HEIGHT="44" CONTENT="visst" WC="0.96" CC="01000"/>
					</TextLine>
					<TextLine ID="P12_TL00015" HPOS="271" VPOS="1357" WIDTH="1224" HEIGHT="60">
						<String ID="P12_ST00087" HPOS="271" VPOS="1373" WIDTH="52" HEIGHT="31" CONTENT="en" WC="1.00" CC="00"/>
						<SP ID="P12_SP00073" HPOS="323" VPOS="1404" WIDTH="34"/>
						<String ID="P12_ST00088" HPOS="357" VPOS="1359" WIDTH="92" HEIGHT="58" CONTENT="god" WC="0.76" CC="070"/>
						<SP ID="P12_SP00074" HPOS="449" VPOS="1417" WIDTH="33"/>
						<String ID="P12_ST00089" HPOS="482" VPOS="1361" WIDTH="175" HEIGHT="56" CONTENT="portion" WC="0.65" CC="9643000"/>
						<SP ID="P12_SP00075" HPOS="657" VPOS="1417" WIDTH="51"/>
						<String ID="P12_ST00090" HPOS="708" VPOS="1357" WIDTH="198" HEIGHT="47" CONTENT="tälamod" WC="0.72" CC="4007510"/>
						<SP ID="P12_SP00076" HPOS="906" VPOS="1417" WIDTH="33"/>
						<String ID="P12_ST00091" HPOS="939" VPOS="1359" WIDTH="82" HEIGHT="45" CONTENT="och" WC="0.65" CC="703"/>
						<SP ID="P12_SP00077" HPOS="1021" VPOS="1417" WIDTH="37"/>
						<String ID="P12_ST00092" HPOS="1058" VPOS="1359" WIDTH="149" HEIGHT="44" CONTENT="kunna" WC="0.81" CC="02600"/>
						<SP ID="P12_SP00078" HPOS="1207" VPOS="1417" WIDTH="49"/>
						<String ID="P12_ST00093" HPOS="1256" VPOS="1359" WIDTH="139" HEIGHT="44" CONTENT="vänta" WC="1.00" CC="00000"/>
						<SP ID="P12_SP00079" HPOS="1395" VPOS="1417" WIDTH="34"/>
						<String ID="P12_ST00094" HPOS="1429" VPOS="1357" WIDTH="66" HEIGHT="44" CONTENT="tili" WC="0.98" CC="0205"/>
					</TextLine>
					<TextLine ID="P12_TL00016" HPOS="268" VPOS="1435" WIDTH="841" HEIGHT="60">
						<String ID="P12_ST00095" HPOS="268" VPOS="1440" WIDTH="134" HEIGHT="43" CONTENT="nästa" WC="0.86" CC="60000"/>
						<SP ID="P12_SP00080" HPOS="402" VPOS="1483" WIDTH="37"/>
						<String ID="P12_ST00096" HPOS="439" VPOS="1439" WIDTH="105" HEIGHT="43" CONTENT="eller" WC="0.77" CC="00225"/>
						<SP ID="P12_SP00081" HPOS="544" VPOS="1483" WIDTH="33"/>
						<String ID="P12_ST00097" HPOS="577" VPOS="1435" WIDTH="420" HEIGHT="60" CONTENT="nästefterföljande" WC="0.76" CC="20060600080072700"/>
						<SP ID="P12_SP00082" HPOS="997" VPOS="1495" WIDTH="36"/>
						<String ID="P12_ST00098" HPOS="1033" VPOS="1436" WIDTH="76" HEIGHT="57" CONTENT="jul." WC="0.70" CC="5600"/>
					</TextLine>
					<TextLine ID="P12_TL00017" HPOS="329" VPOS="1512" WIDTH="1166" HEIGHT="60">
						<String ID="P12_ST00099" HPOS="329" VPOS="1516" WIDTH="115" HEIGHT="45" CONTENT="Man" WC="0.98" CC="040"/>
						<SP ID="P12_SP00083" HPOS="444" VPOS="1561" WIDTH="30"/>
						<String ID="P12_ST00100" HPOS="474" VPOS="1514" WIDTH="199" HEIGHT="47" CONTENT="vandrar" WC="0.78" CC="0060404"/>
						<SP ID="P12_SP00084" HPOS="673" VPOS="1561" WIDTH="30"/>
						<String ID="P12_ST00101" HPOS="703" VPOS="1515" WIDTH="100" HEIGHT="46" CONTENT="med" WC="0.94" CC="100"/>
						<SP ID="P12_SP00085" HPOS="803" VPOS="1561" WIDTH="27"/>
						<String ID="P12_ST00102" HPOS="830" VPOS="1516" WIDTH="254" HEIGHT="45" CONTENT="snälvatten" WC="0.76" CC="7300030403"/>
						<SP ID="P12_SP00086" HPOS="1084" VPOS="1561" WIDTH="29"/>
						<String ID="P12_ST00103" HPOS="1113" VPOS="1517" WIDTH="15" HEIGHT="44" CONTENT="i" WC="0.70" CC="2"/>
						<SP ID="P12_SP00087" HPOS="1128" VPOS="1561" WIDTH="32"/>
						<String ID="P12_ST00104" HPOS="1160" VPOS="1528" WIDTH="207" HEIGHT="44" CONTENT="munnen," WC="0.72" CC="0053063"/>
						<SP ID="P12_SP00088" HPOS="1367" VPOS="1572" WIDTH="29"/>
						<String ID="P12_ST00105" HPOS="1396" VPOS="1512" WIDTH="99" HEIGHT="47" CONTENT="med" WC="0.93" CC="100"/>
					</TextLine>
					<TextLine ID="P12_TL00018" HPOS="270" VPOS="1590" WIDTH="1224" HEIGHT="60">
						<String ID="P12_ST00106" HPOS="270" VPOS="1596" WIDTH="175" HEIGHT="54" CONTENT="ögonen" WC="0.81" CC="302500"/>
						<SP ID="P12_SP00089" HPOS="445" VPOS="1650" WIDTH="23"/>
						<String ID="P12_ST00107" HPOS="468" VPOS="1594" WIDTH="141" HEIGHT="56" CONTENT="girigt" WC="0.81" CC="065000"/>
						<SP ID="P12_SP00090" HPOS="609" VPOS="1650" WIDTH="23"/>
						<String ID="P12_ST00108" HPOS="632" VPOS="1591" WIDTH="215" HEIGHT="46" CONTENT="slukande" WC="0.77" CC="61405000"/>
						<SP ID="P12_SP00091" HPOS="847" VPOS="1650" WIDTH="23"/>
						<String ID="P12_ST00109" HPOS="870" VPOS="1592" WIDTH="201" HEIGHT="45" CONTENT="allsköns" WC="0.92" CC="30000010"/>
						<SP ID="P12_SP00092" HPOS="1071" VPOS="1650" WIDTH="23"/>
						<String ID="P12_ST00110" HPOS="1094" VPOS="1592" WIDTH="143" HEIGHT="58" CONTENT="prakt," WC="0.73" CC="053024"/>
						<SP ID="P12_SP00093" HPOS="1237" VPOS="1650" WIDTH="26"/>
						<String ID="P12_ST00111" HPOS="1263" VPOS="1590" WIDTH="231" HEIGHT="58" CONTENT="nakenhet," WC="0.74" CC="450330003"/>
					</TextLine>
					<TextLine ID="P12_TL00019" HPOS="270" VPOS="1667" WIDTH="1224" HEIGHT="60">
						<String ID="P12_ST00112" HPOS="270" VPOS="1670" WIDTH="180" HEIGHT="57" CONTENT="frukter," WC="0.55" CC="66294500"/>
						<SP ID="P12_SP00094" HPOS="450" VPOS="1727" WIDTH="44"/>
						<String ID="P12_ST00113" HPOS="494" VPOS="1670" WIDTH="225" HEIGHT="57" CONTENT="blomster," WC="0.88" CC="000000063"/>
						<SP ID="P12_SP00095" HPOS="719" VPOS="1727" WIDTH="45"/>
						<String ID="P12_ST00114" HPOS="764" VPOS="1683" WIDTH="130" HEIGHT="43" CONTENT="m.m.," WC="0.85" CC="03003"/>
						<SP ID="P12_SP00096" HPOS="894" VPOS="1727" WIDTH="44"/>
						<String ID="P12_ST00115" HPOS="938" VPOS="1683" WIDTH="116" HEIGHT="31" CONTENT="m.m." WC="1.00" CC="0000"/>
						<SP ID="P12_SP00097" HPOS="1054" VPOS="1727" WIDTH="49"/>
						<String ID="P12_ST00116" HPOS="1103" VPOS="1667" WIDTH="160" HEIGHT="59" CONTENT="Arpäd" WC="0.87" CC="00060"/>
						<SP ID="P12_SP00098" HPOS="1263" VPOS="1727" WIDTH="45"/>
						<String ID="P12_ST00117" HPOS="1308" VPOS="1667" WIDTH="186" HEIGHT="47" CONTENT="Rorneks" WC="0.65" CC="0888000"/>
					</TextLine>
					<TextLine ID="P12_TL00020" HPOS="267" VPOS="1744" WIDTH="1227" HEIGHT="61">
						<String ID="P12_ST00118" HPOS="267" VPOS="1747" WIDTH="250" HEIGHT="58" CONTENT="köttstycke," WC="0.87" CC="00000700600"/>
						<SP ID="P12_SP00099" HPOS="517" VPOS="1805" WIDTH="29"/>
						<String ID="P12_ST00119" HPOS="546" VPOS="1745" WIDTH="185" HEIGHT="60" CONTENT="lysande" WC="0.79" CC="4050400"/>
						<SP ID="P12_SP00100" HPOS="731" VPOS="1805" WIDTH="30"/>
						<String ID="P12_ST00120" HPOS="761" VPOS="1760" WIDTH="56" HEIGHT="32" CONTENT="av" WC="0.74" CC="50"/>
						<SP ID="P12_SP00101" HPOS="817" VPOS="1805" WIDTH="25"/>
						<String ID="P12_ST00121" HPOS="842" VPOS="1746" WIDTH="327" HEIGHT="57" CONTENT="sinnlighetens" WC="0.87" CC="6010000000205"/>
						<SP ID="P12_SP00102" HPOS="1169" VPOS="1805" WIDTH="25"/>
						<String ID="P12_ST00122" HPOS="1194" VPOS="1744" WIDTH="112" HEIGHT="47" CONTENT="röda" WC="0.84" CC="6000"/>
						<SP ID="P12_SP00103" HPOS="1306" VPOS="1805" WIDTH="28"/>
						<String ID="P12_ST00123" HPOS="1334" VPOS="1747" WIDTH="160" HEIGHT="54" CONTENT="sötma," WC="0.91" CC="300100"/>
					</TextLine>
					<TextLine ID="P12_TL00021" HPOS="268" VPOS="1822" WIDTH="1227" HEIGHT="59">
						<String ID="P12_ST00124" HPOS="268" VPOS="1825" WIDTH="118" HEIGHT="56" CONTENT="tycks" WC="0.73" CC="60420"/>
						<SP ID="P12_SP00104" HPOS="386" VPOS="1881" WIDTH="33"/>
						<String ID="P12_ST00125" HPOS="419" VPOS="1827" WIDTH="134" HEIGHT="42" CONTENT="utöva" WC="0.72" CC="70600"/>
						<SP ID="P12_SP00105" HPOS="553" VPOS="1881" WIDTH="30"/>
						<String ID="P12_ST00126" HPOS="583" VPOS="1838" WIDTH="56" HEIGHT="31" CONTENT="en" WC="1.00" CC="00"/>
						<SP ID="P12_SP00106" HPOS="639" VPOS="1881" WIDTH="32"/>
						<String ID="P12_ST00127" HPOS="671" VPOS="1826" WIDTH="94" HEIGHT="43" CONTENT="stor" WC="0.82" CC="0007"/>
						<SP ID="P12_SP00107" HPOS="765" VPOS="1881" WIDTH="32"/>
						<String ID="P12_ST00128" HPOS="797" VPOS="1822" WIDTH="377" HEIGHT="59" CONTENT="dragningskraft" WC="0.86" CC="03000400201060"/>
						<SP ID="P12_SP00108" HPOS="1174" VPOS="1881" WIDTH="30"/>
						<String ID="P12_ST00129" HPOS="1204" VPOS="1824" WIDTH="60" HEIGHT="57" CONTENT="pä" WC="0.52" CC="09"/>
						<SP ID="P12_SP00109" HPOS="1264" VPOS="1881" WIDTH="33"/>
						<String ID="P12_ST00130" HPOS="1297" VPOS="1824" WIDTH="174" HEIGHT="55" CONTENT="fotogra" SUBS_TYPE="HypPart1" SUBS_CONTENT="fotograferande" WC="0.67" CC="7608000"/>
						<HYP HPOS="1471" VPOS="1824" WIDTH="24" CONTENT="-"/>
					</TextLine>
					<TextLine ID="P12_TL00022" HPOS="267" VPOS="1898" WIDTH="1227" HEIGHT="49">
						<String ID="P12_ST00131" HPOS="267" VPOS="1900" WIDTH="184" HEIGHT="45" CONTENT="ferande" SUBS_TYPE="HypPart2" SUBS_CONTENT="fotograferande" WC="0.72" CC="7104500"/>
						<SP ID="P12_SP00110" HPOS="451" VPOS="1945" WIDTH="36"/>
						<String ID="P12_ST00132" HPOS="487" VPOS="1901" WIDTH="80" HEIGHT="46" CONTENT="och" WC="0.79" CC="060"/>
						<SP ID="P12_SP00111" HPOS="567" VPOS="1947" WIDTH="33"/>
						<String ID="P12_ST00133" HPOS="600" VPOS="1898" WIDTH="284" HEIGHT="47" CONTENT="beskädande" WC="0.76" CC="1600900004"/>
						<SP ID="P12_SP00112" HPOS="884" VPOS="1947" WIDTH="35"/>
						<String ID="P12_ST00134" HPOS="919" VPOS="1900" WIDTH="257" HEIGHT="45" CONTENT="allmänhet." WC="0.98" CC="0000000100"/>
						<SP ID="P12_SP00113" HPOS="1176" VPOS="1947" WIDTH="52"/>
						<String ID="P12_ST00135" HPOS="1228" VPOS="1900" WIDTH="116" HEIGHT="45" CONTENT="Man" WC="1.00" CC="000"/>
						<SP ID="P12_SP00114" HPOS="1344" VPOS="1947" WIDTH="34"/>
						<String ID="P12_ST00136" HPOS="1378" VPOS="1900" WIDTH="87" HEIGHT="44" CONTENT="kom" SUBS_TYPE="HypPart1" SUBS_CONTENT="kommer" WC="0.84" CC="030"/>
						<HYP HPOS="1465" VPOS="1900" WIDTH="29" CONTENT="-"/>
					</TextLine>
					<TextLine ID="P12_TL00023" HPOS="267" VPOS="1977" WIDTH="1226" HEIGHT="59">
						<String ID="P12_ST00137" HPOS="267" VPOS="1991" WIDTH="91" HEIGHT="32" CONTENT="mer" SUBS_TYPE="HypPart2" SUBS_CONTENT="kommer" WC="0.61" CC="641"/>
						<SP ID="P12_SP00115" HPOS="358" VPOS="2023" WIDTH="30"/>
						<String ID="P12_ST00138" HPOS="388" VPOS="1979" WIDTH="237" HEIGHT="57" CONTENT="ofrivilligt" WC="0.76" CC="08100400290"/>
						<SP ID="P12_SP00116" HPOS="625" VPOS="2036" WIDTH="31"/>
						<String ID="P12_ST00139" HPOS="656" VPOS="1981" WIDTH="66" HEIGHT="42" CONTENT="att" WC="0.85" CC="400"/>
						<SP ID="P12_SP00117" HPOS="722" VPOS="2036" WIDTH="29"/>
						<String ID="P12_ST00140" HPOS="751" VPOS="1979" WIDTH="135" HEIGHT="44" CONTENT="tänka" WC="0.94" CC="20000"/>
						<SP ID="P12_SP00118" HPOS="886" VPOS="2036" WIDTH="29"/>
						<String ID="P12_ST00141" HPOS="915" VPOS="1979" WIDTH="61" HEIGHT="57" CONTENT="pä" WC="0.50" CC="09"/>
						<SP ID="P12_SP00119" HPOS="976" VPOS="2036" WIDTH="30"/>
						<String ID="P12_ST00142" HPOS="1006" VPOS="1977" WIDTH="247" HEIGHT="45" CONTENT="korkarnas" WC="0.68" CC="804042403"/>
						<SP ID="P12_SP00120" HPOS="1253" VPOS="2036" WIDTH="33"/>
						<String ID="P12_ST00143" HPOS="1286" VPOS="1977" WIDTH="207" HEIGHT="56" CONTENT="förmäga" WC="0.87" CC="6020000"/>
					</TextLine>
					<TextLine ID="P12_TL00024" HPOS="267" VPOS="2053" WIDTH="1226" HEIGHT="60">
						<String ID="P12_ST00144" HPOS="267" VPOS="2059" WIDTH="66" HEIGHT="41" CONTENT="att" WC="0.86" CC="004"/>
						<SP ID="P12_SP00121" HPOS="333" VPOS="2100" WIDTH="23"/>
						<String ID="P12_ST00145" HPOS="356" VPOS="2053" WIDTH="171" HEIGHT="60" CONTENT="dragas" WC="0.80" CC="043040"/>
						<SP ID="P12_SP00122" HPOS="527" VPOS="2113" WIDTH="30"/>
						<String ID="P12_ST00146" HPOS="557" VPOS="2056" WIDTH="64" HEIGHT="44" CONTENT="tili" WC="0.97" CC="0443"/>
						<SP ID="P12_SP00123" HPOS="621" VPOS="2113" WIDTH="30"/>
						<String ID="P12_ST00147" HPOS="651" VPOS="2053" WIDTH="229" HEIGHT="47" CONTENT="varandra" WC="0.86" CC="06100020"/>
						<SP ID="P12_SP00124" HPOS="880" VPOS="2113" WIDTH="23"/>
						<String ID="P12_ST00148" HPOS="903" VPOS="2056" WIDTH="14" HEIGHT="44" CONTENT="i" WC="0.66" CC="3"/>
						<SP ID="P12_SP00125" HPOS="917" VPOS="2113" WIDTH="26"/>
						<String ID="P12_ST00149" HPOS="943" VPOS="2057" WIDTH="162" HEIGHT="43" CONTENT="vatten." WC="0.94" CC="0000020"/>
						<SP ID="P12_SP00126" HPOS="1105" VPOS="2113" WIDTH="28"/>
						<String ID="P12_ST00150" HPOS="1133" VPOS="2055" WIDTH="243" HEIGHT="57" CONTENT="Ungraren" WC="0.90" CC="00040300"/>
						<SP ID="P12_SP00127" HPOS="1376" VPOS="2113" WIDTH="30"/>
						<String ID="P12_ST00151" HPOS="1406" VPOS="2055" WIDTH="66" HEIGHT="43" CONTENT="för" SUBS_TYPE="HypPart1" SUBS_CONTENT="förstär" WC="0.71" CC="704"/>
						<HYP HPOS="1472" VPOS="2055" WIDTH="21" CONTENT="-"/>
					</TextLine>
					<TextLine ID="P12_TL00025" HPOS="267" VPOS="2132" WIDTH="1226" HEIGHT="59">
						<String ID="P12_ST00152" HPOS="267" VPOS="2133" WIDTH="95" HEIGHT="46" CONTENT="stär" SUBS_TYPE="HypPart2" SUBS_CONTENT="förstär" WC="0.93" CC="2000"/>
						<SP ID="P12_SP00128" HPOS="362" VPOS="2179" WIDTH="32"/>
						<String ID="P12_ST00153" HPOS="394" VPOS="2136" WIDTH="65" HEIGHT="42" CONTENT="att" WC="0.68" CC="108"/>
						<SP ID="P12_SP00129" HPOS="459" VPOS="2179" WIDTH="28"/>
						<String ID="P12_ST00154" HPOS="487" VPOS="2135" WIDTH="142" HEIGHT="56" CONTENT="njuta." WC="0.82" CC="052020"/>
						<SP ID="P12_SP00130" HPOS="629" VPOS="2191" WIDTH="50"/>
						<String ID="P12_ST00155" HPOS="679" VPOS="2133" WIDTH="156" HEIGHT="45" CONTENT="Strunt" WC="0.90" CC="004100"/>
						<SP ID="P12_SP00131" HPOS="835" VPOS="2191" WIDTH="26"/>
						<String ID="P12_ST00156" HPOS="861" VPOS="2133" WIDTH="14" HEIGHT="45" CONTENT="i" WC="1.00" CC="0"/>
						<SP ID="P12_SP00132" HPOS="875" VPOS="2191" WIDTH="30"/>
						<String ID="P12_ST00157" HPOS="905" VPOS="2133" WIDTH="160" HEIGHT="45" CONTENT="känsiä" WC="1.00" CC="000020"/>
						<SP ID="P12_SP00133" HPOS="1065" VPOS="2191" WIDTH="31"/>
						<String ID="P12_ST00158" HPOS="1096" VPOS="2132" WIDTH="82" HEIGHT="46" CONTENT="och" WC="0.52" CC="670"/>
						<SP ID="P12_SP00134" HPOS="1178" VPOS="2191" WIDTH="30"/>
						<String ID="P12_ST00159" HPOS="1208" VPOS="2133" WIDTH="122" HEIGHT="44" CONTENT="torra" WC="0.89" CC="04000"/>
						<SP ID="P12_SP00135" HPOS="1330" VPOS="2191" WIDTH="29"/>
						<String ID="P12_ST00160" HPOS="1359" VPOS="2132" WIDTH="112" HEIGHT="57" CONTENT="själs" SUBS_TYPE="HypPart1" SUBS_CONTENT="själsproblem!" WC="0.81" CC="07020"/>
						<HYP HPOS="1471" VPOS="2132" WIDTH="22" CONTENT="-"/>
					</TextLine>
					<TextLine ID="P12_TL00026" HPOS="268" VPOS="2206" WIDTH="1227" HEIGHT="61">
						<String ID="P12_ST00161" HPOS="268" VPOS="2210" WIDTH="217" HEIGHT="57" CONTENT="problem!" SUBS_TYPE="HypPart2" SUBS_CONTENT="själsproblem!" WC="0.68" CC="05730106"/>
						<SP ID="P12_SP00136" HPOS="485" VPOS="2267" WIDTH="127"/>
						<String ID="P12_ST00162" HPOS="612" VPOS="2210" WIDTH="103" HEIGHT="44" CONTENT="Som" WC="0.99" CC="000"/>
						<SP ID="P12_SP00137" HPOS="715" VPOS="2267" WIDTH="31"/>
						<String ID="P12_ST00163" HPOS="746" VPOS="2210" WIDTH="162" HEIGHT="44" CONTENT="belcant" WC="0.80" CC="3007020"/>
						<SP ID="P12_SP00138" HPOS="908" VPOS="2267" WIDTH="32"/>
						<String ID="P12_ST00164" HPOS="940" VPOS="2210" WIDTH="168" HEIGHT="44" CONTENT="alstrar" WC="0.71" CC="0073603"/>
						<SP ID="P12_SP00139" HPOS="1108" VPOS="2267" WIDTH="34"/>
						<String ID="P12_ST00165" HPOS="1142" VPOS="2208" WIDTH="48" HEIGHT="59" CONTENT="ju" WC="0.34" CC="66"/>
						<SP ID="P12_SP00140" HPOS="1190" VPOS="2267" WIDTH="32"/>
						<String ID="P12_ST00166" HPOS="1222" VPOS="2207" WIDTH="187" HEIGHT="59" CONTENT="Ungern" WC="0.90" CC="000005"/>
						<SP ID="P12_SP00141" HPOS="1409" VPOS="2267" WIDTH="34"/>
						<String ID="P12_ST00167" HPOS="1443" VPOS="2206" WIDTH="52" HEIGHT="46" CONTENT="de" WC="1.00" CC="00"/>
					</TextLine>
					<TextLine ID="P12_TL00027" HPOS="270" VPOS="2285" WIDTH="1225" HEIGHT="59">
						<String ID="P12_ST00168" HPOS="270" VPOS="2288" WIDTH="249" HEIGHT="56" CONTENT="härligaste" WC="0.72" CC="6022005270"/>
						<SP ID="P12_SP00142" HPOS="519" VPOS="2344" WIDTH="35"/>
						<String ID="P12_ST00169" HPOS="554" VPOS="2287" WIDTH="166" HEIGHT="45" CONTENT="frukter" WC="0.74" CC="7600004"/>
						<SP ID="P12_SP00143" HPOS="720" VPOS="2344" WIDTH="37"/>
						<String ID="P12_ST00170" HPOS="757" VPOS="2287" WIDTH="82" HEIGHT="45" CONTENT="och" WC="0.91" CC="002"/>
						<SP ID="P12_SP00144" HPOS="839" VPOS="2344" WIDTH="35"/>
						<String ID="P12_ST00171" HPOS="874" VPOS="2286" WIDTH="53" HEIGHT="46" CONTENT="de" WC="1.00" CC="00"/>
						<SP ID="P12_SP00145" HPOS="927" VPOS="2344" WIDTH="33"/>
						<String ID="P12_ST00172" HPOS="960" VPOS="2288" WIDTH="171" HEIGHT="44" CONTENT="sötaste" WC="1.00" CC="0000000"/>
						<SP ID="P12_SP00146" HPOS="1131" VPOS="2344" WIDTH="31"/>
						<String ID="P12_ST00173" HPOS="1162" VPOS="2287" WIDTH="136" HEIGHT="45" CONTENT="viner." WC="0.89" CC="101030"/>
						<SP ID="P12_SP00147" HPOS="1298" VPOS="2344" WIDTH="129"/>
						<String ID="P12_ST00174" HPOS="1427" VPOS="2285" WIDTH="68" HEIGHT="45" CONTENT="En" WC="0.83" CC="03"/>
					</TextLine>
					<TextLine ID="P12_TL00028" HPOS="268" VPOS="2361" WIDTH="1226" HEIGHT="59">
						<String ID="P12_ST00175" HPOS="268" VPOS="2363" WIDTH="82" HEIGHT="46" CONTENT="och" WC="0.75" CC="700"/>
						<SP ID="P12_SP00148" HPOS="350" VPOS="2409" WIDTH="28"/>
						<String ID="P12_ST00176" HPOS="378" VPOS="2377" WIDTH="152" HEIGHT="32" CONTENT="annan" WC="0.99" CC="20020"/>
						<SP ID="P12_SP00149" HPOS="530" VPOS="2409" WIDTH="24"/>
						<String ID="P12_ST00177" HPOS="554" VPOS="2365" WIDTH="239" HEIGHT="44" CONTENT="utställare" WC="0.96" CC="0000000030"/>
						<SP ID="P12_SP00150" HPOS="793" VPOS="2409" WIDTH="21"/>
						<String ID="P12_ST00178" HPOS="814" VPOS="2363" WIDTH="200" HEIGHT="45" CONTENT="försölcer" WC="0.73" CC="600004605"/>
						<SP ID="P12_SP00151" HPOS="1014" VPOS="2409" WIDTH="25"/>
						<String ID="P12_ST00179" HPOS="1039" VPOS="2365" WIDTH="73" HEIGHT="55" CONTENT="sig" WC="0.93" CC="020"/>
						<SP ID="P12_SP00152" HPOS="1112" VPOS="2420" WIDTH="22"/>
						<String ID="P12_ST00180" HPOS="1134" VPOS="2363" WIDTH="61" HEIGHT="57" CONTENT="pä" WC="1.00" CC="00"/>
						<SP ID="P12_SP00153" HPOS="1195" VPOS="2420" WIDTH="22"/>
						<String ID="P12_ST00181" HPOS="1217" VPOS="2362" WIDTH="74" HEIGHT="47" CONTENT="det" WC="1.00" CC="000"/>
						<SP ID="P12_SP00154" HPOS="1291" VPOS="2420" WIDTH="23"/>
						<String ID="P12_ST00182" HPOS="1314" VPOS="2361" WIDTH="155" HEIGHT="45" CONTENT="dekora" SUBS_TYPE="HypPart1" SUBS_CONTENT="dekorativa" WC="0.66" CC="009720"/>
						<HYP HPOS="1469" VPOS="2361" WIDTH="25" CONTENT="-"/>
					</TextLine>
					<TextLine ID="P12_TL00029" HPOS="270" VPOS="2438" WIDTH="1226" HEIGHT="60">
						<String ID="P12_ST00183" HPOS="270" VPOS="2442" WIDTH="88" HEIGHT="43" CONTENT="tiva" SUBS_TYPE="HypPart2" SUBS_CONTENT="dekorativa" WC="0.54" CC="8405"/>
						<SP ID="P12_SP00155" HPOS="358" VPOS="2485" WIDTH="37"/>
						<String ID="P12_ST00184" HPOS="395" VPOS="2440" WIDTH="80" HEIGHT="45" CONTENT="och" WC="0.75" CC="700"/>
						<SP ID="P12_SP00156" HPOS="475" VPOS="2485" WIDTH="38"/>
						<String ID="P12_ST00185" HPOS="513" VPOS="2441" WIDTH="260" HEIGHT="44" CONTENT="hantverket" WC="0.88" CC="0000050024"/>
						<SP ID="P12_SP00157" HPOS="773" VPOS="2485" WIDTH="34"/>
						<String ID="P12_ST00186" HPOS="807" VPOS="2441" WIDTH="246" HEIGHT="46" CONTENT="utsträcker" WC="0.81" CC="1500400006"/>
						<SP ID="P12_SP00158" HPOS="1053" VPOS="2487" WIDTH="33"/>
						<String ID="P12_ST00187" HPOS="1086" VPOS="2442" WIDTH="74" HEIGHT="56" CONTENT="sig" WC="0.66" CC="540"/>
						<SP ID="P12_SP00159" HPOS="1160" VPOS="2498" WIDTH="35"/>
						<String ID="P12_ST00188" HPOS="1195" VPOS="2438" WIDTH="121" HEIGHT="47" CONTENT="ända" WC="1.00" CC="0000"/>
						<SP ID="P12_SP00160" HPOS="1316" VPOS="2498" WIDTH="38"/>
						<String ID="P12_ST00189" HPOS="1354" VPOS="2442" WIDTH="48" HEIGHT="43" CONTENT="ut" WC="0.80" CC="40"/>
						<SP ID="P12_SP00161" HPOS="1402" VPOS="2498" WIDTH="35"/>
						<String ID="P12_ST00190" HPOS="1437" VPOS="2441" WIDTH="59" HEIGHT="56" CONTENT="pä" WC="1.00" CC="00"/>
					</TextLine>
					<TextLine ID="P12_TL00030" HPOS="265" VPOS="2516" WIDTH="1229" HEIGHT="59">
						<String ID="P12_ST00191" HPOS="265" VPOS="2531" WIDTH="166" HEIGHT="32" CONTENT="ramen." WC="0.79" CC="900020"/>
						<SP ID="P12_SP00162" HPOS="431" VPOS="2563" WIDTH="51"/>
						<String ID="P12_ST00192" HPOS="482" VPOS="2518" WIDTH="87" HEIGHT="46" CONTENT="Det" WC="0.99" CC="300"/>
						<SP ID="P12_SP00163" HPOS="569" VPOS="2564" WIDTH="32"/>
						<String ID="P12_ST00193" HPOS="601" VPOS="2518" WIDTH="229" HEIGHT="57" CONTENT="förvänar," WC="0.79" CC="704000014"/>
						<SP ID="P12_SP00164" HPOS="830" VPOS="2575" WIDTH="34"/>
						<String ID="P12_ST00194" HPOS="864" VPOS="2521" WIDTH="66" HEIGHT="42" CONTENT="att" WC="1.00" CC="000"/>
						<SP ID="P12_SP00165" HPOS="930" VPOS="2575" WIDTH="29"/>
						<String ID="P12_ST00195" HPOS="959" VPOS="2516" WIDTH="415" HEIGHT="59" CONTENT="konstslöjdsalster" WC="0.81" CC="07020520300050005"/>
						<SP ID="P12_SP00166" HPOS="1374" VPOS="2575" WIDTH="28"/>
						<String ID="P12_ST00196" HPOS="1402" VPOS="2517" WIDTH="92" HEIGHT="44" CONTENT="icke" WC="1.00" CC="0000"/>
					</TextLine>
					<TextLine ID="P12_TL00031" HPOS="265" VPOS="2593" WIDTH="1230" HEIGHT="60">
						<String ID="P12_ST00197" HPOS="265" VPOS="2596" WIDTH="128" HEIGHT="44" CONTENT="blivit" WC="0.71" CC="710070"/>
						<SP ID="P12_SP00167" HPOS="393" VPOS="2640" WIDTH="28"/>
						<String ID="P12_ST00198" HPOS="421" VPOS="2594" WIDTH="293" HEIGHT="59" CONTENT="rikhaltigare" WC="0.93" CC="200301000010"/>
						<SP ID="P12_SP00168" HPOS="714" VPOS="2653" WIDTH="28"/>
						<String ID="P12_ST00199" HPOS="742" VPOS="2593" WIDTH="371" HEIGHT="60" CONTENT="representerade," WC="0.80" CC="500506040033000"/>
						<SP ID="P12_SP00169" HPOS="1113" VPOS="2653" WIDTH="30"/>
						<String ID="P12_ST00200" HPOS="1143" VPOS="2597" WIDTH="46" HEIGHT="55" CONTENT="ty" WC="1.00" CC="00"/>
						<SP ID="P12_SP00170" HPOS="1189" VPOS="2653" WIDTH="28"/>
						<String ID="P12_ST00201" HPOS="1217" VPOS="2594" WIDTH="61" HEIGHT="59" CONTENT="pä" WC="1.00" CC="00"/>
						<SP ID="P12_SP00171" HPOS="1278" VPOS="2653" WIDTH="28"/>
						<String ID="P12_ST00202" HPOS="1306" VPOS="2593" WIDTH="72" HEIGHT="47" CONTENT="det" WC="0.98" CC="040"/>
						<SP ID="P12_SP00172" HPOS="1378" VPOS="2653" WIDTH="27"/>
						<String ID="P12_ST00203" HPOS="1405" VPOS="2607" WIDTH="60" HEIGHT="32" CONTENT="om" SUBS_TYPE="HypPart1" SUBS_CONTENT="omrädet" WC="0.75" CC="70"/>
						<HYP HPOS="1465" VPOS="2607" WIDTH="30" CONTENT="-"/>
					</TextLine>
					<TextLine ID="P12_TL00032" HPOS="265" VPOS="2669" WIDTH="1226" HEIGHT="60">
						<String ID="P12_ST00204" HPOS="265" VPOS="2669" WIDTH="125" HEIGHT="50" CONTENT="rädet" SUBS_TYPE="HypPart2" SUBS_CONTENT="omrädet" WC="0.94" CC="20000"/>
						<SP ID="P12_SP00173" HPOS="390" VPOS="2719" WIDTH="26"/>
						<String ID="P12_ST00205" HPOS="416" VPOS="2674" WIDTH="81" HEIGHT="42" CONTENT="äro" WC="0.85" CC="004"/>
						<SP ID="P12_SP00174" HPOS="497" VPOS="2719" WIDTH="28"/>
						<String ID="P12_ST00206" HPOS="525" VPOS="2685" WIDTH="298" HEIGHT="44" CONTENT="magyarerna" WC="0.89" CC="0000050500"/>
						<SP ID="P12_SP00175" HPOS="823" VPOS="2729" WIDTH="28"/>
						<String ID="P12_ST00207" HPOS="851" VPOS="2673" WIDTH="209" HEIGHT="45" CONTENT="mästare." WC="0.88" CC="00900000"/>
						<SP ID="P12_SP00176" HPOS="1060" VPOS="2729" WIDTH="45"/>
						<String ID="P12_ST00208" HPOS="1105" VPOS="2671" WIDTH="137" HEIGHT="57" CONTENT="Färg," WC="0.69" CC="40603"/>
						<SP ID="P12_SP00177" HPOS="1242" VPOS="2729" WIDTH="30"/>
						<String ID="P12_ST00209" HPOS="1272" VPOS="2671" WIDTH="219" HEIGHT="56" CONTENT="harmoni," WC="0.99" CC="01409013"/>
					</TextLine>
					<TextLine ID="P12_TL00033" HPOS="263" VPOS="2747" WIDTH="1228" HEIGHT="60">
						<String ID="P12_ST00210" HPOS="263" VPOS="2747" WIDTH="289" HEIGHT="58" CONTENT="modulation," WC="0.75" CC="57040000054"/>
						<SP ID="P12_SP00178" HPOS="552" VPOS="2805" WIDTH="33"/>
						<String ID="P12_ST00211" HPOS="585" VPOS="2749" WIDTH="170" HEIGHT="58" CONTENT="rytmik," WC="0.83" CC="3000403"/>
						<SP ID="P12_SP00179" HPOS="755" VPOS="2807" WIDTH="37"/>
						<String ID="P12_ST00212" HPOS="792" VPOS="2749" WIDTH="290" HEIGHT="58" CONTENT="komposition" WC="1.00" CC="00007020070"/>
						<SP ID="P12_SP00180" HPOS="1082" VPOS="2807" WIDTH="33"/>
						<String ID="P12_ST00213" HPOS="1115" VPOS="2762" WIDTH="117" HEIGHT="32" CONTENT="m.m." WC="0.73" CC="7300"/>
						<SP ID="P12_SP00181" HPOS="1232" VPOS="2807" WIDTH="36"/>
						<String ID="P12_ST00214" HPOS="1268" VPOS="2752" WIDTH="82" HEIGHT="42" CONTENT="äro" WC="0.60" CC="056"/>
						<SP ID="P12_SP00182" HPOS="1350" VPOS="2807" WIDTH="32"/>
						<String ID="P12_ST00215" HPOS="1382" VPOS="2748" WIDTH="91" HEIGHT="45" CONTENT="tills" SUBS_TYPE="HypPart1" SUBS_CONTENT="tillsvidare" WC="0.89" CC="00600"/>
						<HYP HPOS="1473" VPOS="2748" WIDTH="18" CONTENT="-"/>
					</TextLine>
					<TextLine ID="P12_TL00034" HPOS="263" VPOS="2824" WIDTH="1227" HEIGHT="60">
						<String ID="P12_ST00216" HPOS="263" VPOS="2824" WIDTH="154" HEIGHT="47" CONTENT="vidare" SUBS_TYPE="HypPart2" SUBS_CONTENT="tillsvidare" WC="0.76" CC="500314"/>
						<SP ID="P12_SP00183" HPOS="417" VPOS="2871" WIDTH="23"/>
						<String ID="P12_ST00217" HPOS="440" VPOS="2826" WIDTH="264" HEIGHT="57" CONTENT="obehövliga" WC="0.88" CC="1060003000"/>
						<SP ID="P12_SP00184" HPOS="704" VPOS="2883" WIDTH="23"/>
						<String ID="P12_ST00218" HPOS="727" VPOS="2826" WIDTH="80" HEIGHT="45" CONTENT="och" WC="0.77" CC="600"/>
						<SP ID="P12_SP00185" HPOS="807" VPOS="2883" WIDTH="23"/>
						<String ID="P12_ST00219" HPOS="830" VPOS="2827" WIDTH="221" HEIGHT="56" CONTENT="likgiltiga" WC="0.88" CC="0000006400"/>
						<SP ID="P12_SP00186" HPOS="1051" VPOS="2883" WIDTH="21"/>
						<String ID="P12_ST00220" HPOS="1072" VPOS="2827" WIDTH="209" HEIGHT="57" CONTENT="begrepp." WC="0.86" CC="63010000"/>
						<SP ID="P12_SP00187" HPOS="1281" VPOS="2884" WIDTH="24"/>
						<String ID="P12_ST00221" HPOS="1305" VPOS="2824" WIDTH="155" HEIGHT="46" CONTENT="Huvud" SUBS_TYPE="HypPart1" SUBS_CONTENT="Huvudsaken" WC="0.89" CC="60000"/>
						<HYP HPOS="1460" VPOS="2824" WIDTH="30" CONTENT="-"/>
					</TextLine>
					<TextLine ID="P12_TL00035" HPOS="262" VPOS="2902" WIDTH="1228" HEIGHT="48">
						<String ID="P12_ST00222" HPOS="262" VPOS="2904" WIDTH="136" HEIGHT="45" CONTENT="saken" SUBS_TYPE="HypPart2" SUBS_CONTENT="Huvudsaken" WC="0.74" CC="75000"/>
						<SP ID="P12_SP00188" HPOS="398" VPOS="2949" WIDTH="34"/>
						<String ID="P12_ST00223" HPOS="432" VPOS="2907" WIDTH="53" HEIGHT="42" CONTENT="är" WC="0.77" CC="04"/>
						<SP ID="P12_SP00189" HPOS="485" VPOS="2949" WIDTH="36"/>
						<String ID="P12_ST00224" HPOS="521" VPOS="2906" WIDTH="66" HEIGHT="44" CONTENT="att" WC="0.74" CC="700"/>
						<SP ID="P12_SP00190" HPOS="587" VPOS="2950" WIDTH="32"/>
						<String ID="P12_ST00225" HPOS="619" VPOS="2902" WIDTH="202" HEIGHT="48" CONTENT="bilderna" WC="0.96" CC="00200000"/>
						<SP ID="P12_SP00191" HPOS="821" VPOS="2950" WIDTH="37"/>
						<String ID="P12_ST00226" HPOS="858" VPOS="2906" WIDTH="227" HEIGHT="43" CONTENT="motsvara" WC="0.93" CC="01000040"/>
						<SP ID="P12_SP00192" HPOS="1085" VPOS="2950" WIDTH="33"/>
						<String ID="P12_ST00227" HPOS="1118" VPOS="2902" WIDTH="259" HEIGHT="47" CONTENT="ändamälet" WC="0.90" CC="020000050"/>
						<SP ID="P12_SP00193" HPOS="1377" VPOS="2950" WIDTH="31"/>
						<String ID="P12_ST00228" HPOS="1408" VPOS="2902" WIDTH="82" HEIGHT="46" CONTENT="och" WC="0.58" CC="560"/>
					</TextLine>
					<TextLine ID="P12_TL00036" HPOS="263" VPOS="2978" WIDTH="1113" HEIGHT="61">
						<String ID="P12_ST00229" HPOS="263" VPOS="2978" WIDTH="73" HEIGHT="48" CONTENT="det" WC="0.95" CC="940"/>
						<SP ID="P12_SP00194" HPOS="336" VPOS="3026" WIDTH="28"/>
						<String ID="P12_ST00230" HPOS="364" VPOS="2982" WIDTH="171" HEIGHT="44" CONTENT="utvisar" WC="0.84" CC="5000004"/>
						<SP ID="P12_SP00195" HPOS="535" VPOS="3026" WIDTH="31"/>
						<String ID="P12_ST00231" HPOS="566" VPOS="2982" WIDTH="46" HEIGHT="57" CONTENT="ju" WC="0.56" CC="44"/>
						<SP ID="P12_SP00196" HPOS="612" VPOS="3039" WIDTH="28"/>
						<String ID="P12_ST00232" HPOS="640" VPOS="2979" WIDTH="84" HEIGHT="46" CONTENT="den" WC="0.83" CC="005"/>
						<SP ID="P12_SP00197" HPOS="724" VPOS="3039" WIDTH="29"/>
						<String ID="P12_ST00233" HPOS="753" VPOS="2979" WIDTH="254" HEIGHT="60" CONTENT="glänsande" WC="0.86" CC="030323000"/>
						<SP ID="P12_SP00198" HPOS="1007" VPOS="3039" WIDTH="30"/>
						<String ID="P12_ST00234" HPOS="1037" VPOS="2982" WIDTH="339" HEIGHT="56" CONTENT="utställningen." WC="0.89" CC="00600000250000"/>
					</TextLine>
					<TextLine ID="P12_TL00037" HPOS="322" VPOS="3057" WIDTH="1168" HEIGHT="58">
						<String ID="P12_ST00235" HPOS="322" VPOS="3058" WIDTH="87" HEIGHT="44" CONTENT="Det" WC="0.96" CC="045"/>
						<SP ID="P12_SP00199" HPOS="409" VPOS="3102" WIDTH="35"/>
						<String ID="P12_ST00236" HPOS="444" VPOS="3061" WIDTH="53" HEIGHT="41" CONTENT="är" WC="0.84" CC="03"/>
						<SP ID="P12_SP00200" HPOS="497" VPOS="3102" WIDTH="35"/>
						<String ID="P12_ST00237" HPOS="532" VPOS="3059" WIDTH="67" HEIGHT="43" CONTENT="att" WC="0.79" CC="042"/>
						<SP ID="P12_SP00201" HPOS="599" VPOS="3102" WIDTH="31"/>
						<String ID="P12_ST00238" HPOS="630" VPOS="3057" WIDTH="190" HEIGHT="58" CONTENT="hoppas," WC="0.85" CC="0500103"/>
						<SP ID="P12_SP00202" HPOS="820" VPOS="3115" WIDTH="35"/>
						<String ID="P12_ST00239" HPOS="855" VPOS="3061" WIDTH="66" HEIGHT="41" CONTENT="att" WC="0.82" CC="050"/>
						<SP ID="P12_SP00203" HPOS="921" VPOS="3115" WIDTH="34"/>
						<String ID="P12_ST00240" HPOS="955" VPOS="3058" WIDTH="292" HEIGHT="56" CONTENT="allvarligare" WC="0.92" CC="041000000020"/>
						<SP ID="P12_SP00204" HPOS="1247" VPOS="3115" WIDTH="36"/>
						<String ID="P12_ST00241" HPOS="1283" VPOS="3057" WIDTH="182" HEIGHT="44" CONTENT="konstnä" SUBS_TYPE="HypPart1" SUBS_CONTENT="konstnärer" WC="0.97" CC="0010000"/>
						<HYP HPOS="1465" VPOS="3057" WIDTH="25" CONTENT="-"/>
					</TextLine>
					<TextLine ID="P12_TL00038" HPOS="263" VPOS="3133" WIDTH="1227" HEIGHT="60">
						<String ID="P12_ST00242" HPOS="263" VPOS="3149" WIDTH="70" HEIGHT="31" CONTENT="rer" SUBS_TYPE="HypPart2" SUBS_CONTENT="konstnärer" WC="0.56" CC="336"/>
						<SP ID="P12_SP00205" HPOS="333" VPOS="3180" WIDTH="41"/>
						<String ID="P12_ST00243" HPOS="374" VPOS="3138" WIDTH="133" HEIGHT="42" CONTENT="nästa" WC="0.86" CC="00700"/>
						<SP ID="P12_SP00206" HPOS="507" VPOS="3180" WIDTH="38"/>
						<String ID="P12_ST00244" HPOS="545" VPOS="3135" WIDTH="127" HEIGHT="58" CONTENT="gäng" WC="0.13" CC="9959"/>
						<SP ID="P12_SP00207" HPOS="672" VPOS="3193" WIDTH="40"/>
						<String ID="P12_ST00245" HPOS="712" VPOS="3135" WIDTH="124" HEIGHT="45" CONTENT="skola" WC="0.84" CC="80000"/>
						<SP ID="P12_SP00208" HPOS="836" VPOS="3193" WIDTH="25"/>
						<String ID="P12_ST00246" HPOS="861" VPOS="3138" WIDTH="301" HEIGHT="55" CONTENT="representera" WC="0.84" CC="200400070050"/>
						<SP ID="P12_SP00209" HPOS="1162" VPOS="3193" WIDTH="25"/>
						<String ID="P12_ST00247" HPOS="1187" VPOS="3133" WIDTH="175" HEIGHT="48" CONTENT="landets" WC="0.82" CC="2600300"/>
						<SP ID="P12_SP00210" HPOS="1362" VPOS="3193" WIDTH="39"/>
						<String ID="P12_ST00248" HPOS="1401" VPOS="3148" WIDTH="60" HEIGHT="31" CONTENT="mo" SUBS_TYPE="HypPart1" SUBS_CONTENT="moderna" WC="1.00" CC="00"/>
						<HYP HPOS="1461" VPOS="3148" WIDTH="29" CONTENT="-"/>
					</TextLine>
					<TextLine ID="P12_TL00039" HPOS="263" VPOS="3209" WIDTH="1227" HEIGHT="60">
						<String ID="P12_ST00249" HPOS="263" VPOS="3210" WIDTH="139" HEIGHT="47" CONTENT="derna" SUBS_TYPE="HypPart2" SUBS_CONTENT="moderna" WC="0.68" CC="60360"/>
						<SP ID="P12_SP00211" HPOS="402" VPOS="3257" WIDTH="53"/>
						<String ID="P12_ST00250" HPOS="455" VPOS="3213" WIDTH="169" HEIGHT="44" CONTENT="mäleri." WC="0.86" CC="0041300"/>
						<SP ID="P12_SP00212" HPOS="624" VPOS="3257" WIDTH="60"/>
						<String ID="P12_ST00251" HPOS="684" VPOS="3212" WIDTH="73" HEIGHT="45" CONTENT="F.tt" WC="0.76" CC="6200"/>
						<SP ID="P12_SP00213" HPOS="757" VPOS="3257" WIDTH="55"/>
						<String ID="P12_ST00252" HPOS="812" VPOS="3210" WIDTH="354" HEIGHT="59" CONTENT="karaktärsdrag" WC="0.94" CC="0030000300000"/>
						<SP ID="P12_SP00214" HPOS="1166" VPOS="3269" WIDTH="55"/>
						<String ID="P12_ST00253" HPOS="1221" VPOS="3212" WIDTH="84" HEIGHT="45" CONTENT="hos" WC="0.53" CC="165"/>
						<SP ID="P12_SP00215" HPOS="1305" VPOS="3269" WIDTH="39"/>
						<String ID="P12_ST00254" HPOS="1344" VPOS="3209" WIDTH="146" HEIGHT="47" CONTENT="denna" WC="0.81" CC="00044"/>
					</TextLine>
					<TextLine ID="P12_TL00040" HPOS="261" VPOS="3288" WIDTH="1229" HEIGHT="60">
						<String ID="P12_ST00255" HPOS="261" VPOS="3303" WIDTH="155" HEIGHT="43" CONTENT="yngre," WC="0.94" CC="010100"/>
						<SP ID="P12_SP00216" HPOS="416" VPOS="3346" WIDTH="53"/>
						<String ID="P12_ST00256" HPOS="469" VPOS="3290" WIDTH="91" HEIGHT="45" CONTENT="icke" WC="0.86" CC="0005"/>
						<SP ID="P12_SP00217" HPOS="560" VPOS="3346" WIDTH="51"/>
						<String ID="P12_ST00257" HPOS="611" VPOS="3288" WIDTH="372" HEIGHT="60" CONTENT="representerade," WC="0.79" CC="200307000044034"/>
						<SP ID="P12_SP00218" HPOS="983" VPOS="3348" WIDTH="54"/>
						<String ID="P12_ST00258" HPOS="1037" VPOS="3290" WIDTH="259" HEIGHT="56" CONTENT="generation" WC="0.76" CC="0090700006"/>
						<SP ID="P12_SP00219" HPOS="1296" VPOS="3348" WIDTH="18"/>
						<String ID="P12_ST00259" HPOS="1314" VPOS="3293" WIDTH="54" HEIGHT="42" CONTENT="är" WC="0.70" CC="05"/>
						<SP ID="P12_SP00220" HPOS="1368" VPOS="3348" WIDTH="38"/>
						<String ID="P12_ST00260" HPOS="1406" VPOS="3288" WIDTH="84" HEIGHT="46" CONTENT="den" WC="0.86" CC="004"/>
					</TextLine>
					<TextLine ID="P12_TL00041" HPOS="261" VPOS="3364" WIDTH="1228" HEIGHT="60">
						<String ID="P12_ST00261" HPOS="261" VPOS="3367" WIDTH="184" HEIGHT="45" CONTENT="robusta" WC="0.46" CC="3750955"/>
						<SP ID="P12_SP00221" HPOS="445" VPOS="3412" WIDTH="70"/>
						<String ID="P12_ST00262" HPOS="515" VPOS="3364" WIDTH="390" HEIGHT="60" CONTENT="förkroppsligade" WC="0.77" CC="705037000009000"/>
						<SP ID="P12_SP00222" HPOS="905" VPOS="3424" WIDTH="66"/>
						<String ID="P12_ST00263" HPOS="971" VPOS="3365" WIDTH="263" HEIGHT="59" CONTENT="föreningen" WC="0.77" CC="7031414000"/>
						<SP ID="P12_SP00223" HPOS="1234" VPOS="3424" WIDTH="67"/>
						<String ID="P12_ST00264" HPOS="1301" VPOS="3379" WIDTH="58" HEIGHT="32" CONTENT="av" WC="1.00" CC="00"/>
						<SP ID="P12_SP00224" HPOS="1359" VPOS="3424" WIDTH="65"/>
						<String ID="P12_ST00265" HPOS="1424" VPOS="3368" WIDTH="44" HEIGHT="42" CONTENT="ut" SUBS_TYPE="HypPart1" SUBS_CONTENT="uttryck," WC="1.00" CC="00"/>
						<HYP HPOS="1468" VPOS="3368" WIDTH="21" CONTENT="-"/>
					</TextLine>
					<TextLine ID="P12_TL00042" HPOS="262" VPOS="3442" WIDTH="1227" HEIGHT="58">
						<String ID="P12_ST00266" HPOS="262" VPOS="3444" WIDTH="133" HEIGHT="56" CONTENT="tryck," SUBS_TYPE="HypPart2" SUBS_CONTENT="uttryck," WC="0.88" CC="010203"/>
						<SP ID="P12_SP00225" HPOS="395" VPOS="3500" WIDTH="55"/>
						<String ID="P12_ST00267" HPOS="450" VPOS="3444" WIDTH="116" HEIGHT="45" CONTENT="form" WC="0.75" CC="7002"/>
						<SP ID="P12_SP00226" HPOS="566" VPOS="3500" WIDTH="50"/>
						<String ID="P12_ST00268" HPOS="616" VPOS="3443" WIDTH="82" HEIGHT="46" CONTENT="och" WC="0.99" CC="000"/>
						<SP ID="P12_SP00227" HPOS="698" VPOS="3500" WIDTH="52"/>
						<String ID="P12_ST00269" HPOS="750" VPOS="3443" WIDTH="257" HEIGHT="57" CONTENT="verklighet." WC="0.81" CC="00402204500"/>
						<SP ID="P12_SP00228" HPOS="1007" VPOS="3500" WIDTH="55"/>
						<String ID="P12_ST00270" HPOS="1062" VPOS="3443" WIDTH="133" HEIGHT="46" CONTENT="Detta" WC="0.94" CC="02000"/>
						<SP ID="P12_SP00229" HPOS="1195" VPOS="3500" WIDTH="37"/>
						<String ID="P12_ST00271" HPOS="1232" VPOS="3443" WIDTH="60" HEIGHT="46" CONTENT="ha" WC="1.00" CC="00"/>
						<SP ID="P12_SP00230" HPOS="1292" VPOS="3500" WIDTH="36"/>
						<String ID="P12_ST00272" HPOS="1328" VPOS="3442" WIDTH="161" HEIGHT="47" CONTENT="desin" WC="0.97" CC="01566"/>
					</TextLine>
					<TextLine ID="P12_TL00043" HPOS="259" VPOS="3519" WIDTH="1230" HEIGHT="60">
						<String ID="P12_ST00273" HPOS="259" VPOS="3519" WIDTH="240" HEIGHT="47" CONTENT="medfödda" WC="0.86" CC="04060000"/>
						<SP ID="P12_SP00231" HPOS="499" VPOS="3566" WIDTH="67"/>
						<String ID="P12_ST00274" HPOS="566" VPOS="3522" WIDTH="260" HEIGHT="55" CONTENT="livskänsla," WC="0.84" CC="50010000404"/>
						<SP ID="P12_SP00232" HPOS="826" VPOS="3577" WIDTH="63"/>
						<String ID="P12_ST00275" HPOS="889" VPOS="3522" WIDTH="79" HEIGHT="44" CONTENT="sitt" WC="0.94" CC="0200"/>
						<SP ID="P12_SP00233" HPOS="968" VPOS="3577" WIDTH="61"/>
						<String ID="P12_ST00276" HPOS="1029" VPOS="3523" WIDTH="316" HEIGHT="56" CONTENT="temperament" WC="0.82" CC="00003059000"/>
						<SP ID="P12_SP00234" HPOS="1345" VPOS="3579" WIDTH="63"/>
						<String ID="P12_ST00277" HPOS="1408" VPOS="3520" WIDTH="81" HEIGHT="46" CONTENT="och" WC="0.77" CC="060"/>
					</TextLine>
					<TextLine ID="P12_TL00044" HPOS="258" VPOS="3596" WIDTH="1232" HEIGHT="60">
						<String ID="P12_ST00278" HPOS="258" VPOS="3600" WIDTH="79" HEIGHT="43" CONTENT="sitt" WC="1.00" CC="0000"/>
						<SP ID="P12_SP00235" HPOS="337" VPOS="3643" WIDTH="63"/>
						<String ID="P12_ST00279" HPOS="400" VPOS="3596" WIDTH="300" HEIGHT="60" CONTENT="jordbundna," WC="0.80" CC="20700240012"/>
						<SP ID="P12_SP00236" HPOS="700" VPOS="3656" WIDTH="64"/>
						<String ID="P12_ST00280" HPOS="764" VPOS="3596" WIDTH="148" HEIGHT="47" CONTENT="sunda" WC="0.83" CC="04400"/>
						<SP ID="P12_SP00237" HPOS="912" VPOS="3656" WIDTH="65"/>
						<String ID="P12_ST00281" HPOS="977" VPOS="3598" WIDTH="399" HEIGHT="57" CONTENT="verklighetssinne" WC="0.88" CC="0030200600000420"/>
						<SP ID="P12_SP00238" HPOS="1376" VPOS="3656" WIDTH="49"/>
						<String ID="P12_ST00282" HPOS="1425" VPOS="3600" WIDTH="65" HEIGHT="42" CONTENT="att" WC="0.96" CC="100"/>
					</TextLine>
					<TextLine ID="P12_TL00045" HPOS="263" VPOS="3674" WIDTH="1227" HEIGHT="58">
						<String ID="P12_ST00283" HPOS="263" VPOS="3676" WIDTH="127" HEIGHT="45" CONTENT="tacka" WC="0.92" CC="40000"/>
						<SP ID="P12_SP00239" HPOS="390" VPOS="3721" WIDTH="28"/>
						<String ID="P12_ST00284" HPOS="418" VPOS="3676" WIDTH="83" HEIGHT="45" CONTENT="för." WC="0.98" CC="4030"/>
						<SP ID="P12_SP00240" HPOS="501" VPOS="3721" WIDTH="44"/>
						<String ID="P12_ST00285" HPOS="545" VPOS="3676" WIDTH="174" HEIGHT="45" CONTENT="Därför" WC="0.71" CC="202803"/>
						<SP ID="P12_SP00241" HPOS="719" VPOS="3721" WIDTH="23"/>
						<String ID="P12_ST00286" HPOS="742" VPOS="3676" WIDTH="150" HEIGHT="45" CONTENT="känna" WC="0.85" CC="00520"/>
						<SP ID="P12_SP00242" HPOS="892" VPOS="3721" WIDTH="28"/>
						<String ID="P12_ST00287" HPOS="920" VPOS="3674" WIDTH="54" HEIGHT="47" CONTENT="de" WC="1.00" CC="00"/>
						<SP ID="P12_SP00243" HPOS="974" VPOS="3721" WIDTH="23"/>
						<String ID="P12_ST00288" HPOS="997" VPOS="3676" WIDTH="165" HEIGHT="45" CONTENT="varken" WC="0.92" CC="003000"/>
						<SP ID="P12_SP00244" HPOS="1162" VPOS="3721" WIDTH="23"/>
						<String ID="P12_ST00289" HPOS="1185" VPOS="3675" WIDTH="305" HEIGHT="57" CONTENT="slitningarna" WC="0.83" CC="038000000530"/>
					</TextLine>
					<TextLine ID="P12_TL00046" HPOS="261" VPOS="3753" WIDTH="1229" HEIGHT="60">
						<String ID="P12_ST00290" HPOS="261" VPOS="3754" WIDTH="165" HEIGHT="46" CONTENT="mellan" WC="0.76" CC="004143"/>
						<SP ID="P12_SP00245" HPOS="426" VPOS="3800" WIDTH="39"/>
						<String ID="P12_ST00291" HPOS="465" VPOS="3754" WIDTH="339" HEIGHT="59" CONTENT="expressionism" WC="0.88" CC="4005000000140"/>
						<SP ID="P12_SP00246" HPOS="804" VPOS="3813" WIDTH="36"/>
						<String ID="P12_ST00292" HPOS="840" VPOS="3753" WIDTH="81" HEIGHT="47" CONTENT="och" WC="0.68" CC="044"/>
						<SP ID="P12_SP00247" HPOS="921" VPOS="3813" WIDTH="37"/>
						<String ID="P12_ST00293" HPOS="958" VPOS="3753" WIDTH="171" HEIGHT="47" CONTENT="kubism" WC="0.76" CC="006006"/>
						<SP ID="P12_SP00248" HPOS="1129" VPOS="3813" WIDTH="38"/>
						<String ID="P12_ST00294" HPOS="1167" VPOS="3753" WIDTH="106" HEIGHT="45" CONTENT="eller" WC="0.81" CC="20203"/>
						<SP ID="P12_SP00249" HPOS="1273" VPOS="3813" WIDTH="35"/>
						<String ID="P12_ST00295" HPOS="1308" VPOS="3753" WIDTH="160" HEIGHT="44" CONTENT="reaktio" SUBS_TYPE="HypPart1" SUBS_CONTENT="reaktionen" WC="0.84" CC="0300007"/>
						<HYP HPOS="1468" VPOS="3753" WIDTH="22" CONTENT="-"/>
					</TextLine>
				</TextBlock>
				<TextBlock ID="P12_TB00004" HPOS="1570" VPOS="274" WIDTH="1233" HEIGHT="2446" STYLEREFS="TXT_2 PAR_BLOCK">
					<TextLine ID="P12_TL00047" HPOS="1580" VPOS="274" WIDTH="1223" HEIGHT="61">
						<String ID="P12_ST00296" HPOS="1580" VPOS="293" WIDTH="87" HEIGHT="31" CONTENT="nen" SUBS_TYPE="HypPart2" SUBS_CONTENT="reaktionen" WC="0.67" CC="009"/>
						<SP ID="P12_SP00250" HPOS="1667" VPOS="324" WIDTH="39"/>
						<String ID="P12_ST00297" HPOS="1706" VPOS="292" WIDTH="56" HEIGHT="32" CONTENT="av" WC="1.00" CC="00"/>
						<SP ID="P12_SP00251" HPOS="1762" VPOS="324" WIDTH="37"/>
						<String ID="P12_ST00298" HPOS="1799" VPOS="277" WIDTH="130" HEIGHT="47" CONTENT="dessa" WC="0.80" CC="05003"/>
						<SP ID="P12_SP00252" HPOS="1929" VPOS="324" WIDTH="37"/>
						<String ID="P12_ST00299" HPOS="1966" VPOS="279" WIDTH="149" HEIGHT="56" CONTENT="bägge" WC="0.80" CC="00090"/>
						<SP ID="P12_SP00253" HPOS="2115" VPOS="335" WIDTH="39"/>
						<String ID="P12_ST00300" HPOS="2154" VPOS="275" WIDTH="137" HEIGHT="47" CONTENT="iden" WC="1.00" CC="0000"/>
						<SP ID="P12_SP00254" HPOS="2291" VPOS="335" WIDTH="39"/>
						<String ID="P12_ST00301" HPOS="2330" VPOS="274" WIDTH="215" HEIGHT="47" CONTENT="betonade" WC="0.86" CC="20133000"/>
						<SP ID="P12_SP00255" HPOS="2545" VPOS="335" WIDTH="40"/>
						<String ID="P12_ST00302" HPOS="2585" VPOS="277" WIDTH="197" HEIGHT="44" CONTENT="klassisis" SUBS_TYPE="HypPart1" SUBS_CONTENT="klassisismen." WC="1.00" CC="000000000"/>
						<HYP HPOS="2782" VPOS="277" WIDTH="21" CONTENT="-"/>
					</TextLine>
					<TextLine ID="P12_TL00048" HPOS="1579" VPOS="353" WIDTH="1224" HEIGHT="57">
						<String ID="P12_ST00303" HPOS="1579" VPOS="369" WIDTH="110" HEIGHT="32" CONTENT="men." SUBS_TYPE="HypPart2" SUBS_CONTENT="klassisismen." WC="0.63" CC="5350"/>
						<SP ID="P12_SP00256" HPOS="1689" VPOS="401" WIDTH="54"/>
						<String ID="P12_ST00304" HPOS="1743" VPOS="354" WIDTH="123" HEIGHT="46" CONTENT="Även" WC="1.00" CC="0000"/>
						<SP ID="P12_SP00257" HPOS="1866" VPOS="401" WIDTH="37"/>
						<String ID="P12_ST00305" HPOS="1903" VPOS="353" WIDTH="84" HEIGHT="47" CONTENT="den" WC="1.00" CC="000"/>
						<SP ID="P12_SP00258" HPOS="1987" VPOS="401" WIDTH="35"/>
						<String ID="P12_ST00306" HPOS="2022" VPOS="355" WIDTH="144" HEIGHT="45" CONTENT="första" WC="0.79" CC="700500"/>
						<SP ID="P12_SP00259" HPOS="2166" VPOS="401" WIDTH="34"/>
						<String ID="P12_ST00307" HPOS="2200" VPOS="354" WIDTH="498" HEIGHT="56" CONTENT="senimpressionistiska" WC="0.75" CC="40200050900046500604"/>
						<SP ID="P12_SP00260" HPOS="2698" VPOS="410" WIDTH="35"/>
						<String ID="P12_ST00308" HPOS="2733" VPOS="366" WIDTH="47" HEIGHT="43" CONTENT="pe" SUBS_TYPE="HypPart1" SUBS_CONTENT="perioden" WC="0.89" CC="03"/>
						<HYP HPOS="2780" VPOS="366" WIDTH="23" CONTENT="-"/>
					</TextLine>
					<TextLine ID="P12_TL00049" HPOS="1579" VPOS="428" WIDTH="1224" HEIGHT="60">
						<String ID="P12_ST00309" HPOS="1579" VPOS="430" WIDTH="152" HEIGHT="47" CONTENT="rioden" SUBS_TYPE="HypPart2" SUBS_CONTENT="perioden" WC="0.88" CC="700000"/>
						<SP ID="P12_SP00261" HPOS="1731" VPOS="477" WIDTH="41"/>
						<String ID="P12_ST00310" HPOS="1772" VPOS="430" WIDTH="138" HEIGHT="47" CONTENT="iden" WC="0.95" CC="0010"/>
						<SP ID="P12_SP00262" HPOS="1910" VPOS="477" WIDTH="40"/>
						<String ID="P12_ST00311" HPOS="1950" VPOS="430" WIDTH="225" HEIGHT="58" CONTENT="ungerska" WC="0.78" CC="32901000"/>
						<SP ID="P12_SP00263" HPOS="2175" VPOS="488" WIDTH="38"/>
						<String ID="P12_ST00312" HPOS="2213" VPOS="432" WIDTH="183" HEIGHT="43" CONTENT="konsten" WC="0.64" CC="0719006"/>
						<SP ID="P12_SP00264" HPOS="2396" VPOS="488" WIDTH="40"/>
						<String ID="P12_ST00313" HPOS="2436" VPOS="428" WIDTH="271" HEIGHT="58" CONTENT="päverkades" WC="0.89" CC="0000505000"/>
						<SP ID="P12_SP00265" HPOS="2707" VPOS="488" WIDTH="40"/>
						<String ID="P12_ST00314" HPOS="2747" VPOS="442" WIDTH="56" HEIGHT="30" CONTENT="av" WC="1.00" CC="00"/>
					</TextLine>
					<TextLine ID="P12_TL00050" HPOS="1580" VPOS="507" WIDTH="1222" HEIGHT="55">
						<String ID="P12_ST00315" HPOS="1580" VPOS="508" WIDTH="206" HEIGHT="46" CONTENT="Cezanne" WC="0.86" CC="0009000"/>
						<SP ID="P12_SP00266" HPOS="1786" VPOS="554" WIDTH="47"/>
						<String ID="P12_ST00316" HPOS="1833" VPOS="508" WIDTH="84" HEIGHT="46" CONTENT="och" WC="0.46" CC="726"/>
						<SP ID="P12_SP00267" HPOS="1917" VPOS="554" WIDTH="35"/>
						<String ID="P12_ST00317" HPOS="1952" VPOS="508" WIDTH="280" HEIGHT="44" CONTENT="kubisternas" WC="0.63" CC="04605659002"/>
						<SP ID="P12_SP00268" HPOS="2232" VPOS="554" WIDTH="49"/>
						<String ID="P12_ST00318" HPOS="2281" VPOS="507" WIDTH="365" HEIGHT="55" CONTENT="konstruktioner," WC="0.71" CC="076504007064001"/>
						<SP ID="P12_SP00269" HPOS="2646" VPOS="562" WIDTH="48"/>
						<String ID="P12_ST00319" HPOS="2694" VPOS="508" WIDTH="108" HEIGHT="42" CONTENT="utan" WC="0.86" CC="0004"/>
					</TextLine>
					<TextLine ID="P12_TL00051" HPOS="1579" VPOS="582" WIDTH="1220" HEIGHT="59">
						<String ID="P12_ST00320" HPOS="1579" VPOS="589" WIDTH="65" HEIGHT="42" CONTENT="att" WC="0.65" CC="531"/>
						<SP ID="P12_SP00270" HPOS="1644" VPOS="631" WIDTH="35"/>
						<String ID="P12_ST00321" HPOS="1679" VPOS="584" WIDTH="108" HEIGHT="47" CONTENT="dock" WC="0.85" CC="0600"/>
						<SP ID="P12_SP00271" HPOS="1787" VPOS="631" WIDTH="37"/>
						<String ID="P12_ST00322" HPOS="1824" VPOS="587" WIDTH="170" HEIGHT="43" CONTENT="förlora" WC="0.69" CC="6030505"/>
						<SP ID="P12_SP00272" HPOS="1994" VPOS="631" WIDTH="33"/>
						<String ID="P12_ST00323" HPOS="2027" VPOS="584" WIDTH="377" HEIGHT="57" CONTENT="sammanhanget" WC="0.81" CC="000901550000"/>
						<SP ID="P12_SP00273" HPOS="2404" VPOS="641" WIDTH="30"/>
						<String ID="P12_ST00324" HPOS="2434" VPOS="583" WIDTH="100" HEIGHT="45" CONTENT="med" WC="0.67" CC="900"/>
						<SP ID="P12_SP00274" HPOS="2534" VPOS="641" WIDTH="32"/>
						<String ID="P12_ST00325" HPOS="2566" VPOS="582" WIDTH="84" HEIGHT="46" CONTENT="den" WC="0.87" CC="003"/>
						<SP ID="P12_SP00275" HPOS="2650" VPOS="641" WIDTH="33"/>
						<String ID="P12_ST00326" HPOS="2683" VPOS="583" WIDTH="93" HEIGHT="45" CONTENT="sinn" SUBS_TYPE="HypPart1" SUBS_CONTENT="sinnligt" WC="0.88" CC="0600"/>
						<HYP HPOS="2776" VPOS="583" WIDTH="23" CONTENT="-"/>
					</TextLine>
					<TextLine ID="P12_TL00052" HPOS="1579" VPOS="658" WIDTH="1224" HEIGHT="61">
						<String ID="P12_ST00327" HPOS="1579" VPOS="664" WIDTH="84" HEIGHT="55" CONTENT="ligt" SUBS_TYPE="HypPart2" SUBS_CONTENT="sinnligt" WC="0.91" CC="3000"/>
						<SP ID="P12_SP00276" HPOS="1663" VPOS="719" WIDTH="25"/>
						<String ID="P12_ST00328" HPOS="1688" VPOS="660" WIDTH="264" HEIGHT="49" CONTENT="blodvarma" WC="0.88" CC="006000300"/>
						<SP ID="P12_SP00277" HPOS="1952" VPOS="719" WIDTH="28"/>
						<String ID="P12_ST00329" HPOS="1980" VPOS="662" WIDTH="286" HEIGHT="57" CONTENT="magyariska" WC="0.89" CC="0000040600"/>
						<SP ID="P12_SP00278" HPOS="2266" VPOS="719" WIDTH="28"/>
						<String ID="P12_ST00330" HPOS="2294" VPOS="659" WIDTH="155" HEIGHT="60" CONTENT="jorden" WC="0.78" CC="603020"/>
						<SP ID="P12_SP00279" HPOS="2449" VPOS="719" WIDTH="25"/>
						<String ID="P12_ST00331" HPOS="2474" VPOS="660" WIDTH="80" HEIGHT="45" CONTENT="och" WC="0.58" CC="416"/>
						<SP ID="P12_SP00280" HPOS="2554" VPOS="719" WIDTH="30"/>
						<String ID="P12_ST00332" HPOS="2584" VPOS="658" WIDTH="195" HEIGHT="47" CONTENT="desslivs" SUBS_TYPE="HypPart1" SUBS_CONTENT="desslivskraftiga" WC="0.81" CC="00091004"/>
						<HYP HPOS="2779" VPOS="658" WIDTH="24" CONTENT="-"/>
					</TextLine>
					<TextLine ID="P12_TL00053" HPOS="1576" VPOS="734" WIDTH="1226" HEIGHT="62">
						<String ID="P12_ST00333" HPOS="1576" VPOS="740" WIDTH="197" HEIGHT="56" CONTENT="kraftiga" SUBS_TYPE="HypPart2" SUBS_CONTENT="desslivskraftiga" WC="0.73" CC="94060000"/>
						<SP ID="P12_SP00281" HPOS="1773" VPOS="796" WIDTH="37"/>
						<String ID="P12_ST00334" HPOS="1810" VPOS="740" WIDTH="272" HEIGHT="56" CONTENT="befolkning." WC="0.69" CC="30735030170"/>
						<SP ID="P12_SP00282" HPOS="2082" VPOS="796" WIDTH="43"/>
						<String ID="P12_ST00335" HPOS="2125" VPOS="739" WIDTH="160" HEIGHT="44" CONTENT="Denna" WC="0.79" CC="60400"/>
						<SP ID="P12_SP00283" HPOS="2285" VPOS="796" WIDTH="42"/>
						<String ID="P12_ST00336" HPOS="2327" VPOS="738" WIDTH="184" HEIGHT="57" CONTENT="jämvikt" WC="0.89" CC="3000210"/>
						<SP ID="P12_SP00284" HPOS="2511" VPOS="796" WIDTH="36"/>
						<String ID="P12_ST00337" HPOS="2547" VPOS="738" WIDTH="165" HEIGHT="44" CONTENT="mellan" WC="0.83" CC="013500"/>
						<SP ID="P12_SP00285" HPOS="2712" VPOS="796" WIDTH="37"/>
						<String ID="P12_ST00338" HPOS="2749" VPOS="734" WIDTH="53" HEIGHT="46" CONTENT="de" WC="0.70" CC="05"/>
					</TextLine>
					<TextLine ID="P12_TL00054" HPOS="1579" VPOS="811" WIDTH="1223" HEIGHT="61">
						<String ID="P12_ST00339" HPOS="1579" VPOS="815" WIDTH="211" HEIGHT="46" CONTENT="förenade" WC="0.84" CC="60500000"/>
						<SP ID="P12_SP00286" HPOS="1790" VPOS="861" WIDTH="30"/>
						<String ID="P12_ST00340" HPOS="1820" VPOS="816" WIDTH="240" HEIGHT="56" CONTENT="organiska" WC="0.87" CC="030500002"/>
						<SP ID="P12_SP00287" HPOS="2060" VPOS="872" WIDTH="35"/>
						<String ID="P12_ST00341" HPOS="2095" VPOS="815" WIDTH="81" HEIGHT="45" CONTENT="och" WC="0.82" CC="500"/>
						<SP ID="P12_SP00288" HPOS="2176" VPOS="872" WIDTH="32"/>
						<String ID="P12_ST00342" HPOS="2208" VPOS="814" WIDTH="53" HEIGHT="44" CONTENT="de" WC="1.00" CC="00"/>
						<SP ID="P12_SP00289" HPOS="2261" VPOS="872" WIDTH="32"/>
						<String ID="P12_ST00343" HPOS="2293" VPOS="815" WIDTH="228" HEIGHT="45" CONTENT="abstrakta" WC="0.70" CC="560057020"/>
						<SP ID="P12_SP00290" HPOS="2521" VPOS="872" WIDTH="33"/>
						<String ID="P12_ST00344" HPOS="2554" VPOS="811" WIDTH="224" HEIGHT="47" CONTENT="tendenser" SUBS_TYPE="HypPart1" SUBS_CONTENT="tendenserna" WC="0.90" CC="000000603"/>
						<HYP HPOS="2778" VPOS="811" WIDTH="24" CONTENT="-"/>
					</TextLine>
					<TextLine ID="P12_TL00055" HPOS="1578" VPOS="891" WIDTH="1225" HEIGHT="59">
						<String ID="P12_ST00345" HPOS="1578" VPOS="908" WIDTH="59" HEIGHT="30" CONTENT="na" SUBS_TYPE="HypPart2" SUBS_CONTENT="tendenserna" WC="0.78" CC="40"/>
						<SP ID="P12_SP00291" HPOS="1637" VPOS="938" WIDTH="41"/>
						<String ID="P12_ST00346" HPOS="1678" VPOS="898" WIDTH="53" HEIGHT="40" CONTENT="är" WC="0.71" CC="05"/>
						<SP ID="P12_SP00292" HPOS="1731" VPOS="938" WIDTH="40"/>
						<String ID="P12_ST00347" HPOS="1771" VPOS="894" WIDTH="202" HEIGHT="44" CONTENT="kännbar" WC="0.98" CC="0000001"/>
						<SP ID="P12_SP00293" HPOS="1973" VPOS="938" WIDTH="40"/>
						<String ID="P12_ST00348" HPOS="2013" VPOS="895" WIDTH="14" HEIGHT="43" CONTENT="i" WC="1.00" CC="0"/>
						<SP ID="P12_SP00294" HPOS="2027" VPOS="938" WIDTH="40"/>
						<String ID="P12_ST00349" HPOS="2067" VPOS="893" WIDTH="240" HEIGHT="57" CONTENT="synnerhet" WC="0.87" CC="005400100"/>
						<SP ID="P12_SP00295" HPOS="2307" VPOS="950" WIDTH="37"/>
						<String ID="P12_ST00350" HPOS="2344" VPOS="891" WIDTH="83" HEIGHT="46" CONTENT="hos" WC="0.89" CC="030"/>
						<SP ID="P12_SP00296" HPOS="2427" VPOS="950" WIDTH="41"/>
						<String ID="P12_ST00351" HPOS="2468" VPOS="891" WIDTH="202" HEIGHT="56" CONTENT="Tlhanyi," WC="0.73" CC="25105050" STYLEREFS="TXT_3"/>
						<SP ID="P12_SP00297" HPOS="2670" VPOS="950" WIDTH="37"/>
						<String ID="P12_ST00352" HPOS="2707" VPOS="904" WIDTH="96" HEIGHT="32" CONTENT="som" WC="0.34" CC="666"/>
					</TextLine>
					<TextLine ID="P12_TL00056" HPOS="1578" VPOS="966" WIDTH="1225" HEIGHT="57">
						<String ID="P12_ST00353" HPOS="1578" VPOS="984" WIDTH="104" HEIGHT="31" CONTENT="man" WC="1.00" CC="000"/>
						<SP ID="P12_SP00298" HPOS="1682" VPOS="1015" WIDTH="38"/>
						<String ID="P12_ST00354" HPOS="1720" VPOS="970" WIDTH="140" HEIGHT="45" CONTENT="mäste" WC="0.76" CC="00704"/>
						<SP ID="P12_SP00299" HPOS="1860" VPOS="1015" WIDTH="35"/>
						<String ID="P12_ST00355" HPOS="1895" VPOS="982" WIDTH="109" HEIGHT="33" CONTENT="anse" WC="0.66" CC="6006"/>
						<SP ID="P12_SP00300" HPOS="2004" VPOS="1015" WIDTH="35"/>
						<String ID="P12_ST00356" HPOS="2039" VPOS="970" WIDTH="71" HEIGHT="43" CONTENT="för" WC="0.96" CC="504"/>
						<SP ID="P12_SP00301" HPOS="2110" VPOS="1015" WIDTH="35"/>
						<String ID="P12_ST00357" HPOS="2145" VPOS="966" WIDTH="83" HEIGHT="47" CONTENT="den" WC="1.00" CC="000"/>
						<SP ID="P12_SP00302" HPOS="2228" VPOS="1015" WIDTH="33"/>
						<String ID="P12_ST00358" HPOS="2261" VPOS="966" WIDTH="309" HEIGHT="57" CONTENT="banbrytande" WC="0.71" CC="50046045004"/>
						<SP ID="P12_SP00303" HPOS="2570" VPOS="1023" WIDTH="33"/>
						<String ID="P12_ST00359" HPOS="2603" VPOS="968" WIDTH="200" HEIGHT="44" CONTENT="mälaren" WC="0.61" CC="4900606"/>
					</TextLine>
					<TextLine ID="P12_TL00057" HPOS="1578" VPOS="1045" WIDTH="1225" HEIGHT="58">
						<String ID="P12_ST00360" HPOS="1578" VPOS="1045" WIDTH="132" HEIGHT="48" CONTENT="iden" WC="1.00" CC="0000"/>
						<SP ID="P12_SP00304" HPOS="1710" VPOS="1093" WIDTH="38"/>
						<String ID="P12_ST00361" HPOS="1748" VPOS="1046" WIDTH="223" HEIGHT="57" CONTENT="ungerska" WC="0.75" CC="02003705"/>
						<SP ID="P12_SP00305" HPOS="1971" VPOS="1103" WIDTH="40"/>
						<String ID="P12_ST00362" HPOS="2011" VPOS="1046" WIDTH="294" HEIGHT="56" CONTENT="avvikningen" WC="0.83" CC="00000100907"/>
						<SP ID="P12_SP00306" HPOS="2305" VPOS="1103" WIDTH="39"/>
						<String ID="P12_ST00363" HPOS="2344" VPOS="1045" WIDTH="104" HEIGHT="45" CONTENT="frän" WC="0.54" CC="7406"/>
						<SP ID="P12_SP00307" HPOS="2448" VPOS="1103" WIDTH="35"/>
						<String ID="P12_ST00364" HPOS="2483" VPOS="1045" WIDTH="296" HEIGHT="56" CONTENT="impressionis" SUBS_TYPE="HypPart1" SUBS_CONTENT="impressionismen." WC="0.75" CC="000037083009"/>
						<HYP HPOS="2779" VPOS="1045" WIDTH="24" CONTENT="-"/>
					</TextLine>
					<TextLine ID="P12_TL00058" HPOS="1576" VPOS="1119" WIDTH="1227" HEIGHT="61">
						<String ID="P12_ST00365" HPOS="1576" VPOS="1139" WIDTH="112" HEIGHT="31" CONTENT="men." SUBS_TYPE="HypPart2" SUBS_CONTENT="impressionismen." WC="0.94" CC="2000"/>
						<SP ID="P12_SP00308" HPOS="1688" VPOS="1170" WIDTH="50"/>
						<String ID="P12_ST00366" HPOS="1738" VPOS="1124" WIDTH="132" HEIGHT="46" CONTENT="Hans" WC="0.97" CC="5401"/>
						<SP ID="P12_SP00309" HPOS="1870" VPOS="1170" WIDTH="30"/>
						<String ID="P12_ST00367" HPOS="1900" VPOS="1125" WIDTH="130" HEIGHT="45" CONTENT="konst" WC="0.89" CC="05000"/>
						<SP ID="P12_SP00310" HPOS="2030" VPOS="1170" WIDTH="30"/>
						<String ID="P12_ST00368" HPOS="2060" VPOS="1121" WIDTH="212" HEIGHT="47" CONTENT="bemödar" WC="0.95" CC="0000003"/>
						<SP ID="P12_SP00311" HPOS="2272" VPOS="1170" WIDTH="31"/>
						<String ID="P12_ST00369" HPOS="2303" VPOS="1124" WIDTH="72" HEIGHT="56" CONTENT="sig" WC="1.00" CC="000"/>
						<SP ID="P12_SP00312" HPOS="2375" VPOS="1180" WIDTH="33"/>
						<String ID="P12_ST00370" HPOS="2408" VPOS="1123" WIDTH="83" HEIGHT="44" CONTENT="alit" WC="0.98" CC="0250"/>
						<SP ID="P12_SP00313" HPOS="2491" VPOS="1180" WIDTH="33"/>
						<String ID="P12_ST00371" HPOS="2524" VPOS="1119" WIDTH="279" HEIGHT="47" CONTENT="fortfarande" WC="0.74" CC="61107050005"/>
					</TextLine>
					<TextLine ID="P12_TL00059" HPOS="1578" VPOS="1197" WIDTH="1225" HEIGHT="59">
						<String ID="P12_ST00372" HPOS="1578" VPOS="1215" WIDTH="73" HEIGHT="32" CONTENT="omi" WC="0.92" CC="758"/>
						<SP ID="P12_SP00314" HPOS="1651" VPOS="1247" WIDTH="30"/>
						<String ID="P12_ST00373" HPOS="1681" VPOS="1200" WIDTH="73" HEIGHT="47" CONTENT="det" WC="1.00" CC="000"/>
						<SP ID="P12_SP00315" HPOS="1754" VPOS="1247" WIDTH="27"/>
						<String ID="P12_ST00374" HPOS="1781" VPOS="1201" WIDTH="217" HEIGHT="46" CONTENT="struktiva" WC="0.89" CC="540000000"/>
						<SP ID="P12_SP00316" HPOS="1998" VPOS="1247" WIDTH="34"/>
						<String ID="P12_ST00375" HPOS="2032" VPOS="1199" WIDTH="221" HEIGHT="47" CONTENT="fattandet" WC="0.92" CC="600000000"/>
						<SP ID="P12_SP00317" HPOS="2253" VPOS="1247" WIDTH="30"/>
						<String ID="P12_ST00376" HPOS="2283" VPOS="1213" WIDTH="55" HEIGHT="31" CONTENT="av" WC="1.00" CC="00"/>
						<SP ID="P12_SP00318" HPOS="2338" VPOS="1247" WIDTH="30"/>
						<String ID="P12_ST00377" HPOS="2368" VPOS="1200" WIDTH="172" HEIGHT="56" CONTENT="tingen:" WC="0.70" CC="0008056"/>
						<SP ID="P12_SP00319" HPOS="2540" VPOS="1256" WIDTH="35"/>
						<String ID="P12_ST00378" HPOS="2575" VPOS="1197" WIDTH="228" HEIGHT="45" CONTENT="Naturens" WC="0.74" CC="03056005"/>
					</TextLine>
					<TextLine ID="P12_TL00060" HPOS="1575" VPOS="1275" WIDTH="1228" HEIGHT="60">
						<String ID="P12_ST00379" HPOS="1575" VPOS="1281" WIDTH="150" HEIGHT="42" CONTENT="väsen." WC="0.74" CC="770000"/>
						<SP ID="P12_SP00320" HPOS="1725" VPOS="1323" WIDTH="48"/>
						<String ID="P12_ST00380" HPOS="1773" VPOS="1277" WIDTH="101" HEIGHT="46" CONTENT="Den" WC="0.98" CC="320"/>
						<SP ID="P12_SP00321" HPOS="1874" VPOS="1323" WIDTH="25"/>
						<String ID="P12_ST00381" HPOS="1899" VPOS="1279" WIDTH="97" HEIGHT="44" CONTENT="stär" WC="0.36" CC="6774"/>
						<SP ID="P12_SP00322" HPOS="1996" VPOS="1323" WIDTH="29"/>
						<String ID="P12_ST00382" HPOS="2025" VPOS="1277" WIDTH="59" HEIGHT="58" CONTENT="pä" WC="1.00" CC="00"/>
						<SP ID="P12_SP00323" HPOS="2084" VPOS="1335" WIDTH="26"/>
						<String ID="P12_ST00383" HPOS="2110" VPOS="1275" WIDTH="133" HEIGHT="47" CONTENT="sidan" WC="0.90" CC="03010"/>
						<SP ID="P12_SP00324" HPOS="2243" VPOS="1335" WIDTH="27"/>
						<String ID="P12_ST00384" HPOS="2270" VPOS="1289" WIDTH="57" HEIGHT="32" CONTENT="av" WC="1.00" CC="00"/>
						<SP ID="P12_SP00325" HPOS="2327" VPOS="1335" WIDTH="27"/>
						<String ID="P12_ST00385" HPOS="2354" VPOS="1277" WIDTH="91" HEIGHT="44" CONTENT="alla" WC="0.98" CC="0511"/>
						<SP ID="P12_SP00326" HPOS="2445" VPOS="1335" WIDTH="31"/>
						<String ID="P12_ST00386" HPOS="2476" VPOS="1275" WIDTH="221" HEIGHT="57" CONTENT="politiska," WC="0.72" CC="0744026002"/>
						<SP ID="P12_SP00327" HPOS="2697" VPOS="1335" WIDTH="30"/>
						<String ID="P12_ST00387" HPOS="2727" VPOS="1288" WIDTH="76" HEIGHT="30" CONTENT="ras" WC="0.82" CC="500"/>
					</TextLine>
					<TextLine ID="P12_TL00061" HPOS="1576" VPOS="1351" WIDTH="1227" HEIGHT="60">
						<String ID="P12_ST00388" HPOS="1576" VPOS="1355" WIDTH="82" HEIGHT="46" CONTENT="och" WC="0.89" CC="003"/>
						<SP ID="P12_SP00328" HPOS="1658" VPOS="1401" WIDTH="26"/>
						<String ID="P12_ST00389" HPOS="1684" VPOS="1351" WIDTH="700" HEIGHT="60" CONTENT="världsäskädnings-tendenser." WC="0.83" CC="003500900800100013030020400"/>
						<SP ID="P12_SP00329" HPOS="2384" VPOS="1411" WIDTH="31"/>
						<String ID="P12_ST00390" HPOS="2415" VPOS="1352" WIDTH="87" HEIGHT="46" CONTENT="Det" WC="0.99" CC="300"/>
						<SP ID="P12_SP00330" HPOS="2502" VPOS="1411" WIDTH="28"/>
						<String ID="P12_ST00391" HPOS="2530" VPOS="1355" WIDTH="52" HEIGHT="42" CONTENT="är" WC="0.68" CC="06"/>
						<SP ID="P12_SP00331" HPOS="2582" VPOS="1411" WIDTH="29"/>
						<String ID="P12_ST00392" HPOS="2611" VPOS="1364" WIDTH="121" HEIGHT="32" CONTENT="mera" WC="0.89" CC="0040"/>
						<SP ID="P12_SP00332" HPOS="2732" VPOS="1411" WIDTH="18"/>
						<String ID="P12_ST00393" HPOS="2750" VPOS="1364" WIDTH="53" HEIGHT="30" CONTENT="en" WC="1.00" CC="00"/>
					</TextLine>
					<TextLine ID="P12_TL00062" HPOS="1576" VPOS="1426" WIDTH="1226" HEIGHT="62">
						<String ID="P12_ST00394" HPOS="1576" VPOS="1432" WIDTH="75" HEIGHT="46" CONTENT="akt" WC="0.66" CC="702"/>
						<SP ID="P12_SP00333" HPOS="1651" VPOS="1478" WIDTH="30"/>
						<String ID="P12_ST00395" HPOS="1681" VPOS="1446" WIDTH="55" HEIGHT="31" CONTENT="av" WC="1.00" CC="00"/>
						<SP ID="P12_SP00334" HPOS="1736" VPOS="1478" WIDTH="31"/>
						<String ID="P12_ST00396" HPOS="1767" VPOS="1430" WIDTH="255" HEIGHT="47" CONTENT="förstäende" WC="0.86" CC="7060000000"/>
						<SP ID="P12_SP00335" HPOS="2022" VPOS="1478" WIDTH="31"/>
						<String ID="P12_ST00397" HPOS="2053" VPOS="1435" WIDTH="59" HEIGHT="42" CONTENT="än" WC="1.00" CC="00"/>
						<SP ID="P12_SP00336" HPOS="2112" VPOS="1478" WIDTH="31"/>
						<String ID="P12_ST00398" HPOS="2143" VPOS="1431" WIDTH="212" HEIGHT="57" CONTENT="gärning." WC="0.95" CC="00102000"/>
						<SP ID="P12_SP00337" HPOS="2355" VPOS="1488" WIDTH="122"/>
						<String ID="P12_ST00399" HPOS="2477" VPOS="1427" WIDTH="166" HEIGHT="47" CONTENT="Andan" WC="0.77" CC="05005"/>
						<SP ID="P12_SP00338" HPOS="2643" VPOS="1488" WIDTH="29"/>
						<String ID="P12_ST00400" HPOS="2672" VPOS="1426" WIDTH="130" HEIGHT="47" CONTENT="iden" WC="0.83" CC="1005"/>
					</TextLine>
					<TextLine ID="P12_TL00063" HPOS="1574" VPOS="1505" WIDTH="1229" HEIGHT="58">
						<String ID="P12_ST00401" HPOS="1574" VPOS="1507" WIDTH="213" HEIGHT="47" CONTENT="moderna" WC="0.75" CC="1900320"/>
						<SP ID="P12_SP00339" HPOS="1787" VPOS="1554" WIDTH="32"/>
						<String ID="P12_ST00402" HPOS="1819" VPOS="1509" WIDTH="321" HEIGHT="45" CONTENT="civilisationen" WC="0.92" CC="00010000000009"/>
						<SP ID="P12_SP00340" HPOS="2140" VPOS="1554" WIDTH="37"/>
						<String ID="P12_ST00403" HPOS="2177" VPOS="1507" WIDTH="175" HEIGHT="56" CONTENT="(teknik," WC="0.92" CC="00400001"/>
						<SP ID="P12_SP00341" HPOS="2352" VPOS="1563" WIDTH="33"/>
						<String ID="P12_ST00404" HPOS="2385" VPOS="1505" WIDTH="205" HEIGHT="58" CONTENT="industri," WC="0.84" CC="050200500"/>
						<SP ID="P12_SP00342" HPOS="2590" VPOS="1563" WIDTH="33"/>
						<String ID="P12_ST00405" HPOS="2623" VPOS="1506" WIDTH="155" HEIGHT="56" CONTENT="organi" SUBS_TYPE="HypPart1" SUBS_CONTENT="organisation)" WC="0.86" CC="700020"/>
						<HYP HPOS="2778" VPOS="1506" WIDTH="25" CONTENT="-"/>
					</TextLine>
					<TextLine ID="P12_TL00064" HPOS="1574" VPOS="1581" WIDTH="1229" HEIGHT="60">
						<String ID="P12_ST00406" HPOS="1574" VPOS="1587" WIDTH="169" HEIGHT="54" CONTENT="sation)" SUBS_TYPE="HypPart2" SUBS_CONTENT="organisation)" WC="0.74" CC="0900700"/>
						<SP ID="P12_SP00343" HPOS="1743" VPOS="1641" WIDTH="37"/>
						<String ID="P12_ST00407" HPOS="1780" VPOS="1587" WIDTH="71" HEIGHT="44" CONTENT="för" WC="0.96" CC="506"/>
						<SP ID="P12_SP00344" HPOS="1851" VPOS="1641" WIDTH="31"/>
						<String ID="P12_ST00408" HPOS="1882" VPOS="1587" WIDTH="68" HEIGHT="44" CONTENT="tili" WC="0.98" CC="4030"/>
						<SP ID="P12_SP00345" HPOS="1950" VPOS="1641" WIDTH="30"/>
						<String ID="P12_ST00409" HPOS="1980" VPOS="1600" WIDTH="107" HEIGHT="31" CONTENT="rena" WC="0.78" CC="6020"/>
						<SP ID="P12_SP00346" HPOS="2087" VPOS="1641" WIDTH="33"/>
						<String ID="P12_ST00410" HPOS="2120" VPOS="1585" WIDTH="229" HEIGHT="46" CONTENT="abstrakta" WC="0.76" CC="640603000"/>
						<SP ID="P12_SP00347" HPOS="2349" VPOS="1641" WIDTH="33"/>
						<String ID="P12_ST00411" HPOS="2382" VPOS="1586" WIDTH="97" HEIGHT="55" CONTENT="ytor" WC="0.83" CC="0042"/>
						<SP ID="P12_SP00348" HPOS="2479" VPOS="1641" WIDTH="31"/>
						<String ID="P12_ST00412" HPOS="2510" VPOS="1584" WIDTH="81" HEIGHT="45" CONTENT="och" WC="0.73" CC="700"/>
						<SP ID="P12_SP00349" HPOS="2591" VPOS="1641" WIDTH="32"/>
						<String ID="P12_ST00413" HPOS="2623" VPOS="1581" WIDTH="180" HEIGHT="46" CONTENT="fordrar" WC="0.60" CC="6710605"/>
					</TextLine>
					<TextLine ID="P12_TL00065" HPOS="1571" VPOS="1657" WIDTH="1231" HEIGHT="62">
						<String ID="P12_ST00414" HPOS="1571" VPOS="1676" WIDTH="56" HEIGHT="32" CONTENT="en" WC="0.80" CC="40"/>
						<SP ID="P12_SP00350" HPOS="1627" VPOS="1708" WIDTH="35"/>
						<String ID="P12_ST00415" HPOS="1662" VPOS="1664" WIDTH="271" HEIGHT="55" CONTENT="fullkomligt" WC="0.72" CC="50000715090"/>
						<SP ID="P12_SP00351" HPOS="1933" VPOS="1719" WIDTH="30"/>
						<String ID="P12_ST00416" HPOS="1963" VPOS="1658" WIDTH="419" HEIGHT="61" CONTENT="genomträngande" WC="0.68" CC="93130750290000"/>
						<SP ID="P12_SP00352" HPOS="2382" VPOS="1719" WIDTH="30"/>
						<String ID="P12_ST00417" HPOS="2412" VPOS="1660" WIDTH="80" HEIGHT="45" CONTENT="och" WC="1.00" CC="000"/>
						<SP ID="P12_SP00353" HPOS="2492" VPOS="1719" WIDTH="36"/>
						<String ID="P12_ST00418" HPOS="2528" VPOS="1657" WIDTH="274" HEIGHT="47" CONTENT="omfattande" WC="0.87" CC="3081000000"/>
					</TextLine>
					<TextLine ID="P12_TL00066" HPOS="1573" VPOS="1736" WIDTH="1229" HEIGHT="61">
						<String ID="P12_ST00419" HPOS="1573" VPOS="1738" WIDTH="428" HEIGHT="59" CONTENT="sammanbindning" WC="0.83" CC="04005460200000"/>
						<SP ID="P12_SP00354" HPOS="2001" VPOS="1797" WIDTH="67"/>
						<String ID="P12_ST00420" HPOS="2068" VPOS="1752" WIDTH="160" HEIGHT="44" CONTENT="genom" WC="1.00" CC="00000"/>
						<SP ID="P12_SP00355" HPOS="2228" VPOS="1797" WIDTH="67"/>
						<String ID="P12_ST00421" HPOS="2295" VPOS="1737" WIDTH="316" HEIGHT="46" CONTENT="konstruktion," WC="1.00" CC="0030002000070"/>
						<SP ID="P12_SP00356" HPOS="2611" VPOS="1797" WIDTH="74"/>
						<String ID="P12_ST00422" HPOS="2685" VPOS="1736" WIDTH="117" HEIGHT="52" CONTENT="öitz," WC="0.73" CC="76000" STYLEREFS="TXT_3"/>
					</TextLine>
					<TextLine ID="P12_TL00067" HPOS="1576" VPOS="1813" WIDTH="1226" HEIGHT="60">
						<String ID="P12_ST00423" HPOS="1576" VPOS="1816" WIDTH="196" HEIGHT="46" CONTENT="därefter" WC="0.71" CC="00207263"/>
						<SP ID="P12_SP00357" HPOS="1772" VPOS="1862" WIDTH="53"/>
						<String ID="P12_ST00424" HPOS="1825" VPOS="1816" WIDTH="228" HEIGHT="57" CONTENT="Bortnyik," WC="0.91" CC="000511000" STYLEREFS="TXT_3"/>
						<SP ID="P12_SP00358" HPOS="2053" VPOS="1873" WIDTH="38"/>
						<String ID="P12_ST00425" HPOS="2091" VPOS="1816" WIDTH="81" HEIGHT="46" CONTENT="och" WC="0.69" CC="260"/>
						<SP ID="P12_SP00359" HPOS="2172" VPOS="1873" WIDTH="41"/>
						<String ID="P12_ST00426" HPOS="2213" VPOS="1817" WIDTH="153" HEIGHT="43" CONTENT="senast" WC="0.90" CC="050000"/>
						<SP ID="P12_SP00360" HPOS="2366" VPOS="1873" WIDTH="52"/>
						<String ID="P12_ST00427" HPOS="2418" VPOS="1813" WIDTH="84" HEIGHT="46" CONTENT="den" WC="0.86" CC="004"/>
						<SP ID="P12_SP00361" HPOS="2502" VPOS="1873" WIDTH="54"/>
						<String ID="P12_ST00428" HPOS="2556" VPOS="1817" WIDTH="114" HEIGHT="42" CONTENT="även" WC="0.93" CC="0020"/>
						<SP ID="P12_SP00362" HPOS="2670" VPOS="1873" WIDTH="37"/>
						<String ID="P12_ST00429" HPOS="2707" VPOS="1826" WIDTH="95" HEIGHT="32" CONTENT="som" WC="0.67" CC="090"/>
					</TextLine>
					<TextLine ID="P12_TL00068" HPOS="1575" VPOS="1891" WIDTH="1227" HEIGHT="56">
						<String ID="P12_ST00430" HPOS="1575" VPOS="1893" WIDTH="131" HEIGHT="47" CONTENT="skald" WC="0.99" CC="00000"/>
						<SP ID="P12_SP00363" HPOS="1706" VPOS="1940" WIDTH="51"/>
						<String ID="P12_ST00431" HPOS="1757" VPOS="1895" WIDTH="84" HEIGHT="45" CONTENT="och" WC="1.00" CC="000"/>
						<SP ID="P12_SP00364" HPOS="1841" VPOS="1940" WIDTH="54"/>
						<String ID="P12_ST00432" HPOS="1895" VPOS="1895" WIDTH="320" HEIGHT="44" CONTENT="skriftställare" WC="0.76" CC="00567000033050"/>
						<SP ID="P12_SP00365" HPOS="2215" VPOS="1940" WIDTH="55"/>
						<String ID="P12_ST00433" HPOS="2270" VPOS="1891" WIDTH="147" HEIGHT="47" CONTENT="kända" WC="0.90" CC="00103"/>
						<SP ID="P12_SP00366" HPOS="2417" VPOS="1940" WIDTH="57"/>
						<String ID="P12_ST00434" HPOS="2474" VPOS="1891" WIDTH="193" HEIGHT="56" CONTENT="Kossäk," WC="0.64" CC="8701312" STYLEREFS="TXT_3"/>
						<SP ID="P12_SP00367" HPOS="2667" VPOS="1947" WIDTH="37"/>
						<String ID="P12_ST00435" HPOS="2704" VPOS="1904" WIDTH="98" HEIGHT="33" CONTENT="men" WC="0.77" CC="006"/>
					</TextLine>
					<TextLine ID="P12_TL00069" HPOS="1576" VPOS="1966" WIDTH="1225" HEIGHT="61">
						<String ID="P12_ST00436" HPOS="1576" VPOS="1972" WIDTH="191" HEIGHT="45" CONTENT="framför" WC="0.60" CC="7630703"/>
						<SP ID="P12_SP00368" HPOS="1767" VPOS="2017" WIDTH="41"/>
						<String ID="P12_ST00437" HPOS="1808" VPOS="1972" WIDTH="81" HEIGHT="45" CONTENT="alit" WC="0.99" CC="0040"/>
						<SP ID="P12_SP00369" HPOS="1889" VPOS="2017" WIDTH="39"/>
						<String ID="P12_ST00438" HPOS="1928" VPOS="1970" WIDTH="362" HEIGHT="57" CONTENT="Moholy-Nagy," WC="0.75" CC="520450300800" STYLEREFS="TXT_3"/>
						<SP ID="P12_SP00370" HPOS="2290" VPOS="2027" WIDTH="40"/>
						<String ID="P12_ST00439" HPOS="2330" VPOS="1970" WIDTH="142" HEIGHT="44" CONTENT="vilken" WC="0.80" CC="004007"/>
						<SP ID="P12_SP00371" HPOS="2472" VPOS="2027" WIDTH="43"/>
						<String ID="P12_ST00440" HPOS="2515" VPOS="1971" WIDTH="165" HEIGHT="42" CONTENT="omsatt" WC="0.73" CC="005440"/>
						<SP ID="P12_SP00372" HPOS="2680" VPOS="2027" WIDTH="38"/>
						<String ID="P12_ST00441" HPOS="2718" VPOS="1966" WIDTH="83" HEIGHT="46" CONTENT="den" WC="0.76" CC="007"/>
					</TextLine>
					<TextLine ID="P12_TL00070" HPOS="1574" VPOS="2046" WIDTH="1228" HEIGHT="61">
						<String ID="P12_ST00442" HPOS="1574" VPOS="2050" WIDTH="197" HEIGHT="57" CONTENT="västliga" WC="0.98" CC="00001000"/>
						<SP ID="P12_SP00373" HPOS="1771" VPOS="2107" WIDTH="25"/>
						<String ID="P12_ST00443" HPOS="1796" VPOS="2048" WIDTH="230" HEIGHT="46" CONTENT="kulturens" WC="0.92" CC="003020000"/>
						<SP ID="P12_SP00374" HPOS="2026" VPOS="2107" WIDTH="25"/>
						<String ID="P12_ST00444" HPOS="2051" VPOS="2046" WIDTH="276" HEIGHT="47" CONTENT="dadaistiska" WC="0.80" CC="00000606404"/>
						<SP ID="P12_SP00375" HPOS="2327" VPOS="2107" WIDTH="25"/>
						<String ID="P12_ST00445" HPOS="2352" VPOS="2047" WIDTH="332" HEIGHT="57" CONTENT="päverkningar" WC="0.75" CC="000154605004"/>
						<SP ID="P12_SP00376" HPOS="2684" VPOS="2107" WIDTH="23"/>
						<String ID="P12_ST00446" HPOS="2707" VPOS="2047" WIDTH="15" HEIGHT="43" CONTENT="i" WC="0.98" CC="0"/>
						<SP ID="P12_SP00377" HPOS="2722" VPOS="2107" WIDTH="15"/>
						<String ID="P12_ST00447" HPOS="2737" VPOS="2059" WIDTH="44" HEIGHT="31" CONTENT="se" SUBS_TYPE="HypPart1" SUBS_CONTENT="segerrikt" WC="0.98" CC="00"/>
						<HYP HPOS="2781" VPOS="2059" WIDTH="21" CONTENT="-"/>
					</TextLine>
					<TextLine ID="P12_TL00071" HPOS="1575" VPOS="2122" WIDTH="1228" HEIGHT="61">
						<String ID="P12_ST00448" HPOS="1575" VPOS="2127" WIDTH="168" HEIGHT="56" CONTENT="gerrikt" SUBS_TYPE="HypPart2" SUBS_CONTENT="segerrikt" WC="0.77" CC="0605004"/>
						<SP ID="P12_SP00378" HPOS="1743" VPOS="2183" WIDTH="66"/>
						<String ID="P12_ST00449" HPOS="1809" VPOS="2123" WIDTH="245" HEIGHT="60" CONTENT="strälande," WC="0.83" CC="0050131003"/>
						<SP ID="P12_SP00379" HPOS="2054" VPOS="2183" WIDTH="67"/>
						<String ID="P12_ST00450" HPOS="2121" VPOS="2122" WIDTH="513" HEIGHT="58" CONTENT="monumentalhöjande," WC="0.80" CC="870500000600410000"/>
						<SP ID="P12_SP00380" HPOS="2634" VPOS="2183" WIDTH="70"/>
						<String ID="P12_ST00451" HPOS="2704" VPOS="2136" WIDTH="99" HEIGHT="32" CONTENT="men" WC="1.00" CC="000"/>
					</TextLine>
					<TextLine ID="P12_TL00072" HPOS="1576" VPOS="2197" WIDTH="1227" HEIGHT="62">
						<String ID="P12_ST00452" HPOS="1576" VPOS="2207" WIDTH="112" HEIGHT="42" CONTENT="även" WC="1.00" CC="0000"/>
						<SP ID="P12_SP00381" HPOS="1688" VPOS="2249" WIDTH="50"/>
						<String ID="P12_ST00453" HPOS="1738" VPOS="2203" WIDTH="199" HEIGHT="46" CONTENT="lättfotat" WC="0.86" CC="000074000"/>
						<SP ID="P12_SP00382" HPOS="1937" VPOS="2249" WIDTH="45"/>
						<String ID="P12_ST00454" HPOS="1982" VPOS="2201" WIDTH="245" HEIGHT="58" CONTENT="dansande," WC="0.90" CC="000302003"/>
						<SP ID="P12_SP00383" HPOS="2227" VPOS="2259" WIDTH="45"/>
						<String ID="P12_ST00455" HPOS="2272" VPOS="2199" WIDTH="242" HEIGHT="59" CONTENT="svävande," WC="0.82" CC="200005034"/>
						<SP ID="P12_SP00384" HPOS="2514" VPOS="2259" WIDTH="43"/>
						<String ID="P12_ST00456" HPOS="2557" VPOS="2197" WIDTH="246" HEIGHT="61" CONTENT="bejakande" WC="0.78" CC="402306200"/>
					</TextLine>
					<TextLine ID="P12_TL00073" HPOS="1575" VPOS="2279" WIDTH="400" HEIGHT="46">
						<String ID="P12_ST00457" HPOS="1575" VPOS="2279" WIDTH="188" HEIGHT="46" CONTENT="skönhet" WC="0.78" CC="0090500"/>
						<SP ID="P12_SP00385" HPOS="1763" VPOS="2325" WIDTH="28"/>
						<String ID="P12_ST00458" HPOS="1791" VPOS="2279" WIDTH="81" HEIGHT="46" CONTENT="och" WC="0.82" CC="040"/>
						<SP ID="P12_SP00386" HPOS="1872" VPOS="2325" WIDTH="32"/>
						<String ID="P12_ST00459" HPOS="1904" VPOS="2281" WIDTH="71" HEIGHT="43" CONTENT="liv." WC="0.99" CC="1003"/>
					</TextLine>
					<TextLine ID="P12_TL00074" HPOS="1634" VPOS="2352" WIDTH="1168" HEIGHT="62">
						<String ID="P12_ST00460" HPOS="1634" VPOS="2356" WIDTH="101" HEIGHT="47" CONTENT="När" WC="0.88" CC="003"/>
						<SP ID="P12_SP00387" HPOS="1735" VPOS="2403" WIDTH="28"/>
						<String ID="P12_ST00461" HPOS="1763" VPOS="2360" WIDTH="147" HEIGHT="54" CONTENT="vägen" WC="0.97" CC="00010"/>
						<SP ID="P12_SP00388" HPOS="1910" VPOS="2414" WIDTH="32"/>
						<String ID="P12_ST00462" HPOS="1942" VPOS="2370" WIDTH="92" HEIGHT="44" CONTENT="upp" WC="0.90" CC="300"/>
						<SP ID="P12_SP00389" HPOS="2034" VPOS="2414" WIDTH="34"/>
						<String ID="P12_ST00463" HPOS="2068" VPOS="2357" WIDTH="66" HEIGHT="44" CONTENT="tili" WC="0.98" CC="0640"/>
						<SP ID="P12_SP00390" HPOS="2134" VPOS="2414" WIDTH="32"/>
						<String ID="P12_ST00464" HPOS="2166" VPOS="2353" WIDTH="324" HEIGHT="48" CONTENT="brödralandet" WC="0.74" CC="650035233000"/>
						<SP ID="P12_SP00391" HPOS="2490" VPOS="2414" WIDTH="29"/>
						<String ID="P12_ST00465" HPOS="2519" VPOS="2352" WIDTH="194" HEIGHT="47" CONTENT="Finland" WC="0.99" CC="2050160"/>
						<SP ID="P12_SP00392" HPOS="2713" VPOS="2414" WIDTH="28"/>
						<String ID="P12_ST00466" HPOS="2741" VPOS="2365" WIDTH="61" HEIGHT="34" CONTENT="tiu" WC="0.94" CC="841"/>
					</TextLine>
					<TextLine ID="P12_TL00075" HPOS="1575" VPOS="2433" WIDTH="1227" HEIGHT="57">
						<String ID="P12_ST00467" HPOS="1575" VPOS="2437" WIDTH="99" HEIGHT="43" CONTENT="sent" WC="0.86" CC="0050"/>
						<SP ID="P12_SP00393" HPOS="1674" VPOS="2480" WIDTH="33"/>
						<String ID="P12_ST00468" HPOS="1707" VPOS="2433" WIDTH="189" HEIGHT="47" CONTENT="omsider" WC="0.80" CC="0064002"/>
						<SP ID="P12_SP00394" HPOS="1896" VPOS="2480" WIDTH="32"/>
						<String ID="P12_ST00469" HPOS="1928" VPOS="2434" WIDTH="127" HEIGHT="46" CONTENT="blivit" WC="0.74" CC="605003"/>
						<SP ID="P12_SP00395" HPOS="2055" VPOS="2480" WIDTH="50"/>
						<String ID="P12_ST00470" HPOS="2105" VPOS="2433" WIDTH="180" HEIGHT="57" CONTENT="funnen," WC="0.65" CC="4644040"/>
						<SP ID="P12_SP00396" HPOS="2285" VPOS="2490" WIDTH="36"/>
						<String ID="P12_ST00471" HPOS="2321" VPOS="2433" WIDTH="125" HEIGHT="45" CONTENT="skola" WC="0.80" CC="00630"/>
						<SP ID="P12_SP00397" HPOS="2446" VPOS="2490" WIDTH="35"/>
						<String ID="P12_ST00472" HPOS="2481" VPOS="2434" WIDTH="43" HEIGHT="44" CONTENT="vi" WC="1.00" CC="00"/>
						<SP ID="P12_SP00398" HPOS="2524" VPOS="2490" WIDTH="35"/>
						<String ID="P12_ST00473" HPOS="2559" VPOS="2433" WIDTH="74" HEIGHT="46" CONTENT="väl" WC="0.80" CC="005"/>
						<SP ID="P12_SP00399" HPOS="2633" VPOS="2490" WIDTH="36"/>
						<String ID="P12_ST00474" HPOS="2669" VPOS="2433" WIDTH="133" HEIGHT="43" CONTENT="nästa" WC="1.00" CC="00000"/>
					</TextLine>
					<TextLine ID="P12_TL00076" HPOS="1575" VPOS="2507" WIDTH="1228" HEIGHT="62">
						<String ID="P12_ST00475" HPOS="1575" VPOS="2512" WIDTH="128" HEIGHT="57" CONTENT="gäng" WC="0.25" CC="9909"/>
						<SP ID="P12_SP00400" HPOS="1703" VPOS="2569" WIDTH="36"/>
						<String ID="P12_ST00476" HPOS="1739" VPOS="2512" WIDTH="47" HEIGHT="44" CONTENT="fä" WC="0.64" CC="70"/>
						<SP ID="P12_SP00401" HPOS="1786" VPOS="2569" WIDTH="36"/>
						<String ID="P12_ST00477" HPOS="1822" VPOS="2511" WIDTH="64" HEIGHT="45" CONTENT="hit" WC="0.93" CC="100"/>
						<SP ID="P12_SP00402" HPOS="1886" VPOS="2569" WIDTH="36"/>
						<String ID="P12_ST00478" HPOS="1922" VPOS="2509" WIDTH="131" HEIGHT="47" CONTENT="dessa" WC="0.98" CC="00000"/>
						<SP ID="P12_SP00403" HPOS="2053" VPOS="2569" WIDTH="38"/>
						<String ID="P12_ST00479" HPOS="2091" VPOS="2509" WIDTH="81" HEIGHT="46" CONTENT="och" WC="0.94" CC="010"/>
						<SP ID="P12_SP00404" HPOS="2172" VPOS="2569" WIDTH="39"/>
						<String ID="P12_ST00480" HPOS="2211" VPOS="2508" WIDTH="144" HEIGHT="47" CONTENT="andra" WC="0.78" CC="25030"/>
						<SP ID="P12_SP00405" HPOS="2355" VPOS="2569" WIDTH="38"/>
						<String ID="P12_ST00481" HPOS="2393" VPOS="2507" WIDTH="410" HEIGHT="48" CONTENT="framätsträvande" WC="0.84" CC="620000000005700"/>
					</TextLine>
					<TextLine ID="P12_TL00077" HPOS="1575" VPOS="2584" WIDTH="1227" HEIGHT="61">
						<String ID="P12_ST00482" HPOS="1575" VPOS="2591" WIDTH="277" HEIGHT="54" CONTENT="konstnärer," WC="0.69" CC="09072302033"/>
						<SP ID="P12_SP00406" HPOS="1852" VPOS="2645" WIDTH="33"/>
						<String ID="P12_ST00483" HPOS="1885" VPOS="2589" WIDTH="118" HEIGHT="45" CONTENT="vilka" WC="0.83" CC="01600"/>
						<SP ID="P12_SP00407" HPOS="2003" VPOS="2645" WIDTH="32"/>
						<String ID="P12_ST00484" HPOS="2035" VPOS="2589" WIDTH="302" HEIGHT="56" CONTENT="representera" WC="0.79" CC="500600420301"/>
						<SP ID="P12_SP00408" HPOS="2337" VPOS="2645" WIDTH="29"/>
						<String ID="P12_ST00485" HPOS="2366" VPOS="2587" WIDTH="83" HEIGHT="46" CONTENT="vär" WC="0.88" CC="003"/>
						<SP ID="P12_SP00409" HPOS="2449" VPOS="2645" WIDTH="33"/>
						<String ID="P12_ST00486" HPOS="2482" VPOS="2584" WIDTH="88" HEIGHT="47" CONTENT="tids" WC="0.75" CC="0009"/>
						<SP ID="P12_SP00410" HPOS="2570" VPOS="2645" WIDTH="30"/>
						<String ID="P12_ST00487" HPOS="2600" VPOS="2586" WIDTH="202" HEIGHT="57" CONTENT="Ungern." WC="0.83" CC="0000550"/>
					</TextLine>
					<TextLine ID="P12_TL00078" HPOS="1579" VPOS="2662" WIDTH="1219" HEIGHT="58">
						<String ID="P12_ST00488" HPOS="1579" VPOS="2666" WIDTH="145" HEIGHT="45" CONTENT="Mätte" WC="0.87" CC="00060"/>
						<SP ID="P12_SP00411" HPOS="1724" VPOS="2711" WIDTH="30"/>
						<String ID="P12_ST00489" HPOS="1754" VPOS="2668" WIDTH="112" HEIGHT="43" CONTENT="även" WC="0.84" CC="0060"/>
						<SP ID="P12_SP00412" HPOS="1866" VPOS="2711" WIDTH="33"/>
						<String ID="P12_ST00490" HPOS="1899" VPOS="2664" WIDTH="110" HEIGHT="46" CONTENT="vära" WC="0.65" CC="0940"/>
						<SP ID="P12_SP00413" HPOS="2009" VPOS="2711" WIDTH="35"/>
						<String ID="P12_ST00491" HPOS="2044" VPOS="2664" WIDTH="263" HEIGHT="46" CONTENT="konstnärer" WC="0.69" CC="0757050500"/>
						<SP ID="P12_SP00414" HPOS="2307" VPOS="2711" WIDTH="30"/>
						<String ID="P12_ST00492" HPOS="2337" VPOS="2662" WIDTH="238" HEIGHT="58" CONTENT="ätergälda" WC="0.89" CC="000100305"/>
						<SP ID="P12_SP00415" HPOS="2575" VPOS="2720" WIDTH="30"/>
						<String ID="P12_ST00493" HPOS="2605" VPOS="2662" WIDTH="193" HEIGHT="45" CONTENT="besöket!" WC="0.92" CC="60000000"/>
					</TextLine>
				</TextBlock>
				<TextBlock ID="P12_TB00005" HPOS="2590" VPOS="2751" WIDTH="220" HEIGHT="40" STYLEREFS="TXT_4 PAR_RIGHT">
					<TextLine ID="P12_TL00079" HPOS="2591" VPOS="2752" WIDTH="219" HEIGHT="39">
						<String ID="P12_ST00494" HPOS="2591" VPOS="2752" WIDTH="219" HEIGHT="39" CONTENT="NYMAN" WC="0.99" CC="03200"/>
					</TextLine>
				</TextBlock>
				<TextBlock ID="P12_TB00006" HPOS="1629" VPOS="2896" WIDTH="1168" HEIGHT="172" STYLEREFS="TXT_2 PAR_LEFT">
					<TextLine ID="P12_TL00080" HPOS="1880" VPOS="2897" WIDTH="615" HEIGHT="61">
						<String ID="P12_ST00495" HPOS="1880" VPOS="2899" WIDTH="120" HEIGHT="56" CONTENT="NY" WC="0.89" CC="20" STYLEREFS="TXT_5"/>
						<SP ID="P12_SP00416" HPOS="2000" VPOS="2955" WIDTH="47"/>
						<String ID="P12_ST00496" HPOS="2047" VPOS="2897" WIDTH="448" HEIGHT="61" CONTENT="DIKTNING" WC="0.62" CC="36560205" STYLEREFS="TXT_5"/>
					</TextLine>
					<TextLine ID="P12_TL00081" HPOS="1630" VPOS="3011" WIDTH="1167" HEIGHT="57">
						<String ID="P12_ST00497" HPOS="1630" VPOS="3014" WIDTH="259" HEIGHT="45" CONTENT="Diktonius:" WC="0.99" CC="0604303600" STYLEREFS="TXT_3"/>
						<SP ID="P12_SP00417" HPOS="1889" VPOS="3059" WIDTH="34"/>
						<String ID="P12_ST00498" HPOS="1923" VPOS="3012" WIDTH="162" HEIGHT="45" CONTENT="Härda" WC="0.56" CC="68600" STYLEREFS="TXT_3"/>
						<SP ID="P12_SP00418" HPOS="2085" VPOS="3059" WIDTH="30"/>
						<String ID="P12_ST00499" HPOS="2115" VPOS="3011" WIDTH="193" HEIGHT="57" CONTENT="sånger." WC="0.96" CC="0052050" STYLEREFS="TXT_3"/>
						<SP ID="P12_SP00419" HPOS="2308" VPOS="3068" WIDTH="27"/>
						<String ID="P12_ST00500" HPOS="2335" VPOS="3011" WIDTH="28" HEIGHT="57" CONTENT="-" WC="0.98" CC="0"/>
						<SP ID="P12_SP00420" HPOS="2363" VPOS="3068" WIDTH="27"/>
						<String ID="P12_ST00501" HPOS="2390" VPOS="3011" WIDTH="165" HEIGHT="57" CONTENT="Förl.:" WC="0.60" CC="404706"/>
						<SP ID="P12_SP00421" HPOS="2555" VPOS="3068" WIDTH="36"/>
						<String ID="P12_ST00502" HPOS="2591" VPOS="3011" WIDTH="206" HEIGHT="45" CONTENT="Daimon." WC="0.62" CC="4007823"/>
					</TextLine>
				</TextBlock>
				<TextBlock ID="P12_TB00007" HPOS="1568" VPOS="3123" WIDTH="1233" HEIGHT="703" STYLEREFS="TXT_2 PAR_BLOCK">
					<TextLine ID="P12_TL00082" HPOS="1632" VPOS="3123" WIDTH="1169" HEIGHT="62">
						<String ID="P12_ST00503" HPOS="1632" VPOS="3128" WIDTH="90" HEIGHT="57" CONTENT="Jag" WC="0.58" CC="326"/>
						<SP ID="P12_SP00422" HPOS="1722" VPOS="3185" WIDTH="50"/>
						<String ID="P12_ST00504" HPOS="1772" VPOS="3127" WIDTH="85" HEIGHT="45" CONTENT="har" WC="0.75" CC="105"/>
						<SP ID="P12_SP00423" HPOS="1857" VPOS="3185" WIDTH="51"/>
						<String ID="P12_ST00505" HPOS="1908" VPOS="3128" WIDTH="91" HEIGHT="44" CONTENT="läst" WC="0.92" CC="3000"/>
						<SP ID="P12_SP00424" HPOS="1999" VPOS="3185" WIDTH="51"/>
						<String ID="P12_ST00506" HPOS="2050" VPOS="3125" WIDTH="235" HEIGHT="46" CONTENT="Diktonius" WC="0.99" CC="600165000"/>
						<SP ID="P12_SP00425" HPOS="2285" VPOS="3185" WIDTH="50"/>
						<String ID="P12_ST00507" HPOS="2335" VPOS="3137" WIDTH="86" HEIGHT="45" CONTENT="nya" WC="0.74" CC="250"/>
						<SP ID="P12_SP00426" HPOS="2421" VPOS="3185" WIDTH="51"/>
						<String ID="P12_ST00508" HPOS="2472" VPOS="3123" WIDTH="150" HEIGHT="47" CONTENT="dikter." WC="0.83" CC="0000550"/>
						<SP ID="P12_SP00427" HPOS="2622" VPOS="3185" WIDTH="58"/>
						<String ID="P12_ST00509" HPOS="2680" VPOS="3124" WIDTH="121" HEIGHT="55" CONTENT="(Den" WC="0.98" CC="4002"/>
					</TextLine>
					<TextLine ID="P12_TL00083" HPOS="1573" VPOS="3186" WIDTH="1228" HEIGHT="61">
						<String ID="P12_ST00510" HPOS="1573" VPOS="3193" WIDTH="142" HEIGHT="44" CONTENT="första" WC="0.65" CC="710901"/>
						<SP ID="P12_SP00428" HPOS="1715" VPOS="3237" WIDTH="34"/>
						<String ID="P12_ST00511" HPOS="1749" VPOS="3191" WIDTH="254" HEIGHT="56" CONTENT="samlingen" WC="0.77" CC="340300900"/>
						<SP ID="P12_SP00429" HPOS="2003" VPOS="3247" WIDTH="36"/>
						<String ID="P12_ST00512" HPOS="2039" VPOS="3204" WIDTH="97" HEIGHT="32" CONTENT="som" WC="1.00" CC="000"/>
						<SP ID="P12_SP00430" HPOS="2136" VPOS="3247" WIDTH="37"/>
						<String ID="P12_ST00513" HPOS="2173" VPOS="3190" WIDTH="162" HEIGHT="57" CONTENT="tryckts" WC="0.79" CC="3010800"/>
						<SP ID="P12_SP00431" HPOS="2335" VPOS="3247" WIDTH="34"/>
						<String ID="P12_ST00514" HPOS="2369" VPOS="3191" WIDTH="15" HEIGHT="45" CONTENT="i" WC="0.53" CC="4"/>
						<SP ID="P12_SP00432" HPOS="2384" VPOS="3247" WIDTH="40"/>
						<String ID="P12_ST00515" HPOS="2424" VPOS="3186" WIDTH="229" HEIGHT="56" CONTENT="Finland.)" WC="1.00" CC="207100000"/>
						<SP ID="P12_SP00433" HPOS="2653" VPOS="3247" WIDTH="61"/>
						<String ID="P12_ST00516" HPOS="2714" VPOS="3189" WIDTH="87" HEIGHT="43" CONTENT="Det" WC="1.00" CC="000"/>
					</TextLine>
					<TextLine ID="P12_TL00084" HPOS="1569" VPOS="3250" WIDTH="1230" HEIGHT="61">
						<String ID="P12_ST00517" HPOS="1569" VPOS="3256" WIDTH="100" HEIGHT="45" CONTENT="blev" WC="0.84" CC="6000"/>
						<SP ID="P12_SP00434" HPOS="1669" VPOS="3301" WIDTH="47"/>
						<String ID="P12_ST00518" HPOS="1716" VPOS="3269" WIDTH="53" HEIGHT="32" CONTENT="en" WC="0.76" CC="04"/>
						<SP ID="P12_SP00435" HPOS="1769" VPOS="3301" WIDTH="50"/>
						<String ID="P12_ST00519" HPOS="1819" VPOS="3254" WIDTH="207" HEIGHT="57" CONTENT="underlig" WC="0.76" CC="00062009"/>
						<SP ID="P12_SP00436" HPOS="2026" VPOS="3311" WIDTH="50"/>
						<String ID="P12_ST00520" HPOS="2076" VPOS="3255" WIDTH="196" HEIGHT="56" CONTENT="läsning," WC="0.63" CC="30710743"/>
						<SP ID="P12_SP00437" HPOS="2272" VPOS="3311" WIDTH="50"/>
						<String ID="P12_ST00521" HPOS="2322" VPOS="3256" WIDTH="44" HEIGHT="55" CONTENT="ty" WC="1.00" CC="00"/>
						<SP ID="P12_SP00438" HPOS="2366" VPOS="3311" WIDTH="45"/>
						<String ID="P12_ST00522" HPOS="2411" VPOS="3252" WIDTH="73" HEIGHT="46" CONTENT="det" WC="0.99" CC="001"/>
						<SP ID="P12_SP00439" HPOS="2484" VPOS="3311" WIDTH="44"/>
						<String ID="P12_ST00523" HPOS="2528" VPOS="3254" WIDTH="100" HEIGHT="44" CONTENT="blev" WC="0.66" CC="3054"/>
						<SP ID="P12_SP00440" HPOS="2628" VPOS="3311" WIDTH="44"/>
						<String ID="P12_ST00524" HPOS="2672" VPOS="3250" WIDTH="127" HEIGHT="48" CONTENT="strid." WC="0.92" CC="400000"/>
					</TextLine>
					<TextLine ID="P12_TL00085" HPOS="1574" VPOS="3317" WIDTH="428" HEIGHT="59">
						<String ID="P12_ST00525" HPOS="1574" VPOS="3317" WIDTH="119" HEIGHT="47" CONTENT="Strid" WC="1.00" CC="00000"/>
						<SP ID="P12_SP00441" HPOS="1693" VPOS="3364" WIDTH="36"/>
						<String ID="P12_ST00526" HPOS="1729" VPOS="3320" WIDTH="273" HEIGHT="56" CONTENT="alltigenom." WC="0.88" CC="00000000371"/>
					</TextLine>
					<TextLine ID="P12_TL00086" HPOS="1630" VPOS="3382" WIDTH="957" HEIGHT="47">
						<String ID="P12_ST00527" HPOS="1630" VPOS="3383" WIDTH="287" HEIGHT="46" CONTENT="Författaien" WC="0.79" CC="00070050800"/>
						<SP ID="P12_SP00442" HPOS="1917" VPOS="3429" WIDTH="35"/>
						<String ID="P12_ST00528" HPOS="1952" VPOS="3384" WIDTH="146" HEIGHT="44" CONTENT="kallar" WC="0.63" CC="067025"/>
						<SP ID="P12_SP00443" HPOS="2098" VPOS="3429" WIDTH="33"/>
						<String ID="P12_ST00529" HPOS="2131" VPOS="3384" WIDTH="99" HEIGHT="45" CONTENT="sina" WC="1.00" CC="0000"/>
						<SP ID="P12_SP00444" HPOS="2230" VPOS="3429" WIDTH="35"/>
						<String ID="P12_ST00530" HPOS="2265" VPOS="3395" WIDTH="119" HEIGHT="33" CONTENT="vers:" WC="0.72" CC="00273"/>
						<SP ID="P12_SP00445" HPOS="2384" VPOS="3429" WIDTH="40"/>
						<String ID="P12_ST00531" HPOS="2424" VPOS="3382" WIDTH="163" HEIGHT="46" CONTENT="Härda" WC="0.86" CC="40000" STYLEREFS="TXT_3"/>
					</TextLine>
					<TextLine ID="P12_TL00087" HPOS="1573" VPOS="3445" WIDTH="1226" HEIGHT="59">
						<String ID="P12_ST00532" HPOS="1573" VPOS="3447" WIDTH="76" HEIGHT="45" CONTENT="Ett" WC="0.98" CC="600"/>
						<SP ID="P12_SP00446" HPOS="1649" VPOS="3492" WIDTH="24"/>
						<String ID="P12_ST00533" HPOS="1673" VPOS="3447" WIDTH="82" HEIGHT="45" CONTENT="bra" WC="0.97" CC="000"/>
						<SP ID="P12_SP00447" HPOS="1755" VPOS="3492" WIDTH="27"/>
						<String ID="P12_ST00534" HPOS="1782" VPOS="3461" WIDTH="153" HEIGHT="43" CONTENT="namn," WC="0.91" CC="00004"/>
						<SP ID="P12_SP00448" HPOS="1935" VPOS="3504" WIDTH="29"/>
						<String ID="P12_ST00535" HPOS="1964" VPOS="3445" WIDTH="296" HEIGHT="47" CONTENT="betecknande" WC="0.88" CC="00008005000"/>
						<SP ID="P12_SP00449" HPOS="2260" VPOS="3504" WIDTH="26"/>
						<String ID="P12_ST00536" HPOS="2286" VPOS="3447" WIDTH="82" HEIGHT="44" CONTENT="och" WC="0.78" CC="410"/>
						<SP ID="P12_SP00450" HPOS="2368" VPOS="3504" WIDTH="30"/>
						<String ID="P12_ST00537" HPOS="2398" VPOS="3447" WIDTH="305" HEIGHT="44" CONTENT="koncentrerat" WC="0.92" CC="000000310300"/>
						<SP ID="P12_SP00451" HPOS="2703" VPOS="3504" WIDTH="27"/>
						<String ID="P12_ST00538" HPOS="2730" VPOS="3447" WIDTH="46" HEIGHT="43" CONTENT="be" SUBS_TYPE="HypPart1" SUBS_CONTENT="begreppgivande." WC="0.90" CC="03"/>
						<HYP HPOS="2776" VPOS="3447" WIDTH="23" CONTENT="-"/>
					</TextLine>
					<TextLine ID="P12_TL00088" HPOS="1571" VPOS="3510" WIDTH="1230" HEIGHT="60">
						<String ID="P12_ST00539" HPOS="1571" VPOS="3510" WIDTH="350" HEIGHT="60" CONTENT="greppgivande." SUBS_TYPE="HypPart2" SUBS_CONTENT="begreppgivande." WC="0.92" CC="0400002000030"/>
						<SP ID="P12_SP00452" HPOS="1921" VPOS="3570" WIDTH="35"/>
						<String ID="P12_ST00540" HPOS="1956" VPOS="3510" WIDTH="247" HEIGHT="47" CONTENT="Versrader" WC="0.82" CC="204020014"/>
						<SP ID="P12_SP00453" HPOS="2203" VPOS="3570" WIDTH="34"/>
						<String ID="P12_ST00541" HPOS="2237" VPOS="3510" WIDTH="80" HEIGHT="46" CONTENT="och" WC="1.00" CC="000"/>
						<SP ID="P12_SP00454" HPOS="2317" VPOS="3570" WIDTH="32"/>
						<String ID="P12_ST00542" HPOS="2349" VPOS="3510" WIDTH="83" HEIGHT="46" CONTENT="ord" WC="0.81" CC="500"/>
						<SP ID="P12_SP00455" HPOS="2432" VPOS="3570" WIDTH="30"/>
						<String ID="P12_ST00543" HPOS="2462" VPOS="3511" WIDTH="193" HEIGHT="56" CONTENT="slungas" WC="0.66" CC="7014900"/>
						<SP ID="P12_SP00456" HPOS="2655" VPOS="3570" WIDTH="34"/>
						<String ID="P12_ST00544" HPOS="2689" VPOS="3513" WIDTH="112" HEIGHT="42" CONTENT="emot" WC="1.00" CC="0010"/>
					</TextLine>
					<TextLine ID="P12_TL00089" HPOS="1571" VPOS="3572" WIDTH="1230" HEIGHT="60">
						<String ID="P12_ST00545" HPOS="1571" VPOS="3588" WIDTH="68" HEIGHT="44" CONTENT="en," WC="0.95" CC="507"/>
						<SP ID="P12_SP00457" HPOS="1639" VPOS="3632" WIDTH="30"/>
						<String ID="P12_ST00546" HPOS="1669" VPOS="3572" WIDTH="239" HEIGHT="60" CONTENT="väldsamt," WC="0.82" CC="073041000"/>
						<SP ID="P12_SP00458" HPOS="1908" VPOS="3632" WIDTH="32"/>
						<String ID="P12_ST00547" HPOS="1940" VPOS="3574" WIDTH="278" HEIGHT="57" CONTENT="brännande," WC="0.79" CC="0560440000"/>
						<SP ID="P12_SP00459" HPOS="2218" VPOS="3632" WIDTH="33"/>
						<String ID="P12_ST00548" HPOS="2251" VPOS="3572" WIDTH="226" HEIGHT="60" CONTENT="piskande." WC="0.92" CC="040000030"/>
						<SP ID="P12_SP00460" HPOS="2477" VPOS="3632" WIDTH="52"/>
						<String ID="P12_ST00549" HPOS="2529" VPOS="3575" WIDTH="114" HEIGHT="44" CONTENT="Man" WC="1.00" CC="000"/>
						<SP ID="P12_SP00461" HPOS="2643" VPOS="3632" WIDTH="31"/>
						<String ID="P12_ST00550" HPOS="2674" VPOS="3575" WIDTH="127" HEIGHT="44" CONTENT="söker" WC="0.90" CC="00005"/>
					</TextLine>
					<TextLine ID="P12_TL00090" HPOS="1571" VPOS="3638" WIDTH="1230" HEIGHT="60">
						<String ID="P12_ST00551" HPOS="1571" VPOS="3640" WIDTH="131" HEIGHT="58" CONTENT="värja" WC="0.74" CC="50070"/>
						<SP ID="P12_SP00462" HPOS="1702" VPOS="3698" WIDTH="38"/>
						<String ID="P12_ST00552" HPOS="1740" VPOS="3641" WIDTH="85" HEIGHT="56" CONTENT="sig," WC="0.93" CC="0002"/>
						<SP ID="P12_SP00463" HPOS="1825" VPOS="3698" WIDTH="40"/>
						<String ID="P12_ST00553" HPOS="1865" VPOS="3642" WIDTH="258" HEIGHT="56" CONTENT="protestera." WC="0.81" CC="03690000000"/>
						<SP ID="P12_SP00464" HPOS="2123" VPOS="3698" WIDTH="41"/>
						<String ID="P12_ST00554" HPOS="2164" VPOS="3638" WIDTH="249" HEIGHT="58" CONTENT="Förgäves!" WC="0.86" CC="000004070"/>
						<SP ID="P12_SP00465" HPOS="2413" VPOS="3698" WIDTH="46"/>
						<String ID="P12_ST00555" HPOS="2459" VPOS="3638" WIDTH="93" HEIGHT="46" CONTENT="Ens" WC="0.62" CC="235"/>
						<SP ID="P12_SP00466" HPOS="2552" VPOS="3698" WIDTH="40"/>
						<String ID="P12_ST00556" HPOS="2592" VPOS="3640" WIDTH="209" HEIGHT="56" CONTENT="förmäga" WC="0.74" CC="6145000"/>
					</TextLine>
					<TextLine ID="P12_TL00091" HPOS="1573" VPOS="3702" WIDTH="1228" HEIGHT="58">
						<String ID="P12_ST00557" HPOS="1573" VPOS="3706" WIDTH="66" HEIGHT="43" CONTENT="att" WC="0.64" CC="604"/>
						<SP ID="P12_SP00467" HPOS="1639" VPOS="3749" WIDTH="26"/>
						<String ID="P12_ST00558" HPOS="1665" VPOS="3707" WIDTH="202" HEIGHT="53" CONTENT="mottaga" WC="0.96" CC="0100000"/>
						<SP ID="P12_SP00468" HPOS="1867" VPOS="3760" WIDTH="29"/>
						<String ID="P12_ST00559" HPOS="1896" VPOS="3704" WIDTH="171" HEIGHT="56" CONTENT="intryck" WC="0.81" CC="0003009"/>
						<SP ID="P12_SP00469" HPOS="2067" VPOS="3760" WIDTH="108"/>
						<String ID="P12_ST00560" HPOS="2175" VPOS="3702" WIDTH="251" HEIGHT="58" CONTENT="försvagad" WC="0.85" CC="500030400" STYLEREFS="TXT_3"/>
						<SP ID="P12_SP00470" HPOS="2426" VPOS="3760" WIDTH="29"/>
						<String ID="P12_ST00561" HPOS="2455" VPOS="3716" WIDTH="56" HEIGHT="33" CONTENT="av" WC="1.00" CC="00" STYLEREFS="TXT_3"/>
						<SP ID="P12_SP00471" HPOS="2511" VPOS="3760" WIDTH="28"/>
						<String ID="P12_ST00562" HPOS="2539" VPOS="3704" WIDTH="150" HEIGHT="45" CONTENT="estetik" WC="0.75" CC="3060240" STYLEREFS="TXT_3"/>
						<SP ID="P12_SP00472" HPOS="2689" VPOS="3760" WIDTH="29"/>
						<String ID="P12_ST00563" HPOS="2718" VPOS="3702" WIDTH="83" HEIGHT="46" CONTENT="och" WC="0.81" CC="050" STYLEREFS="TXT_3"/>
					</TextLine>
					<TextLine ID="P12_TL00092" HPOS="1574" VPOS="3767" WIDTH="1225" HEIGHT="59">
						<String ID="P12_ST00564" HPOS="1574" VPOS="3767" WIDTH="260" HEIGHT="47" CONTENT="traditioner" WC="0.69" CC="70005534042" STYLEREFS="TXT_3"/>
						<SP ID="P12_SP00473" HPOS="1834" VPOS="3814" WIDTH="103"/>
						<String ID="P12_ST00565" HPOS="1937" VPOS="3769" WIDTH="158" HEIGHT="45" CONTENT="ställes" WC="0.89" CC="0040003"/>
						<SP ID="P12_SP00474" HPOS="2095" VPOS="3814" WIDTH="24"/>
						<String ID="P12_ST00566" HPOS="2119" VPOS="3768" WIDTH="61" HEIGHT="58" CONTENT="pä" WC="0.65" CC="06"/>
						<SP ID="P12_SP00475" HPOS="2180" VPOS="3826" WIDTH="21"/>
						<String ID="P12_ST00567" HPOS="2201" VPOS="3768" WIDTH="158" HEIGHT="58" CONTENT="skarpt" WC="0.92" CC="000500"/>
						<SP ID="P12_SP00476" HPOS="2359" VPOS="3826" WIDTH="23"/>
						<String ID="P12_ST00568" HPOS="2382" VPOS="3781" WIDTH="124" HEIGHT="45" CONTENT="prov." WC="0.81" CC="02502"/>
						<SP ID="P12_SP00477" HPOS="2506" VPOS="3826" WIDTH="28"/>
						<String ID="P12_ST00569" HPOS="2534" VPOS="3767" WIDTH="116" HEIGHT="47" CONTENT="Man" WC="0.99" CC="001"/>
						<SP ID="P12_SP00478" HPOS="2650" VPOS="3826" WIDTH="25"/>
						<String ID="P12_ST00570" HPOS="2675" VPOS="3767" WIDTH="124" HEIGHT="59" CONTENT="rycks" WC="0.79" CC="30007"/>
					</TextLine>
				</TextBlock>
			</PrintSpace>
		</Page>
	</Layout>
</alto>
