3204 4572
1028 401 128 55 Carl
1175 400 301 54 Sternheim
1502 416 20 26 *
1552 396 210 56 Tabula
1790 397 150 51 Rasa

2480 389 104 59 147

446 607 290 70 Sturm:
814 603 231 70 Solche
1120 600 270 82 Quirler,
1468 597 399 73 Vermischer
1940 597 204 68 reiner
2218 593 369 79 Absichten,

366 699 301 87 gehörten
702 715 185 51 unter
922 696 124 68 den
1082 693 251 71 Tritten
1369 719 256 44 unserer
1661 688 344 72 Bataillone
2039 684 388 85 zerstampft.

447 791 355 72 Ständer:
847 788 232 70 Bravo!

449 885 286 70 Sturm:
790 882 191 70 Bebst
1012 882 89 69 du
1129 882 117 69 wie
1275 880 101 70 ich
1407 906 110 44 vor
1545 879 151 69 Wut
1712 885 30 62 ?
1796 876 146 70 Was
1972 893 168 66 sagst
2169 872 135 70 du?

448 976 353 71 Ständer:
871 975 110 69 Du
1027 973 170 71 sahst
1244 973 186 78 doch,
1478 971 226 84 gerade
1749 969 161 70 stieß
1957 967 101 70 ich
2105 966 112 70 ihn
2265 962 167 71 noch
2479 989 112 42 zur

367 1070 138 71 Tür
533 1070 244 69 hinaus.
832 1068 95 70 Im
954 1067 301 69 nächsten
1281 1063 395 86 Augenblick
1702 1063 170 70 hätte
1898 1061 102 70 ich
2028 1059 170 71 mich
2226 1055 362 86 vergriffen.

448 1163 286 70 Sturm:
785 1160 124 70 Die
934 1190 270 53 mengen
1230 1158 254 84 Europa
1509 1159 67 68 in
1604 1154 223 86 großer
1853 1154 188 70 Bütte
2066 1182 81 41 zu
2174 1153 208 68 einem
2410 1149 178 80 Mus,

368 1258 109 70 das
506 1256 119 70 alle
651 1256 193 82 Wege
872 1254 112 69 der
1009 1251 318 72 Vernunft
1354 1251 135 68 und
1517 1249 110 70 des
1658 1247 328 71 Glaubens
2015 1244 329 85 verstopft.

449 1348 353 72 Ständer:
854 1347 102 69 Da
984 1346 138 70 hast
1150 1345 89 69 du
1266 1343 147 70 aber
1440 1342 229 70 einmal
1695 1341 278 71 wirklich
2000 1340 136 69 und
2163 1337 425 72 vollkommen

368 1444 207 70 recht!

451 1535 285 70 Sturm:
796 1531 155 70 Und
983 1548 164 66 wagt
1180 1528 134 71 sich
1346 1528 399 68 unsereinem
1779 1526 65 69 in
1877 1525 123 69 den
2033 1524 187 84 Weg!

449 1628 355 70 Ständer:
866 1624 268 70 Freilich
1168 1623 169 68 ohne
1370 1620 328 83 Wirkung.
1757 1618 131 70 Das
1926 1618 365 68 Männchen
2326 1616 261 69 nimmst

373 1722 88 70 du
487 1751 79 39 zu
593 1719 273 84 wichtig.
919 1717 88 70 So
1034 1736 186 49 etwas
1249 1715 243 83 bewegt
1519 1712 133 70 sich
1677 1712 117 70 wie
1820 1710 110 70 der
1958 1709 217 70 Sturm
2201 1710 87 68 im
2312 1708 240 70 Wasser-

373 1815 150 85 glas,
571 1827 111 69 (auf
708 1826 183 58 Sturm
918 1823 241 75 zeigend)
1215 1807 175 70 nicht
1440 1807 118 68 wie
1611 1804 249 70 dieser
1912 1802 261 79 freilich,
2229 1801 209 83 knapp
2484 1799 96 69 bis

372 1910 98 67 ins
512 1905 337 84 dreißigste
889 1902 169 84 Jahr.
1122 1902 193 69 Dann
1357 1900 243 68 kommt
1641 1898 114 68 mit
1798 1895 163 69 Frau
2000 1893 135 70 und
2178 1892 284 70 Kindern
2492 1891 100 70 die

372 1999 314 71 harmlose
731 1994 444 85 Katastrophe.

454 2093 287 70 Sturm:
786 2090 133 70 Der
961 2089 225 70 Wurm
1229 2086 280 70 krümmt
1550 2083 135 71 sich
1727 2081 203 84 lange.

453 2184 354 70 Ständer:
863 2180 85 71 Er
978 2183 81 67 ist
1089 2179 204 71 durch
1323 2178 249 82 baldige
1605 2175 220 70 Heirat
1857 2174 237 69 meiner
2126 2170 232 71 Nichte
2390 2168 202 69 Isolde

372 2278 298 85 geliefert.
733 2276 119 69 Ein
887 2274 199 70 faules
1122 2273 185 70 fettes
1346 2270 344 79 Mädchen,
1730 2268 110 70 das
1877 2267 133 71 ihm
2047 2267 133 68 sein
2218 2262 373 83 Quentchen

372 2372 188 70 Mark
603 2373 65 68 in
710 2367 359 86 Jahresfrist
1112 2363 452 73 herauslöffelt.

454 2464 287 69 Sturm:
786 2458 419 73 Hoffentlich.

453 2555 354 71 Ständer:
872 2552 104 70 Sei
1017 2552 366 82 unbesorgt.
1448 2549 135 69 Der
1623 2546 107 71 hat
1768 2544 133 72 sich
1942 2544 102 69 die
2084 2542 184 70 letzte
2307 2540 139 70 Zeit
2486 2569 70 53 ge-

372 2649 315 70 tummelt.
744 2648 211 70 Drum
988 2674 208 56 genug
1228 2673 126 39 von
1387 2641 167 79 ihm;
1587 2640 89 70 du
1709 2636 296 73 brauchst
2037 2636 110 69 ihn
2180 2634 206 71 ferner
2419 2632 173 69 nicht

373 2773 80 38 zu
489 2742 329 69 beachten.
877 2737 107 71 Tu
1021 2738 185 70 deine
1239 2734 244 80 Arbeit,
1521 2734 104 69 die
1658 2731 102 72 ich
1796 2730 268 70 schätze.
2122 2725 108 71 Tu
2264 2729 108 76 sie,
2410 2724 184 71 willst

373 2836 109 80 du,
527 2836 179 69 mehr
747 2864 88 39 im
877 2832 381 71 Geheimen.
1326 2828 128 79 Ich,
1497 2827 112 70 der
1647 2824 157 70 über
1843 2823 124 70 den
2009 2818 476 84 Schwachkopf,
2528 2819 64 67 in

374 2930 105 69 die
508 2930 235 82 hiesige
759 2925 431 72 Wirklichkeit
1220 2922 168 80 sehe,
1421 2921 110 68 bin
1562 2921 114 67 mit
1705 2918 118 79 dir,
1855 2918 65 67 in
1945 2913 385 71 Anbetracht
2359 2911 135 68 und
2525 2940 69 39 so

374 3041 234 60 weiter,
640 3020 350 70 zufrieden.
1046 3017 132 70 Das
1211 3013 171 73 wollt
1413 3013 102 70 ich
1548 3012 96 69 dir
1676 3011 100 68 bei
1808 3010 148 68 dem
1986 3006 206 70 Anlaß
2222 3034 210 53 sagen.

454 3112 146 72 Geh
628 3112 159 70 flink
815 3110 168 71 noch
1009 3140 82 39 zu
1120 3107 229 72 Flocke
1376 3102 240 82 hinauf,
1647 3100 193 71 meid’
1868 3100 154 79 ihm,
2051 3124 188 43 unser
2265 3096 152 69 Plan
2446 3095 148 84 geht

373 3209 160 69 nach
564 3205 306 73 Wunsch.
926 3204 133 70 Das
1091 3200 288 86 gewollte
1409 3198 206 69 Chaos
1647 3199 80 67 ist
1757 3192 416 86 angerichtet;
2206 3190 100 70 bei
2338 3189 256 82 völliger

372 3299 404 84 Verwirrung
813 3323 257 43 unserer
1111 3293 255 84 Gegner
1404 3290 209 70 halten
1651 3316 112 43 wir
1799 3286 104 72 für
1940 3284 193 85 große
2171 3281 262 72 Zwecke
2470 3280 124 70 den

374 3392 215 71 Faden
626 3422 66 40 m
730 3392 114 70 der
881 3388 214 70 Hand.
1159 3387 84 68 Ist
1270 3416 26 38 s
1336 3384 174 69 nicht
1545 3388 115 64 so?

451 3485 256 71 Sturm
750 3497 120 69 (mit
910 3496 289 66 bewegtem
1241 3490 398 75 Händedruck):
1684 3471 82 71 Es
1797 3477 112 65 ist!
1963 3468 155 71 Und
2145 3467 109 71 auf
2281 3466 113 71 der
2422 3466 174 69 Basis

369 3579 234 69 wirken
646 3579 113 68 wir
802 3605 134 40 nun
980 3572 226 83 kräftig
1248 3570 146 70 fort.
1437 3582 186 75 (Exit.)

452 3671 355 70 Ständer:
889 3666 197 71 Sechs
1141 3662 178 85 Tage
1373 3662 97 70 bis
1526 3689 149 41 zum
1733 3656 167 71 Fest.
1980 3655 188 70 Noch
2224 3652 199 71 bleibt
2478 3651 119 71 alle

373 3760 243 74 Gefahr
646 3760 310 73 drohend.
1013 3759 131 70 Das
1177 3753 523 73 Durcheinander
1731 3751 166 69 kann
1929 3746 284 73 dauernd
2243 3745 176 71 nicht
2450 3744 150 72 wild

372 3886 208 55 genug
613 3886 156 41 sein.
828 3852 183 72 Nach
1045 3849 161 72 links
1243 3848 166 71 zieht
1444 3847 242 78 Sturm,
1719 3843 242 71 Arthur
1995 3840 204 71 rechts
2234 3869 104 40 am
2373 3836 227 73 Strick.
