3157 4572
658 397 105 63 112

1150 407 228 69 Ludwig
1402 408 241 56 Rubiner
1677 431 21 21 *
1729 412 116 53 Das
1875 412 331 56 himmlische
2232 417 154 53 Licht

649 600 99 73 Zu
797 604 179 72 Euch
1025 607 263 70 stäuben
1335 607 116 72 alle
1498 610 216 70 Worte
1761 611 112 70 der
1920 614 165 71 Welt
2131 647 110 39 aus
2291 618 122 69 den
2462 618 259 85 Spalten
2768 620 112 71 der

1007 699 293 81 Mauern,
1332 732 80 39 zu
1443 701 179 70 Euch
1652 706 236 83 steigen
1920 709 89 69 sie
2038 712 117 68 wie
2184 710 377 73 Weinrauch
2591 743 111 40 aus
2733 714 146 71 dem

1004 793 215 70 Dunst
1262 793 111 70 des
1415 794 292 85 Asphalt.

653 882 105 71 Ihr
786 902 162 67 tragt
976 886 103 68 die
1110 884 185 71 Kraft
1324 887 111 68 des
1465 888 441 72 himmlischen
1938 892 239 82 Lichts,
2208 896 110 71 das
2348 898 158 70 über
2533 898 252 71 Dächer
2814 902 65 67 in

1002 977 165 70 Euer
1210 978 358 73 Bleichblut
1610 982 238 71 schien.

650 1067 107 71 Ihr
783 1068 135 72 seid
947 1068 112 72 der
1086 1070 358 72 schallende
1473 1074 235 81 Mund,
1740 1076 113 70 der
1881 1077 372 84 Sturmlauf,
2285 1082 109 70 das
2425 1084 177 70 Haus
2631 1085 111 70 auf
2767 1085 113 71 der

999 1193 207 41 neuen
1249 1165 354 84 gewölbten
1647 1167 166 73 Erde
1855 1170 233 72 Berlin.

649 1251 105 71 Ihr
800 1251 235 74 feinere
1081 1255 312 73 dämliche
1441 1258 322 82 Gelehrte,
1812 1261 104 72 die
1964 1264 106 70 Ihr
2117 1296 101 40 me
2265 1267 178 71 Euch
2490 1270 388 71 entscheidet

1002 1348 207 72 hinter
1251 1350 654 85 Bibliothekstischen,

729 1482 105 73 Ihr
860 1484 487 89 Börsenspieler,
1378 1490 104 71 die
1509 1494 115 67 mit
1651 1493 377 73 schwarzem
2058 1495 138 73 Hut
2221 1529 103 40 am
2353 1499 248 72 Genick
2626 1503 215 71 schwit-

644 1578 162 70 zend
848 1580 233 71 witzelt
1124 1584 65 69 in
1233 1583 627 87 Sprachgemischen.

645 1792 105 73 Ihr
819 1794 331 83 Generäle,
1218 1800 387 86 weißbärtig,
1672 1802 292 73 schlaflos
2031 1809 63 67 in
2146 1806 565 88 Stabsquartieren,
2773 1813 103 68 Ihr

998 1890 302 74 Soldaten
1366 1924 66 40 in
1497 1894 125 71 den
1690 1895 507 75 Leichenrohren
2263 1903 112 70 der
2439 1903 167 71 Erde
2671 1905 207 70 hinter

999 1987 285 82 pestigen
1326 1985 523 83 Aasbarrikaden,

645 2072 157 71 Und
832 2073 337 84 Kamerad,
1200 2078 126 80 Sie,
1355 2082 239 68 einsam
1622 2101 186 51 unter
1832 2086 267 70 tausend
2125 2086 287 72 Brüdern
2442 2087 395 74 Kameraden
2859 2121 15 50 ;

645 2164 340 86 Kamerad,
1016 2171 134 70 und
1177 2172 103 70 die
1307 2172 264 80 Brüder,
1601 2175 103 69 die
1732 2178 117 68 mit
1874 2177 184 71 allem
2086 2209 80 39 zu
2194 2180 179 71 Ende
2400 2183 164 79 sind,

642 2258 287 83 Dichter,
1003 2262 320 87 borgende
1392 2265 279 81 Beamte,
1744 2270 312 85 unruhige
2126 2272 471 83 Weltreisende,
2671 2277 204 70 reiche

999 2354 244 72 Frauen
1288 2357 167 72 ohne
1500 2359 198 80 Kind,

724 2491 205 72 Weise
974 2492 348 74 höhnische
1368 2496 382 82 Betrachter,
1798 2500 103 71 die
1945 2531 112 41 aus
2104 2534 238 56 ewigen
2390 2505 312 73 Gesetzen
2749 2509 122 69 den

640 2582 425 75 kommenden
1112 2587 196 87 Krieg
1351 2589 248 72 lehren:
1639 2591 546 85 Japan-Amerika,

640 2807 105 71 Ihr
791 2808 152 73 habt
987 2831 315 65 gewartet,
1350 2845 133 40 nun
1529 2816 134 70 seid
1710 2816 106 71 Ihr
1860 2818 111 72 das
2017 2821 179 71 Wort
2239 2824 136 71 und
2419 2825 113 71 der
2575 2825 298 86 göttliche

995 2904 295 73 Mensch.
1341 2907 155 72 Und
1520 2909 110 70 das
1657 2910 399 74 himmlische
2080 2914 187 72 Licht
2291 2919 80 67 ist
2395 2919 145 70 nah.

717 3109 121 71 Ein
874 3111 186 72 Licht
1092 3113 132 86 flog
1253 3117 163 70 einst
1448 3117 421 88 braunhäutig
1901 3151 145 41 vom
2080 3122 376 89 Südseegolf
2486 3127 185 81 hoch,
2706 3128 164 71 doch

636 3201 105 72 die
782 3202 169 74 Erde
990 3234 130 43 war
1161 3210 102 68 ein
1305 3208 218 73 wildes
1566 3211 430 74 verdauendes
2038 3215 174 72 Tier.

635 3340 169 74 Eure
827 3343 214 72 Eltern
1068 3347 251 71 starben
1345 3380 103 39 am
1474 3351 209 82 Licht,
1709 3354 88 69 sie
1821 3373 265 67 zeugten
2112 3356 179 71 Euch
2316 3357 200 72 blind.
2563 3358 172 73 Aber
2758 3391 111 40 aus

989 3437 249 74 Seuche
1280 3442 135 69 und
1459 3442 197 74 Mord
1698 3447 186 84 stiegt
1929 3447 124 71 Ihr.

721 3574 106 70 Ihr
865 3596 177 66 söget
1081 3578 125 72 den
1247 3579 169 83 Tod,
1458 3584 136 70 und
1633 3586 111 69 das
1785 3586 188 71 Licht
2011 3616 127 42 war
2178 3589 103 70 die
2321 3589 225 82 Milch,
2592 3592 105 70 Ihr
2734 3593 135 70 seid

637 3664 233 74 Säulen
913 3699 124 42 von
1081 3671 149 71 Blut
1272 3674 135 70 und
1449 3678 622 71 sternscheinendem
2114 3681 323 72 Diamant.

721 3760 106 69 Ihr
857 3762 135 71 seid
1023 3763 111 71 das
1168 3765 210 72 Licht.
1437 3767 107 71 Ihr
1575 3771 135 70 seid
1742 3771 112 71 der
1887 3771 293 74 Mensch.
2238 3774 177 71 Euch
2448 3776 265 72 schwillt
2744 3809 125 39 neu

639 3851 105 71 die
788 3854 167 72 Erde
995 3887 111 40 aus
1150 3857 199 73 Eurer
1392 3860 211 73 Hand.
