3186 4572
1191 416 223 53 Eduard
1441 415 283 52 Bernstein
1755 424 21 29 *
1808 412 192 52 Völker
2025 429 66 34 zu
2114 411 185 52 Hause

639 415 107 60 126

640 617 671 72 liberal-konservative
1358 609 384 87 Hauptstadt
1783 609 114 70 des
1946 608 290 71 Kantons
2280 626 352 67 zugunsten
2678 607 133 71 Win-

638 712 296 79 terthurs,
972 710 110 70 das
1121 706 232 72 damals
1391 705 108 68 die
1536 702 352 85 Hochburg
1923 702 113 71 der
2073 701 541 71 demokratischen
2653 700 202 71 Partei

638 832 146 52 war,
837 801 386 72 ausschalten
1269 828 80 39 zu
1396 797 272 78 können,
1716 823 126 42 war
1889 795 104 70 die
2039 793 444 72 intellektuelle
2530 793 325 70 Hamartia

637 898 203 69 dieser
867 923 295 57 gewesen,
1208 891 103 70 die
1336 887 195 87 große
1557 887 436 80 Denkschuld,
2037 887 166 72 dank
2228 889 113 70 der
2369 889 112 68 der
2507 886 351 71 finanzielle

642 989 209 70 Krach
894 988 110 70 der
1047 981 465 74 Nationalbahn
1555 1012 81 39 zu
1679 981 202 70 ihrem
1924 981 375 84 politischen
2345 979 213 71 Krach
2600 979 254 71 werden

639 1082 250 70 konnte.
943 1079 189 69 Denn
1159 1075 111 70 der
1298 1073 386 86 Gegensatz:
1714 1074 134 70 hier
1876 1073 470 72 Nationalbahn
2481 1073 133 70 hier
2642 1072 171 71 Nord-

635 1173 265 71 ostbahn
961 1169 170 70 ward
1190 1167 284 71 dadurch
1536 1169 90 68 im
1686 1167 166 70 Volk
1916 1166 569 85 gleichbedeutend
2545 1167 117 68 mit
2725 1166 133 69 hier

637 1262 490 74 demokratische
1317 1260 134 71 hier
1507 1260 677 71 liberal-konservative
2241 1260 226 69 Partei.
2545 1257 155 71 Und
2755 1257 100 71 die

638 1354 447 72 Nordostbahn
1155 1352 170 71 hatte
1392 1352 136 70 sich
1594 1352 89 70 als
1752 1352 104 70 die
1923 1351 330 84 kräftigere
2323 1350 535 85 Unternehmung

634 1450 314 76 erwiesen,
994 1446 134 70 ihre
1171 1445 231 71 Aktien
1452 1445 234 71 hielten
1730 1445 135 70 sich
1909 1444 111 71 auf
2063 1444 319 71 leidlicher
2427 1442 212 82 Höhe,
2685 1442 128 72 wäh-

632 1542 155 69 rend
832 1571 80 40 an
961 1540 124 70 den
1143 1539 232 71 Aktien
1439 1539 113 70 der
1612 1538 470 71 Nationalbahn
2145 1538 357 84 Vermögen
2571 1536 284 70 verloren

630 1637 248 81 gingen.

710 1726 145 70 Fast
882 1726 392 85 gleichzeitig
1302 1727 117 69 mit
1447 1724 116 70 der
1592 1723 546 73 demokratischen
2168 1723 201 70 Partei
2397 1750 126 43 war
2551 1722 165 70 auch
2746 1721 111 71 der

629 1817 732 71 sozialdemokratischen
1409 1816 645 85 Arbeiterbewegung
2101 1816 110 70 des
2264 1815 288 69 Kantons
2603 1813 252 80 Zürich,

630 1912 102 70 die
769 1911 132 71 sich
939 1914 90 67 im
1068 1910 375 86 politischen
1485 1910 244 85 Kampf
1766 1910 165 70 noch
1966 1940 80 40 an
2079 1910 103 70 die
2211 1928 163 52 erste
2403 1907 313 80 anlehnte,
2745 1907 112 70 der

628 2004 188 70 Atem
868 2004 166 70 stark
1086 2033 459 55 ausgegangen.
1599 2003 134 69 Auf
1783 2003 100 69 ihr
1938 2003 215 69 lastete
2206 2001 323 79 zunächst,
2585 2001 117 69 wie
2749 1999 109 71 auf

628 2126 190 57 jener,
860 2098 111 70 der
1001 2097 158 71 über
1189 2127 158 53 ganz
1378 2095 254 85 Europa
1663 2095 136 71 sich
1829 2094 440 71 ausbreitende
2300 2093 557 77 Geschäftsdruck,

629 2190 168 70 dann
841 2189 149 71 aber
1023 2218 124 41 von
1203 2189 155 70 1878
1401 2188 82 70 ab
1527 2188 147 71 sehr
1719 2188 433 71 erschwerend
2195 2187 161 70 auch
2402 2185 109 70 das
2556 2185 299 70 deutsche

629 2282 433 85 Sozialgesetz.
1132 2281 157 71 Eine
1334 2281 375 85 eigentliche
1756 2279 684 73 sozialdemokratische
2499 2278 200 70 Partei
2745 2278 112 70 der

630 2375 280 71 Schweiz
961 2375 120 86 gab
1132 2405 66 39 es
1250 2405 81 39 zu
1381 2376 174 82 jener
1606 2373 141 70 Zeit
1797 2373 365 84 überhaupt
2213 2372 164 70 noch
2430 2371 194 70 nicht.
2700 2370 157 71 Eine

629 2469 330 85 spezifisch
1030 2467 510 73 schweizerische
1612 2466 330 85 politische
2012 2465 462 86 Organisation,
2548 2465 104 70 die
2723 2465 134 70 ihre

630 2561 361 85 Mitglieder
1060 2560 122 71 fast
1248 2559 483 72 ausschließlich
1799 2589 110 40 aus
1979 2559 112 70 der
2157 2556 496 71 Arbeiterschaft
2723 2556 135 70 und

630 2654 602 85 kleinbürgerlichen
1268 2653 372 71 Elementen
1676 2653 386 79 rekrutierte,
2097 2679 127 44 war
2258 2651 114 70 der
2407 2649 450 80 Grütliverein,

629 2747 112 70 der
799 2747 178 71 indes
1020 2749 103 69 ein
1166 2747 146 70 sehr
1354 2748 273 83 passives
1674 2745 236 70 Dasein
1955 2744 230 71 führte.
2233 2743 72 70 In
2349 2743 148 70 dem
2549 2742 157 71 1874
2751 2773 70 54 ge-

630 2841 350 84 gründeten
1030 2839 576 72 Schweizerischen
1653 2838 490 79 Arbeiterbund,
2195 2837 112 70 der
2355 2836 133 71 sich
2537 2866 110 41 aus
2695 2836 162 69 allen

633 2932 340 73 Sektionen
1020 2933 113 70 der
1182 2931 494 72 Arbeiterschaft
1850 2931 370 85 politischen
2264 2930 330 80 Vereinen,
2660 2927 156 71 Fach-

632 3029 311 67 vereinen*
978 3025 338 85 Bildungs-
1349 3025 136 70 und
1518 3025 827 82 Unterstützungsvereinen
2462 3050 352 42 zusammen-

632 3137 190 52 setzte
851 3119 137 70 und
1016 3121 140 68 eine
1189 3116 640 87 Kampfverbindung
1857 3118 134 68 sein
2020 3115 199 81 sollte,
2250 3115 298 84 überwog
2576 3114 281 85 dagegen

632 3212 108 69 das
794 3212 302 71 deutsche
1146 3212 138 69 und
1336 3212 111 69 das
1490 3210 239 70 diesem
1781 3209 135 71 sich
1970 3209 164 70 noch
2187 3209 188 83 völlig
2416 3205 443 87 angliedernde

632 3304 806 71 deutsch-österreichische
1462 3303 309 71 Element.
1815 3303 197 70 Nicht
2030 3302 126 71 daß
2175 3302 171 70 diese
2366 3300 491 72 Nationalitäten

646 3397 191 70 schon
881 3398 102 71 die
1032 3398 325 70 Mehrheit
1405 3397 112 71 der
1565 3396 453 85 beschäftigten
2069 3394 287 72 Arbeiter
2406 3394 110 70 des
2568 3392 291 71 Kantons

634 3490 238 82 gestellt
922 3491 237 70 hätten.
1240 3490 171 71 Aber
1463 3490 125 70 den
1635 3491 264 69 meisten
1945 3487 336 71 Arbeitern
2321 3486 536 71 schweizerischer

635 3581 404 74 Nationalität
1084 3584 194 70 fehlte
1321 3614 111 40 aus
1480 3582 488 73 verschiedenen
2015 3580 339 80 Gründen,
2401 3580 104 70 die
2547 3610 66 41 u.
2637 3609 56 41 a.
2742 3581 116 69 mit

635 3673 125 69 den
793 3674 1013 87 Unterstützungseinrichtungen
1838 3674 168 72 ihrer
2037 3674 257 71 Heimat
2323 3675 90 67 im
2444 3670 368 72 Zusammen-

638 3765 165 85 hang
836 3769 285 80 standen,
1157 3769 112 70 der
1305 3768 287 80 Antrieb,
1629 3769 134 70 sich
1801 3768 125 70 den
1961 3765 586 87 ausgesprochenen
2586 3764 226 86 Kampf-

637 3862 498 82 organisationen
1194 3862 502 81 anzuschließen,
1756 3861 137 71 und
1949 3861 372 84 diejenigen,
2382 3858 103 71 die
2540 3888 66 41 es
2664 3877 191 60 taten,
