3169 4572
1071 378 256 54 Kasimir
1354 381 293 55 Edschmid
1682 398 23 29 *
1749 386 206 53 Winter

2530 393 84 60 171

477 576 128 69 Die
654 574 214 71 Nacht
918 575 126 85 legt
1094 578 113 72 der
1256 580 210 73 Mond
1514 586 184 70 einen
1750 586 137 72 Hof
1934 589 340 71 riesenhaft
2323 593 155 70 über
2528 597 101 70 die

395 669 295 83 zackigen
723 667 209 72 Räder
963 669 110 71 des
1110 672 273 73 Kessels.
1440 677 126 72 Die
1599 678 300 74 Lawinen
1933 680 269 73 brüllen.
2257 684 127 70 Die
2413 686 212 72 Adern

394 763 240 71 zucken
678 762 204 70 durch
925 794 227 41 unsere
1197 767 270 86 Körper.

477 854 135 72 Wir
637 854 207 72 haben
870 858 184 69 einen
1080 860 353 87 Vormittag
1457 866 65 68 in
1547 866 165 71 alten
1738 868 315 72 silbernen
2081 871 218 71 Dosen
2327 872 297 84 gekramt.

395 948 135 72 Wir
565 948 146 70 sind
748 947 237 73 fromm
1023 954 134 68 und
1193 955 266 72 schlicht
1500 959 111 69 auf
1650 961 112 69 der
1804 961 439 75 Reichsstraße
2286 965 217 72 Italien
2547 999 80 38 zu

395 1041 389 71 marschiert.
831 1042 136 73 Wir
988 1045 215 72 hatten
1228 1046 397 85 Neuschnee,
1650 1055 142 69 sind
1815 1086 66 40 in
1904 1056 262 72 Wolken
2191 1059 397 85 explodieren-

390 1136 126 70 den
557 1133 302 73 Geflocks
897 1168 121 40 wie
1054 1140 65 69 in
1157 1141 362 86 unheihgen
1560 1144 622 77 Flammenscheinen
2221 1152 399 85 abgefahren.

393 1229 134 70 Wir
569 1228 207 71 haben
819 1232 103 68 ein
968 1230 177 73 Haus
1189 1235 269 83 gesehen
1501 1239 65 68 in
1609 1238 419 84 Mittenwald,
2073 1246 63 67 in
2180 1244 146 71 dem
2371 1246 253 72 Goethe

390 1322 276 70 wohnte.
738 1321 135 72 Wir
929 1324 144 70 sind
1131 1354 111 41 vor
1289 1328 113 70 der
1448 1328 339 74 reißenden
1835 1335 455 73 bestürzenden
2336 1337 139 72 Zeit
2522 1369 65 42 er-

390 1416 311 80 schauert,
732 1417 151 70 aber
908 1420 115 68 wir
1052 1418 204 73 haben
1287 1451 119 40 uns
1437 1423 406 87 gelangweilt.
1895 1427 135 71 Wir
2058 1430 203 71 haben
2290 1432 103 70 die
2422 1432 196 73 Liebe

394 1507 164 71 Frau
587 1509 291 73 besucht.
941 1511 136 71 Wir
1110 1512 207 71 haben
1350 1516 206 70 nichts
1589 1519 359 83 gearbeitet.
1990 1522 135 70 Wir
2155 1524 141 70 sind
2329 1528 289 68 verrückt

390 1604 117 67 wie
548 1601 204 71 Stiere
791 1632 113 40 vor
945 1602 182 73 Lust.
1193 1606 134 70 Wir
1367 1608 218 72 fahren
1626 1610 123 71 den
1790 1613 247 80 Abend,
2081 1646 109 39 um
2225 1615 272 73 Theater
2538 1651 78 38 zu

389 1695 215 79 sehen,
649 1696 66 68 in
758 1696 103 70 die
904 1696 199 72 bunte
1145 1698 204 72 Stadt.

474 1788 147 70 Was
671 1817 127 42 war
847 1821 121 39 uns
1019 1793 143 70 das:
1213 1797 313 68 steinerne
1576 1797 289 81 Straßen,
1915 1801 201 69 durch
2166 1802 100 71 die
2317 1802 299 74 Gefährte

390 1883 202 83 jagen,
626 1883 191 83 grelle
851 1883 278 83 Lichter,
1164 1887 104 71 die
1299 1888 125 70 den
1458 1888 281 73 Himmel
1771 1892 387 81 auslöschen,
2192 1897 190 69 deren
2415 1897 161 70 Sehn-

389 1975 185 68 sucht
607 1990 261 71 gesäugt
899 1980 80 67 ist
1010 2009 104 39 am
1148 1978 350 73 Löwenton
1532 1985 364 70 stürzender
1929 1985 318 72 Lawinen.
2303 1986 59 70 0
2393 2018 222 42 unsere

391 2067 229 73 Flucht
645 2099 149 39 zum
818 2071 365 84 englischen
1211 2071 262 84 Garten,
1503 2075 257 72 Herden
1787 2108 123 41 von
1937 2079 348 72 Schwänen
2312 2084 94 67 ins
2434 2081 181 71 Grün

388 2161 296 84 gelagert,
753 2163 592 76 Mövenschwärme
1410 2169 157 71 über
1633 2170 404 74 beschneiten
2106 2173 222 81 Ufern,
2397 2175 218 71 Rollen

386 2254 247 71 weißen
667 2255 279 73 Wassers
979 2290 80 39 an
1092 2260 126 70 den
1255 2260 309 73 Kanälen.
1620 2263 337 72 Bäurische
1989 2265 224 72 Pracht
2244 2267 325 85 Nymphen-

389 2348 215 85 burgs,
657 2352 429 84 emgeschneit
1137 2356 67 68 in
1258 2354 443 83 Safransonne,
1753 2357 178 72 Tanz
1984 2390 122 39 von
2162 2359 268 86 Figuren
2482 2363 132 69 und

388 2441 188 71 Licht
615 2472 79 40 an
734 2464 309 52 vereisten
1084 2445 522 86 Wasserstraßen,
1646 2450 158 71 süße
1840 2451 190 71 Brust
2068 2453 110 69 der
2215 2455 396 70 scheuenden

385 2535 219 71 Venus
649 2535 311 73 Canovas.

468 2629 191 71 Dann
708 2650 127 51 erst
882 2631 172 71 faßte
1099 2664 122 40 uns
1268 2635 104 71 die
1419 2635 300 72 Buntheit
1764 2638 112 69 der
1923 2638 348 71 Menschen
2319 2640 134 69 und
2500 2640 110 70 der

385 2719 165 73 Säle.
605 2723 134 69 Wir
767 2724 225 71 hörten
1020 2757 112 41 aus
1161 2728 124 70 den
1313 2729 408 84 gemilderten
1752 2729 229 72 Höllen
2008 2730 280 71 Advents
2315 2733 102 68 die
2445 2733 163 68 noch

385 2845 80 39 zu
506 2815 169 71 feine
711 2817 159 71 süße
908 2818 273 74 Stimme
1219 2822 182 84 Lucy
1438 2853 122 40 von
1599 2823 249 84 Jakobis
1887 2827 238 81 singen.
2192 2824 188 70 Unda
2417 2824 192 84 gleißt

383 2906 138 82 auf,
555 2908 619 89 kaleidoskopischen
1208 2913 234 83 Blutes,
1477 2916 108 70 das
1620 2916 361 70 Weibchen.
2036 2916 150 70 Paul
2220 2917 186 69 Marx
2437 2916 169 70 stößt

385 3003 239 70 seinem
653 3003 259 71 Partner
940 3007 483 73 widerhakende
1451 3008 213 72 Worte
1692 3012 65 68 in
1786 3010 123 70 den
1940 3010 177 80 Leib,
2149 3010 201 71 heiser
2376 3011 198 70 schrei-

384 3096 127 69 end
544 3096 192 71 daran
771 3099 283 71 reißend.
1122 3100 82 71 Es
1239 3102 309 70 erscheint
1584 3102 249 70 Kaisers
1866 3101 292 80 schmale,
2200 3130 119 42 nur
2351 3105 258 82 geistige

386 3185 205 84 Linie,
644 3219 126 41 von
822 3191 526 87 Vangogh’schen
1400 3194 493 85 Verzückungen
1945 3194 283 80 verklärt,
2281 3195 173 70 nicht
2507 3195 103 70 für

384 3283 232 70 andere
645 3284 308 84 spielend,
986 3288 175 70 nicht
1192 3289 123 69 den
1348 3288 371 80 Menschen,
1754 3287 158 71 Gott
1941 3288 308 71 vielleicht
2279 3288 153 70 oder
2462 3289 144 70 dem

385 3372 232 75 Mond.
681 3377 136 71 Wir
854 3379 193 71 sahen
1087 3382 124 68 den
1250 3380 236 86 großen
1524 3380 436 86 Schauspieler
1994 3380 221 70 Albert
2252 3379 353 82 Steinrück,

385 3464 279 88 Kapitän
690 3469 110 72 des
827 3471 446 82 Totentanzes,
1301 3474 122 70 den
1449 3476 112 68 wir
1584 3476 102 68 nie
1710 3502 346 55 vergessen.
2102 3472 111 71 Als
2237 3472 221 71 Albert
2483 3474 125 69 den

384 3560 189 73 Säbel
623 3563 110 70 auf
781 3565 125 71 den
957 3566 196 71 Tisch
1205 3568 166 79 hieb,
1421 3567 219 84 schlug
1688 3595 67 42 er
1802 3567 102 70 die
1955 3566 493 85 Mitspielenden
2498 3598 111 39 aus

384 3683 293 44 unserem
706 3657 186 82 Hirn,
921 3662 90 68 sie
1039 3661 249 70 klebten
1315 3692 78 39 an
1421 3661 112 70 der
1559 3660 224 80 Wand,
1810 3662 107 77 irr,
1943 3660 413 85 ausgelöscht.
2406 3660 111 71 Als
2545 3689 66 42 er

384 3750 115 67 mit
536 3750 253 71 nackter
827 3751 234 87 Klinge
1095 3755 123 69 den
1255 3754 408 84 Bojarentanz
1698 3781 248 57 sprang,
1983 3753 252 83 glaubte
2270 3754 110 70 das
2418 3753 188 80 Herz,

384 3839 134 72 hier
548 3845 87 69 sei
667 3845 104 70 die
803 3847 190 71 obere
1025 3845 252 71 Grenze
1306 3847 108 71 des
1447 3847 269 79 Wilden,
1752 3847 203 69 nichts
1987 3845 207 71 könne
2223 3845 390 73 furchtbarer
