3230 4572
922 404 225 53 Eduard
1166 404 282 54 Bernstein
1481 424 21 24 *
1535 404 194 54 Völker
1755 422 67 36 zu
1850 404 188 54 Hause

2487 403 108 61 133

370 606 556 86 Festgebliebenen
963 607 201 70 lernte
1198 607 103 71 ich
1339 608 164 71 noch
1540 607 125 71 den
1703 607 270 72 weiland
2009 607 425 85 preußischen
2470 607 81 71 Ar-

366 700 617 85 tilleriehauptmann
1016 698 103 73 Fr.
1152 730 123 41 von
1307 700 193 72 Beust
1532 701 269 81 kennen,
1834 701 113 71 der
1988 700 155 71 1848
2171 730 82 42 an
2285 701 276 70 verschie-

365 795 207 71 denen
591 791 602 85 Volkserhebungen
1212 792 274 73 führend
1504 793 150 83 teilg
1654 824 339 41 enommen
2015 793 172 72 hatte
2204 792 141 71 und
2363 795 66 68 in
2444 821 114 42 con-

365 887 340 73 tumaciam
734 885 261 72 dreimal
1026 917 149 39 zum
1203 885 187 72 Tode
1419 887 320 72 verurteilt
1769 887 258 73 worden
2059 914 149 46 war.
2263 885 87 72 Er
2379 886 217 71 wirkte

365 980 89 71 als
496 978 362 86 Flüchtling
894 980 65 69 in
999 978 232 72 Zürich
1269 980 248 84 längere
1556 979 138 71 Zeit
1731 980 90 71 als
1862 980 239 71 Lehrer
2136 1009 83 41 an
2260 980 172 70 einer
2472 1008 123 42 von

369 1070 224 75 Fröbel
624 1072 429 85 gegründeten
1081 1072 254 81 Schule,
1366 1073 171 70 hatte
1564 1073 170 71 diese
1761 1073 170 70 dann
1960 1073 161 71 nach
2153 1072 262 72 Fröbels
2444 1069 152 74 Tod

367 1166 460 72 übernommen
855 1164 137 70 und
1018 1167 67 67 in
1114 1166 98 69 ihr
1241 1164 109 71 das
1382 1164 252 85 System
1663 1166 113 71 des
1810 1166 422 72 Fröbelschen
2260 1164 293 73 Anschau-

365 1258 541 85 ungsunterrichts
946 1260 213 68 weiter
1195 1258 411 84 ausgebildet,
1645 1289 72 39 so
1755 1258 126 71 daß
1919 1258 103 71 die
2062 1258 233 73 Schule
2335 1258 257 71 weithin

369 1355 87 68 im
489 1351 323 71 Auslande
846 1351 276 70 bekannt
1156 1351 137 70 und
1327 1351 94 71 oft
1456 1381 127 41 von
1616 1351 399 71 Ausländern
2051 1352 266 71 besucht
2351 1351 241 72 wurde.

366 1445 194 71 Beust
595 1472 171 44 —er
795 1442 172 73 hatte
995 1444 127 70 den
1151 1444 330 70 Adelstitel
1510 1444 289 85 abgelegt
1940 1445 170 70 hatte
2138 1445 87 71 als
2258 1445 297 71 Mitarbei-

365 1539 162 69 terin
565 1567 82 39 an
685 1538 204 70 seiner
927 1535 235 71 Schule
1199 1538 173 68 seine
1413 1535 184 83 Frau,
1637 1538 143 68 eine
1820 1535 243 73 Kusine
2102 1567 125 41 von
2269 1536 323 73 Friedrich

367 1629 249 85 Engels,
649 1629 160 70 nach
840 1628 434 85 Erscheinung
1302 1628 136 70 und
1465 1628 229 71 Wesen
1722 1630 143 69 eine
1891 1629 181 71 echte
2101 1629 490 73 Rheinländerin

371 1723 161 71 nach
565 1723 125 70 den
723 1721 239 72 Versen
996 1721 352 71 Simrocks:

454 1815 255 81 „Siehst
741 1815 103 71 die
878 1815 324 71 Mädchen
1235 1845 72 39 so
1339 1813 183 71 frank
1554 1813 134 71 und
1721 1813 103 71 die
1858 1815 273 71 Männer
2162 1844 71 40 so
2266 1815 135 81 frei,

449 1909 113 71 Als
595 1921 127 57 wär
752 1939 67 39 es
852 1910 105 68 ein
988 1907 169 85 adlig
1190 1906 454 72 Geschlecht.“

447 2003 120 69 Ein
585 2001 605 71 charakteristisches
1209 2001 181 71 Wort
1406 2030 125 42 von
1554 2000 97 71 ihr
1670 2000 451 71 kennzeichnet
2140 2000 134 71 ihre
2290 2000 302 72 Denkart.

370 2094 387 72 Wiederholt
779 2095 216 70 hatten
1016 2094 139 71 sich
1178 2094 223 70 Beusts
1425 2123 120 41 uns
1569 2095 65 69 in
1659 2091 235 73 Zürich
1914 2091 311 73 lebenden
2248 2093 344 71 deutschen

370 2187 369 71 Sozialisten
794 2187 286 71 dadurch
1134 2185 251 87 gefällig
1438 2188 320 77 erwiesen,
1815 2185 128 70 daß
1998 2188 90 69 sie
2143 2184 452 86 gemaßregelte

369 2281 444 71 sozialistische
835 2281 237 71 Lehrer
1091 2310 80 41 an
1193 2281 166 70 ihrer
1380 2279 234 73 Schule
1635 2279 476 85 beschäftigten.
2157 2278 188 73 Einer
2364 2278 227 81 davon,

369 2373 104 70 für
507 2373 225 70 dessen
766 2372 379 85 Anstellung
1180 2372 100 71 ich
1316 2403 149 39 zum
1499 2371 143 71 Teil
1679 2372 501 71 verantwortlich
2215 2401 79 40 zu
2333 2371 262 71 machen

369 2494 146 53 war,
555 2467 172 70 hatte
764 2466 134 71 sich
938 2497 196 54 gegen
1174 2466 103 71 die
1317 2466 202 70 Leute
1557 2465 174 71 nicht
1769 2465 144 71 sehr
1950 2465 197 70 schön
2189 2465 405 70 benommen.

367 2560 113 70 Als
517 2559 164 71 Frau
714 2560 194 70 Beust
940 2561 121 68 mir
1093 2589 125 41 von
1251 2560 203 69 seiner
1486 2558 556 85 Verabschiedung
2073 2558 291 80 erzählte,
2399 2575 196 52 setzte

369 2655 90 68 sie
496 2653 226 70 hinzu:
761 2651 128 81 „Er
924 2679 127 44 war
1087 2654 102 67 ein
1227 2650 528 87 ungeschliffener
1792 2650 273 70 Mensch
2102 2650 136 69 und
2275 2649 110 70 das
2425 2649 171 70 hatte

369 2745 170 70 mich
571 2745 336 86 eigentlich
940 2745 103 70 für
1076 2745 112 69 ihn
1221 2747 508 82 eingenommen.
1788 2743 108 70 Ich
1932 2743 160 70 habe
2124 2742 148 70 aber
2305 2742 289 70 erfahren

369 2852 278 66 müssen,
671 2837 127 72 daß
821 2869 146 39 man
991 2839 104 69 ein
1122 2836 208 86 Flegel
1353 2837 137 70 und
1512 2836 180 71 dabei
1717 2836 282 83 zugleich
2023 2836 145 69 sehr
2191 2834 405 85 hinterhältig

370 2935 134 67 sein
539 2930 232 73 kann.“

452 3025 125 70 Die
602 3024 346 72 Beustsche
973 3024 234 69 Schule
1231 3022 216 71 wurde
1472 3024 65 68 in
1564 3020 231 72 Zürich
1820 3021 121 70 fast
1965 3020 479 71 ausschließlich
2469 3049 126 42 von

369 3116 125 71 den
536 3116 290 73 Kindern
863 3116 143 70 dort
1043 3115 295 71 lebender
1376 3113 487 72 wohlhabender
1901 3113 369 69 Deutschen
2305 3111 289 71 besucht.

372 3208 74 72 In
479 3210 145 71 sehr
658 3210 202 71 vielen
898 3208 212 71 Fällen
1146 3236 126 43 war
1303 3208 226 85 jedoch
1565 3206 100 70 bei
1700 3205 124 71 den
1861 3205 214 70 Eltern
2110 3205 203 70 dieser
2350 3204 247 71 Kinder

369 3307 271 81 weniger
672 3306 140 68 eine
842 3303 459 83 Bevorzugung
1331 3300 112 70 der
1474 3299 387 70 Beustschen
1895 3297 702 72 Unterrichtsmethode

371 3394 103 70 für
501 3397 104 70 die
631 3396 182 72 Wahl
840 3396 203 70 dieser
1068 3393 234 70 Schule
1329 3391 444 80 bestimmend,
1800 3391 88 69 als
1914 3393 103 67 ein
2044 3391 289 69 ziemlich
2360 3391 237 69 starker

371 3487 446 74 Snobbismus.
878 3488 71 70 In
986 3486 231 71 Zürich
1253 3486 248 70 besteht
1534 3485 105 69 die
1673 3483 522 79 Einheitsschule,
2232 3482 137 71 und
2403 3482 197 72 selbst

370 3581 456 73 wohlhabende
849 3581 349 71 Schweizer
1218 3577 320 71 schickten
1560 3577 134 70 ihre
1719 3576 243 71 Kinder
1983 3575 470 72 unbedenklich
2474 3607 127 40 von

370 3675 256 85 Anfang
661 3706 81 40 an
780 3678 66 67 in
884 3675 104 70 die
1025 3673 365 85 allgemeine
1427 3670 434 71 Volksschule.
1923 3669 146 71 Den
2109 3670 266 70 meisten
2413 3669 150 72 deut-

372 3768 193 71 schen
597 3769 343 84 Bourgeois
974 3765 186 87 paßte
1193 3796 65 39 es
1291 3764 147 71 aber
1471 3764 196 79 nicht,
1701 3763 134 71 ihre
1870 3761 242 72 Kinder
2147 3761 208 72 neben
2389 3763 177 71 Prole-

375 3862 455 70 tarierkindern
885 3858 427 74 unterrichten
1369 3887 79 40 zu
1507 3857 222 78 lassen,
1786 3854 136 71 und
1975 3885 73 40 so
2102 3885 198 55 zogen
2355 3857 90 70 sie
2500 3854 103 74 die
