<?xml version="1.0" encoding="UTF-8"?>
<alto xmlns:xsi="http://www.w3.org/2001/XMLSchema-instance" xmlns="http://www.loc.gov/standards/alto/ns-v2#" xsi:schemaLocation="http://www.loc.gov/standards/alto/ns-v2# http://www.loc.gov/standards/alto/v2/alto-2-0.xsd" xmlns:xlink="http://www.w3.org/1999/xlink">
	<Description>
		<MeasurementUnit>mm10</MeasurementUnit>
		<sourceImageInformation>
			<fileName>./bmtnabr_1916-05_01_0038.jp2</fileName>
		</sourceImageInformation>
		<OCRProcessing ID="OCRPROCESSING_1">
			<preProcessingStep>
				<processingSoftware>
					<softwareCreator>CCS Content Conversion Specialists GmbH, Germany</softwareCreator>
					<softwareName>CCS docWorks</softwareName>
					<softwareVersion>6.8-1.27</softwareVersion>
				</processingSoftware>
			</preProcessingStep>
			<ocrProcessingStep>
				<processingSoftware>
					<softwareCreator>ABBYY (BIT Software), Russia</softwareCreator>
					<softwareName>FineReader</softwareName>
					<softwareVersion>11.0</softwareVersion>
				</processingSoftware>
			</ocrProcessingStep>
			<postProcessingStep>
				<processingSoftware>
					<softwareCreator>CCS Content Conversion Specialists GmbH, Germany</softwareCreator>
					<softwareName>CCS docWorks</softwareName>
					<softwareVersion>6.8-1.27</softwareVersion>
					<applicationDescription>docWorks: Text modified manually, or automatically replaced</applicationDescription>
				</processingSoftware>
			</postProcessingStep>
		</OCRProcessing>
	</Description>
	<Styles>
		<TextStyle ID="TXT_0" FONTSIZE="27" FONTFAMILY="Times New Roman"/>
		<TextStyle ID="TXT_1" FONTSIZE="20" FONTFAMILY="Times New Roman" FONTSTYLE="bold italics"/>
		<TextStyle ID="TXT_2" FONTSIZE="24" FONTFAMILY="Times New Roman"/>
		<ParagraphStyle ID="PAR_LEFT" ALIGN="Left"/>
		<ParagraphStyle ID="PAR_RIGHT" ALIGN="Right"/>
		<ParagraphStyle ID="PAR_BLOCK" ALIGN="Block"/>
	</Styles>
	<Layout>
		<Page ID="P38" PHYSICAL_IMG_NR="38" HEIGHT="4572" WIDTH="3220" PRINTED_IMG_NR="128" PC="0.964">
			<TopMargin ID="P38_TM00001" HPOS="0" VPOS="0" WIDTH="3220" HEIGHT="485">
				<TextBlock ID="P38_TB00001" HPOS="685" VPOS="422" WIDTH="109" HEIGHT="60" STYLEREFS="TXT_0 PAR_LEFT">
					<TextLine ID="P38_TL00001" HPOS="685" VPOS="422" WIDTH="109" HEIGHT="60">
						<String ID="P38_ST00001" HPOS="685" VPOS="422" WIDTH="109" HEIGHT="60" CONTENT="128" WC="1.00" CC="000"/>
					</TextLine>
				</TextBlock>
				<TextBlock ID="P38_TB00002" HPOS="1236" VPOS="425" WIDTH="1121" HEIGHT="56" STYLEREFS="TXT_1 PAR_RIGHT">
					<TextLine ID="P38_TL00002" HPOS="1238" VPOS="427" WIDTH="1119" HEIGHT="54">
						<String ID="P38_ST00002" HPOS="1238" VPOS="429" WIDTH="225" HEIGHT="52" CONTENT="Eduard" WC="0.98" CC="006539"/>
						<SP ID="P38_SP00001" HPOS="1463" VPOS="481" WIDTH="19"/>
						<String ID="P38_ST00003" HPOS="1482" VPOS="428" WIDTH="284" HEIGHT="52" CONTENT="Bernstein" WC="0.98" CC="555565505"/>
						<SP ID="P38_SP00002" HPOS="1766" VPOS="481" WIDTH="32"/>
						<String ID="P38_ST00004" HPOS="1798" VPOS="448" WIDTH="23" HEIGHT="22" CONTENT="*" WC="1.00" CC="0"/>
						<SP ID="P38_SP00003" HPOS="1821" VPOS="481" WIDTH="37"/>
						<String ID="P38_ST00005" HPOS="1858" VPOS="428" WIDTH="192" HEIGHT="52" CONTENT="Völker" WC="1.00" CC="000000"/>
						<SP ID="P38_SP00004" HPOS="2050" VPOS="481" WIDTH="25"/>
						<String ID="P38_ST00006" HPOS="2075" VPOS="444" WIDTH="67" HEIGHT="36" CONTENT="zu" WC="0.69" CC="06"/>
						<SP ID="P38_SP00005" HPOS="2142" VPOS="481" WIDTH="27"/>
						<String ID="P38_ST00007" HPOS="2169" VPOS="427" WIDTH="188" HEIGHT="54" CONTENT="Hause" WC="0.97" CC="26950"/>
					</TextLine>
				</TextBlock>
			</TopMargin>
			<LeftMargin ID="P38_LM00001" HPOS="0" VPOS="485" WIDTH="676" HEIGHT="3479"/>
			<RightMargin ID="P38_RM00001" HPOS="2915" VPOS="485" WIDTH="305" HEIGHT="3479"/>
			<BottomMargin ID="P38_BM00001" HPOS="0" VPOS="3964" WIDTH="3220" HEIGHT="608"/>
			<PrintSpace ID="P38_PS00001" HPOS="676" VPOS="485" WIDTH="2239" HEIGHT="3479">
				<TextBlock ID="P38_TB00003" HPOS="676" VPOS="625" WIDTH="2239" HEIGHT="3339" STYLEREFS="TXT_2 PAR_BLOCK">
					<TextLine ID="P38_TL00003" HPOS="685" VPOS="626" WIDTH="2229" HEIGHT="86">
						<String ID="P38_ST00008" HPOS="685" VPOS="627" WIDTH="127" HEIGHT="72" CONTENT="keit" SUBS_TYPE="HypPart2" SUBS_CONTENT="Unabhängigkeit" WC="0.64" CC="5062"/>
						<SP ID="P38_SP00006" HPOS="812" VPOS="699" WIDTH="37"/>
						<String ID="P38_ST00009" HPOS="849" VPOS="659" WIDTH="149" HEIGHT="40" CONTENT="vom" WC="1.00" CC="000"/>
						<SP ID="P38_SP00007" HPOS="998" VPOS="699" WIDTH="39"/>
						<String ID="P38_ST00010" HPOS="1037" VPOS="628" WIDTH="195" HEIGHT="71" CONTENT="Reich" WC="0.98" CC="00707"/>
						<SP ID="P38_SP00008" HPOS="1232" VPOS="699" WIDTH="39"/>
						<String ID="P38_ST00011" HPOS="1271" VPOS="627" WIDTH="270" HEIGHT="71" CONTENT="bedroht" WC="0.98" CC="7075370"/>
						<SP ID="P38_SP00009" HPOS="1541" VPOS="699" WIDTH="38"/>
						<String ID="P38_ST00012" HPOS="1579" VPOS="628" WIDTH="154" HEIGHT="69" CONTENT="oder" WC="0.97" CC="0905"/>
						<SP ID="P38_SP00010" HPOS="1733" VPOS="699" WIDTH="40"/>
						<String ID="P38_ST00013" HPOS="1773" VPOS="626" WIDTH="306" HEIGHT="71" CONTENT="bedrückt" WC="0.99" CC="70040240"/>
						<SP ID="P38_SP00011" HPOS="2079" VPOS="699" WIDTH="38"/>
						<String ID="P38_ST00014" HPOS="2117" VPOS="627" WIDTH="265" HEIGHT="85" CONTENT="gefühlt," WC="0.99" CC="60400602"/>
						<SP ID="P38_SP00012" HPOS="2382" VPOS="712" WIDTH="38"/>
						<String ID="P38_ST00015" HPOS="2420" VPOS="627" WIDTH="112" HEIGHT="71" CONTENT="auf" WC="0.96" CC="047"/>
						<SP ID="P38_SP00013" HPOS="2532" VPOS="712" WIDTH="34"/>
						<String ID="P38_ST00016" HPOS="2566" VPOS="628" WIDTH="111" HEIGHT="70" CONTENT="das" WC="1.00" CC="000"/>
						<SP ID="P38_SP00014" HPOS="2677" VPOS="712" WIDTH="42"/>
						<String ID="P38_ST00017" HPOS="2719" VPOS="628" WIDTH="195" HEIGHT="71" CONTENT="Reich" WC="0.99" CC="00610"/>
					</TextLine>
					<TextLine ID="P38_TL00004" HPOS="685" VPOS="720" WIDTH="2229" HEIGHT="86">
						<String ID="P38_ST00018" HPOS="685" VPOS="722" WIDTH="119" HEIGHT="69" CONTENT="mit" WC="0.97" CC="170"/>
						<SP ID="P38_SP00015" HPOS="804" VPOS="791" WIDTH="40"/>
						<String ID="P38_ST00019" HPOS="844" VPOS="721" WIDTH="238" HEIGHT="71" CONTENT="Furcht" WC="0.99" CC="435000"/>
						<SP ID="P38_SP00016" HPOS="1082" VPOS="792" WIDTH="39"/>
						<String ID="P38_ST00020" HPOS="1121" VPOS="720" WIDTH="290" HEIGHT="86" CONTENT="geblickt," WC="0.99" CC="407670003"/>
						<SP ID="P38_SP00017" HPOS="1411" VPOS="806" WIDTH="41"/>
						<String ID="P38_ST00021" HPOS="1452" VPOS="720" WIDTH="103" HEIGHT="70" CONTENT="die" WC="0.97" CC="070"/>
						<SP ID="P38_SP00018" HPOS="1555" VPOS="806" WIDTH="38"/>
						<String ID="P38_ST00022" HPOS="1593" VPOS="720" WIDTH="135" HEIGHT="70" CONTENT="sich" WC="0.97" CC="0607"/>
						<SP ID="P38_SP00019" HPOS="1728" VPOS="806" WIDTH="39"/>
						<String ID="P38_ST00023" HPOS="1767" VPOS="738" WIDTH="153" HEIGHT="52" CONTENT="stets" WC="1.00" CC="00000"/>
						<SP ID="P38_SP00020" HPOS="1920" VPOS="806" WIDTH="40"/>
						<String ID="P38_ST00024" HPOS="1960" VPOS="721" WIDTH="65" HEIGHT="69" CONTENT="in" WC="0.78" CC="40"/>
						<SP ID="P38_SP00021" HPOS="2025" VPOS="806" WIDTH="40"/>
						<String ID="P38_ST00025" HPOS="2065" VPOS="722" WIDTH="104" HEIGHT="68" CONTENT="ein" WC="0.98" CC="050"/>
						<SP ID="P38_SP00022" HPOS="2169" VPOS="806" WIDTH="40"/>
						<String ID="P38_ST00026" HPOS="2209" VPOS="720" WIDTH="521" HEIGHT="86" CONTENT="Haßempfinden" WC="1.00" CC="000000670000"/>
						<SP ID="P38_SP00023" HPOS="2730" VPOS="806" WIDTH="41"/>
						<String ID="P38_ST00027" HPOS="2771" VPOS="752" WIDTH="96" HEIGHT="39" CONTENT="um" SUBS_TYPE="HypPart1" SUBS_CONTENT="umsetzte," WC="0.97" CC="40"/>
						<HYP HPOS="2867" VPOS="752" WIDTH="47" CONTENT="-"/>
					</TextLine>
					<TextLine ID="P38_TL00005" HPOS="684" VPOS="810" WIDTH="2230" HEIGHT="86">
						<String ID="P38_ST00028" HPOS="684" VPOS="833" WIDTH="219" HEIGHT="62" CONTENT="setzte," SUBS_TYPE="HypPart2" SUBS_CONTENT="umsetzte," WC="1.00" CC="4000002"/>
						<SP ID="P38_SP00024" HPOS="903" VPOS="895" WIDTH="26"/>
						<String ID="P38_ST00029" HPOS="929" VPOS="844" WIDTH="146" HEIGHT="42" CONTENT="vom" WC="1.00" CC="000"/>
						<SP ID="P38_SP00025" HPOS="1075" VPOS="895" WIDTH="27"/>
						<String ID="P38_ST00030" HPOS="1102" VPOS="812" WIDTH="196" HEIGHT="72" CONTENT="Reich" WC="0.99" CC="00700"/>
						<SP ID="P38_SP00026" HPOS="1298" VPOS="895" WIDTH="25"/>
						<String ID="P38_ST00031" HPOS="1323" VPOS="814" WIDTH="207" HEIGHT="82" CONTENT="wenig" WC="0.99" CC="10260"/>
						<SP ID="P38_SP00027" HPOS="1530" VPOS="896" WIDTH="27"/>
						<String ID="P38_ST00032" HPOS="1557" VPOS="810" WIDTH="204" HEIGHT="72" CONTENT="Gutes" WC="0.99" CC="35000"/>
						<SP ID="P38_SP00028" HPOS="1761" VPOS="896" WIDTH="27"/>
						<String ID="P38_ST00033" HPOS="1788" VPOS="812" WIDTH="311" HEIGHT="80" CONTENT="erfahren," WC="0.99" CC="005004033"/>
						<SP ID="P38_SP00029" HPOS="2099" VPOS="896" WIDTH="28"/>
						<String ID="P38_ST00034" HPOS="2127" VPOS="814" WIDTH="110" HEIGHT="70" CONTENT="das" WC="1.00" CC="000"/>
						<SP ID="P38_SP00030" HPOS="2237" VPOS="896" WIDTH="31"/>
						<String ID="P38_ST00035" HPOS="2268" VPOS="814" WIDTH="197" HEIGHT="71" CONTENT="Reich" WC="0.99" CC="00500"/>
						<SP ID="P38_SP00031" HPOS="2465" VPOS="896" WIDTH="25"/>
						<String ID="P38_ST00036" HPOS="2490" VPOS="814" WIDTH="88" HEIGHT="71" CONTENT="als" WC="0.98" CC="230"/>
						<SP ID="P38_SP00032" HPOS="2578" VPOS="896" WIDTH="28"/>
						<String ID="P38_ST00037" HPOS="2606" VPOS="815" WIDTH="124" HEIGHT="70" CONTENT="den" WC="1.00" CC="000"/>
						<SP ID="P38_SP00033" HPOS="2730" VPOS="896" WIDTH="28"/>
						<String ID="P38_ST00038" HPOS="2758" VPOS="814" WIDTH="117" HEIGHT="71" CONTENT="Ver" SUBS_TYPE="HypPart1" SUBS_CONTENT="Verbündeten" WC="0.99" CC="001"/>
						<HYP HPOS="2875" VPOS="814" WIDTH="39" CONTENT="-"/>
					</TextLine>
					<TextLine ID="P38_TL00006" HPOS="688" VPOS="904" WIDTH="2227" HEIGHT="86">
						<String ID="P38_ST00039" HPOS="688" VPOS="906" WIDTH="324" HEIGHT="72" CONTENT="bündeten" SUBS_TYPE="HypPart2" SUBS_CONTENT="Verbündeten" WC="1.00" CC="70100000"/>
						<SP ID="P38_SP00034" HPOS="1012" VPOS="978" WIDTH="57"/>
						<String ID="P38_ST00040" HPOS="1069" VPOS="906" WIDTH="165" HEIGHT="70" CONTENT="ihrer" WC="0.98" CC="67000"/>
						<SP ID="P38_SP00035" HPOS="1234" VPOS="978" WIDTH="55"/>
						<String ID="P38_ST00041" HPOS="1289" VPOS="904" WIDTH="387" HEIGHT="71" CONTENT="heimischen" WC="1.00" CC="0050500000"/>
						<SP ID="P38_SP00036" HPOS="1676" VPOS="978" WIDTH="61"/>
						<String ID="P38_ST00042" HPOS="1737" VPOS="905" WIDTH="475" HEIGHT="71" CONTENT="Unterdrücker" WC="1.00" CC="100040300001"/>
						<SP ID="P38_SP00037" HPOS="2212" VPOS="978" WIDTH="55"/>
						<String ID="P38_ST00043" HPOS="2267" VPOS="908" WIDTH="290" HEIGHT="82" CONTENT="gesehen," WC="1.00" CC="00000000"/>
						<SP ID="P38_SP00038" HPOS="2557" VPOS="990" WIDTH="60"/>
						<String ID="P38_ST00044" HPOS="2617" VPOS="908" WIDTH="298" HEIGHT="70" CONTENT="während" WC="1.00" CC="1000000"/>
					</TextLine>
					<TextLine ID="P38_TL00007" HPOS="689" VPOS="998" WIDTH="2226" HEIGHT="72">
						<String ID="P38_ST00045" HPOS="689" VPOS="999" WIDTH="375" HEIGHT="71" CONTENT="Frankreich" WC="1.00" CC="1300000700"/>
						<SP ID="P38_SP00039" HPOS="1064" VPOS="1070" WIDTH="32"/>
						<String ID="P38_ST00046" HPOS="1096" VPOS="999" WIDTH="191" HEIGHT="69" CONTENT="ihnen" WC="0.98" CC="60202"/>
						<SP ID="P38_SP00040" HPOS="1287" VPOS="1070" WIDTH="31"/>
						<String ID="P38_ST00047" HPOS="1318" VPOS="1017" WIDTH="187" HEIGHT="51" CONTENT="unter" WC="0.99" CC="54000"/>
						<SP ID="P38_SP00041" HPOS="1505" VPOS="1070" WIDTH="29"/>
						<String ID="P38_ST00048" HPOS="1534" VPOS="998" WIDTH="126" HEIGHT="70" CONTENT="den" WC="0.99" CC="002"/>
						<SP ID="P38_SP00042" HPOS="1660" VPOS="1070" WIDTH="31"/>
						<String ID="P38_ST00049" HPOS="1691" VPOS="998" WIDTH="386" HEIGHT="71" CONTENT="Bourbonen" WC="0.99" CC="003170200"/>
						<SP ID="P38_SP00043" HPOS="2077" VPOS="1070" WIDTH="32"/>
						<String ID="P38_ST00050" HPOS="2109" VPOS="998" WIDTH="257" HEIGHT="71" CONTENT="Erwerb" WC="0.99" CC="060030"/>
						<SP ID="P38_SP00044" HPOS="2366" VPOS="1070" WIDTH="33"/>
						<String ID="P38_ST00051" HPOS="2399" VPOS="1000" WIDTH="110" HEIGHT="69" CONTENT="bot" WC="1.00" CC="000"/>
						<SP ID="P38_SP00045" HPOS="2509" VPOS="1070" WIDTH="31"/>
						<String ID="P38_ST00052" HPOS="2540" VPOS="1000" WIDTH="136" HEIGHT="70" CONTENT="und" WC="0.98" CC="600"/>
						<SP ID="P38_SP00046" HPOS="2676" VPOS="1070" WIDTH="30"/>
						<String ID="P38_ST00053" HPOS="2706" VPOS="1002" WIDTH="65" HEIGHT="68" CONTENT="in" WC="0.66" CC="60"/>
						<SP ID="P38_SP00047" HPOS="2771" VPOS="1070" WIDTH="32"/>
						<String ID="P38_ST00054" HPOS="2803" VPOS="1000" WIDTH="112" HEIGHT="70" CONTENT="der" WC="0.97" CC="006"/>
					</TextLine>
					<TextLine ID="P38_TL00008" HPOS="689" VPOS="1091" WIDTH="2225" HEIGHT="86">
						<String ID="P38_ST00055" HPOS="689" VPOS="1093" WIDTH="235" HEIGHT="84" CONTENT="großen" WC="1.00" CC="010000"/>
						<SP ID="P38_SP00048" HPOS="924" VPOS="1177" WIDTH="28"/>
						<String ID="P38_ST00056" HPOS="952" VPOS="1091" WIDTH="377" HEIGHT="71" CONTENT="Revolution" WC="1.00" CC="0000620500"/>
						<SP ID="P38_SP00049" HPOS="1329" VPOS="1177" WIDTH="26"/>
						<String ID="P38_ST00057" HPOS="1355" VPOS="1091" WIDTH="344" HEIGHT="69" CONTENT="Befreierin" WC="0.99" CC="0064070260"/>
						<SP ID="P38_SP00050" HPOS="1699" VPOS="1177" WIDTH="27"/>
						<String ID="P38_ST00058" HPOS="1726" VPOS="1091" WIDTH="237" HEIGHT="71" CONTENT="wurde." WC="0.99" CC="061003"/>
						<SP ID="P38_SP00051" HPOS="1963" VPOS="1177" WIDTH="50"/>
						<String ID="P38_ST00059" HPOS="2013" VPOS="1091" WIDTH="88" HEIGHT="71" CONTENT="So" WC="1.00" CC="00"/>
						<SP ID="P38_SP00052" HPOS="2101" VPOS="1177" WIDTH="27"/>
						<String ID="P38_ST00060" HPOS="2128" VPOS="1092" WIDTH="107" HEIGHT="70" CONTENT="hat" WC="0.97" CC="700"/>
						<SP ID="P38_SP00053" HPOS="2235" VPOS="1177" WIDTH="24"/>
						<String ID="P38_ST00061" HPOS="2259" VPOS="1093" WIDTH="193" HEIGHT="79" CONTENT="denn," WC="1.00" CC="00201"/>
						<SP ID="P38_SP00054" HPOS="2452" VPOS="1177" WIDTH="27"/>
						<String ID="P38_ST00062" HPOS="2479" VPOS="1092" WIDTH="242" HEIGHT="71" CONTENT="worauf" WC="1.00" CC="000005"/>
						<SP ID="P38_SP00055" HPOS="2721" VPOS="1177" WIDTH="24"/>
						<String ID="P38_ST00063" HPOS="2745" VPOS="1094" WIDTH="169" HEIGHT="69" CONTENT="mich" WC="0.99" CC="0500"/>
					</TextLine>
					<TextLine ID="P38_TL00009" HPOS="692" VPOS="1183" WIDTH="2223" HEIGHT="73">
						<String ID="P38_ST00064" HPOS="692" VPOS="1185" WIDTH="299" HEIGHT="71" CONTENT="Theodor" WC="1.00" CC="0000001"/>
						<SP ID="P38_SP00056" HPOS="991" VPOS="1256" WIDTH="42"/>
						<String ID="P38_ST00065" HPOS="1033" VPOS="1183" WIDTH="182" HEIGHT="70" CONTENT="Curti" WC="0.89" CC="00005"/>
						<SP ID="P38_SP00057" HPOS="1215" VPOS="1256" WIDTH="41"/>
						<String ID="P38_ST00066" HPOS="1256" VPOS="1183" WIDTH="228" HEIGHT="70" CONTENT="einmal" WC="0.99" CC="070003"/>
						<SP ID="P38_SP00058" HPOS="1484" VPOS="1256" WIDTH="41"/>
						<String ID="P38_ST00067" HPOS="1525" VPOS="1183" WIDTH="422" HEIGHT="71" CONTENT="aufmerksam" WC="1.00" CC="0060050000"/>
						<SP ID="P38_SP00059" HPOS="1947" VPOS="1256" WIDTH="40"/>
						<String ID="P38_ST00068" HPOS="1987" VPOS="1185" WIDTH="249" HEIGHT="69" CONTENT="machte" WC="1.00" CC="000000"/>
						<SP ID="P38_SP00060" HPOS="2236" VPOS="1256" WIDTH="41"/>
						<String ID="P38_ST00069" HPOS="2277" VPOS="1186" WIDTH="136" HEIGHT="70" CONTENT="und" WC="0.99" CC="020"/>
						<SP ID="P38_SP00061" HPOS="2413" VPOS="1256" WIDTH="39"/>
						<String ID="P38_ST00070" HPOS="2452" VPOS="1215" WIDTH="124" HEIGHT="41" CONTENT="was" WC="1.00" CC="000"/>
						<SP ID="P38_SP00062" HPOS="2576" VPOS="1256" WIDTH="42"/>
						<String ID="P38_ST00071" HPOS="2618" VPOS="1186" WIDTH="135" HEIGHT="70" CONTENT="sich" WC="0.99" CC="0600"/>
						<SP ID="P38_SP00063" HPOS="2753" VPOS="1256" WIDTH="42"/>
						<String ID="P38_ST00072" HPOS="2795" VPOS="1187" WIDTH="120" HEIGHT="69" CONTENT="mir" WC="0.97" CC="053"/>
					</TextLine>
					<TextLine ID="P38_TL00010" HPOS="687" VPOS="1276" WIDTH="2227" HEIGHT="85">
						<String ID="P38_ST00073" HPOS="687" VPOS="1290" WIDTH="209" HEIGHT="71" CONTENT="später" WC="0.99" CC="023103"/>
						<SP ID="P38_SP00064" HPOS="896" VPOS="1361" WIDTH="31"/>
						<String ID="P38_ST00074" HPOS="927" VPOS="1276" WIDTH="96" HEIGHT="70" CONTENT="oft" WC="0.98" CC="050"/>
						<SP ID="P38_SP00065" HPOS="1023" VPOS="1361" WIDTH="32"/>
						<String ID="P38_ST00075" HPOS="1055" VPOS="1276" WIDTH="292" HEIGHT="84" CONTENT="bestätigt" WC="1.00" CC="700000600"/>
						<SP ID="P38_SP00066" HPOS="1347" VPOS="1361" WIDTH="32"/>
						<String ID="P38_ST00076" HPOS="1379" VPOS="1276" WIDTH="127" HEIGHT="80" CONTENT="hat," WC="0.98" CC="7002"/>
						<SP ID="P38_SP00067" HPOS="1506" VPOS="1361" WIDTH="33"/>
						<String ID="P38_ST00077" HPOS="1539" VPOS="1277" WIDTH="203" HEIGHT="70" CONTENT="dieses" WC="1.00" CC="060000"/>
						<SP ID="P38_SP00068" HPOS="1742" VPOS="1361" WIDTH="32"/>
						<String ID="P38_ST00078" HPOS="1774" VPOS="1277" WIDTH="484" HEIGHT="84" CONTENT="geschichtliche" WC="1.00" CC="00000600056000"/>
						<SP ID="P38_SP00069" HPOS="2258" VPOS="1361" WIDTH="31"/>
						<String ID="P38_ST00079" HPOS="2289" VPOS="1277" WIDTH="356" HEIGHT="71" CONTENT="Verhältnis" WC="1.00" CC="0040030060"/>
						<SP ID="P38_SP00070" HPOS="2645" VPOS="1361" WIDTH="33"/>
						<String ID="P38_ST00080" HPOS="2678" VPOS="1309" WIDTH="80" HEIGHT="38" CONTENT="zu" WC="0.98" CC="00"/>
						<SP ID="P38_SP00071" HPOS="2758" VPOS="1361" WIDTH="32"/>
						<String ID="P38_ST00081" HPOS="2790" VPOS="1277" WIDTH="124" HEIGHT="71" CONTENT="den" WC="0.97" CC="007"/>
					</TextLine>
					<TextLine ID="P38_TL00011" HPOS="685" VPOS="1369" WIDTH="2228" HEIGHT="82">
						<String ID="P38_ST00082" HPOS="685" VPOS="1370" WIDTH="230" HEIGHT="70" CONTENT="beiden" WC="0.98" CC="706003"/>
						<SP ID="P38_SP00072" HPOS="915" VPOS="1440" WIDTH="29"/>
						<String ID="P38_ST00083" HPOS="944" VPOS="1369" WIDTH="562" HEIGHT="71" CONTENT="Nachbarländern" WC="1.00" CC="00070053000000"/>
						<SP ID="P38_SP00073" HPOS="1506" VPOS="1440" WIDTH="28"/>
						<String ID="P38_ST00084" HPOS="1534" VPOS="1370" WIDTH="162" HEIGHT="70" CONTENT="auch" WC="0.97" CC="0507"/>
						<SP ID="P38_SP00074" HPOS="1696" VPOS="1440" WIDTH="28"/>
						<String ID="P38_ST00085" HPOS="1724" VPOS="1371" WIDTH="66" HEIGHT="69" CONTENT="in" WC="0.65" CC="50"/>
						<SP ID="P38_SP00075" HPOS="1790" VPOS="1440" WIDTH="30"/>
						<String ID="P38_ST00086" HPOS="1820" VPOS="1370" WIDTH="111" HEIGHT="70" CONTENT="der" WC="0.99" CC="002"/>
						<SP ID="P38_SP00076" HPOS="1931" VPOS="1440" WIDTH="28"/>
						<String ID="P38_ST00087" HPOS="1959" VPOS="1369" WIDTH="459" HEIGHT="82" CONTENT="Volkssprache" WC="1.00" CC="002000020000"/>
						<SP ID="P38_SP00077" HPOS="2418" VPOS="1451" WIDTH="25"/>
						<String ID="P38_ST00088" HPOS="2443" VPOS="1371" WIDTH="337" HEIGHT="70" CONTENT="Ausdruck" WC="1.00" CC="04003000"/>
						<SP ID="P38_SP00078" HPOS="2780" VPOS="1451" WIDTH="26"/>
						<String ID="P38_ST00089" HPOS="2806" VPOS="1402" WIDTH="72" HEIGHT="49" CONTENT="ge" SUBS_TYPE="HypPart1" SUBS_CONTENT="gefunden." WC="0.95" CC="90"/>
						<HYP HPOS="2878" VPOS="1402" WIDTH="35" CONTENT="-"/>
					</TextLine>
					<TextLine ID="P38_TL00012" HPOS="680" VPOS="1461" WIDTH="2233" HEIGHT="88">
						<String ID="P38_ST00090" HPOS="680" VPOS="1461" WIDTH="268" HEIGHT="73" CONTENT="funden." SUBS_TYPE="HypPart2" SUBS_CONTENT="gefunden." WC="0.99" CC="6060024"/>
						<SP ID="P38_SP00079" HPOS="948" VPOS="1534" WIDTH="52"/>
						<String ID="P38_ST00091" HPOS="1000" VPOS="1461" WIDTH="209" HEIGHT="73" CONTENT="Wenn" WC="0.98" CC="4006"/>
						<SP ID="P38_SP00080" HPOS="1209" VPOS="1534" WIDTH="29"/>
						<String ID="P38_ST00092" HPOS="1238" VPOS="1464" WIDTH="114" HEIGHT="70" CONTENT="der" WC="1.00" CC="000"/>
						<SP ID="P38_SP00081" HPOS="1352" VPOS="1534" WIDTH="28"/>
						<String ID="P38_ST00093" HPOS="1380" VPOS="1465" WIDTH="192" HEIGHT="83" CONTENT="junge" WC="0.98" CC="35060"/>
						<SP ID="P38_SP00082" HPOS="1572" VPOS="1548" WIDTH="30"/>
						<String ID="P38_ST00094" HPOS="1602" VPOS="1463" WIDTH="353" HEIGHT="72" CONTENT="Schweizer" WC="1.00" CC="000006000"/>
						<SP ID="P38_SP00083" HPOS="1955" VPOS="1548" WIDTH="31"/>
						<String ID="P38_ST00095" HPOS="1986" VPOS="1465" WIDTH="95" HEIGHT="69" CONTENT="ins" WC="0.98" CC="400"/>
						<SP ID="P38_SP00084" HPOS="2081" VPOS="1548" WIDTH="31"/>
						<String ID="P38_ST00096" HPOS="2112" VPOS="1463" WIDTH="288" HEIGHT="72" CONTENT="Ausland" WC="0.99" CC="0406050"/>
						<SP ID="P38_SP00085" HPOS="2400" VPOS="1548" WIDTH="29"/>
						<String ID="P38_ST00097" HPOS="2429" VPOS="1465" WIDTH="203" HEIGHT="84" CONTENT="gehen" WC="1.00" CC="00000"/>
						<SP ID="P38_SP00086" HPOS="2632" VPOS="1549" WIDTH="31"/>
						<String ID="P38_ST00098" HPOS="2663" VPOS="1464" WIDTH="147" HEIGHT="80" CONTENT="will," WC="0.98" CC="06332"/>
						<SP ID="P38_SP00087" HPOS="2810" VPOS="1549" WIDTH="32"/>
						<String ID="P38_ST00099" HPOS="2842" VPOS="1496" WIDTH="71" HEIGHT="38" CONTENT="so" WC="0.85" CC="02"/>
					</TextLine>
					<TextLine ID="P38_TL00013" HPOS="682" VPOS="1553" WIDTH="2232" HEIGHT="89">
						<String ID="P38_ST00100" HPOS="682" VPOS="1574" WIDTH="137" HEIGHT="67" CONTENT="sagt" WC="1.00" CC="0000"/>
						<SP ID="P38_SP00088" HPOS="819" VPOS="1641" WIDTH="23"/>
						<String ID="P38_ST00101" HPOS="842" VPOS="1583" WIDTH="86" HEIGHT="52" CONTENT="er," WC="0.98" CC="003"/>
						<SP ID="P38_SP00089" HPOS="928" VPOS="1641" WIDTH="25"/>
						<String ID="P38_ST00102" HPOS="953" VPOS="1585" WIDTH="186" HEIGHT="40" CONTENT="wenn" WC="1.00" CC="0000"/>
						<SP ID="P38_SP00090" HPOS="1139" VPOS="1641" WIDTH="26"/>
						<String ID="P38_ST00103" HPOS="1165" VPOS="1554" WIDTH="379" HEIGHT="73" CONTENT="Frankreich" WC="1.00" CC="0002020700"/>
						<SP ID="P38_SP00091" HPOS="1544" VPOS="1641" WIDTH="24"/>
						<String ID="P38_ST00104" HPOS="1568" VPOS="1558" WIDTH="133" HEIGHT="69" CONTENT="sein" WC="0.99" CC="0022"/>
						<SP ID="P38_SP00092" HPOS="1701" VPOS="1641" WIDTH="26"/>
						<String ID="P38_ST00105" HPOS="1727" VPOS="1553" WIDTH="133" HEIGHT="74" CONTENT="Ziel" WC="0.97" CC="6601"/>
						<SP ID="P38_SP00093" HPOS="1860" VPOS="1641" WIDTH="24"/>
						<String ID="P38_ST00106" HPOS="1884" VPOS="1558" WIDTH="112" HEIGHT="69" CONTENT="ist:" WC="0.98" CC="7001"/>
						<SP ID="P38_SP00094" HPOS="1996" VPOS="1641" WIDTH="28"/>
						<String ID="P38_ST00107" HPOS="2024" VPOS="1557" WIDTH="154" HEIGHT="78" CONTENT="„Ich" WC="0.98" CC="4500"/>
						<SP ID="P38_SP00095" HPOS="2178" VPOS="1641" WIDTH="23"/>
						<String ID="P38_ST00108" HPOS="2201" VPOS="1587" WIDTH="163" HEIGHT="55" CONTENT="gang" WC="1.00" CC="0020"/>
						<SP ID="P38_SP00096" HPOS="2364" VPOS="1642" WIDTH="23"/>
						<String ID="P38_ST00109" HPOS="2387" VPOS="1557" WIDTH="162" HEIGHT="70" CONTENT="nach" WC="0.99" CC="4000"/>
						<SP ID="P38_SP00097" HPOS="2549" VPOS="1642" WIDTH="26"/>
						<String ID="P38_ST00110" HPOS="2575" VPOS="1555" WIDTH="339" HEIGHT="72" CONTENT="Frankrich" WC="0.85" CC="040004400"/>
					</TextLine>
					<TextLine ID="P38_TL00014" HPOS="680" VPOS="1647" WIDTH="2232" HEIGHT="88">
						<String ID="P38_ST00111" HPOS="680" VPOS="1649" WIDTH="73" HEIGHT="69" CONTENT="in" WC="0.32" CC="76"/>
						<SP ID="P38_SP00098" HPOS="753" VPOS="1718" WIDTH="12"/>
						<String ID="P38_ST00112" HPOS="765" VPOS="1647" WIDTH="169" HEIGHT="81" CONTENT="ne“," WC="0.97" CC="5080"/>
						<SP ID="P38_SP00099" HPOS="934" VPOS="1728" WIDTH="24"/>
						<String ID="P38_ST00113" HPOS="958" VPOS="1679" WIDTH="186" HEIGHT="40" CONTENT="wenn" WC="1.00" CC="0002"/>
						<SP ID="P38_SP00100" HPOS="1144" VPOS="1728" WIDTH="24"/>
						<String ID="P38_ST00114" HPOS="1168" VPOS="1676" WIDTH="67" HEIGHT="43" CONTENT="er" WC="0.76" CC="04"/>
						<SP ID="P38_SP00101" HPOS="1235" VPOS="1728" WIDTH="23"/>
						<String ID="P38_ST00115" HPOS="1258" VPOS="1648" WIDTH="151" HEIGHT="71" CONTENT="aber" WC="0.98" CC="0700"/>
						<SP ID="P38_SP00102" HPOS="1409" VPOS="1728" WIDTH="24"/>
						<String ID="P38_ST00116" HPOS="1433" VPOS="1649" WIDTH="440" HEIGHT="70" CONTENT="Deutschland" WC="0.99" CC="40300073040"/>
						<SP ID="P38_SP00103" HPOS="1873" VPOS="1728" WIDTH="21"/>
						<String ID="P38_ST00117" HPOS="1894" VPOS="1649" WIDTH="211" HEIGHT="80" CONTENT="wählt," WC="0.99" CC="000503"/>
						<SP ID="P38_SP00104" HPOS="2105" VPOS="1729" WIDTH="26"/>
						<String ID="P38_ST00118" HPOS="2131" VPOS="1649" WIDTH="147" HEIGHT="86" CONTENT="geht" WC="1.00" CC="0000"/>
						<SP ID="P38_SP00105" HPOS="2278" VPOS="1735" WIDTH="25"/>
						<String ID="P38_ST00119" HPOS="2303" VPOS="1677" WIDTH="68" HEIGHT="44" CONTENT="er" WC="0.86" CC="02"/>
						<SP ID="P38_SP00106" HPOS="2371" VPOS="1735" WIDTH="26"/>
						<String ID="P38_ST00120" HPOS="2397" VPOS="1649" WIDTH="205" HEIGHT="80" CONTENT="„nach" WC="0.99" CC="30030"/>
						<SP ID="P38_SP00107" HPOS="2602" VPOS="1735" WIDTH="25"/>
						<String ID="P38_ST00121" HPOS="2627" VPOS="1649" WIDTH="245" HEIGHT="70" CONTENT="Dütsch" SUBS_TYPE="HypPart1" SUBS_CONTENT="Dütschland" WC="0.90" CC="200000"/>
						<HYP HPOS="2872" VPOS="1649" WIDTH="40" CONTENT="-"/>
					</TextLine>
					<TextLine ID="P38_TL00015" HPOS="680" VPOS="1741" WIDTH="2233" HEIGHT="81">
						<String ID="P38_ST00122" HPOS="680" VPOS="1741" WIDTH="154" HEIGHT="71" CONTENT="land" SUBS_TYPE="HypPart2" SUBS_CONTENT="Dütschland" WC="0.76" CC="3050"/>
						<SP ID="P38_SP00108" HPOS="834" VPOS="1812" WIDTH="41"/>
						<String ID="P38_ST00123" HPOS="875" VPOS="1741" WIDTH="195" HEIGHT="80" CONTENT="uße“," WC="0.95" CC="00002"/>
						<SP ID="P38_SP00109" HPOS="1070" VPOS="1821" WIDTH="45"/>
						<String ID="P38_ST00124" HPOS="1115" VPOS="1742" WIDTH="67" HEIGHT="70" CONTENT="d." WC="0.86" CC="02"/>
						<SP ID="P38_SP00110" HPOS="1182" VPOS="1821" WIDTH="25"/>
						<String ID="P38_ST00125" HPOS="1207" VPOS="1742" WIDTH="65" HEIGHT="70" CONTENT="h." WC="0.90" CC="02"/>
						<SP ID="P38_SP00111" HPOS="1272" VPOS="1821" WIDTH="43"/>
						<String ID="P38_ST00126" HPOS="1315" VPOS="1742" WIDTH="162" HEIGHT="70" CONTENT="nach" WC="1.00" CC="0000"/>
						<SP ID="P38_SP00112" HPOS="1477" VPOS="1821" WIDTH="44"/>
						<String ID="P38_ST00127" HPOS="1521" VPOS="1741" WIDTH="376" HEIGHT="71" CONTENT="Frankreich" WC="0.99" CC="0603030700"/>
						<SP ID="P38_SP00113" HPOS="1897" VPOS="1821" WIDTH="43"/>
						<String ID="P38_ST00128" HPOS="1940" VPOS="1743" WIDTH="282" HEIGHT="79" CONTENT="hinein," WC="0.99" CC="0600742"/>
						<SP ID="P38_SP00114" HPOS="2222" VPOS="1822" WIDTH="45"/>
						<String ID="P38_ST00129" HPOS="2267" VPOS="1742" WIDTH="160" HEIGHT="71" CONTENT="nach" WC="1.00" CC="1000"/>
						<SP ID="P38_SP00115" HPOS="2427" VPOS="1822" WIDTH="43"/>
						<String ID="P38_ST00130" HPOS="2470" VPOS="1742" WIDTH="443" HEIGHT="71" CONTENT="Deutschland" WC="1.00" CC="40000005000"/>
					</TextLine>
					<TextLine ID="P38_TL00016" HPOS="682" VPOS="1834" WIDTH="2232" HEIGHT="86">
						<String ID="P38_ST00131" HPOS="682" VPOS="1834" WIDTH="290" HEIGHT="71" CONTENT="hinaus." WC="0.99" CC="0300502"/>
						<SP ID="P38_SP00116" HPOS="972" VPOS="1905" WIDTH="49"/>
						<String ID="P38_ST00132" HPOS="1021" VPOS="1835" WIDTH="195" HEIGHT="70" CONTENT="Diese" WC="0.99" CC="06000"/>
						<SP ID="P38_SP00117" HPOS="1216" VPOS="1905" WIDTH="26"/>
						<String ID="P38_ST00133" HPOS="1242" VPOS="1835" WIDTH="189" HEIGHT="70" CONTENT="heute" WC="0.99" CC="00600"/>
						<SP ID="P38_SP00118" HPOS="1431" VPOS="1905" WIDTH="24"/>
						<String ID="P38_ST00134" HPOS="1455" VPOS="1865" WIDTH="161" HEIGHT="55" CONTENT="ganz" WC="0.99" CC="0030"/>
						<SP ID="P38_SP00119" HPOS="1616" VPOS="1920" WIDTH="24"/>
						<String ID="P38_ST00135" HPOS="1640" VPOS="1835" WIDTH="467" HEIGHT="71" CONTENT="unreflektierte" WC="1.00" CC="60007500160000"/>
						<SP ID="P38_SP00120" HPOS="2107" VPOS="1920" WIDTH="25"/>
						<String ID="P38_ST00136" HPOS="2132" VPOS="1835" WIDTH="554" HEIGHT="85" CONTENT="Differenzierung" WC="1.00" CC="056400000704300"/>
						<SP ID="P38_SP00121" HPOS="2686" VPOS="1920" WIDTH="24"/>
						<String ID="P38_ST00137" HPOS="2710" VPOS="1849" WIDTH="204" HEIGHT="57" CONTENT="verrät" WC="0.99" CC="005100"/>
					</TextLine>
					<TextLine ID="P38_TL00017" HPOS="678" VPOS="1927" WIDTH="2236" HEIGHT="86">
						<String ID="P38_ST00138" HPOS="678" VPOS="1927" WIDTH="117" HEIGHT="71" CONTENT="das" WC="0.96" CC="703"/>
						<SP ID="P38_SP00122" HPOS="795" VPOS="1998" WIDTH="28"/>
						<String ID="P38_ST00139" HPOS="823" VPOS="1927" WIDTH="341" HEIGHT="71" CONTENT="differente" WC="0.99" CC="6265363420"/>
						<SP ID="P38_SP00123" HPOS="1164" VPOS="1998" WIDTH="28"/>
						<String ID="P38_ST00140" HPOS="1192" VPOS="1927" WIDTH="599" HEIGHT="86" CONTENT="Unterempfinden," WC="0.99" CC="066464656650464"/>
						<SP ID="P38_SP00124" HPOS="1791" VPOS="2013" WIDTH="30"/>
						<String ID="P38_ST00141" HPOS="1821" VPOS="1927" WIDTH="110" HEIGHT="71" CONTENT="das" WC="0.97" CC="044"/>
						<SP ID="P38_SP00125" HPOS="1931" VPOS="2013" WIDTH="30"/>
						<String ID="P38_ST00142" HPOS="1961" VPOS="1955" WIDTH="122" HEIGHT="43" CONTENT="nur" WC="0.97" CC="404"/>
						<SP ID="P38_SP00126" HPOS="2083" VPOS="2013" WIDTH="28"/>
						<String ID="P38_ST00143" HPOS="2111" VPOS="1929" WIDTH="206" HEIGHT="84" CONTENT="wenig" WC="0.97" CC="54437"/>
						<SP ID="P38_SP00127" HPOS="2317" VPOS="2013" WIDTH="28"/>
						<String ID="P38_ST00144" HPOS="2345" VPOS="1927" WIDTH="287" HEIGHT="81" CONTENT="braucht," WC="0.98" CC="67730754"/>
						<SP ID="P38_SP00128" HPOS="2632" VPOS="2013" WIDTH="30"/>
						<String ID="P38_ST00145" HPOS="2662" VPOS="1957" WIDTH="112" HEIGHT="41" CONTENT="um" WC="0.64" CC="07"/>
						<SP ID="P38_SP00129" HPOS="2774" VPOS="2013" WIDTH="30"/>
						<String ID="P38_ST00146" HPOS="2804" VPOS="1927" WIDTH="74" HEIGHT="71" CONTENT="be" SUBS_TYPE="HypPart1" SUBS_CONTENT="bewußte" WC="0.50" CC="74"/>
						<HYP HPOS="2878" VPOS="1927" WIDTH="36" CONTENT="-"/>
					</TextLine>
					<TextLine ID="P38_TL00018" HPOS="679" VPOS="2019" WIDTH="2233" HEIGHT="86">
						<String ID="P38_ST00147" HPOS="679" VPOS="2022" WIDTH="216" HEIGHT="69" CONTENT="wußte" SUBS_TYPE="HypPart2" SUBS_CONTENT="bewußte" WC="0.99" CC="04000"/>
						<SP ID="P38_SP00130" HPOS="895" VPOS="2091" WIDTH="34"/>
						<String ID="P38_ST00148" HPOS="929" VPOS="2019" WIDTH="612" HEIGHT="86" CONTENT="Gegensätzlichkeit" WC="1.00" CC="00003000026000050"/>
						<SP ID="P38_SP00131" HPOS="1541" VPOS="2105" WIDTH="31"/>
						<String ID="P38_ST00149" HPOS="1572" VPOS="2052" WIDTH="80" HEIGHT="39" CONTENT="zu" WC="0.81" CC="03"/>
						<SP ID="P38_SP00132" HPOS="1652" VPOS="2105" WIDTH="30"/>
						<String ID="P38_ST00150" HPOS="1682" VPOS="2023" WIDTH="273" HEIGHT="70" CONTENT="werden." WC="0.99" CC="0050023"/>
						<SP ID="P38_SP00133" HPOS="1955" VPOS="2105" WIDTH="58"/>
						<String ID="P38_ST00151" HPOS="2013" VPOS="2022" WIDTH="355" HEIGHT="71" CONTENT="Elementar" WC="1.00" CC="040000005"/>
						<SP ID="P38_SP00134" HPOS="2368" VPOS="2105" WIDTH="32"/>
						<String ID="P38_ST00152" HPOS="2400" VPOS="2023" WIDTH="248" HEIGHT="70" CONTENT="machte" WC="1.00" CC="000000"/>
						<SP ID="P38_SP00135" HPOS="2648" VPOS="2105" WIDTH="30"/>
						<String ID="P38_ST00153" HPOS="2678" VPOS="2053" WIDTH="65" HEIGHT="40" CONTENT="es" WC="1.00" CC="00"/>
						<SP ID="P38_SP00136" HPOS="2743" VPOS="2105" WIDTH="34"/>
						<String ID="P38_ST00154" HPOS="2777" VPOS="2023" WIDTH="135" HEIGHT="70" CONTENT="sich" WC="0.99" CC="0400"/>
					</TextLine>
					<TextLine ID="P38_TL00019" HPOS="678" VPOS="2113" WIDTH="2235" HEIGHT="86">
						<String ID="P38_ST00155" HPOS="678" VPOS="2142" WIDTH="118" HEIGHT="42" CONTENT="zur" WC="0.96" CC="460"/>
						<SP ID="P38_SP00137" HPOS="796" VPOS="2184" WIDTH="47"/>
						<String ID="P38_ST00156" HPOS="843" VPOS="2113" WIDTH="141" HEIGHT="71" CONTENT="Zeit" WC="0.99" CC="0060"/>
						<SP ID="P38_SP00138" HPOS="984" VPOS="2184" WIDTH="47"/>
						<String ID="P38_ST00157" HPOS="1031" VPOS="2114" WIDTH="112" HEIGHT="70" CONTENT="des" WC="1.00" CC="000"/>
						<SP ID="P38_SP00139" HPOS="1143" VPOS="2184" WIDTH="49"/>
						<String ID="P38_ST00158" HPOS="1192" VPOS="2114" WIDTH="763" HEIGHT="70" CONTENT="deutsch-französischen" WC="1.00" CC="000000045201010700004"/>
						<SP ID="P38_SP00140" HPOS="1955" VPOS="2184" WIDTH="52"/>
						<String ID="P38_ST00159" HPOS="2007" VPOS="2114" WIDTH="262" HEIGHT="85" CONTENT="Krieges" WC="0.99" CC="5470000"/>
						<SP ID="P38_SP00141" HPOS="2269" VPOS="2199" WIDTH="48"/>
						<String ID="P38_ST00160" HPOS="2317" VPOS="2114" WIDTH="275" HEIGHT="85" CONTENT="geltend." WC="0.99" CC="00400304"/>
						<SP ID="P38_SP00142" HPOS="2592" VPOS="2199" WIDTH="70"/>
						<String ID="P38_ST00161" HPOS="2662" VPOS="2114" WIDTH="111" HEIGHT="71" CONTENT="Als" WC="0.98" CC="040"/>
						<SP ID="P38_SP00143" HPOS="2773" VPOS="2199" WIDTH="51"/>
						<String ID="P38_ST00162" HPOS="2824" VPOS="2117" WIDTH="89" HEIGHT="67" CONTENT="im" WC="1.00" CC="00"/>
					</TextLine>
					<TextLine ID="P38_TL00020" HPOS="678" VPOS="2207" WIDTH="2232" HEIGHT="84">
						<String ID="P38_ST00163" HPOS="678" VPOS="2207" WIDTH="236" HEIGHT="84" CONTENT="Januar" WC="0.99" CC="304600"/>
						<SP ID="P38_SP00144" HPOS="914" VPOS="2291" WIDTH="39"/>
						<String ID="P38_ST00164" HPOS="953" VPOS="2207" WIDTH="140" HEIGHT="70" CONTENT="1871" WC="0.66" CC="7014"/>
						<SP ID="P38_SP00145" HPOS="1093" VPOS="2291" WIDTH="43"/>
						<String ID="P38_ST00165" HPOS="1136" VPOS="2207" WIDTH="535" HEIGHT="70" CONTENT="Reichsdeutsche" WC="1.00" CC="00600000500000"/>
						<SP ID="P38_SP00146" HPOS="1671" VPOS="2291" WIDTH="32"/>
						<String ID="P38_ST00166" HPOS="1703" VPOS="2209" WIDTH="64" HEIGHT="68" CONTENT="in" WC="0.57" CC="61"/>
						<SP ID="P38_SP00147" HPOS="1767" VPOS="2291" WIDTH="31"/>
						<String ID="P38_ST00167" HPOS="1798" VPOS="2208" WIDTH="112" HEIGHT="69" CONTENT="der" WC="0.98" CC="004"/>
						<SP ID="P38_SP00148" HPOS="1910" VPOS="2291" WIDTH="30"/>
						<String ID="P38_ST00168" HPOS="1940" VPOS="2207" WIDTH="280" HEIGHT="71" CONTENT="Zürcher" WC="1.00" CC="0000002"/>
						<SP ID="P38_SP00149" HPOS="2220" VPOS="2291" WIDTH="29"/>
						<String ID="P38_ST00169" HPOS="2249" VPOS="2207" WIDTH="312" HEIGHT="71" CONTENT="Tonhalle" WC="0.99" CC="20000450"/>
						<SP ID="P38_SP00150" HPOS="2561" VPOS="2291" WIDTH="31"/>
						<String ID="P38_ST00170" HPOS="2592" VPOS="2208" WIDTH="103" HEIGHT="70" CONTENT="die" WC="0.97" CC="070"/>
						<SP ID="P38_SP00151" HPOS="2695" VPOS="2291" WIDTH="30"/>
						<String ID="P38_ST00171" HPOS="2725" VPOS="2208" WIDTH="148" HEIGHT="70" CONTENT="deut" SUBS_TYPE="HypPart1" SUBS_CONTENT="deutschen" WC="0.99" CC="0010"/>
						<HYP HPOS="2873" VPOS="2208" WIDTH="37" CONTENT="-"/>
					</TextLine>
					<TextLine ID="P38_TL00021" HPOS="683" VPOS="2298" WIDTH="2226" HEIGHT="87">
						<String ID="P38_ST00172" HPOS="683" VPOS="2301" WIDTH="193" HEIGHT="70" CONTENT="schen" SUBS_TYPE="HypPart2" SUBS_CONTENT="deutschen" WC="1.00" CC="00000"/>
						<SP ID="P38_SP00152" HPOS="876" VPOS="2371" WIDTH="46"/>
						<String ID="P38_ST00173" HPOS="922" VPOS="2298" WIDTH="185" HEIGHT="87" CONTENT="Siege" WC="0.99" CC="06000"/>
						<SP ID="P38_SP00153" HPOS="1107" VPOS="2385" WIDTH="45"/>
						<String ID="P38_ST00174" HPOS="1152" VPOS="2300" WIDTH="157" HEIGHT="71" CONTENT="über" WC="0.98" CC="0700"/>
						<SP ID="P38_SP00154" HPOS="1309" VPOS="2385" WIDTH="47"/>
						<String ID="P38_ST00175" HPOS="1356" VPOS="2300" WIDTH="376" HEIGHT="71" CONTENT="Frankreich" WC="0.99" CC="4400550307"/>
						<SP ID="P38_SP00155" HPOS="1732" VPOS="2385" WIDTH="46"/>
						<String ID="P38_ST00176" HPOS="1778" VPOS="2300" WIDTH="284" HEIGHT="80" CONTENT="feierten," WC="0.99" CC="507000021"/>
						<SP ID="P38_SP00156" HPOS="2062" VPOS="2385" WIDTH="46"/>
						<String ID="P38_ST00177" HPOS="2108" VPOS="2301" WIDTH="122" HEIGHT="84" CONTENT="gab" WC="0.97" CC="007"/>
						<SP ID="P38_SP00157" HPOS="2230" VPOS="2385" WIDTH="44"/>
						<String ID="P38_ST00178" HPOS="2274" VPOS="2331" WIDTH="65" HEIGHT="40" CONTENT="es" WC="1.00" CC="00"/>
						<SP ID="P38_SP00158" HPOS="2339" VPOS="2385" WIDTH="47"/>
						<String ID="P38_ST00179" HPOS="2386" VPOS="2302" WIDTH="140" HEIGHT="69" CONTENT="eine" WC="0.99" CC="0500"/>
						<SP ID="P38_SP00159" HPOS="2526" VPOS="2385" WIDTH="44"/>
						<String ID="P38_ST00180" HPOS="2570" VPOS="2300" WIDTH="339" HEIGHT="71" CONTENT="feindliche" WC="0.99" CC="6063036070"/>
					</TextLine>
					<TextLine ID="P38_TL00022" HPOS="682" VPOS="2392" WIDTH="2227" HEIGHT="84">
						<String ID="P38_ST00181" HPOS="682" VPOS="2392" WIDTH="518" HEIGHT="70" CONTENT="Demonstration" WC="1.00" CC="0000000100740"/>
						<SP ID="P38_SP00160" HPOS="1200" VPOS="2462" WIDTH="21"/>
						<String ID="P38_ST00182" HPOS="1221" VPOS="2392" WIDTH="112" HEIGHT="70" CONTENT="der" WC="0.99" CC="002"/>
						<SP ID="P38_SP00161" HPOS="1333" VPOS="2462" WIDTH="19"/>
						<String ID="P38_ST00183" HPOS="1352" VPOS="2392" WIDTH="456" HEIGHT="84" CONTENT="Bevölkerung," WC="1.00" CC="000050010203"/>
						<SP ID="P38_SP00162" HPOS="1808" VPOS="2476" WIDTH="22"/>
						<String ID="P38_ST00184" HPOS="1830" VPOS="2392" WIDTH="103" HEIGHT="70" CONTENT="die" WC="0.97" CC="060"/>
						<SP ID="P38_SP00163" HPOS="1933" VPOS="2476" WIDTH="21"/>
						<String ID="P38_ST00185" HPOS="1954" VPOS="2392" WIDTH="264" HEIGHT="71" CONTENT="beinahe" WC="0.99" CC="7061000"/>
						<SP ID="P38_SP00164" HPOS="2218" VPOS="2476" WIDTH="21"/>
						<String ID="P38_ST00186" HPOS="2239" VPOS="2423" WIDTH="78" HEIGHT="39" CONTENT="zu" WC="0.91" CC="01"/>
						<SP ID="P38_SP00165" HPOS="2317" VPOS="2476" WIDTH="22"/>
						<String ID="P38_ST00187" HPOS="2339" VPOS="2395" WIDTH="207" HEIGHT="67" CONTENT="einem" WC="0.98" CC="07500"/>
						<SP ID="P38_SP00166" HPOS="2546" VPOS="2476" WIDTH="20"/>
						<String ID="P38_ST00188" HPOS="2566" VPOS="2392" WIDTH="343" HEIGHT="71" CONTENT="veritablen" WC="0.75" CC="0005007507"/>
					</TextLine>
					<TextLine ID="P38_TL00023" HPOS="680" VPOS="2485" WIDTH="875" HEIGHT="84">
						<String ID="P38_ST00189" HPOS="680" VPOS="2485" WIDTH="292" HEIGHT="70" CONTENT="Aufruhr" WC="0.99" CC="0660002"/>
						<SP ID="P38_SP00167" HPOS="972" VPOS="2555" WIDTH="32"/>
						<String ID="P38_ST00190" HPOS="1004" VPOS="2485" WIDTH="334" HEIGHT="84" CONTENT="geworden" WC="1.00" CC="00005000"/>
						<SP ID="P38_SP00168" HPOS="1338" VPOS="2569" WIDTH="33"/>
						<String ID="P38_ST00191" HPOS="1371" VPOS="2498" WIDTH="184" HEIGHT="57" CONTENT="wäre." WC="0.99" CC="00303"/>
					</TextLine>
					<TextLine ID="P38_TL00024" HPOS="764" VPOS="2578" WIDTH="2148" HEIGHT="85">
						<String ID="P38_ST00192" HPOS="764" VPOS="2578" WIDTH="296" HEIGHT="70" CONTENT="Darüber" WC="0.99" CC="0000704"/>
						<SP ID="P38_SP00169" HPOS="1060" VPOS="2648" WIDTH="24"/>
						<String ID="P38_ST00193" HPOS="1084" VPOS="2606" WIDTH="206" HEIGHT="42" CONTENT="waren" WC="1.00" CC="00000"/>
						<SP ID="P38_SP00170" HPOS="1290" VPOS="2648" WIDTH="28"/>
						<String ID="P38_ST00194" HPOS="1318" VPOS="2578" WIDTH="165" HEIGHT="70" CONTENT="noch" WC="0.98" CC="0007"/>
						<SP ID="P38_SP00171" HPOS="1483" VPOS="2648" WIDTH="25"/>
						<String ID="P38_ST00195" HPOS="1508" VPOS="2578" WIDTH="181" HEIGHT="70" CONTENT="keine" WC="0.99" CC="00700"/>
						<SP ID="P38_SP00172" HPOS="1689" VPOS="2648" WIDTH="24"/>
						<String ID="P38_ST00196" HPOS="1713" VPOS="2578" WIDTH="160" HEIGHT="70" CONTENT="zehn" WC="1.00" CC="0002"/>
						<SP ID="P38_SP00173" HPOS="1873" VPOS="2648" WIDTH="25"/>
						<String ID="P38_ST00197" HPOS="1898" VPOS="2578" WIDTH="186" HEIGHT="84" CONTENT="Jahre" WC="1.00" CC="00000"/>
						<SP ID="P38_SP00174" HPOS="2084" VPOS="2662" WIDTH="24"/>
						<String ID="P38_ST00198" HPOS="2108" VPOS="2607" WIDTH="373" HEIGHT="56" CONTENT="vergangen," WC="1.00" CC="0000000000"/>
						<SP ID="P38_SP00175" HPOS="2481" VPOS="2663" WIDTH="28"/>
						<String ID="P38_ST00199" HPOS="2509" VPOS="2579" WIDTH="88" HEIGHT="69" CONTENT="als" WC="0.98" CC="040"/>
						<SP ID="P38_SP00176" HPOS="2597" VPOS="2663" WIDTH="26"/>
						<String ID="P38_ST00200" HPOS="2623" VPOS="2579" WIDTH="102" HEIGHT="70" CONTENT="ich" WC="0.97" CC="620"/>
						<SP ID="P38_SP00177" HPOS="2725" VPOS="2663" WIDTH="28"/>
						<String ID="P38_ST00201" HPOS="2753" VPOS="2579" WIDTH="159" HEIGHT="70" CONTENT="nach" WC="0.99" CC="5000"/>
					</TextLine>
					<TextLine ID="P38_TL00025" HPOS="684" VPOS="2669" WIDTH="2230" HEIGHT="88">
						<String ID="P38_ST00202" HPOS="684" VPOS="2669" WIDTH="236" HEIGHT="73" CONTENT="Zürich" WC="0.99" CC="004700"/>
						<SP ID="P38_SP00178" HPOS="920" VPOS="2742" WIDTH="31"/>
						<String ID="P38_ST00203" HPOS="951" VPOS="2672" WIDTH="164" HEIGHT="80" CONTENT="kam," WC="0.99" CC="0004"/>
						<SP ID="P38_SP00179" HPOS="1115" VPOS="2752" WIDTH="30"/>
						<String ID="P38_ST00204" HPOS="1145" VPOS="2672" WIDTH="136" HEIGHT="70" CONTENT="und" WC="0.98" CC="500"/>
						<SP ID="P38_SP00180" HPOS="1281" VPOS="2752" WIDTH="29"/>
						<String ID="P38_ST00205" HPOS="1310" VPOS="2672" WIDTH="111" HEIGHT="70" CONTENT="das" WC="1.00" CC="000"/>
						<SP ID="P38_SP00181" HPOS="1421" VPOS="2752" WIDTH="30"/>
						<String ID="P38_ST00206" HPOS="1451" VPOS="2670" WIDTH="315" HEIGHT="72" CONTENT="Vorurteil" WC="0.99" CC="002030066"/>
						<SP ID="P38_SP00182" HPOS="1766" VPOS="2752" WIDTH="32"/>
						<String ID="P38_ST00207" HPOS="1798" VPOS="2702" WIDTH="198" HEIGHT="55" CONTENT="gegen" WC="1.00" CC="00000"/>
						<SP ID="P38_SP00183" HPOS="1996" VPOS="2757" WIDTH="31"/>
						<String ID="P38_ST00208" HPOS="2027" VPOS="2672" WIDTH="102" HEIGHT="71" CONTENT="die" WC="0.97" CC="060"/>
						<SP ID="P38_SP00184" HPOS="2129" VPOS="2757" WIDTH="33"/>
						<String ID="P38_ST00209" HPOS="2162" VPOS="2670" WIDTH="460" HEIGHT="82" CONTENT="„Schwaben“," WC="1.00" CC="10000070082"/>
						<SP ID="P38_SP00185" HPOS="2622" VPOS="2757" WIDTH="32"/>
						<String ID="P38_ST00210" HPOS="2654" VPOS="2674" WIDTH="118" HEIGHT="69" CONTENT="wie" WC="0.97" CC="070"/>
						<SP ID="P38_SP00186" HPOS="2772" VPOS="2757" WIDTH="29"/>
						<String ID="P38_ST00211" HPOS="2801" VPOS="2672" WIDTH="113" HEIGHT="70" CONTENT="der" WC="0.98" CC="005"/>
					</TextLine>
					<TextLine ID="P38_TL00026" HPOS="688" VPOS="2763" WIDTH="2222" HEIGHT="81">
						<String ID="P38_ST00212" HPOS="688" VPOS="2763" WIDTH="465" HEIGHT="73" CONTENT="Sammelname" WC="1.00" CC="0000035000"/>
						<SP ID="P38_SP00187" HPOS="1153" VPOS="2836" WIDTH="19"/>
						<String ID="P38_ST00213" HPOS="1172" VPOS="2764" WIDTH="103" HEIGHT="70" CONTENT="für" WC="0.97" CC="303"/>
						<SP ID="P38_SP00188" HPOS="1275" VPOS="2836" WIDTH="20"/>
						<String ID="P38_ST00214" HPOS="1295" VPOS="2764" WIDTH="103" HEIGHT="70" CONTENT="die" WC="0.98" CC="060"/>
						<SP ID="P38_SP00189" HPOS="1398" VPOS="2836" WIDTH="21"/>
						<String ID="P38_ST00215" HPOS="1419" VPOS="2764" WIDTH="371" HEIGHT="70" CONTENT="Deutschen" WC="1.00" CC="005000700"/>
						<SP ID="P38_SP00190" HPOS="1790" VPOS="2836" WIDTH="22"/>
						<String ID="P38_ST00216" HPOS="1812" VPOS="2766" WIDTH="249" HEIGHT="78" CONTENT="lautete," WC="0.99" CC="60600001"/>
						<SP ID="P38_SP00191" HPOS="2061" VPOS="2844" WIDTH="21"/>
						<String ID="P38_ST00217" HPOS="2082" VPOS="2794" WIDTH="127" HEIGHT="42" CONTENT="war" WC="1.00" CC="000"/>
						<SP ID="P38_SP00192" HPOS="2209" VPOS="2844" WIDTH="19"/>
						<String ID="P38_ST00218" HPOS="2228" VPOS="2764" WIDTH="166" HEIGHT="70" CONTENT="noch" WC="0.99" CC="3000"/>
						<SP ID="P38_SP00193" HPOS="2394" VPOS="2844" WIDTH="21"/>
						<String ID="P38_ST00219" HPOS="2415" VPOS="2766" WIDTH="287" HEIGHT="70" CONTENT="ziemlich" WC="1.00" CC="04000600"/>
						<SP ID="P38_SP00194" HPOS="2702" VPOS="2844" WIDTH="22"/>
						<String ID="P38_ST00220" HPOS="2724" VPOS="2764" WIDTH="186" HEIGHT="72" CONTENT="stark." WC="1.00" CC="000004"/>
					</TextLine>
					<TextLine ID="P38_TL00027" HPOS="685" VPOS="2857" WIDTH="2227" HEIGHT="85">
						<String ID="P38_ST00221" HPOS="685" VPOS="2857" WIDTH="176" HEIGHT="70" CONTENT="Aber" WC="0.98" CC="0701"/>
						<SP ID="P38_SP00195" HPOS="861" VPOS="2927" WIDTH="39"/>
						<String ID="P38_ST00222" HPOS="900" VPOS="2889" WIDTH="65" HEIGHT="39" CONTENT="es" WC="1.00" CC="00"/>
						<SP ID="P38_SP00196" HPOS="965" VPOS="2928" WIDTH="40"/>
						<String ID="P38_ST00223" HPOS="1005" VPOS="2857" WIDTH="260" HEIGHT="71" CONTENT="äußerte" WC="0.99" CC="0400500"/>
						<SP ID="P38_SP00197" HPOS="1265" VPOS="2928" WIDTH="38"/>
						<String ID="P38_ST00224" HPOS="1303" VPOS="2857" WIDTH="134" HEIGHT="71" CONTENT="sich" WC="0.97" CC="0707"/>
						<SP ID="P38_SP00198" HPOS="1437" VPOS="2928" WIDTH="41"/>
						<String ID="P38_ST00225" HPOS="1478" VPOS="2860" WIDTH="89" HEIGHT="67" CONTENT="im" WC="0.66" CC="60"/>
						<SP ID="P38_SP00199" HPOS="1567" VPOS="2928" WIDTH="39"/>
						<String ID="P38_ST00226" HPOS="1606" VPOS="2858" WIDTH="396" HEIGHT="84" CONTENT="praktischen" WC="1.00" CC="00000500000"/>
						<SP ID="P38_SP00200" HPOS="2002" VPOS="2942" WIDTH="40"/>
						<String ID="P38_ST00227" HPOS="2042" VPOS="2857" WIDTH="338" HEIGHT="71" CONTENT="Verhalten" WC="1.00" CC="001003000"/>
						<SP ID="P38_SP00201" HPOS="2380" VPOS="2942" WIDTH="40"/>
						<String ID="P38_ST00228" HPOS="2420" VPOS="2858" WIDTH="174" HEIGHT="70" CONTENT="nicht" WC="0.99" CC="06000"/>
						<SP ID="P38_SP00202" HPOS="2594" VPOS="2942" WIDTH="38"/>
						<String ID="P38_ST00229" HPOS="2632" VPOS="2888" WIDTH="240" HEIGHT="54" CONTENT="unange" SUBS_TYPE="HypPart1" SUBS_CONTENT="unangenehmer," WC="0.99" CC="604120"/>
						<HYP HPOS="2872" VPOS="2888" WIDTH="40" CONTENT="-"/>
					</TextLine>
					<TextLine ID="P38_TL00028" HPOS="688" VPOS="2950" WIDTH="2225" HEIGHT="85">
						<String ID="P38_ST00230" HPOS="688" VPOS="2950" WIDTH="284" HEIGHT="80" CONTENT="nehmer," SUBS_TYPE="HypPart2" SUBS_CONTENT="unangenehmer," WC="0.99" CC="6000051"/>
						<SP ID="P38_SP00203" HPOS="972" VPOS="3030" WIDTH="42"/>
						<String ID="P38_ST00231" HPOS="1014" VPOS="2951" WIDTH="88" HEIGHT="70" CONTENT="als" WC="0.97" CC="160"/>
						<SP ID="P38_SP00204" HPOS="1102" VPOS="3030" WIDTH="42"/>
						<String ID="P38_ST00232" HPOS="1144" VPOS="2969" WIDTH="159" HEIGHT="52" CONTENT="etwa" WC="1.00" CC="0000"/>
						<SP ID="P38_SP00205" HPOS="1303" VPOS="3030" WIDTH="39"/>
						<String ID="P38_ST00233" HPOS="1342" VPOS="2950" WIDTH="237" HEIGHT="70" CONTENT="damals" WC="1.00" CC="000040"/>
						<SP ID="P38_SP00206" HPOS="1579" VPOS="3030" WIDTH="44"/>
						<String ID="P38_ST00234" HPOS="1623" VPOS="2952" WIDTH="87" HEIGHT="68" CONTENT="im" WC="0.66" CC="60"/>
						<SP ID="P38_SP00207" HPOS="1710" VPOS="3030" WIDTH="43"/>
						<String ID="P38_ST00235" HPOS="1753" VPOS="2950" WIDTH="281" HEIGHT="85" CONTENT="„großen" WC="1.00" CC="2000102"/>
						<SP ID="P38_SP00208" HPOS="2034" VPOS="3035" WIDTH="45"/>
						<String ID="P38_ST00236" HPOS="2079" VPOS="2950" WIDTH="256" HEIGHT="70" CONTENT="Kanton" WC="0.99" CC="400030"/>
						<SP ID="P38_SP00209" HPOS="2335" VPOS="3035" WIDTH="41"/>
						<String ID="P38_ST00237" HPOS="2376" VPOS="2950" WIDTH="537" HEIGHT="85" CONTENT="Württemberg“." WC="0.99" CC="4050000703083"/>
					</TextLine>
					<TextLine ID="P38_TL00029" HPOS="685" VPOS="3043" WIDTH="2227" HEIGHT="85">
						<String ID="P38_ST00238" HPOS="685" VPOS="3043" WIDTH="331" HEIGHT="71" CONTENT="Wahrhaft" WC="0.99" CC="00707060"/>
						<SP ID="P38_SP00210" HPOS="1016" VPOS="3114" WIDTH="29"/>
						<String ID="P38_ST00239" HPOS="1045" VPOS="3043" WIDTH="374" HEIGHT="71" CONTENT="freiheitlich" WC="0.99" CC="630500604600"/>
						<SP ID="P38_SP00211" HPOS="1419" VPOS="3114" WIDTH="28"/>
						<String ID="P38_ST00240" HPOS="1447" VPOS="3043" WIDTH="454" HEIGHT="85" CONTENT="empfindende" WC="1.00" CC="00066000200"/>
						<SP ID="P38_SP00212" HPOS="1901" VPOS="3128" WIDTH="29"/>
						<String ID="P38_ST00241" HPOS="1930" VPOS="3044" WIDTH="323" HEIGHT="70" CONTENT="Deutsche" WC="1.00" CC="00100000"/>
						<SP ID="P38_SP00213" HPOS="2253" VPOS="3128" WIDTH="28"/>
						<String ID="P38_ST00242" HPOS="2281" VPOS="3044" WIDTH="246" HEIGHT="70" CONTENT="fühlten" WC="0.99" CC="6005000"/>
						<SP ID="P38_SP00214" HPOS="2527" VPOS="3128" WIDTH="28"/>
						<String ID="P38_ST00243" HPOS="2555" VPOS="3045" WIDTH="133" HEIGHT="69" CONTENT="sich" WC="0.99" CC="0600"/>
						<SP ID="P38_SP00215" HPOS="2688" VPOS="3128" WIDTH="29"/>
						<String ID="P38_ST00244" HPOS="2717" VPOS="3063" WIDTH="163" HEIGHT="51" CONTENT="trotz" SUBS_TYPE="HypPart1" SUBS_CONTENT="trotzdem" WC="0.98" CC="05401"/>
						<HYP HPOS="2880" VPOS="3063" WIDTH="32" CONTENT="-"/>
					</TextLine>
					<TextLine ID="P38_TL00030" HPOS="683" VPOS="3135" WIDTH="2229" HEIGHT="73">
						<String ID="P38_ST00245" HPOS="683" VPOS="3137" WIDTH="148" HEIGHT="69" CONTENT="dem" SUBS_TYPE="HypPart2" SUBS_CONTENT="trotzdem" WC="1.00" CC="000"/>
						<SP ID="P38_SP00216" HPOS="831" VPOS="3206" WIDTH="40"/>
						<String ID="P38_ST00246" HPOS="871" VPOS="3139" WIDTH="66" HEIGHT="67" CONTENT="in" WC="0.65" CC="70"/>
						<SP ID="P38_SP00217" HPOS="937" VPOS="3206" WIDTH="38"/>
						<String ID="P38_ST00247" HPOS="975" VPOS="3137" WIDTH="113" HEIGHT="71" CONTENT="der" WC="0.98" CC="004"/>
						<SP ID="P38_SP00218" HPOS="1088" VPOS="3208" WIDTH="38"/>
						<String ID="P38_ST00248" HPOS="1126" VPOS="3137" WIDTH="283" HEIGHT="69" CONTENT="Schweiz" WC="1.00" CC="0000070"/>
						<SP ID="P38_SP00219" HPOS="1409" VPOS="3208" WIDTH="38"/>
						<String ID="P38_ST00249" HPOS="1447" VPOS="3137" WIDTH="188" HEIGHT="71" CONTENT="wohl." WC="0.99" CC="00053"/>
						<SP ID="P38_SP00220" HPOS="1635" VPOS="3208" WIDTH="65"/>
						<String ID="P38_ST00250" HPOS="1700" VPOS="3135" WIDTH="120" HEIGHT="71" CONTENT="Ein" WC="0.96" CC="260"/>
						<SP ID="P38_SP00221" HPOS="1820" VPOS="3208" WIDTH="40"/>
						<String ID="P38_ST00251" HPOS="1860" VPOS="3139" WIDTH="65" HEIGHT="67" CONTENT="in" WC="0.64" CC="70"/>
						<SP ID="P38_SP00222" HPOS="1925" VPOS="3208" WIDTH="39"/>
						<String ID="P38_ST00252" HPOS="1964" VPOS="3137" WIDTH="233" HEIGHT="69" CONTENT="Zürich" WC="0.99" CC="005600"/>
						<SP ID="P38_SP00223" HPOS="2197" VPOS="3208" WIDTH="39"/>
						<String ID="P38_ST00253" HPOS="2236" VPOS="3137" WIDTH="300" HEIGHT="71" CONTENT="lebender" WC="0.99" CC="00703004"/>
						<SP ID="P38_SP00224" HPOS="2536" VPOS="3208" WIDTH="38"/>
						<String ID="P38_ST00254" HPOS="2574" VPOS="3137" WIDTH="338" HEIGHT="69" CONTENT="deutscher" WC="0.99" CC="006000704"/>
					</TextLine>
					<TextLine ID="P38_TL00031" HPOS="682" VPOS="3228" WIDTH="2228" HEIGHT="85">
						<String ID="P38_ST00255" HPOS="682" VPOS="3229" WIDTH="349" HEIGHT="70" CONTENT="Aristokrat" WC="0.99" CC="2470040430"/>
						<SP ID="P38_SP00225" HPOS="1031" VPOS="3299" WIDTH="30"/>
						<String ID="P38_ST00256" HPOS="1061" VPOS="3260" WIDTH="125" HEIGHT="39" CONTENT="von" WC="0.98" CC="032"/>
						<SP ID="P38_SP00226" HPOS="1186" VPOS="3299" WIDTH="33"/>
						<String ID="P38_ST00257" HPOS="1219" VPOS="3228" WIDTH="283" HEIGHT="71" CONTENT="liberaler" WC="0.99" CC="067000605"/>
						<SP ID="P38_SP00227" HPOS="1502" VPOS="3299" WIDTH="32"/>
						<String ID="P38_ST00258" HPOS="1534" VPOS="3228" WIDTH="399" HEIGHT="85" CONTENT="Gesinnung," WC="0.99" CC="2006006231"/>
						<SP ID="P38_SP00228" HPOS="1933" VPOS="3313" WIDTH="33"/>
						<String ID="P38_ST00259" HPOS="1966" VPOS="3229" WIDTH="113" HEIGHT="70" CONTENT="der" WC="0.99" CC="003"/>
						<SP ID="P38_SP00229" HPOS="2079" VPOS="3313" WIDTH="31"/>
						<String ID="P38_ST00260" HPOS="2110" VPOS="3232" WIDTH="65" HEIGHT="67" CONTENT="in" WC="0.64" CC="70"/>
						<SP ID="P38_SP00230" HPOS="2175" VPOS="3313" WIDTH="32"/>
						<String ID="P38_ST00261" HPOS="2207" VPOS="3232" WIDTH="206" HEIGHT="67" CONTENT="einem" WC="0.99" CC="06000"/>
						<SP ID="P38_SP00231" HPOS="2413" VPOS="3313" WIDTH="33"/>
						<String ID="P38_ST00262" HPOS="2446" VPOS="3260" WIDTH="125" HEIGHT="39" CONTENT="von" WC="0.98" CC="050"/>
						<SP ID="P38_SP00232" HPOS="2571" VPOS="3313" WIDTH="32"/>
						<String ID="P38_ST00263" HPOS="2603" VPOS="3229" WIDTH="135" HEIGHT="70" CONTENT="ihm" WC="0.95" CC="770"/>
						<SP ID="P38_SP00233" HPOS="2738" VPOS="3313" WIDTH="31"/>
						<String ID="P38_ST00264" HPOS="2769" VPOS="3229" WIDTH="106" HEIGHT="70" CONTENT="her" SUBS_TYPE="HypPart1" SUBS_CONTENT="herausgegebenen" WC="0.99" CC="000"/>
						<HYP HPOS="2875" VPOS="3229" WIDTH="35" CONTENT="-"/>
					</TextLine>
					<TextLine ID="P38_TL00032" HPOS="682" VPOS="3322" WIDTH="2230" HEIGHT="81">
						<String ID="P38_ST00265" HPOS="682" VPOS="3322" WIDTH="475" HEIGHT="81" CONTENT="ausgegebenen" SUBS_TYPE="HypPart2" SUBS_CONTENT="herausgegebenen" WC="0.99" CC="030909070700"/>
						<SP ID="P38_SP00234" HPOS="1157" VPOS="3403" WIDTH="30"/>
						<String ID="P38_ST00266" HPOS="1187" VPOS="3322" WIDTH="166" HEIGHT="70" CONTENT="Blatt" WC="0.99" CC="06202"/>
						<SP ID="P38_SP00235" HPOS="1353" VPOS="3403" WIDTH="27"/>
						<String ID="P38_ST00267" HPOS="1380" VPOS="3322" WIDTH="445" HEIGHT="70" CONTENT="unerbittliche" WC="1.00" CC="6000030006070"/>
						<SP ID="P38_SP00236" HPOS="1825" VPOS="3403" WIDTH="31"/>
						<String ID="P38_ST00268" HPOS="1856" VPOS="3322" WIDTH="209" HEIGHT="70" CONTENT="Kritik" WC="0.98" CC="055060"/>
						<SP ID="P38_SP00237" HPOS="2065" VPOS="3403" WIDTH="26"/>
						<String ID="P38_ST00269" HPOS="2091" VPOS="3352" WIDTH="80" HEIGHT="40" CONTENT="an" WC="1.00" CC="00"/>
						<SP ID="P38_SP00238" HPOS="2171" VPOS="3403" WIDTH="35"/>
						<String ID="P38_ST00270" HPOS="2206" VPOS="3322" WIDTH="185" HEIGHT="70" CONTENT="allem" WC="0.99" CC="04000"/>
						<SP ID="P38_SP00239" HPOS="2391" VPOS="3403" WIDTH="29"/>
						<String ID="P38_ST00271" HPOS="2420" VPOS="3322" WIDTH="173" HEIGHT="80" CONTENT="übte," WC="0.99" CC="07000"/>
						<SP ID="P38_SP00240" HPOS="2593" VPOS="3403" WIDTH="30"/>
						<String ID="P38_ST00272" HPOS="2623" VPOS="3352" WIDTH="125" HEIGHT="41" CONTENT="was" WC="1.00" CC="000"/>
						<SP ID="P38_SP00241" HPOS="2748" VPOS="3403" WIDTH="32"/>
						<String ID="P38_ST00273" HPOS="2780" VPOS="3322" WIDTH="132" HEIGHT="70" CONTENT="ihm" WC="0.95" CC="670"/>
					</TextLine>
					<TextLine ID="P38_TL00033" HPOS="683" VPOS="3415" WIDTH="2229" HEIGHT="85">
						<String ID="P38_ST00274" HPOS="683" VPOS="3446" WIDTH="79" HEIGHT="40" CONTENT="an" WC="1.00" CC="00"/>
						<SP ID="P38_SP00242" HPOS="762" VPOS="3486" WIDTH="21"/>
						<String ID="P38_ST00275" HPOS="783" VPOS="3416" WIDTH="551" HEIGHT="71" CONTENT="schweizerischen" WC="1.00" CC="000005000610000"/>
						<SP ID="P38_SP00243" HPOS="1334" VPOS="3487" WIDTH="25"/>
						<String ID="P38_ST00276" HPOS="1359" VPOS="3415" WIDTH="226" HEIGHT="80" CONTENT="Sitten," WC="0.99" CC="0700003"/>
						<SP ID="P38_SP00244" HPOS="1585" VPOS="3495" WIDTH="24"/>
						<String ID="P38_ST00277" HPOS="1609" VPOS="3415" WIDTH="496" HEIGHT="85" CONTENT="Einrichtungen" WC="1.00" CC="1406600000000"/>
						<SP ID="P38_SP00245" HPOS="2105" VPOS="3500" WIDTH="22"/>
						<String ID="P38_ST00278" HPOS="2127" VPOS="3415" WIDTH="136" HEIGHT="71" CONTENT="und" WC="0.98" CC="600"/>
						<SP ID="P38_SP00246" HPOS="2263" VPOS="3500" WIDTH="23"/>
						<String ID="P38_ST00279" HPOS="2286" VPOS="3415" WIDTH="438" HEIGHT="71" CONTENT="Maßnahmen" WC="1.00" CC="000040004"/>
						<SP ID="P38_SP00247" HPOS="2724" VPOS="3500" WIDTH="24"/>
						<String ID="P38_ST00280" HPOS="2748" VPOS="3415" WIDTH="123" HEIGHT="71" CONTENT="miß" SUBS_TYPE="HypPart1" SUBS_CONTENT="mißfiel," WC="0.98" CC="070"/>
						<HYP HPOS="2871" VPOS="3415" WIDTH="41" CONTENT="-"/>
					</TextLine>
					<TextLine ID="P38_TL00034" HPOS="685" VPOS="3509" WIDTH="2227" HEIGHT="84">
						<String ID="P38_ST00281" HPOS="685" VPOS="3509" WIDTH="127" HEIGHT="80" CONTENT="fiel," SUBS_TYPE="HypPart2" SUBS_CONTENT="mißfiel," WC="0.97" CC="56051"/>
						<SP ID="P38_SP00248" HPOS="812" VPOS="3589" WIDTH="30"/>
						<String ID="P38_ST00282" HPOS="842" VPOS="3528" WIDTH="387" HEIGHT="61" CONTENT="antwortete," WC="0.99" CC="01300600254"/>
						<SP ID="P38_SP00249" HPOS="1229" VPOS="3589" WIDTH="30"/>
						<String ID="P38_ST00283" HPOS="1259" VPOS="3509" WIDTH="89" HEIGHT="70" CONTENT="als" WC="0.99" CC="010"/>
						<SP ID="P38_SP00250" HPOS="1348" VPOS="3589" WIDTH="31"/>
						<String ID="P38_ST00284" HPOS="1379" VPOS="3539" WIDTH="146" HEIGHT="40" CONTENT="man" WC="1.00" CC="000"/>
						<SP ID="P38_SP00251" HPOS="1525" VPOS="3589" WIDTH="30"/>
						<String ID="P38_ST00285" HPOS="1555" VPOS="3509" WIDTH="111" HEIGHT="70" CONTENT="ihn" WC="0.97" CC="602"/>
						<SP ID="P38_SP00252" HPOS="1666" VPOS="3589" WIDTH="29"/>
						<String ID="P38_ST00286" HPOS="1695" VPOS="3509" WIDTH="230" HEIGHT="71" CONTENT="einmal" WC="0.99" CC="060001"/>
						<SP ID="P38_SP00253" HPOS="1925" VPOS="3589" WIDTH="29"/>
						<String ID="P38_ST00287" HPOS="1954" VPOS="3509" WIDTH="219" HEIGHT="84" CONTENT="fragte," WC="0.99" CC="6000010"/>
						<SP ID="P38_SP00254" HPOS="2173" VPOS="3593" WIDTH="31"/>
						<String ID="P38_ST00288" HPOS="2204" VPOS="3539" WIDTH="124" HEIGHT="40" CONTENT="was" WC="1.00" CC="000"/>
						<SP ID="P38_SP00255" HPOS="2328" VPOS="3593" WIDTH="30"/>
						<String ID="P38_ST00289" HPOS="2358" VPOS="3537" WIDTH="67" HEIGHT="42" CONTENT="er" WC="0.95" CC="00"/>
						<SP ID="P38_SP00256" HPOS="2425" VPOS="3593" WIDTH="30"/>
						<String ID="P38_ST00290" HPOS="2455" VPOS="3523" WIDTH="147" HEIGHT="66" CONTENT="täte," WC="1.00" CC="00201"/>
						<SP ID="P38_SP00257" HPOS="2602" VPOS="3593" WIDTH="30"/>
						<String ID="P38_ST00291" HPOS="2632" VPOS="3539" WIDTH="184" HEIGHT="41" CONTENT="wenn" WC="1.00" CC="0000"/>
						<SP ID="P38_SP00258" HPOS="2816" VPOS="3593" WIDTH="30"/>
						<String ID="P38_ST00292" HPOS="2846" VPOS="3537" WIDTH="66" HEIGHT="42" CONTENT="er" WC="0.77" CC="04"/>
					</TextLine>
					<TextLine ID="P38_TL00035" HPOS="684" VPOS="3600" WIDTH="2231" HEIGHT="85">
						<String ID="P38_ST00293" HPOS="684" VPOS="3601" WIDTH="296" HEIGHT="84" CONTENT="plötzlich" WC="0.99" CC="060006700"/>
						<SP ID="P38_SP00259" HPOS="980" VPOS="3685" WIDTH="47"/>
						<String ID="P38_ST00294" HPOS="1027" VPOS="3603" WIDTH="160" HEIGHT="68" CONTENT="nach" WC="0.99" CC="0020"/>
						<SP ID="P38_SP00260" HPOS="1187" VPOS="3685" WIDTH="47"/>
						<String ID="P38_ST00295" HPOS="1234" VPOS="3601" WIDTH="439" HEIGHT="70" CONTENT="Deutschland" WC="1.00" CC="00000006000"/>
						<SP ID="P38_SP00261" HPOS="1673" VPOS="3685" WIDTH="46"/>
						<String ID="P38_ST00296" HPOS="1719" VPOS="3620" WIDTH="267" HEIGHT="53" CONTENT="versetzt" WC="1.00" CC="04600000"/>
						<SP ID="P38_SP00262" HPOS="1986" VPOS="3685" WIDTH="46"/>
						<String ID="P38_ST00297" HPOS="2032" VPOS="3601" WIDTH="246" HEIGHT="70" CONTENT="würde:" WC="1.00" CC="000005"/>
						<SP ID="P38_SP00263" HPOS="2278" VPOS="3685" WIDTH="50"/>
						<String ID="P38_ST00298" HPOS="2328" VPOS="3601" WIDTH="153" HEIGHT="80" CONTENT="„Ich" WC="0.98" CC="3600"/>
						<SP ID="P38_SP00264" HPOS="2481" VPOS="3685" WIDTH="47"/>
						<String ID="P38_ST00299" HPOS="2528" VPOS="3601" WIDTH="229" HEIGHT="70" CONTENT="kröche" WC="1.00" CC="002001"/>
						<SP ID="P38_SP00265" HPOS="2757" VPOS="3685" WIDTH="46"/>
						<String ID="P38_ST00300" HPOS="2803" VPOS="3600" WIDTH="112" HEIGHT="71" CONTENT="auf" WC="0.96" CC="046"/>
					</TextLine>
					<TextLine ID="P38_TL00036" HPOS="690" VPOS="3694" WIDTH="2222" HEIGHT="71">
						<String ID="P38_ST00301" HPOS="690" VPOS="3694" WIDTH="162" HEIGHT="70" CONTENT="allen" WC="0.98" CC="03602"/>
						<SP ID="P38_SP00266" HPOS="852" VPOS="3764" WIDTH="26"/>
						<String ID="P38_ST00302" HPOS="878" VPOS="3694" WIDTH="230" HEIGHT="71" CONTENT="Vieren" WC="0.99" CC="060400"/>
						<SP ID="P38_SP00267" HPOS="1108" VPOS="3765" WIDTH="30"/>
						<String ID="P38_ST00303" HPOS="1138" VPOS="3697" WIDTH="66" HEIGHT="68" CONTENT="in" WC="0.65" CC="70"/>
						<SP ID="P38_SP00268" HPOS="1204" VPOS="3765" WIDTH="29"/>
						<String ID="P38_ST00304" HPOS="1233" VPOS="3695" WIDTH="104" HEIGHT="70" CONTENT="die" WC="0.97" CC="070"/>
						<SP ID="P38_SP00269" HPOS="1337" VPOS="3765" WIDTH="28"/>
						<String ID="P38_ST00305" HPOS="1365" VPOS="3695" WIDTH="283" HEIGHT="70" CONTENT="Schweiz" WC="0.99" CC="0000370"/>
						<SP ID="P38_SP00270" HPOS="1648" VPOS="3765" WIDTH="28"/>
						<String ID="P38_ST00306" HPOS="1676" VPOS="3694" WIDTH="300" HEIGHT="71" CONTENT="zurück“." WC="0.99" CC="06400704"/>
						<SP ID="P38_SP00271" HPOS="1976" VPOS="3765" WIDTH="54"/>
						<String ID="P38_ST00307" HPOS="2030" VPOS="3694" WIDTH="134" HEIGHT="70" CONTENT="Der" WC="1.00" CC="000"/>
						<SP ID="P38_SP00272" HPOS="2164" VPOS="3765" WIDTH="28"/>
						<String ID="P38_ST00308" HPOS="2192" VPOS="3694" WIDTH="485" HEIGHT="70" CONTENT="charaktervolle" WC="1.00" CC="00030000306060"/>
						<SP ID="P38_SP00273" HPOS="2677" VPOS="3765" WIDTH="30"/>
						<String ID="P38_ST00309" HPOS="2707" VPOS="3694" WIDTH="205" HEIGHT="70" CONTENT="Mann" WC="0.98" CC="2063"/>
					</TextLine>
					<TextLine ID="P38_TL00037" HPOS="687" VPOS="3786" WIDTH="2225" HEIGHT="72">
						<String ID="P38_ST00310" HPOS="687" VPOS="3786" WIDTH="105" HEIGHT="69" CONTENT="hat" WC="1.00" CC="000"/>
						<SP ID="P38_SP00274" HPOS="792" VPOS="3855" WIDTH="51"/>
						<String ID="P38_ST00311" HPOS="843" VPOS="3787" WIDTH="170" HEIGHT="70" CONTENT="denn" WC="1.00" CC="0000"/>
						<SP ID="P38_SP00275" HPOS="1013" VPOS="3857" WIDTH="51"/>
						<String ID="P38_ST00312" HPOS="1064" VPOS="3788" WIDTH="162" HEIGHT="69" CONTENT="auch" WC="0.99" CC="0600"/>
						<SP ID="P38_SP00276" HPOS="1226" VPOS="3857" WIDTH="53"/>
						<String ID="P38_ST00313" HPOS="1279" VPOS="3789" WIDTH="134" HEIGHT="69" CONTENT="sein" WC="0.98" CC="0074"/>
						<SP ID="P38_SP00277" HPOS="1413" VPOS="3858" WIDTH="56"/>
						<String ID="P38_ST00314" HPOS="1469" VPOS="3787" WIDTH="217" HEIGHT="70" CONTENT="Leben" WC="0.98" CC="20722"/>
						<SP ID="P38_SP00278" HPOS="1686" VPOS="3858" WIDTH="52"/>
						<String ID="P38_ST00315" HPOS="1738" VPOS="3786" WIDTH="111" HEIGHT="72" CONTENT="auf" WC="0.96" CC="037"/>
						<SP ID="P38_SP00279" HPOS="1849" VPOS="3858" WIDTH="49"/>
						<String ID="P38_ST00316" HPOS="1898" VPOS="3787" WIDTH="577" HEIGHT="70" CONTENT="schweizerischem" WC="1.00" CC="007006003700710"/>
						<SP ID="P38_SP00280" HPOS="2475" VPOS="3858" WIDTH="52"/>
						<String ID="P38_ST00317" HPOS="2527" VPOS="3787" WIDTH="220" HEIGHT="70" CONTENT="Boden" WC="1.00" CC="00000"/>
						<SP ID="P38_SP00281" HPOS="2747" VPOS="3858" WIDTH="52"/>
						<String ID="P38_ST00318" HPOS="2799" VPOS="3787" WIDTH="76" HEIGHT="70" CONTENT="be" SUBS_TYPE="HypPart1" SUBS_CONTENT="beschlossen." WC="0.96" CC="60"/>
						<HYP HPOS="2875" VPOS="3787" WIDTH="37" CONTENT="-"/>
					</TextLine>
					<TextLine ID="P38_TL00038" HPOS="687" VPOS="3878" WIDTH="2220" HEIGHT="86">
						<String ID="P38_ST00319" HPOS="687" VPOS="3878" WIDTH="338" HEIGHT="73" CONTENT="schlossen." SUBS_TYPE="HypPart2" SUBS_CONTENT="beschlossen." WC="1.00" CC="0007200004"/>
						<SP ID="P38_SP00282" HPOS="1025" VPOS="3951" WIDTH="73"/>
						<String ID="P38_ST00320" HPOS="1098" VPOS="3880" WIDTH="84" HEIGHT="71" CONTENT="Er" WC="0.79" CC="40"/>
						<SP ID="P38_SP00283" HPOS="1182" VPOS="3951" WIDTH="46"/>
						<String ID="P38_ST00321" HPOS="1228" VPOS="3907" WIDTH="127" HEIGHT="45" CONTENT="war" WC="0.98" CC="004"/>
						<SP ID="P38_SP00284" HPOS="1355" VPOS="3952" WIDTH="45"/>
						<String ID="P38_ST00322" HPOS="1400" VPOS="3882" WIDTH="102" HEIGHT="69" CONTENT="ein" WC="0.98" CC="060"/>
						<SP ID="P38_SP00285" HPOS="1502" VPOS="3952" WIDTH="50"/>
						<String ID="P38_ST00323" HPOS="1552" VPOS="3880" WIDTH="210" HEIGHT="84" CONTENT="Sproß" WC="0.99" CC="00350"/>
						<SP ID="P38_SP00286" HPOS="1762" VPOS="3964" WIDTH="47"/>
						<String ID="P38_ST00324" HPOS="1809" VPOS="3881" WIDTH="112" HEIGHT="70" CONTENT="des" WC="1.00" CC="000"/>
						<SP ID="P38_SP00287" HPOS="1921" VPOS="3964" WIDTH="48"/>
						<String ID="P38_ST00325" HPOS="1969" VPOS="3880" WIDTH="419" HEIGHT="71" CONTENT="schlesischen" WC="1.00" CC="000600700000"/>
						<SP ID="P38_SP00288" HPOS="2388" VPOS="3964" WIDTH="49"/>
						<String ID="P38_ST00326" HPOS="2437" VPOS="3880" WIDTH="470" HEIGHT="71" CONTENT="freiherrlichen" WC="1.00" CC="61050030250000"/>
					</TextLine>
				</TextBlock>
			</PrintSpace>
		</Page>
	</Layout>
</alto>
