3169 4572
1039 404 253 53 Kasimir
1319 406 293 54 Edschmid
1646 427 22 24 *
1717 410 206 50 Winter

2483 414 103 57 169

440 603 136 70 Das
621 602 188 71 Licht
853 604 149 84 geht
1047 603 282 75 Wochen
1374 607 307 73 funkelnd
1724 609 158 71 über
1924 612 126 70 den
2096 610 302 74 Himmel.
2464 614 122 73 Die

362 694 157 73 Luft
552 696 160 71 wird
746 697 223 79 reiner,
1006 697 394 73 unirdischer
1435 703 64 69 in
1535 702 114 70 der
1682 702 411 72 Durchsicht.
2150 703 172 73 Alles
2359 706 128 71 lebt
2523 711 62 67 in

358 792 208 69 einem
600 787 273 72 Taumel
908 789 162 72 nach
1105 789 236 74 Sonne.
1401 793 125 71 Die
1560 795 249 72 Häuser
1841 797 235 71 werfen
2111 798 100 70 ihr
2244 798 103 71 die
2383 798 203 73 vollen

357 881 277 72 Balkone
654 882 116 71 der
785 882 313 71 Südfront
1119 904 305 67 entgegen
1446 889 134 71 und
1601 918 255 56 pressen
1877 892 93 70 sie
1984 894 119 68 wie
2124 891 223 86 saftige
2361 891 225 74 Brüste

358 977 280 84 langsam
689 976 203 71 ihrem
943 976 256 87 Steigen
1250 981 180 70 nach.
1509 981 69 70 In
1631 985 347 84 tropischer
2029 984 188 72 Hitze
2267 985 158 71 läuft
2474 988 112 71 der

358 1070 234 84 Mittag
634 1070 161 71 über
836 1070 126 70 den
1006 1070 269 73 Schnee.
1343 1074 132 71 Das
1519 1074 164 71 Holz
1726 1078 112 70 der
1881 1078 400 85 Liegestühle
2324 1080 262 71 knistert

358 1190 112 44 vor
502 1162 297 71 Heißem.
855 1163 137 70 Wir
1024 1163 310 72 schwälen
1368 1167 135 70 und
1536 1169 292 70 rauchen.
1885 1169 135 73 Wir
2050 1172 144 71 sind
2227 1202 132 41 nun
2394 1173 190 85 völlig

357 1256 429 85 aufgegangen
830 1259 63 68 in
936 1257 239 71 diesem
1218 1258 239 81 Leben,
1501 1261 125 71 voll
1667 1264 463 72 verschmolzen
2171 1266 204 71 dieser
2418 1267 112 70 Um-

357 1350 275 83 gebung,
657 1348 391 73 Landschaft
1070 1351 134 70 und
1226 1351 263 71 Winter.
1536 1352 301 86 Morgens
1858 1356 218 71 stehen
2097 1361 117 67 wie
2233 1360 347 70 mosaische

357 1441 253 88 Signale
637 1444 166 69 rund
828 1446 91 67 im
948 1444 221 71 Kreise
1197 1444 232 72 Säulen
1456 1445 269 86 feuriger
1750 1447 262 73 Wolken
2037 1450 108 71 auf
2170 1451 123 71 den
2318 1451 259 83 Spitzen

356 1538 110 69 des
512 1535 299 86 Gebirgs.

439 1628 610 75 Fünfzehnhundert
1082 1630 211 73 Meter
1321 1633 164 70 hoch
1521 1634 78 70 ist
1635 1665 66 39 es
1734 1633 250 86 Mittag.
2046 1635 298 87 Morgens
2380 1640 196 69 schon

356 1723 143 71 sind
538 1725 115 69 wir
690 1755 126 39 von
856 1724 136 71 hier
1030 1756 113 39 aus
1184 1725 168 72 ohne
1392 1724 169 73 Felle
1597 1729 183 69 einen
1820 1728 207 71 hohen
2065 1728 366 88 Vorsprung
2469 1731 112 71 auf

356 1816 245 71 Harsch
658 1816 494 86 hinaufgetanzt,
1211 1818 104 70 die
1368 1817 368 74 Breitseiten
1791 1821 113 68 der
1959 1821 177 71 Skier
2187 1823 386 84 eingebohrt,

355 1912 63 67 in
463 1910 431 85 zickzackigen
938 1911 251 80 Linien,
1231 1911 105 71 die
1381 1911 253 71 Fesseln
1677 1943 112 40 ans
1829 1911 333 75 Zerreißen
2204 1917 372 84 angedehnt.

355 2004 139 69 Wie
517 2004 236 71 dunkle
774 2005 199 85 Vögel
1000 2006 298 71 schossen
1320 2007 114 69 wir
1453 2006 102 70 ab.
1606 2006 71 70 In
1702 2007 401 84 ungeheuren
2126 2007 449 87 Stemmbogen

355 2127 197 54 zogen
582 2100 116 67 wir
727 2098 185 71 halbe
945 2098 224 71 Kreise
1198 2100 409 83 schwingend
1636 2100 158 70 über
1822 2101 102 70 die
1955 2100 232 73 Seiten.
2241 2101 100 72 An
2373 2105 202 68 einem

352 2189 314 85 Abgrund
700 2194 198 69 rissen
931 2195 116 68 wir
1077 2222 112 41 aus
1223 2193 150 70 dem
1399 2192 219 71 Schuß
1644 2192 362 72 Telemarks
2041 2195 242 80 heraus,
2319 2195 124 70 daß
2474 2197 104 69 die

352 2282 415 86 Bergflanken
816 2284 339 71 dröhnten.
1227 2284 134 71 Das
1410 2284 165 71 Holz
1622 2287 233 70 zischte
1900 2306 184 51 unter
2129 2288 113 70 der
2288 2288 287 85 Reibung

353 2376 267 85 brandig
643 2376 128 71 auf.
821 2377 137 71 Wir
981 2406 311 57 sprangen
1316 2382 119 67 wie
1458 2380 289 78 Hirsche,
1772 2380 112 69 der
1905 2380 300 83 Ewigkeit
2228 2383 344 83 zugeneigt,

352 2470 103 71 die
472 2470 166 71 Erde
662 2471 409 81 schmähend,
1090 2472 137 70 und
1253 2472 209 70 bissen
1488 2503 119 40 uns
1634 2472 97 71 ihr
1754 2472 290 70 dennoch
2068 2474 505 83 zurückgleitend

351 2564 232 70 wieder
619 2566 96 69 ins
755 2564 268 72 Genick.
1085 2565 136 71 Wir
1255 2597 197 54 zogen
1489 2597 119 39 uns
1644 2565 277 71 werfend
1957 2569 64 67 in
2058 2567 138 69 eine
2230 2567 338 70 unendlich

352 2658 390 71 rauschende
775 2658 391 71 Schußfahrt
1202 2660 202 70 durch
1439 2659 104 71 die
1575 2659 183 71 blaue
1794 2658 152 71 Luft
1982 2659 292 70 hinunter
2305 2659 111 70 auf
2446 2660 122 70 den

352 2749 316 72 kleineren
712 2750 184 85 Berg.

432 2843 156 71 Nun
619 2844 143 71 sind
792 2847 114 68 wir
935 2844 302 71 fabelhaft
1267 2844 149 71 faul.
1471 2846 124 69 Die
1622 2844 353 70 Sennhütte
2004 2844 235 70 raucht.
2295 2843 132 70 Wir
2459 2843 70 71 ha-

351 2937 124 70 ben
505 2941 295 82 gespeist.
853 2938 135 70 Auf
1004 2938 259 71 Bänken
1292 2938 174 85 längs
1494 2938 113 71 der
1628 2938 342 70 Holzhütte
1998 2937 197 84 liegen
2223 2940 112 67 wir
2361 2940 64 67 in
2454 2937 114 71 der

350 3028 237 74 Sonne.
646 3031 303 72 Schülein
985 3051 172 52 tanzt
1193 3035 88 68 im
1316 3032 266 79 Schnee,
1617 3034 182 68 einen
1834 3050 175 51 roten
2045 3030 206 70 Shawl
2288 3060 109 40 um
2431 3032 133 68 sein

350 3121 485 88 Torerogesicht
917 3125 447 85 geschlungen.
1474 3124 162 71 Frau
1703 3124 289 70 Suzanne
2073 3135 159 71 trägt
2314 3122 256 70 seidene

348 3218 313 71 schwarze
734 3219 306 71 Breeches
1117 3219 134 71 und
1325 3218 197 72 weiße
1595 3216 709 84 Pompiersgamaschen,
2380 3218 183 67 einen

348 3312 365 70 zitronenen
753 3310 277 73 Sweater
1068 3313 136 70 und
1244 3342 109 40 um
1392 3312 109 70 das
1542 3310 238 70 braune
1816 3307 261 72 Gesicht
2114 3308 104 70 die
2256 3308 311 70 schwarze

348 3402 421 86 Zipfelmütze
789 3406 113 71 der
922 3406 395 71 Skierinnen.
1363 3404 133 70 Wir
1515 3403 197 85 liegen
1735 3402 134 70 und
1886 3402 271 70 schauen
2178 3431 99 39 zu.
2299 3401 262 78 Amelie,

347 3497 104 70 die
487 3497 286 81 Tatarin,
812 3498 176 72 lehnt
1027 3529 124 42 von
1189 3501 192 69 innen
1418 3528 110 39 aus
1566 3496 112 70 der
1716 3495 216 78 Hütte,
1971 3496 101 68 ein
2111 3506 226 70 grünes
2374 3492 189 70 Tuch

347 3619 111 41 um
499 3591 106 71 die
644 3592 248 71 starken
938 3591 224 72 Haare.
1232 3591 104 70 Ihr
1377 3589 262 71 Gesicht
1679 3590 80 68 ist
1799 3585 428 85 unbeweglich
2269 3586 135 70 und
2445 3614 123 42 nur

346 3684 190 85 junge
586 3684 228 72 Fläche
860 3686 118 70 wie
1025 3716 146 40 vom
1217 3683 349 72 Anblicken
1615 3683 234 82 ewigen
1899 3680 359 70 Horizonts.
2331 3679 108 71 Sie
2486 3681 78 68 ist

346 3777 279 82 gelassen
675 3780 64 69 in
789 3779 168 71 ihrer
1004 3778 475 71 selbstsicheren
1514 3775 374 84 Bewegung,
1927 3771 88 72 als
2063 3773 170 70 hätte
2280 3774 89 69 sie
2417 3790 149 51 statt

346 3868 223 75 Skiern
607 3872 162 71 über
804 3872 104 72 die
947 3871 293 73 Schulter
1275 3869 293 86 gekreuzt
1604 3867 284 86 tagelang
1924 3864 399 87 Zeltstangen
2363 3865 201 70 durch
