3143 4572
1394 399 221 55 Glossen

2536 413 99 63 175

351 607 201 61 verhält
591 630 55 33 es
685 606 114 57 sich
839 631 76 42 so,
956 608 104 57 daß
1099 632 93 34 vor
1239 613 127 57 1870
1403 616 73 57 im

355 684 155 60 Elsaß
538 684 87 57 die
652 684 254 57 deutsche
936 687 167 57 Partei
1133 689 194 59 stärker
1355 715 120 44 war,

353 766 73 58 als
457 762 249 65 nachher,
739 763 110 56 und
880 763 104 57 daß
1016 766 86 55 die
1133 766 246 69 Elsässer,
1411 772 65 57 da

353 843 73 56 sie
472 840 140 64 sind,
660 862 103 33 was
804 842 76 54 sie
920 843 187 56 immer
1148 867 188 45 waren,
1384 872 90 33 um

353 919 184 57 keinen
566 918 144 55 Preis
738 940 92 35 vor
858 919 299 70 Prinzipien
1185 923 289 67 abdanken,

351 998 86 56 die
456 997 75 53 sie
550 995 304 69 notwendig
872 997 74 57 als
966 998 341 60 Brutalitäten
1327 1027 111 45 emp-

359 1073 205 58 finden.

418 1150 209 58 Zabern
654 1197 11 11 .
692 1196 11 12 .
731 1197 13 12 .

419 1228 145 56 Kurz
621 1249 92 36 vor
769 1230 122 58 dem
951 1230 162 70 Krieg
1168 1235 178 56 wurde
1400 1237 75 56 im

349 1307 281 67 Reichstag
654 1308 132 56 über
810 1309 104 56 den
943 1309 186 70 Unfug
1153 1312 321 67 verhandelt,

346 1385 101 56 den
486 1385 85 56 ein
609 1387 379 66 unwissender,
1026 1388 227 68 tapferer
1289 1390 184 69 Junge,

345 1463 83 56 ein
453 1462 488 69 achtzehnjähriger
966 1464 283 69 Leutnant,
1275 1469 94 55 der
1393 1470 54 55 in-

344 1540 259 56 zwischen
638 1540 224 69 gefallen
899 1544 86 64 ist,
1021 1544 120 57 dort
1176 1547 298 67 angestiftet

345 1618 159 56 hatte.
564 1618 110 56 Der
715 1618 133 58 Graf
885 1620 241 70 Westarp
1163 1623 185 68 schlug
1384 1624 90 57 auf

343 1695 92 57 das
473 1695 331 70 Rednerpult
839 1699 95 56 des
972 1699 332 70 Reichstags:
1345 1702 128 66 „Als

343 1773 83 56 ich
448 1773 138 56 noch
609 1773 233 58 Landrat
862 1798 121 43 war,
1006 1776 431 60 Himmeldonner-

343 1867 180 40 wetter
548 1896 12 13 .
586 1850 86 59 ..“
741 1853 112 57 Der
900 1854 403 60 Reichskanzler
1348 1858 124 57 aber

340 1928 235 58 erlaubte
633 1930 87 57 die
778 1931 494 73 Veröffentlichung
1328 1938 142 54 eines

341 2006 202 57 Briefes
564 2030 63 33 an
652 2008 271 58 Professor
945 2009 336 71 Lamprecht,
1305 2015 163 55 worin

345 2084 93 56 der
471 2086 456 57 verantwortliche
962 2089 179 57 Leiter
1188 2090 94 57 der
1315 2091 124 58 deut-

341 2161 159 57 schen
536 2163 191 58 Politik
757 2180 171 52 sagte:

407 2240 150 65 „Wir
594 2243 121 55 sind
754 2244 84 56 ein
877 2245 187 69 junges
1102 2245 152 67 Volk,
1296 2248 171 57 haben

336 2317 264 58 vielleicht
649 2320 240 58 allzuviel
938 2324 139 56 noch
1125 2325 104 56 den
1279 2328 186 54 naiven

340 2394 245 59 Glauben
611 2422 64 31 an
701 2399 87 56 die
816 2399 223 67 Gewalt,
1065 2403 400 57 unterschätzen

336 2472 88 56 die
459 2472 235 59 feineren
736 2475 179 58 Mittel
953 2479 112 56 und
1103 2481 187 56 wissen
1328 2480 137 57 noch

336 2550 163 66 nicht,
523 2552 122 65 daß,
668 2578 103 33 was
793 2556 86 56 die
903 2556 204 57 Gewalt
1129 2559 228 65 erwirbt,
1380 2560 85 56 die

339 2626 204 60 Gewalt
571 2630 155 58 allein
758 2634 220 56 niemals
1007 2635 232 57 erhalten
1271 2635 189 58 kann.“

887 2732 30 26 *

405 2784 110 57 Das
533 2785 158 58 Elsaß
710 2789 67 56 ist
795 2789 241 58 deutsch.
1073 2790 175 58 Busch
1268 2792 196 58 erzählt

335 2861 52 56 in
428 2864 181 57 seinen
651 2865 399 70 Erinnerungen
1092 2894 65 32 an
1197 2870 267 57 Bismarck

335 2961 121 36 vom
496 2941 207 58 Besuch
744 2945 94 54 des
879 2961 171 41 ersten
1094 2946 206 59 Metzer
1341 2949 90 56 Prä-

332 3015 177 59 fekten
543 3019 73 57 H.
647 3044 103 33 von
785 3021 429 61 Donnersmarck
1246 3026 52 56 in
1332 3025 97 57 Ver-

330 3095 189 66 sailles,
564 3123 81 31 wo
685 3100 94 56 das
823 3100 416 71 Hauptquartier
1281 3104 150 68 aufge-

332 3172 244 69 schlagen
607 3199 122 34 war.
778 3176 219 58 Damals
1026 3180 140 57 hatte
1195 3181 265 57 Bismarck

332 3252 126 55 zwei
492 3253 243 69 wichtige
768 3255 339 59 Entschlüsse
1140 3259 201 67 gefaßt:
1375 3260 84 56 die

330 3326 278 62 Annexion
647 3332 543 71 Elsaß-Lothringens
1226 3339 110 55 und
1374 3337 84 56 die

330 3403 336 75 Einführung
725 3412 94 56 des
876 3412 344 69 allgemeinen
1281 3415 140 57 Wahl-

331 3485 173 57 rechts
538 3486 88 57 für
660 3488 102 56 den
801 3488 297 72 Reichstag.

400 3562 127 59 Und
566 3567 98 55 wie
696 3568 209 56 werden
952 3570 88 56 die
1072 3570 218 57 Wahlen
1334 3594 90 33 aus-

326 3636 197 63 fallen?
561 3643 169 69 fragte
767 3667 56 35 er
859 3646 442 60 Donnersmarck.

398 3717 111 58 Der
589 3721 334 70 Lothringer,
1000 3740 305 42 antwortete
1380 3746 71 43 er,

329 3793 89 59 bin
472 3798 86 56 ich
608 3801 191 57 sicher.
856 3802 87 56 Sie
993 3805 120 54 sind
1160 3803 290 56 Franzosen

325 3875 109 55 und
470 3876 170 58 haben
674 3878 103 57 den
814 3880 230 68 Respekt
1077 3882 92 56 des
1201 3881 223 56 französi-

1522 617 159 58 sehen
1703 618 204 59 Bauern
1929 644 94 35 vor
2041 623 94 56 der
2152 625 304 59 staatlichen
2476 628 132 59 Auto-

1522 697 138 57 rität.
1696 697 88 58 Sie
1802 701 209 56 werden
2028 707 458 64 gouvernemental
2503 708 104 58 wäh-

1522 771 103 61 len.
1671 774 144 59 Aber
1842 777 86 57 die
1957 777 232 60 Elsässer
2311 782 93 56 das
2430 785 68 55 ist
2524 786 115 57 eine

1521 875 130 44 ganz
1714 856 192 57 andere
1969 857 187 58 Sache.
2240 858 400 64 Alemannische

1524 929 363 61 Dickschädel.
1934 934 90 59 Sie
2052 938 210 56 werden
2291 938 112 57 sich
2433 941 206 57 wehren

1522 1006 82 57 bis
1637 1031 120 34 zum
1792 1011 296 59 äußersten.

1587 1083 400 64 Alemannische
2039 1091 367 59 Dickschädel.
2466 1094 137 58 Deut-

1521 1162 140 58 sche.
1703 1164 128 59 Man
1865 1168 190 59 nehme
2088 1172 125 56 oder
2245 1171 131 58 lasse
2409 1196 93 43 sie,
2538 1174 99 58 wie

1521 1239 74 56 sie
1643 1242 136 58 sind.
1841 1243 109 58 Das
2005 1246 175 58 Klima
2227 1249 257 58 zwischen
2526 1251 72 57 Vo-

1521 1340 155 44 gesen
1705 1322 110 56 und
1844 1322 167 58 Rhein
2039 1327 66 54 ist
2132 1327 83 56 ein
2242 1328 205 65 andres,
2476 1328 75 57 als
2578 1329 54 59 in

1522 1394 277 60 Pommern
1821 1401 108 55 und
1950 1401 183 59 Posen.
2173 1403 265 59 Bismarck
2458 1406 177 57 wußte

1521 1496 55 32 es
1602 1474 111 56 und
1740 1479 273 66 versprach
2041 1481 223 58 darnach
2292 1507 65 32 zu
2386 1483 245 59 handeln.

1521 1549 69 57 Er
1623 1550 117 59 kam
1771 1554 144 57 nicht
1947 1557 149 66 dazu,
2128 1561 109 54 sein
2270 1559 357 70 Versprechen

1521 1629 316 59 einzulösen.
1855 1632 108 57 Das
1977 1634 66 57 ist
2057 1635 85 56 die
2157 1660 158 44 ganze
2330 1638 299 57 elsässische

1522 1704 181 70 Frage.

1588 1783 167 58 Wenn
1806 1809 118 34 man
1973 1812 101 33 von
2122 1789 503 71 Elsaß-Lothringen

1517 1860 216 69 spricht,
1760 1886 60 33 so
1844 1864 175 59 dürfte
2044 1889 99 35 nur
2170 1868 318 68 Lothringen
2513 1870 110 58 und

1517 1939 85 56 nie
1623 1940 91 56 das
1734 1939 154 58 Elsaß
1919 1942 73 57 als
2015 1944 308 64 „deutsches
2347 1947 245 68 Festungs-

1516 2015 196 69 glacis“
1756 2019 189 69 gelten.
2000 2020 100 59 Die
2132 2022 348 71 Vereinigung
2531 2027 89 54 des

1516 2094 229 58 Elsasses
1795 2098 110 56 und
1959 2098 347 71 Lothringens
2358 2124 100 35 war
2509 2104 117 55 eine

1515 2170 336 71 Zwangsehe.
1916 2175 89 57 Sie
2052 2177 168 58 haben
2268 2179 185 65 nichts,
2500 2180 121 56 aber

1514 2250 133 57 auch
1684 2251 144 58 nicht
1863 2253 92 57 das
1991 2255 257 68 geringste
2284 2258 336 56 miteinander

1514 2330 223 65 gemein.
1802 2329 101 57 Die
1948 2331 169 65 einen,
2162 2333 87 56 die
2295 2333 323 68 Lothringer,

1516 2405 205 57 blieben
1734 2406 308 68 Franzosen,
2058 2410 84 56 die
2156 2411 52 55 in
2218 2411 102 56 den
2335 2411 255 68 parlamen-

1512 2484 256 57 tarischen
1803 2485 438 69 Körperschaften
2276 2488 110 57 ihre
2419 2489 199 56 kleinen

1515 2560 279 58 Geschäfte
1811 2565 92 55 mit
1917 2565 93 55 der
2025 2565 284 57 deutschen
2326 2566 292 69 Regierung

1514 2639 255 66 machten,
1823 2641 84 56 die
1961 2641 224 57 Elsässer
2237 2643 380 66 Süddeutsche,

1511 2718 85 55 die
1613 2716 121 57 eher
1752 2719 94 54 mit
1863 2719 120 56 dem
2002 2719 145 68 Kopf
2164 2720 162 56 durch
2344 2721 85 55 die
2448 2720 168 57 Wand

1511 2794 154 67 gehn,
1703 2795 72 56 als
1802 2796 53 55 in
1884 2795 207 69 Dingen
2117 2796 382 69 nachzugeben,
2532 2799 85 56 die

1511 2874 74 54 sie
1637 2872 73 56 als
1766 2872 234 58 Unrecht
2051 2874 321 68 empfinden.
2446 2875 166 56 Wenn

1510 2950 235 57 Preußen
1770 2951 196 68 Bayern
1991 2951 285 57 annektiert
2300 2952 156 65 hätte,
2480 2964 133 46 wäre

1510 3027 144 58 nicht
1713 3029 232 56 dasselbe
2004 3029 305 67 geschehen,
2382 3031 95 55 wie
2538 3031 74 55 im

1508 3105 172 57 Elsaß.
1724 3105 69 56 Es
1837 3118 131 44 wäre
2011 3128 92 35 zur
2143 3107 347 68 Katastrophe
2523 3130 59 45 ge-

1507 3182 262 58 kommen.
1828 3184 172 64 Denn,
2042 3208 147 33 wenn
2230 3184 199 68 Bayern
2470 3186 142 59 seine

1508 3261 233 56 Franken
1766 3260 103 66 hat,
1892 3285 57 32 so
1971 3262 118 55 sind
2109 3261 85 56 die
2217 3261 234 56 Franken
2474 3261 137 57 noch

1505 3337 147 68 lange
1700 3337 148 57 keine
1897 3337 328 69 Lothringer.
2293 3339 101 55 Die
2446 3339 132 55 Loth-

1503 3417 171 65 ringer
1713 3416 117 55 sind
1869 3415 346 57 französische
2255 3415 205 57 Bauern
2502 3417 110 56 und

1507 3497 5 35 c
1513 3492 290 60 Kotahe[n.

1569 3570 192 64 „Dann
1821 3570 160 56 schon
2041 3570 160 56 lieber
2263 3570 344 67 Franzosen,“

1500 3647 219 57 dachten
1746 3647 128 56 viele
1900 3647 242 65 Elsässer,
2170 3673 149 31 wenn
2345 3650 84 54 ein
2456 3670 124 47 preu-

1500 3725 203 57 ßischer
1741 3726 236 56 Beamter
2014 3726 90 57 auf
2140 3726 160 57 ihnen
2340 3728 143 55 seine
2519 3727 62 57 ad-

1500 3805 372 54 ministrativen
1893 3802 291 69 Tugenden
2204 3803 284 59 entfaltete.
2509 3805 103 57 Die

1497 3880 277 66 Badenser,
1842 3881 86 56 die
1996 3881 461 68 Württemberger,
2526 3882 86 57 die
