3198 4572
1106 398 141 52 Max
1271 398 198 52 Pulver
1507 412 19 25 *
1566 395 247 55 Gedichte

2470 392 103 58 137

713 595 131 71 Hat
874 599 103 68 ein
1013 595 215 72 Strom
1260 627 121 41 uns
1413 599 403 83 ausgeweitet

713 689 363 71 Blühender
1108 689 506 86 Erinnerungen.

715 779 157 72 Und
903 783 103 70 ich
1038 783 218 71 schied
1288 813 123 41 von
1446 784 100 70 dir
1574 813 104 41 am
1712 783 202 80 Ende,

713 873 204 72 Hörte
949 875 187 72 deine
1167 875 181 72 Seele
1380 879 269 70 weinen.

715 967 155 71 Und
902 969 103 69 ich
1038 982 217 71 spürte
1287 969 187 72 deine
1507 968 251 73 Hände.

715 1061 440 72 Schwankend
1184 1062 112 70 auf
1325 1062 126 71 den
1485 1062 361 71 schlechten
1880 1062 264 70 Steinen

715 1152 176 87 Ging
922 1155 103 70 ich
1058 1155 168 70 ohne
1258 1155 464 81 umzublicken,

717 1246 158 71 Floh
908 1249 103 68 ich
1044 1248 149 69 dich
1226 1248 136 69 und
1394 1248 119 69 rief
1543 1248 99 69 dir
1674 1248 403 71 schüchtern.

714 1339 184 84 Jubel
933 1340 207 70 wollte
1173 1340 170 70 mich
1374 1340 309 70 ersticken

715 1432 331 72 Zwischen
1080 1433 212 70 Nacht
1322 1433 136 71 und
1491 1433 275 85 goldnen
1801 1433 299 70 Lichtern

1449 1572 34 35 *

809 1663 247 73 Welkes
1092 1663 165 71 Gras
1290 1665 137 69 und
1458 1665 278 69 schwere
1768 1663 249 73 Bänder

717 1756 282 72 Brauner
1032 1757 299 71 Schollen
1364 1760 67 67 in
1464 1757 113 71 der
1614 1756 249 74 Fläche.

717 1850 243 71 Blasses
993 1850 169 72 Dorf
1190 1882 113 39 um
1337 1850 460 86 Hügelränder,

719 1944 363 71 Schwarzer
1114 1944 237 70 Damm
1385 1944 383 85 verborgner
1799 1944 228 70 Bäche.

719 2037 283 71 Himmel
1036 2037 189 71 leicht
1255 2067 113 39 aus
1404 2037 188 71 Licht
1624 2037 136 69 und
1794 2035 294 82 Flocken,

720 2129 206 70 Raum
960 2129 212 71 erfüllt
1205 2160 147 40 vom
1387 2128 148 71 Ton
1568 2129 115 70 der
1714 2129 182 82 Säge,

721 2223 156 70 Und
908 2223 107 70 die
1046 2242 212 51 zarten
1294 2223 563 85 Morgenglocken.

729 2315 239 72 Kahler
999 2316 271 71 Strauch
1302 2346 113 40 um
1449 2315 179 71 kahle
1660 2315 216 85 Wege.

722 2407 224 73 Fühlst
978 2439 148 40 vom
1161 2407 307 73 Draußen
1502 2407 148 72 dich
1683 2409 397 84 geschieden.

721 2503 186 70 Steht
938 2532 66 41 es
1037 2501 270 70 schlicht
1338 2501 102 70 dir
1470 2501 383 86 gegenüber.

724 2595 86 70 Ist
842 2595 100 70 dir
973 2594 196 71 andre
1205 2594 187 71 Kraft
1426 2594 400 81 beschieden,

722 2688 199 85 Eigne
955 2688 225 71 Macht
1213 2701 323 71 verspürst
1568 2687 89 71 du
1690 2687 252 71 wieder.

726 2829 106 70 Ihr
861 2830 333 83 entringen
1227 2828 134 70 sich
1397 2825 362 80 Gebärden,

722 2921 121 69 Wo
876 2923 89 67 im
998 2921 296 71 Sommer
1324 2922 88 68 du
1446 2950 341 56 genossen;

726 3013 320 71 Keimend
1077 3013 397 70 unstillbares
1507 3012 273 70 Werden

722 3106 135 70 Aus
891 3106 149 71 dem
1075 3106 328 70 Innersten
1437 3133 317 57 ergossen.

725 3200 197 70 Nicht
956 3199 180 71 mehr
1168 3199 271 70 tauchen
1472 3199 103 70 die
1608 3196 327 71 Gestalten

725 3293 151 69 Sich
909 3294 66 68 in
1007 3291 150 70 dich
1189 3294 116 68 wie
1338 3291 188 70 kecke
1559 3290 437 71 Schwimmer.

725 3384 265 85 Eignem
1025 3383 235 71 Grund
1291 3385 295 83 entsteigt
1618 3383 100 70 ihr
1751 3380 268 83 Walten,

725 3477 211 71 Blicke
970 3476 215 71 feucht
1218 3506 124 39 von
1376 3476 253 69 deinem
1663 3474 379 71 Schimmer.

726 3570 130 71 Hat
888 3570 102 72 die
1023 3570 164 69 Welt
1220 3570 135 69 sich
1388 3570 99 68 dir
1519 3571 383 82 verweigert.

727 3665 242 70 Strömt
1006 3665 90 68 sie
1129 3662 175 70 nicht
1337 3662 201 81 mehr,
1571 3661 148 72 dich
1751 3691 81 40 zu
1867 3661 230 80 füllen;

725 3755 259 72 Wächst
1016 3755 87 70 du
1136 3754 167 71 doch
1333 3754 137 71 und
1501 3754 187 71 ahnst
1721 3755 331 84 gesteigert

729 3849 226 71 Gottes
990 3849 214 71 Strom
1237 3850 67 70 in
1337 3848 253 71 deinem
1622 3846 252 71 Willen.
