3244 4572
733 398 101 57 140

1395 401 131 53 Carl
1549 401 300 53 Sternheim
1873 416 21 26 *
1925 400 209 54 Tabula
2160 401 147 52 Rasa

729 601 252 71 obwohl
1026 604 91 67 sie
1167 601 134 71 sich
1345 601 302 70 vielmehr
1689 629 111 39 um
1845 600 136 70 ihre
2023 600 275 85 Bildung
2340 600 333 70 kümmern
2717 600 240 71 müßte.

725 695 147 71 Was
905 694 198 71 bleibt
1134 695 111 69 der
1275 694 273 70 Mensch
1580 693 166 68 ohne
1775 693 320 83 Bildung?

810 788 289 70 Nettei:
1165 786 107 69 Ich
1312 786 160 69 habe
1510 785 118 70 alle
1665 784 247 70 Bücher
1950 785 270 84 gelesen,
2272 785 104 70 die
2416 785 204 70 Isolde
2658 786 120 68 mir
2815 785 142 84 gab.

810 880 302 70 Bertha:
1158 879 160 69 Hast
1360 878 89 70 du
1492 908 124 40 von
1660 878 266 70 Bölsche
1968 878 292 84 gelesen?

811 972 290 70 Nettei:
1144 971 91 83 Ja.

809 1066 304 70 Bertha:
1159 1065 160 68 Hast
1361 1065 88 69 du
1492 1065 170 69 denn
1707 1094 123 39 von
1875 1063 143 84 Key
2058 1063 291 85 gelesen?

811 1157 287 70 Nettei:
1141 1157 206 71 Auch.

807 1250 306 70 Bertha:
1168 1250 192 69 Dann
1404 1249 184 71 mußt
1632 1249 88 70 du
1750 1249 104 70 die
1883 1279 193 55 ganze
2108 1247 382 72 Geschichte
2519 1249 164 70 doch
2714 1251 246 69 wissen.

810 1341 289 72 Nettei:
1144 1341 300 72 Welche?

806 1437 277 68 Bertha
1129 1449 205 78 (lacht):
1375 1435 301 72 Welche?
1719 1435 125 70 Die
1887 1435 293 70 bewußte
2222 1435 330 70 natürlich.
2606 1448 100 71 (Zu
2739 1448 222 78 Isolde:)

974 1529 108 69 Ich
1120 1559 146 53 sage
1301 1560 80 38 zu
1418 1528 217 71 Nettei
1671 1559 216 53 wegen
1926 1528 325 70 Bölsches:
2303 1528 169 70 dann
2512 1528 183 70 mußt
2731 1528 89 70 du
2858 1528 103 70 die

730 1620 391 71 Geschichte
1171 1621 166 70 doch
1385 1623 249 69 wissen.
1709 1620 187 86 Fragt
1944 1623 119 68 sie:
2113 1621 279 70 welche?

810 1714 292 71 Nettei:
1173 1712 84 71 Es
1303 1715 221 70 stehen
1569 1714 331 83 unzählige
1947 1712 425 71 Geschichten
2419 1712 164 71 drin.

810 1808 308 69 Bertha:
1163 1808 190 81 Nein,
1399 1809 102 70 die
1545 1808 243 69 Nettei!
1834 1822 111 68 (Sie
1971 1822 138 57 lacht
2137 1822 319 69 stürmisch.)

812 1899 294 71 Nettei:
1164 1900 211 70 Meint
1421 1900 98 70 ihr
1553 1899 307 85 Zeugung
1892 1900 136 69 und
2063 1898 294 71 Geburt?
2392 1899 103 70 Da
2528 1900 80 69 ist
2641 1899 205 69 nichts
2881 1928 79 40 zu

731 1994 258 79 lachen;
1033 1993 110 70 das
1187 1996 80 67 ist
1309 2023 91 40 so.

811 2086 277 70 Bertha
1117 2100 88 68 (zu
1239 2100 217 77 Isolde):
1511 2084 138 70 Hör
1673 2112 141 54 nur,
1842 2087 119 67 wie
1985 2083 174 71 frech
2185 2086 89 68 sie
2298 2084 108 70 das
2432 2103 169 65 sagt;
2631 2105 85 63 (zu
2738 2097 227 78 Nettei:)

734 2178 113 70 Du
890 2180 274 68 scheinst
1206 2180 198 68 schön
1447 2178 373 70 verdorben.

819 2271 282 70 Isolde:
1159 2270 212 71 Siehst
1406 2270 88 70 du
1531 2271 111 69 das
1680 2269 538 71 Geheimnisvolle
2253 2270 111 70 der
2397 2269 331 85 Vorgänge
2762 2270 197 70 nicht.

734 2363 451 86 Protoplasma,
1233 2363 366 80 Keimzelle,
1640 2363 111 69 das
1792 2363 321 85 gewaltige
2154 2363 401 82 Mysterium.

815 2457 291 69 Nettei:
1152 2455 107 70 Ich
1304 2457 165 68 kann
1513 2458 121 68 mir
1676 2455 206 70 nichts
1925 2458 212 68 weiter
2179 2455 183 70 dabei
2406 2455 268 71 denken.

818 2549 280 70 Isolde:
1176 2548 203 71 Euere
1433 2547 388 72 Generation
1877 2548 242 70 kommt
2174 2551 121 67 mir
2348 2548 306 84 geradezu
2709 2575 251 57 pervers

732 2671 134 43 vor.
924 2643 127 70 Die
1083 2642 416 71 erhabensten
1536 2642 212 84 Dinge
1795 2642 112 70 der
1941 2642 167 70 Welt
2155 2642 220 70 nehmt
2409 2643 99 69 ihr
2552 2643 115 68 mit
2702 2641 222 70 Gleich-

731 2755 140 51 mut
923 2736 131 80 hin,
1108 2736 165 70 ohne
1324 2766 80 39 zu
1456 2754 289 62 staunen,
1798 2737 89 68 im
1935 2733 288 72 Tiefsten
2275 2765 80 38 zu
2408 2733 393 72 erschauern.
2858 2733 105 70 Ihr

731 2829 196 69 denkt
972 2827 136 70 und
1157 2827 174 85 prüft
1379 2829 175 69 nicht
1599 2830 120 68 wie
1764 2829 103 69 die
1912 2830 235 82 jungen
2197 2827 202 70 Leute
2446 2830 237 67 meines
2729 2826 230 71 Alters.

735 2920 95 71 Im
863 2920 219 70 Leben
1113 2921 168 70 steht
1312 2921 99 69 ihr
1441 2920 135 70 und
1606 2939 99 52 tut
1737 2920 136 70 und
1902 2939 135 65 gut.
2095 2920 307 84 Klappert
2433 2919 136 70 und
2601 2919 214 85 klappt
2844 2921 120 68 wie

735 3014 378 70 Maschinen
1158 3015 281 83 eintönig
1482 3041 148 43 euer
1673 3010 328 88 Tagwerk.
2068 3013 103 70 An
2218 3012 518 71 übersinnliches
2782 3012 181 69 rührt

732 3108 102 70 ihr
871 3107 197 70 nicht.

816 3198 292 71 Nettei:
1152 3199 135 70 Wir
1329 3198 145 70 sind
1515 3198 395 71 zufriedener
1952 3198 89 71 als
2085 3198 118 71 ihr.

815 3292 309 70 Bertha:
1165 3292 141 70 Wie
1348 3291 174 71 frech
1566 3292 110 70 das
1723 3292 215 69 Mädel
1983 3293 111 70 ist!

818 3385 283 71 Isolde:
1163 3385 161 71 Weil
1365 3385 100 71 ihr
1503 3385 111 70 das
1657 3384 240 72 Gefühl
1940 3385 112 70 der
2091 3385 527 84 Verantwortung
2658 3384 175 69 nicht
2872 3385 93 68 im

734 3478 283 85 gleichen
1061 3478 196 69 Maße
1301 3478 172 71 habt.

814 3572 306 68 Bertha:
1165 3570 206 71 Keine
1411 3570 556 84 Verantwortung!

815 3664 292 70 Nettei:
1154 3663 108 71 Ich
1306 3663 162 71 habe
1511 3663 102 71 die
1654 3663 167 71 Welt
1865 3663 176 70 nicht
2085 3662 310 85 gemacht.

819 3757 279 71 Isolde:
1140 3757 112 71 Als
1295 3756 150 72 wär’
1488 3757 111 70 das
1643 3760 140 67 eine
1825 3756 570 85 Entschuldigung.

816 3850 290 70 Nettei:
1150 3850 268 70 Wofür?
