3198 4572
1106 398 141 52 Max
1271 398 198 52 Pulver
1507 412 19 25 *
1566 395 247 55 Gedichte

2470 392 103 58 137

713 595 131 71 Hat
874 599 103 68 ein
1013 595 215 72 Strom
1260 627 121 41 uns
1413 599 403 83 ausgeweitet

713 689 363 71 Blühender
1108 689 506 86 Erinnerungen.

715 779 157 72 Und
903 783 103 70 ich
1038 783 218 71 schied
1288 813 123 41 von
1446 784 100 70 dir
1574 813 104 41 am
1712 783 202 80 Ende,

713 873 204 72 Hörte
949 875 187 72 deine
1167 875 181 72 Seele
1380 879 269 70 weinen.

715 967 155 71 Und
902 969 103 69 ich
1038 982 217 71 spürte
1287 969 187 72 deine
1507 968 251 73 Hände.

715 1061 440 72 Schwankend
1184 1062 112 70 auf
1325 1062 126 71 den
1485 1062 361 71 schlechten
1880 1062 263 70 Steinen

715 1152 176 87 Ging
922 1155 103 70 ich
1058 1155 168 70 ohne
1258 1155 464 81 umzublicken,

717 1246 158 71 Floh
908 1249 103 68 ich
1044 1248 149 69 dich
1226 1248 136 69 und
1394 1248 119 69 rief
1543 1248 99 69 dir
1674 1248 403 71 schüchtern.

714 1339 184 84 Jubel
933 1340 207 70 wollte
1173 1340 170 70 mich
1374 1340 309 70 ersticken

715 1432 331 72 Zwischen
1080 1433 212 70 Nacht
1322 1433 136 71 und
1491 1433 275 85 goldnen
1801 1433 299 70 Lichtern

1449 1573 35 35 *

809 1664 248 73 Welkes
1093 1664 163 71 Gras
1291 1665 136 70 und
1458 1665 278 70 schwere
1768 1664 248 73 Bänder

717 1757 283 72 Brauner
1033 1758 297 71 Schollen
1363 1761 69 68 in
1465 1758 113 71 der
1614 1757 249 74 Fläche.

717 1850 243 71 Blasses
993 1851 168 71 Dorf
1189 1881 113 40 um
1338 1850 458 86 Hügelränder,

718 1944 364 71 Schwarzer
1113 1944 239 69 Damm
1386 1944 382 85 verborgner
1799 1944 228 69 Bäche.

719 2035 283 72 Himmel
1035 2036 191 71 leicht
1255 2067 113 39 aus
1405 2036 188 71 Licht
1625 2036 136 70 und
1795 2035 293 81 Flocken,

720 2130 205 70 Raum
959 2130 212 71 erfüllt
1204 2161 148 40 vom
1386 2129 148 72 Ton
1569 2130 113 70 der
1715 2130 181 82 Säge,

720 2223 157 70 Und
908 2223 106 70 die
1047 2242 212 51 zarten
1293 2223 564 84 Morgenglocken.

729 2316 238 72 Kahler
999 2317 271 71 Strauch
1302 2347 112 40 um
1448 2316 180 71 kahle
1659 2316 216 85 Wege.

723 2408 223 73 Fühlst
978 2440 149 39 vom
1161 2408 307 73 Draußen
1503 2408 147 71 dich
1683 2410 398 83 geschieden.

722 2504 184 69 Steht
938 2533 67 40 es
1038 2502 268 70 schlicht
1339 2502 102 70 dir
1471 2502 381 85 gegenüber.

724 2596 85 70 Ist
841 2596 102 70 dir
972 2595 198 71 andre
1206 2595 186 71 Kraft
1425 2595 400 80 beschieden.

722 2688 199 85 Eigne
954 2688 226 71 Macht
1212 2700 324 72 verspürst
1569 2686 87 70 du
1691 2686 250 72 wieder.

725 2829 107 68 Ihr
861 2830 333 83 entringen
1227 2827 135 70 sich
1396 2825 363 80 Gebärden,

722 2920 122 70 Wo
875 2923 89 67 im
997 2920 296 71 Sommer
1324 2921 87 69 du
1446 2949 340 56 genossen;

725 3013 321 71 Keimend
1076 3013 398 70 unstillbares
1508 3012 272 71 Werden

722 3107 134 70 Aus
891 3107 148 70 dem
1076 3107 328 70 Innersten
1438 3134 316 57 ergossen.

724 3200 198 69 Nicht
957 3198 180 71 mehr
1167 3198 271 70 tauchen
1471 3198 104 70 die
1608 3196 327 71 Gestalten

725 3292 150 70 Sich
908 3294 66 68 in
1006 3291 150 70 dich
1188 3294 117 68 wie
1339 3291 188 70 kecke
1560 3290 437 71 Schwimmer.

725 3385 266 85 Eignem
1024 3384 235 71 Grund
1291 3386 294 83 entsteigt
1617 3384 102 70 ihr
1750 3381 268 83 Walten,

724 3478 212 71 Blicke
969 3476 216 72 feucht
1217 3507 126 39 von
1376 3476 252 70 deinem
1663 3475 378 71 Schimmer.

727 3570 128 70 Hat
887 3570 103 72 die
1023 3569 165 70 Welt
1221 3569 133 70 sich
1387 3569 100 69 dir
1519 3570 384 83 verweigert.

727 3664 242 70 Strömt
1006 3664 90 69 sie
1129 3662 176 70 nicht
1338 3662 200 81 mehr,
1571 3661 149 72 dich
1752 3691 80 39 zu
1867 3661 229 80 füllen;

725 3756 258 80 Wächst
1015 3756 89 70 du
1136 3755 166 71 doch
1334 3755 137 71 und
1500 3755 188 71 ahnst
1720 3756 331 84 gesteigert

728 3849 227 71 Gottes
991 3849 213 71 Strom
1237 3850 66 70 in
1338 3847 251 71 deinem
1621 3846 254 72 Willen.
