3139 4572
2490 395 98 59 163

1043 396 254 53 Kasimir
1326 396 290 53 Edschmid
1651 410 22 29 ♦
1720 396 202 53 Winter

372 598 257 72 Lichter
648 616 185 52 unter
852 597 150 71 dem
1021 598 423 70 schneienden
1467 595 232 84 Gitter,
1721 598 112 71 das
1856 595 330 73 Gebrause
2206 597 113 69 der
2338 597 257 86 Wagen,

371 694 103 72 die
503 691 344 71 unendlich
878 691 433 86 schweigende
1341 691 220 72 Musik
1590 692 111 71 des
1733 692 363 85 gelassenen
2129 691 334 80 Himmels,
2495 692 102 70 die

370 783 315 74 dunkelen
734 783 301 74 Schatten
1082 785 113 71 der
1242 785 375 82 Menschen,
1665 786 106 70 die
1815 783 159 88 groß
2021 785 104 71 die
2173 783 191 87 Stege
2411 785 148 69 über-

371 879 443 78 schwammen,
859 877 264 70 drehten
1167 877 134 71 sich
1345 880 64 68 in
1453 879 147 69 dem
1644 877 327 71 Rundlauf
2011 879 115 69 der
2168 876 429 71 Wirklichkeit

370 970 197 74 schon
587 971 373 69 entrissener
979 970 384 71 Eindrücke:
1395 970 240 72 Grecos
1655 971 423 85 Entkleidung
2098 969 258 81 Christi,
2378 969 219 71 Sturm

370 1063 202 87 gleich
621 1061 278 73 Raketen
946 1063 294 71 aufwärts
1294 1064 413 71 schießender
1755 1063 352 81 Gesichter,
2166 1064 137 70 und
2359 1065 64 68 in
2483 1063 116 71 der

372 1155 215 73 Garbe
635 1157 168 70 ihrer
851 1155 361 87 Entladung
1258 1159 118 69 wie
1425 1157 240 71 Maden
1715 1176 288 52 erstarrte
2050 1155 384 87 Angesichte
2483 1155 114 72 der

371 1251 312 71 Frauen...
718 1249 134 72 und
887 1249 345 85 Memlings
1264 1251 215 70 sieben
1515 1249 289 73 Freuden
1837 1251 235 71 Mariä:
2106 1251 184 71 blaue
2323 1249 273 72 beseelte

370 1343 211 82 Täler,
624 1342 263 72 Streiter
927 1342 407 86 wohlgemut,
1377 1342 466 72 aufbrechende
1885 1343 242 82 Sterne,
2174 1343 216 80 Mord,
2435 1343 120 70 Ver-

371 1437 282 84 klärung,
696 1435 308 72 Reitende
1044 1436 160 70 nach
1244 1436 114 70 der
1397 1435 187 81 Welt,
1625 1436 233 70 runder
1898 1436 228 85 Hügel,
2167 1436 112 71 auf
2314 1437 149 70 dem
2505 1437 87 68 im

374 1530 184 71 Kreis
597 1529 333 71 Knieende
965 1559 197 55 gegen
1198 1529 127 70 den
1363 1528 309 71 Horizont
1706 1529 209 70 beten.
1974 1529 147 71 War
2155 1529 132 71 dies
2324 1530 113 70 der
2472 1529 82 70 Be-

371 1627 225 82 ginn?,
642 1624 232 69 ...mein
920 1621 181 72 Gott.

451 1713 172 88 Tags
654 1714 224 73 darauf
906 1714 228 71 fuhren
1165 1715 114 70 wir
1307 1715 97 69 ins
1437 1713 203 80 Land,
1672 1715 181 69 einen
1886 1713 241 80 Kessel,
2157 1717 117 67 wie
2301 1713 291 71 Strahlen

371 1808 300 71 umzuckt
699 1840 124 41 von
854 1807 264 86 Gebirg.
1174 1807 372 71 Flammend
1575 1807 126 84 bog
1729 1807 104 71 die
1861 1806 236 80 Sonne,
2126 1825 97 52 rot
2251 1808 118 70 wie
2397 1806 162 69 Stier-

371 1902 159 80 blut,
558 1902 159 71 über
741 1903 103 70 die
871 1901 220 71 Grate.
1161 1900 196 72 Pfeile
1381 1900 241 71 stießen
1649 1901 104 70 die
1778 1900 257 83 Spitzen
2063 1902 95 67 ins
2185 1898 174 82 Blau,
2387 1930 64 39 es
2475 1902 119 67 wie

370 1997 101 70 ein
512 1995 184 71 Meer
741 1995 254 80 teilend,
1040 1995 112 68 das
1200 1992 413 73 zurückrann.
1673 1992 319 70 Beilhiebe
2026 1991 230 72 weißer
2290 1991 305 84 Abhänge

371 2089 179 85 lagen
581 2089 298 70 zischend
907 2090 65 69 in
1000 2088 114 69 der
1143 2086 177 71 Luft.
1374 2086 229 70 Hinter
1630 2085 123 71 den
1783 2085 290 70 Häusern
2101 2113 126 42 war
2253 2085 101 70 die
2381 2084 215 71 Ebene

372 2182 125 72 hell
551 2185 117 68 mit
720 2183 149 70 dem
924 2180 278 71 dunklen
1259 2179 265 72 Gefleck
1576 2179 535 85 vorgeschobener
2166 2178 428 71 Heuschober.

374 2276 71 69 In
488 2276 498 83 amethystenem
1031 2274 258 70 Kristall
1331 2276 159 82 stieg
1529 2272 115 71 der
1686 2272 281 71 Himmel
2008 2270 230 72 ziellos.

451 2367 263 71 Abends
750 2386 237 53 setzten
1021 2368 116 69 wir
1172 2366 342 85 Fripouille
1550 2367 63 67 in
1649 2364 124 70 den
1811 2363 483 71 Kronleuchter.
2352 2362 84 71 Es
2470 2391 126 42 war

371 2462 140 70 eine
536 2460 200 72 weiße
762 2462 236 70 schöne
1028 2458 163 72 Frau
1219 2460 394 85 gekommen,
1644 2457 143 80 hell,
1816 2457 125 70 daß
1967 2457 103 70 die
2094 2456 216 71 Adern
2340 2456 218 70 heraus-

372 2555 468 80 schimmerten,
893 2556 117 69 mit
1059 2551 493 74 silberblondem
1604 2551 189 70 Haar.
1867 2550 107 71 Sie
2025 2551 97 84 lag
2172 2550 206 71 neben
2431 2547 163 71 Frau

372 2646 292 72 Suzanne
706 2645 423 88 ausgestreckt
1170 2645 110 71 auf
1311 2646 147 70 dem
1494 2645 249 79 Diwan,
1787 2644 196 70 deren
2017 2640 282 80 Gesicht,
2343 2644 213 81 spanio-

372 2740 237 71 lischen
635 2740 179 71 Bluts
850 2740 136 70 und
1021 2738 572 72 südfranzösischer
1626 2734 404 81 Landschaft,
2067 2735 255 79 schwer,
2360 2733 232 70 dunkel

371 2834 135 70 und
550 2833 150 72 wild
743 2862 149 43 war.
960 2832 171 72 Zwei
1176 2832 510 72 verschiedenere
1731 2829 243 70 Frauen
2020 2828 119 84 gab
2183 2858 65 40 es
2295 2829 122 68 nie.
2486 2825 108 72 Sie

371 2927 301 71 schauten
710 2930 64 68 in
810 2928 105 70 die
950 2927 207 79 Höhe,
1197 2926 185 85 ruhig
1416 2925 134 69 und
1583 2922 430 79 träumerisch,
2049 2951 98 41 wo
2182 2921 112 70 der
2328 2917 266 72 Plafond

372 3020 134 71 sich
531 3050 147 40 zum
705 3020 262 71 Fenster
991 3021 227 83 neigte,
1245 3018 206 72 hinter
1473 3017 146 70 dem
1647 3015 199 71 Feuer
1867 3012 109 71 auf
1997 3013 103 70 die
2122 3012 197 84 Berge
2342 3030 252 66 regnete

374 3115 86 67 im
506 3114 205 70 vollen
753 3112 254 72 Abend.

457 3206 108 70 Ich
597 3208 222 82 knipse
849 3208 124 68 den
1005 3205 316 70 Leuchter
1349 3203 128 80 auf,
1510 3201 123 71 daß
1664 3203 273 81 zwanzig
1967 3199 200 70 runde
2200 3196 250 85 Kugeln
2483 3196 111 71 des

372 3318 264 54 unteren
677 3300 280 70 Kranzes
993 3317 164 52 rotes
1194 3297 189 69 Licht
1418 3297 63 68 in
1518 3295 103 69 die
1655 3293 530 82 Bernsteinaugen
2223 3289 372 85 Fripouilles

372 3392 397 72 schleudern.
822 3391 84 72 Es
934 3393 80 69 ist
1043 3389 146 71 still.
1244 3387 340 86 Fripouille
1612 3384 202 73 öffnet
1840 3386 111 69 das
1983 3412 136 42 rosa
2148 3382 200 80 Maul,
2380 3380 216 72 faucht

372 3487 136 70 und
537 3485 177 73 beißt
743 3488 65 68 in
838 3485 112 71 das
981 3483 179 71 Glas.
1189 3482 151 71 Sein
1369 3480 560 86 Angoraschwanz,
1962 3477 145 70 dick
2135 3478 118 69 wie
2281 3478 103 68 ein
2413 3474 183 82 Arm,

372 3580 245 71 sträubt
653 3580 155 70 sich.
870 3577 84 71 Er
988 3576 168 71 wirft
1191 3594 267 52 entsetzt
1494 3575 123 70 den
1659 3571 178 85 Kopf
1871 3571 160 70 nach
2068 3570 186 70 oben.
2300 3568 104 69 Da
2441 3568 158 70 lasse

372 3671 102 70 ich
525 3674 103 68 die
677 3670 194 86 große
921 3669 386 84 Glühlampe
1355 3667 158 69 über
1561 3665 135 71 ihm
1745 3662 404 80 aufbrechen,
2201 3660 212 86 gelbes
2463 3661 137 69 und

374 3764 429 72 betäubendes
846 3764 207 70 Licht.
1118 3761 133 70 Der
1291 3759 194 86 große
1525 3758 315 72 Leuchter
1879 3756 306 84 schwingt
2225 3772 267 53 entsetzt
2535 3758 65 66 in

374 3858 102 71 die
529 3858 455 82 Dämmerung.
1064 3853 251 86 Kugeln
1368 3853 196 71 rollen
1616 3852 279 71 bestürzt
1947 3849 235 71 fallend
2234 3847 202 72 durch
2491 3848 109 70 das
