3135 4572
568 413 104 58 148

1223 421 128 55 Carl
1377 421 300 54 Sternheim
1701 439 21 24 *
1758 423 207 52 Tabula
1995 425 147 51 Rasa

564 615 237 73 Wüßte
833 619 103 70 ich
971 622 184 68 einen
1191 619 276 82 Dritten,
1502 619 183 71 sollte
1718 621 112 71 der
1863 651 127 42 von
2025 623 113 70 der
2173 623 193 73 Mitte
2400 626 110 71 her
2544 628 242 85 tüchtig

561 710 338 73 schütteln.

1192 803 14 13 V

1661 827 35 36 *

1265 1026 377 61 SECHSTER
1688 1030 401 62 AUFTRITT.

641 1173 285 70 Arthur
967 1188 134 69 (tritt
1126 1190 140 76 auf):
1308 1174 146 71 Was
1498 1178 80 69 ist
1621 1179 116 68 mit
1780 1178 178 71 ihm?

641 1267 353 70 Ständer:
1042 1266 254 71 Gerade
1319 1268 164 70 stieß
1506 1270 102 69 ich
1633 1271 110 70 ihn
1768 1299 113 42 zur
1903 1271 141 71 Tür
2067 1272 245 74 hinaus.
2363 1275 94 70 Im
2483 1277 299 71 nächsten

558 1358 395 86 Augenblick
984 1360 171 70 hätte
1186 1361 101 70 ich
1320 1362 169 70 mich
1521 1362 360 85 vergriffen.
1935 1365 338 84 Jedenfalls
2306 1367 241 85 vergißt
2578 1398 66 42 er
2674 1370 111 71 das

560 1451 571 73 Wiederkommen.

637 1544 315 71 Arthur:
1014 1545 134 71 Vor
1185 1546 280 72 solchem
1506 1548 328 85 Ungetüm
1873 1550 237 71 könnte
2146 1582 147 39 man
2331 1585 82 38 an
2451 1554 113 70 der
2602 1555 152 71 intel-

557 1638 336 70 lektuellen
924 1639 184 71 Linie
1138 1640 113 70 der
1280 1672 237 54 ganzen
1549 1642 206 70 Natur
1784 1644 413 73 verzweifeln.
2251 1645 193 73 Diese
2475 1647 271 72 Gewalts-

557 1731 343 69 menschen
933 1731 276 85 gehören
1242 1733 152 84 glatt
1425 1765 80 38 an
1536 1734 105 70 die
1670 1736 205 71 Wand
1906 1738 386 71 erschossen.

637 1823 360 73 Ständer:
1041 1826 234 71 Bravo!

633 1916 319 72 Arthur:
1018 1917 191 71 Ohne
1248 1922 186 68 einen
1475 1920 243 85 Begriff
1756 1922 226 80 davon,
2025 1924 126 69 daß
2192 1925 134 68 sich
2367 1925 203 71 durch
2611 1929 136 68 wirt-

552 2009 372 71 schaftliche
966 2009 442 86 Organisation
1453 2013 110 69 das
1608 2014 194 71 hehre
1842 2014 133 71 Ziel
2018 2018 306 69 schneller
2364 2020 136 69 und
2542 2020 199 84 gründ-

555 2101 195 70 licher
783 2103 322 70 erreichen
1139 2104 129 70 läßt
1300 2105 88 69 als
1423 2105 202 70 durch
1660 2107 240 83 blutige
1933 2107 397 82 Revolution,
2367 2110 210 71 halten
2611 2113 170 70 diese

556 2193 240 72 Fossile
815 2226 112 39 aus
951 2197 112 70 der
1084 2197 361 71 Primärzeit
1468 2230 65 38 es
1557 2199 174 70 nicht
1754 2200 102 69 für
1878 2204 196 82 nötig,
2098 2203 134 69 sich
2255 2204 156 69 über
2432 2232 349 57 errungene

555 2286 501 86 Feststellungen
1111 2320 80 38 zu
1246 2291 450 71 unterrichten.
1776 2293 193 70 Diese
2022 2294 193 70 tiefen
2276 2294 213 86 Köpfe
2677 2298 103 70 ich

552 2383 206 68 meine
806 2381 114 70 tief
966 2383 89 69 im
1103 2383 198 71 Sinne
1348 2386 171 68 einer
1566 2383 650 74 Thermometerskala
2392 2388 205 72 haben
2630 2421 147 40 vom

553 2472 423 71 Unterschied
1012 2475 311 70 zwischen
1357 2475 411 73 Arbeitswert
1803 2479 136 69 und
1975 2479 586 87 Produktionspreis
2601 2482 179 72 keine

552 2565 305 85 Ahnung.

635 2659 355 72 Ständer:
1035 2660 319 71 Bewahre.

628 2752 317 71 Arthur:
1000 2753 249 71 Wissen
1285 2785 126 40 von
1445 2754 350 83 Profitrate,
1831 2755 480 74 Zentralisation
2345 2761 111 69 des
2494 2761 283 85 Kapitals

550 2844 135 70 und
716 2844 112 70 der
858 2844 309 82 Betriebe,
1201 2877 149 40 vom
1380 2849 357 69 nationalen
1769 2849 487 84 Mehrprodukt,
2295 2852 481 85 Kreditsystem,

545 2938 113 69 der
705 2937 657 88 Vergesellschaftung
1409 2941 136 71 und
1594 2942 149 70 dem
1793 2942 603 88 Normalarbeitstag
2446 2949 172 68 nicht
2668 2949 110 71 das

553 3030 359 85 Geringste.

628 3123 357 72 Ständer:
1046 3125 141 70 Wie
1223 3125 115 70 soll
1378 3156 71 40 so
1486 3129 171 68 einer
1694 3128 208 69 auch?
1963 3129 144 71 Von
2145 3129 124 71 den
2310 3129 467 87 Gutgesinnten

550 3218 349 82 gemieden,
960 3218 167 70 ohne
1163 3219 184 70 Weib
1383 3220 137 69 und
1558 3219 199 74 Kind.

625 3308 316 72 Arthur:
988 3310 156 70 Und
1185 3331 163 65 wagt
1390 3312 135 70 sich
1568 3316 398 68 unsereinem
2009 3317 65 67 in
2117 3316 126 69 den
2286 3316 176 85 Weg.

628 3402 353 72 Ständer:
1033 3403 188 71 Ohne
1248 3406 307 85 Wirkung
1582 3407 266 72 freilich.
1898 3408 140 71 Wie
2076 3410 112 69 der
2226 3410 240 81 Sturm,
2512 3425 268 80 (erlacht)

547 3496 88 67 im
661 3496 252 70 wahren
942 3496 161 71 Sinn
1131 3498 109 70 des
1270 3498 268 80 Wortes,
1567 3502 89 68 im
1684 3500 378 85 Wasserglas
2091 3502 211 85 bringt
2329 3504 133 69 sich
2491 3534 70 39 so
2588 3524 188 52 etwas

548 3586 211 85 knapp
799 3589 96 69 bis
934 3619 112 39 ans
1087 3590 340 85 dreißigste
1464 3592 170 83 Jahr.

628 3679 315 72 Arthur:
988 3681 85 70 Er
1115 3685 80 67 ist
1238 3683 546 86 fünfunddreißig.

631 3771 354 74 Ständer:
1041 3775 106 71 Bis
1180 3807 110 39 ans
1323 3780 347 83 vierzigste.
1726 3779 193 70 Dann
1952 3779 242 71 kommt
2225 3780 89 71 als
2349 3780 192 85 Folge
2571 3783 170 84 jahre-

547 3864 212 85 langer
801 3865 608 88 Ausschweifungen
1455 3871 103 69 die
1600 3872 277 70 schnelle
1924 3871 442 86 Katastrophe.
