3169 4572
1033 371 251 54 Kasimir
1312 374 292 56 Edschmid
1708 377 200 54 Winter

2475 382 99 61 165

353 567 230 72 drucks
631 568 66 69 in
744 567 127 72 den
918 569 559 92 Vorbeischwung.
1547 576 134 72 Wir
1727 579 287 73 wachsen
2061 611 79 41 an
2187 583 123 70 den
2358 585 219 73 Rodel.

351 661 88 71 Er
477 661 201 70 zischt
715 663 185 70 einen
942 662 245 74 kleinen
1229 666 210 87 Hügel
1478 670 240 82 hinauf,
1759 672 152 73 hebt
1949 675 155 80 sich,
2143 675 207 85 glänzt
2387 680 192 84 gierig

351 771 200 54 unten
602 756 117 69 mit
766 755 125 70 den
942 756 316 74 schmalen
1303 760 237 84 Kufen,
1588 767 116 68 wir
1743 766 356 73 schweben.
2165 767 192 73 Dann
2397 771 182 84 prallt

351 874 68 45 er
449 846 258 80 zurück,
738 850 116 69 wir
884 853 355 83 vereinigen
1271 884 119 42 uns
1423 858 64 68 in
1520 859 513 85 nachgebendem
2065 860 255 74 Gleiten
2350 864 227 71 wilden

350 940 212 71 Rucks
593 943 115 68 mit
738 941 114 70 der
879 941 201 74 Bahn.
1133 947 134 71 Wir
1295 948 205 72 heben
1529 981 120 40 uns
1676 953 203 81 toller,
1910 954 214 73 reißen
2166 957 106 71 die
2301 957 277 72 Flanken

348 1034 113 70 des
504 1034 234 71 Rodels
778 1066 81 39 an
900 1066 141 51 uns,
1083 1039 358 88 schwingen
1482 1074 181 41 einen
1696 1046 215 86 Bogen
1952 1051 64 67 in
2053 1049 107 72 die
2185 1048 178 81 Luft,
2396 1070 179 52 tosen

348 1127 257 70 zurück.
658 1126 308 75 Geschrei
993 1148 185 68 steigt
1205 1132 206 72 neben
1437 1165 121 41 uns
1586 1140 323 81 prasselnd
1934 1141 128 71 auf.
2110 1142 130 72 Die
2265 1143 312 73 stählerne

349 1218 232 73 Fläche
616 1220 175 81 bebt,
826 1249 115 43 wir
974 1223 233 85 glühen
1246 1256 87 40 im
1369 1231 420 83 springenden
1825 1232 238 73 Sausen
2099 1239 118 67 wie
2250 1236 323 81 Bremsen,

345 1314 117 71 wir
498 1312 231 87 fliegen
778 1317 65 69 in
881 1316 112 71 das
1030 1317 181 71 Blau.
1270 1320 127 71 Die
1434 1321 217 73 Kufen
1689 1328 230 69 rasseln
1958 1331 64 68 in
2058 1329 181 71 toller
2274 1329 158 72 Gier
2465 1330 112 71 auf

344 1409 113 70 das
496 1406 132 73 Eis.
694 1408 72 69 In
806 1409 262 85 graziler
1106 1410 220 72 Kurve
1362 1416 319 72 erreichen
1719 1446 115 43 wir
1869 1420 103 70 die
2009 1420 235 82 Ebene,
2284 1423 289 86 flüssiges

345 1500 249 80 Nickel,
623 1500 271 73 brausen
922 1504 64 69 in
1016 1504 251 71 Rädern
1294 1505 509 87 aufspritzenden
1831 1510 296 74 Schnees.
2175 1514 396 74 Verachtend

344 1595 255 79 andere,
649 1594 104 71 die
802 1594 224 74 lenken
1068 1599 115 69 mit
1240 1598 141 71 Fuß
1427 1602 134 68 und
1606 1602 179 80 Arm,
1836 1603 260 74 lachend
2135 1607 113 71 der
2279 1608 294 73 Vorsicht

343 1689 114 70 des
499 1687 458 82 Mittelmaßes,
1016 1691 294 71 befehlen
1347 1721 137 52 wir,
1521 1695 548 74 aufundabrasend
2107 1701 103 71 die
2240 1703 330 70 stürzende

345 1781 252 80 Fläche,
633 1801 116 51 mit
783 1782 149 71 dem
969 1783 186 72 Hirn.
1213 1785 137 71 Wir
1381 1786 293 89 besiegen
1708 1791 103 70 die
1844 1810 302 67 entgegen
2152 1795 418 72 schäumende

344 1874 236 71 Wucht
608 1874 116 72 der
754 1875 266 74 Kurven
1050 1880 117 67 mit
1195 1879 150 71 dem
1375 1880 179 71 Ruck
1582 1883 114 69 der
1724 1883 286 72 Lenden.
2062 1884 179 72 Ganz
2269 1917 120 39 uns
2428 1889 105 70 hin-

343 1968 249 85 gebend
621 1969 148 70 dem
796 1969 334 82 Abschuß,
1160 1971 336 73 herrschen
1526 1978 115 67 wir
1666 1975 160 71 über
1858 1976 108 72 ihn
2001 1980 115 69 mit
2147 1979 146 70 dem
2321 1980 248 71 Willen.

340 2060 409 71 Abstürzend
791 2064 65 73 in
899 2064 112 70 das
1054 2065 400 72 betäubende
1494 2067 229 82 Silber,
1765 2097 113 43 vor
1917 2070 148 72 dem
2104 2072 112 70 das
2254 2072 180 86 Auge
2472 2101 66 43 er-

344 2154 265 80 blindet,
633 2157 240 84 wiegen
898 2159 115 69 wir
1035 2189 123 39 uns
1182 2161 117 68 mit
1322 2161 126 71 den
1474 2161 245 72 Hüften
1746 2163 296 73 hinunter
2063 2167 119 69 wie
2203 2167 88 69 im
2316 2166 217 72 Liebes-

341 2247 179 85 spiel.

423 2341 229 71 Neben
682 2373 120 40 uns
830 2345 168 70 sinkt
1026 2345 104 71 die
1155 2346 312 84 gewölbte
1493 2347 225 73 Schale
1743 2351 172 70 eines
1940 2351 273 71 anderen
2241 2351 192 87 Bergs
2460 2383 109 41 aus

345 2434 274 71 Föhren.
699 2435 258 74 Dunkle
1014 2438 399 73 Silhouetten
1469 2441 114 70 der
1628 2441 180 73 Skier
1863 2443 263 71 furchen
2165 2448 172 68 seine
2380 2445 188 71 Seite.

343 2528 274 85 Morgen
661 2530 253 71 werden
959 2533 114 68 wir
1115 2531 228 73 skiern.
1412 2534 135 71 Wir
1600 2534 203 72 haben
1859 2537 381 85 unmäßigen
2286 2538 280 85 Hunger.

341 2620 134 72 Vor
508 2622 148 70 dem
696 2622 324 73 Holzhaus
1056 2656 104 39 am
1195 2625 273 73 Auslauf
1500 2658 80 41 an
1616 2628 340 85 gedeckten
1991 2628 277 72 Tischen
2305 2631 263 85 bringen

344 2713 324 72 Mädchen
713 2716 105 71 die
853 2716 288 86 Speisen.
1211 2719 301 72 Plötzlich
1555 2721 276 71 entsteht
1872 2725 139 67 eine
2043 2722 353 85 Bewegung
2433 2723 133 70 und

341 2808 242 84 pflanzt
609 2810 136 69 sich
772 2808 147 73 fort.
974 2810 362 86 Fripouille,
1364 2816 183 69 einen
1577 2815 494 85 Kanarienvogel
2098 2817 86 69 im
2212 2806 202 90 Maul,
2441 2817 123 70 den

343 2900 513 73 Schwanzbusch
894 2904 317 82 aufwärts,
1257 2907 293 72 schreitet
1586 2907 202 72 durch
1826 2909 105 70 die
1966 2909 195 71 bunte
2199 2907 254 85 Menge,
2499 2911 65 68 in

341 2995 230 71 stillem
604 2995 187 81 Adel,
826 2998 168 72 ohne
1030 2998 354 73 Menschen
1420 3032 78 39 zu
1531 3001 245 79 achten,
1811 3003 117 70 wie
1959 3001 201 70 durch
2193 3004 138 67 eine
2366 3000 200 71 Gasse

340 3086 111 70 auf
482 3089 104 70 die
612 3088 279 72 Eisbahn
928 3122 102 39 zu.

420 3182 152 85 Juju
598 3182 188 82 kann,
810 3186 119 69 wie
952 3188 113 69 wir
1091 3188 64 69 in
1181 3187 113 71 der
1321 3187 256 71 Klamm
1601 3187 163 79 sind,
1789 3187 123 70 den
1940 3186 178 85 Kopf
2141 3186 173 71 nicht
2338 3187 226 79 heben,

340 3273 113 71 der
499 3276 283 71 Himmel
826 3278 346 71 unendlich
1219 3280 164 69 hoch
1428 3282 82 67 ist
1552 3311 80 40 zu
1675 3280 199 80 dünn,
1919 3280 104 69 die
2065 3278 216 71 Sonne
2323 3278 242 71 schießt

341 3368 238 73 herein.
639 3371 158 71 Hier
828 3373 81 69 ist
941 3375 103 68 ein
1078 3371 124 71 Riß
1235 3373 201 70 durch
1469 3373 123 70 den
1625 3372 162 84 Berg
1817 3403 338 54 gegangen,
2188 3372 105 70 die
2324 3372 242 70 Wände

340 3464 226 70 zittern
600 3465 187 79 noch,
821 3495 68 41 es
923 3466 265 71 schneit.
1244 3465 314 72 Eishauch
1591 3466 238 84 schlägt
1859 3484 326 66 entgegen.
2240 3464 183 72 Ganz
2455 3495 113 40 aus

340 3558 439 71 unsichtbarer
809 3559 188 71 Höhe
1025 3573 250 58 stürzen
1304 3559 331 85 Eiszapfen
1666 3560 314 78 herunter,
2009 3559 395 70 verwachsen
2433 3559 135 70 sich

338 3650 118 69 wie
495 3669 226 52 starres
760 3650 549 88 Schlinggewächs
1347 3652 135 69 und
1520 3650 237 87 prallen
1797 3652 96 69 bis
1931 3682 79 39 an
2049 3652 124 69 den
2212 3652 354 80 Wildbach,

339 3742 114 71 der
491 3743 451 72 Wasserrollen
984 3746 436 83 zersplitternd
1459 3775 196 54 gegen
1694 3744 124 70 den
1858 3744 176 70 Stein
2074 3743 301 71 aufwirft.
2436 3744 135 70 Der

341 3833 162 74 Grat
527 3840 80 67 ist
631 3838 241 70 schmal
896 3840 135 69 und
1055 3840 285 82 schüssig
1367 3838 135 71 und
1535 3837 217 71 taucht
1785 3840 63 68 in
1873 3837 309 71 Tunnels.
2229 3837 298 71 Geschwa-
