3230 4572
2480 395 102 63 135

1119 396 144 53 Max
1287 396 200 53 Pulver
1522 415 21 27 *
1579 396 245 58 Gedichte

1103 1336 728 83 GEDICHTE

1160 1097 237 104 Max
1438 1103 337 88 Pulver

544 1588 112 70 Du
686 1606 229 50 atmest
946 1588 274 79 schwer;
1268 1588 105 70 die
1407 1589 243 84 Lampe
1682 1588 245 71 scheint
1959 1588 343 86 gedämpft.

545 1679 155 70 Und
731 1682 208 67 meine
973 1679 229 71 Hände
1233 1679 204 87 liegen
1470 1683 67 67 in
1569 1681 127 69 den
1729 1682 274 70 Deinen.

541 1772 121 70 Ein
696 1802 193 41 neues
924 1773 221 70 Leben
1178 1773 147 70 leise
1358 1776 66 67 in
1460 1774 121 70 Dir
1614 1773 263 87 kämpft.

543 1865 400 86 Holdseliger
973 1866 287 71 Aufruhr
1292 1867 201 71 weckt
1526 1867 120 70 Dir
1687 1865 213 73 Glück
1937 1868 135 70 und
2110 1868 288 74 Weinen,

541 1959 113 69 Du
685 1959 127 69 bist
842 1957 206 82 allein,
1082 1959 285 71 verloren
1400 1961 118 70 wie
1551 1961 89 69 im
1673 1960 217 71 Strom

541 2050 122 71 Ein
695 2051 312 71 schwerer
1039 2051 205 83 Stein,
1275 2083 113 39 um
1421 2053 126 71 den
1580 2051 107 73 die
1719 2051 240 73 Wirbel
1990 2055 262 83 steigen.

540 2144 142 71 Wie
714 2145 324 84 nächtiger
1068 2144 312 72 Wandrer
1410 2148 90 68 im
1532 2144 458 72 verschloßnen
2023 2147 197 80 Dom,

540 2235 142 72 Wie
714 2235 475 73 Einzelstimme
1220 2238 283 71 schwebt
1536 2238 84 70 ob
1653 2238 251 71 sanften
1937 2237 268 86 Geigen,

540 2329 113 70 Du
686 2329 127 70 bist
842 2329 187 72 allein
1062 2331 137 70 und
1232 2331 165 70 doch
1432 2331 147 71 dem
1611 2331 103 70 All
1748 2331 425 81 verschränkt,

539 2422 141 71 Wie
713 2421 162 72 Gott
905 2423 185 70 allein
1124 2426 102 79 ist,
1259 2423 114 72 der
1401 2423 104 72 die
1538 2425 167 70 Welt
1738 2423 367 72 umkleidet.

540 2516 113 70 Als
686 2516 499 71 Selbstverlorne
1218 2520 117 67 mit
1368 2517 147 70 dem
1547 2517 102 70 All
1684 2517 364 80 beschenkt.

540 2608 150 71 Daß
722 2609 172 84 jedes
930 2608 171 72 Herz
1133 2639 113 41 aus
1283 2610 276 70 Deinem
1593 2609 251 72 Herzen
1877 2610 211 71 leidet.

540 2702 138 69 Wir
710 2702 253 71 bleiben
996 2703 203 70 durch
1233 2704 125 70 den
1390 2703 315 85 Abgrund
1735 2723 401 66 ungetrennt.

540 2794 149 70 Den
722 2794 209 71 Deine
963 2794 188 71 Tiefe
1183 2826 125 39 von
1341 2796 115 71 der
1486 2796 167 71 Welt
1684 2798 298 83 gerissen.

543 2887 72 70 In
648 2890 141 82 jene
822 2887 359 85 Opferglut,
1216 2888 104 71 die
1350 2891 68 67 in
1451 2888 122 70 Dir
1604 2890 251 80 brennt.

541 2981 122 70 Bin
698 2981 104 72 ich
833 2982 299 84 getaucht
1164 2984 66 68 in
1264 2981 253 71 Deinen
1550 2982 225 85 langen
1809 2981 274 71 Küssen.

1053 3281 252 71 NACH
1338 3281 289 71 EINEM
1658 3282 232 72 BILD.

540 3467 138 72 Wie
712 3467 226 70 blickst
969 3467 111 70 Du
1104 3467 443 82 schmerzlich;
1580 3467 136 72 und
1739 3465 103 74 die
1866 3467 245 72 weißen
2138 3466 256 73 Dolden

540 3560 133 70 Vor
704 3560 253 71 Deinen
990 3559 274 71 Händen
1298 3563 169 81 neigt
1500 3591 134 39 nun
1668 3559 515 72 Sommerreifen.

543 3650 475 74 Gewitteratem
1051 3652 127 85 bog
1208 3652 112 71 das
1357 3652 180 71 Korn
1570 3654 66 69 in
1670 3653 300 81 Streifen,

543 3746 96 69 Im
672 3746 636 72 fruchtbeschenkten
1343 3744 219 73 Laube
1595 3746 207 85 glänzt
1834 3777 65 40 es
1933 3746 252 85 golden.

539 3837 366 84 Entwöhnt,
938 3838 124 71 den
1096 3837 243 72 Lieben
1372 3838 338 71 machtvoll
1741 3870 82 39 zu
1853 3838 344 84 umfassen,
