3216 4572
871 406 226 66 Ludwig
1123 406 242 52 Rubiner
1396 417 21 28 *
1445 406 117 51 Das
1590 403 334 54 himmlische
1952 405 154 52 Licht

2494 398 94 67 111

373 614 104 70 Sie
508 609 212 71 lebten
753 606 176 70 nicht
960 607 231 78 weiter,
1228 607 89 69 sie
1347 606 261 71 wurden
1641 624 304 62 verraten,
1980 605 425 85 guillotiniert,
2441 606 151 71 oder

721 699 351 84 krepierten
1115 700 66 69 in
1223 699 125 70 den
1394 699 349 71 Flammen.

452 825 62 71 0
557 823 221 71 Städte
810 822 85 71 alt
927 825 66 67 in
1026 822 574 83 Süddeutschland,
1649 825 239 83 bärtige
1920 822 404 72 Schullehrer
2356 823 237 83 stiegen

371 918 285 75 entrückt
698 918 118 69 wie
858 917 344 83 assyrische
1243 917 265 70 Priester
1550 917 110 71 auf
1701 918 124 70 den
1870 916 207 71 Turm
2122 935 217 52 unters
2385 915 208 81 Licht,

372 1014 131 71 und
552 1011 297 71 schossen
898 1012 115 68 mit
1064 1011 273 83 rostigen
1403 1010 249 71 Flinten
1710 1011 110 71 das
1879 1009 717 86 Menschengeschlecht

372 1124 194 52 unten
611 1133 387 41 zusammen.

452 1230 106 71 Sie
592 1228 269 84 ergaben
895 1227 133 70 sich
1064 1228 196 69 nicht.
1318 1227 108 70 Sie
1459 1227 263 70 standen
1757 1230 88 68 im
1881 1228 207 70 Licht.
2126 1227 106 71 Sie
2268 1225 324 86 kämpften

373 1326 98 70 bei
514 1321 408 79 Dachbrand,
965 1322 66 69 in
1074 1321 125 70 den
1243 1320 304 70 Kleidern
1592 1321 205 70 Läuse
1837 1322 135 70 und
2018 1321 151 70 Kot.

453 1416 105 70 Sie
576 1442 206 43 waren
801 1414 207 70 allein.
1051 1413 108 71 Sie
1178 1414 222 68 hörten
1421 1413 103 69 die
1544 1413 241 69 Brüder
1806 1414 172 68 nicht
1999 1414 266 70 schrein.
2288 1411 62 70 0
2371 1411 185 71 Licht-

373 1508 257 72 mensch
673 1510 87 68 im
804 1506 276 70 Dunkel.
1148 1505 62 71 0
1254 1505 215 84 Krieg,
1515 1506 110 69 der
1668 1506 163 70 kam.
1898 1505 61 71 0
2000 1505 176 71 Tod!

1477 1659 34 35 *

372 1774 221 83 Augen
635 1771 251 70 wollten
931 1769 188 70 Licht
1160 1769 174 70 nicht
1376 1769 212 79 sehen,
1633 1768 217 71 Ohren
1895 1769 219 70 hörten
2157 1769 221 70 keinen
2422 1768 167 71 Hall.

373 1866 205 84 Träge
612 1863 166 71 Erde
811 1891 126 43 war
971 1862 356 80 verstoßen,
1381 1861 404 72 Feindschaft
1818 1861 187 71 schuf
2037 1862 123 70 den
2197 1893 202 39 neuen
2437 1861 155 71 Ball.

374 1960 122 68 Die
538 1956 542 85 Menschenkugel
1122 1983 359 57 zersprang.

374 2050 60 71 0
471 2050 138 71 seht
647 2050 124 71 den
809 2049 343 84 göttlichen
1192 2048 403 69 Lichtschein
1633 2078 112 39 um
1783 2046 198 80 Euch,
2022 2048 168 69 dann
2229 2046 218 71 dauert
2484 2046 110 70 der

729 2143 195 84 Krieg
966 2141 175 70 nicht
1185 2141 179 70 mehr
1406 2141 174 84 lang!

1479 2303 35 37 *

1146 2606 182 70 DIE
1374 2604 532 72 ANKUNFT

458 2769 122 80 Ihr,
607 2770 103 70 die
738 2770 104 70 Ihr
866 2769 171 71 diese
1061 2768 215 71 Zeilen
1303 2770 103 67 nie
1430 2768 169 69 lesen
1623 2765 255 71 werdet.
1921 2764 296 85 Dürftige
2248 2763 341 80 Mädchen,

373 2862 103 69 die
504 2864 65 69 in
599 2863 443 85 ungesehenen
1068 2862 291 71 Winkeln
1390 2891 124 40 von
1547 2859 297 70 Soldaten
1874 2858 292 85 gebären,

378 2985 283 86 Fiebrige
689 2987 267 79 Mütter,
983 2986 104 70 die
1112 2985 179 70 keine
1318 2984 203 69 Milch
1548 2982 223 79 haben,
1801 2981 133 70 ihre
1961 2978 243 72 Kinder
2229 3009 80 41 zu
2334 2978 259 70 nähren.

378 3077 282 83 Schüler,
693 3081 104 70 die
829 3083 116 67 mit
975 3079 348 71 erhobnem
1354 3075 391 86 Zeigefinger
1775 3093 259 52 stramm
2066 3072 216 72 stehen
2316 3085 277 66 müssen,

379 3170 103 70 Ihr
517 3171 565 86 Fünfzehnjährige
1115 3173 115 67 mit
1263 3169 299 70 dunklem
1592 3166 301 85 Augrand
1935 3165 134 70 und
2116 3164 321 70 Träumen
2470 3193 127 41 von

729 3262 953 86 Maschinengewehrschüssen,

381 3354 101 71 Ihr
506 3359 230 84 gierige
760 3357 318 79 Zuhälter,
1105 3357 102 68 die
1233 3356 122 69 den
1383 3353 368 84 Schlagring
1774 3352 307 84 verbergt,
2108 3380 183 40 wenn
2320 3349 104 70 Ihr
2450 3348 147 71 dem

729 3451 311 71 Fremden
1083 3452 97 67 ins
1224 3447 513 83 Menschenauge
1779 3445 159 78 seht,

381 3538 103 73 Ihr
533 3542 187 83 Mob,
769 3545 103 70 die
926 3544 104 69 Ihr
1091 3542 165 70 klein
1314 3538 136 72 seid
1510 3538 134 69 und
1694 3568 81 39 zu
1830 3535 227 72 heißen
2113 3536 481 70 Riesenmassen

732 3636 298 79 schwellt,
1074 3664 183 41 wenn
1290 3632 110 70 das
1435 3630 283 72 Wunder
1750 3630 200 70 durch
1983 3629 103 70 die
2118 3627 269 73 Straßen
2422 3629 168 83 geht,

461 3757 123 81 Ihr,
619 3761 102 70 die
757 3761 105 70 Ihr
895 3759 203 70 nichts
1133 3756 171 80 wißt,
1340 3782 119 44 nur
1493 3753 123 71 daß
1651 3753 165 71 Euer
1850 3753 217 70 Leben
2100 3752 109 70 das
2246 3752 220 71 Letzte
2499 3753 98 79 ist,

379 3847 163 75 Eure
584 3852 175 85 Tage
802 3853 144 70 sind
989 3852 271 84 hungrig
1299 3850 136 69 und
1477 3848 155 70 kalt:
