2651 4061
1021 466 77 38 LA
1129 456 381 50 CHRONIQUE
1541 453 316 42 MUSICALE

574 469 78 52 196

566 618 132 52 voyée
730 629 51 25 en
818 618 130 34 avant
971 621 107 42 pour
1113 606 167 55 planter
1301 604 58 40 les
1381 602 138 55 jalons
1555 602 108 40 d'un
1685 600 122 40 futur
1840 609 124 40 camp
1994 592 219 42 militaire.
2254 592 59 40 Le

567 693 195 36 moment
783 682 230 42 d'affirmer
1036 682 37 39 le
1089 679 127 53 génie
1238 675 282 56 germanique
1542 674 62 41 lui
1628 674 136 52 paraît
1785 671 27 40 d
1831 675 154 36 autant
2006 666 149 41 mieux
2178 663 136 41 choisi

565 767 83 41 que
682 752 41 40 la
747 751 162 40 France
932 747 140 41 trahit
1105 747 40 39 le
1178 745 108 53 plus
1306 743 192 53 complet
1528 740 266 55 épuisement
1821 737 112 41 dans
1973 735 44 40 la
2039 730 274 58 production

564 826 217 42 vraiment
804 819 321 44 intellectuelle
1131 851 8 17 ,
1165 825 42 33 et
1229 830 99 40 que,
1351 813 181 42 terrifiés
1555 826 75 41 par
1652 813 58 39 les
1734 812 172 53 progrès
1926 809 57 40 du
2008 804 306 43 matérialisme

565 900 38 40 le
631 898 98 54 plus
754 895 252 55 dégradant,
1040 892 62 41 les
1132 889 230 42 meilleurs
1383 887 160 55 esprits
1564 886 54 40 de
1642 886 45 39 la
1708 884 151 40 nation
1886 882 279 52 désespèrent
2186 878 55 40 de
2270 877 45 40 la

564 970 250 56 possibilité
845 969 54 40 de
925 968 183 40 s'élever
1129 967 25 39 à
1189 976 83 28 une
1305 960 256 56 conception
1585 962 271 52 quelconque
1887 957 58 38 du
1976 955 125 40 beau.
2128 952 114 41 C'est
2279 952 37 38 le

565 1051 197 35 moment
783 1042 51 40 de
858 1055 111 26 nous
992 1039 193 48 achever,
1210 1035 216 57 paraît-il!
1452 1047 69 27 car
1543 1032 30 41 il
1593 1033 92 39 faut
1706 1044 154 27 avouei
1885 1042 55 42 qu
1959 1041 80 27 une
2060 1027 134 40 délivi
2211 1038 103 27 anct

564 1119 54 40 de
642 1124 67 34 cet
741 1115 397 42 abâtardissement
1169 1108 228 56 manifeste
1425 1107 54 41 de
1509 1104 255 43 l'humanité
1786 1103 270 53 européenne
2084 1098 91 56 (par
2213 1096 81 40 l'in-

564 1192 168 40 fluence
762 1188 224 56 française)
1016 1187 38 39 ri
1059 1199 26 26 a
1098 1197 87 42 pas
1215 1183 137 41 moins
1436 1181 271 54 importance
1734 1189 80 43 que
1843 1175 95 41 n'en
1961 1180 73 34 eut
2066 1174 39 39 le
2138 1183 151 28 renver-

563 1270 164 35 sement
759 1263 59 40 du
848 1261 156 41 monde
1022 1259 171 41 romain
1217 1269 103 28 avec
1340 1268 50 27 sa
1422 1253 268 42 civilisation
1723 1250 220 41 niveleuse
1976 1253 41 34 et
2046 1245 113 53 enfin
2199 1244 95 40 délé-

566 1341 106 37 tère.
710 1335 142 51 Ainsi,
878 1348 44 26 ce
955 1333 106 40 n'est
1098 1331 123 54 point
1254 1329 39 40 la
1329 1328 108 41 lutte
1472 1326 216 41 courtoise
1708 1324 50 40 de
1788 1323 113 39 deux
1936 1318 300 51 civilisations,
2271 1328 46 27 ce

564 1411 108 39 n'est
695 1409 121 54 point
837 1420 86 28 une
946 1405 129 41 noble
1098 1413 40 31 et
1169 1402 177 41 féconde
1379 1400 187 51 rivalité,
1591 1412 103 35 non,
1719 1397 100 40 c'est
1852 1393 380 42 l'asservissement
2267 1389 49 39 de

562 1484 118 40 l'une
710 1496 73 40 par
815 1482 171 48 l'autre;
1024 1479 100 39 c'est
1164 1475 165 50 mieux,
1357 1481 42 33 et
1417 1473 197 51 Wagner
1639 1482 22 29 à
1693 1471 63 39 dit
1785 1470 38 39 le
1846 1475 90 33 mot
1961 1482 8 25 :
2000 1467 101 38 c'est
2126 1477 61 27 un
2215 1475 75 28 ren-

564 1561 240 38 versement
837 1552 106 54 qu'il
971 1551 64 41 lui
1068 1551 108 39 faut.
1202 1547 143 42 Chute
1367 1547 51 39 de
1445 1544 194 54 l'empire
1661 1541 202 58 français,
1893 1540 132 39 chute
2048 1538 51 39 de
2123 1536 193 54 l'empire

563 1629 185 51 romain,
779 1628 209 52 équation,
1014 1629 21 34 à
1058 1621 201 42 résoudre
1296 1634 7 26 '.
1327 1618 139 41 Attila
1493 1630 55 27 ou
1573 1616 51 40 de
1656 1614 188 49 îvloltke,
1870 1611 208 41 Jbazeilles
2106 1623 57 26 ou
2185 1609 38 39 le
2249 1621 66 27 sac

562 1705 50 39 de
635 1705 138 40 Borne
797 1715 8 25 :
831 1698 264 54 qu'importe
1115 1700 7 36 !
1148 1695 100 40 c'est
1280 1693 39 40 le
1347 1709 12 20 «
1388 1697 320 34 renversement
1733 1706 16 16 «
1776 1685 108 56 qu'il
1921 1685 107 40 faut,
2054 1683 59 41 Ce
2136 1681 75 55 qui
2241 1681 76 41 fait

562 1778 132 39 honte
716 1780 22 35 à
752 1771 212 53 Wagner,
990 1768 99 41 c'est
1109 1764 286 55 l'absorption
1414 1763 72 40 des
1505 1775 127 27 cours
1653 1757 264 44 allemandes
1939 1770 56 27 au
2013 1754 304 41 dix-huitième

564 1848 125 41 siècle
708 1860 75 41 par
805 1843 161 55 l'esprit
986 1839 200 60 français,
1211 1852 46 27 ce
1275 1846 97 31 sont
1397 1836 57 40 les
1476 1835 192 40 attaches
1689 1832 52 40 de
1766 1828 200 43 Frédéric
1987 1829 38 40 le
2047 1826 149 42 Grand
2218 1837 99 28 avec

564 1922 40 40 la
637 1918 276 56 philosophie
947 1914 227 59 française,
1204 1920 41 32 et
1280 1923 170 27 comme
1478 1907 198 54 Wagner
1698 1920 22 26 a
1741 1905 51 41 de
1813 1905 40 40 la
1874 1903 187 56 pudeur,
2085 1902 32 40 il
2149 1899 92 41 voit
2263 1912 54 26 en

562 1994 263 53 rougissant
847 2002 80 39 cjue
960 1991 59 38 les
1038 1987 183 55 princes
1256 1983 252 41 allemands
1531 1981 167 53 furent
1722 1978 193 54 captivés
1943 1983 41 33 et
2019 1974 199 54 éloignés
2258 1971 57 40 du

557 2066 165 54 peuple
743 2063 228 42 allemand
995 2074 94 41 par
1110 2060 75 40 des
1205 2058 237 40 danseuses
1451 2053 278 55 françaises.

617 2138 81 41 Ces
731 2138 169 53 princes
940 2143 41 32 et
1018 2134 114 39 leurs
1173 2142 268 30 successeurs
1476 2135 97 32 sont
1616 2126 50 40 de
1698 2124 100 41 bien
1828 2122 157 55 grands
2024 2118 229 55 coupaoles
2286 2131 24 26 a

564 2227 64 26 ses
654 2225 130 41 yeux,
809 2223 69 27 car
911 2222 44 27 ce
992 2215 99 32 sont
1124 2219 83 26 eux
1244 2203 78 53 qui
1357 2208 78 33 ont
1470 2199 179 51 retarde,
1686 2208 167 30 comme
1881 2201 22 35 à
1934 2194 167 54 plaisir,
2125 2192 14 40 1
2157 2192 130 39 avène-

562 2293 120 32 ment
712 2290 24 34 à
770 2283 40 40 la
842 2283 67 40 vie
945 2280 153 41 sociale
1135 2279 51 39 de
1219 2276 286 40 Vadolescent
1541 2271 225 41 allemand
1799 2269 160 55 poétisé
1995 2280 76 41 par
2106 2264 199 50 Schiller,

571 2366 66 33 cet
658 2357 252 41 adolescent
932 2352 225 43 allemand
1180 2349 74 55 qui
1283 2347 198 55 regarde
1500 2358 105 28 avec
1630 2343 162 54 mépris
1814 2343 43 39 la
1878 2340 241 56 suffisance
2140 2337 150 41 britan-

570 2432 133 53 nique
725 2436 42 33 et
786 2430 61 39 les
868 2426 251 42 séductions
1139 2419 314 59 parisiennes!
1473 2416 339 53 A-t-onjamais
1830 2413 190 42 entendu
2028 2411 164 55 parler
2210 2409 104 40 d'un

569 2504 256 41 adolescent
852 2500 218 58 français
1104 2510 55 27 ou
1189 2494 179 55 anglais
1383 2496 14 37 ?
1425 2491 308 41 Uadolescent
1754 2486 198 56 prussien
1972 2484 65 41 lui
2078 2482 161 41 semble
2275 2482 41 39 la

565 2577 111 41 fleur
697 2578 51 39 de
782 2575 25 41 F
812 2575 284 40 adolescence
1118 2567 241 44 allemande
1383 2581 9 34 ;
1427 2564 99 41 c'est
1550 2571 65 32 cet
1636 2562 253 41 adolescent
1912 2557 76 56 qui
2023 2556 63 41 lui
2118 2557 138 53 paraît
2277 2554 39 40 le

562 2651 97 54 plus
684 2662 152 42 propre
863 2653 24 35 à
908 2644 197 42 soutenir
1123 2639 334 54 l'antagonisme
1479 2644 120 32 entre
1633 2636 15 40 1
1665 2634 258 52 Allemagne
1946 2641 39 31 et
2004 2631 38 40 la
2067 2630 179 51 fiance,
2272 2636 42 31 et

560 2725 101 40 c'est
684 2723 39 40 la
744 2721 183 41 victoire
950 2719 50 40 de
1023 2716 311 52 Koeniggraetz
1373 2711 78 54 qui
1473 2723 53 27 en
1548 2716 61 33 est
1630 2709 41 39 la
1693 2720 173 41 preuve.
1901 2705 188 39 Ecoutez
2112 2702 198 52 Wagner

562 2799 158 40 faisant
742 2810 43 26 sa
805 2791 263 44 déclaration
1087 2790 51 40 de
1159 2799 170 42 guerre,
1349 2793 41 32 et
1423 2791 153 47 posant
1614 2795 82 27 une
1718 2779 283 41 candidature
2025 2776 99 40 bien
2155 2783 130 32 autre-

562 2879 120 33 ment
710 2870 184 41 sérieuse
924 2878 84 41 que
1035 2865 42 39 la
1112 2860 281 42 candidature
1413 2855 287 42 Hohenzollei
1714 2868 45 35 n,
1781 2852 78 55 qui
1890 2864 51 26 11e
1963 2850 67 40 fut
2052 2862 59 40 qu
2133 2862 58 25 un
2216 2848 72 53 pré-

561 2954 114 33 texte
697 2961 7 24 :
731 2944 40 40 la
789 2941 143 42 raison
950 2936 224 44 suffisante
1195 2942 40 33 et
1256 2934 38 39 le
1315 2933 93 50 but,
1427 2931 100 40 c'est
1548 2929 40 40 la
1603 2929 129 41 ruine
1750 2927 54 40 de
1824 2926 44 40 la
1888 2924 272 41 civilisation
2175 2921 112 54 fran-

559 3018 134 42 çaise.
718 3015 127 44 Voici
866 3012 356 43 l'avertissement
1242 3015 40 32 et
1303 3006 39 40 la
1360 3015 176 30 menace
1551 3019 8 24 :
1588 3018 14 21 «
1625 3002 61 40 La
1704 2998 261 43 civilisation
1980 2994 210 59 française
2206 2993 108 41 n'est

560 3106 75 40 pas
656 3102 220 43 parvenue
913 3092 22 35 à
961 3084 104 42 faire
1087 3097 45 26 ce
1154 3094 85 42 que
1258 3078 302 52 l'Allemagne,
1586 3074 140 41 foulée
1747 3086 85 27 aux
1854 3071 133 55 pieds,
2012 3085 23 25 a
2066 3069 94 40 créé
2185 3067 129 40 d'une

561 3165 190 39 manière
774 3177 35 25 si
830 3166 197 49 prompte
1049 3164 40 33 et
1110 3170 33 25 si
1165 3152 183 42 durable
1373 3168 7 23 \
1407 3163 85 28 une
1510 3148 211 41 veiitable
1744 3147 142 40 aimée
1908 3142 243 57 populaire.
2178 3140 94 40 Elle
2291 3152 22 26 a

560 3250 187 38 recours,
772 3248 52 26 en
849 3229 344 57 compensation,
1220 3231 22 35 à
1263 3226 71 40 des
1358 3222 253 42 inventions
1641 3234 51 26 ae
1715 3231 232 29 nouveaux
1978 3215 123 42 fusils
2124 3227 42 26 se
2187 3213 100 39 chai-

558 3318 128 45 geant
720 3321 77 40 par
818 3309 41 38 la
884 3306 165 40 culasse
1088 3312 41 32 et
1155 3301 52 40 de
1228 3312 162 28 canons
1414 3298 26 40 d
1459 3295 245 42 infanterie.
1750 3294 226 40 Comment
2001 3290 43 40 la
2075 3289 169 38 Prusse
2265 3298 48 40 y

561 3379 373 57 répondra-t-elle
954 3381 15 38 ?
1001 3378 82 40 Par
1107 3389 59 27 un
1188 3373 418 57 perfectionnement
1627 3367 210 53 analogue
1865 3365 71 40 des
1967 3361 137 52 fusils,
2133 3373 57 27 ou
2221 3373 82 40 pa?

562 3455 43 40 la
644 3454 107 39 mise
774 3466 50 26 en
847 3464 148 28 œuvre
1026 3450 54 40 de
1099 3449 154 52 forces
1285 3446 133 49 vives,
1452 3443 106 40 dont
1578 3441 77 40 nul
1677 3446 127 34 autre
1816 3436 165 56 peuple
2004 3435 26 40 d
2048 3433 92 41 EUT/
2154 3445 80 41 ope
2261 3444 53 27 ne
