2651 4061
1104 1086 137 41 UNE
1278 1085 230 43 VISITE

436 1300 141 67 AU
643 1298 827 71 CONSERVATOIRE
1534 1300 116 68 DE
1716 1301 450 85 MUSIQUE

964 1534 101 58 DE
1134 1536 517 56 BRUXELLES

913 2048 71 26 UIT
1005 2033 116 53 jours
1144 2041 96 32 sont
1261 2033 164 40 bientôt
1448 2034 139 53 passés
1609 2038 22 35 à
1656 2032 234 50 Bruxelles,
1928 2040 169 32 surtout
2120 2045 51 26 en

913 2106 184 40 cordiale
1117 2106 255 52 compagnie
1392 2120 7 35 ;
1425 2105 107 39 mais
1563 2106 39 39 la
1624 2105 201 53 tyrannie
1847 2106 71 38 des
1940 2104 230 40 habitudes

913 2178 371 53 professionnelles
1305 2185 61 32 est
1389 2177 97 40 bien
1502 2177 104 40 forte
1623 2182 6 35 !
1654 2180 39 37 A
1711 2177 146 40 défaut
1878 2177 71 39 des
1971 2177 195 51 théâtres,

913 2259 95 32 tous
1043 2250 151 40 fermés
1225 2254 23 34 à
1280 2249 222 40 Bruxelles
1524 2263 51 25 en
1597 2249 159 52 juillet,
1782 2248 132 53 j'étais
1937 2257 95 44 trop
2062 2248 80 39 heu-

913 2337 105 26 reux
1039 2321 208 41 d'étudier
1267 2321 50 39 de
1340 2325 92 49 près
1456 2334 44 26 ce
1526 2320 327 40 Conservatoire
1872 2321 49 38 de
1944 2320 222 39 Bruxelles

912 2410 75 26 sur
1018 2394 142 53 lequel
1193 2407 56 26 on
1283 2393 177 40 m'avait
1494 2393 62 38 dit
1594 2393 291 39 d'excellentes
1926 2391 160 40 choses.
2135 2391 37 41 Il

912 2468 113 39 avait
1053 2480 87 26 une
1161 2479 113 26 assez
1309 2465 130 39 haute
1460 2466 245 38 renommée
1739 2464 90 52 déjà
1862 2464 58 40 du
1957 2472 139 45 temps
2123 2463 49 39 de

443 2543 60 40 M.
526 2541 138 53 Fétis;
689 2541 108 39 mais
819 2540 29 40 il
869 2539 141 40 devait
1032 2552 51 26 en
1115 2540 87 38 être
1234 2537 58 41 du
1312 2536 330 42 Conservatoire
1671 2537 135 52 dirigé
1827 2550 76 41 par
1924 2536 62 40 lui
2008 2548 167 28 comme

439 2615 50 38 de
526 2627 62 26 ses
607 2621 145 32 autres
780 2611 269 54 entreprises,
1073 2611 150 52 petites
1249 2623 56 26 ou
1326 2609 180 53 grandes
1526 2623 7 26 :
1558 2609 30 40 il
1620 2609 114 40 avait
1756 2609 58 39 dû
1837 2608 175 40 toucher
2034 2613 22 35 à
2078 2615 96 33 tout

441 2686 50 39 de
524 2685 123 53 façon
668 2684 158 51 hâtive,
858 2682 361 54 approximative,
1257 2682 236 39 embrasser
1519 2689 97 45 trop
1651 2689 40 32 et
1721 2680 87 41 mal
1829 2680 226 52 étreindre,
2079 2688 96 33 tout

443 2768 170 26 remuer
633 2761 39 32 et
693 2754 146 39 laisser
861 2761 94 31 tout
978 2756 22 36 à
1021 2752 150 40 refaire
1191 2765 57 26 ou
1270 2751 195 54 parfaire.

491 2827 124 39 Nous
632 2839 50 26 ne
698 2825 204 54 perdrons
917 2839 74 39 pas
1005 2832 121 32 notre
1142 2832 138 45 temps
1297 2828 21 34 à
1340 2822 301 54 entreprendre
1656 2822 206 40 là-dessus
1883 2836 85 26 une
1989 2823 184 52 enquête

435 2898 299 52 rétrospective
752 2912 7 25 :
786 2897 107 39 mais
911 2897 29 39 il
962 2905 100 32 esta
1086 2904 121 32 noter
1228 2895 91 53 déjà
1341 2909 84 39 que
1442 2896 39 39 le
1508 2909 243 26 successeur
1773 2895 50 39 de
1846 2895 114 40 Fétis
1980 2908 54 26 au
2055 2893 85 40 Con-

435 2970 231 40 servatoire
684 2969 49 39 de
755 2969 221 39 Bruxelles
998 2983 23 25 a
1044 2968 99 53 jugé
1167 2969 101 50 bon,
1293 2967 71 39 dès
1387 2981 74 26 son
1484 2968 143 38 entrée
1650 2980 52 25 en
1729 2965 228 50 fonctions,
1985 2966 50 38 de
2058 2964 89 40 rédi-

433 3056 72 39 ger
539 3050 40 31 et
618 3040 272 54 d'appliquer
921 3041 225 51 d'urgence
1188 3053 58 27 un
1281 3039 234 54 règlement
1553 3051 216 27 nouveau.
1809 3037 179 39 Relever
2025 3036 76 40 tels
2132 3044 39 32 et

435 3116 79 40 tels
534 3113 167 40 articles
722 3113 51 39 de
793 3126 44 26 ce
859 3112 234 53 règlement
1111 3112 128 39 serait
1260 3111 92 53 déjà
1373 3111 125 40 chose
1521 3110 109 40 utile
1660 3118 40 31 et
1720 3109 196 40 curieuse
1934 3124 9 33 ;
1983 3108 108 39 mais
2113 3121 57 26 on

437 3187 80 40 sait
539 3185 108 54 qu'il
668 3199 29 38 y
730 3198 23 26 a
776 3193 184 31 souvent
982 3187 83 36 très
1088 3183 88 41 loin
1198 3183 70 40 des
1300 3183 165 40 chartes
1495 3183 148 39 écrites
1665 3186 22 35 à
1707 3182 40 38 la
1768 3180 149 40 réalité
1952 3180 70 40 des
2044 3180 97 40 faits
2161 3194 8 36 ;

437 3259 208 40 certaines
680 3270 52 27 ne
760 3265 98 32 sont
894 3270 84 39 que
1013 3255 300 41 d'honorables
1348 3255 172 54 projets,
1545 3253 238 41 formulant
1815 3253 50 40 de
1897 3253 276 53 platoniques

439 3333 248 52 hommages
710 3344 53 26 en
783 3329 147 41 faveur
952 3329 49 39 de
1025 3337 94 31 tout
1140 3342 42 26 ce
1204 3328 75 53 qui
1310 3328 165 39 devrait
1507 3329 102 49 être,
1706 3330 23 35 à
1762 3326 141 40 moins
1935 3340 83 40 que
2053 3339 44 26 ce
2122 3339 51 26 ne

442 3404 82 40 soit
541 3418 59 26 un
624 3403 159 40 recueil
804 3403 49 39 de
876 3410 156 44 regrets
1067 3401 224 52 éloquents
1318 3404 22 35 à
1373 3399 228 40 l'honneur
1620 3399 49 40 de
1692 3412 43 26 ce
1757 3400 72 52 qui
1851 3399 106 40 n'est
1976 3399 113 52 plus.
2114 3397 58 40 Ce
