2651 4061
561 445 81 53 198

1008 445 77 40 LA
1118 442 382 51 CHRONIQUE
1539 445 316 42 MUSICALE

585 591 179 42 d'autre
770 596 109 48 part
1213 589 45 40 la
1333 589 186 40 cruauté
1720 589 188 53 poussée
1918 588 184 56 jusqu'à

583 664 55 40 de
706 663 176 53 fureur
1093 662 109 39 dans
1354 661 224 54 l'attaque.
1188 677 18 22 »
1235 662 124 54 Sully
1383 671 41 33 et
1443 663 225 42 Richelieu
1689 675 99 31 sont
1808 668 114 40 deux
1943 675 122 48 types
2084 667 51 41 de
2157 667 146 55 tigres.

557 734 142 41 Marat
731 741 40 31 et
807 732 227 56 Napoléon
1054 741 97 33 sont
1183 733 38 41 le
1258 735 194 54 symbole
1475 735 52 42 de
1556 737 39 40 la
1630 738 165 42 France
1814 739 221 42 moderne.
2064 739 34 42 Il
2129 739 94 42 faut
2252 753 55 28 en

553 805 181 56 prendre
765 819 77 27 son
863 807 110 53 parti
999 822 8 25 :
1047 807 76 40 «le
1148 807 205 58 Français
1377 809 38 41 le
1437 809 144 41 moins
1601 812 189 53 prévenu
1809 813 92 41 doit
1922 814 246 55 désespérer
2195 814 51 41 de
2266 814 41 41 la

551 878 242 54 possibilité
813 878 132 40 d'une
968 879 298 55 régénération
1292 882 209 54 complète
1522 883 51 40 de
1594 897 78 26 son
1689 887 228 40 caractère.
1942 903 18 22 »
1987 887 135 42 Notre
2144 888 163 41 théâtre

551 959 64 32 est
635 951 200 51 obscène,
868 951 150 54 abject,
1042 960 259 47 corrupteur
1326 969 8 24 :
1368 968 78 27 son
1486 959 148 38 succès
1656 970 54 27 en
1750 958 258 56 Allemagne
2031 960 97 41 s'est
2145 960 160 41 étendu

551 1036 171 27 comme
748 1036 88 27 une
877 1024 114 54 lèpre
1014 1025 195 43 hideuse.
1236 1026 36 41 Il
1292 1040 29 41 y
1340 1040 23 27 a
1393 1028 190 54 importé
1616 1038 120 33 entre
1757 1039 144 33 autres
1931 1031 120 55 jolies
2074 1034 148 39 choses
2262 1033 43 40 la

551 1094 150 40 vanité
722 1095 44 39 la
784 1096 109 51 pins
927 1095 272 55 dégoûtante
1223 1104 42 34 et
1301 1097 38 41 la
1362 1101 270 54 coquetterie
1654 1101 44 41 la
1712 1103 109 54 plus
1855 1103 179 41 éhontée
2050 1118 13 26 :
2087 1120 18 23 «
2131 1111 98 35 tout
2263 1118 44 26 ce

553 1179 85 40 que
658 1165 38 40 la
719 1174 156 33 nature
897 1167 60 41 du
987 1169 135 40 mime
1143 1170 253 42 renfermait
1416 1172 52 40 de
1489 1175 246 41 mauvaises
1759 1175 283 55 dispositions
2070 1185 42 33 et
2134 1179 52 39 de
2209 1177 74 41 bas-

551 1251 111 28 sesse
684 1237 67 42 fut
770 1240 164 40 alléché
972 1247 40 33 et
1033 1241 162 41 cultivé
1216 1255 101 29 avec
1339 1243 38 41 le
1401 1246 98 53 plus
1527 1246 137 52 grand
1701 1256 350 46 empressement.
2088 1250 60 40 Le
2169 1250 136 54 singe,

554 1325 100 28 sous
676 1325 43 28 sa
742 1312 137 41 forme
899 1313 40 40 la
962 1315 100 53 plus
1081 1315 193 50 hideuse,
1294 1317 140 42 s'était
1454 1318 334 44 heureusement
1805 1321 217 56 dépouillé
2039 1323 49 40 de
2110 1325 40 39 la
2175 1323 103 55 chry-

551 1383 134 41 salide
713 1384 51 40 de
786 1384 154 42 Gœthe
960 1393 42 35 et
1021 1387 51 41 de
1094 1387 230 43 Schiller...
1352 1391 116 40 Pour
1487 1392 39 39 le
1548 1392 166 41 théâtre
1735 1406 169 28 comme
1932 1407 110 41 pour
2063 1395 58 40 les
2143 1396 157 52 habits,

553 1472 59 28 on
635 1459 87 41 s'en
743 1461 88 39 tint
851 1473 85 28 aux
952 1462 146 39 modes
1112 1462 283 55 parisiennes.
1418 1481 14 20 »
1453 1467 40 38 A
1507 1464 252 42 l'imitation
1776 1467 72 41 des
1870 1470 143 38 nôtres
2035 1482 99 28 sans
2153 1470 150 52 doute,

549 1529 58 41 les
644 1538 168 33 acteurs
832 1531 240 40 allemands
1105 1546 42 26 se
1169 1533 160 42 mirent
1349 1537 24 37 à
1401 1536 175 40 chômer
1603 1544 42 33 et
1664 1541 24 35 à
1720 1551 204 40 paresser,
1950 1543 23 36 à
1998 1552 43 27 se
2073 1541 152 43 rendre
2247 1553 55 28 au

548 1603 89 41 café
658 1611 41 33 et
719 1608 23 36 à
764 1603 181 41 cultiver
963 1604 38 41 le
1024 1605 159 41 billard
1206 1614 40 35 et
1269 1607 58 40 les
1349 1608 155 53 quilles
1523 1613 8 38 !
1548 1613 8 37 !
1579 1614 9 36 !

601 1675 69 40 En
692 1675 299 42 travestissant
1020 1677 39 40 le
1095 1678 253 42 Guillaume
1376 1680 100 41 Tell
1508 1682 52 39 de
1580 1682 181 42 Schiller
1781 1692 42 33 et
1843 1684 38 41 le
1903 1685 143 42 Faust
2065 1687 54 40 de
2145 1687 157 42 Gœthe

554 1762 55 26 en
631 1750 163 54 opéras,
819 1749 37 41 le
889 1749 167 42 théâtre
1087 1750 186 59 français
1302 1768 23 25 a
1348 1754 153 42 souillé
1523 1755 39 41 la
1584 1757 208 41 mémoire
1819 1758 51 40 de
1899 1772 66 28 ces
1997 1760 115 41 deux
2143 1760 159 54 grands

549 1820 197 41 hommes
766 1829 41 33 et
825 1821 161 42 insulté
1007 1837 55 26 au
1080 1825 123 52 génie
1223 1826 221 41 allemand
1470 1843 9 25 :
1505 1844 18 23 «
1548 1829 122 41 Tous
1691 1830 59 41 les
1771 1831 275 56 Allemands,
2067 1834 155 56 depuis
2242 1835 61 41 les

546 1892 262 55 professeurs
828 1892 237 56 jusqu'aux
1100 1896 194 42 derniers
1322 1899 73 40 des
1418 1900 250 55 collégiens,
1689 1903 60 40 les
1768 1905 249 41 comédiens
2040 1906 264 42 eux-mêmes

548 1966 208 42 sentirent
776 1967 150 54 quelle
955 1967 129 42 honte
1120 1971 153 41 c'était
1305 1985 119 41 pour
1458 1986 88 28 eux
1560 1988 82 40 que
1663 1983 113 34 cette
1795 1978 306 54 défiguration
2121 1994 179 41 repous.

545 2045 130 34 santé
694 2039 54 39 de
770 2040 95 39 leur
885 2052 177 42 propre
1098 2055 174 28 essence
1293 2045 111 40 dans
1423 2059 49 28 ce
1490 2047 166 54 qu'elle
1679 2050 121 41 avait
1819 2050 55 42 de
1886 2052 257 44 meilleur...
2171 2054 105 40 L'ou-

545 2117 202 45 verture,
1052 2124 105 28 avec
1326 2111 261 44 Venivrante
1908 2116 107 56 musique
2016 2125 88 41 avait
2105 2125 89 54 déjà
2236 2127 66 40 été

549 2183 225 41 accueillie
795 2197 78 42 par
899 2186 72 39 des
1002 2195 240 45 transports
1264 2190 165 52 inouïs,
1454 2192 108 41 dans
1589 2195 60 39 les
1670 2205 193 32 concerts
1889 2196 247 57 classiques,
2157 2209 99 33 tout
2275 2206 25 36 à

545 2256 95 39 côté
670 2254 72 41 des
783 2257 287 53 symphonies
1098 2259 50 41 de
1170 2259 265 46 Beethoven.
2053 2271 66 41 En
2148 2271 60 42 fin
2247 2273 52 41 de

548 2336 184 45 compte,
760 2328 32 41 il
812 2342 27 41 y
860 2331 119 40 avait
1001 2338 98 35 tout
1131 2332 116 56 plein
1282 2336 51 39 de
1367 2336 273 53 patriotisme
1678 2339 237 56 là-dedans,
1938 2345 99 53 plus
2058 2345 51 39 de
2134 2347 143 52 patrio-

546 2398 129 42 tisme
698 2402 142 39 même
860 2416 86 39 que
962 2402 106 42 dans
1089 2404 39 40 le
1148 2404 148 42 drame
1319 2407 50 39 de
1391 2407 203 51 Schiller;
1613 2412 235 56 esclavage
1868 2422 41 32 et
1926 2414 158 42 liberté
2102 2417 200 42 faisaient

548 2486 53 27 en
631 2474 206 55 musique
860 2489 62 27 un
944 2477 100 42 effet
1065 2479 193 43 énorme.
2027 2482 182 42 Rossini

569 2547 315 41 sérieusement
1278 2563 84 41 que
1374 2552 201 52 possible
1595 2571 14 31 ;
1258 2554 227 57 beaucoup
1505 2558 52 39 de
1578 2572 233 29 morceaux
1847 2562 235 42 ravissants
2102 2564 201 43 faisaient

546 2619 174 42 oublier
742 2628 97 33 tout
859 2621 39 41 le
921 2623 253 43 Guillaume
1203 2625 112 42 Tell.
1339 2628 110 42 Cela
1466 2632 159 40 réussit
1646 2639 41 35 et
1707 2634 98 41 cela
1827 2635 209 42 continue
2058 2638 197 56 toujours
2274 2644 22 37 à

545 2693 183 50 réussir;
751 2701 41 32 et
813 2694 34 40 si
872 2708 111 28 nous
1004 2710 29 40 y
1053 2698 240 53 regardons
1312 2701 281 44 maintenant
1612 2704 51 41 de
1682 2709 113 51 près,
2236 2720 63 34 est

543 2764 170 40 devenu
737 2779 61 27 un
813 2766 257 43 événement
1091 2770 216 55 classique
1329 2774 106 40 dans
1457 2784 123 32 notre
1604 2779 231 52 répertoire
1872 2781 190 55 d'opéra.
2084 2801 19 20 »
2145 2785 151 50 Quant

544 2849 56 26 au
621 2837 148 41 Faust
795 2839 52 39 de
866 2839 206 55 Gounod,
1096 2841 102 42 c'est
1221 2859 20 22 «
1264 2858 62 26 un
1349 2846 286 55 salmigondis
1651 2853 299 49 nauséabond,
1975 2868 87 29 une
2084 2856 212 55 platitude

544 2910 248 57 douceâtre,
817 2912 110 41 dans
950 2926 60 27 un
1035 2915 108 53 style
1166 2916 149 42 affecté
1334 2919 51 40 de
1410 2919 165 50 lorette,
1602 2936 99 26 avec
1722 2924 40 40 la
1783 2926 205 55 musique
2018 2929 107 42 d'un
2161 2933 135 41 talent

544 2982 245 42 subalterne
811 2983 77 55 qui
910 2986 204 42 voudrait
1134 2987 164 42 arriver
1319 2994 22 36 à
1372 2992 188 54 quelque
1581 2994 143 53 chose,
1762 3005 56 43 et,
1855 2997 106 42 dans
1982 3014 43 28 sa
2050 3001 198 55 détresse,
2271 3019 24 27 a

544 3068 173 28 recours
737 3060 24 36 à
784 3063 98 35 tous
902 3057 60 41 les
982 3072 194 41 moyens.
1199 3076 22 24 »
1249 3062 62 41 De
1330 3063 123 42 l'avis
1472 3065 52 42 de
1548 3067 63 42 M.
1632 3067 210 56 Wagner,
1862 3072 46 40 la
1927 3074 176 41 France
2122 3089 54 28 ne
2186 3085 110 46 peut

543 3142 236 31 conserver
800 3131 256 42 d'illusions
1073 3146 80 28 sur
1175 3135 45 40 la
1241 3137 234 42 substance
1494 3138 199 44 horrible
1729 3142 53 41 de
1801 3157 51 28 sa
1882 3147 174 41 culture
2081 3156 41 33 et
2161 3150 54 40 de
2243 3164 50 28 sa

557 3202 271 40 civilisation
1143 3203 129 55 qu'en
1440 3218 23 27 s
1477 3207 245 55 aveuglant
2044 3209 261 45 elle-même.
1576 3213 63 41 La
2114 3221 52 41 de
2192 3222 75 41 Bal-

543 3286 72 25 zac
639 3287 53 27 ne
712 3273 63 42 lui
798 3278 195 52 apparaît
1012 3291 77 40 pas
1109 3291 169 29 comme
1306 3295 86 27 une
1424 3283 273 56 physiologie
1719 3291 279 54 romantique
2015 3292 72 39 des
2109 3306 156 42 corrup-

540 3347 114 39 tions
676 3348 202 54 sociales,
903 3350 111 41 mais
1049 3364 169 30 comme
1244 3353 36 42 le
1303 3355 167 55 miroir,
1495 3358 283 57 impitoyable
1814 3362 108 42 dans
1942 3376 45 28 sa
2020 3362 177 56 fidélité,
2230 3366 60 42 du

539 3415 94 42 vice
654 3418 197 56 français.
880 3420 50 43 Et
953 3420 30 42 il
1002 3422 143 53 ajoute
1166 3437 85 43 que
1273 3439 110 31 nous
1405 3428 239 46 cherchons
1659 3437 23 37 â
1703 3444 112 31 nous
1844 3434 249 43 dissimuler
2115 3439 23 38 à
2157 3449 131 31 nous-
