2651 4061
962 460 76 39 LA
1070 459 382 50 CHRONIQUE
1486 462 315 40 MUSICALE

513 467 86 40 224

513 600 148 49 Valles,
687 602 212 52 quelques
918 602 173 53 phrases
1113 603 50 39 de
1186 603 131 42 chant
1347 604 150 42 italien
1521 607 91 39 mal
1635 607 294 55 développées,
1956 621 41 26 se
2028 611 235 38 succédant

516 673 307 53 brusquement
844 674 116 39 l'une
979 677 22 36 à
1023 675 168 53 l'autre,
1216 690 168 27 comme
1410 679 72 39 des
1499 678 164 42 flocons
1686 680 51 40 de
1755 694 184 40 vapeurs
1962 680 77 54 qui
2064 682 199 39 s'élèvent

515 755 41 30 et
577 745 340 41 s'évanouissent
937 747 199 41 aussitôt.
1173 748 125 42 Voilà
1320 764 45 26 ce
1387 752 76 52 qui
1491 766 110 26 nous
1630 766 22 26 a
1692 752 143 56 frappé
1866 755 107 38 dans
1993 753 37 40 le
2059 767 200 27 nouveau

516 814 197 40 Barbier
734 815 53 39 de
815 814 170 42 Séville
991 849 9 20 ,
1023 818 220 54 applaudi
1266 819 154 54 depuis
1444 821 139 40 Milan
1604 821 174 55 jusqu'à
1800 824 178 54 Naples.

580 903 17 21 «
751 889 176 40 Rossini
953 891 67 39 n'a
1059 891 93 41 rien
1174 893 153 52 ajouté
1362 908 55 26 au
1447 898 172 51 progrès
1662 896 180 41 musical
1971 898 61 39 Le
2068 898 131 40 chant
2221 906 41 32 et

516 960 12 39 1
548 960 225 40 harmonie
794 971 99 31 sont
910 964 233 54 prodigués
1169 979 77 40 par
1268 966 64 40 lui
1357 981 55 26 au
1436 967 167 41 hasard
1633 975 40 32 et
1694 981 106 28 sans
1832 971 325 40 discernement
2162 1001 11 21 ,
2211 970 51 40 de

511 1034 188 39 manière
721 1039 22 35 à
765 1034 139 41 flatter
925 1035 190 54 l'oreille,
1141 1038 109 40 mais
1281 1039 51 39 de
1358 1039 192 41 manière
1569 1041 118 39 aussi
1712 1054 99 40 que,
1831 1043 148 53 quand
2001 1043 178 40 l'oreille
2200 1051 63 31 est

511 1103 163 50 flattée,
700 1105 29 40 il
751 1105 92 42 faut
866 1120 84 40 que
968 1108 26 40 Y
1000 1109 139 53 esprit
1158 1110 214 40 s'absente
1403 1124 113 41 pour
1539 1126 85 40 que
1644 1113 38 39 le
1703 1114 223 52 déplaisir
1948 1116 144 38 moral
2115 1127 52 27 ne
2188 1114 50 40 dé-

511 1178 134 40 truise
668 1193 73 40 pas
755 1179 41 40 la
817 1179 239 53 jouissance
1075 1181 264 55 physique...
1362 1183 176 40 Rossini
1557 1198 52 26 ne
1623 1185 191 52 prétend
1823 1198 86 40 pas
1930 1186 225 40 émouvoir
2164 1200 95 39 par

509 1263 77 28 son
608 1253 182 52 génie...
816 1253 43 40 Il
882 1254 159 53 ignore
1064 1256 333 52 complètement
1419 1257 40 39 le
1495 1258 150 52 grand
1659 1265 143 33 secret
1823 1259 54 39 de
1900 1259 105 39 Fart
2030 1259 30 39 d
2080 1259 160 41 intéres-

511 1338 73 26 ser
599 1338 76 41 par
696 1326 57 40 les
777 1327 276 54 impressions
1075 1328 204 53 fugitives
1303 1329 50 40 de
1374 1329 228 42 l'oreille...
1638 1331 30 39 il
1699 1345 53 26 ne
1774 1331 78 40 fait
1873 1345 146 27 aucun
2042 1345 66 27 cas
2143 1333 50 39 de
2218 1333 38 39 la

512 1398 171 52 passion
711 1399 283 55 principale...
1023 1401 85 39 Des
1135 1403 145 39 scènes
1302 1402 26 39 d
1623 1404 52 39 de
1697 1405 214 53 surprise,
1934 1406 54 38 de
2008 1405 249 53 confusion,

511 1472 54 38 de
578 1472 175 53 fracas,
778 1473 119 40 voilà
918 1487 48 26 ce
988 1475 76 52 qui
1080 1475 63 39 lui
1163 1488 25 26 a
1203 1488 122 40 paru
1347 1475 137 53 digne
1514 1477 54 38 de
1597 1490 50 27 sa
1668 1490 182 28 verve...
1887 1478 35 39 Il
1943 1492 53 26 ne
2017 1479 96 40 s'est
2134 1479 124 54 point

511 1543 195 54 inquiété
726 1544 50 40 de
801 1544 105 40 faire
928 1545 136 40 sentir
1082 1559 83 39 que
1189 1546 162 41 Rosine
1373 1555 41 32 et
1435 1561 77 26 son
1533 1557 151 31 amant
1706 1550 217 40 s'aiment,

569 1633 16 21 «
623 1617 79 39 Les
728 1619 229 39 caractères
976 1618 49 40 de
1049 1619 155 53 Figaro
1235 1627 40 34 et
1296 1620 50 40 de
1370 1621 207 41 Bartholo
1599 1630 77 32 ont
1712 1624 64 39 été
1797 1636 111 41 pour
1941 1623 110 40 ainsi
2074 1623 89 40 dire
2185 1636 48 27 en-

514 1690 83 50 flés
620 1704 77 41 par
725 1691 176 40 Rossini
926 1700 41 33 et
1001 1692 253 55 développés
1275 1703 359 44 pompeusement
1654 1696 106 40 dans
1784 1696 51 40 de
1854 1696 125 53 longs
2001 1697 85 39 airs
2108 1697 77 54 qui
2208 1710 54 26 ne

515 1763 59 39 les
597 1762 92 42 font
722 1778 74 40 pas
821 1764 148 40 mieux
1002 1765 294 55 comprendre,
1330 1768 110 38 mais
1462 1768 75 53 qui
1566 1768 196 40 donnent
1791 1769 89 40 lieu
1914 1773 23 36 à
1973 1770 72 39 des
2072 1770 190 53 phrases

516 1842 263 49 grotesques
785 1869 8 20 ,
819 1840 106 36 àun
958 1837 198 54 comique
1190 1839 201 53 ampoulé
1395 1870 12 20 ,
1442 1839 106 40 dans
1578 1841 142 54 lequel
1741 1855 43 26 se
1809 1842 207 53 complaît
2052 1841 38 41 le
2123 1841 109 41 musi-

511 1907 146 42 cien...

574 1997 21 21 cc
630 1981 115 41 L'air
765 1982 51 40 de
838 1982 155 40 Basile
1014 1996 73 26 sur
1108 1983 39 39 la
1170 1983 213 40 calomnie
1406 1994 61 31 est
1488 1985 169 40 devenu
1677 1986 132 47 aussi,
1834 2000 100 27 sous
1959 1988 40 39 la
2028 1987 148 54 plume
2197 1988 58 40 du

518 2053 139 40 même
689 2062 172 45 auteur,
887 2068 85 26 une
995 2055 162 53 longue
1179 2055 182 54 charge,
1388 2055 157 42 lourde
1568 2065 41 33 et
1637 2058 208 54 guindée,
1881 2060 55 40 de
1963 2072 86 40 peu
2087 2060 171 55 d'effet,

515 2139 124 40 parce
659 2127 132 51 qu'on
813 2140 29 39 y
863 2128 90 38 voit
974 2134 94 46 trop
1090 2127 39 39 la
1150 2129 246 53 prétention
1417 2129 95 40 d'en
1536 2130 117 41 faire.

572 2215 17 21 «
626 2199 87 40 Son
738 2213 191 39 ouvrage
951 2214 23 25 a
987 2213 89 40 peu
1097 2200 211 42 d'intérêt
1315 2235 7 8 .
1355 2203 62 40 La
1440 2203 210 41 hardiesse
1680 2205 50 40 de
1767 2220 62 26 ses
1862 2207 293 41 modulations
2191 2207 43 41 bi-

511 2284 170 41 garres,
699 2272 38 39 la
759 2272 277 54 singularité
1051 2274 210 52 originale
1282 2275 52 39 de
1357 2289 62 27 ses
1442 2286 306 33 mouvements
1770 2279 274 50 d'orchestre,
2069 2290 190 44 peuvent

509 2344 204 50 divertir;
736 2345 106 39 mais
865 2345 93 39 rien
980 2346 50 39 de
1047 2354 97 32 tout
1167 2347 88 40 cela
1278 2347 282 54 n'attache...,
1581 2359 99 41 etc.,
1707 2360 83 32 etc.
1818 2368 21 22 »

570 2416 121 41 Cette
715 2417 281 54 protestation
1019 2419 50 39 de
1089 2419 207 41 l'homme
1317 2422 77 52 qui
1411 2422 143 41 devait
1575 2424 104 39 faire
1696 2424 245 52 lui-même,
1967 2439 101 27 avec
2092 2440 87 27 une
2202 2426 63 41 bi«

511 2491 202 53 %arrerie
735 2498 39 33 et
798 2504 86 26 une
904 2491 277 54 singularité
1201 2497 90 37 très
1313 2495 251 53 originales
1569 2528 9 15 ,
1601 2510 86 26 une
1708 2507 111 30 sorte
1846 2498 52 40 de
1922 2499 249 40 révolution
2206 2513 50 26 en

509 2563 195 52 histoire,
729 2571 148 33 contre
910 2564 276 54 l'originalité
1214 2566 59 40 du
1303 2567 125 53 génie
1449 2568 51 40 de
1527 2569 204 53 Rossini,
1755 2571 76 53 qui
1853 2571 346 41 révolutionnait
2219 2572 40 39 la

510 2635 140 39 vieille
670 2636 114 39 école
805 2635 225 54 musicale,
1053 2636 210 42 n'est-elle
1297 2653 75 39 pas
1393 2640 200 40 curieuse
1611 2646 8 35 !
1647 2641 135 40 Hélas
1802 2644 7 29 '
1845 2648 22 34 à
1890 2651 142 33 toutes
2066 2645 59 39 les
2164 2646 75 52 épo-

509 2719 122 40 ques,
673 2706 59 40 les
765 2707 195 40 hommes
998 2709 49 39 de
1088 2711 140 51 génie,
1269 2710 60 40 les
1368 2712 160 51 grands
1566 2726 207 40 penseurs
1811 2728 169 26 comme
2011 2715 59 39 les
2104 2715 157 53 grands

509 2778 187 52 artistes,
730 2786 101 32 tous
865 2780 58 40 les
960 2789 270 45 promoteurs
1268 2782 50 40 de
1338 2784 303 54 singularités
1671 2786 252 53 originales
1929 2820 9 19 ,
1975 2787 283 54 c'est-à-dire,

509 2852 156 40 d'idées
686 2865 56 27 ou
760 2852 51 40 de
833 2853 156 40 formes
1014 2855 240 52 nouvelles,
1277 2864 78 32 ont
1377 2857 197 54 toujours
1598 2860 227 38 rencontré
1846 2860 178 40 d'abord
2044 2874 66 26 ces
2133 2874 104 26 aveu-

510 2924 210 53 glements
742 2932 40 33 et
803 2939 66 27 ces
889 2926 261 55 répulsions,
1169 2930 141 38 même
1328 2928 102 40 chez
1451 2930 71 39 des
1541 2931 151 54 esprits
1708 2931 257 54 distingués,
1988 2933 76 53 qui
2087 2941 176 33 eussent

509 2998 65 39 été
595 2998 151 53 dignes
769 2998 51 41 de
840 2998 58 41 les
929 3000 283 53 comprendre
1235 3008 40 31 et
1296 3001 50 39 de
1368 3001 59 40 les
1456 3002 131 41 aider.

563 3071 214 41 Combien
800 3073 50 39 de
875 3072 97 51 fois,
991 3072 155 54 depuis
1175 3074 127 54 1819,
1325 3083 141 33 a-t-on
1488 3078 242 54 représenté
1744 3080 39 39 le
1798 3079 199 41 Barbier
2013 3080 56 41 de
2092 3080 170 41 Séville

508 3144 50 39 de
582 3144 176 41 Rossini
776 3148 15 38 ?
824 3146 55 41 Et
901 3159 83 40 que
1006 3145 173 41 devient
1200 3146 39 40 le
1259 3147 196 41 Barbier
1476 3149 55 40 de
1560 3150 169 42 Séville
1749 3152 51 41 de
1822 3152 197 41 Paisiello
2044 3152 60 54 (1)
2124 3156 15 37 ?

1389 3222 219 53 FÉLIX
1650 3236 383 41 DELHASSE.

555 3352 50 40 (1)
624 3351 147 43 D'après
790 3363 51 22 un
861 3352 122 34 relevé
1003 3352 65 33 fait
1089 3364 64 33 par
1174 3353 47 32 M.
1254 3354 111 33 Louis
1387 3355 163 43 Viardot,
1572 3358 126 33 ancien
1720 3359 179 33 directeur
1928 3359 48 32 du
1997 3357 231 33 Théâtre-Ita-

508 3402 87 44 lien,
619 3406 31 31 le
675 3406 157 33 Barbier
854 3407 43 32 de
919 3408 135 33 Séville
1080 3409 42 31 de
1146 3408 163 43 Rossini,
1416 3412 161 41 pendant
1601 3414 149 42 l'espace
1784 3415 43 31 de
1847 3413 215 43 vingt-trois
2089 3423 65 21 ans
2187 3413 60 41 (de

515 3458 90 45 1819
619 3459 19 32 à
661 3460 102 42 1842)
782 3486 11 17 ,
864 3472 23 32 y
906 3472 20 22 a
944 3463 54 31 été
1019 3463 81 42 joué
1120 3461 65 34 261
1210 3462 91 43 fois;
1325 3464 32 32 le
1373 3465 158 33 Barbier
1550 3467 44 33 de
1614 3468 136 33 Séville
1771 3469 44 32 de
1837 3468 180 41 Paisiello,
2041 3479 18 20 2
2084 3467 68 33 fois
2169 3467 5 32 !
2195 3467 6 32 !
