2651 4061
771 807 470 58 AUGUSTIN
1309 808 393 57 THIERRY

1027 920 67 23 CRI
1103 920 132 28 TIQUE
1277 919 187 22 MUSICAL

800 1181 25 26 E
858 1169 139 38 même
1029 1181 84 40 que
1151 1167 62 40 M.
1254 1168 156 40 Thiers
1443 1176 42 31 et
1512 1169 63 39 M.
1612 1168 176 51 Guizot,
1823 1177 128 32 avant
1984 1170 130 39 d'être

801 1240 71 40 des
894 1240 230 40 historiens
1146 1242 183 39 célèbres
1355 1249 41 32 et
1413 1241 73 40 des
1502 1242 197 40 hommes
1721 1242 145 41 d'Etat
1883 1243 230 48 éminents,

801 1313 173 40 avaient
989 1313 77 40 fait
1086 1313 93 40 l'un
1199 1322 40 32 et
1260 1314 152 40 l'autre
1434 1314 49 39 de
1504 1315 40 38 la
1565 1314 185 53 critique
1766 1315 122 52 d'art,
1905 1315 50 39 de
1980 1316 136 39 même

802 1386 223 54 Augustin
1048 1386 203 54 Thierry,
1277 1396 129 32 avant
1434 1387 172 40 d'écrire
1629 1400 62 26 ses
1720 1388 137 39 beaux
1878 1388 125 39 livres
2026 1387 68 40 his-

802 1458 206 53 toriques,
1033 1458 114 40 avait
1170 1459 77 40 fait
1267 1459 51 40 de
1339 1459 41 40 la
1401 1459 186 54 critique
1617 1459 221 42 musicale.
1878 1459 34 40 Il
1932 1473 28 39 y
1981 1473 22 26 a
2025 1460 69 39 cin-

802 1539 340 47 quante-quatre
1169 1545 91 34 ans,
1296 1533 224 54 Augustin
1544 1533 200 53 Thierry,
1766 1532 77 53 qui
1865 1531 115 41 avait
2008 1532 110 39 alors

388 1603 247 53 vingt-cinq
671 1617 93 39 ans,
800 1604 206 52 rédigeait
1037 1604 38 40 le
1108 1603 223 41 feuilleton
1368 1604 180 41 théâtral
1574 1606 105 38 dans
1707 1604 37 40 le
1780 1604 192 39 Censeur
1996 1616 100 27 euro-

382 1676 129 53 péerij
544 1675 172 54 journal
757 1676 293 55 d'opposition
1084 1679 81 37 très
1200 1677 210 53 répandu.
1445 1677 77 50 Or,
1557 1677 39 40 le
1633 1678 53 39 28
1719 1677 233 40 novembre
1991 1677 126 52 1819,

387 1756 131 46 ayant
550 1752 23 36 à
605 1749 218 55 apprécier
845 1750 38 39 le
904 1748 191 41 Barbier
1112 1749 52 40 de
1185 1750 170 40 Séville
1360 1782 8 18 ,
1392 1750 51 40 de
1688 1763 150 27 œuvre
1859 1759 119 31 toute
2007 1763 83 26 nou-

387 1819 121 48 velle,
530 1821 77 52 qui
629 1821 149 40 venait
797 1821 130 40 d'être
945 1822 264 52 représentée
1230 1835 109 40 pour
1359 1822 40 39 la
1426 1823 209 52 première
1662 1822 78 40 fois
1759 1836 75 27 sur
1854 1823 37 39 le
1914 1821 208 40 Théâtre-

391 1892 171 53 Italien,
583 1893 31 40 il
630 1893 200 41 sacrifiait
848 1893 405 53 impitoyablement
1275 1893 159 53 l'opéra
1456 1893 58 40 du
1533 1893 127 55 jeune
1691 1902 185 32 maestro
1895 1898 23 36 à
1939 1893 181 40 l'ancien

389 1966 129 53 opéra
550 1966 50 39 de
637 1965 200 41 Paisiello
861 1965 74 54 (1),
958 1973 176 45 portant
1153 1966 38 38 le
1213 1967 139 39 même
1371 1966 116 53 titre,
1513 1974 40 32 et
1573 1966 135 48 voici,
1733 1979 167 27 comme
1920 1965 203 41 curiosité

391 2037 316 55 biographique
727 2046 40 32 et
790 2037 398 54 bibliographique,
1212 2038 207 53 quelques
1442 2039 171 52 phrases
1649 2038 52 40 de
1727 2038 177 41 l'article
1925 2039 119 52 signé
2070 2051 53 26 en

389 2118 141 32 toutes
565 2111 142 40 lettres
744 2112 54 39 A.
823 2111 213 40 THIERRY.
1062 2110 123 40 Nous
1207 2111 256 52 soulignons
1483 2114 59 38 les
1562 2124 195 40 passages
1778 2110 60 42 les
1860 2112 97 53 plus
1984 2124 115 27 carac-

392 2183 261 54 téristiques.

447 2271 18 23 «
502 2255 75 40 Un
598 2255 125 53 jeune
743 2254 292 55 compositeur
1049 2254 150 42 vivant
1221 2255 69 40 n'a
1306 2269 73 40 pas
1400 2255 137 42 craint
1555 2255 50 41 de
1628 2268 42 28 se
1689 2256 104 40 faire
1813 2256 37 40 le
1867 2263 258 33 concurrent

392 2329 107 39 d'un
519 2327 175 41 homme
731 2341 84 40 que
838 2326 157 42 l'ltalie
1025 2327 254 54 proclamait
1301 2340 168 27 comme
1491 2341 62 27 un
1582 2327 72 41 des
1684 2328 147 52 génies
1867 2329 52 39 de
1950 2327 40 41 la
2022 2341 68 27 mu-

393 2399 149 53 sique;
584 2406 41 33 et
662 2399 171 51 l'ltalie,
859 2398 201 41 oubliant
1093 2412 62 27 ses
1190 2399 166 40 vieilles
1389 2399 296 55 admirations,
1709 2413 24 26 a
1761 2401 221 39 couronné
2018 2407 108 34 cette

397 2471 215 41 hardiesse
631 2484 77 41 par
729 2471 73 40 des
842 2470 419 55 applaudissements
1298 2472 245 40 unanimes.
1584 2472 59 40 La
1681 2472 337 53 représentation
2056 2472 72 40 des

391 2543 115 40 deux
526 2545 147 52 opéras
694 2543 156 40 rivaux
873 2556 110 27 nous
1006 2552 88 31 met
1115 2547 23 35 à
1158 2544 143 53 portée
1322 2543 52 40 de
1397 2557 111 27 nous
1531 2543 167 41 décider
1720 2552 121 32 entre
1865 2543 202 42 Paisiello
2089 2552 40 32 et

397 2615 190 53 Rossini,
612 2623 118 33 entre
751 2616 39 40 le
809 2617 108 51 goût
932 2615 150 40 ancien
1101 2622 40 33 et
1156 2615 39 40 le
1215 2628 201 28 nouveau
1438 2618 107 50 goût
1566 2616 50 40 de
1635 2615 172 42 l'ltalie.
1837 2616 160 49 Quand
2020 2629 111 27 nous

397 2702 257 40 comparons
675 2689 40 40 la
736 2689 158 53 langue
929 2688 208 40 musicale
1158 2688 71 40 des
1249 2688 113 41 deux
1381 2696 193 45 auteurs,
1598 2688 146 54 quand
1772 2702 111 26 nous
1924 2695 207 34 trouvons

394 2761 105 40 dans
527 2761 92 40 l'un
652 2761 42 41 la
726 2761 216 54 propriété
963 2769 40 33 et
1024 2761 41 40 la
1101 2760 193 55 justesse,
1317 2761 108 40 dans
1444 2761 153 40 l'autre
1618 2760 38 41 le
1681 2774 144 41 vague
1846 2768 40 34 et
1907 2761 40 40 la
1967 2761 135 53 confu-

394 2834 113 52 sion,
527 2847 111 27 nous
660 2847 185 27 sommes
866 2834 114 54 prêts
999 2834 26 40 â
1046 2833 154 41 douter
1216 2834 34 39 si
1275 2847 44 26 ce
1338 2835 108 39 n'est
1461 2847 75 40 pas
1557 2846 62 27 un
1640 2833 155 55 peuple
1813 2841 96 33 tout
1929 2846 200 30 nouveau

398 2906 79 53 qui
497 2906 148 41 habite
666 2906 280 41 maintenant
965 2920 56 27 au
1044 2907 97 54 pied
1162 2907 73 40 des
1260 2906 229 55 Apennins
1506 2921 10 35 ;
1545 2906 33 40 si
1599 2907 59 40 les
1681 2920 97 27 sens
1799 2906 155 54 qu'ont
1974 2906 154 41 formés

400 2978 60 40 les
482 2978 153 40 chants
656 2978 50 40 de
727 2978 231 53 Pergolèse,
985 2992 59 40 qu
1049 2978 9 20 ?
1061 2989 77 31 ont
1158 2979 173 41 nourris
1366 2987 40 33 et
1426 2979 318 55 perfectionnés
1780 2992 106 27 ceux
1917 2979 51 39 de
1989 2978 115 40 Cima-

395 3063 109 32 rosa,
526 3058 97 33 sont
648 3050 100 40 bien
769 3051 59 39 les
849 3052 161 39 mêmes
1026 3051 77 54 qui
1126 3065 41 27 se
1192 3051 184 55 plaisent
1391 3051 278 54 aujourd'hui
1692 3056 23 35 à
1736 3051 71 40 des
1828 3050 211 41 ébauches
2061 3050 46 41 in-

384 3122 194 54 formes,
605 3126 23 37 à
670 3135 63 27 un
762 3123 205 53 mélange
1005 3124 174 54 bigarre
1213 3125 51 39 de
1291 3133 98 32 tous
1428 3124 59 40 les
1520 3123 129 53 styles
1682 3136 85 40 que
1788 3123 87 41 Ton

396 3196 181 40 étonnés
598 3194 52 40 de
671 3207 44 27 se
744 3194 94 40 voir
861 3196 217 40 ensemble
1100 3211 8 26 :
1134 3196 40 40 la
1209 3196 183 40 mélodie
1423 3195 188 41 indécise
1632 3194 50 40 de
1701 3194 206 52 l'Ecosse,
1931 3195 40 41 la
1989 3194 143 41 sèche*

396 3280 119 28 resse
535 3267 72 40 des
629 3267 85 40 airs
736 3265 202 58 français,
962 3267 38 40 le
1017 3268 168 53 fracas
1204 3268 51 40 de
1275 3268 258 41 l'harmonie
1564 3267 253 50 allemande,
1843 3275 41 32 et
1901 3281 75 40 par
1997 3267 134 41 inter-

442 3395 51 41 (1)
518 3393 184 44 Composé
730 3398 34 29 et
792 3394 84 43 joué
911 3404 93 33 pour
1045 3393 32 34 la
1107 3394 179 45 première
1324 3394 68 34 fois
1425 3406 46 22 en
1511 3394 142 43 Russie,
1694 3405 45 24 en
1777 3394 115 45 1784;
1926 3394 204 45 représenté

398 3455 19 32 à
439 3455 111 42 Paris,
572 3455 32 33 le
625 3465 44 23 22
690 3455 115 43 juillet
831 3454 104 45 1789,
956 3461 34 27 et
1013 3455 94 33 enfin
1128 3456 20 34 à
1167 3456 201 42 l'Athénée,
1391 3467 85 23 sous
1492 3457 33 33 la
1542 3456 175 34 direction
1739 3456 181 36 Martinet.
