2651 4061
640 450 107 40 LES
780 450 421 43 FONDATEURS
1235 452 76 41 DE
1347 442 257 52 L'OPÉRA
1637 452 305 41 FRANÇAIS

1823 495 12 14 3

2070 455 76 38 231

423 589 259 44 c'est-à-dire
717 607 170 27 comme
909 602 97 33 tout
1026 596 37 40 le
1088 597 168 51 monde,
1281 604 41 34 et
1342 610 88 28 non
1451 600 192 39 revêtues
1663 598 58 40 du
1736 604 193 34 costume
1950 597 196 53 antique.

431 662 59 39 Le
512 664 148 52 public
682 664 66 41 fut
769 669 84 37 très
875 666 159 41 alarmé
1067 668 50 40 de
1157 676 108 33 cette
1288 669 255 42 innovation
1573 670 295 41 considérable
1894 678 41 33 et
1971 669 40 40 la
2035 678 120 48 reçut

423 748 101 27 avec
545 735 202 43 défiance.
772 738 72 41 On
866 738 98 41 finit
983 742 237 53 cependant
1255 756 74 39 par
1347 745 64 51 s'y
1432 743 117 48 faire,
1576 744 98 40 bien
1695 757 100 40 que,
1820 757 77 40 par
1920 742 233 56 prudence,

422 807 186 42 l'auteur
624 810 57 39 du
705 814 166 50 poème,
892 811 168 50 Lafont,
1082 816 74 38 eût
1175 814 75 40 fait
1271 815 247 50 lui-même,
1540 815 106 40 dans
1668 815 38 40 le
1726 816 242 53 quatrième
1989 823 91 32 acte
2101 815 52 40 de

425 891 78 27 son
537 893 202 40 ouvrage,
771 882 41 40 la
847 883 183 54 critique
1068 885 50 40 de
1149 899 43 26 sa
1227 885 222 53 tentative,
1488 894 40 33 et
1558 899 83 41 peu
1672 890 118 51 après
1827 900 56 27 on
1912 887 63 40 vit
2006 900 75 27 sur
2115 887 39 40 la

427 954 120 38 scène
570 952 171 55 lyrique
761 955 73 40 des
858 956 227 53 bourgeois
1108 965 39 32 et
1169 957 72 40 des
1261 971 197 40 paysans.

468 1029 3 12 i

1023 1116 536 42 CHARPENTIER

476 1242 50 39 Je
548 1242 81 41 cite
663 1243 287 53 rapidement,
986 1250 39 32 et
1052 1256 109 40 pour
1200 1243 208 40 mémoire
1445 1244 258 48 seulement,
1743 1245 58 40 les
1841 1247 313 52 compositeurs

421 1313 185 58 français
630 1315 50 39 de
699 1315 154 40 second
874 1314 124 41 ordre
1018 1315 78 54 qui
1116 1323 323 34 concoururent
1459 1320 24 36 à
1504 1316 40 40 la
1567 1317 192 40 création
1794 1317 50 40 de
1867 1325 123 32 notre
2012 1318 142 53 Opéra

422 1386 209 49 national,
656 1400 99 27 sous
775 1386 40 40 la
837 1386 192 54 pression
1050 1386 71 40 des
1143 1386 112 41 idées
1274 1394 40 32 et
1335 1386 71 41 des
1432 1387 157 41 formes
1610 1388 151 40 émises
1783 1402 75 40 par
1882 1388 132 41 Lulli.

477 1459 58 40 Le
558 1460 185 53 premier
778 1472 53 26 en
868 1458 98 41 date
988 1463 120 50 après
1142 1459 205 41 Cambert
1387 1466 62 33 est
1487 1461 117 40 aussi
1639 1475 85 26 une
1747 1461 177 41 victime
1963 1462 59 40 du
2051 1464 99 39 rusé

422 1531 222 41 Florentin
670 1546 7 26 :
703 1531 297 43 CHARPENTIER
1026 1531 313 55 (1634-1694).
1359 1532 298 54 Charpentier,
1690 1534 113 40 élève
1832 1534 305 53 deCarissimi,

417 1603 116 40 avait
554 1604 145 40 étudié
721 1617 77 27 son
830 1611 65 33 art
916 1616 52 27 en
990 1603 138 41 Italie.
1152 1605 40 38 A
1214 1617 79 27 son
1317 1611 145 33 retour
1483 1617 52 27 en
1557 1605 178 53 France,
1758 1605 38 40 le
1823 1607 63 39 roi
1905 1607 38 39 le
1964 1606 49 41 fit
2034 1621 85 26 mai

418 1687 63 28 ire
502 1676 50 38 de
578 1675 193 53 chapelle
793 1675 51 39 de
864 1675 325 53 Monseigneur,
1226 1676 119 52 place
1365 1675 261 54 importante
1646 1690 84 40 que
1750 1677 119 40 Lulli
1895 1678 63 40 lui
1978 1678 169 52 souffla,

420 1760 168 27 comme
610 1748 30 39 il
667 1748 116 39 avait
811 1747 151 41 soufflé
995 1747 176 54 l'Opéra
1192 1752 23 36 à
1244 1748 219 40 Cambert.
1497 1748 298 54 Charpentier,
1818 1764 77 39 par
1930 1750 131 40 haine
2096 1751 51 39 de

427 1820 135 52 Lulli,
587 1821 189 52 changea
801 1821 334 52 complètement
1162 1821 39 39 le
1222 1833 130 40 genre
1373 1821 51 40 de
1447 1835 42 26 sa
1525 1822 201 53 musique
1750 1835 112 40 pour
1891 1836 53 27 ne
1963 1836 74 40 pas
2055 1836 66 27 res-

423 1893 183 40 sembler
632 1897 22 35 à
677 1906 76 26 son
773 1892 223 41 astucieux
1035 1892 122 50 rival,
1186 1906 44 26 ce
1250 1893 77 53 qui
1362 1892 64 40 lui
1449 1893 122 40 valut
1592 1893 131 40 d'être
1750 1893 97 53 jugé
1878 1896 249 38 très-sévère-

419 1973 120 32 ment
576 1978 76 40 par
687 1972 98 33 tous
825 1965 61 40 les
919 1965 213 53 partisans
1154 1965 62 54 (et
1248 1965 51 39 ils
1339 1965 157 40 étaient
1519 1967 261 51 nombreux)
1803 1966 51 39 de
1874 1967 40 39 la
1948 1967 202 54 musique

431 2037 219 41 italienne.
692 2037 80 40 Les
810 2037 311 40 circonstances
1157 2036 196 41 offrirent
1384 2040 23 36 à
1447 2037 286 54 Charpentier
1754 2037 228 41 l'occasion
2020 2039 130 40 d'une

428 2122 239 40 vengeance
689 2110 97 52 plus
816 2108 184 41 sensible
1034 2113 22 35 à
1079 2108 116 41 Lulli
1213 2124 10 32 ;
1248 2109 179 41 Molière
1448 2110 38 40 le
1516 2110 156 40 choisit
1700 2124 109 40 pour
1831 2111 130 40 écrire
1980 2112 40 40 la
2046 2125 69 27 mu-

428 2182 122 53 sique
569 2182 50 39 de
640 2195 63 26 ses
729 2181 153 54 pièces,
908 2181 146 53 quand
1073 2181 30 40 il
1126 2194 40 27 se
1188 2181 187 41 brouilla
1397 2195 101 26 avec
1520 2196 44 25 ce
1592 2183 237 43 Florentin.
1870 2184 123 40 Nous
2015 2197 134 28 avons

421 2254 78 51 dit,
523 2267 55 26 au
605 2253 135 41 début
764 2254 50 39 de
836 2260 107 33 cette
964 2253 142 51 étude,
1143 2266 84 40 que
1267 2260 106 33 cette
1393 2260 179 48 rupture
1599 2263 74 31 eut
1707 2254 87 40 lieu
1834 2256 150 53 quand
2008 2256 135 48 Lulli.,

428 2325 376 41 concessionnaire
833 2325 50 39 de
913 2325 190 53 l'Opéra,
1142 2325 64 52 fit,
1239 2339 75 39 par
1335 2326 287 50 ordonnance,
1658 2325 200 41 défendre
1887 2339 84 28 aux
2005 2330 113 37 comé-

430 2398 121 41 diens
573 2397 262 54 d'employer
864 2397 97 54 plus
981 2397 49 39 de
1052 2397 110 40 deux
1187 2397 95 40 voix
1301 2404 40 33 et
1366 2397 51 40 de
1448 2397 70 40 dix
1540 2397 167 40 violons
1734 2398 107 39 dans
1860 2397 40 41 la
1923 2399 215 53 musique.

426 2470 58 40 Le
506 2469 187 54 premier
713 2482 187 40 ouvrage
919 2482 83 39 que
1021 2468 143 40 donna
1188 2468 284 54 Charpentier
1493 2481 101 27 avec
1618 2468 178 40 Molière
1817 2468 67 42 fut
1902 2469 37 40 le
1959 2469 189 41 Malade

415 2540 285 55 imaginaire.

476 2614 114 40 C'est
612 2612 286 54 Charpentier
914 2613 76 52 qui
1012 2612 130 41 disait
1166 2626 7 27 :
1202 2628 16 22 «
1245 2613 178 40 L'ltalie
1446 2621 61 32 est
1525 2614 39 39 la
1585 2613 117 40 vraie
1728 2626 148 27 source
1912 2613 49 40 de
1982 2614 40 39 la
2046 2627 64 27 mu-

418 2704 16 21 «
469 2687 142 53 sique;
633 2693 41 33 et
695 2684 236 54 cependant
967 2683 36 54 je
1025 2698 52 26 ne
1098 2684 217 56 désespère
1336 2699 73 41 pas
1443 2698 83 40 que
1544 2685 187 54 quelque
1761 2684 96 54 jour
1879 2685 59 40 les
1968 2685 174 41 Italiens

416 2774 21 24 ((
470 2772 52 27 ne
543 2759 211 39 viennent
776 2756 238 55 apprendre
1034 2764 65 33 cet
1116 2766 65 31 art
1202 2757 100 40 chez
1326 2771 110 26 nous
1453 2771 9 37 ;
1486 2757 108 40 mais
1608 2755 36 55 je
1659 2757 72 54 n'y
1749 2757 107 40 serai
1878 2757 111 54 plus.
2015 2772 19 23 »
2061 2757 54 40 Pa-

418 2831 107 41 roles
542 2830 217 40 vraiment
780 2829 321 54 prophétiques,
1122 2837 40 33 et
1187 2830 75 53 qui
1284 2837 212 46 prouvent
1517 2829 105 40 chez
1640 2842 44 26 ce
1706 2829 211 40 musicien
1937 2842 87 27 une
2051 2830 69 39 lar-

414 2916 106 41 geur
541 2903 49 40 de
612 2915 105 26 vues
741 2910 40 31 et
799 2915 60 26 un
878 2901 235 40 sentiment
1135 2902 71 39 des
1230 2905 171 50 progrès
1419 2901 50 40 de
1490 2901 96 40 l'art
1607 2915 114 26 assez
1740 2914 127 29 rares.

1139 3064 273 41 MARAIS

472 3192 182 51 MARAIS,
679 3191 52 39 né
766 3194 22 36 à
814 3190 118 40 Paris
962 3204 53 26 en
1059 3204 11 24 1
1083 3190 101 52 656,
1203 3189 111 54 jouit
1350 3189 130 40 d'une
1514 3189 212 39 immense
1765 3188 264 54 réputation,
2063 3189 81 39 soit

423 3279 170 29 comme
635 3265 306 54 compositeur,
985 3265 82 40 soit
1102 3278 168 27 comme
1308 3264 192 40 virtuose
1528 3277 71 26 sur
1632 3264 40 39 la
1705 3263 125 40 viole.
1868 3263 60 40 La
1963 3265 184 52 tempête

413 3341 52 39 de
520 3353 84 27 son
644 3341 127 52 opéra
811 3339 209 53 Alcyone
1051 3338 167 54 (1706)
1262 3336 212 54 produisit
1510 3349 86 26 une
1652 3335 201 41 véritable
1902 3336 243 42 révolution

420 3413 105 39 dans
560 3411 263 42 Forchestre.
851 3411 85 40 Dix
969 3424 75 26 ans
1066 3416 143 45 avant,
1235 3408 30 41 il
1301 3408 113 41 avait
1435 3408 141 40 donné
1597 3421 98 27 avec
1726 3422 61 26 un
1827 3409 134 52 grand
2001 3411 144 38 succès
