2296 3733
163 180 71 38 174

715 184 76 26 LES
826 183 195 27 OEUVRES
1060 176 270 35 RÉCEMMENT
1365 186 250 28 EXECUTEES

156 281 114 33 avait
279 276 93 53 fait
394 285 107 43 pour
521 276 61 40 lui
603 292 55 24 un
682 276 190 40 oratorio
905 291 78 39 que
1005 276 190 51 celui-ci,
1217 285 217 47 pourtant,
1458 295 50 25 ne
1542 281 73 40 mit
1636 289 75 47 pas
1731 297 49 24 en
1818 281 190 55 musique
2050 296 17 23 »
2103 282 60 42 Or

156 336 163 42 Milton
339 347 65 32 est
425 348 115 31 mort
564 352 53 27 en
647 343 120 47 1674,
793 340 86 40 soit
900 352 109 27 onze
1032 354 80 26 ans
1138 350 132 31 avant
1294 342 37 39 la
1358 345 233 38 naissance
1617 344 53 39 de
1692 343 226 42 Hàndel...

211 399 87 40 Les
320 402 240 50 premières
596 402 226 40 auditions
860 402 24 39 d
892 415 22 26 t
943 401 41 40 la
1009 401 206 41 Création
1251 402 129 54 (1798
1420 414 40 31 et
1506 404 118 53 1799)
1664 406 147 40 furent
1855 408 305 51 triomphales.

158 460 159 54 Haydn
338 464 104 39 était
463 462 146 42 l'idole
632 464 57 40 du
711 463 148 52 public
882 465 222 47 viennois,
1130 474 41 31 et
1196 479 45 26 sa
1267 467 207 40 nouvelle
1500 482 165 35 œuvre,
1690 468 101 40 bien
1817 484 85 37 que
1926 481 237 40 marquant

157 538 85 25 une
264 524 230 41 évolution
517 526 112 40 dans
649 540 46 26 sa
720 540 19 24 «
766 528 198 38 manière
990 540 39 29 »,
1046 541 53 26 ne
1124 530 182 49 pouvait
1321 533 90 36 être
1436 544 86 38 que
1542 530 355 41 favorablement
1921 532 226 41 accueillie

211 585 62 40 Le
296 601 105 26 nom
422 588 52 39 de
500 587 159 54 Haydn
682 590 105 39 était
811 594 87 35 très
921 602 144 27 connu
1084 604 53 25 en
1156 590 184 48 France,
1363 601 57 39 et,
1437 593 78 40 dès
1540 593 174 40 Tannée
1731 595 220 49 suivante,
1978 593 185 44 Steibelt

155 646 48 42 fit
226 653 202 36 exécuter
448 654 19 35 à
492 649 178 53 l'Opéra
692 650 40 39 la
755 649 204 41 Création
984 652 53 38 du
1068 653 153 39 monde
1242 651 69 54 (24
1331 655 235 40 décembre
1592 657 140 47 1800).
1754 655 61 41 Le
1830 666 113 30 texte
1964 660 117 37 avait
2098 663 65 35 été

157 710 163 41 traduit
353 726 79 38 par
471 710 161 53 Ségur.
658 712 64 41 Le
754 712 177 42 fameux
955 712 138 42 Garat
1117 713 181 52 figurait
1335 719 142 49 parmi
1502 718 62 39 les
1589 718 177 41 solistes
1803 719 360 52 qu'encadraient

157 772 98 51 plus
279 773 52 40 de
352 774 112 39 deux
498 783 121 32 cents
659 779 271 37 exécutants.
964 775 63 41 Le
1050 779 192 50 premier
1276 778 170 41 Consul
1479 780 148 40 devait
1660 782 184 39 assister
1867 785 21 36 à
1914 781 247 49 l'audition,

156 836 112 38 mais
287 848 174 27 comme
484 836 28 39 il
534 837 106 40 était
664 850 54 27 en
745 838 143 39 retard
914 851 56 27 on
994 852 257 38 commença
1277 849 105 31 Sans
1403 841 99 52 plus
1526 842 249 40 l'attendre.

212 896 202 41 Pendant
448 898 38 39 le
510 898 183 52 prélude
725 912 55 27 on
805 901 199 39 entendit
1039 915 87 25 une
1156 902 260 41 détonation
1443 919 7 24 :
1497 904 39 39 la
1562 904 206 40 machine
1793 903 219 42 infernale
2048 906 54 39 de
2125 907 38 39 la

155 971 77 27 rue
256 957 336 43 Saint-Nicaise
610 962 149 39 venait
780 961 53 40 de
865 961 109 41 faire
996 963 248 52 explosion,
1269 987 51 4 —
1345 973 40 31 et
1406 966 104 39 c'est
1543 967 114 38 ainsi
1679 980 85 37 que
1801 967 38 39 la
1880 966 283 42 Destruction

156 1022 173 39 voisina
348 1022 54 40 de
420 1028 89 34 très
529 1029 100 45 près
653 1037 105 26 avec
781 1023 40 40 la
846 1022 233 43 Création.

208 1081 315 54 L'adaptation
565 1084 220 51 française
819 1100 85 38 que
942 1100 113 26 nous
1095 1101 21 25 a
1151 1088 176 40 donnée
1366 1089 38 39 la
1444 1087 176 43 Société
1658 1090 77 40 des
1775 1101 198 31 concerts
2008 1102 64 30 est
2110 1093 52 40 de

152 1143 62 41 M.
241 1143 113 42 Paul
373 1145 163 40 Collin.

211 1207 29 39 11
263 1206 111 42 n'est
398 1222 79 38 pas
500 1208 111 40 dans
633 1223 94 26 mes
751 1211 245 40 intentions
1030 1211 55 40 de
1107 1211 172 41 donner
1299 1212 215 54 l'analyse
1550 1215 75 40 des
1651 1224 329 44 trente-quatre
2018 1230 18 25 «
2080 1233 54 25 nu-

153 1273 147 36 méros
340 1282 19 25 »
395 1272 75 49 qui
494 1272 272 40 constituent
806 1286 87 26 une
932 1275 214 50 partition
1189 1289 85 38 que
1302 1283 100 33 tous
1425 1276 63 40 les
1518 1279 243 39 musiciens
1803 1279 259 51 possèdent.
2095 1279 65 40 En

153 1331 152 41 réalité
329 1340 99 33 tous
451 1347 71 26 ces
557 1347 235 28 morceaux
814 1333 122 43 n'ont
961 1350 143 27 aucun
1129 1337 87 40 lien
1241 1339 75 51 qui
1338 1338 62 40 les
1425 1340 198 40 rattache
1641 1339 90 41 l'un
1756 1345 20 35 à
1803 1339 169 43 l'autre.
2002 1341 159 53 Haydn

154 1408 21 25 a
200 1395 164 39 traduit
383 1401 85 35 très
493 1404 274 33 exactement
787 1397 38 40 la
852 1403 163 47 pensée
1037 1399 58 40 du
1120 1405 143 46 poète,
1290 1414 53 26 en
1368 1401 250 51 s'efforçant
1641 1403 54 40 de
1717 1403 175 40 donner
1914 1418 87 26 une
2021 1403 140 41 forme

152 1457 214 40 musicale
403 1458 220 51 adéquate
647 1463 21 35 à
689 1458 173 53 chaque
886 1460 96 40 idée
1022 1465 198 47 évoquée
1240 1474 8 35 ;
1285 1462 27 39 il
1335 1462 52 40 Ta
1415 1462 76 42 fait
1515 1478 102 26 avec
1637 1473 93 32 tout
1755 1479 79 26 son
1860 1465 88 41 bon
1984 1480 102 27 sens
2122 1477 39 31 et

153 1527 95 31 tout
272 1532 79 27 son
374 1525 126 45 goût,
538 1529 41 32 et
602 1521 28 39 il
657 1535 21 25 a
704 1523 140 38 réussi
870 1527 21 34 à
917 1527 195 48 évoquer
1135 1530 87 33 très
1251 1526 397 40 minutieusement
1684 1528 63 39 les
1773 1530 240 50 premières
2049 1530 91 51 jour-

153 1585 105 35 nées
280 1581 59 40 du
376 1582 178 40 monde.
590 1580 322 55 L'impression
952 1584 275 41 d'ensemble
1262 1589 74 49 qui
1377 1601 46 26 se
1456 1589 174 50 dégage
1670 1590 54 39 de
1759 1590 234 41 l'audition
2029 1592 54 39 de
2121 1592 40 39 la

159 1643 203 39 Création
387 1653 65 31 est
472 1643 102 41 bien
599 1645 39 39 le
658 1648 122 38 souci
804 1655 205 32 constant
1034 1662 57 37 qu
1112 1650 117 38 avait
1263 1648 158 53 Haydn
1444 1651 53 40 de
1528 1650 110 41 faire
1653 1666 87 26 une
1763 1667 151 26 œuvre
1935 1654 99 51 plus
2058 1669 78 37 pro-

152 1705 150 47 ionde,
328 1705 100 52 plus
451 1706 288 54 développée,
761 1709 101 51 plus
882 1711 145 38 mûrie
1048 1724 83 38 que
1163 1725 69 26 ses
1253 1712 287 51 précédentes
1565 1715 293 50 productions
1890 1714 61 42 La
1970 1717 191 41 mélodie

148 1768 127 40 coule
298 1768 54 39 de
385 1782 171 32 source,
583 1772 113 38 mais
731 1779 110 32 cette
865 1785 155 26 source
1064 1787 22 25 a
1109 1773 54 40 de
1186 1774 195 49 grandes
1406 1774 189 41 affinités
1635 1791 105 26 avec
1764 1778 108 39 celle
1896 1785 56 33 oû
1989 1778 170 42 Mozart

150 1831 118 38 avait
291 1832 143 49 puisé.
463 1831 160 52 Haydn
643 1831 65 41 fut
731 1832 303 53 l'inspirateur
1055 1836 54 38 de
1124 1834 186 42 Mozart.

203 1891 32 40 Il
257 1907 23 37 y
315 1907 21 24 a
362 1892 111 40 dans
494 1893 63 40 les
580 1894 210 41 récitatifs
813 1895 54 40 de
884 1896 40 39 la
950 1895 204 42 Création
1176 1898 79 39 des
1276 1897 217 42 formules
1528 1902 75 50 qui
1628 1915 45 26 se
1699 1910 205 33 trouvent
1925 1904 113 39 dans
2062 1904 97 40 Don

134 1953 139 50 Juan.
301 1953 63 41 De
388 1959 144 37 même
557 1954 196 54 l'emploi
778 1958 242 41 simultané
1044 1959 77 40 des
1145 1960 212 40 hautbois
1378 1970 42 31 et
1443 1961 77 40 des
1543 1963 268 47 clarinettes,
1849 1965 38 40 le
1911 1966 90 40 rôle
2034 1967 100 39 déve-

147 2016 132 51 loppé
301 2017 149 40 donné
472 2032 82 26 aux
578 2017 191 42 bassons
794 2029 40 31 et
860 2034 83 26 aux
968 2020 261 42 trombones
1263 2031 102 31 sont
1389 2023 78 41 des
1488 2031 188 45 progrès
1697 2040 85 38 que
1803 2026 172 41 Mozart
2000 2029 157 40 réalisa

146 2078 40 40 le
206 2081 205 49 premier.
439 2079 36 40 A
511 2089 109 32 cette
658 2086 174 47 époque
858 2081 256 43 Beethoven
1154 2083 163 42 n'avait
1350 2099 80 38 pas
1468 2100 159 28 encore
1651 2090 188 39 terminé
1872 2104 47 26 sa
1946 2090 213 41 Première

146 2139 263 55 Symphonie
417 2173 8 15 ,
470 2142 107 52 qu'il
602 2143 123 41 allait
762 2144 153 41 dédier
935 2147 297 51 précisément
1258 2152 91 36 àce
1384 2152 145 38 même
1549 2165 88 26 van
1662 2149 214 53 Swieten,
1904 2154 255 40 traducteur

149 2201 224 41 allemand
399 2203 53 40 de
469 2203 41 40 la
536 2203 219 42 Création.

203 2262 90 42 Dès
317 2264 36 40 le
374 2264 137 42 début
534 2266 53 40 de
608 2266 199 49 l'œuvre,
830 2268 159 53 Haydn
1007 2271 171 40 semble
1201 2272 175 40 vouloir
1399 2274 158 51 rejeter
1573 2274 104 40 d'un
1701 2288 111 39 coup
1834 2276 24 39 d
1879 2278 157 50 épaule
2060 2287 99 31 tous

148 2325 40 40 le
204 2325 136 41 fatras
360 2327 53 40 de
434 2325 247 45 l'ancienne
706 2331 285 53 scolastique.
1015 2332 122 40 Dans
1172 2348 86 26 une
1281 2349 116 37 page
1418 2335 188 49 célèbre,
1629 2337 274 52 dépeignant
1926 2339 40 40 le
1989 2339 167 47 Chaos,

149 2387 30 40 il
198 2389 229 40 accumule
451 2390 77 41 des
549 2391 295 42 dissonances
879 2395 90 51 qui,
995 2408 162 28 encore
1181 2397 302 51 aujourd'hui,
1511 2408 100 32 sont
1634 2400 133 40 dures
1789 2405 19 35 à
1843 2415 81 26 nos
1944 2403 177 40 oreilles
2147 2417 7 24 :
