2296 3733
121 182 118 27 NOTE
275 183 87 28 SUR
396 185 52 25 LA
481 183 205 33 MUSIQUE
723 185 52 25 ET
809 186 52 24 LA
894 186 138 26 MAGIE
1068 186 81 26 DES
1185 186 228 28 PRIMITIFS
1446 186 112 27 CHEZ
1593 186 78 26 LES
1703 177 272 35 AMÉRICAINS

2082 175 70 49 183

172 276 87 42 Ces
283 278 158 40 chants
463 278 59 40 du
539 277 225 54 Mexique,
791 279 114 39 dans
939 279 63 41 les
1025 280 182 40 milieux
1246 286 57 34 où
1338 279 348 53 l'ethnographe
1729 278 273 40 Scandinave
2038 278 63 39 les
2135 291 23 25 a

120 346 235 51 recueillis,
383 355 101 32 sont
503 347 78 40 des
596 347 159 41 chants
781 348 232 50 religieux,
1030 350 210 40 détachés
1260 346 130 43 d'une
1408 350 181 50 liturgie
1605 348 175 41 solaire.
1804 346 58 41 Ils
1878 346 283 49 s'encadrent

118 416 112 39 dans
254 416 38 38 la
320 416 253 47 recherche,
595 417 38 40 la
661 417 161 40 récolte
858 426 40 32 et
924 417 40 41 la
989 419 291 51 préparation
1300 419 174 39 rituelle
1498 416 104 42 d'un
1627 426 149 32 cactus
1817 416 104 41 d'où
1966 414 194 42 s'extrait

116 484 38 40 la
180 484 187 41 boisson
393 491 151 36 sacrée
576 492 147 49 peyote
758 485 75 53 (ou
863 487 133 52 jiculi
1002 519 7 15 ,
1053 501 56 26 ou
1141 501 160 26 encore
1332 487 171 53 hikùli).
1543 487 209 40 Excitant
1779 501 56 26 ou
1875 488 281 50 narcotique,

117 553 125 40 selon
267 554 62 40 les
350 555 149 52 doses,
527 556 38 40 le
580 562 166 49 peyote,
773 564 125 32 entre
927 565 151 32 autres
1120 565 167 40 vertus,
1316 571 21 24 a
1362 556 110 40 celle
1506 557 53 38 de
1583 570 265 39 provoquer
1882 555 193 49 l'extase,
2123 555 38 40 le

118 625 225 48 sommeil,
364 625 62 41 les
451 625 367 48 hallucinations,
839 630 22 35 à
884 639 132 27 cause
1037 626 53 39 de
1127 627 106 50 quoi
1258 625 29 40 il
1305 635 66 31 est
1394 625 208 52 employé
1648 639 115 38 pour
1802 626 38 39 la
1891 625 267 40 divination.

120 692 129 41 Voilà
275 694 39 40 le
346 696 126 50 point
496 695 54 39 de
573 703 177 32 contact
774 695 54 39 de
852 708 71 26 ses
941 696 105 39 rites
1084 708 104 27 avec
1214 695 39 39 la
1294 696 166 49 magie.
1484 693 98 41 Aux
1625 704 148 42 temps
1817 696 344 50 précortésiens,

119 762 63 39 les
202 776 111 38 pays
330 764 194 39 civilisés
548 764 54 39 de
622 762 277 54 l'Amérique
924 777 221 40 moyenne
1170 765 166 39 étaient
1370 777 248 39 parcourus
1660 778 83 38 par
1784 764 81 39 des
1907 764 257 39 charlatans

119 840 299 44 appartenant
444 847 85 26 aux
553 832 144 41 tribus
715 833 357 51 montagnardes
1093 833 58 40 du
1169 832 141 47 Nord,
1352 833 108 40 dont
1497 832 262 48 Lumholtz,
1791 833 112 39 dans
1933 831 228 41 Unknown

118 899 172 42 Mexico
298 934 8 14 ,
327 901 149 40 étudie
500 902 40 39 la
562 901 324 41 descendance.
931 901 120 41 C'est
1085 917 78 38 par
1206 916 82 27 eux
1334 916 86 39 que
1441 903 63 38 les
1529 902 226 52 Aztèques
1776 911 40 31 et
1839 902 62 39 les
1926 901 158 53 Mayas
2109 903 54 39 de

120 969 251 54 l'antiquité
395 972 336 39 connaissaient
753 971 38 40 la
818 971 252 41 divination
1087 986 80 38 par
1190 971 40 41 le
1252 977 146 48 peyote
1421 981 42 30 et
1500 971 196 40 d'autres
1731 971 214 52 procédés
1969 971 53 40 de
2062 985 74 27 sor-

121 1040 175 40 cellerie
319 1040 109 41 dont
452 1040 39 40 le
519 1047 152 49 peyote
698 1049 66 32 est
788 1041 40 39 la
856 1040 122 41 base.
1006 1040 55 41 Et
1078 1041 117 40 voilà
1220 1050 241 38 comment,
1487 1056 57 24 vu
1566 1041 63 39 les
1654 1041 181 39 lacunes
1865 1040 78 40 des
1980 1053 181 28 sources

120 1108 238 51 indigènes
382 1119 41 31 et
446 1110 290 52 espagnoles,
758 1110 70 52 j'ai
854 1115 68 36 été
944 1115 159 35 amené
1128 1115 20 35 à
1167 1110 245 53 compléter
1435 1123 105 27 mon
1567 1110 181 40 manuel
1770 1110 53 40 de
1848 1110 38 39 la
1911 1110 250 40 divination

120 1192 55 26 au
200 1192 164 39 moyen
388 1179 79 41 des
490 1181 306 51 narcotiques,
823 1193 54 27 en
902 1189 293 43 empruntant
1221 1180 220 52 quelques
1466 1181 127 39 traits
1613 1184 21 35 à
1680 1179 370 53 l'ethnographie
2084 1181 78 39 des

118 1246 343 41 demi-civilisés
487 1248 169 40 actuels
678 1249 58 38 du
776 1247 142 42 Nord.
966 1248 117 41 Pure
1122 1249 253 52 hypothèse
1420 1263 104 26 sans
1567 1249 149 47 cloute,
1764 1250 113 38 mais
1913 1249 249 52 hypothèse

118 1314 195 54 justifiée
336 1331 82 38 par
437 1330 87 27 une
545 1319 114 38 série
682 1317 55 40 de
760 1326 139 31 textes
943 1319 183 38 anciens
1166 1327 41 31 et
1247 1322 54 36 de
1325 1318 360 40 considérations
1704 1318 205 40 diverses
1935 1333 90 37 que
2053 1319 38 51 je
2109 1333 54 26 ne

120 1385 279 52 reproduirai
424 1400 79 38 pas
525 1387 69 39 ici.
616 1385 69 40 En
710 1394 95 32 tout
825 1400 73 26 cas
923 1386 63 39 les
1026 1386 288 52 adaptations
1331 1387 242 40 musicales
1597 1387 54 39 de
1672 1385 183 42 Lumho
1870 1387 73 47 ltz,
1975 1400 75 27 sur
2081 1388 63 40 les-

122 1454 173 52 quelles
315 1468 57 27 on
406 1468 71 27 me
494 1456 224 40 demande
741 1455 78 41 des
844 1456 407 50 renseignements,
1277 1469 55 26 ne
1369 1464 270 31 concernent
1664 1456 419 52 qu'indirectement
2121 1457 39 39 la

120 1526 149 48 magie
292 1533 42 32 et
359 1525 38 39 le
423 1525 92 41 rôle
538 1525 59 40 du
622 1525 135 40 chant
777 1524 113 40 dans
915 1525 38 39 la
978 1526 150 49 magie
1146 1525 77 40 des
1248 1525 186 52 peuples
1460 1524 212 53 primitifs
1688 1538 55 27 ou
1768 1526 181 39 anciens
1974 1526 53 39 de
2069 1525 69 40 l'A-

122 1595 219 51 mérique.

176 1663 63 40 De
254 1677 48 26 ce
315 1664 91 40 rôle
420 1664 59 40 du
495 1664 134 40 chant
643 1665 114 40 dans
773 1664 39 39 la
830 1665 165 49 magie,
1011 1664 38 52 je
1066 1665 93 39 suis
1178 1665 264 47 convaincu,
1459 1678 114 27 vous
1585 1664 39 40 le
1639 1677 129 27 savez
1783 1680 6 24 :
1809 1665 113 38 mais
1935 1663 67 41 s'il
2022 1663 140 41 fallait

120 1731 194 54 justifier
338 1741 110 33 cette
473 1734 270 47 conviction,
762 1733 26 40 il
816 1734 282 51 importerait
1118 1733 54 40 de
1195 1732 105 41 bien
1324 1733 255 51 distinguer
1602 1731 186 43 d'abord
1811 1742 124 31 entre
1954 1734 62 40 les
2038 1747 123 27 races

120 1802 238 51 indigènes
390 1804 283 39 survivantes
697 1811 42 32 et
772 1802 208 53 l'époque
1011 1802 412 53 précolombienne.
1449 1802 123 41 Pour
1603 1802 64 41 les
1692 1802 182 41 Indiens
1910 1803 184 48 actuels,
2122 1804 37 39 la

122 1872 362 40 démonstration
505 1880 66 32 est
590 1872 104 40 faite
708 1886 9 35 ;
757 1872 63 40 les
845 1872 267 40 documents
1150 1871 245 41 abondent.
1421 1871 215 54 Indiquer
1655 1872 78 40 des
1759 1871 249 54 références
2029 1875 135 38 serait

122 1941 177 41 dresser
321 1950 96 32 tout
440 1956 61 26 un
524 1941 257 51 catalogue,
811 1941 49 54 je
876 1941 246 51 signalerai
1147 1941 250 53 cependant
1423 1941 63 40 les
1509 1941 176 41 Annual
1707 1941 184 54 Reports
1914 1942 56 53 of
1983 1942 66 40 the
2072 1941 60 41 Bu-

121 2025 100 25 reau
256 2011 59 54 of
327 2010 233 40 American
587 2010 258 54 Ethnology
854 2042 9 16 ,
882 2024 56 27 en
958 2010 259 53 particulier
1234 2010 64 41 les
1322 2015 167 36 années
1514 2010 77 41 VII
1597 2016 15 17 e
1633 2020 41 31 et
1694 2010 143 41 XVIII
1842 2016 14 17 e
1881 2012 204 49 (travaux
2108 2012 53 39 de

126 2079 62 39 M.
214 2078 197 54 Mooney
437 2093 76 28 sur
536 2080 40 40 la
601 2081 151 50 magie
776 2080 78 40 des
875 2077 284 55 Cherokees)
1186 2091 8 35 ;
1230 2080 38 39 le
1308 2089 120 31 tome
1448 2079 38 41 V
1507 2078 201 53 (travaux
1733 2081 54 40 de
1813 2079 246 42 Matthews
2083 2095 78 26 sur

121 2149 62 40 les
202 2147 200 55 Navajos
430 2160 8 37 ;
464 2149 245 42 Matthews
733 2149 64 40 les
821 2164 23 25 a
860 2149 245 53 complétés
1129 2162 54 27 en
1207 2149 204 40 donnant
1437 2149 39 40 le
1510 2148 148 55 Night
1694 2148 143 42 Chant
1858 2150 276 51 magico-reli-

120 2220 132 49 gieux
273 2219 78 40 des
374 2223 171 36 mêmes
569 2217 199 54 Navajos
786 2218 113 40 dans
924 2218 64 41 les
1011 2217 209 41 Memoirs
1240 2216 127 54 ofthe
1390 2218 233 40 American
1656 2217 197 41 Muséum
1890 2220 59 52 of
1967 2218 191 42 Natural

120 2286 193 54 History,
339 2286 275 50 New-York,
638 2298 30 30 t.
705 2286 74 54 V).
818 2286 152 50 Enfin,
994 2288 114 40 dans
1144 2286 286 56 Hupa-Texts
1464 2296 41 32 et
1545 2288 102 52 Life
1690 2289 87 39 and
1795 2287 179 41 Culture
2006 2289 58 53 of
2091 2288 68 40 the

118 2356 148 55 Ilupa,
292 2371 81 38 par
391 2357 129 41 Pline
539 2356 52 41 E.
614 2355 217 43 Goddard
875 2356 10 52 (
898 2356 243 53 University
1185 2357 59 51 of
1281 2356 252 55 California
1573 2357 306 54 publications,
1922 2356 233 41 American

121 2425 295 55 Archœology
423 2460 9 17 ,
459 2431 49 36 n°
512 2434 12 20 s
566 2441 12 26 i
616 2435 42 32 et
703 2441 38 36 2,
774 2425 277 54 1903-1904),
1078 2439 55 26 on
1178 2434 155 32 trouve
1371 2434 123 33 toute
1535 2441 87 26 une
1659 2429 112 38 série
1795 2427 54 39 de
1882 2425 103 42 faits
2021 2436 41 31 et
2105 2427 53 40 de

119 2496 281 40 documents.

177 2565 136 42 Reste
336 2564 276 54 l'Amérique
637 2568 233 37 ancienne.
898 2563 55 43 Ici
978 2578 104 27 mon
1103 2566 186 52 opinion
1310 2566 69 39 n'a
1406 2579 87 39 que
1529 2566 40 40 la
1594 2565 160 41 valeur
1790 2565 106 41 d'un
1928 2568 204 39 raisonne-

121 2644 122 32 ment
263 2635 291 53 analogique,
576 2634 137 42 fondé
733 2648 76 28 sur
833 2648 46 27 ce
903 2648 87 39 que
1013 2648 116 28 nous
1151 2643 261 33 constatons
1436 2648 114 40 pour
1568 2635 40 40 la
1627 2636 151 50 magie
1817 2635 112 41 dans
1969 2636 190 40 l'ancien

120 2705 179 40 monde.
323 2705 91 40 Des
437 2718 190 39 preuves
668 2705 244 52 complètes
937 2717 87 39 que
1042 2704 38 41 le
1104 2705 225 50 magicien
1353 2703 193 41 chantait
1567 2717 70 28 ses
1659 2703 214 42 formules
1897 2707 255 50 magiques,

120 2774 38 51 je
179 2772 101 42 n'en
296 2776 187 38 connais
498 2780 152 44 guère.
667 2773 31 40 Il
714 2789 27 24 n
760 2789 27 37 y
811 2788 22 26 a
849 2787 87 38 que
957 2774 78 40 des
1060 2782 409 32 commencements
1490 2773 54 40 de
1559 2787 209 39 preuves.
1784 2772 373 54 L'ethnographe

124 2843 224 40 allemand
371 2842 130 40 K.-T.
520 2842 167 41 Preuss
705 2841 10 52 (
728 2841 232 55 Ursprung
983 2844 74 38 der
1070 2842 194 55 religion
1285 2843 90 39 und
1400 2843 75 40 der
1497 2841 138 41 Kunst
1642 2875 7 12 ,
1672 2841 191 49 Globus,
1884 2851 28 33 t.
1935 2842 220 42 LXXXVI

120 2919 42 32 et
187 2910 257 48 LXXXVII,
475 2912 260 52 1904-1905)
760 2926 21 25 a
804 2920 209 41 soutenu,
1040 2925 104 27 avec
1169 2911 233 53 beaucoup
1427 2912 54 40 de
1505 2920 128 32 notes
1653 2926 54 26 au
1733 2911 82 41 bas
1834 2912 78 40 des
1937 2926 157 38 pages,
2116 2912 38 40 la

121 2982 156 40 valeur
301 2982 213 52 magique
532 2980 364 51 originellement
915 2980 220 41 attribuée
1160 2985 20 35 à
1207 2982 40 39 la
1268 2983 100 39 voix
1394 2982 229 49 humaine,
1651 2995 174 27 comme
1849 2986 22 36 à
1896 2982 38 40 la
1961 2982 140 40 danse
2117 2991 40 32 et

122 3055 21 36 à
169 3051 39 40 la
222 3052 234 52 mimique,
485 3051 112 40 dans
618 3050 63 41 les
704 3051 188 40 sociétés
914 3050 53 40 de
982 3048 278 55 l'Amérique
1282 3050 228 51 indigène.
1538 3049 134 49 Mais,
1691 3064 266 40 commepar
1973 3051 183 52 hasard,

120 3121 256 41 l'immense
407 3121 209 52 majorité
636 3121 54 40 de
714 3134 71 27 ses
807 3120 226 53 exemples
1068 3133 57 28 ou
1150 3128 282 42 arguments,
1458 3143 43 4 —
1531 3129 40 31 et
1597 3119 63 41 les
1684 3120 101 53 plus
1820 3123 190 47 sérieux,
2038 3145 48 4 —
2112 3135 46 26 se

119 3199 262 44 rapportent
418 3195 21 36 à
468 3191 78 40 des
588 3190 293 53 populations
923 3191 225 39 modernes
1157 3222 7 17 ,
1192 3189 127 41 telles
1357 3203 85 39 que
1479 3189 63 41 les
1567 3189 278 42 Cherokees.
1872 3190 68 41 En
1962 3204 193 34 somme,

121 3260 366 55 historiquement,
515 3273 96 27 mes
634 3261 251 51 précisions
908 3273 47 27 se
983 3259 274 41 réduiraient
1279 3263 21 36 à
1325 3261 88 39 ceci
1441 3272 8 26 :

185 3334 38 34 i°
244 3327 89 43 Sur
356 3330 63 40 les
440 3328 218 42 Caraïbes
691 3330 78 40 des
805 3328 190 42 Antilles
1037 3338 42 32 et
1100 3330 52 40 de
1191 3326 276 56 l'Orénoque
1512 3333 21 36 à
1577 3342 85 39 peu
1705 3335 101 47 près
1842 3330 227 52 disparus,
2096 3330 63 40 les

124 3412 255 39 voyageurs
404 3401 182 39 anciens
610 3423 51 4 —
682 3398 247 42 Rochefort
956 3399 411 53 particulièrement
1395 3422 44 4 —
1463 3407 171 39 notent,
1673 3412 55 27 en
1772 3407 163 32 termes
1974 3399 101 53 plus
2100 3412 57 27 ou

125 3469 147 40 moins
291 3469 221 49 détaillés,
552 3469 39 40 le
616 3469 93 40 rôle
749 3469 57 40 du
848 3467 134 42 chant
1021 3469 114 40 dans
1159 3469 65 40 les
1248 3471 261 50 opérations
1552 3469 240 52 magiques
1825 3468 78 41 des
1936 3468 146 54 piayes
2100 3481 56 27 ou

124 3541 210 37 sorciers.
