2296 3733
503 193 194 42 L'HYMNE
729 205 60 27 DU
823 191 296 40 PALÊOLOGUE
1152 196 52 28 ET
1237 198 51 26 LA
1321 193 200 35 MUSIQUE
1556 189 244 31 BYZANTINE

154 192 77 47 186

149 310 110 32 cette
301 308 293 33 aventureuse
627 294 263 52 entreprise,
921 289 135 43 d'être
1094 288 213 51 écharpés
1340 299 54 27 en
1431 284 184 41 voulant
1646 293 181 29 amener
1873 291 47 28 ce
1962 289 86 40 que
2071 276 77 39 des

149 371 161 52 esprits
360 367 90 41 mal
491 365 305 42 intentionnés
834 369 76 33 ont
967 363 78 36 osé
1085 356 182 53 appeler
1305 355 38 40 le
1386 367 20 26 «
1429 351 384 43 démembrement
1852 348 54 40 de
1967 343 186 52 l'Eglise

150 450 237 40 grecque»
423 433 75 54 (i).
524 432 70 42 On
634 431 197 42 n'admet
869 442 80 40 pas
982 440 87 40 que
1104 426 78 40 des
1219 429 231 45 étrangers
1488 445 44 4 —
1556 421 38 39 la
1629 419 137 41 vérité
1790 428 113 28 nous
1937 413 153 49 oblige
2130 417 22 35 à

149 507 111 43 dire,
290 518 53 27 en
361 511 109 33 cette
495 513 278 37 occurrence,
801 511 86 40 que
907 509 19 26 «
952 509 71 27 ces
1047 508 19 24 »
1085 498 248 44 étrangers,
1359 504 22 27 c
1399 499 65 32 est
1488 490 11 40 1
1518 497 158 33 auteur
1699 487 53 39 de
1772 498 71 27 ces
1867 484 145 50 lignes
2109 493 47 27 se

150 574 164 41 mêlent
333 570 130 42 d'une
483 570 210 53 question
713 567 240 42 nationale.
978 564 31 41 Il
1034 562 117 41 suffit
1174 576 86 38 que
1290 560 76 40 des
1391 558 196 40 rivalités
1622 569 47 28 se
1705 553 189 53 greffent
1930 550 224 41 là-dessus

150 656 115 39 pour
286 639 235 53 empêcher
543 645 122 33 toute
700 634 299 42 intervention
1022 630 188 42 efficace.
1236 628 90 40 Car
1344 628 28 39 il
1398 640 54 27 ne
1475 640 19 26 s
1512 626 93 50 agit
1635 624 42 39 ni
1699 623 54 39 de
1782 635 18 23 «
1826 617 279 44 démembrer
2133 630 19 23 »

150 700 186 61 l'Église
357 719 211 41 grecque,
590 708 43 38 ni
651 705 25 39 d
683 704 7 14 1
705 716 21 27 «
747 703 320 52 européaniser
1081 713 19 24 »
1121 699 39 40 le
1183 697 131 41 chant
1333 696 227 54 byzantin.
1577 692 63 41 Ce
1658 704 84 40 que
1758 701 115 29 nous
1892 687 262 49 voudrions,

152 795 20 25 c
190 788 65 31 est
292 786 95 33 tout
429 776 286 52 simplement
747 772 182 40 réaliser
956 783 85 27 une
1073 767 208 41 méthode
1311 767 25 39 d
1354 765 338 49 enseignement
1716 760 205 52 pratique
1946 765 40 31 et
2010 756 146 39 moins

151 847 230 41 follement
429 844 279 53 compliquée
745 855 86 39 que
869 853 47 27 ce
958 839 75 52 qui
1074 850 18 27 s
1111 835 198 54 apprend
1335 833 327 42 actuellement.
1688 828 35 41 C
1742 836 65 33 est
1841 827 39 40 là
1918 838 85 40 que
2032 832 125 32 notre

152 916 299 41 intervention
476 912 240 41 trouverait
736 911 88 39 lieu
864 909 54 40 de
938 921 46 27 se
1005 906 109 40 faire
1151 905 152 46 sentir,
1328 903 114 40 mais
1481 899 246 42 seulement
1747 897 55 39 là.
1829 895 86 40 Les
1942 892 215 42 mélodies

156 1008 45 4 —
227 984 150 40 faut-il
399 983 37 40 le
459 982 93 40 dire
568 1004 51 5 —
641 986 218 34 resteront
876 977 123 41 telles
1021 988 85 38 que
1123 988 80 37 par
1225 973 40 40 le
1286 975 133 49 passé
1432 979 41 30 et
1493 969 124 40 telles
1634 981 59 37 qu
1711 965 106 40 elles
1835 963 145 41 fuient
2003 963 154 38 écrites

152 1054 28 40 il
203 1069 27 36 y
255 1068 21 25 a
312 1053 51 39 de
397 1051 91 40 cela
509 1050 77 40 des
610 1048 154 41 siècles
779 1047 76 49 (2).

1149 1193 12 40 I

867 1310 186 41 Résumé
1092 1307 233 55 historique

1358 1304 75 56 (3).

209 1435 62 42 Le
293 1448 228 40 voyageur
541 1436 75 51 qui
636 1433 162 41 entend
823 1433 182 40 chanter
1026 1445 54 27 en
1099 1430 138 42 Grèce
1258 1439 40 31 et
1321 1443 211 39 compare
1555 1442 47 27 ce
1625 1428 132 40 chant
1782 1441 104 26 avec
1904 1427 112 39 celui
2040 1426 54 40 de
2119 1426 38 40 la

155 1505 216 52 Turquie,
399 1517 57 27 ou
477 1504 53 39 de
558 1502 221 53 l'Egypte,
806 1501 173 40 déclare
1002 1501 244 40 volontiers
1270 1512 87 38 que
1390 1499 62 39 les
1477 1496 136 42 Grecs
1637 1498 174 39 imitent
1843 1496 63 40 les
1936 1494 140 42 Turcs
2100 1493 60 53 (4)

156 1588 54 26 ou
235 1574 62 39 les
323 1573 186 39 Arabes.
537 1570 119 41 C'est
679 1571 88 40 vite
789 1571 77 48 dit,
893 1583 72 26 car
988 1570 35 39 si
1048 1582 56 27 on
1127 1567 231 41 considère
1378 1567 62 40 les
1466 1567 358 51 pérégrinations
1854 1565 54 39 de
1934 1565 224 50 musique,

160 1641 104 41 bien
286 1641 77 39 des
381 1640 155 40 siècles
553 1640 96 51 déjà
669 1647 131 32 avant
819 1637 145 55 J.-C.,
986 1651 58 26 on
1062 1638 233 51 s'aperçoit
1312 1649 86 39 que
1418 1644 95 32 tout
1527 1633 207 49 l'Orient,
1754 1633 221 53 l'Egypte,
2000 1632 158 48 Rome,

156 1710 174 53 jusqu'à
356 1710 37 39 la
422 1708 142 42 Rome
584 1708 77 39 des
683 1722 46 25 111
735 1712 15 17 e
772 1715 41 32 et
837 1721 39 26 iv
882 1713 12 15 e
918 1706 157 41 siècles
1096 1705 54 40 de
1169 1713 127 32 notre
1316 1710 71 35 ère
1412 1705 74 52 (5],
1511 1705 306 50 s'inspirèrent
1857 1702 53 40 de
1946 1701 216 40 mélodies

155 1792 232 38 grecques.
415 1778 283 48 Admettons,
721 1788 105 28 avec
849 1773 197 42 Strabon
1077 1774 82 51 (6),
1188 1787 85 39 que
1295 1773 40 41 la
1361 1771 140 43 Grèce
1537 1780 132 32 avant
1711 1769 200 43 Homère
1949 1778 119 43 reçut
2093 1782 70 27 ses

155 1849 241 51 premières
417 1846 293 52 impressions
730 1844 237 40 musicales
986 1843 54 40 de
1064 1842 40 40 la
1129 1841 174 41 Tharse
1320 1850 41 32 et
1377 1842 55 39 de
1454 1839 138 42 l'Asie
1607 1853 10 33 ;
1641 1840 90 41 cela
1752 1839 259 52 n'empêche
2028 1853 59 37 qu
2106 1853 54 25 au

155 1923 200 32 moment
397 1919 57 36 où
493 1913 265 47 Alexandre,
786 1910 86 42 l'an
904 1926 75 36 334
1005 1919 133 32 avant
1161 1908 137 56 J.-Ç.,
1324 1910 135 52 partit
1490 1914 22 35 à
1549 1908 41 41 la
1625 1912 216 49 conquête
1865 1908 52 40 de
1941 1905 152 52 l'Asie,
2134 1907 28 39 il

155 1987 201 37 entraîna
390 1996 74 27 sur
497 1995 71 26 ses
609 1994 80 40 pas
713 1981 77 40 des
822 1985 168 47 poètes,
1024 1980 77 39 des
1136 1987 188 41 acteurs,
1362 1978 76 40 des
1462 1978 258 49 musiciens,
1761 1978 76 50 qui
1876 1976 286 52 répandirent

202 2114 47 42 (1)
275 2114 46 31 Le
344 2112 190 33 fanatisme
555 2119 52 25 est
630 2112 132 41 poussé
784 2121 43 22 au
854 2110 104 41 point
984 2120 71 31 que
1074 2110 21 31 d
1111 2117 120 24 autres
1270 2109 184 37 réformes,
1477 2110 122 31 votées
1633 2108 130 40 depuis
1793 2108 152 32 nombre
1980 2108 185 34 d'années,

158 2163 190 32 n'existent
386 2162 106 42 qu'en
517 2162 177 42 principe.
733 2162 93 31 C'est
847 2160 90 33 ainsi
976 2160 110 41 qu'on
1113 2159 174 33 continue
1310 2161 17 30 à
1350 2159 127 33 laisser
1502 2162 50 29 les
1577 2166 112 25 morts
1727 2159 148 40 exposés
1895 2161 18 29 à
1936 2161 33 29 la
1992 2157 174 33 curiosité

156 2213 178 42 publique
356 2220 33 24 et
412 2212 110 42 qu'on
546 2215 50 29 les
622 2211 152 33 conduit
806 2213 18 29 à
845 2213 77 29 leur
940 2209 165 33 dernière
1129 2209 169 33 demeure
1320 2209 238 32 entièrement
1581 2208 214 34 découverts
1819 2211 6 28 !
1849 2208 94 33 C'est
1966 2218 131 22 encore
2132 2218 38 22 ce

156 2263 190 32 fanatisme
364 2262 75 42 qui,
465 2272 43 22 en
527 2272 103 33 1901,
659 2271 146 31 menaça
828 2263 33 30 la
881 2259 134 33 famille
1034 2260 175 42 régnante
1235 2259 21 32 d
1271 2268 70 23 une
1365 2258 207 34 révolution
1595 2269 92 30 pour
1706 2258 101 33 avoir
1827 2260 111 31 voulu
1962 2257 204 33 introduire

156 2313 87 33 dans
263 2312 144 33 l'armée
445 2322 70 21 une
537 2314 168 30 nouvelle
723 2310 206 33 traduction
951 2309 61 33 des
1035 2309 207 43 Evangiles.

201 2362 47 42 (2)
272 2362 55 32 Un
347 2364 151 40 progrès
523 2371 18 22 a
560 2362 56 31 été
635 2361 61 32 fait
716 2360 129 41 depuis
869 2359 87 33 trois
973 2370 77 22 ans.
1071 2359 58 32 Un
1150 2359 150 33 chantre
1323 2358 162 33 éminent
1503 2366 33 24 et
1559 2359 207 40 professeur
1782 2358 44 32 de
1842 2357 169 42 musique
2025 2358 118 41 byzan-

158 2412 75 32 tine
269 2412 44 32 de
353 2411 317 40 Constantinople,
708 2411 43 31 M.
776 2410 39 32 C.
854 2411 174 36 Psachos,
1051 2409 156 42 délégué
1226 2419 65 30 par
1318 2411 32 30 le
1372 2408 219 41 patriarche,
1616 2408 90 33 tient
1729 2418 86 23 avec
1837 2410 125 31 succès
1985 2409 33 31 la
2044 2408 122 32 chaire

158 2462 101 31 créée
282 2463 17 30 à
329 2469 53 24 cet
405 2460 82 33 effet
511 2472 42 21 au
579 2459 270 34 conservatoire
868 2459 204 33 d'Athènes.
1114 2459 47 32 Le
1186 2469 105 22 cours
1329 2461 157 38 complet
1508 2458 200 42 comprend
1743 2458 85 42 cinq
1865 2459 148 32 années.
2052 2458 26 31 Il
2114 2465 52 25 est

158 2511 206 41 théorique,
396 2510 169 41 pratique
588 2517 33 25 et
645 2509 216 41 historique.
895 2510 113 39 Après
1031 2519 39 22 ce
1092 2512 77 37 laps
1192 2509 44 32 de
1258 2517 130 32 temps,
1413 2511 8 28 1
1438 2509 100 32 élève
1557 2508 61 42 qui
1646 2519 85 21 aura
1755 2508 136 32 obtenu
1915 2519 63 21 son
2003 2507 161 42 diplôme

157 2571 78 22 sera
260 2561 103 40 placé
382 2560 89 32 dans
494 2559 139 43 l'église
659 2571 47 30 qu
723 2570 46 20 on
790 2558 50 32 lui
863 2559 206 42 désignera,
1090 2566 33 24 et
1144 2568 68 31 peu
1240 2561 18 29 à
1278 2568 67 31 peu
1367 2569 45 21 on
1436 2557 156 33 réussira
1614 2561 186 38 peut-être
1822 2560 18 30 à
1868 2558 234 32 transformer
2124 2557 42 32 de

158 2618 92 25 cette
289 2610 158 33 manière
482 2612 49 29 les
570 2609 202 32 mauvaises
806 2608 208 40 habitudes,
1044 2608 207 36 séculaires,
1292 2608 63 41 qui
1379 2616 61 24 ont
1466 2608 214 40 prédominé
1718 2607 141 42 jusqu'à
1894 2609 147 39 présent
2079 2607 88 32 dans

158 2659 150 43 l'Eglise
344 2669 175 33 grecque.
545 2660 184 31 Peut-être
753 2658 95 32 aussi
873 2660 31 30 le
922 2657 191 33 fanatisme
1133 2665 33 24 et
1190 2660 49 29 les
1264 2657 201 32 mauvaises
1487 2658 181 37 volontés,
1690 2657 292 32 manifestement
2001 2656 163 39 visibles,

159 2720 43 22 au
227 2709 77 33 sein
327 2712 114 30 même
471 2709 43 32 de
549 2710 32 31 la
604 2707 236 34 commission
877 2708 62 32 des
961 2708 186 37 réformes,
1172 2709 244 31 auront-elles
1454 2706 119 34 réduit
1607 2715 104 25 notre
1734 2706 174 34 tentative
1930 2709 18 30 à
1971 2706 123 34 merci.
2119 2707 48 31 Le

160 2759 161 40 possible
341 2770 85 21 aura
450 2768 43 22 en
515 2766 81 24 tous
621 2768 59 22 cas
703 2758 55 32 été
778 2759 110 31 tenté.

204 2813 48 40 (3)
272 2809 101 32 Nous
395 2818 43 22 ne
458 2818 159 32 croyons
640 2818 64 30 pas
727 2806 155 42 pouvoir
901 2815 152 25 omettre
1077 2809 31 30 le
1129 2807 142 32 résumé
1293 2805 205 43 historique
1516 2806 63 42 qui
1602 2806 85 39 suit,
1713 2806 36 33 ni
1772 2809 33 30 la
1839 2806 116 42 partie
1978 2805 191 43 théorique

159 2859 197 40 précédant
374 2858 134 33 l'étude
527 2858 46 32 du
598 2858 143 32 célèbre
763 2858 145 43 Hymne
927 2858 46 30 du
995 2856 231 42 Faièologue.
1249 2856 49 32 Ce
1313 2866 79 23 sera
1415 2858 32 31 le
1473 2859 76 30 seul
1567 2867 131 31 moyen
1721 2857 44 32 de
1786 2867 93 22 nous
1893 2856 142 39 rendre,
2054 2866 65 31 par
2138 2858 31 30 la

161 2908 107 36 suite,
287 2908 330 41 compréhensible.

205 2958 48 41 (4)
276 2959 58 30 On
355 2961 31 29 le
404 2957 146 34 croirait
572 2961 17 29 à
616 2957 172 33 entendre
814 2957 42 32 de
880 2956 160 34 mauvais
1062 2959 167 30 chantres
1247 2956 214 40 introduire,
1479 2967 64 30 par
1561 2959 173 38 exemple,
1760 2957 61 32 des
1847 2964 94 26 mots
1964 2964 96 26 turcs
2081 2956 88 33 dans

161 3010 49 29 les
236 3006 122 33 offices
389 3008 186 42 religieux.
600 3008 83 31 Cela
712 3018 44 21 ne
778 3006 146 44 signifie
946 3017 62 31 pas
1031 3006 255 43 grand'chose.
1311 3007 25 30 Il
1362 3016 45 23 ne
1433 3006 181 33 viendrait
1637 3009 17 30 à
1677 3017 181 30 personne
1894 3007 106 33 l'idée
2028 3007 43 33 de
2093 3006 76 32 voir

161 3057 88 32 dans
268 3060 32 29 la
323 3060 135 40 langue
480 3067 161 32 grecque
664 3057 172 32 moderne
858 3069 45 20 un
927 3056 123 33 dérivé
1075 3057 43 32 de
1141 3056 164 41 l'italien,
1329 3055 163 43 quoique
1521 3067 65 21 son
1611 3057 151 31 vocable
1784 3057 182 32 fourmille
1987 3056 20 32 d
2023 3067 126 30 expres-

162 3117 99 23 sions
285 3107 203 32 italiennes.
514 3108 25 30 L
553 3106 185 33 idiotisme
762 3107 67 32 fleu
840 3107 43 32 rit
899 3114 160 33 partout.

205 3157 48 42 (5,
282 3157 86 32 Bien
391 3157 174 34 entendu,
589 3157 23 31 il
643 3167 44 22 ne
709 3156 108 42 s'agit
837 3167 71 30 que
937 3157 45 31 de
1004 3158 31 31 la
1059 3155 168 41 musique
1258 3155 163 41 profane,
1447 3165 59 22 car
1530 3166 16 19 «
1572 3166 45 21 on
1642 3165 44 22 ne
1708 3156 69 33 sait
1800 3167 157 32 presque
1993 3156 75 34 rien
2108 3156 61 33 des

160 3216 15 21 «
204 3206 132 32 formes
349 3206 43 32 de
416 3210 31 28 la
471 3206 149 42 liturgie
647 3217 66 22 aux
737 3214 127 33 quatre
887 3205 174 42 premiers
1082 3204 126 33 siècles
1231 3204 47 32 du
1299 3204 283 39 christianisme,
1605 3208 18 29 à
1646 3208 81 39 plus
1757 3207 90 32 forte
1870 3207 120 33 raison
2021 3206 127 44 ignore-

159 3266 19 22 ((
204 3264 76 25 t-on
304 3258 103 39 quels
430 3255 118 33 furent
570 3259 49 29 les
645 3257 127 31 chants
795 3257 185 41 employés
1013 3258 94 29 alors
1131 3255 88 31 dans
1243 3254 186 34 l'exercice
1452 3255 47 32 du
1526 3258 109 30 culte.
1652 3255 91 34 Sauf
1755 3260 180 38 peut-être
1954 3259 33 30 la
2007 3258 162 39 mélopée

160 3317 19 22 cc
205 3307 44 31 de
271 3309 31 29 la
343 3307 147 41 Frèface
513 3316 83 22 avec
620 3316 63 21 son
715 3305 172 42 épilogue
908 3307 137 33 choral,
1067 3305 29 32 le
1118 3304 151 32 Sanctus
1276 3330 7 12 ,
1307 3312 33 25 et
1374 3308 178 39 quelques
1572 3305 150 35 timbres
1741 3307 225 42 syllabiques
1981 3307 189 42 d'hymnes

160 3367 17 24 ((
203 3355 288 38 ambrosiennes,
524 3366 118 22 aucun
676 3355 62 32 des
775 3364 190 23 morceaux
990 3354 41 32 de
1064 3354 108 32 chant
1204 3358 192 29 conservés
1430 3356 90 33 dans
1542 3359 32 30 le
1612 3357 67 32 rite
1711 3360 117 30 actuel
1852 3367 44 22 ne
1919 3361 115 37 paraît
2070 3357 100 33 dater

161 3417 18 22 «
212 3406 46 32 du
279 3417 32 21 iv
315 3413 10 16 e
346 3405 122 33 siècle.
488 3415 16 23 ))
527 3405 170 38 Gevaert,
722 3405 64 31 Les
808 3404 172 42 Origines
1004 3406 45 29 du
1070 3404 104 32 chant
1197 3403 196 43 liturgique
1414 3406 40 31 de
1472 3406 152 43 l'Eglise
1647 3408 110 31 latine
1761 3432 8 14 ,
1793 3407 120 38 Gand,
1943 3414 103 36 1890.

205 3457 47 41 (6)
279 3465 18 23 «
323 3456 119 33 Toute
473 3458 33 31 la
530 3465 168 32 musique
722 3464 177 34 grecque,
924 3472 40 5 —
1000 3457 121 36 chant,
1155 3453 210 44 rythmique
1390 3463 34 27 et
1461 3456 292 40 instrumentale,
1776 3457 100 34 vient
1900 3458 44 32 de
1966 3458 137 33 Tharse
2138 3464 32 26 et

160 3518 16 22 ((
204 3507 119 33 d'Asie
344 3516 35 25 )).
410 3506 70 33 Str.
499 3506 26 40 I,
546 3518 32 27 x,
600 3518 37 28 p.
660 3516 84 30 471.
