2296 3733
498 167 191 41 L'HYMNE
724 180 58 27 DU
818 171 294 34 PALÉOLOGUE
1146 179 51 25 ET
1230 179 52 25 LA
1315 177 202 33 MUSIQUE
1550 177 245 26 BYZANTINE

145 183 73 37 192

137 273 173 52 chaque
333 275 128 47 signe
485 272 265 39 résumerait
770 285 59 25 un
852 269 229 41 ensemble
1104 282 146 27 connu
1275 269 247 40 seulement
1557 269 78 40 des
1668 269 148 39 initiés
1841 268 74 51 qui
1940 279 47 27 se
2008 274 119 32 trans-

137 343 230 39 mettaient
392 341 262 43 oralement,
677 339 54 40 de
761 339 91 40 l'un
891 344 22 35 à
950 339 12 40 1
982 347 139 41 autre,
1145 338 62 40 les
1233 338 227 40 mélodies.
1500 337 86 40 Les
1623 339 152 49 signes
1813 336 185 52 adoptés
2038 348 113 38 pour

136 420 111 31 cette
270 410 200 40 notation
509 410 164 39 étaient
708 408 54 40 de
789 408 113 40 deux
939 416 159 41 sortes,
1127 420 165 37 rouges
1336 421 57 26 ou
1435 408 138 39 noirs.
1607 405 85 40 Les
1732 406 152 49 signes
1912 417 163 37 rouges
2103 426 44 4 —

139 480 198 51 aphones
377 500 53 4 —
462 486 101 31 sont
595 490 106 27 ceux
734 478 75 51 qui
842 485 76 31 ont
951 476 53 40 de
1027 485 100 31 tous
1148 485 144 42 temps
1325 475 145 40 induit
1512 475 62 40 les
1599 475 243 39 musiciens
1886 487 54 26 en
1981 485 166 27 erreur.

138 546 86 41 Les
261 560 83 26 uns
377 545 264 41 affirmaient
678 560 58 38 qu
755 545 29 40 il
818 544 224 51 s'agissait
1073 545 39 39 là
1137 544 53 40 de
1222 557 212 33 nuances,
1460 542 193 42 d'autres
1691 556 85 39 que
1800 542 38 40 la
1864 541 182 40 couleur
2075 541 76 40 des

136 617 152 49 signes
313 615 162 40 n'avait
499 628 172 27 aucune
690 616 275 51 importance
989 628 9 33 ;
1023 613 54 40 ils
1099 613 295 41 traduisaient
1419 614 173 39 ensuite
1635 624 104 28 sans
1781 611 227 40 discerner
2030 619 122 31 entre

138 684 39 40 la
202 684 182 40 couleur
405 683 54 40 de
480 696 70 27 ces
574 685 151 48 signes
753 683 74 50 (ij.

195 751 72 42 On
291 762 154 31 trouve
475 767 54 24 au
559 760 381 31 commencement
977 751 53 40 de
1072 763 194 40 presque
1291 760 100 31 tous
1411 750 63 40 les
1499 751 180 38 anciens
1703 749 269 40 manuscrits
1990 748 39 39 la
2054 747 98 40 liste

139 821 77 40 des
255 822 152 49 signes
441 821 200 52 aphones
684 820 57 51 2).
767 819 87 41 Les
872 829 182 32 auteurs
1091 821 365 51 contemporains
1480 821 287 38 soutiennent
1792 832 102 38 que,
1916 816 236 53 puisqu'ils

140 899 100 31 sont
261 903 19 24 «
301 890 200 52 aphones
527 902 37 35 »,
591 902 71 27 ces
685 890 153 49 signes
863 903 54 26 ne
959 903 46 26 se
1048 889 210 40 chantent
1287 903 97 38 pas.
1403 911 51 5 —
1478 887 87 41 Les
1594 887 291 52 explications
1922 885 136 53 qu'on
2091 898 42 26 re-

140 968 154 31 trouve
318 963 22 35 à
363 972 47 26 ce
449 958 113 53 sujet
600 958 54 40 de
689 958 143 40 droite
854 967 42 31 et
927 958 54 40 de
1004 958 189 50 gauche,
1220 970 54 27 ne
1314 958 186 39 laissent
1538 970 145 26 aucun
1722 956 136 39 doute
1888 963 140 43 quant
2053 958 20 35 à
2114 953 37 39 la

139 1028 153 40 valeur
311 1027 77 41 des
414 1040 18 24 «
457 1027 200 52 aphones
675 1039 36 25 ».
730 1025 122 42 C'est
875 1028 115 38 ainsi
1014 1025 100 53 qu'à
1129 1030 96 36 côté
1245 1026 53 40 de
1314 1026 39 39 la
1366 1025 99 40 liste
1481 1025 77 39 des
1582 1037 184 27 neumes
1789 1023 58 53 (3)
1872 1023 281 52 aphones,on

141 1106 169 38 trouve,
336 1096 112 40 dans
471 1096 63 40 les
551 1096 129 39 vieux
704 1096 268 39 manuscrits
997 1094 108 41 dont
1120 1108 113 27 nous
1252 1107 170 27 venons
1442 1094 54 40 de
1515 1093 162 53 parler,
1703 1094 77 38 des
1799 1092 354 40 considérations

141 1165 125 40 telles
297 1178 86 39 que
417 1164 197 40 celles-ci
637 1174 7 28 :
674 1176 74 26 «...
787 1164 64 40 les
890 1163 169 51 grands
1099 1164 167 49 signes,
1307 1163 62 40 les
1413 1162 215 52 aphones,
1654 1162 181 52 appelés
1874 1161 63 40 les
1960 1160 193 51 grandes

141 1247 19 24 «
181 1233 256 54 ypostasies
445 1264 7 17 ,
478 1241 101 32 sont
602 1232 247 41 seulement
873 1245 113 39 pour
1009 1232 63 40 les
1097 1232 110 53 jeux
1235 1232 51 39 de
1318 1231 140 40 mains
1474 1239 41 32 et
1540 1244 87 27 non
1651 1243 114 39 pour
1787 1230 39 39 la
1869 1231 117 42 voix,
2023 1242 129 39 parce

140 1315 19 24 «
195 1302 130 52 qu'ils
365 1310 116 40 sont,
508 1314 174 27 comme
719 1314 57 27 on
819 1301 40 40 le
892 1302 110 46 voit,
1045 1314 104 27 sans
1186 1302 101 39 voix
1315 1316 16 20 »
1369 1308 41 32 et
1449 1312 7 27 :
1503 1312 18 24 «
1546 1297 64 42 Le
1644 1299 70 49 jeu
1753 1299 50 39 de
1837 1313 140 25 mains
2006 1306 66 32 est
2095 1312 58 26 un

141 1384 19 25 «
196 1376 192 47 système
409 1371 147 40 donné
576 1384 80 38 par
678 1370 39 40 le
737 1375 129 47 poète
892 1368 320 42 Saint-Cosma
1238 1378 41 31 et
1299 1369 112 54 Jean
1432 1368 292 39 Damascène.
1751 1365 62 42 Le
1839 1367 69 52 jeu
1933 1367 54 39 de
2011 1367 142 39 mains

187 1523 48 40 (r)
258 1522 94 32 C'est
384 1531 39 22 ce
454 1520 113 42 qu'un
602 1519 175 32 musicien
813 1529 100 31 grec,
944 1518 270 38 Sakkelaridès,
1240 1516 56 33 n'a
1338 1527 64 30 pas
1426 1517 157 41 manqué
1621 1516 45 32 de
1692 1515 87 33 faire
1808 1526 93 31 pour
1926 1514 160 42 l'hymne
2109 1515 45 32 du

143 1572 240 42 Paléologue.
409 1571 83 32 Cela
516 1581 91 22 nous
630 1568 195 43 engageait
847 1571 19 30 à
888 1568 113 32 écrire
1022 1568 170 32 combien
1216 1570 50 30 les
1299 1566 227 33 traductions
1550 1565 181 33 d'auteurs
1765 1565 189 33 modernes
1989 1565 167 33 devaient

141 1625 73 29 être
238 1630 126 24 tenues
386 1631 42 21 en
453 1620 199 41 suspicion.
673 1619 129 42 [Guide
825 1618 149 32 musical
980 1644 6 14 ,
1014 1618 77 42 juin
1118 1617 121 44 1904.)

186 1673 49 37 (2)
254 1671 104 32 Voici
382 1682 57 21 ces
463 1670 135 43 signes.
623 1670 44 32 Ils
697 1669 134 32 étaient
863 1668 220 33 d'ordinaire
1108 1678 148 32 rouges,
1289 1674 179 26 rarement
1501 1666 112 39 noirs,
1644 1668 269 40 quelques-uns
1940 1666 142 33 avaient
2109 1677 46 21 un

143 1732 81 23 sens
242 1721 208 41 mélodique
470 1731 64 31 par
557 1724 219 29 eux-mêmes
793 1728 7 31 ;
819 1719 89 32 mais
925 1721 31 30 la
980 1720 159 41 majeure
1162 1718 114 41 partie
1295 1718 62 32 des
1378 1726 17 23 «
1411 1717 162 41 aphones
1595 1726 18 23 »
1628 1716 131 33 n'avait
1782 1717 43 31 de
1844 1727 82 21 sens
1950 1716 206 42 mélodique

143 1783 71 31 que
236 1771 140 41 d'après
396 1774 32 29 le
450 1782 64 21 son
536 1771 121 31 donné
680 1780 63 29 par
766 1771 31 30 le
821 1779 129 22 neume
970 1769 81 32 noir
1073 1787 37 4 —
1135 1771 193 38 emphone,
1354 1786 36 4 —
1414 1769 82 38 près
1516 1767 135 41 duquel
1670 1766 22 32 il
1716 1765 85 34 était
1820 1767 111 40 placé.
1958 1767 47 32 Le
2028 1776 128 23 neume

143 1822 170 43 emphone
339 1821 153 33 donnait
517 1823 31 29 la
569 1821 66 31 ciel
656 1820 43 31 de
718 1819 174 44 Yaphone.

194 3493 47 46 (3)
261 3494 49 32 Le
329 3500 73 26 mot
424 3502 127 23 neume
566 3501 18 23 e,
588 3498 30 26 st
642 3493 82 40 plus
743 3490 330 43 compréhensible,
1096 3491 105 42 signe
1225 3493 82 39 plus
1330 3499 116 26 exact.

144 1923 99 33 ïsson

890 1958 32 18 c

147 1993 98 41 Dipli

144 2062 212 33 Paraclitiki

145 2130 202 34 Kratimata

748 2153 9 9 .
807 2154 8 8 .
980 2128 72 18 —-

145 2199 173 43 Lygisma

921 2182 13 14 ♦
945 2182 17 18 t.

145 2267 164 43 Kylisma

749 2291 9 9 .
807 2291 9 9 .

145 2347 340 43 Antikenokylisma
575 2374 6 6 .
631 2373 7 7 .

146 2403 199 33 Tromikon

931 2434 45 57 T

748 2563 10 76 :
806 2507 8 64 :
877 2520 170 125 4-

146 2483 223 41 Exotrepton
401 2509 6 7 .
458 2507 7 7 .
576 2508 7 8 .
633 2509 7 7 .
692 2509 5 7 .

145 2539 357 43 Tromikosynagma
519 2563 6 8 .
575 2565 6 6 .
633 2565 6 6 .

147 2606 171 35 Psifiston

148 2675 368 44 Psifistonsynagma.
571 2701 7 7 .
631 2702 7 7 .
689 2700 8 9 .

147 2745 152 42 Gorgon

146 2815 123 42 Argon

147 2907 131 33 Stavro

748 2700 68 79 ::

929 2799 55 44 r-

920 2867 46 40 i

144 2975 243 33 Antikenoma

144 3038 153 33 Amalon

698 3032 2 39 ,
752 3064 6 7 .
811 3064 8 7 .
995 3032 26 28 *

146 3118 268 33 Thematismos
440 3128 92 23 esso.
575 3143 6 7 .
634 3144 7 7 .
692 3142 5 9 .

146 3186 269 33 Thematismos
441 3197 64 23 exo
524 3212 7 7 .
582 3212 6 7 .
640 3212 7 8 .

144 3242 206 43 Epegerma

147 3349 260 34 Parakalesma
463 3374 181 8 ....

750 3143 8 8 •
810 3142 8 8 •

815 3285 9 8 '

753 3372 7 9 •
812 3374 8 7 •
927 3357 70 47 c>

146 184 72 37 IQ2
498 166 192 42 L'HYMNE
724 180 58 27 DU
818 171 294 34 PALÉOLOGUE
1146 178 52 26 ET
1231 178 52 26 LA
1316 177 201 33 MUSIQUE
1551 177 245 26 BYZANTINE

137 274 173 52 chaque
333 275 129 48 signe
485 272 265 39 résumerait
770 285 59 26 un
853 269 228 42 ensemble
1104 283 146 26 connu
1275 269 248 41 seulement
1558 269 78 40 des
1669 269 148 39 initiés
1841 268 75 51 qui
1941 279 46 27 se
2008 274 142 32 trans-

138 344 230 39 mettaient
392 341 262 43 oralement,
678 340 54 40 de
761 340 91 40 l'un
892 344 21 35 à
951 340 11 40 1
982 347 139 42 autre,
1145 338 62 40 les
1233 338 228 40 mélodies.
1501 338 85 40 Les
1623 339 152 49 signes
1814 337 184 51 adoptés
2038 348 113 39 pour

137 420 111 31 cette
270 411 201 39 notation
509 410 165 39 étaient
709 408 53 40 de
789 408 113 40 deux
939 417 160 41 sortes,
1128 420 165 37 rouges
1337 421 56 26 ou
1436 409 137 39 noirs.
1607 405 85 41 Les
1732 406 152 49 signes
1913 417 163 37 rouges
2104 427 43 4 —

139 480 199 51 aphones
377 500 53 5 —
462 486 101 32 sont
596 491 106 27 ceux
735 479 75 50 qui
843 485 75 32 ont
951 477 53 40 de
1027 485 100 32 tous
1149 485 144 43 temps
1325 476 145 40 induit
1512 476 62 40 les
1599 476 243 38 musiciens
1886 487 54 26 en
1982 486 166 26 erreur.

138 547 86 40 Les
261 560 83 27 uns
378 545 263 41 affirmaient
678 560 58 38 qu
755 545 29 40 il
818 545 224 51 s'agissait
1073 545 40 40 là
1137 545 54 40 de
1222 558 212 33 nuances,
1460 543 194 41 d'autres
1692 556 85 39 que
1800 542 38 40 la
1864 542 182 40 couleur
2075 541 76 40 des

137 618 151 49 signes
314 615 161 40 n'avait
500 629 171 26 aucune
690 617 276 50 importance
989 628 9 34 ;
1024 613 54 40 ils
1099 613 295 42 traduisaient
1419 615 174 38 ensuite
1636 625 103 27 sans
1781 612 228 40 discerner
2030 620 123 30 entre

138 685 40 40 la
203 685 181 40 couleur
406 684 54 40 de
480 697 70 26 ces
574 685 152 48 signes
753 683 74 50 (ij.

196 752 71 42 On
291 762 154 31 trouve
475 767 54 25 au
559 760 381 31 commencement
977 752 54 39 de
1072 764 194 40 presque
1291 760 100 31 tous
1412 751 62 40 les
1499 751 180 39 anciens
1704 750 268 39 manuscrits
1990 748 39 39 la
2055 747 98 40 liste

139 822 77 40 des
255 822 152 49 signes
441 821 200 52 aphones
685 820 56 51 2).
768 819 87 41 Les
872 829 182 32 auteurs
1091 821 365 51 contemporains
1481 821 287 39 soutiennent
1792 832 102 39 que,
1916 816 237 53 puisqu'ils

140 899 100 32 sont
262 904 19 24 «
302 890 199 52 aphones
527 902 38 35 »,
591 902 71 28 ces
686 890 152 50 signes
863 903 54 27 ne
959 903 47 27 se
1048 890 211 40 chantent
1288 903 96 38 pas.
1403 912 52 4 —
1478 887 87 41 Les
1594 888 291 52 explications
1923 885 135 54 qu'on
2092 899 62 26 re-

140 968 154 31 trouve
319 963 21 35 à
364 972 46 27 ce
449 959 114 53 sujet
600 958 54 41 de
689 958 143 40 droite
855 967 41 31 et
928 958 54 40 de
1004 959 190 49 gauche,
1220 971 54 27 ne
1314 958 186 40 laissent
1538 971 145 25 aucun
1723 956 136 40 doute
1888 963 140 43 quant
2053 958 20 35 à
2114 954 37 39 la

139 1028 154 41 valeur
311 1027 78 41 des
414 1041 18 24 «
457 1027 200 53 aphones
675 1039 36 26 ».
730 1026 122 41 C'est
876 1028 114 38 ainsi
1015 1026 99 52 qu'à
1130 1030 96 37 côté
1245 1027 53 39 de
1314 1026 39 40 la
1367 1026 98 40 liste
1481 1026 77 39 des
1582 1038 185 26 neumes
1789 1023 59 53 (3)
1872 1024 281 52 aphones,on

141 1106 170 38 trouve,
336 1097 112 40 dans
472 1096 63 41 les
552 1097 129 38 vieux
704 1097 269 38 manuscrits
998 1095 108 40 dont
1120 1108 114 27 nous
1253 1107 169 28 venons
1442 1094 54 40 de
1516 1093 161 53 parler,
1703 1094 78 39 des
1800 1093 355 40 considérations

142 1166 124 40 telles
298 1179 85 38 que
418 1165 196 40 celles-ci
638 1174 7 29 :
674 1177 75 26 «...
787 1164 65 40 les
890 1163 169 51 grands
1099 1165 168 48 signes,
1307 1163 63 40 les
1413 1163 215 52 aphones,
1655 1162 180 53 appelés
1875 1161 62 40 les
1960 1161 195 50 grandes

142 1247 19 24 «
182 1233 255 54 ypostasies
445 1265 8 16 ,
478 1241 101 32 sont
603 1233 247 40 seulement
874 1245 112 40 pour
1010 1233 62 40 les
1097 1233 111 52 jeux
1236 1233 50 38 de
1318 1231 140 40 mains
1474 1240 41 31 et
1540 1245 88 26 non
1651 1243 114 40 pour
1787 1230 39 39 la
1869 1231 117 42 voix,
2024 1243 128 38 parce

140 1316 19 24 «
195 1302 131 52 qu'ils
365 1311 116 40 sont,
509 1314 173 28 comme
719 1314 57 28 on
820 1301 39 40 le
893 1302 109 47 voit,
1045 1314 104 28 sans
1186 1302 101 40 voix
1315 1316 17 20 »
1369 1309 41 31 et
1449 1313 8 27 :
1503 1313 18 24 «
1546 1298 64 41 Le
1644 1299 71 49 jeu
1753 1300 50 38 de
1838 1313 139 25 mains
2007 1306 66 32 est
2095 1313 59 25 un

142 1384 19 25 «
196 1376 193 47 système
409 1371 147 40 donné
576 1385 80 37 par
678 1370 39 40 le
737 1375 130 47 poète
892 1368 320 42 Saint-Cosma
1238 1378 41 32 et
1299 1369 112 55 Jean
1432 1368 293 40 Damascène.
1751 1366 63 41 Le
1839 1367 70 52 jeu
1933 1367 54 40 de
2011 1368 144 39 mains

187 1523 48 40 (r)
258 1522 94 32 C'est
385 1532 38 21 ce
454 1521 114 42 qu'un
602 1520 175 32 musicien
813 1529 101 32 grec,
944 1518 270 39 Sakkelaridès,
1240 1516 56 33 n'a
1338 1528 64 30 pas
1427 1517 157 41 manqué
1622 1516 44 33 de
1692 1516 87 33 faire
1808 1527 93 30 pour
1926 1514 161 42 l'hymne
2109 1516 46 31 du

143 1573 240 41 Paléologue.
409 1571 84 32 Cela
516 1582 91 21 nous
630 1568 195 44 engageait
848 1571 18 30 à
888 1568 113 33 écrire
1022 1568 170 33 combien
1216 1570 50 30 les
1299 1567 227 33 traductions
1550 1565 181 34 d'auteurs
1765 1566 190 32 modernes
1989 1565 167 33 devaient

142 1626 73 29 être
238 1630 126 24 tenues
387 1631 42 22 en
453 1621 200 41 suspicion.
673 1620 129 41 [Guide
826 1619 149 31 musical
980 1644 7 14 ,
1015 1619 76 42 juin
1118 1617 121 45 1904.)

187 1674 48 37 (2)
255 1671 103 32 Voici
382 1682 57 22 ces
462 1671 136 42 signes.
623 1671 44 31 Ils
697 1669 134 33 étaient
864 1668 219 34 d'ordinaire
1109 1678 148 32 rouges,
1290 1674 179 27 rarement
1501 1667 112 38 noirs,
1645 1669 268 39 quelques-uns
1940 1667 142 33 avaient
2109 1678 46 20 un

143 1733 81 22 sens
242 1721 208 42 mélodique
471 1732 64 30 par
557 1724 219 30 eux-mêmes
793 1728 7 31 ;
820 1719 88 32 mais
925 1721 31 30 la
980 1720 159 41 majeure
1162 1718 114 42 partie
1295 1718 62 32 des
1378 1727 18 22 «
1412 1718 161 40 aphones
1596 1727 18 22 »
1628 1716 131 33 n'avait
1782 1717 44 32 de
1845 1727 82 22 sens
1950 1716 207 42 mélodique

144 1783 70 31 que
237 1771 138 41 d'après
396 1775 32 28 le
450 1782 64 21 son
537 1771 121 32 donné
680 1781 64 29 par
766 1772 32 29 le
821 1780 130 21 neume
970 1769 81 32 noir
1073 1788 37 3 —
1135 1772 193 37 emphone,
1354 1787 36 3 —
1415 1770 81 38 près
1516 1767 135 41 duquel
1670 1767 22 31 il
1716 1766 85 34 était
1820 1768 112 39 placé.
1958 1767 47 32 Le
2028 1777 130 23 neume

144 1823 170 43 emphone
340 1821 152 33 donnait
517 1824 31 29 la
569 1822 67 31 ciel
657 1821 42 31 de
718 1820 174 44 Yaphone.

144 1923 12 2 _
1111 1894 132 32 Eteron

146 1993 43 31 £)i
194 2004 22 21 D
220 1992 24 32 li
1110 1975 128 42 Xyron
1260 1975 138 32 klasma

905 2039 20 16 *
928 2049 30 18 if

144 2062 212 33 Paraclitiki
1110 2055 281 44 Argosyndeton

145 2129 202 34 Kratimata
951 2123 4 44 '
1112 2123 309 44 Gorgosyndeton
1879 2156 27 6 _

145 2199 173 43 Lygisma
1111 2193 202 42 Apodoma,
1337 2205 45 21 ou
1403 2203 6 22 :
1436 2193 196 40 apoderma
1655 2215 127 8 ...
1946 2181 19 25 '
1990 2186 22 29 **

145 2267 164 42 Kylisma

145 2347 340 39 Antikenokylisma

145 2403 28 31 rç
890 2388 57 31 /V
946 2395 29 10 -
1113 2377 94 31 Thes
1227 2384 32 24 et
1281 2378 152 38 apothes

1113 2445 137 32 Thèma
1280 2447 137 37 aploun

146 2483 223 40 Exotrepton
401 2508 6 7 .
458 2507 7 7 .
1115 2514 24 8 _

145 2539 27 17 rp
1113 2515 175 31 Corevma
1922 2530 13 15 r

145 2541 357 40 Tromikosynagma
942 2548 11 28 f
1981 2541 3 40 -

956 2587 17 29 \
1113 2576 191 32 Tzakisma

146 2609 172 31 Psinston
965 2606 8 33 \

1113 2642 400 41 Psifistoparakalesma
1899 2652 137 29 4—s

147 2675 355 44 Psifistonsynagma
975 2703 6 9 ,
1937 2703 12 7 .
1986 2677 13 12 *

959 2717 45 34 JL
1029 2721 5 6 *
1113 2711 428 41 Tromikoparakalesma
1596 2734 183 8 ....
1906 2712 6 5 '
1946 2734 28 21 v
1975 2732 14 7 -

147 2744 152 43 Gorgon
990 2757 8 24 \
1899 2744 3 43 ■
1915 2756 54 8 ~
1978 2756 67 20 w.-

1115 2780 144 32 Piasma

145 2814 124 42 Argon
929 2816 15 24 /
1948 2807 59 57 \

951 2869 12 29 |
1114 2860 120 32 Zisma

154 2976 7 7 .
221 2974 18 8 ..
1114 2942 188 42 Zynagma
1904 2942 4 42 .

144 2978 243 30 Antikenoma
975 2983 6 14 1

144 3037 152 33 Amalon
1002 3033 17 25 5
1113 3021 149 33 Enarxis

145 3117 268 34 Thematismos
439 3128 79 23 esso
1114 3115 109 35 Varia
1923 3132 19 18 i

1015 3168 11 13 y
1929 3148 52 48 \

152 3188 263 31 thematismos
441 3197 64 22 exo

144 3242 205 42 Epegerma
752 3268 7 6 .
1116 3233 256 42 Hémiphonon
2009 3238 45 46 <p

814 3285 9 8 •
2021 3275 113 60 R~

147 3349 259 34 Parakalesma

1118 3384 274 42 Hémiphtonon
1960 3409 14 16 k
2069 3411 17 19 4
