2296 3733
163 188 73 39 180

574 199 202 32 MUSIQUE
811 199 249 26 ORIENTALE
1096 198 7 26 I
1140 200 77 26 LES
1251 200 150 26 MODES
1437 200 252 27 ORIENTAUX

211 291 296 50 Maintenant,
531 293 36 38 si
588 306 59 25 un
671 291 235 52 Européen
934 293 99 50 joue
1056 306 69 26 ces
1148 293 112 40 deux
1284 307 221 36 gammes,
1532 296 74 50 qui
1628 302 75 32 ont
1717 307 54 25 en
1792 295 137 38 vérité
1952 293 77 39 des
2044 292 122 42 effets

158 360 284 40 absolument
462 358 244 52 différents,
741 374 76 26 sur
837 361 38 39 le
896 362 134 50 piano
1056 360 152 52 Pleyel
1237 366 21 35 à
1297 367 323 47 tempérament
1642 362 117 50 égal,
1802 363 219 50 qu'est-ce
2065 360 101 53 qu'il

156 429 160 39 en'end
337 432 14 35 ?
379 427 134 41 Nulle
536 427 250 50 différence,
810 429 188 39 n'est-ce
1021 434 111 47 pas?
1151 431 113 39 mais
1278 431 37 39 si
1332 444 46 26 ce
1400 435 143 36 même
1556 430 239 52 Européen
1816 430 139 52 prend
1977 430 39 40 la
2042 432 127 50 peine

156 498 53 38 de
228 510 197 38 voyager
447 494 203 54 jusqu'en
685 495 157 42 Orient
862 506 40 31 et
923 498 223 40 demande
1170 503 19 34 à
1216 513 59 25 un
1298 499 215 40 chanteur
1534 513 56 26 ou
1616 504 20 35 à
1663 513 59 26 un
1743 500 356 39 instrumentiste
2117 499 52 40 de

157 565 60 39 lui
241 564 108 40 faire
371 565 213 39 entendre
607 579 71 26 ces
699 566 111 40 deux
832 580 222 36 gammes,
1081 567 27 38 il
1135 575 201 32 trouvera
1365 567 38 40 la
1449 568 191 40 seconde
1676 581 181 37 gamme
1886 571 22 35 à
1948 581 85 38 peu
2070 573 97 46 près

156 632 248 41 semblable
421 648 54 25 au
501 634 130 39 mode
655 636 176 39 mineur
852 642 52 32 de
925 635 39 38 la
992 636 208 51 musique
1223 640 283 48 européenne
1529 651 8 33 ;
1575 645 41 31 et
1645 637 146 38 tandis
1828 636 106 51 qu'il
1955 637 212 39 entendra

156 703 40 39 la
221 704 218 50 première
456 715 105 27 sans
586 704 93 38 rien
694 704 308 51 comprendre,
1027 708 220 47 peut-être
1272 705 27 38 il
1325 705 153 51 jugera
1512 719 83 38 que
1616 705 38 39 le
1679 706 218 38 musicien
1922 719 20 25 a
1962 705 207 52 employé

155 770 78 41 des
253 771 255 39 intervalles
527 769 102 42 faux
653 783 8 32 ;
685 785 57 26 ou
765 771 103 40 bien
893 772 27 39 il
946 772 94 39 dira
1066 770 134 54 qu'on
1227 787 20 25 a
1273 773 207 52 employé
1519 773 78 40 des
1623 774 103 39 tiers
1748 786 56 27 ou
1838 773 77 39 des
1939 781 154 43 quarts
2116 774 52 39 de

157 839 95 40 ton!
295 838 130 41 Alors
448 839 102 40 d'où
582 840 119 39 vient
739 848 110 32 cette
871 840 237 40 différence
1131 839 295 43 d'intonation
1447 846 16 35 ?
1486 842 97 40 Elle
1604 844 118 37 vient
1743 858 7 24 :
1783 847 38 34 i°
1856 842 53 39 de
1939 855 46 26 ce
2010 856 84 37 que
2132 842 36 38 le

155 906 38 40 si
213 907 58 39 du
297 908 131 40 mode
451 906 175 41 Ouchak
642 917 68 31 est
733 910 100 50 plus
857 922 135 37 grave
1016 910 112 39 dans
1146 910 37 39 le
1197 919 181 43 rapport
1389 910 105 41 d'un
1508 925 164 25 comma
1688 911 50 38 de
1752 910 252 52 Pylhagore
2025 923 85 39 que
2131 910 37 39 le

153 975 38 40 si
210 976 58 40 du
285 974 233 52 Paucélik',
558 991 19 25 2
583 982 17 17 0
622 986 41 30 et
696 976 296 53 (importance
1025 979 279 49 secondaire)
1330 980 53 38 de
1407 992 47 26 ce
1484 992 86 38 que
1604 980 37 38 la
1664 980 196 50 position
1884 979 52 39 de
1960 978 40 40 la
2025 979 114 39 domi-

156 1053 132 31 nante
325 1060 21 24 a
381 1046 187 49 changé.

215 1112 54 40 Et
292 1122 209 42 pourtant
519 1113 39 40 le
593 1115 247 39 tétracorde
882 1114 208 40 essentiel
1115 1115 57 39 du
1196 1115 131 40 mode
1350 1113 212 42 Ouchak:

154 1425 64 31 est
239 1430 86 26 une
349 1414 221 40 harmonie
584 1416 206 40 naturelle
808 1418 77 38 des
910 1418 99 51 plus
1033 1420 165 39 usitées
1224 1433 54 25 en
1300 1417 173 51 Orient,
1496 1425 85 35 très
1604 1428 188 32 souvent
1806 1420 229 52 employée
2056 1421 110 40 dans

155 1484 62 40 les
238 1484 214 40 mélodies
476 1485 256 51 populaires
755 1486 255 40 orientales.
1047 1485 233 54 Quoiqu'il
1304 1487 183 41 n'existe
1512 1501 79 39 pas
1615 1501 52 27 en
1703 1486 157 42 Orient
1886 1489 280 41 d'éducation

155 1552 212 40 musicale
395 1566 171 26 comme
590 1554 83 39 elle
705 1568 46 26 se
781 1555 206 51 pratique
1013 1568 54 26 en
1087 1555 195 53 Europe,
1321 1558 34 37 si
1376 1569 56 26 on
1457 1570 46 26 se
1521 1556 105 39 rend
1661 1561 19 36 à
1708 1571 59 25 un
1790 1559 109 50 petit
1927 1557 164 52 village
2113 1559 53 39 de

155 1620 135 40 l'Asie
309 1622 218 48 mineure,
555 1635 55 26 on
636 1622 160 40 entend
820 1623 37 38 le
887 1621 70 41 fils
993 1624 24 39 d
1038 1639 60 24 un
1122 1623 242 41 laboureur
1387 1624 184 41 chanter
1600 1625 39 39 le
1661 1625 247 40 tétracorde
1932 1627 159 47 susdit,
2126 1637 40 31 et

155 1691 34 38 si
211 1703 55 26 on
290 1689 139 52 prend
465 1690 36 39 la
523 1692 129 50 peine
675 1691 25 39 d
722 1691 207 52 analyser
947 1705 83 27 son
1055 1693 148 49 chant,
1230 1707 56 26 on
1308 1701 207 32 trouvera
1541 1694 63 39 les
1628 1703 205 43 rapports
1851 1695 53 40 de
1920 1708 47 27 ce
1992 1704 116 43 type.

206 1757 82 54 J'ai
312 1758 44 40 lu
376 1759 111 40 dans
507 1759 62 39 les
595 1773 223 36 ouvrages
841 1766 248 46 européens
1113 1762 136 51 qu'on
1273 1776 20 25 a
1315 1762 188 46 discuté,
1529 1771 124 31 entre
1673 1772 197 39 savants,
1894 1763 40 39 la
1960 1766 207 50 question

153 1827 54 39 de
227 1828 148 39 savoir
396 1828 35 38 si
453 1827 39 39 la
517 1829 196 50 position
734 1828 53 40 de
810 1828 118 40 demi
956 1837 75 32 ton
1062 1830 112 39 dans
1199 1830 39 40 le
1260 1832 247 39 tétracorde
1528 1830 191 52 primitif
1733 1833 107 39 était
1861 1846 51 26 au
1952 1846 135 36 grave
2112 1846 55 27 ou

155 1899 21 35 à
198 1893 151 52 l'aigu,
381 1903 41 32 et
443 1893 133 54 qu'on
599 1911 21 24 a
645 1897 147 39 résolu
816 1910 86 38 que
927 1911 47 25 ce
991 1898 219 40 demi-ton
1235 1901 106 38 était
1370 1914 53 25 au
1445 1914 137 36 grave
1600 1913 172 27 comme
1790 1898 90 53 (mi,
1903 1901 64 51 fa,
2004 1902 82 45 sol,
2109 1900 55 50 la)

153 1976 56 27 ou
232 1963 68 50 (si,
322 1964 53 38 do
384 1997 8 16 ,
419 1968 58 45 ré,
504 1966 94 42 mi).
633 1964 49 54 Je
704 1967 115 38 crois
843 1966 252 51 cependant
1123 1982 84 36 que
1231 1976 112 32 cette
1372 1969 185 50 opinion
1586 1966 110 42 n'est
1718 1983 79 37 pas
1821 1970 138 38 vraie.
1981 1968 185 54 D'après

149 2045 47 26 ce
219 2045 85 39 que
327 2032 38 52 je
387 2046 149 38 pense,
569 2033 38 39 le
633 2033 101 51 plus
773 2035 156 38 ancien
967 2036 253 39 tétracorde
1260 2036 53 40 de
1337 2035 190 41 l'Orient
1552 2038 118 38 avait
1691 2037 38 39 le
1754 2037 222 40 demi-ton
2004 2053 54 24 au
2086 2039 54 38 mi-

153 2100 85 40 lieu
255 2098 12 54 (
282 2103 52 47 i),
360 2114 178 26 comme
559 2102 112 39 dans
695 2102 39 39 le
758 2102 246 40 tétracorde
1019 2101 75 53 (la,
1114 2103 53 47 si,
1190 2104 70 47 do,
1288 2104 60 51 ré)
1376 2119 54 25 au
1452 2104 93 52 (mi,
1569 2105 49 49 fa
1634 2121 39 31 r,
1697 2105 66 38 sol
1770 2135 8 12 ,
1809 2103 75 53 la).

207 2168 66 40 En
299 2177 141 39 outre,
465 2169 179 52 lorsque
682 2179 65 31 cet
777 2169 152 41 enfant
968 2171 58 40 du
1052 2171 241 42 laboureur
1332 2173 223 50 changera
1579 2173 39 40 le
1642 2182 75 31 ton
1741 2187 113 38 pour
1877 2174 184 41 chanter
2083 2189 84 26 une

153 2237 139 40 douce
315 2237 192 41 mélodie
527 2238 235 52 populaire
783 2239 112 40 dans
927 2241 38 38 le
988 2241 132 39 mode
1145 2240 221 51 Paucélik,
1392 2255 113 27 vous
1529 2255 311 39 remarquerez
1863 2256 86 39 que
1985 2253 94 31 tout
2115 2244 52 39 de

152 2307 114 38 suite
289 2306 38 39 le
346 2321 34 23 si
403 2320 55 25 ne
475 2320 212 27 conserve
724 2309 125 50 point
874 2322 82 27 son
977 2309 138 50 degré
1146 2309 295 41 d'intonation
1466 2319 41 31 et
1543 2325 59 37 qu
1622 2310 28 40 il
1692 2319 66 31 est
1794 2311 160 41 chanté
1989 2327 59 25 un
2084 2326 82 38 peu

154 2376 103 48 aigu
275 2375 112 38 dans
406 2375 37 39 le
462 2385 180 43 rapport
659 2376 59 41 du
736 2390 174 26 comma
936 2378 158 44 susdit,
1116 2391 46 27 ce
1181 2380 75 50 qui
1281 2378 271 41 transforme
1572 2377 265 43 l'intervalle
1855 2382 74 50 qui
1951 2394 46 26 se
2014 2390 153 32 trouve

152 2451 123 31 entre
295 2442 40 39 la
354 2451 41 32 et
419 2442 38 40 si
478 2457 55 26 en
552 2444 232 40 intervalle
808 2444 53 40 de
880 2453 77 32 ton
983 2447 171 51 majeur
1171 2446 91 52 9/8.
1290 2446 61 41 Ce
1374 2456 101 32 sont
1492 2448 77 39 des
1595 2446 103 43 faits
1732 2446 58 53 (et
1808 2462 87 26 non
1920 2449 78 40 des
2032 2450 108 52 hypo-

152 2510 146 41 thèses
318 2511 275 52 théoriques)
617 2513 108 40 dont
746 2513 172 41 chacun
941 2528 163 38 pourra
1129 2514 175 41 vérifier
1322 2515 322 41 l'authenticité
1668 2530 52 26 en
1733 2516 163 41 faisant
1913 2532 60 25 un
1996 2532 171 38 voyage

150 2579 113 40 dans
288 2579 61 40 les
374 2593 108 38 pays
498 2580 53 40 de
575 2578 205 43 l'Orient.

206 2648 121 40 Pour
344 2662 84 38 que
452 2649 62 39 les
539 2655 242 35 caractères
814 2652 118 38 vrais
957 2651 78 40 des
1071 2653 155 39 modes
1259 2651 176 40 Ouchak
1470 2662 40 31 et
1552 2652 207 40 Paucélik
1796 2655 143 39 soient
1976 2658 191 50 compris

151 2716 328 52 parfaitement,
494 2718 36 52 je
551 2719 102 51 juge
672 2719 106 40 utile
793 2719 53 40 de
867 2733 112 26 vous
1000 2719 173 41 donner
1192 2722 53 38 ici
1261 2721 114 40 deux
1392 2722 252 51 spécimens
1658 2727 86 34 très
1760 2726 383 50 caractéristiques
2157 2739 7 32 ;

148 2799 47 26 ce
212 2794 99 32 sont
328 2786 62 39 les
410 2788 215 50 premiers
638 2787 140 40 hanés
796 2788 246 51 (périodes)
1062 2789 78 39 des
1165 2788 199 41 Pechrev
1380 2794 238 46 composés
1644 2791 112 39 dans
1772 2804 70 27 ces
1863 2792 112 40 deux
1996 2794 167 38 modes.

1577 2889 158 42 RAOUF
1772 2890 168 41 YEKTA.

1689 2957 346 41 (Constantinople.)

206 3086 203 42 L'article
430 3088 137 52 qu'on
591 3090 120 37 vient
734 3088 53 40 de
809 3088 78 39 lire
905 3102 113 26 nous
1043 3093 120 33 étant
1188 3102 196 36 parvenu
1402 3088 220 51 quelques
1636 3088 119 52 jours
1771 3089 247 41 seulement
2037 3099 128 31 avant

150 3156 38 40 le
212 3158 140 48 tirage
369 3157 53 39 de
445 3157 40 39 la
503 3156 141 40 Revue
668 3156 202 40 musicale
879 3189 7 14 ,
908 3170 114 26 nous
1047 3170 53 25 ne
1124 3169 202 38 pouvons
1345 3156 38 39 le
1402 3158 346 51 communiquer
1769 3171 53 26 en
1846 3167 143 43 temps
2013 3160 106 39 utile
2144 3164 19 34 à

149 3224 60 40 M.
231 3223 141 53 Lyon.
392 3224 68 40 En
485 3239 188 35 somme,
691 3224 60 40 M.
771 3223 143 53 Lyon,
947 3239 54 25 en
1026 3223 219 42 rectifiant
1269 3239 86 26 une
1373 3238 19 24 ((
1416 3225 194 51 coquille
1636 3238 19 24 »
1683 3227 114 47 (voir
1822 3227 36 39 la
1884 3236 101 31 note
2012 3244 10 23 i
2049 3229 53 39 de
2126 3228 34 39 la

190 3371 51 42 (i)
271 3372 46 31 M.
344 3371 156 32 Vincent
519 3371 179 32 entrevoit
721 3378 94 25 cette
847 3373 114 31 vérité
995 3373 161 40 lorsqu'il
1185 3374 52 31 dit
1252 3383 6 21 :
1277 3383 18 21 «
1324 3374 107 32 Voici
1460 3377 49 29 les
1530 3374 206 33 intervalles
1773 3386 70 31 que
1866 3378 32 40 je
1926 3377 94 33 crois
2043 3377 120 32 devoir

148 3422 178 33 attribuer
345 3432 67 21 aux
431 3428 77 34 sept
526 3420 140 37 cordes,
691 3420 207 33 intervalles
921 3421 169 41 desquels
1107 3422 24 31 il
1156 3424 133 31 résulte
1308 3434 72 30 que
1415 3427 50 29 les
1480 3424 90 32 deux
1587 3425 220 33 tétracordes
1824 3425 59 43 fig.
1902 3427 8 37 (
1922 3438 9 20 i
1941 3433 27 17 re
1974 3427 8 40 )
2000 3427 163 33 devaient

147 3472 185 39 présenter
348 3473 32 29 la
403 3468 218 42 disposition
658 3469 73 33 dite
769 3469 244 43 phrygienne,
1039 3471 88 31 dans
1159 3474 158 38 laquelle
1340 3475 33 29 le
1399 3472 181 33 demi-ton
1609 3480 49 26 est
1684 3484 42 22 au
1749 3474 136 33 milieu.
1909 3485 18 22 »
1947 3476 45 33 Cf
2022 3477 141 32 Notices

145 3524 32 28 et
192 3521 147 31 extraits
363 3521 57 30 des
442 3521 218 30 manuscrits
666 3544 36 7 ...
727 3527 83 32 etc.,
835 3528 25 25 t.
882 3519 94 40 XVI,
997 3519 44 33 11°
1056 3520 127 41 partie,
1213 3533 33 28 p.
1272 3532 80 31 274.
