5021 7353
4815 7235 78 40 795

3986 86 476 75 Einzelbezug
4496 105 68 56 15
4598 88 307 74 Pfennig

114 90 320 72 Umfang
459 88 210 59 zwölf
700 88 246 59 Seiten

126 257 674 725 Diigk
1936 378 105 48 JSBBm

123 1080 1677 159 WOCHENSCHRIFT
1888 1060 359 179 FÜR
2338 1087 762 155 KULTUR
3212 1090 400 152 UND
3720 1093 308 146 DIE
4130 1066 748 186 KÜNSTE

221 1387 240 44 Redaktion
502 1391 85 40 und
626 1390 178 52 Verlag:
853 1390 141 40 Berlin
1034 1390 67 42 W.
1134 1395 26 39 9
1206 1395 14 48 /
1267 1392 422 43 Potsdamerstrasse
1742 1396 48 37 18

222 1472 397 54 Fernsprecher
678 1473 101 41 Amt
840 1473 181 43 Lützow
1052 1480 109 37 4443
1227 1479 11 45 /
1300 1475 490 55 Anzeigen-Annahme

367 1557 133 42 durch
533 1557 82 42 den
648 1557 160 53 Verlag
841 1560 88 39 und
962 1559 225 43 sämtliche
1220 1562 433 40 Annoncenbureaus

3237 1392 424 55 Vierteljahrsbezug
3696 1397 93 49 1,50
3818 1394 124 43 Mark
4002 1397 13 50 /
4074 1397 398 55 Halbjahresbezug
4502 1404 94 46 3,—
4629 1400 125 41 Mark
4787 1400 11 52 /

3237 1477 300 56 Jahresbezug
3567 1481 38 47 6,
3613 1503 47 5 —
3695 1480 123 42 Mark
3865 1482 13 49 /
3925 1481 65 42 bei
4029 1481 127 43 freier
4187 1481 249 57 Zustellung
4484 1485 10 53 /
4544 1485 232 43 Insertions-

3238 1562 113 53 preis
3408 1562 68 42 für
3534 1564 68 42 die
3651 1564 345 54 fünfgespaltene
4059 1566 382 53 Nonpareillezeile
4501 1570 52 40 60
4618 1568 182 55 Pfennig

2046 1420 374 54 Herausgeber
2453 1421 99 42 und
2584 1420 391 44 Schriftleiter:

2054 1507 474 66 HERWARTH
2601 1507 369 62 WALDEN

108 1748 461 78 JAHRGANG
622 1749 157 61 1912

2100 1751 291 66 BERLIN
2441 1739 235 79 MÄRZ
2730 1756 156 59 1912

4363 1761 382 65 NUMMER
4796 1764 114 61 100

115 1956 271 95 Inhalt:

462 1960 275 54 TRUST:
802 1965 168 46 Kunst
1011 1963 106 47 und
1153 1961 277 49 Künstler:
1473 1961 98 49 Die
1627 1961 206 50 kranke
1873 1963 254 49 deutsche
2166 1964 170 48 Kunst
2381 1966 23 60 /
2443 1966 110 47 Der
2591 1965 249 66 Zeitgeist
2878 1969 21 57 /
2950 1965 108 49 Der
3106 1965 159 50 Dank
3314 1967 21 60 /
3384 1966 330 52 RICHARD
3761 1970 327 51 DEHMEL:
4136 1975 116 49 Aus
4301 1977 101 48 den
4447 1977 462 60 Verwandlungen

465 2032 94 48 der
598 2032 182 50 Venus
808 2036 22 58 /
859 2033 108 48 Das
1004 2032 297 65 Flugschiff
1332 2035 22 60 /
1391 2032 196 51 PAUL
1625 2031 514 51 SCHBERBART:
2181 2033 226 50 Novelle
2433 2037 21 61 /
2480 2034 294 49 ALFRED
2802 2035 378 50 MOMBERT:
3222 2035 109 52 Das
3370 2037 64 48 ist
3462 2038 95 49 der
3583 2039 122 66 Tag
3732 2040 17 66 /
3778 2040 111 50 Das
3928 2042 66 49 ist
4021 2044 84 49 die
4131 2044 170 51 Nacht
4327 2048 23 58 /
4366 2047 180 51 ELSE
4596 2050 267 52 LASKER-

117 2098 364 51 SCHULER:
523 2101 260 51 Gedichte
819 2105 22 59 /
880 2102 287 50 ALFRED
1207 2089 292 63 DÖBLIN:
1542 2102 110 48 Der
1687 2104 267 49 schwarze
1993 2103 266 67 Vorhang
2297 2107 21 59 /
2366 2104 307 51 LOTHAR
2723 2104 154 50 VON
2915 2104 419 55 KUNOWSKI:
3388 2108 110 49 Der
3547 2109 254 51 Schatten
3839 2114 22 60 /
3900 2093 355 71 GÜNTHER
4316 2116 232 55 MURR:
4587 2121 326 55 Hamburg-/

123 2169 244 62 JULIUS
407 2170 284 50 PASCIN:
733 2173 109 47 Das
883 2172 143 48 Kind
1063 2181 21 53 /
1124 2172 258 50 GEORG
1421 2172 358 53 TAPPFRT:
1817 2173 111 49 Der
1967 2171 188 52 Clown
2194 2177 22 57 /
2256 2173 562 67 Originalholzschnitt
2858 2179 20 52 /
2916 2175 437 50 HERWARTH
3394 2178 341 56 WALDEN:
3777 2181 99 49 Die
3914 2184 387 61 Judentochter
4340 2192 20 53 /
4403 2188 105 49 Für
4547 2189 219 56 Gesang-
4803 2193 109 49 und

131 2239 220 52 Klavier
389 2244 21 59 /
449 2242 275 62 Dichtung
762 2258 91 32 aus
895 2243 92 47 des
1027 2242 226 49 Knaben
1293 2243 378 49 Wunderhorn
1709 2246 21 58 /
1769 2242 538 51 AUSSTELLUNG
2346 2244 147 50 DER
2533 2244 473 51 ZEITSCHRIFT
3043 2244 249 53 STURM
4729 2225 33 33 B

114 2608 362 96 Kunst
551 2608 227 96 und
857 2608 522 99 Künstler

117 2794 121 56 Die
278 2796 266 54 kranke
586 2796 327 56 deutsehe
955 2796 216 56 Kunst

243 2962 100 57 „Im
381 2965 189 47 Geäste
608 2965 88 47 des
730 2964 348 51 Hochwaldes
1111 2968 133 53 singt
1277 2969 76 44 ein
1387 2968 204 46 wunder-

119 3046 150 47 barer
316 3047 160 56 Vogel
525 3086 123 9 ...
698 3064 52 31 er
801 3052 132 51 singt
980 3064 100 33 von
1134 3064 157 34 neuen
1346 3050 278 48 deutschen

118 3129 202 52 Reiche.
392 3131 112 49 Wie
545 3135 76 45 die
659 3134 301 47 leuchtende
1002 3135 341 51 Kaiserkrone
1384 3150 93 31 neu
1516 3136 82 46 auf-

118 3214 133 54 geht,
296 3218 98 44 wie
441 3219 108 44 eine
627 3217 170 47 Sonne
874 3219 123 46 über
1075 3219 260 55 grünende
1412 3219 182 46 Eichen-

118 3299 185 53 wipfel.
391 3300 106 46 Von
550 3303 169 44 seinen
773 3301 195 47 Helden
1023 3304 95 45 und
1175 3304 173 45 seinen
1403 3302 220 47 Großen.

116 3412 62 4 —
218 3382 109 47 Von
372 3386 167 44 seiner
583 3384 159 50 Kunst
789 3387 121 45 aber
957 3389 132 51 singt
1136 3400 52 33 er
1232 3418 62 4 —
1338 3386 149 48 nicht.

119 3464 86 48 Ein
258 3468 371 47 wunderbarer
681 3468 175 57 Vogel,
941 3470 88 46 der
1114 3484 98 33 von
1300 3473 88 44 der
1473 3470 114 47 auf-

115 3550 370 53 gehenden
524 3551 342 53 Kaiserkrone
902 3557 132 51 singt
1072 3556 92 44 und
1203 3569 100 31 von
1341 3556 86 44 der
1463 3554 161 52 Kunst

118 3633 132 47 nicht
293 3637 145 51 singt.
515 3634 68 49 So
626 3636 261 47 entschloß
933 3638 103 45 sich
1082 3639 87 45 der
1214 3638 408 50 Auchdeutsche,

117 3718 92 43 den
258 3716 154 55 Vogel
461 3733 59 32 zu
567 3719 165 47 haben
780 3721 96 45 und
924 3735 99 31 von
1073 3722 86 46 der
1204 3721 227 48 kranken
1480 3722 113 45 deut-

116 3799 155 45 schen
316 3800 158 51 Kunst
518 3815 59 33 zu
624 3804 191 53 singen.
892 3803 105 48 Das
1073 3803 141 47 Buch
1294 3806 88 45 des
1459 3804 132 45 Auch-

118 3882 278 48 deutschen
443 3886 64 45 ist
552 3898 57 33 so
657 3887 171 45 dumm
874 3889 98 44 und
1018 3887 246 56 kindisch,
1348 3887 92 46 daß
1523 3887 98 47 ihm

116 3965 160 47 selbst
327 3965 315 54 Rembrandt
693 3970 73 46 als
818 3969 238 47 Erzieher
1111 3971 161 49 nichts
1325 3971 294 54 beibringen

114 4047 205 50 könnte.
398 4050 150 48 Seine
594 4053 389 55 Ausführungen
1032 4055 157 47 sollen
1238 4057 77 45 ein
1363 4054 258 56 Nachtrag

113 4147 60 32 zu
217 4134 112 46 dem
369 4136 288 48 bekannten
697 4136 307 49 Schmarren
1046 4140 296 45 vorstellen.
1413 4138 68 47 So
1524 4140 94 45 leid

115 4233 53 32 es
210 4219 91 44 mir
344 4223 97 44 tut:
501 4233 52 33 es
597 4220 136 48 lohnt
775 4222 105 46 sich
925 4222 148 53 nicht,
1119 4224 170 46 diesen
1333 4224 137 46 Auch
1482 4225 111 45 deut-

112 4301 151 49 schen
315 4304 397 48 vorzunehmen.
825 4305 92 49 Die
966 4307 433 55 achtundsechzig
1446 4307 172 47 Seiten

111 4386 208 45 werden
358 4386 178 48 keinen
573 4387 235 48 Schaden
846 4390 277 55 anrichten,
1163 4392 115 46 weil
1316 4395 70 44 sie
1425 4406 57 33 so
1521 4395 72 44 töt-

110 4467 96 48 lich
249 4471 288 55 langweilig
579 4472 336 55 geschrieben
962 4476 123 52 sind,
1165 4475 93 47 daß
1305 4475 110 47 kein
1459 4475 158 47 Leser

110 4552 124 47 über
271 4555 75 45 die
384 4559 135 43 erste
555 4555 137 50 Seite
728 4556 209 49 kommt.
1004 4559 108 46 Alle
1145 4558 339 58 Banalitäten,
1522 4560 94 45 alle

107 4635 226 48 falschen
370 4638 316 58 Wertungen
723 4643 86 45 der
846 4643 184 46 letzten
1067 4643 126 46 zehn
1233 4643 152 47 Jahre
1423 4644 108 46 sind
1571 4647 44 43 in

112 4720 89 46 das
230 4719 140 48 Buch
403 4723 389 53 aufgenommen
829 4727 230 46 worden.
1124 4726 115 48 Man
1274 4727 114 49 hört
1421 4729 195 45 wieder

110 4817 100 32 von
261 4805 94 47 den
405 4806 309 48 fabelhaften
762 4808 227 58 Preisen,
1071 4813 76 46 die
1197 4813 124 54 „das
1372 4813 242 46 deutsche

107 4886 129 47 Volk
282 4888 77 48 für
405 4888 191 56 Manet,
642 4892 239 49 Daumier
929 4898 97 44 und
1076 4893 240 50 Cezanne
1365 4897 247 46 bezahlt.''

108 4969 102 47 Der
256 4973 160 46 Autor
466 4980 151 43 nennt
665 4980 71 45 sie
786 4980 139 52 gütig
973 4981 315 53 wenigstens
1339 4982 275 54 „ringende

444 5057 146 50 Nicht
635 5062 295 54 unoriginell
979 5065 61 45 ist
1086 5063 257 47 vielleicht
1393 5063 75 48 die
1516 5063 65 47 Be-

107 5137 274 59 hauptung,
462 5141 92 47 daß
633 5146 109 53 „die
790 5144 314 50 Münchener
1151 5147 159 53 Kunst
1361 5149 83 46 auf
1493 5152 121 44 weit

109 5226 257 43 ernsterer
405 5223 290 57 Grundlage
965 5229 105 50 Das
1107 5232 92 46 soll
1239 5245 115 34 zum
1392 5231 218 55 Beispiel

104 5305 107 47 Leo
250 5306 131 47 Putz
424 5310 192 52 zeigen.
690 5310 101 48 Der
832 5313 160 47 Autor
1033 5315 295 48 beschwert
1372 5317 104 46 sich
1519 5317 72 45 fer-

104 5404 89 32 ner
243 5392 123 46 über
416 5393 77 46 die
541 5392 662 65 „Kunstschreiberjugend,
1288 5401 160 47 denen
1535 5403 76 44 die

104 5476 494 48 wissenschaftliche
676 5476 315 59 Vorbildung
1071 5483 135 56 fehlt,
1257 5486 97 45 und
1407 5485 77 47 die
1534 5485 77 46 die

101 5558 264 49 Vertreter
403 5560 401 50 künstlerischer
842 5562 410 54 Gelehrsamkeit
1288 5568 322 48 kurzerhand

512 5644 104 49 Der
661 5647 162 46 Autor
873 5652 196 48 empört
1117 5651 104 46 sich
1270 5652 167 47 ferner
1486 5654 124 46 über

104 5726 95 46 den
244 5726 182 57 Kampf
469 5743 163 42 gegen
681 5731 77 47 die
805 5731 317 49 Akademien
1169 5736 99 45 und
1316 5737 292 55 behauptet,

103 5809 95 48 daß
245 5812 77 47 die
369 5813 198 55 Jugend
616 5814 225 49 dadurch
922 5830 113 32 zum
1081 5817 268 47 Ausdruck
1397 5820 211 55 bringen

98 5896 168 54 wolle,
294 5899 72 45 sie
394 5897 223 49 brauche
647 5900 163 47 nichts
840 5915 61 32 zu
931 5901 189 46 lernen.
1151 5901 102 46 Der
1283 5903 158 46 Autor
1470 5918 107 32 wun-

101 5980 110 47 dert
243 5981 106 46 sich
378 5984 195 46 wieder
608 5985 122 45 über
766 5986 93 46 den
894 5989 194 52 grünen
1118 5985 232 54 Himmel,
1388 5988 75 45 die
1499 5992 109 43 rote

98 6061 175 51 Wiese
311 6067 96 45 und
440 6068 81 45 die
558 6068 183 48 blauen
778 6068 211 50 Bäume.
1059 6067 122 50 Man
1220 6068 194 49 erfährt
1453 6072 155 46 durch

99 6146 96 58 ihn,
244 6148 94 48 daß
386 6152 172 55 „jeder
637 6152 290 49 Schmierer
1007 6157 174 45 seinen
1261 6155 346 54 begeisterten

96 6230 293 56 Propheten
430 6238 100 46 und
565 6236 221 55 baldigst
826 6240 106 44 sein
969 6239 392 53 Kaufpublikum

99 6314 68 47 Im
215 6318 208 54 übrigen
475 6319 156 50 findet
679 6335 68 43 er,
799 6322 93 47 daß
940 6324 121 55 „der
1110 6326 64 45 im
1222 6324 178 48 besten
1453 6322 153 47 Sinne

98 6400 294 49 modernste
786 6405 131 48 Herr
995 6406 238 49 Heinrich
1281 6406 170 57 Ziegel
1529 6409 77 46 ist.

95 6479 67 49 Er
225 6486 236 52 quatscht
524 6488 168 49 ferner
758 6504 103 33 von
929 6492 443 56 „nebeneinander
1422 6505 153 41 ausge-

95 6566 302 54 quetschten
441 6570 360 50 Farbentuben
846 6576 99 47 und
990 6579 196 45 wüster

96 6649 215 59 „Leider
348 6651 85 48 hat
470 6669 95 32 nun
600 6658 127 46 auch
767 6659 78 46 die
880 6658 165 50 Farbe
1084 6676 61 32 an
1183 6661 107 47 sich
1324 6661 152 48 heute
1513 6676 91 40 gar

96 6735 111 47 eine
241 6733 273 60 Betonung
552 6753 302 45 gewonnen,
896 6744 77 46 die
1011 6744 332 48 bedenkliche
1384 6743 219 49 Früchte

391 6819 93 49 Die
526 6821 165 49 Farbe
735 6840 59 32 an
842 6828 121 56 sich,
1010 6830 76 45 die
1134 6829 155 47 durch
1333 6829 268 55 Betonung

92 6903 336 49 bedenkliche
473 6904 218 52 Früchte
735 6912 188 56 zeitigt,
968 6913 131 48 wird
1147 6914 264 46 immerhin
1459 6914 144 47 recht

92 6987 139 50 bunt.
306 6988 199 58 Talent,
554 6995 114 51 sagt
718 6993 88 48 der
851 6995 177 58 Autor,
1076 6996 114 48 darf
1237 6999 76 45 ein
1364 6995 237 55 Künstler

90 7069 309 60 heutzutage
438 7073 137 50 nicht
615 7075 143 48 mehr
797 7077 181 56 haben,
1017 7093 150 34 wenn
1213 7095 53 33 er
1309 7083 89 45 mit
1439 7079 162 54 Recht

3408 2634 401 57 hochgeschätzt
3845 2645 105 47 sein
3990 2650 107 46 soll.
4168 2651 139 56 „Daß
4347 2669 113 33 zum
4501 2657 219 56 Beispiel
4757 2661 154 57 Zügel

3408 2734 56 35 es
3508 2724 127 47 doch
3677 2727 101 56 hat,
3822 2732 61 49 ist
3926 2732 100 48 ihm
4069 2749 90 34 nur
4204 2739 213 59 erlaubt,
4459 2745 115 45 weil
4619 2759 54 33 es
4719 2749 192 53 eigent-

3408 2806 9 45 I
3442 2806 58 46 ch
3535 2808 111 48 kein
3679 2810 181 52 Talent
3888 2818 161 57 mehr,
4084 2822 222 48 sondern
4341 2825 118 47 eher
4496 2827 157 50 Genie
4686 2832 77 52 ist,
4799 2844 113 36 was

3407 2904 60 33 an
3517 2892 96 47 ihm
3659 2899 446 50 unwiderstehlich
4156 2904 246 51 fortreißt.
4485 2910 90 48 Die
4623 2911 142 54 Kraft
4811 2917 99 46 und

3408 2975 76 45 die
3525 2976 283 54 glückliche
3853 2982 399 65 Unfehlbarkeit,
4297 2995 87 45 mit
4427 2995 87 46 der
4560 2997 166 48 dieser
4771 3004 139 44 seine

3404 3056 164 50 Farbe
3614 3062 221 54 hinhaut,
3884 3070 110 45 sind
4045 3071 125 49 eben
4221 3075 121 47 über
4392 3078 89 47 das
4530 3080 147 48 bloße
4728 3082 181 49 Talent

3402 3141 204 50 hinaus!
3707 3147 206 52 Erlaubt
3949 3156 74 51 ist,
4061 3169 112 34 was
4210 3160 111 45 dem
4359 3161 427 52 Auchdeutschen
4821 3180 58 42 ge-

3403 3226 120 48 fällt.
3604 3229 163 49 Wenn
3820 3236 137 48 einer
4007 3239 77 46 die
4136 3240 195 49 Farben
4415 3249 88 46 mit
4585 3247 141 53 Kraft
4807 3252 98 46 und

3398 3311 303 53 glücklicher
3756 3317 385 54 Unfehlbarkeit
4188 3324 219 61 hinhaut,
4455 3329 130 48 kann
4632 3347 114 33 man
4800 3335 104 47 sich

3402 3395 123 46 eben
3566 3398 132 48 nicht
3737 3404 195 52 zügeln,
3970 3407 96 46 und
4106 3408 136 48 stößt
4279 3424 161 42 gegen
4484 3415 73 47 die
4596 3416 159 49 Leute
4797 3433 105 40 aus,

3399 3479 75 46 die
3520 3478 358 55 Farbentuben
3927 3490 83 45 auf
4091 3493 76 46 die
4248 3494 278 51 Leinwand
4606 3503 295 51 Quetschen.

3395 3561 135 47 Aber
3567 3567 124 45 auch
3730 3568 89 50 das
3856 3570 177 49 Hauen
4070 3576 142 47 rächt
4248 3580 119 47 sich.
4435 3582 201 51 „Große
4672 3584 228 59 Talente,

3398 3646 76 45 die
3522 3650 87 46 mit
3657 3650 157 48 ihrem
3864 3654 196 51 Pfunde
4107 3661 120 46 wild
4274 3666 410 50 gewirtschaftet
4734 3668 163 49 haben

3397 3723 136 57 (man
3577 3733 162 47 denke
3781 3751 58 33 an
3882 3738 34 44 E
3939 3739 29 46 b
3992 3754 24 32 e
4038 3741 127 47 rief
4190 3738 51 60 n)
4282 3749 109 45 sind
4436 3749 87 47 der
4563 3751 334 54 allgemeinen

3391 3809 332 63 Mißachtung
3765 3822 89 45 mit
3901 3824 137 47 einer
4084 3825 120 50 Wut
4248 3832 370 55 preisgegeben
4666 3839 228 54 worden,

3393 3898 76 46 die
3518 3900 126 47 doch
4121 3910 74 57 Ja,
4244 3927 29 32 o
4319 3915 434 62 Auchdeutscher,
4800 3923 94 47 -das

3391 3980 194 51 kommt
3631 3999 100 33 von
3784 3990 86 46 der
3917 3992 187 48 wilden
4152 3993 316 55 Wirtschaft.
4548 4001 165 49 Wenn
4763 4003 131 50 Herr

3389 4062 232 52 Eberlein
3662 4072 89 46 mit
3790 4075 165 46 vielen
3998 4080 216 46 tausend
4253 4079 164 51 Pfund
4458 4083 122 54 Gips
4620 4090 97 45 und
4757 4086 104 50 Mar-

3388 4163 109 33 mor
3535 4166 83 32 um
3660 4156 104 45 sich
3807 4158 261 55 schmeißt,
4112 4166 264 52 reagieren
4422 4169 77 46 die
4541 4169 326 51 Beschmisse
4875 4205 19 5 -

3390 4246 93 34 nen
3524 4237 216 48 stärker.
3814 4241 98 46 Um
3953 4244 77 46 die
4071 4245 158 49 Leute
4271 4263 103 33 von
4415 4251 181 51 Talent
4638 4252 256 52 kümmert

3387 4318 104 45 sich
3540 4319 150 50 heute
3737 4323 113 48 kein
3899 4324 215 52 Mensch
4161 4332 157 47 mehr.
4398 4334 159 49 Stuck
4602 4340 132 49 wird
4778 4355 87 33 ver-

3387 4401 185 50 achtet.
3649 4404 263 59 Hingegen
3992 4427 101 33 van
4142 4414 146 57 Gogh
4366 4420 296 50 anerkannt.
4772 4423 119 58 „Ein

3388 4499 98 33 van
3534 4487 160 59 Gogh,
3770 4495 75 44 ein
3890 4508 115 33 zum
4046 4496 105 48 Teil
4197 4503 400 54 unerträglicher
4640 4506 249 58 Künstler,

3386 4568 157 49 findet
3586 4575 325 53 ungeheuren
3955 4578 193 50 Beifall.
4223 4583 111 48 Und
4378 4600 91 41 gar
4514 4590 76 45 ein
4634 4589 255 57 Gauguin!

3388 4652 90 47 Gei
3496 4656 94 46 ade
3623 4659 172 47 solche
3828 4661 120 47 rohe
3983 4663 174 54 Knnst,
4192 4668 75 47 die
4297 4682 91 33 nur
4419 4686 89 34 aus
4540 4671 217 50 Streben
4791 4677 99 46 und

3385 4735 216 61 Wollen,
3644 4756 90 32 nur
3778 4758 90 33 aus
3910 4744 852 65 Nichtszustandebringenkönnen
4808 4760 56 46 be-

3383 4821 148 56 steht,
3578 4838 95 32 am
3718 4828 321 50 liebsten
4088 4848 130 33 von
4265 4835 624 61 Selbstmördern,

3386 4907 61 46 ist
3497 4907 150 49 heute
3698 4913 89 48 das
3836 4912 207 60 Wahre,
4090 4916 387 64 Begeisternde,

3386 4988 116 48 Man
3547 4993 104 47 lese
3695 4995 170 48 diesen
3907 4997 122 49 Satz
4071 5003 99 45 und
4209 5018 116 32 man
4365 5019 250 42 vergesse
4656 5011 93 51 nie,
4796 5009 92 49 daß

3386 5076 74 45 die
3502 5075 259 57 Königlich
3804 5080 361 52 akademische
4205 5085 324 52 Hochschule
4572 5092 86 47 der
4697 5094 164 47 bilden-

3387 5159 93 46 den
3521 5159 191 53 Künste
3751 5178 62 33 zu
3858 5164 167 49 Berlin
4071 5170 166 48 dieses
4278 5170 141 48 Buch
4463 5174 246 56 dringend
4751 5192 103 40 emp-

3387 5241 137 49 fiehlt
3563 5246 98 45 und
3702 5247 111 46 dem
3854 5249 160 49 Autor
4055 5252 138 48 ihren
4231 5256 321 50 besonderen
4591 5258 148 49 Dank
4779 5275 85 34 aus-

3393 5328 206 51 spricht.
3670 5329 66 49 Es
3775 5334 131 47 wird
3944 5335 133 47 wohl
4121 5339 126 45 auch
4288 5340 133 49 nicht
4463 5341 149 49 leicht
4652 5357 244 41 gewesen

3392 5412 121 50 sein,
3559 5414 144 47 einen
3745 5416 162 48 Autor
3951 5433 59 32 zu
4060 5422 298 56 entdecken,
4436 5425 88 47 der
4571 5427 149 49 heute
4766 5429 130 47 noch

3392 5493 76 47 für
3497 5495 168 49 Anton
3696 5512 102 33 von
3831 5499 217 50 Werner
4082 5507 188 46 eintritt
4300 5509 100 46 und
4431 5510 82 45 auf
4543 5511 76 46 die
4651 5510 109 50 Zeit
4789 5511 79 49 hin-

3391 5580 165 52 weist,
3603 5582 76 45 die
3727 5585 129 49 einst
3900 5587 111 45 dem
4055 5587 240 49 Direktor
4342 5592 88 46 der
4472 5593 278 49 Akademie
4797 5595 66 48 Ge-

3392 5666 260 54 nugtuung
3696 5666 77 47 für
3818 5669 94 46 den
3955 5668 145 48 Hohn
4146 5674 98 45 und
4290 5673 149 56 Spott
4485 5679 166 47 seiner
4696 5678 171 57 Zeitge-

3390 5759 190 34 nossen
3619 5750 165 53 geben
3823 5753 145 47 wird.
4041 5753 110 48 Und
4192 5770 110 33 wer
4344 5758 86 49 hat
4471 5759 188 50 Schuld
4700 5778 61 32 an
4808 5765 86 46 der

3388 5842 197 41 ganzen
3620 5831 345 51 Geschichte?
4030 5836 103 50 Der
4168 5839 433 64 Simplizissimus,
4634 5846 88 48 der
4755 5848 138 56 alles,

3391 5914 122 46 aber
3548 5916 127 47 auch
3713 5918 137 56 alles,
3890 5919 243 58 Religion,
4173 5923 144 57 Sitte,
4354 5926 205 57 Gesetz,
4598 5929 161 58 Staat,
4800 5930 64 49 Ge-

3394 5998 274 57 sellschaft,
3707 6000 222 59 Familie,
3971 6003 118 60 Ehe,
4130 6006 301 62 Erziehung,
4474 6012 179 54 Lehre,
4695 6015 202 57 Armee,

3392 6079 265 61 Industrie,
3692 6085 269 49 verhöhnt.

3519 6165 100 57 „So
3664 6171 170 52 wenig
3879 6186 60 32 zu
3985 6173 213 56 leugnen
4248 6179 75 50 ist,
4371 6179 93 47 daß
4513 6181 77 46 die
4636 6181 234 53 Künstler-

3392 6249 164 57 schar,
3635 6253 77 46 die
3759 6254 61 46 da
3865 6256 168 58 wirkt,
4080 6262 231 51 garnicht
4358 6263 159 47 selten
4565 6264 185 49 Perlen
4796 6279 103 35 von

3392 6331 277 51 Schönheit
3713 6340 99 46 und
3854 6339 338 59 Empfindung
4235 6358 59 33 zu
4339 6345 140 56 Tage
4556 6348 208 58 fördert,
4841 6363 58 35 so

3392 6419 170 55 wenig
3603 6420 119 54 liegt
3766 6422 90 49 das
3899 6426 45 45 in
3989 6426 88 47 der
4120 6426 250 57 Richtung
4412 6433 98 45 und
4551 6432 212 49 Absicht
4810 6435 88 47 des

3718 6503 259 52 Natürlich
4018 6511 241 49 entdeckt
4300 6512 86 48 der
4427 6515 160 48 Autor
4629 6516 77 48 die
4747 6515 122 50 Gold-

3392 6582 187 49 körner
3629 6587 81 47 bei
3762 6587 166 51 Herrn
3982 6592 239 50 Wilhelm
4271 6595 199 50 Schulz.
4557 6637 23 17 „
4637 6637 135 11 ...
4827 6614 58 34 so

3392 6668 163 47 haben
3604 6672 173 48 solche
3825 6674 323 51 Goldkörner
4227 6682 89 45 mit
4397 6683 113 46 dem
4563 6684 332 54 eigentlichen

3390 6751 121 48 Sinn
3588 6756 89 47 der
3750 6758 657 62 Simplizissimusrichtung
4447 6767 162 50 nichts
4656 6781 60 33 zu

3390 6835 92 49 Die
3524 6838 166 48 blinde
3734 6840 177 50 Henne
3955 6846 123 48 also.
4154 6846 104 48 Der
4299 6847 325 50 Schlimmste
4669 6863 103 34 von
4819 6851 75 48 die

3387 6919 253 59 Richtung
3678 6925 124 48 aber
3842 6930 63 44 ist
3944 6926 93 59 „O.
4314 6931 254 59 Heinrich,
4607 6934 101 46 ihm
4747 6938 149 51 graut

3391 7018 95 33 vor
3539 7007 99 47 dir!
3719 7008 107 49 Der
3872 7012 394 50 Auchdeutsche
4317 7016 157 49 findet
4522 7015 121 49 Zille
4694 7018 174 57 „absto-

3389 7087 147 61 ßend,
3577 7091 47 51 ja
4047 7094 67 50 Er
4154 7098 232 50 zeichnet
4429 7100 129 48 ohne
4603 7099 291 62 Schönheit,

1717 7027 322 126 Julius
2125 7027 354 108 Pascin
2601 7076 134 56 Das
2779 7076 174 59 Kind
