1631 2540
1372 2282 34 52 5

233 192 153 36 beseitigt
410 193 142 26 werden.
587 193 61 28 Die
664 193 273 38 Intellektuellen,
962 200 54 28 die
1039 202 87 28 alten
1142 203 197 30 Bartonkels
1355 207 68 27 und

232 234 55 27 die
307 235 122 35 jungen
445 233 306 36 Reserveoffiziere,
772 237 116 36 jubeln
910 239 67 28 ihm
1000 251 39 18 zu
1062 245 68 26 und
1153 245 110 28 lassen
1285 248 70 27 sich
1371 248 51 27 für

231 275 57 26 ihn
312 275 123 26 ebenso
457 275 214 34 totschießen,
697 278 61 27 wie
782 279 48 27 sie
852 280 71 28 ihre
948 282 130 29 Brüder
1100 287 100 26 töten.

314 315 43 27 Es
381 315 76 35 liegt
480 316 89 27 nicht
591 317 99 28 allein
711 319 113 34 daran,
849 322 63 27 daß
934 324 59 27 der
1009 325 166 30 Deutsche
1191 329 70 26 und
1276 332 125 26 nament-

229 355 66 28 lich
318 356 61 26 der
400 356 165 35 gebildete
586 357 167 31 Deutsche
776 362 73 28 eine
869 364 163 29 Aversion
1054 373 101 31 gegen
1175 370 111 29 aktive
1303 371 119 28 Politik

229 397 64 26 hat.
339 397 71 26 Daß
442 406 36 19 er
506 399 94 27 blind
630 402 142 35 ergeben
802 404 70 28 sich
904 406 75 27 dem
1002 407 121 30 Willen
1153 411 91 28 eines
1273 422 66 18 von
1362 414 60 28 der

230 439 208 32 Geschichte,
462 439 60 27 der
545 440 119 29 Presse
687 444 68 26 und
779 445 64 27 den
860 446 166 30 Priestern
1050 451 54 26 für
1127 452 104 37 einzig
1254 454 165 30 erklärten

228 480 139 26 Mannes
397 480 192 29 unterwirft.
633 483 71 28 Daß
736 494 36 19 er
802 495 65 19 von
899 489 60 28 der
986 491 120 29 Politik
1136 503 62 19 nur
1229 496 55 28 die
1308 496 109 31 Geste,

228 522 59 26 das
306 520 119 28 Geschi
435 522 38 31 ei,
499 522 64 27 den
581 524 157 29 Brustton
762 527 59 28 der
836 522 237 48 Überzeugung
1097 536 124 28 erlernt
1241 538 68 27 und
1329 539 89 28 nicht

227 562 65 27 den
322 564 273 35 ursprünglichen
621 565 92 29 Geist
741 569 61 27 der
823 573 243 33 gemeinsamen
1089 576 63 28 Not
1175 579 82 27 aller
1281 579 137 29 Glieder

226 603 109 27 seines
353 602 132 30 Volkes.
523 606 66 27 Der
609 607 167 30 Deutsche
800 611 99 28 denkt
922 614 33 26 in
971 615 135 29 Kasten.
1143 618 45 27 Er
1207 620 101 29 kennt
1327 621 91 28 nicht

226 644 64 28 den
323 644 126 36 Begriff
482 646 94 28 Volk.
622 648 46 27 Er
701 651 85 28 fühlt
819 653 185 37 doktrinär;
1038 666 97 20 wenn
1168 669 36 18 er
1237 664 70 33 sagt
1346 663 71 32 „die

224 686 172 27 Arbeiter“
433 695 36 19 so
503 689 84 27 sieht
620 699 35 18 er
684 701 62 18 nur
775 693 65 29 den
863 696 101 28 Mann
995 708 42 18 an
1061 700 60 28 der
1143 701 181 30 Maschine,
1346 684 70 48 ”Er

224 727 84 26 sieht
330 727 90 27 nicht
441 729 64 28 den
522 731 130 36 Armen,
676 734 91 28 nicht
789 736 64 27 den
869 736 244 38 Entrechteten,
1137 750 61 20 vor
1212 745 97 27 allem
1325 747 91 27 nicht

222 768 65 27 den
324 777 64 18 von
426 769 61 28 der
523 771 102 28 Natur
662 774 67 28 ihm
766 780 217 27 verwandten
1022 781 282 39 Volksgenossen,
1350 788 65 28 den

223 809 197 28 Deutschen.
465 813 67 27 Der
555 814 174 37 Ingenieur
750 818 102 29 kennt
874 829 63 18 nur
960 823 64 26 den
1047 823 182 37 Ingenieur,
1255 828 60 27 der
1337 829 79 28 Arzt

221 859 62 18 nur
314 851 65 27 den
402 852 80 29 Arzt
515 855 69 27 und
612 856 77 36 jede
712 858 104 29 Kaste
847 861 89 28 kann
958 864 183 35 beweisen,
1174 868 65 27 daß
1264 870 71 27 dies
1360 871 53 28 die

342 901 36 33 T*
382 893 66 27 cbd
450 900 22 41 g,
473 904 16 19 e
511 897 69 27 und
603 898 75 27 dem
703 901 189 30 Deutschen
916 905 169 36 adäquate
1108 908 222 37 Anschauung
1355 912 59 28 der

221 934 208 28 Menschheit
465 936 51 28 ist.
576 938 79 28 Man
692 941 85 28 wird
814 944 52 27 bei
906 947 106 27 einem
1050 948 190 30 Deutschen
1276 952 34 27 in
1348 954 64 27 den

221 975 178 29 seltensten
422 976 116 30 Fällen
566 980 65 27 den
653 982 292 32 allmenschlichen
969 988 94 28 Blick
1085 990 126 34 finden,
1244 994 59 27 der
1326 996 85 27 ohne

221 1015 276 31 Sentimentalität
513 1021 80 27 aber
609 1023 57 26 mit
683 1024 106 28 einem
807 1030 273 35 ursprünglichen
1098 1031 119 29 Gefühl
1234 1035 59 28 der
1310 1035 101 30 Liebe

218 1058 63 26 alle
298 1058 183 29 Menschen
503 1061 34 27 in
561 1063 122 28 seinem
701 1065 115 30 Lande
839 1070 69 27 läßt
932 1072 80 36 selig
1028 1074 145 27 werden.
1209 1075 77 28 Sein
1304 1077 90 34 eigen-

219 1105 106 30 smmg
348 1100 55 27 auf
426 1102 61 27 das
505 1103 91 30 Nahe
619 1106 197 35 gerichteter
835 1110 94 28 Blick
951 1113 42 27 ist
1012 1114 199 38 kurzsichtig
1230 1121 179 32 geworden

217 1141 69 25 und
316 1149 133 30 vermag
478 1145 89 28 nicht
590 1148 92 26 mehr
703 1150 102 28 außer
826 1152 34 26 in
883 1153 166 36 Begriffen
1072 1157 62 28 wie
1158 1157 242 31 Weltliteratur

217 1180 289 38 Universalismus,
531 1186 137 35 Goethe,
693 1190 97 34 Kant,
817 1194 54 26 die
895 1204 35 18 er
953 1204 39 19 zu
1016 1197 113 28 seinen
1151 1198 149 30 Gunsten
1323 1203 86 27 nach

218 1224 58 25 der
296 1226 186 36 jeweiligen
497 1227 87 37 Lage
600 1232 207 33 pervertiert,
833 1235 183 36 Komplexe
1032 1247 39 18 zu
1088 1248 215 27 umspannen.
1338 1243 71 28 Wir

216 1265 147 27 erlebten
387 1275 48 25 es,
471 1268 64 28 daß
559 1270 33 27 in
614 1271 130 29 keinem
766 1274 115 30 Lande
905 1277 60 28 der
989 1278 88 29 Welt
1100 1281 54 27 die
1177 1282 148 30 Priester
1349 1286 60 27 der

216 1307 147 28 Kirchen
394 1308 112 28 derart
529 1319 39 18 zu
593 1312 146 29 Greueln
762 1317 68 27 und
853 1317 217 31 Annexionen
1092 1323 49 26 als
1165 1332 65 19 von
1255 1325 79 29 Gott
1356 1332 35 28 ge-

215 1347 133 28 wollten
363 1349 350 39 Bekehrungswerken
734 1357 60 27 der
809 1359 233 36 Kämpfenden
1057 1362 133 30 hetzten
1206 1366 63 28 wie
1285 1369 122 32 gerade

214 1395 33 19 m
272 1389 234 32 Deutschland.
551 1394 37 27 In
617 1396 130 28 keinem
770 1399 115 29 Lande
914 1402 62 27 der
998 1403 90 29 Welt
1117 1407 134 28 mußten
1274 1409 61 27 wir
1358 1418 33 19 er-

214 1430 96 27 leben
343 1433 103 27 außer
478 1434 33 27 in
544 1435 241 39 Deutschland,
821 1442 64 27 daß
919 1444 54 28 die
1005 1444 178 39 Anhänger
1216 1449 60 28 der
1304 1450 85 28 Inter-

214 1473 168 27 nationale
405 1480 103 31 gegen
530 1477 72 28 ihre
624 1479 129 29 Brüder
784 1482 113 29 derart
927 1485 125 29 sinnlos
1083 1489 68 26 und
1174 1489 231 31 heuchlerisch

214 1512 181 30 arbeiteten
426 1517 69 26 und
521 1518 105 37 logen.
671 1521 45 28 Es
740 1523 42 27 ist
804 1522 179 37 Tatsache,
1014 1528 66 28 daß
1104 1529 66 29 fast
1193 1531 64 28 den
1280 1539 124 29 ganzen

213 1556 100 34 Krieg
343 1557 84 27 über
457 1559 55 28 die
537 1560 235 32 „Sozialisten“
805 1566 55 28 die
893 1568 162 29 stärksten
1078 1569 127 38 Träger
1233 1573 59 29 des
1317 1575 70 32 Sieg-

212 1594 144 30 friedens
383 1600 69 26 und
473 1600 244 32 Durchhaltens
741 1615 125 26 waren,
899 1609 63 28 daß
989 1611 48 27 sie
1056 1612 101 36 jeden
1180 1613 111 29 Streik
1313 1616 90 28 ihrer

213 1639 184 33 Genossen,
430 1649 65 20 von
530 1643 101 29 deren
656 1645 174 31 Groschen
863 1650 48 27 sie
949 1651 86 28 doch
1068 1653 125 35 lebten,
1228 1658 174 28 verrieten.

211 1680 72 23 Daß
306 1682 121 32 gerade
450 1683 47 27 sie
515 1684 53 28 die
586 1685 171 31 Wahrheit
773 1692 199 34 entstellten,
997 1694 133 28 obwohl
1147 1696 48 28 sie
1210 1698 47 27 sie
1273 1699 129 29 kennen

210 1722 145 32 mußten,
388 1723 65 28 daß
483 1728 122 33 gerade
629 1729 62 32 sie,
723 1730 55 28 die
801 1740 119 20 unsere
943 1734 64 28 Not
1030 1737 69 27 und
1122 1735 127 31 Trauer
1271 1740 130 29 kennen

211 1763 145 32 mußten,
388 1773 34 19 es
446 1774 177 30 vorzogen,
656 1770 53 28 die
732 1771 123 29 Diener
878 1775 60 27 der
960 1775 129 29 Herren
1111 1787 40 19 zu
1174 1780 134 28 bleiben
1331 1783 69 27 und

210 1808 60 18 Uns
377 1805 131 30 dumme
512 1829 5 12 >
542 1810 83 36 ewig
643 1812 134 36 gleiche,
802 1815 83 36 ewig
904 1816 146 37 gefügige
1068 1818 88 29 Volk
1170 1829 41 19 zu
1228 1822 171 36 düpieren.

299 1846 65 25 Wir
385 1855 112 21 waren
520 1851 92 28 nicht
635 1855 90 31 wert,
749 1855 54 28 die
828 1856 86 30 hohe
935 1858 159 30 Weisheit
1117 1861 89 29 eines
1231 1863 168 31 Ministers

210 1883 164 34 begreifen
396 1896 40 19 zu
460 1890 125 29 dürfen.
617 1893 61 29 Die
701 1896 126 35 gleiche
850 1900 147 33 gemeine
1020 1902 69 27 und
1104 1902 133 30 dumme
1253 1905 146 38 Haltung

229 1964 5 5 •
325 1967 31 15 a-
412 1928 52 47 y°
467 1931 49 28 lks
518 1938 19 30 g
540 1942 142 21 enossen
704 1938 128 37 bewegt
857 1940 91 28 diese
964 1940 102 30 Leute
1089 1943 54 29 die
1160 1945 79 36 jetzt
1255 1947 146 29 obenauf

209 1970 83 27 sind,
325 1970 53 24 die
408 1978 129 23 eiserne
561 1975 131 31 Kreuze
724 1980 168 28 verleihen
923 1983 69 27 und
1015 1983 187 31 Blutbäder
1224 1989 174 29 anrichten

207 2011 109 22 “
349 2011 94 26 UntCr
476 2013 65 29 den
571 2016 161 31 Rebellen
764 2027 102 31 gegen
900 2023 54 28 die
990 2034 66 19 von
1087 2026 80 29 Gott
1190 2028 102 29 Ebert
1329 2032 68 27 und

208 2048 241 31 Scheidemann
473 2058 150 32 gewollte
647 2059 167 40 Ordnung,
840 2064 53 27 die
918 2065 70 28 sich
1010 2076 63 19 nur
1095 2069 105 28 durch
1223 2071 65 27 den
1304 2072 94 28 Grad

207 2128 27 21 O
255 2130 18 19 h
384 2100 27 19 ei
411 2102 30 47 ?
442 2103 19 18 n
494 2096 26 46 ?
523 2097 127 31 lodheit
686 2103 69 28 und
788 2104 231 32 Niedertracht
1054 2117 66 20 von
1153 2111 60 27 der
1242 2112 155 30 früheren

491 2145 34 28 ja
548 2142 85 26 auch
657 2143 54 28 die
736 2144 233 38 Organisation
993 2149 57 29 des
1076 2150 216 40 Weltkrieges
1316 2164 78 24 war.

205 2173 247 30 unterscheidet
504 2178 164 32 Niemand
699 2185 60 28 der
789 2188 70 27 sich
883 2198 59 19 aus
966 2190 59 29 der
1048 2192 117 38 Menge
1189 2196 115 28 erhebt
1327 2197 69 28 und

298 2213 86 28 Herz
406 2218 103 28 reden
531 2220 77 30 laßt.
640 2224 99 31 Diese
763 2230 235 30 entsetzlichen
1021 2232 116 31 Reden
1160 2244 66 20 von
1249 2237 148 29 Weimar
