3698 5242
3392 5132 56 44 99

246 93 169 61 Stahl
466 96 274 57 verweht

244 187 242 73 Fliegen
525 193 210 52 weitet
779 188 206 71 Bogen
1025 184 223 61 Riesen

243 279 232 59 Reißen
510 278 192 58 Netze

243 371 224 60 Riesen
506 372 407 58 übertaumelt

247 464 234 60 Sausen
516 468 82 55 irr

247 556 244 61 Gleiten
533 556 208 59 Starre

248 649 173 60 Sturz
462 649 345 60 zerschrien

246 1173 191 91 Die
503 1168 463 95 Zwiebel

248 1307 186 64 Kurt
475 1307 450 64 Schwitters

247 1420 76 57 Es
377 1441 126 36 war
565 1422 96 54 ein
713 1416 138 58 sehr
905 1410 578 76 begebenwürdiger
1535 1408 142 72 Tag,
1735 1427 73 38 an

243 1513 136 57 dem
415 1513 99 57 ich
549 1508 417 75 geschlachtet
998 1504 250 60 werden
1287 1503 193 58 sollte.
1524 1500 278 72 (Fürchte

244 1605 138 58 dich
416 1603 186 70 nicht,
644 1602 216 73 glaube
899 1600 157 70 nur!)
1137 1598 122 56 Der
1300 1597 195 70 König
1535 1617 126 35 war
1699 1594 70 56 be-

243 1703 132 66 reit,
426 1696 94 59 die
566 1694 224 60 beiden
838 1691 437 60 Sekundanten
1318 1695 317 54 warteten.
1684 1686 122 55 Der

243 1789 358 58 Schlächter
636 1808 126 37 war
805 1787 101 57 auf
943 1783 141 59 halb
1125 1782 210 59 sieben
1371 1780 126 57 Uhr
1534 1775 266 68 bestellt;

244 1904 64 36 es
354 1903 127 36 war
526 1885 97 53 ein
666 1879 234 57 Viertel
947 1877 98 58 auf
1093 1874 211 58 sieben
1348 1872 143 67 Uhr,
1542 1868 122 59 und
1707 1868 96 57 ich

244 1974 190 59 selbst
496 1973 255 58 ordnete
816 1971 98 57 die
971 1973 244 68 nötigen
1281 1966 524 68 Vorbereitungen

243 2089 92 36 an.
410 2065 132 58 Wir
578 2066 213 56 hatten
829 2068 132 54 eine
1000 2065 340 68 geräumige
1381 2056 171 58 Diele
1593 2067 175 60 ausge-

244 2158 203 69 wählt,
498 2180 68 36 so
613 2157 114 58 daß
772 2157 156 58 viele
974 2155 343 56 Zuschauer
1364 2151 261 71 bequem
1671 2146 107 59 teil-

239 2252 262 58 nehmen
534 2250 290 58 konnten,
862 2245 313 74 Telephon
1211 2267 126 36 war
1374 2249 60 53 in
1474 2244 105 56 der
1614 2242 185 58 Nähe.

243 2344 122 58 Der
399 2343 154 57 Arzt
588 2342 245 57 wohnte
871 2345 78 53 im
987 2338 473 59 Nachbarhause
1502 2337 122 57 und
1658 2332 145 61 hielt

247 2437 125 57 sich
423 2436 199 58 bereit
669 2434 93 57 für
815 2432 116 60 den
981 2430 146 69 Fall,
1182 2430 116 57 daß
1351 2450 120 36 von
1519 2427 117 58 den
1694 2426 73 56 Zu-

244 2529 298 58 schauern
586 2525 242 74 jemand
878 2525 381 69 ohnmächtig
1309 2521 247 60 werden
1608 2520 192 58 sollte.

247 2620 365 73 (Andenken
657 2641 77 36 an
780 2618 97 61 die
923 2617 483 69 Konfirmation.)
1494 2614 163 56 Zwei
1707 2624 66 60 ge-

242 2713 244 72 waltige
573 2712 449 72 Flaschenzüge
1113 2710 218 71 hingen
1423 2715 176 51 unter
1698 2706 104 57 der

239 2806 229 68 Decke,
506 2828 99 36 um
635 2805 165 58 mich
832 2802 494 70 hochzuwinden,
1364 2802 134 62 falls
1534 2803 95 56 ich
1667 2823 101 35 aus-

242 2911 357 60 genommen
685 2897 252 59 werden
1027 2895 195 60 sollte,
1359 2895 144 57 Vier
1595 2892 206 59 starke

240 2990 279 59 Knechte
593 2989 260 59 standen
919 2989 92 57 für
1082 2986 548 71 Handreichungen
1700 3006 103 35 zur

242 3083 362 72 Verfügung,
653 3080 333 74 ehemalige
1034 3079 301 59 russische
1383 3077 385 72 Kriegsgefan-

239 3188 169 61 gene,
448 3176 218 68 breite,
709 3175 298 73 knochige
1052 3172 340 60 Gestalten.
1436 3169 366 75 (Zeitschrift

240 3269 93 57 für
381 3268 194 58 Haus-
626 3267 123 59 und
798 3265 450 72 Grundbesitz,)
1333 3264 161 57 Zwei
1545 3263 258 59 saubere

241 3361 223 73 Mägde
517 3383 207 37 waren
773 3360 155 58 auch
978 3381 105 36 zur
1136 3357 207 70 Stelle,
1393 3355 408 59 blitzsaubere

243 3454 244 59 Dirnen,
591 3453 80 58 Es
718 3473 127 38 war
912 3457 110 53 mir
1075 3456 96 52 ein
1222 3448 403 74 angenehmer
1677 3445 93 66 Gef-

241 3547 217 71 danke,
502 3546 116 58 daß
663 3545 167 58 diese
876 3544 225 59 beiden
1141 3542 312 60 hübschen
1497 3540 305 57 Mädchen

241 3644 160 54 mein
448 3637 139 59 Blut
636 3637 236 73 quirlen
919 3636 121 59 und
1088 3640 194 53 meine
1333 3640 252 53 inneren
1634 3631 167 59 Teile

240 3732 285 58 waschen
565 3730 124 60 und
727 3732 353 58 zubereiten
1120 3729 236 64 sollten.

238 3855 110 58 Die
386 3854 174 63 Diele
596 3878 128 35 war
765 3856 221 58 sauber
1025 3853 201 73 gefegt
1261 3851 124 59 und
1422 3850 374 73 gewaschen,

238 3949 165 58 Zwei
470 3947 175 74 lange
712 3945 560 75 weißgescheuerte
1342 3942 216 59 Tische
1629 3942 170 58 hatte

240 4042 95 57 ich
388 4064 76 35 an
518 4041 97 58 die
671 4044 134 55 eine
861 4037 389 60 Seitenwand
1307 4034 217 60 stellen
1576 4033 220 66 lassen;

240 4134 213 58 darauf
497 4132 260 61 standen
801 4132 220 58 etliche
1072 4129 275 69 Schalen,
1394 4127 241 60 Messer
1683 4126 118 59 und

239 4225 256 60 Gabeln,
586 4225 105 58 Ich
742 4223 118 60 ließ
917 4229 147 69 jetzt
1117 4221 221 74 gerade
1397 4225 98 55 ein
1547 4218 211 60 Wasch-

239 4318 282 73 geschirr,
554 4318 250 58 Wasser
834 4316 123 60 und
986 4314 325 59 Handtuch
1341 4314 267 70 bringen,
1646 4316 154 54 auch

238 4417 188 54 etwas
463 4410 163 59 Seife
663 4408 337 74 (Sunlight.)
1074 4408 180 57 Anna
1286 4406 120 59 und
1440 4406 226 68 Emma,
1703 4404 94 58 die

238 4503 221 59 beiden
509 4502 243 73 Mägde,
820 4500 296 60 brachten
1184 4504 177 53 einen
1412 4497 197 58 Kübel
1677 4495 122 59 und

239 4600 176 53 einen
455 4594 188 66 Quirl
726 4594 81 58 Es
846 4600 79 55 ist
966 4592 153 59 doch
1165 4596 96 55 ein
1304 4588 494 75 eigentümliches

239 4688 239 71 Gefühl,
547 4710 178 36 wenn
790 4710 138 35 man
997 4690 60 55 in
1127 4686 154 58 zehn
1351 4684 279 60 Minuten
1699 4696 67 60 ge-

238 4780 339 59 schlachtet
609 4779 250 61 werden
892 4778 130 61 solL
1100 4778 132 73 (Die
1270 4777 192 73 Opfer
1496 4778 106 57 der
1637 4775 121 59 Mut-

238 4873 335 71 terschaft.)
657 4872 102 59 Ich
802 4895 131 37 war
971 4871 235 72 bislang
1254 4875 58 53 in
1355 4872 256 55 meinem
1658 4880 105 60 gan-

238 4989 110 36 zen
399 4966 204 57 Leben
646 4966 159 56 noch
853 4966 163 56 nicht
1068 4962 415 73 geschlachtet
1532 4962 263 57 worden,

1898 84 169 65 Dazu
2101 90 138 58 muß
2273 108 135 40 man
2445 87 111 63 reif
2589 91 146 59 sein,
2772 91 93 70 Ja,
2901 91 338 74 überhaupt
3278 112 175 39 wenn

1900 183 95 58 die
2042 181 344 59 Kartoffeln
2447 191 124 51 erst
2635 204 138 37 raus
2839 190 259 62 müssen,
3160 184 123 58 und
3348 184 106 59 der

1895 274 187 59 Hafer
2118 275 76 58 ab
2221 280 99 64 ist,
2358 274 158 59 dann
2551 275 180 60 wirds
2769 274 287 59 schlecht.
3090 274 129 58 Wir
3250 276 201 57 haben

1898 366 341 73 überhaupt
2279 367 157 58 noch
2480 366 221 59 keinen
2744 367 253 57 rechten
3039 366 273 58 Sommer
3356 378 64 60 ge-

1899 459 163 57 habt,
2151 459 163 58 Zehn
2364 458 279 59 Minuten
2691 458 245 59 können
2987 458 139 57 sehr
3175 455 135 74 lang
3363 479 60 36 er-

1900 551 303 58 scheinen,
2290 549 278 74 (Glaube,
2614 551 186 58 Liebe
2846 549 344 72 Hoffnung,)
3242 548 212 72 (Enten

1899 649 226 65 gänsen
2157 643 99 58 auf
2291 642 106 58 der
2429 643 247 71 Wiese,)
2748 642 79 59 Es
2859 664 125 37 war
3018 640 149 59 alles
3197 641 92 59 bis
3324 640 130 58 aufs

1898 735 261 58 kleinste
2195 735 390 62 vorbereitet.

1899 826 91 59 Da
2019 827 140 57 kam
2192 826 152 59 auch
2379 828 189 57 schon
2601 827 95 58 die
2729 826 355 58 Prinzessin.
3155 825 97 57 Sie
3286 825 167 56 hatte

1900 924 95 52 ein
2039 919 237 69 kurzes,
2325 919 226 59 weißes
2597 918 332 57 Röckchen
2977 939 91 47 an,
3120 920 96 56 ein
3261 919 193 66 wenig

1899 1012 182 57 kraus
2113 1023 304 60 gesessen,
2452 1011 145 58 aber
2633 1035 63 38 es
2729 1009 177 59 stand
2938 1010 89 58 ihr
3062 1007 219 73 gerade
3317 1007 137 57 sehr

1900 1107 281 68 anmutig.
2262 1103 122 57 Der
2445 1101 346 59 Kirchturm
2854 1106 77 52 ist
2992 1100 261 58 nämlich
3316 1098 138 58 sehr

1900 1194 154 61 steil.
2129 1193 367 70 Lenzesflur,
2535 1200 59 55 in
2630 1192 441 58 Freundschaft
3114 1189 337 75 gewidmet,

1898 1286 189 73 Hüpft
2175 1286 328 73 strampeln
2589 1283 470 74 Königstochter
3148 1282 306 58 Beinchen

1899 1379 262 59 zierlich.
2253 1377 103 58 Ich
2408 1377 156 59 liebe
2622 1378 164 58 diese
2861 1376 325 57 zierlichen
3243 1381 175 51 stram-

1895 1470 143 72 peln
2117 1467 964 76 Hüpfekönigstochterbeinchen
3162 1466 291 57 Schwanz

1898 1562 227 58 wedelt
2159 1583 176 37 saure
2376 1561 217 60 Sahne,
2670 1560 99 58 Sie
2806 1559 203 58 stellte
3047 1559 124 57 sich
3209 1557 210 57 Tinten-

1899 1653 123 74 glas
2093 1676 109 36 vor
2270 1659 110 52 mir
2447 1653 121 58 und
2617 1653 192 71 fragte
2861 1651 387 72 glockenrein
3297 1647 156 57 weiß

1899 1746 248 73 Spitzen
2183 1746 240 58 sauber:
2468 1744 243 70 „Sollen
2747 1743 97 61 Sie
2883 1743 183 57 heute
3106 1738 313 75 geschlach-

1899 1846 88 50 tet
2426 1836 154 58 Heiß
2623 1835 231 59 fischen
2893 1834 237 56 Messer
3170 1831 284 59 schießen

1898 1929 155 59 Blut,
2143 1929 102 58 Ich
2297 1928 216 58 senkte
2567 1949 270 52 purpurn
2885 1925 218 72 Augen
3155 1924 122 57 und
3326 1942 128 37 war

1897 2043 119 36 von
2051 2022 189 56 ihrem
2277 2019 205 59 Gruße
2520 2019 302 73 beglückt.
2904 2016 169 70 „Wie
3111 2014 187 59 schön
3335 2014 118 57 bist

1898 2112 110 68 Du,
2073 2111 189 59 Aives
2330 2110 356 69 Bäsenstiel,
2756 2114 95 53 ein
2901 2107 255 60 schöner

1900 2211 167 65 sagte
2138 2209 84 53 sie
2294 2211 94 50 rot
2456 2203 229 73 Lippen
2752 2200 170 58 Ader
2990 2198 240 58 kochen
3296 2195 156 70 Blut,

1898 2294 334 73 glückliche
2305 2294 205 57 Reise!
2616 2293 174 57 Keck
2861 2289 337 76 spitzfaden
3269 2288 182 57 Nase:

1900 2389 137 68 „Ich
2078 2387 208 72 bringe
2331 2387 107 57 Dir
2482 2386 119 58 den
2640 2384 229 59 letzten
2910 2382 167 58 Gruß
3123 2382 106 56 der
3271 2378 179 59 Welt,

1898 2480 212 57 Nonne
2165 2478 173 59 sollst
2393 2477 96 58 Du
2540 2476 267 59 werden!
2903 2474 185 72 (Mein
3144 2471 166 58 Haus
3367 2475 86 53 sei

1898 2572 190 57 Deine
2141 2570 204 73 Welt.)
2441 2570 211 71 (Leder
2730 2568 153 57 ohne
2950 2564 182 72 Kopf)
3226 2561 190 73 (Walk-

1897 2664 167 58 leder
2104 2663 157 58 nach
2304 2661 375 71 Nabelmaß.)
2764 2659 98 57 Sie
2905 2658 200 57 haben
3151 2677 62 35 es
3258 2654 195 59 sicher

1898 2756 164 58 diese
2104 2756 159 71 Lage
2305 2753 173 59 recht
2518 2753 153 71 eilig,
2713 2773 98 36 um
2854 2749 147 59 alles
3041 2746 411 60 einzurichten

1898 2848 99 58 auf
2032 2847 210 59 diesen
2279 2853 245 51 ernsten
2555 2844 142 72 Tag.
2771 2841 233 73 (Friede
3043 2844 87 58 sei
3165 2842 106 54 mit
3305 2839 145 69 Dir,)

1894 2939 135 61 Wie
2070 2938 131 57 sind
2237 2937 99 58 Sie
2375 2960 65 36 so
2480 2934 229 61 schnell
2744 2933 112 59 reif
2895 2930 343 75 geworden,
3276 2930 140 58 über-

1895 3030 133 58 reif!
2104 3029 136 59 Wie
2277 3029 245 59 können
2559 3028 100 58 Sie
2695 3025 234 71 freudig
2970 3023 100 59 auf
3109 3022 132 57 Ihre
3280 3021 170 57 Reife

1895 3122 264 57 blicken!
2242 3121 182 71 Möge
2466 3124 87 53 sie
2593 3118 186 58 Ihnen
2816 3138 113 37 nur
2966 3120 215 53 immer
3217 3112 233 59 Freude

1894 3213 298 58 bereiten!
2231 3212 134 59 Wie
2404 3211 204 68 schön,
2646 3210 114 57 daß
2797 3209 126 56 sich
2960 3207 106 58 das
3100 3205 239 58 Wetter
3378 3225 73 37 an

1896 3306 193 56 Ihrem
2132 3304 427 72 Schlachttage
2603 3301 143 69 hält,
2793 3300 113 58 daß
2949 3298 106 58 der
3098 3295 353 60 Schlächter

1894 3419 109 51 per
2042 3396 133 58 Rad
2214 3418 73 35 zu
2325 3395 187 58 Ihnen
2552 3394 210 59 fahren
3061 3388 172 73 (Echt
3274 3388 141 56 Brüs-

1894 3489 157 58 seler
2082 3488 415 70 Handarbeit.)
2534 3484 250 60 Gesund
2814 3505 72 36 zu
2917 3486 128 55 sein
3076 3486 77 53 ist
3185 3479 269 57 Glückes

1895 3580 214 59 Gunst.
2191 3579 338 70 „Erlauben
2570 3578 118 68 Sie,
2728 3575 427 66 Prinzeßchen,
3198 3572 115 58 daß
3356 3572 94 58 ich

1895 3674 156 57 eben
2085 3670 436 76 telephoniere.
2589 3669 77 58 Es
2701 3674 76 53 ist
2807 3668 227 58 bereits
3068 3663 141 60 halb
3243 3663 208 58 sieben

1894 3765 144 70 Uhr,
2082 3764 121 58 und
2245 3763 108 58 der
2394 3762 356 59 Schlächter
2793 3764 75 53 ist
2908 3757 161 60 noch
3109 3757 166 58 nicht
3319 3755 128 68 da.„

1896 3856 235 69 „Hallo!
2201 3856 146 58 Sind
2380 3855 97 59 Sie
2513 3854 105 58 der
2651 3851 355 59 Schlächter
3040 3847 226 62 selbst?
3339 3845 112 61 Die

1894 3949 343 58 Zuschauer
2285 3946 247 59 werden
2580 3942 378 74 ungeduldig,
3004 3961 231 37 warum
3280 3939 128 57 kom-

1894 4063 138 36 men
2075 4040 98 59 Sie
2547 4038 157 72 (Von
2742 4056 121 38 nun
2906 4056 75 36 an
3019 4033 96 57 bis
3156 4036 62 53 in
3258 4030 155 71 Ewig-

1893 4132 173 72 keit!)
2111 4132 344 72 „Beginnen
2493 4128 99 59 Sie
2632 4149 112 38 nur
2784 4127 95 58 die
2920 4121 530 61 Feierlichkeiten!

1894 4225 243 58 Soeben
2179 4223 155 58 habe
2383 4222 96 58 ich
2522 4226 196 53 meine
2761 4218 345 58 Schwester
3150 4214 86 59 als
3281 4213 126 58 Wet-

1894 4316 252 59 terhahn
2210 4315 100 58 auf
2374 4313 117 59 den
2548 4313 345 57 Kirchturm
2955 4309 291 74 gespießt.
3326 4309 121 56 Der

1891 4408 345 58 Kirchturm
2300 4411 76 53 ist
2442 4403 264 60 nämlich
2753 4404 139 58 sehr
2938 4403 137 58 steil
3123 4401 123 59 und
3294 4400 155 58 oben

1894 4499 259 59 stachelt
2192 4498 177 59 Fisch
2408 4502 57 53 in
2506 4497 106 59 der
2653 4493 415 60 Peitscheluft.
3109 4493 122 57 Der
3269 4491 150 58 Blitz-

1893 4591 255 60 ableiter
2187 4613 126 36 war
2356 4590 140 59 sehr
2535 4595 307 53 verrostet
2880 4586 121 60 und
3040 4584 204 59 wollte
3283 4582 167 58 nicht

1892 4685 172 57 recht
2132 4682 188 59 durch
2388 4682 117 58 den
2570 4681 207 59 Bauch
2827 4683 227 57 meiner
3106 4676 343 58 Schwester

1892 4776 265 74 spießen.
2244 4775 173 57 Doch
2465 4773 186 59 blank
2700 4770 260 59 stachelt
3005 4767 177 58 Fisch
3231 4772 58 53 in
3342 4765 106 59 der

1890 4866 481 60 Peitschestank,
2453 4866 310 71 Beginnen
2826 4861 99 58 Sie
2988 4881 111 36 nur
3159 4863 106 53 mit
3333 4857 114 58 den
