3698 5242
303 5117 90 50 100

293 121 101 65 Ich
434 121 115 65 ließ
594 132 112 55 den
748 126 190 77 König
982 121 186 67 rufen,
1214 123 336 78 ~Majestät,
1592 132 92 58 ich
1728 129 66 58 be-

293 216 158 61 fehle
493 218 164 60 Euch
700 226 193 55 meine
938 221 219 58 schöne
1200 220 259 61 Gestalt!
1541 220 288 60 Befehlen

292 308 154 61 Eure
485 309 286 74 Majestät
811 313 149 62 über
999 316 237 54 meinen
1698 311 129 73 (Die

292 401 530 74 sechsgespalteno
899 402 497 61 Millimeterzeile
1477 404 205 58 kostet
1758 404 71 54 20

296 490 283 75 Pfennig.)
689 493 121 59 Der
903 495 191 73 Knöig
1182 495 246 58 winkte,
1544 493 282 73 (Fortuna

293 582 557 74 Schärfmaschine,)
934 586 109 59 Die
1112 586 217 59 beiden
1400 585 429 60 Sekundanten

292 679 58 51 in
381 676 365 58 schwarzem
781 676 284 59 Gehrock
1099 678 120 58 und
1253 679 342 56 schwarzen
1628 676 159 59 Hand-

294 766 279 70 schuhen,
609 767 275 72 Zylinder
920 769 119 57 und
1072 769 334 58 schwarzer
1440 767 188 59 Binde
1666 766 135 61 stell-

294 863 103 50 ten
463 858 123 57 sich
649 880 104 36 zur
823 857 165 60 Seite
1054 860 105 56 des
1226 859 224 73 Königs
1518 859 115 57 auf.
1721 858 107 58 Ein

293 947 336 59 schwarzer
668 949 177 59 Hund
881 949 118 75 flog
1037 971 149 50 quer
1223 949 342 59 krächzend
1602 949 222 59 vorbei,

294 1037 120 59 Der
453 1038 190 74 König
683 1042 223 56 winkte
947 1042 240 58 wieder.
1265 1042 109 57 Die
1413 1045 127 55 vier
1578 1041 247 66 Russen,

294 1128 175 59 Anna
536 1131 118 58 und
700 1131 206 59 Emma
974 1132 279 59 machten
1321 1132 125 58 sich
1496 1132 193 58 bereit
1738 1132 90 57 für

294 1220 555 75 Handreichungen,
927 1225 121 56 Der
1086 1224 192 72 König
1319 1224 227 56 winkte
1585 1222 240 59 wieder,

291 1311 110 58 Die
446 1312 428 60 Sekundanten
914 1315 292 59 näherten
1247 1317 124 57 sich
1413 1320 128 64 mir,
1586 1316 241 58 stellten

297 1404 123 56 sich
454 1426 107 35 vor
596 1405 117 56 und
748 1405 231 73 fragten
1015 1407 155 56 mich
1203 1407 155 56 nach
1393 1412 255 53 meinem
1685 1407 115 58 letz-

295 1499 101 52 ten
439 1493 319 61 Wunsche,
822 1496 241 72 .(Schau
1106 1497 100 57 auf
1249 1518 132 36 zum
1427 1496 214 73 Stern,)
1727 1499 100 57 Ich

294 1585 102 56 bat
431 1584 224 70 darum,
697 1585 114 59 daß
850 1587 93 60 die
980 1587 336 59 Prinzessin
1352 1590 105 58 das
1496 1590 180 70 große
1715 1588 76 57 Ar-

292 1676 318 57 beiterlied
692 1681 163 69 singe
935 1679 119 57 und
1136 1679 155 57 mich
1374 1679 157 58 dann
1608 1680 221 58 küssen

295 1766 255 59 möchte,
678 1768 358 74 (Unköpfige
1121 1771 202 70 Hälse,
1414 1772 413 72 Vacheleder.)

294 1856 142 61 Eine
469 1858 187 60 Dame
689 1881 105 39 aus
826 1860 104 60 der
960 1860 348 74 Begleitung
1340 1862 103 58 des
1475 1863 222 73 Königs
1727 1864 101 58 fiel

297 1948 374 73 ohnmächtig
713 1972 74 37 zu
822 1950 224 60 Boden,
1120 1953 144 58 Man
1303 1954 163 59 holte
1508 1954 115 59 den
1661 1954 164 58 Arzt,

295 2037 140 61 Fest
474 2042 262 68 peitscht
771 2046 177 68 innig.
1027 2042 110 59 Die
1180 2044 334 59 Prinzessin
1556 2059 161 57 sang:

449 2161 318 69 „Arbeiter
817 2165 188 72 orgelt

446 2258 154 53 cis-d

446 2350 184 53 dis-es

1112 2403 36 31 v
1219 2403 33 31 *.
1362 2407 6 26 :
1375 2408 14 25 s-
1452 2428 5 5 .

446 2439 114 56 is^e

1793 2508 7 15 *

449 2523 78 60 du
569 2525 205 58 deiner
816 2525 89 58 dir
947 2528 135 56 dich

449 2618 34 53 8

494 2677 32 20 >y

299 2827 104 57 das
449 2840 184 58 ganze
677 2829 181 72 große
899 2828 424 62 Arbeiterlied,
1369 2830 461 73 Laternenpfahl

299 2917 189 72 orgelt
551 2919 221 57 küssen
833 2920 193 60 breite
1092 2920 208 59 Röcke
1363 2932 213 60 wogen
1639 2922 190 57 weiße

300 3007 243 72 Spitzen
582 3009 150 60 Kuß.
811 3010 315 74 Schlingen
1164 3011 185 58 Arme
1389 3013 195 58 breite
1622 3012 207 59 Röcke

297 3111 208 59 wogen
555 3101 141 57 Hals
745 3101 245 73 Spitzen
1038 3125 222 36 warme
1309 3103 243 60 Röhren
1600 3103 227 72 glatten

299 3189 247 58 schlank
595 3191 239 57 Frische
884 3193 281 73 Karpfen,
1214 3194 286 73 Karpfen,
1548 3196 279 72 Karpfen,

302 3279 219 70 (Priere
559 3282 71 58 de
668 3282 218 59 fermer
919 3285 56 57 la
1010 3287 213 70 porte,)
1295 3286 177 70 Bitte,
1508 3287 169 69 bitte,
1715 3287 116 58 Tür

300 3392 89 47 zu,
436 3372 93 56 Du
573 3373 92 56 Du
710 3373 114 57 Du!
910 3375 100 58 Ich
1060 3374 156 60 liebe
1263 3377 150 57 Dich
1459 3381 54 67 ja
1561 3400 63 35 so
1673 3379 155 58 sehr!

303 3461 125 70 (Die
472 3461 160 59 Welt
674 3467 104 55 mit
820 3465 167 62 ihren
1029 3466 279 73 Sünden,)

298 3566 133 59 Nun
473 3568 332 59 schlachtet
844 3572 174 57 mich!

298 3671 122 58 Der
486 3673 190 73 König
748 3676 186 57 winkt
999 3677 243 67 wieder,
1313 3677 104 60 der
1484 3678 347 59 Schlächter

302 3764 155 59 fährt
496 3787 122 36 vor.
697 3765 122 61 Das
859 3766 164 61 Haus
1062 3772 76 54 ist
1178 3776 231 51 stumm.
1485 3769 113 57 Pro
1639 3774 194 68 patria

303 3862 107 59 est,
463 3854 137 58 dum
656 3856 206 59 ludere
915 3858 286 59 videmur,
1295 3859 167 71 (Blau
1515 3865 93 52 rot
1662 3859 171 73 gelbe

301 3944 697 75 Mädchenkompagnie.)
1128 3948 305 72 (Rauchen
1523 3950 308 68 verboten,

303 4036 222 58 ebenso
560 4037 103 59 das
696 4039 538 59 Inderhandhalten
1269 4045 164 53 einer
1462 4041 165 58 nicht
1659 4041 139 59 bren-

299 4127 236 60 nenden
575 4128 275 73 Zigarre.)
933 4130 159 58 Zwei
1136 4132 272 58 Knechte
1455 4134 210 57 führen
1709 4141 126 53 sein

302 4216 262 61 Fahrrad
613 4221 93 55 ab.
795 4221 559 73 (Reichsnotopfer,)
1443 4224 108 57 Ein
1599 4224 235 59 Knecht

302 4308 193 71 bringt
568 4316 130 51 eine
767 4311 207 71 Keule,
1044 4313 143 71 groß
1258 4313 210 59 Ballon
1537 4319 264 54 zitronen-

301 4398 213 59 bleich,
597 4400 214 72 (Halte,
854 4425 123 39 was
1018 4402 77 59 du
1134 4405 179 70 hast!)
1390 4404 120 57 Der
1553 4405 245 60 Schlach-

304 4497 90 50 ter
448 4490 101 58 hat
607 4496 173 53 einen
835 4493 493 73 blaugestreiften
1382 4497 190 59 Kittel
1623 4500 212 59 wehen

302 4579 180 59 Tuch,
531 4582 755 71 (Zuckerrübenmädchen,
1336 4587 293 70 (Oktober
1675 4594 160 68 neigt

302 4671 345 61 Zeremonie
690 4672 251 62 Rivalen
983 4675 446 60 Sekundanten,
1471 4715 74 7 —
1584 4680 137 57 Los!
1763 4718 72 8 —-

303 4761 99 58 Ich
463 4763 140 72 Igel!
661 4801 73 7 —
788 4765 121 56 Der
966 4765 350 60 Schlächter
1372 4769 162 57 lehnt
1592 4772 240 67 zurück,

303 4853 207 72 schräg
557 4855 175 72 Kopf,
795 4856 93 59 die
935 4857 190 59 Keule
1192 4858 200 61 hinten
1446 4860 169 59 oben.
1704 4861 130 72 (Die

303 4942 248 60 höchste
604 4945 147 68 Zier,
806 4947 94 56 die
960 4948 278 59 schönste
1289 4950 194 58 Freud
1555 4954 75 54 ist
1706 4957 129 51 eine

1921 137 193 53 traute
2163 127 459 79 Häuslichkeitl)
2668 135 121 59 Der
2837 133 351 63 Schlächter
3238 143 223 72 springt

1921 244 121 37 vor,
2131 226 141 68 (Das
2340 231 77 53 ist
2486 227 93 57 die
2630 227 227 71 Liebe!)
2931 227 290 75 schwingt
3268 230 192 62 Keule

1921 316 226 58 senken
2189 316 230 59 senken
2460 319 233 57 schwer
2737 320 232 60 schwer
3014 320 248 71 schwer,
3307 327 153 69 innig

1919 408 259 71 peitscht
2240 408 229 59 senken
2530 409 233 58 schwer
2832 410 231 60 schwer
3126 413 137 58 sehr
3325 415 136 58 sehr

1918 498 135 58 sehr
2098 500 153 58 sehr,
2292 535 76 9 —

1920 602 165 59 Mein
2126 604 256 59 Schädel
2423 607 182 58 brach
2646 612 113 53 ein.

1918 707 133 60 Nun
2083 712 202 57 mußte
2318 712 94 57 ich
2449 712 631 70 zusammenbrechen;
3116 714 125 58 also
3278 717 181 57 brach

1921 800 94 57 ich
2070 823 358 38 zusammen.
2523 803 353 58 Zusammen
2948 825 342 41 zusammen
3363 829 66 37 zu-

1921 910 263 39 sammen
2223 892 175 60 flach,
2473 894 211 59 Aaaaa
2724 916 189 37 aaaaa
2952 915 189 37 aaaaa
3180 916 187 38 aaaaa
3406 899 50 57 b,

1923 983 232 71 (Beifall
2191 985 99 58 auf
2330 983 156 60 allen
2522 986 289 72 Bänken.)
2885 1043 10 6 .

1924 1104 140 58 Was
2115 1106 175 58 sollte
2337 1128 120 37 nun
2503 1109 285 56 werden?
2876 1109 145 58 Man
3065 1109 160 58 band
3268 1116 193 53 meine

1921 1195 185 58 Arme
2153 1198 119 57 und
2316 1202 194 53 meine
2556 1199 162 58 Füße
2767 1221 74 36 an
2886 1198 273 74 Winden,
3207 1201 255 59 Winden

1922 1287 236 58 winden
2214 1310 222 50 empor,
2532 1290 242 58 Senken
2830 1290 250 73 schlingt
3151 1291 156 59 flach
3363 1314 66 37 zu-

1922 1399 264 37 sammen
2225 1380 189 57 schief
2456 1382 426 70 ausgebreitet.
2959 1381 237 73 (Aufruf
3235 1407 74 34 an
3348 1383 113 59 alle

1921 1468 200 58 Hand-
2170 1470 121 58 und
2336 1470 468 74 Kopfarbeiter.)
2891 1473 145 61 Man
3086 1475 171 56 stach
3308 1475 153 58 mich

1921 1565 59 52 in
2025 1561 93 59 die
2164 1560 182 60 Seite.
2428 1562 137 61 Blut
2611 1568 182 55 rinste
2840 1564 196 60 Eimer
3084 1565 135 58 blau
3265 1565 196 58 Strahl

1924 1657 92 51 rot
2068 1651 138 58 dick
2255 1652 295 60 Peitsche,
2636 1655 189 58 Dreht
2875 1656 220 71 Mägde
3147 1655 166 64 Quirl
3364 1678 66 35 zu-

1924 1763 264 40 sammen
2242 1744 217 57 rädern
2508 1744 342 61 Eisenbahn
2901 1746 354 58 Maschinen
3307 1751 124 67 quir-

1921 1833 97 57 len
2057 1834 206 59 Emma
2300 1834 195 59 Anna.
2576 1837 484 72 (Unschuldsvoll
3097 1860 72 35 zu
3208 1838 254 72 heiigem

1921 1923 170 59 Bund
2128 1926 134 57 hast
2302 1926 77 57 du
2416 1927 144 58 heut
2599 1929 137 57 dein
2771 1927 158 57 Herz
2966 1930 301 70 geweiht!)
3344 1931 117 55 Der

1923 2015 190 72 König
2166 2016 307 73 verlangte
2545 2040 73 36 zu
2687 2020 255 59 trinken,
3032 2020 150 57 Blau
3257 2027 204 65 sengte

1921 2106 261 60 Flamme
2219 2108 181 58 Mord
2434 2110 136 58 sehr
2610 2111 73 57 ab
2720 2111 136 57 sehr
2893 2112 91 57 ab.
3058 2110 153 58 Hohl
3249 2113 213 56 brennt

1924 2197 104 57 der
2065 2197 220 73 Magen
2320 2197 263 63 Flamme
2622 2200 299 58 Schwefel
2959 2201 155 59 Blut.
3194 2202 124 58 Seit
3359 2203 103 56 der

1923 2288 128 58 Zeit
2093 2289 104 58 hat
2241 2291 104 56 der
2386 2291 192 73 König
2620 2291 221 58 keinen
2882 2292 143 58 Bart
3069 2294 182 58 mehr.
3296 2293 167 59 Bleib

1922 2385 133 51 treu
2092 2379 104 57 der
2230 2380 233 71 Pflicht,
2501 2389 86 52 sei
2622 2390 227 64 getreu.
2893 2384 417 70 (Ueberreicht
3351 2406 111 35 von

1925 2469 103 57 der
2085 2470 486 76 Schriftleitung.)
2664 2473 79 59 Es
2813 2474 103 58 hat
2989 2474 257 59 nämlich
3318 2473 144 61 alles

1928 2564 164 53 seine
2147 2561 458 62 Wissenschaft,
2703 2564 537 74 (Amplifikatores,
3294 2564 159 67 jßäte

1921 2654 495 68 genossenschaft
2483 2655 91 58 für
2637 2655 518 72 kapitalistischen
3202 2656 259 68 Aufbau,

1921 2742 240 74 Berlin.)

1923 2848 145 58 Man
2103 2849 204 60 wollte
2347 2854 156 55 mich
2545 2854 382 60 ausnehmen,
2970 2854 283 72 (Neueste
3295 2855 140 58 Moc
3439 2891 22 35 :

1927 2940 364 70 cabonbons,
2333 2942 298 76 Neuheit,)
2681 2944 330 73 Umsteiger
3054 2946 208 58 fahren
3303 2946 121 57 Mes-

1925 3052 95 36 ser
2064 3032 288 59 schlitzen
2392 3037 218 57 zittern
2651 3036 398 71 Eingeweide,
3132 3036 298 72 (Friedens-

1923 3125 202 69 ware,)
2211 3123 77 59 Es
2334 3147 123 35 war
2530 3131 94 54 ein
2691 3127 139 57 sehr
2899 3127 562 73 begebenwürdiges

1924 3212 593 63 Gartenrestaurant,
2601 3218 101 56 Ich
2749 3217 187 58 fühlte
2985 3218 255 58 tausend
3282 3218 144 56 Freu-

1924 3302 115 60 den
2086 3303 214 60 Retter
2349 3306 254 73 Morgen
2652 3312 279 68 zwanzig.
3018 3309 142 58 Drei
3212 3311 250 58 Lustren

1922 3417 109 35 nur
2075 3395 104 60 hat
2224 3397 106 60 das
2374 3403 78 53 im
2497 3398 297 60 Glashaus
2840 3400 352 72 gezüchtete
3242 3401 220 58 Wesen

1922 3485 261 70 geblüht,
2287 3488 400 73 (Brausender
2772 3491 252 73 Befall,)
3130 3492 331 58 Mondkalb

1925 3577 195 70 glänzt
2202 3584 178 54 innen
2457 3583 158 59 sanft
2696 3593 109 61 zog
2869 3581 380 73 Eingeweide
3329 3583 135 56 Fett

1926 3666 282 60 Schmerz
2252 3671 158 58 sanft
2453 3673 294 58 enttäubt.
2830 3673 187 71 (Alles
3060 3670 91 61 für
3194 3674 94 57 die
3334 3681 130 50 rote

1931 3758 255 73 Armee,)
2272 3760 248 72 Sauber,
2569 3764 234 68 sauber,
2852 3765 131 56 seid
3031 3764 215 58 sauber
3293 3763 128 58 Mäd-

1926 3848 166 71 chen,
2136 3852 215 57 sauber
2389 3854 157 59 beim
2585 3854 319 71 Waschen,
2947 3855 113 59 daß
3097 3855 194 58 nichts
3333 3877 98 36 ver-

1926 3938 231 60 brennt,
2250 3942 170 71 (Gott
2472 3945 243 58 schütze
2767 3945 175 72 dich.)
3001 3946 169 72 (Gott
3224 3945 239 58 schütze

1926 4030 173 73 dich,)

1925 4135 261 61 Flamme
2236 4141 151 66 heiß,
2439 4141 261 60 Flamme
2754 4144 157 57 heiß!
3003 4143 461 72 Regenwürmer

1927 4229 255 71 spielten
2232 4235 180 54 innen
2462 4236 156 56 sanft
2669 4240 59 52 in
2782 4240 255 53 meinem
3087 4234 260 70 Bauche,
3402 4255 62 36 es

1926 4317 210 61 kitzelt
2175 4320 165 60 leise,
2379 4323 121 58 Der
2537 4324 193 73 König
2770 4330 187 67 gierte
2999 4329 194 55 meine
3235 4323 227 73 Augen,

1928 4408 131 70 Hol,
2107 4410 483 74 Königstochter,
2655 4419 109 53 mir
2810 4416 94 58 die
2950 4415 213 74 Augen
3212 4415 104 60 des
3363 4414 69 58 Jo-

1930 4499 289 60 chanaan!
2309 4503 180 72 (Heut
2536 4506 191 57 ziehst
2780 4506 78 58 du
2909 4529 104 36 aus
3071 4507 134 58 dem
3255 4506 175 58 Vater-

1926 4588 191 73 haus!)
2197 4592 210 61 Runde
2448 4594 234 74 Kugeln
2721 4602 179 53 innen
2941 4598 225 72 glatten
3209 4596 255 58 Schleim

1930 4693 294 61 sprangen
2274 4706 106 37 aus
2429 4685 94 59 die
2572 4686 216 73 Augen
2838 4689 195 61 sanfte
3084 4687 212 61 Hände
3347 4686 118 58 voll

1931 4777 307 66 entgegen.
2324 4773 121 59 Auf
2495 4781 193 54 einem
2738 4778 199 58 Teller
2986 4778 234 58 Messer
3274 4778 193 58 Gabel

1929 4867 289 56 servierte
2257 4886 138 37 man
2434 4866 94 59 die
2564 4866 231 73 Augen,
2837 4870 473 71 (Schwerhörige
3353 4867 114 59 und

1931 4954 275 57 ertaubte
2245 4954 250 71 Krieger
2534 4957 270 58 erhalten
2843 4959 310 60 kostenlos
3194 4958 116 60 Rat
3350 4959 117 57 und
