2390 4107
1154 377 119 59 174

198 552 252 64 voyons
484 554 70 41 ce
583 552 148 61 que,
761 533 161 61 dans
959 531 54 62 le
1034 532 128 80 fait
1198 531 352 73 universel,
1584 528 409 62 l'Humanité
2025 528 165 61 mise

201 632 37 56 à
270 630 149 76 part
452 644 193 42 cause
680 623 457 80 d'agitations;
1164 623 330 63 touchons
1519 622 79 62 de
1628 621 69 61 la
1729 620 181 61 main
1942 620 67 61 la
2039 639 114 42 con-

200 720 263 60 trariété
496 717 77 60 de
607 735 101 42 ses
737 716 358 79 principes.

284 805 279 79 L'esprit
616 802 273 61 humain
941 823 65 42 se
1065 805 269 80 dispose
1386 810 39 56 à
1476 822 100 43 ses
1630 804 127 59 lins
1809 820 153 43 sous
2015 801 174 61 deux

201 899 243 61 formes
478 898 496 78 apparemment
1001 896 471 61 irréductibles
1512 913 12 42 :
1561 894 428 81 l'analytique
2029 895 59 59 et
2122 894 67 60 la

202 989 450 80 synthétique.
690 989 49 57 A
793 988 256 61 celle-ci
1098 988 524 79 correspondent
1661 985 152 63 tous
1853 988 93 60 les
2001 984 186 62 effets

204 1081 387 62 ascendants
666 1081 77 59 de
811 1081 365 62 l'intuition
1251 1098 12 41 :
1334 1079 368 75 idéalisme,
1782 1081 260 59 science
2122 1082 60 57 et

204 1191 321 61 croyance
558 1180 37 52 à
624 1172 228 81 priori,
884 1175 60 58 et
974 1175 548 76 gouvernements
1548 1172 270 61 absolus
1841 1194 12 49 ;
1881 1172 78 61 de
1984 1170 172 60 l'ana-

202 1265 253 79 lytique
492 1266 137 58 naît
657 1263 57 61 le
747 1269 198 75 règne
987 1265 78 61 de
1096 1265 671 79 l'expérimentation,
1820 1265 76 59 de
1929 1265 66 58 la
2046 1283 106 43 cer-

197 1357 211 61 titude
463 1364 35 52 à
540 1357 344 80 posteriori
936 1377 85 43 ou
1075 1357 439 79 positivisme,
1564 1359 59 58 et
1684 1357 94 60 les
1828 1378 320 58 gouverne-

204 1451 214 58 ments
451 1449 78 60 de
560 1449 168 60 libre
761 1449 273 62 arbitre.
1073 1451 91 59 Là
1194 1449 60 60 le
1294 1449 279 79 pouvoir
1613 1449 111 60 des
1759 1450 200 73 âmes,
1994 1454 83 58 ici
2110 1453 66 58 la

205 1540 413 61 domination
671 1540 77 61 de
800 1539 66 61 la
912 1540 299 61 matière.
1259 1542 119 59 Ces
1435 1542 176 59 deux
1656 1542 246 77 esprits
1954 1562 195 42 souve-

205 1633 183 60 rains
421 1651 64 42 se
518 1632 355 61 succèdent
906 1633 575 79 périodiquement
1509 1634 163 59 dans
1706 1638 188 57 notre
1926 1636 252 72 faveur,

206 1727 61 58 et
313 1725 359 72 l'Histoire,
719 1725 50 58 il
816 1725 292 59 faudrait
1159 1725 66 59 la
1277 1725 238 59 définir
1567 1725 177 59 aussi
1790 1725 59 60 le
1893 1727 165 60 récit
2103 1728 78 60 de

204 1815 179 61 leurs
417 1816 293 58 combats
738 1818 57 58 et
831 1815 77 59 de
943 1813 177 63 leurs
1155 1816 311 77 empires.
1505 1816 363 70 Vraiment,
1913 1836 123 42 une
2065 1838 77 59 pa-

204 1906 187 61 reille
441 1906 191 61 étude
685 1911 187 75 porte
926 1906 149 79 déjà
1113 1925 87 41 un
1254 1926 148 41 nom
1444 1925 13 41 :
1496 1906 66 60 la
1617 1907 432 79 Philosophie
2102 1910 78 60 de

205 1998 359 61 l'Histoire!
600 1998 49 59 Il
681 2019 39 59 y
761 1998 218 61 aurait
1016 1998 168 61 donc
1218 2018 126 41 une
1380 1999 278 60 histoire
1692 2017 152 42 sans
1879 2000 260 78 philoso-

207 2090 151 78 phie
394 2094 60 56 et
487 2108 152 41 sans
672 2089 423 61 exactitude?

291 2180 427 61 L'Humanité
761 2184 312 75 partagée
1106 2201 79 40 en
1226 2180 171 61 deux
1440 2198 225 61 camps
1714 2182 250 78 d'égale
1994 2183 149 79 puis-

206 2290 216 56 sance,
471 2273 148 78 quel
663 2272 173 79 parti
897 2272 281 79 prendre
1232 2274 181 58 entre
1454 2274 164 59 eux?
1672 2276 73 58 Je
1808 2274 143 60 vois
1998 2274 177 61 alors

205 2363 334 61 s'avancer
569 2363 96 60 les
696 2363 388 68 historiens;
1117 2362 86 62 ils
1228 2363 519 61 s'enhardissent
1780 2371 36 53 à
1849 2365 213 62 droite
2097 2384 85 43 ou

204 2462 36 55 à
267 2456 253 80 gauche
557 2474 78 42 en
673 2453 416 63 n'obéissant
1123 2459 243 74 qu'aux
1410 2455 471 62 sollicitations
1917 2457 76 60 de
2035 2456 146 62 leur

205 2567 240 60 propre
491 2551 502 75 tempérament.
1044 2547 475 80 L'Analytique
1570 2549 526 80 expérimentera
2120 2553 61 58 et

204 2640 255 61 voudra
501 2658 373 61 prononcer
912 2640 65 60 la
1020 2641 509 60 non-existence
1579 2640 77 61 de
1693 2641 202 74 Dieu;
1933 2643 59 59 le
2029 2641 120 82 Syn-

206 2732 293 78 thétique
541 2732 366 77 invoquera
948 2732 162 61 Dieu
1160 2734 61 57 et
1261 2748 155 43 sans
1461 2733 197 61 doute
1691 2751 169 43 nous
1903 2733 61 60 le
2001 2752 140 43 mon-

205 2827 197 56 trera.

287 2914 64 60 Si
398 2913 157 61 Dieu
595 2914 222 72 existe,
858 2921 186 54 notre
1085 2916 311 59 bonheur
1437 2916 299 72 humain,
1776 2923 192 55 notre
2009 2917 131 62 bon-

206 3006 168 60 heur
421 3024 109 40 sur
568 3006 66 58 la
673 3011 197 66 terre,
907 3025 80 42 ne
1023 3007 398 61 l'attendons
1463 3008 148 79 plus
1649 3031 12 49 ;
1698 3010 106 59 s'il
1849 3011 166 60 n'est
2044 3029 141 61 pas,

206 3096 60 62 le
296 3100 278 76 Progrès
607 3102 36 55 à
675 3116 70 40 sa
776 3097 186 79 place
986 3099 167 78 régit
1186 3102 148 56 tout
1368 3102 61 59 et
1462 3119 166 43 nous
1665 3120 228 42 assure
1927 3101 60 62 le
2020 3104 128 59 Bon-

206 3191 189 60 heur.
844 3221 6 7 •

290 3283 63 59 Si
405 3282 159 60 Dieu
626 3282 223 72 existe,
887 3282 45 58 il
991 3284 95 58 est
1147 3283 361 62 Lui-même
1559 3282 429 76 l'Harmonie,
2030 3287 160 61 dont

209 3391 273 44 nous,ne
516 3391 282 43 sommes
835 3392 123 58 que
1002 3374 94 60 les
1132 3374 342 82 principes
1513 3376 484 76 fournisseurs,
2035 3378 154 61 d'où

206 3464 66 60 la
310 3466 225 61 raison
578 3466 78 59 de
704 3466 63 59 la
816 3467 396 61 contrariété
1265 3467 111 60 des
1429 3468 296 79 peuples.
1776 3472 76 57 Et
1904 3471 285 80 puisque

207 3556 160 60 Dieu
421 3557 297 60 contient
752 3576 121 60 par
915 3558 345 61 définition
1307 3560 348 75 l'éternité,
1693 3565 192 57 notre
1928 3569 224 54 contra-

207 3647 157 63 riété
393 3647 230 61 n'aura
645 3666 119 61 pas
793 3650 76 60 de
913 3650 88 60 fin
1042 3650 238 62 ici-bas
1310 3670 11 41 :
1367 3652 230 79 prions
1632 3652 163 80 qu'il
1842 3671 167 44 nous
2042 3673 148 59 rap-
