2390 4107
842 1320 705 181 ISIS

1569 1321 69 66 (1)

200 1624 75 42 LE
318 1624 507 46 GOUVERNEMENT
873 1625 112 43 DES
1027 1618 245 56 MAGES.
1313 1618 41 56 -
1395 1618 82 56 LE
1521 1627 189 44 CULTE
1741 1628 78 43 DE
1852 1629 75 42 LA
1958 1618 189 56 BONTÉ

1214 2164 24 59 I

294 2360 350 62 L'histoire
681 2360 77 60 de
791 2359 320 80 l'Egypte,
1152 2356 297 74 d'abord,
1484 2379 163 41 nous
1691 2363 304 77 enseigne
2039 2363 142 61 l'art

214 2454 77 60 de
323 2469 368 61 gouverner
722 2450 92 61 les
843 2451 301 60 hommes
1193 2467 77 42 en
1315 2467 77 42 ne
1435 2469 66 41 se
1546 2450 270 61 laissant
1857 2454 328 60 entraîner

210 2562 151 43 vers
396 2559 215 42 aucun
645 2542 78 58 de
772 2558 104 42 ces
918 2540 168 59 deux
1119 2538 183 79 pôles
1351 2539 411 62 douloureux
1790 2547 58 56 et
1889 2543 292 62 funestes

217 2636 112 80 qui
374 2631 393 80 s'appellent
804 2651 13 38 :
856 2648 83 41 au
972 2629 170 60 nord
1186 2628 60 61 le
1288 2631 432 77 Despotisme,
1758 2651 81 42 au
1882 2633 120 60 sud
2044 2634 104 61 l'A-

215 2725 270 62 narchie
503 2723 85 80 (2)
628 2722 10 57 l
1125 2780 9 8 .

300 2817 147 59 Dire
502 2832 123 61 que
681 2811 373 80 l'équilibre
1105 2815 174 56 resta
1327 2812 306 79 toujours
1678 2816 263 77 parfait,
1986 2817 197 61 serait

217 2909 163 61 aller
413 2907 343 74 beaucoup
789 2910 150 69 trop
983 2901 139 61 loin
1157 2904 57 57 et
1270 2902 357 63 demander
1669 2906 430 80 l'impossible
2146 2912 40 58 à

216 3018 89 42 un
337 3015 161 63 pays
531 2994 225 61 habité
785 2995 196 75 après
1016 2995 142 56 tout
1188 3010 120 61 par
1346 2994 111 59 des
1510 2995 315 64 hommes.
1862 2999 145 60 Dire
2058 3015 121 63 que

214 3094 66 59 la
309 3090 322 61 tendance
673 3086 78 60 de
779 3085 296 80 l'Egypte
1104 3103 80 42 ne
1238 3085 98 60 fut
1369 3104 117 61 pas
1529 3108 88 39 un
1660 3090 252 60 certain
1956 3090 226 61 attrait

215 3199 147 45 vers
398 3198 70 43 ce
503 3179 150 78 pôle
690 3178 87 60 du
809 3175 168 61 nord
1007 3193 122 60 que
1172 3194 164 42 nous
1376 3196 205 42 avons
1624 3184 261 57 nommé
1925 3180 59 61 le
2025 3182 156 58 Des-

277 3319 44 49 1.
353 3316 196 50 Extrait
581 3315 68 48 du
678 3314 179 49 COURS
890 3310 393 51 D'OCCULTISME
1317 3313 64 48 de
1419 3311 73 51 M.
1522 3313 149 49 Jules
1702 3315 141 48 Bois.

271 3393 47 48 2.
356 3391 98 49 J'ai
487 3390 116 62 déjà
636 3389 219 47 maintes
889 3385 97 49 fois
1012 3385 240 62 expliqué
1283 3399 99 48 que
1409 3385 301 52 l'lnitiation
1740 3390 121 46 vaut
1890 3386 284 50 l'anarchie

210 3480 125 36 avec
361 3464 344 49 l'obéissance
738 3462 27 47 à
790 3460 135 48 Dieu
956 3459 51 48 et
1039 3460 28 46 à
1095 3471 82 37 ses
1210 3459 100 47 lois
1341 3459 454 61 impersonnelles,
1829 3461 129 47 mais
1993 3459 186 63 qu'elle

207 3541 240 60 répugne
503 3540 27 44 à
583 3536 136 48 cette
777 3535 146 45 autre
976 3532 247 48 anarchie
1280 3532 88 62 qui
1409 3530 129 49 n'est
1591 3544 100 48 que
1725 3531 302 61 l'esclavage
2083 3531 93 49 des

208 3614 262 64 passions.

1941 3716 59 50 10
