2390 4107
707 1277 162 127 LE
945 1251 772 147 BRÉVIAIRE

239 1515 274 143 du
630 1490 1453 157 Bouddhiste

2108 1475 88 82 (1)

1120 1746 224 83 (SUITE)

333 2260 71 57 D.
450 2251 227 75 Quelle
720 2249 122 70 fut,
888 2244 60 64 le
987 2241 400 69 lendemain,
1443 2237 67 61 la
1564 2233 309 63 conduite
1936 2232 77 59 de
2044 2229 140 80 [Sid-

255 2343 277 66 dârtha?

334 2444 75 58 R.
461 2436 51 64 Il
546 2428 394 67 commanda
969 2431 37 56 à
1038 2445 120 42 son
1195 2422 236 62 cocher
1473 2421 267 60 Channa
1786 2417 77 60 de
1908 2420 317 77 préparer

254 2552 89 42 un
388 2535 158 56 char
587 2540 168 64 pour
798 2521 167 60 faire
1010 2536 126 42 une
1176 2512 405 84 promenade
1640 2512 164 60 dans
1835 2508 66 61 la
1957 2506 209 65 ville.*
2179 2506 50 60 Il

255 2623 157 63 était
440 2620 102 60 las
577 2616 78 61 de
686 2633 72 42 sa
789 2613 230 80 prison
1053 2610 231 69 dorée;
1321 2606 46 59 il
1398 2602 252 64 voulait
1677 2602 146 61 voir
1851 2620 71 42 ce
1955 2618 127 62 que
2115 2599 87 61 fai-

258 2715 127 61 sait
418 2713 61 58 le
516 2707 266 62 monde.

347 2808 80 56 Le
456 2803 99 60 roi
589 2796 469 77 Çoudhadana,
1091 2794 198 78 ayant
1322 2793 99 58 été
1456 2789 284 60 informé
1776 2787 77 59 de
1887 2803 72 45 ce
1989 2784 241 80 projet,

264 2896 299 63 ordonna
597 2906 127 43 aux
757 2887 335 60 habitants
1133 2883 77 60 de
1255 2900 66 43 se
1363 2884 234 58 mettre
1642 2897 79 42 en
1758 2877 126 61 fête
1931 2893 167 61 pour
2127 2877 75 77 Re-

267 2985 218 63 cevoir
517 3001 119 41 son
667 2980 127 61 fils.
833 2978 84 59 Le
958 2975 402 72 lendemain,
1398 2972 360 61 Siddârtha
1786 2976 297 53 traversa
2119 2987 77 41 so-

266 3074 468 64 lennellement
758 3069 66 59 la
855 3067 154 61 ville
1035 3085 111 41 sur
1172 3084 87 40 un
1290 3065 158 59 char
1480 3066 213 57 traîné
1724 3080 115 62 par
1859 3062 112 60 des
1993 3060 211 61 bœufs
2226 3076 14 57 ;

267 3169 61 60 le
361 3164 236 82 peuple
629 3157 432 74 l'acclamait;
1097 3161 152 56 tous
1282 3156 92 60 les
1401 3156 255 78 visages
1689 3154 243 59 étaient
1966 3170 78 42 en
2069 3150 177 81 Sjoie.

271 3259 179 72 Mais,
490 3274 83 42 au
600 3255 321 59 tournant
945 3250 193 60 d'une
1171 3265 139 56 rue,
1355 3246 60 61 le
1449 3246 230 79 prince
1713 3249 91 56 vit
1844 3244 198 60 sortir
2083 3243 157 59 d'un

271 3366 252 66 groupe
577 3366 87 40 un
719 3344 135 61 être
913 3339 416 71 chancelant,
1398 3338 185 61 vieux
1645 3340 61 56 et
1732 3334 404 83 [misérable.
2196 3334 51 60 Il

273 3442 243 63 n'avait
554 3438 146 79 plus
733 3455 123 62 que
892 3434 91 61 les
1020 3451 71 43 os
1138 3434 60 59 et
1228 3432 65 59 la
1332 3448 190 63 peau.
1586 3429 113 60 Ses
1762 3446 263 63 genoux
2055 3432 194 56 trem-

346 3616 52 50 1.
425 3613 124 53 Voir
580 3612 48 48 le
661 3610 220 49 numéro
910 3608 64 47 du
1008 3606 59 48 10
1099 3604 139 51 août.
