2390 4107
279 1368 756 193 MORALITÉS
1137 1409 967 172 ROMANESQUES

1165 2086 25 58 I

405 2284 188 74 UNE
662 2281 429 74 HISTOIRE
1147 2284 234 71 SANS
1452 2284 497 74 HISTORIEN

284 2645 308 64 J'admire
627 2661 77 44 en
735 2642 382 80 particulier
1146 2643 160 60 dans
1335 2643 59 60 le
1417 2643 189 79 génie
1636 2644 78 61 de
1738 2645 269 61 Bossuet
2035 2664 119 45 son

205 2737 292 81 aptitude
526 2739 37 56 à
591 2733 478 62 condescendre
1097 2749 125 42 aux
1265 2733 484 63 circonstances
1794 2737 77 59 de
1913 2742 239 75 temps,

205 2830 77 60 de
318 2827 179 58 lieux
526 2827 60 58 et
618 2824 76 60 de
727 2841 356 61 personnes
1116 2842 11 40 :
1165 2826 196 76 ayant
1396 2828 36 55 à
1464 2824 341 80 enseigner
1837 2845 88 42 un
1968 2827 192 81 royal

201 2920 198 68 élève,
464 2917 265 57 Bossuet
776 2912 93 60 lui
925 2917 250 56 retrace
1230 2930 249 46 comme
1528 2932 84 42 on
1657 2916 125 61 sait
1828 2917 335 65 l'Histoire

208 3005 424 66 Universelle.
666 3003 208 70 Alors,
912 3003 49 59 il
996 3023 78 40 ne
1108 3005 192 59 doute
1347 3024 115 60 pas
1504 3024 122 61 que
1671 3007 53 61 si
1757 3028 88 40 un
1897 3009 268 64 homme

201 3097 271 83 pouvait
511 3113 225 42 narrer
783 3094 333 59 l'Histoire
1165 3095 258 58 suivant
1464 3094 238 63 l'ordre
1749 3097 111 61 des
1908 3099 155 62 faits
2111 3103 62 59 et

204 3190 160 61 dans
395 3188 64 59 la
497 3185 283 61 véracité
830 3184 109 60 des
978 3185 473 79 témoignages,
1485 3186 329 63 l'Histoire
1861 3208 80 42 ne
2001 3209 165 43 nous

204 3275 420 84 apprendrait
656 3293 234 43 encore
921 3274 141 61 rien
1105 3275 77 60 de
1227 3282 187 53 notre
1458 3278 252 77 origine
1753 3280 61 59 et
1857 3279 76 60 de
1986 3285 185 58 notre

206 3371 90 58 fin
315 3387 14 55 ;
370 3367 229 80 qu'elle
633 3367 113 70 est,
785 3382 80 42 au
911 3364 300 60 meilleur
1240 3365 334 79 regarder,
1625 3367 217 61 moins
1886 3368 253 63 l'éduca-

208 3459 162 60 trice
403 3458 85 60 du
524 3475 175 42 cœur
729 3457 61 58 et
837 3454 75 60 de
954 3454 184 61 l'âme
1182 3456 231 77 qu'une
1458 3456 475 78 dispensatrice
1979 3462 158 75 géné-

214 3565 187 47 reuse
432 3545 610 73 d'enthousiasmes;
1088 3545 359 78 également
1489 3547 269 79 propice
1800 3553 36 55 à
1872 3548 270 64 l'exalta-

208 3640 139 63 tion
408 3638 111 61 des
555 3635 337 62 meilleurs
952 3636 379 60 sentiments
1386 3637 60 59 et
1513 3637 111 61 des
1669 3638 200 79 pires,
1907 3642 190 75 grâce
2142 3647 35 58 à
