2390 4107
1163 381 118 58 178

297 563 35 41 «
370 543 46 58 0
446 539 237 61 monde
717 536 322 61 souffrant
1071 536 11 57 !
1123 538 35 57 ô
1199 553 186 52 vous,
1433 532 204 60 frères
1677 548 256 43 connus
1980 532 60 59 et
2091 531 68 60 in-

216 649 253 45 connus
503 629 78 60 de
616 645 108 42 ma
767 626 186 61 chair
990 644 370 54 commune,
1401 625 300 60 enserrés
1748 624 162 60 dans
1946 621 60 61 le
2055 621 139 63 filet

216 725 78 60 de
330 723 65 60 la
431 720 368 61 souffrance
836 719 61 60 et
931 718 79 61 de
1045 717 66 61 la
1146 724 175 54 mort
1355 734 121 61 par
1532 715 95 61 les
1687 714 174 61 liens
1912 714 244 60 inextri-

215 812 218 63 cables
487 813 78 59 de
620 811 63 58 la
734 809 106 60 vie
897 811 10 55 !
962 809 63 79 je
1071 811 167 69 vois,
1301 808 66 80 je
1424 826 150 42 sens
1631 805 423 61 l'immensité
2112 805 79 61 de

210 905 283 80 l'agonie
555 907 332 66 terrestre,
945 902 65 58 la
1067 901 222 61 vanité
1354 899 78 61 de
1487 903 219 56 toutes
1739 898 95 61 les
1894 898 193 80 joies,
2125 898 67 60 la

216 996 337 81 moquerie
591 995 76 59 de
703 1011 71 43 ce
810 992 235 80 qu'elle
1084 1014 38 40 a
1157 993 76 61 de
1273 991 329 76 meilleur,
1639 991 351 79 l'angoisse
2023 990 79 61 de
2120 1007 72 44 ce

216 1087 233 82 qu'elle
483 1106 37 41 a
555 1086 76 61 de
667 1085 166 79 pire.
878 1087 122 58 Car
1031 1085 94 61 les
1174 1085 268 80 plaisirs
1476 1084 305 61 finissent
1828 1101 79 42 en
1965 1082 221 80 peine,

215 1181 63 60 la
310 1180 304 79 jeunesse
650 1197 79 40 en
788 1176 358 71 vieillesse,
1213 1176 282 61 l'amour
1529 1195 80 41 en
1664 1174 403 81 séparation,
2124 1173 67 62 la

212 1273 106 60 vie
356 1291 77 42 en
468 1274 176 56 mort
678 1268 295 73 odieuse,
1011 1269 66 60 la
1111 1273 177 56 mort
1341 1287 79 40 en
1482 1266 112 61 des
1626 1268 138 58 vies
1821 1266 370 60 inconnues

220 1364 112 79 qui
366 1362 376 61 rattachent
776 1360 311 61 l'homme
1127 1364 37 56 à
1195 1360 66 60 la
1297 1364 188 56 route
1523 1359 79 60 de
1635 1358 395 60 l'existence.
2063 1357 128 61 Moi

217 1456 179 61 aussi
426 1452 113 80 j'ai
577 1457 98 57 été
709 1456 263 75 trompé
1006 1472 121 60 par
1161 1454 99 59 cet
1297 1453 226 79 appât.
1566 1451 161 59 Mais
1762 1449 61 61 le
1854 1448 172 61 voile
2044 1448 148 62 s'est

217 1546 290 61 déchiré.
548 1546 75 57 Et
656 1545 110 78 qui
802 1545 301 77 pourrait
1146 1543 145 61 voir
1322 1547 163 57 cette
1522 1541 279 62 douleur
1835 1541 88 60 du
1947 1540 241 61 monde

217 1654 152 43 sans
402 1636 182 61 voler
617 1640 39 56 à
687 1653 117 43 son
841 1653 268 43 secours
1143 1637 28 57 ?
1208 1635 65 59 Si
1310 1636 285 58 Brahma
1628 1651 83 42 ne
1745 1632 60 62 le
1853 1637 158 74 peut
2045 1650 141 60 pas,

215 1730 65 78 je
313 1728 279 73 l'oserai,
633 1728 131 59 moi
795 1729 12 57 I
847 1729 71 58 Je
950 1726 327 62 trouverai
1313 1728 61 59 le
1412 1726 256 79 refuge,
1715 1725 233 60 l'asile.
1999 1725 144 58 Com-

219 1821 175 59 ment
426 1820 26 57 ?
487 1820 63 78 je
583 1819 299 79 l'ignore.
913 1819 158 60 Mais
1105 1819 48 58 il
1186 1818 143 61 faut
1364 1837 123 61 que
1526 1818 143 59 cela
1702 1816 151 74 soit,
1893 1815 295 79 dussé-je

215 1929 226 61 passer
469 1915 145 74 sept
645 1910 127 60 fois
817 1909 93 61 les
971 1915 140 73 sept
1158 1910 299 73 mondes,
1522 1909 299 78 dussé-je
1865 1913 326 55 traverser

214 2003 92 60 les
342 2003 402 60 souffrances
794 2001 77 59 de
929 2001 260 76 chaque
1227 2004 131 58 ère.
1402 2001 303 76 Quelque
1762 1998 245 77 grande
2060 2016 126 61 que

216 2095 126 57 soit
374 2092 142 60 leur
567 2110 237 52 masse,
857 2109 106 41 ma
1026 2092 159 77 pitié
1250 2093 94 59 est
1399 2092 147 79 plus
1614 2091 248 75 grande
1914 2107 268 52 encore,

215 2183 268 61 Channa
520 2183 11 58 !
572 2189 401 53 retournons
1007 2187 38 56 à
1081 2182 66 60 la
1179 2183 278 60 maison.
1510 2182 47 60 11
1586 2182 200 60 suffit.
1851 2183 128 59 Mes
2012 2201 168 60 yeux

214 2281 116 54 ont
362 2295 85 40 vu
484 2293 70 42 ce
592 2293 122 59 que
751 2274 63 77 je
846 2274 253 59 voulais
1132 2274 171 63 voir.
1343 2295 33 36 »

296 2369 71 58 D.
408 2366 260 70 Quelles
700 2365 354 61 réflexions
1090 2366 148 60 fit-il
1274 2366 163 61 dans
1470 2366 66 60 la
1570 2365 146 61 nuit
1740 2368 26 55 ?

295 2460 71 57 R.
407 2459 47 57 Il
488 2476 66 41 se
588 2456 98 60 dit
722 2474 12 40 :
775 2479 34 36 «
863 2458 71 58 Je
969 2476 83 41 ne
1125 2474 164 42 veux
1326 2476 118 60 pas
1479 2458 76 59 de
1621 2459 165 58 cette
1849 2473 336 44 couronne

215 2550 194 79 qu'on
438 2568 102 42 me
576 2549 278 61 destine.
892 2549 72 59 Je
1028 2567 82 42 ne
1145 2567 167 42 veux
1367 2567 118 61 pas
1562 2567 126 60 que
1744 2567 155 42 mon
1932 2548 256 61 chariot

211 2642 187 61 roule
438 2661 98 41 ses
570 2660 195 42 roues
803 2641 402 78 sanglantes,
1263 2641 77 59 de
1396 2641 277 61 victoire
1738 2661 78 41 en
1880 2639 302 74 victoire,

209 2733 265 79 jusqu'à
508 2751 71 42 ce
623 2751 123 59 que
781 2732 93 60 les
921 2733 300 60 hommes
1277 2751 64 42 se
1399 2733 441 61 souviennent
1895 2732 78 61 de
2030 2751 153 42 mon

209 2844 176 40 nom.
424 2826 73 57 Je
531 2824 371 59 marcherai
964 2825 161 59 dans
1176 2825 93 61 les
1306 2825 282 59 sentiers
1622 2825 77 59 de
1735 2825 65 59 la
1832 2830 194 65 terre,
2068 2843 76 59 pa-

205 2915 166 60 tient
404 2919 59 56 et
494 2933 154 40 sans
677 2915 215 74 tache,
930 2915 242 61 faisant
1207 2917 76 59 de
1321 2935 70 41 sa
1423 2916 345 80 poussière
1801 2934 155 43 mon
1988 2916 190 73 lit,de

207 3025 101 41 ses
346 3008 252 57 déserts
637 3006 91 59 les
764 3006 146 78 plus
954 3008 434 61 abandonnés
1421 3027 110 42 ma
1586 3009 310 60 demeure
1953 3010 60 60 et
2070 3009 112 60 des

209 3097 170 59 êtres
413 3097 93 61 les
565 3095 146 79 plus
776 3097 308 59 humbles
1115 3117 136 41 mes
1312 3099 226 62 frères.
1607 3100 120 60 Car
1790 3105 181 55 toute
2023 3118 154 42 mon

206 3189 143 57 âme
388 3189 94 57 est
515 3188 279 77 remplie
830 3189 77 59 de
945 3189 159 76 pitié
1141 3207 167 60 pour
1363 3191 65 59 la
1465 3191 288 61 maladie
1786 3191 87 59 du
1908 3192 265 60 monde.

205 3279 118 61 J'ai
360 3300 86 38 un
482 3297 317 61 royaume
827 3286 36 53 à
893 3281 231 77 perdre
1167 3301 11 53 ;
1216 3282 64 77 je
1316 3282 263 79 perdrai
1614 3301 70 42 ce
1719 3301 318 61 royaume
2058 3304 120 58 par

206 3390 231 41 amour
470 3371 78 60 de
583 3390 104 41 ces
713 3371 297 61 millions
1048 3373 76 59 de
1160 3391 217 42 cœurs
1415 3373 340 79 angoissés
1816 3375 111 77 qui
1973 3375 163 80 m'ap-

205 3464 477 76 parviendront
758 3483 87 40 un
908 3464 176 77 jour,
1120 3467 235 59 sauvés
1419 3484 119 60 par
1598 3466 60 60 le
1693 3465 290 62 sacrifice
2047 3486 125 61 que

201 3554 411 79 j'accomplis
645 3560 38 55 à
717 3560 163 55 cette
918 3556 224 60 heure.
1184 3578 33 34 »

287 3646 71 59 D.
410 3646 258 70 Quelles
704 3646 401 61 résolutions
1137 3648 213 76 prit-il
1385 3649 176 61 alors
1595 3650 27 59 ?
