2276 4069
787 187 166 34 REVUE
990 190 64 31 DE
1090 191 60 32 LA
1187 190 269 38 QUINZAINE

2039 190 81 45 525

125 399 223 45 numéros
372 398 303 57 précédents,
699 400 209 58 quoique
932 402 157 56 l'idée,
1105 403 80 57 qui
1218 417 62 30 en
1308 413 70 36 est
1414 405 177 58 grande
1611 413 44 36 et
1685 405 143 58 large,
1853 404 93 43 soit
1975 412 125 35 trans-

125 461 111 45 crite
261 461 118 44 dans
400 460 82 45 des
507 460 179 43 formes
710 475 65 30 un
802 477 94 42 peu
917 478 297 33 communes.

181 526 375 55 Leprogramme
582 524 278 55 annonçait,
882 525 257 57 pourfinir,
1153 541 97 32 une
1266 538 165 35 sonate
1456 544 124 43 pour
1593 530 287 44 violoncelle
1913 538 44 35 et
1976 530 145 57 piano

125 590 56 43 de
202 588 53 42 A.
273 586 403 46 deMontrichard
691 601 10 39 ;
723 601 51 29 sa
799 587 179 45 facture
1005 602 59 31 ne
1086 592 90 42 m'a
1197 605 85 42 pas
1303 606 121 43 paru
1447 593 259 55 mauvaise,
1732 595 91 43 elle
1851 602 71 36 est
1939 607 59 32 en
2017 601 107 36 tout

123 665 77 30 cas
226 649 248 57 originale,
503 649 302 57 quelquefois
840 658 109 50 trop
990 653 170 55 même,
1203 654 117 45 mais
1354 656 90 44 elle
1470 657 165 44 mérite
1666 657 270 58 cependant
1978 658 144 43 d'être

125 713 250 44 entendue.

174 776 98 42 Jos.
299 774 280 56 Hollmann,
606 774 43 43 le
671 774 72 42 roi
762 774 64 43 du
849 775 304 56 violoncelle,
1186 792 27 29 a
1237 779 81 43 des
1345 781 236 44 sonorités
1603 784 282 44 étonnantes
1906 799 9 29 :
1943 784 32 42 il
1995 783 127 44 suffit

123 840 55 43 de
201 839 260 43 l'entendre
492 837 227 45 accorder
744 851 63 29 ou
832 837 117 45 faire
981 851 67 31 un
1072 840 232 56 pizzicato
1327 855 117 43 pour
1471 846 311 55 comprendre
1821 846 112 57 qu'il
1957 861 31 44 y
2009 860 27 29 a
2077 846 44 43 là

123 901 201 57 quelque
348 901 147 43 chose
529 901 238 56 qu'iiucun
790 901 244 54 peut-être
1059 902 75 43 n'a
1165 902 167 56 jamais
1357 906 204 54 possédé
1588 921 10 28 :
1622 920 95 30 une
1749 908 175 56 qualité
1950 910 57 42 de
2032 921 88 32 son

122 964 78 57 qui
221 963 118 44 tient
381 964 64 43 du
468 963 217 57 prodige.
711 964 52 42 Je
789 964 143 43 rends
968 966 165 55 grâces
1175 966 300 45 maintenant
1515 968 27 43 à
1569 969 67 44 M.
1673 971 211 44 William
1923 972 198 43 Bastard

122 1027 174 44 d'avoir
316 1027 110 55 joué
452 1040 51 30 sa
539 1025 151 57 partie
715 1027 59 43 de
796 1027 147 55 piano
969 1028 27 42 à
1020 1027 44 43 la
1090 1028 141 44 mode
1270 1029 376 57 anglo-saxonne
1673 1047 10 29 :
1711 1047 115 32 avec
1851 1034 268 56 sans-gêne.

122 1090 122 43 C'est
276 1101 57 32 en
358 1087 110 45 effet
483 1103 123 43 pour
626 1089 116 43 faire
767 1089 101 43 face
890 1090 26 42 à
937 1103 75 30 ses
1026 1091 135 59 forte
1185 1091 288 57 continuels,
1499 1094 132 44 voire
1655 1095 152 46 même
1828 1098 289 59 fortissimo,

121 1165 89 43 que
236 1151 64 44 M.
323 1151 264 43 Hollmann
612 1164 26 30 a
658 1164 174 30 encore
857 1152 252 57 augmenté
1136 1152 222 59 l'énergie
1379 1167 113 32 avec
1513 1156 204 57 laquelle
1734 1157 33 44 il
1785 1159 86 44 tire
1889 1160 67 43 les
1981 1167 138 37 notes

121 1216 54 43 de
201 1228 87 30 son
310 1213 290 45 instrument
624 1214 310 45 enchanteur.

172 1278 50 43 Je
238 1275 97 45 suis
361 1277 179 44 certain
565 1277 146 57 qu'un
734 1277 353 44 violoncelliste
1113 1291 186 31 comme
1345 1293 64 29 on
1440 1293 59 31 en
1522 1282 99 43 voit
1647 1282 117 43 dans
1790 1296 86 32 nos
1901 1292 218 37 concerts

121 1339 197 43 n'aurait
339 1353 66 43 pu
431 1339 175 44 arriver
630 1340 24 41 à
677 1339 116 43 faire
827 1341 230 42 entendre
1078 1354 66 31 un
1167 1341 102 44 seul
1296 1354 105 31 son.

174 1402 121 44 Mais
319 1402 66 44 M.
410 1402 200 44 Bastard
636 1404 149 43 savait
809 1416 109 30 sans
948 1405 144 43 doute
1117 1404 113 57 qu'il
1256 1405 271 44 s'adressait
1546 1408 25 41 à
1604 1408 122 43 forte
1757 1409 165 56 partie,
1945 1418 44 34 et
2008 1410 113 45 c'est

117 1466 231 56 peut-être
380 1465 44 43 là
448 1465 323 58 l'explication
796 1466 59 43 de
879 1466 46 43 la
948 1466 143 56 façon
1122 1467 287 57 vigoureuse
1434 1476 44 36 et
1501 1477 256 49 tapageuse
1781 1471 118 43 dont
1927 1471 33 43 il
1990 1486 27 28 a
2046 1472 73 45 été

118 1528 42 43 le
183 1527 267 57 partenaire
476 1527 225 57 applaudi
725 1527 59 44 de
805 1528 66 43 M.
901 1528 280 46 Hollmann.

120 1663 135 35 Société
281 1665 61 32 des
360 1664 172 33 Concerts
552 1665 41 32 de
610 1664 119 34 Chant
744 1665 186 44 classique.

169 1766 55 43 Je
249 1777 59 31 ne
330 1764 94 44 sais
451 1766 38 42 si
516 1766 101 43 cela
638 1767 188 56 dépend
851 1767 59 43 de
954 1767 300 44 l'excellente
1277 1768 293 57 impression
1602 1769 63 44 du
1701 1769 161 55 début,
1903 1771 218 56 toujours

118 1827 126 43 est-il
271 1841 92 41 que
388 1827 45 43 la
459 1828 204 43 matinée
690 1829 63 42 du
786 1843 49 29 11
865 1829 94 43 mai
984 1830 92 42 m'a
1099 1843 123 43 paru
1252 1830 279 45 charmante
1564 1844 58 31 en
1659 1839 108 36 tous
1790 1830 179 58 points.

170 1890 41 42 A
235 1903 114 29 mon
367 1890 120 52 avis,
511 1899 106 36 tout
638 1890 251 45 l'honneur
930 1905 58 31 en
1016 1893 183 44 revient
1222 1893 114 44 àM.
1383 1894 46 43 6.
1457 1895 170 55 Marty,
1664 1894 118 44 dont
1814 1895 44 43 la
1901 1895 221 57 baguette

114 1952 256 57 énergique
394 1961 46 35 et
471 1954 204 43 délicate
701 1955 27 42 à
751 1955 43 42 la
821 1954 91 44 fois
940 1969 25 29 a
990 1955 149 57 dirigé
1186 1956 44 43 le
1256 1964 198 35 concert
1501 1956 60 45 de
1584 1956 213 45 manière
1823 1957 26 42 à
1873 1957 42 44 le
1951 1957 170 45 rendre

113 2015 311 57 impeccable.

167 2077 76 43 On
266 2091 26 29 a
310 2077 226 58 applaudi
558 2079 106 42 Mme
690 2081 190 54 Auguez
903 2082 56 43 de
981 2079 268 47 Montalant
1270 2081 438 58 particulièrement
1721 2083 119 42 dans
1866 2095 87 30 son
1975 2083 120 43 inter-

111 2139 237 56 prétation
371 2139 95 44 très
494 2142 296 57 dramatique
809 2143 65 43 du
897 2144 100 43 rôle
1023 2144 57 43 de
1106 2143 265 44 Brunehild
1696 2144 128 45 Sam.
1852 2145 264 56 Rousseau,

112 2204 147 52 actel,
281 2211 63 35 ier
362 2203 229 54 tableau).
615 2205 62 42 M.
704 2205 54 45 A.
788 2205 129 43 Brun
943 2219 26 31 a
995 2219 59 31 eu
1072 2219 53 31 sa
1146 2214 106 49 part
1274 2208 57 42 de
1354 2206 240 57 triomphe
1612 2219 112 32 avec
1741 2208 46 42 la
1807 2208 230 44 Berceuse
2060 2206 59 45 de

112 2263 155 45 Darbé
294 2267 354 56 accompagnée
669 2267 96 43 fort
789 2269 340 44 délicatement
1144 2283 84 43 par
1249 2269 293 44 l'orchestre.

165 2327 144 43 Enfin
334 2328 175 45 louons
545 2330 43 43 le
629 2331 98 42 bon
769 2331 116 56 goût
926 2331 57 44 de
1017 2332 68 43 M.
1122 2332 171 57 Marty,
1331 2332 177 57 auquel
1528 2345 123 30 nous
1677 2332 176 45 devons
1879 2332 45 43 la
1952 2341 62 36 ire
2040 2346 52 31 au-

111 2388 148 44 dition
285 2390 139 44 d'une
456 2392 145 56 petite
625 2393 154 56 partie
799 2393 65 43 du
888 2406 47 30 2e
960 2403 102 34 acte
1087 2394 57 45 de
1176 2396 104 41 Don
1324 2394 250 59 Procopio.

165 2453 68 42 La
259 2454 111 43 voix
402 2454 220 53 discrète,
643 2469 59 29 au
727 2457 172 43 timbre
930 2471 66 30 un
1019 2471 94 44 peu
1132 2458 138 53 voilé,
1303 2458 57 44 de
1387 2458 67 44 M.
1482 2458 319 54 Plamondon,
1832 2459 81 56 qui
1933 2459 76 42 n'a
2053 2471 64 43 pu

111 2514 344 45 suffisamment
480 2517 271 44 claironner
774 2519 68 43 les
869 2519 242 57 répliques
1137 2520 261 43 éclatantes
1445 2520 59 43 de
1531 2521 245 56 Merowig,
1805 2534 25 29 a
1875 2520 86 43 fait
2000 2533 88 30 mer-

108 2576 139 44 veille
273 2578 117 44 dans
408 2580 118 42 trois
548 2580 241 43 chansons
813 2581 57 42 de
898 2581 183 52 Méhul,
1108 2582 118 43 dont
1242 2582 141 54 l'une,
1743 2590 69 35 est
1837 2582 276 43 délicieuse.

111 2639 133 44 Cette
278 2641 146 54 petite
446 2641 136 56 pièce
610 2650 71 34 est
701 2655 173 30 encore
901 2656 188 29 comme
1132 2643 272 56 imprégnée
1447 2644 82 41 des
1553 2643 212 55 parfums
1812 2643 139 42 d'une
1983 2642 132 44 foule

111 2702 54 43 de
189 2702 143 56 petits
357 2703 193 57 bergers
575 2704 241 52 Watteau,
841 2704 190 56 fragiles
1057 2718 187 29 comme
1270 2705 85 42 des
1379 2704 228 57 figurines
1640 2705 57 42 de
1720 2705 119 42 Saxe
1866 2704 80 56 qui
1981 2704 104 45 devi-

108 2773 104 34 sent
236 2765 350 56 joyeusement,
607 2766 158 44 tandis
789 2780 91 44 que
902 2766 204 45 résonne
1127 2766 43 45 le
1190 2766 224 44 hautbois
1440 2766 289 58 champêtre,
1755 2779 92 43 que
1871 2765 242 46 bruissent

108 2825 67 43 les
200 2827 143 56 petits
368 2827 210 52 violons,
601 2829 43 42 le
667 2836 105 35 tout
800 2831 323 54 accompagné
1147 2830 58 43 de
1228 2829 46 43 la
1297 2836 112 36 note
1431 2830 26 41 à
1481 2829 191 48 dessein
1699 2829 243 56 aigrelette
1966 2836 46 36 et
2044 2843 66 30 un

108 2901 93 43 peu
225 2890 178 57 maigre
428 2891 64 43 du
516 2891 212 44 clavecin
747 2891 184 57 Pleyel.

165 2953 74 41 En
263 2966 66 29 un
355 2962 116 46 mot,
498 2954 43 42 le
563 2961 197 37 concert
783 2967 26 29 a
832 2953 72 43 été
929 2966 64 30 un
1020 2952 164 44 succès
1226 2961 101 35 tant
1351 2965 125 44 pour
1518 2953 67 43 les
1618 2952 352 56 organisateurs
2017 2966 91 43 que

108 3025 121 44 pour
253 3015 43 42 le
315 3015 114 44 chef
448 3015 291 45 d'orchestre
767 3023 46 36 et
829 3015 69 44 les
920 3014 298 57 interprètes.

205 3168 114 34 Marie
339 3169 137 43 Capoy.
512 3168 47 35 G.
581 3169 105 34 Loth.
704 3168 52 37 M.
777 3168 150 34 Hewitt.

165 3274 66 42 Le
253 3274 154 44 même
427 3276 123 56 jour,
570 3274 116 44 salle
722 3273 208 53 Berlioz,
959 3285 64 30 on
1049 3285 26 29 a
1094 3271 251 54 beaucoup
1378 3267 224 57 applaudi
1625 3267 43 43 le
1710 3267 122 43 beau
1854 3268 150 42 talent
2047 3267 60 43 de

108 3338 254 43 cantatrice
388 3338 58 43 de
471 3338 107 42 Mme
602 3338 66 43 M.
687 3338 168 53 Capoy,
874 3337 119 43 dont
1016 3332 394 58 l'interprétation
1425 3332 207 55 s'adapte
1656 3330 139 43 d'une
1811 3329 141 57 façon
1976 3330 105 43 éton-

108 3409 140 34 nante
291 3401 25 42 à
351 3401 44 42 la
418 3400 182 45 facture
633 3399 245 44 différente
911 3399 82 43 des
1019 3409 255 32 morceaux
1298 3394 172 57 qu'elle
1509 3394 184 43 chante.
1810 3393 70 43 De
1908 3393 64 43 M.
1999 3393 104 45 Geo.

107 3461 117 46 Loth
247 3476 64 30 on
347 3478 28 29 a
408 3464 157 57 goûté,
588 3476 61 31 au
685 3462 150 56 grand
859 3473 164 44 orgue,
1048 3456 381 58 l'impeccabilité
1453 3456 64 43 du
1546 3455 118 57 style
1701 3461 45 37 et
1769 3455 45 43 la
1838 3453 267 46 correction

107 3523 277 59 rigoureuse
421 3528 64 44 du
529 3527 95 57 jeu.
739 3525 151 57 Après
922 3522 132 45 avoir
1075 3522 130 56 parlé
1238 3521 58 43 de
1337 3520 300 54 l'exécutant,
1660 3518 43 52 je
1749 3518 254 59 m'attaque
2044 3531 61 32 au

107 3588 324 56 compositeur
450 3603 9 40 ;
487 3591 42 54 je
550 3602 60 31 ne
635 3587 181 46 saurais
837 3600 59 30 en
918 3583 108 46 effet
1044 3596 168 44 passer
1236 3594 112 32 sous
1373 3580 179 45 silence
1576 3582 45 43 la
1644 3579 139 57 façon
1804 3580 295 58 intelligente

106 3657 95 39 et...
225 3652 183 44 réussie
432 3652 118 44 dont
570 3652 35 43 il
625 3666 24 29 a
667 3650 89 46 mis
779 3663 58 32 en
861 3648 221 57 musique
1106 3658 94 32 une
1224 3645 84 45 des
1334 3644 270 44 meilleures
1618 3641 160 60 pièces
1799 3644 58 44 de
1885 3645 213 45 Leconte

114 3713 56 44 de
198 3714 127 44 Lisle
344 3728 11 32 :
390 3715 46 43 la
459 3715 218 46 Chanson
696 3715 61 43 du
781 3714 149 44 Rouet
945 3729 13 36 ;
983 3711 43 45 le
1070 3710 165 57 public
1260 3709 99 44 s'en
1391 3716 71 37 est
1491 3720 174 46 aperçu
1699 3720 187 33 comme
1906 3709 97 44 moi
2032 3727 13 36 ;
2072 3707 38 45 il

108 3775 60 44 l'a
197 3776 84 47 fait
310 3779 316 56 comprendre
661 3790 85 45 par
771 3790 76 33 ses
871 3774 465 59 applaudissements
1362 3772 24 45 à
1410 3772 197 47 l'auteur
1645 3780 46 39 et
1724 3772 26 45 à
1796 3772 104 47 Mm®
1924 3774 183 59 Capoy,
