2276 4069
740 225 57 28 LE
832 223 236 30 MERCURE
1101 223 217 30 MUSICAL
1451 211 178 42 I-VI-OÔ

202 226 91 43 504

230 430 364 69 Composition
891 426 180 65 musicale,
1072 425 91 52 intitulé
1164 445 55 27 «
1220 426 60 49 la
1281 425 252 52 Tonalité
1568 446 46 41 »,
1648 427 73 52 où
1755 427 47 51 le
1838 427 223 55 schéma
2094 435 70 52 du

203 526 27 32 «
256 506 167 68 Cycle
461 505 94 49 des
581 501 224 67 quintes
833 521 23 28 »
894 511 82 39 est
1008 499 255 69 employé
1289 503 29 49 à
1350 501 247 52 illustrer
1629 502 50 51 la
1719 502 445 60 démonstration

200 583 94 50 des
312 576 320 54 «fonctions
650 576 215 50 tonales
894 596 23 25 »
943 587 54 39 et
1029 577 73 51 du
1135 576 165 68 degré
1327 577 65 51 de
1415 599 22 25 «
1460 582 228 64 parenté
1722 579 96 51 des
1845 597 132 35 sons
2013 602 45 31 ».
2088 585 75 52 De

200 667 145 39 sorte
378 668 107 51 que
508 652 48 49 le
579 651 91 64 m/,
706 671 24 27 «
773 651 372 68 harmonique
1175 672 22 27 »
1234 665 52 39 et
1318 652 166 52 tierce
1521 675 23 25 «
1575 654 66 51 de
1672 656 84 49 Do
1791 676 47 44 »,
1869 668 82 38 est
1986 665 150 61 repré-

199 732 153 47 senté
381 743 95 36 sur
496 727 47 51 le
576 726 220 52 tableau
822 742 100 52 par
946 727 47 51 le
1860 726 110 67 Mi,
1161 745 35 49 4
1200 736 16 23 e
1247 727 196 70 quinte
1484 731 65 50 de
1584 747 58 33 ce
1787 732 73 66 (p.
1916 750 14 31 1
1954 733 80 67 14)
2071 736 94 57 ;le

194 799 87 70 fa
411 799 44 70 «
498 799 435 70 harmonique
961 823 26 26 »
1026 814 53 39 et
1128 802 166 53 tierce
1331 825 24 26 «
1393 806 65 50 de
1491 804 77 51 Ré
1601 825 47 44 »,
1695 817 52 39 et
1788 804 48 52 le
1887 806 79 52 Ré

200 898 23 26 «
247 875 376 69 harmonique
649 896 23 29 »
698 888 52 39 et
786 875 168 52 tierce
975 898 23 28 «
1036 878 65 51 de
1136 878 54 52 si
1220 901 47 42 »,
1304 892 128 39 sont
1457 880 467 69 respectivement
1945 883 75 69 (p.
2053 888 112 66 115)

195 953 204 68 figurés
423 968 101 52 par
557 952 50 50 la
644 953 25 51 5
674 960 18 21 e
725 964 53 40 et
805 953 50 52 la
879 971 31 49 9
914 960 18 22 e
970 953 194 68 quinte
1199 955 73 52 du
1316 962 182 45 même
1661 976 25 31 «
1721 974 68 35 en
1834 958 170 52 allant
2047 978 118 36 vers

195 1025 164 71 l'aigu
390 1048 44 31 ».
466 1028 44 49 Il
538 1027 230 52 s'ensuit
800 1029 437 52 naturellement
1258 1030 149 54 aussi
1434 1051 108 50 que
1570 1034 77 51 les
1675 1051 129 34 sons
2074 1038 90 52 des

194 1103 144 51 deux
362 1103 227 51 accords
608 1103 216 70 majeur
847 1115 53 39 et
933 1104 212 51 mineur
1152 1143 12 27 ,
1192 1105 66 52 de
1281 1108 163 51 mode
1484 1107 219 53 inverse
1727 1123 52 38 et
1812 1110 66 51 de
1912 1112 252 52 tonalités

213 1176 272 66 relatives,
495 1179 442 67 correspondent
970 1195 95 37 sur
1103 1180 47 51 le
1192 1181 191 53 dessin
1416 1187 29 48 à
1469 1199 79 37 un
1712 1198 53 38 et
1812 1202 76 35 un
1921 1185 92 52 Mi
2047 1204 89 51 pro-

194 1253 149 52 duits
369 1269 101 52 par
750 1253 134 69 quintes,
885 1270 127 36 encore
1013 1273 79 52 que
1119 1255 48 52 le
1186 1268 144 42 texte
1354 1270 52 40 et
1425 1259 77 52 les
1529 1260 279 69 exemples
1834 1265 158 47 notés
2025 1279 105 36 sem-

192 1329 153 52 blent
371 1329 334 68 interpréter
730 1347 58 35 ce
1472 1331 92 52 Mi
940 1348 217 35 comme
1191 1335 51 50 la
1472 1338 73 50 du
1690 1349 52 38 et
1777 1354 102 34 son
2103 1341 61 51 de

190 1405 237 51 l'accord
462 1405 74 52 mi
644 1406 82 51 Do
848 1406 52 52 la
927 1409 74 51 du
1044 1420 98 40 ton
1175 1409 189 52 relatif
1398 1411 239 54 mineur.

264 1479 237 54 Comme
524 1480 134 52 celle
684 1484 63 48 de
772 1482 79 51 M.
884 1481 301 67 Riemann,
1220 1485 51 52 la
1295 1485 216 53 théorie
1537 1489 66 51 de
1622 1488 78 52 M.
1733 1488 233 71 Sérieyx
2004 1508 128 53 appa-

193 1556 105 51 raît
330 1556 163 61 donc,
529 1560 28 47 à
588 1556 298 69 l'épreuve,
914 1557 504 56 inconsciemment
1450 1562 163 53 basée
1646 1581 96 35 sur
1783 1581 77 36 un
1892 1569 236 66 tempéra-

208 1637 147 46 ment
369 1630 225 66 virtuel,
636 1649 196 52 vague,
874 1632 284 70 imprécis,
1183 1636 141 52 mais
1361 1637 151 66 fatal,
1558 1639 97 68 qui
1693 1641 76 50 les
1803 1641 309 54 condamne
2135 1648 26 48 à

193 1706 373 69 l'équivoque.
594 1708 79 51 La
698 1725 163 36 cause
899 1710 277 71 première
1220 1729 69 35 en
1322 1726 81 40 est
1425 1715 137 51 dans
1589 1716 48 51 le
1684 1716 253 70 principe
1984 1724 176 47 même

192 1782 66 51 de
283 1799 88 34 ces
391 1782 240 52 théories
659 1796 10 38 :
700 1783 348 70 l'hypothèse
1074 1787 278 68 préalable
1387 1791 66 51 de
1468 1791 142 51 deux
1638 1813 23 25 «
1691 1794 194 50 modes
1906 1814 24 25 »
1953 1795 208 67 majeur

192 1869 53 39 et
294 1857 214 51 mineur
548 1857 406 69 primordiaux,
990 1861 267 56 définitifs
1293 1876 52 40 et
1390 1865 522 71 imprescriptibles,
1949 1882 54 39 et
2042 1870 117 53 leur

190 1931 323 68 opposition
546 1933 314 52 essentielle
894 1936 321 52 démontrée
1257 1951 99 56 par
1394 1941 51 49 la
1486 1942 263 67 symétrie
1782 1943 96 51 des
1902 1957 256 56 rapports

189 2004 248 52 inverses
470 2007 64 51 de
568 2008 143 51 deux
740 2008 228 52 accords
992 2009 64 53 de
1088 2012 137 51 trois
1250 2030 124 35 sons
1401 2015 109 53 dits
1533 2036 24 27 «
1595 2017 231 67 parfaits
1855 2039 49 44 »,
1938 2018 218 54 fournis

189 2096 100 51 par
319 2081 49 50 la
400 2093 195 40 nature
623 2095 52 38 et
707 2083 244 69 uniques
974 2086 66 50 de
1067 2086 120 53 leur
1219 2093 213 64 espèce,
1460 2107 68 35 en
1548 2103 119 41 tant
1691 2110 108 53 que
1820 2095 151 52 seule
2004 2112 120 52 capa-

188 2154 87 51 ble
316 2156 65 50 de
443 2157 339 67 synthétiser
823 2159 49 50 la
912 2161 228 66 dualité,
1177 2162 288 72 identique
1510 2183 68 35 en
1618 2185 85 33 ses
1732 2170 291 67 éléments,
2064 2172 91 50 des

188 2230 143 51 deux
355 2244 261 55 concepts
653 2238 260 64 opposés.
945 2236 407 71 L'acceptation
1383 2242 65 51 de
1482 2258 57 35 ce
1568 2242 253 71 principe
1855 2244 233 70 exigeait
2109 2246 47 52 la

185 2304 189 51 fiction
420 2307 33 50 d
475 2322 110 35 une
627 2328 23 27 «
695 2313 302 50 résonance
1048 2313 298 55 inférieure
1402 2337 24 27 »
1773 2323 28 47 à
1848 2319 210 54 l'instar
2092 2322 63 52 de

188 2380 51 51 la
265 2398 27 32 «
319 2384 302 50 résonance
663 2384 324 69 supérieure
1016 2408 47 41 »,
1107 2402 52 38 et
1183 2389 341 71 impliquait,
1556 2393 331 55 sciemment
1911 2415 73 34 ou
2022 2413 129 50 non,

187 2454 15 51 1
225 2455 364 66 exploitation
616 2458 291 53 arbitraire
928 2462 68 50 de
1021 2463 113 52 l'un
1162 2477 51 39 et
1244 2465 192 54 l'autre
1458 2469 355 68 phénomène
2081 2491 69 35 ou

185 2529 224 67 qualifié
442 2530 91 62 tel,
561 2549 100 51 par
687 2533 14 51 1
725 2535 283 52 exclusion
1032 2539 65 51 de
1136 2542 238 50 certains
1815 2553 233 64 gênants
2083 2566 67 35 ou

185 2605 295 67 superflus.
505 2606 45 50 Il
575 2624 144 37 nous
750 2623 144 39 reste
921 2615 28 49 à
969 2615 284 52 examiner
1270 2618 51 51 la
1343 2619 194 52 valeur
1553 2622 66 50 de
1636 2639 57 33 ce
1721 2624 246 67 postulat
1999 2624 120 70 prin-

183 2676 181 70 cipiel,
391 2685 298 64 emprunté
714 2700 101 54 par
839 2686 76 52 M.
946 2688 279 56 Riemann
1258 2695 28 49 à
1310 2711 111 35 von
1449 2695 297 70 Œttingen
1773 2699 96 69 qui
1902 2700 249 68 l'énonça

180 2765 52 40 et
250 2752 47 54 le
331 2758 353 63 systématisa
716 2773 123 40 tout
862 2763 259 55 d'abord.

1483 2888 457 53 Jean
1940 2888 1 53 Marnold.

456 2971 63 65 {A
551 2971 232 66 suivre.)
