2278 3942
782 271 148 29 COURS
966 269 59 27 DU
1061 257 203 37 COLLÈGE
1297 262 57 27 DE
1390 257 175 30 FRANCE

161 279 80 48 428

161 384 91 47 pris
276 393 59 28 un
353 369 264 61 protecteur)
635 377 67 34 est
727 367 240 49 beaucoup
989 362 105 53 plus
1114 369 138 41 grave
1273 367 86 42 que
1379 351 281 42 l'assassinat
1694 346 55 41 de
1772 345 40 41 la
1833 355 120 29 mere
1975 341 100 54 (par
2097 355 76 31 son

161 449 103 48 fils).
296 445 69 44 En
398 443 116 49 effet,
549 438 138 48 dit-il,
714 437 39 40 le
790 439 108 50 père
931 440 66 32 est
1035 423 360 58 indispensable,
1437 433 114 40 pour
1580 420 234 51 procréer;
1845 411 149 43 tandis
2033 424 84 39 que
2139 411 35 42 la

160 519 178 45 femme,
366 528 53 27 on
436 515 101 50 peut
555 523 42 27 se
615 515 147 50 passer
785 503 141 40 d'elle.
950 499 57 43 Et
1026 499 30 40 il
1080 499 83 40 cite
1181 505 181 32 comme
1378 487 203 55 exemple
1602 485 152 43 Pallas
1784 482 271 47 elle-même,
2078 480 98 53 juge

160 588 55 40 de
252 598 48 28 ce
323 581 132 43 débat
476 591 9 30 :
511 575 228 46 n'est-elle
760 585 80 42 pas
870 571 137 41 sortie
1044 567 55 42 de
1118 566 174 56 Jupiter
1315 570 95 34 tout
1449 557 184 43 seul?...
1680 553 130 42 Voilà
1845 551 79 42 des
1951 550 122 41 idées
2107 553 71 51 qui

163 663 186 35 mettent
371 657 22 36 à
418 650 109 43 rude
561 652 191 49 épreuve
775 651 128 33 notre
925 637 271 45 admiration
1219 646 116 41 pour
1359 632 39 39 la
1434 630 155 53 poésie
1612 626 185 51 antique
1812 621 8 39 !

221 724 73 43 On
316 724 64 40 dit
399 735 8 27 :
433 734 19 25 «
479 718 33 42 Il
532 731 55 28 ne
608 716 94 42 faut
725 726 82 42 pas
832 713 128 52 juger
983 707 93 43 cela
1100 704 178 54 d'après
1301 713 82 30 nos
1406 697 243 43 habitudes
1665 693 240 43 modernes
1932 721 9 18 ,
1965 688 29 42 il
2026 687 91 43 faut
2136 703 41 28 se

164 795 110 42 faire
296 807 61 27 un
387 792 139 51 esprit
549 798 103 40 grec
685 796 114 41 pour
837 778 234 55 apprécier
1113 774 64 41 les
1212 771 139 43 Grecs
1374 769 7 40 !
1410 783 20 23 »
1471 764 231 59 J'entends
1725 762 119 42 bien.
1875 758 115 42 Mais
2012 771 53 26 ne
2087 772 71 28 con-

164 863 194 43 fondons
396 872 82 42 pas
520 858 39 40 le
598 857 231 52 jugement
871 849 55 42 de
969 845 252 44 l'historien
1256 849 42 33 et
1339 839 114 42 celui
1495 837 60 40 du
1577 835 188 51 critique
1795 844 57 28 ou
1885 829 54 41 de
1962 828 12 40 1
1993 828 189 43 honnête

164 934 198 41 homme.
386 925 273 44 L'historien
692 922 76 53 qui
791 927 106 34 veut
923 918 129 53 juger
1075 914 64 42 les
1172 923 178 30 œuvres
1392 908 56 42 de
1490 903 253 53 l'antiquité
1783 900 94 41 doit
1903 910 45 29 se
1972 895 110 42 fane
2103 910 79 28 une

165 1005 99 39 âme
285 1000 183 51 antique
488 1011 10 34 ;
523 995 40 41 le
586 994 207 51 critique,
821 989 78 46 lui,
932 999 55 29 ne
1020 985 180 41 connaît
1224 993 88 40 que
1331 979 42 40 la
1393 985 160 33 nature
1575 981 42 33 et
1637 970 267 43 l'humanité
1929 981 8 27 :
1962 979 47 28 ce
2032 979 74 39 qui
2125 976 57 32 est

165 1085 55 28 en
241 1070 166 42 dehors
429 1066 55 42 de
504 1064 118 43 l'une
643 1070 42 33 et
708 1061 54 41 de
780 1058 159 43 l'autre
962 1056 60 41 lui
1042 1055 144 53 paraît
1209 1049 311 43 franchement
1543 1054 221 30 mauvais.
1790 1038 31 41 Il
1844 1052 28 40 y
1895 1051 22 27 a
1943 1036 240 53 cependant

167 1141 113 41 deux
313 1138 102 41 faits
437 1135 111 41 dont
583 1132 29 41 il
650 1130 210 42 convient
893 1126 55 41 de
988 1124 115 41 tenir
1139 1127 193 45 compte,
1357 1125 41 33 et
1423 1127 86 42 que
1529 1111 282 56 j'indiquerai
1835 1120 106 28 sans
1961 1120 43 26 m
2025 1107 156 39 arrêter

167 1219 99 43 trop
290 1207 258 50 longtemps
573 1206 22 37 à
616 1214 71 28 ces
713 1196 288 53 généralités.

224 1277 50 57 Je
296 1276 140 42 disais
459 1286 86 41 que
569 1272 66 41 les
655 1267 172 55 grands
868 1270 154 49 poètes
1045 1273 129 40 grecs
1207 1267 76 34 ont
1322 1258 162 50 ignoré
1506 1253 209 41 l'amour.
1740 1247 69 42 En
1843 1247 170 44 réalité,
2037 1247 54 38 ils
2112 1252 69 33 ont

168 1352 68 37 été
258 1347 272 52 préoccupés
546 1341 54 42 de
622 1337 265 56 problèmes
908 1334 111 41 dont
1042 1331 63 41 les
1123 1326 212 57 primitifs
1364 1326 97 40 leur
1495 1322 182 42 avaient
1698 1318 321 42 certainement
2042 1322 115 33 trans-

169 1419 85 40 mis
271 1416 260 50 l'angoisse,
544 1419 42 34 et
606 1411 76 52 qui
704 1408 96 41 leur
823 1403 268 44 semblaient
1115 1399 234 51 beaucoup
1370 1395 102 54 plus
1487 1394 296 41 intéressants
1806 1400 60 40 qu
1886 1398 88 29 une
1995 1384 184 51 intrigue

170 1496 301 40 romanesque
490 1489 124 33 entre
636 1478 115 42 deux
774 1477 156 52 jeunes
951 1484 130 40 gens.

227 1555 125 42 Dans
374 1568 62 27 un
457 1553 130 40 livret
619 1560 139 39 conçu
796 1549 23 37 à
856 1545 39 40 la
934 1543 200 40 manière
1158 1536 232 47 moderne,
1415 1534 41 40 le
1477 1536 131 50 poète
1631 1541 54 30 ne
1706 1535 105 46 peut
1834 1530 144 48 guère
1999 1530 187 34 montrer

174 1638 85 41 que
283 1624 38 41 la
346 1623 110 40 lutte
478 1620 54 41 de
555 1616 213 44 l'homme
810 1615 87 41 soit
927 1624 107 29 avec
1069 1610 258 43 lui-même,
1362 1601 151 56 quand
1550 1600 30 40 il
1616 1599 133 50 s'agit
1787 1596 60 41 du
1890 1592 152 43 conflit
2064 1591 52 42 de
2148 1591 34 41 la

173 1695 185 53 passion
375 1700 42 33 et
438 1690 60 42 du
521 1689 170 48 devoir,
718 1686 86 41 soit
841 1695 104 29 avec
977 1694 61 29 un
1058 1676 201 44 obstacle
1282 1675 222 40 extérieur
1524 1673 99 39 créé
1642 1681 83 41 par
1757 1680 59 27 un
1847 1676 174 41 groupe
2063 1660 122 41 social

172 1764 302 53 quelconque.
501 1757 87 42 Les
611 1755 156 48 Grecs,
790 1765 107 29 sans
917 1750 206 50 négliger
1146 1745 289 43 absolument
1454 1741 40 42 le
1519 1740 126 53 point
1670 1737 54 41 de
1744 1747 84 29 vue
1856 1732 205 48 humain,
2084 1743 19 28 s
2120 1743 45 40 ap-

170 1834 254 53 pliquaient
446 1834 20 36 à
492 1826 185 56 peindre
699 1837 87 30 une
821 1823 110 41 lutte
970 1827 96 36 tout
1091 1826 126 33 autre
1254 1823 42 33 et
1334 1813 237 50 beaucoup
1597 1808 101 55 plus
1701 1803 17 22 r
1722 1803 248 55 grandiose
1989 1812 9 29 :
2025 1816 20 26 c
2063 1808 63 34 est
2152 1799 33 41 la

168 1902 110 41 lutte
300 1901 54 40 de
377 1897 216 43 l'homme
614 1903 151 35 contre
788 1892 63 42 les
871 1889 177 54 Esprits
1078 1884 238 43 invisibles
1334 1883 77 53 qui
1430 1888 99 34 sont
1569 1875 245 44 au-dessus
1849 1873 56 42 de
1938 1872 79 49 lui,
2046 1877 139 34 contre

168 1973 65 40 les
252 1971 130 42 dieux
407 1969 76 52 qui
507 1974 100 33 sont
625 1977 70 29 ses
713 1966 182 38 maîtres
915 1968 40 33 et
978 1964 188 36 souvent
1180 1968 72 28 ses
1273 1953 224 48 ennemis,
1517 1957 153 34 contre
1691 1953 147 34 toutes
1852 1943 63 40 les
1933 1941 250 54 puissances

169 2042 55 40 de
250 2039 150 51 magie
423 2038 76 52 qui
535 2034 245 55 pouvaient
822 2028 231 56 paralyser
1095 2039 47 28 sa
1172 2023 185 42 volonté
1400 2019 130 51 libre,
1565 2025 58 38 et,
1663 2015 102 55 plus
1807 2024 181 34 encore,
2021 2023 45 28 sa
2092 2007 96 42 lutte

172 2118 152 33 contre
356 2121 48 27 ce
436 2107 76 52 qui
544 2104 133 53 plane
718 2100 244 42 au-dessus
997 2096 79 41 des
1114 2098 117 38 êtres
1270 2100 43 33 et
1336 2088 80 44 des
1439 2090 160 41 choses
1621 2099 10 28 :
1669 2085 41 41 le
1732 2082 174 42 Destin.
1933 2080 65 41 Le
2028 2077 89 44 rôle
2138 2076 49 42 du

168 2184 129 48 poète
319 2178 105 40 était
443 2175 55 41 de
540 2180 203 35 raconter
780 2170 65 41 les
884 2166 240 56 péripéties
1160 2162 56 42 de
1245 2175 48 28 ce
1331 2159 104 43 duel
1480 2156 150 52 inégal
1664 2164 42 31 et
1744 2160 321 44 gigantesque,
2098 2146 89 42 den

168 2256 199 35 montrer
389 2246 63 41 les
475 2244 142 48 effets,
643 2241 101 42 d'en
767 2239 236 53 expliquer
1028 2236 64 41 les
1116 2231 211 56 épisodes
1349 2234 21 36 à
1390 2227 133 43 l'aide
1558 2226 80 41 des
1674 2222 196 55 mythes,
1914 2221 55 40 de
1992 2218 62 42 lui
2078 2217 88 42 cher-

170 2316 104 43 cher
305 2330 61 28 un
389 2315 301 40 dénouement
714 2306 203 57 possible
940 2305 116 42 dans
1080 2303 39 41 le
1151 2314 104 29 sens
1289 2300 54 40 de
1367 2298 39 41 la
1440 2297 174 53 justice,
1659 2301 40 33 et
1739 2292 100 41 den
1870 2289 186 41 adoucir
2091 2297 97 42 pour

172 2387 114 41 ainsi
306 2385 94 40 dire
415 2383 40 41 la
481 2385 185 39 cruauté
690 2392 80 40 par
802 2381 40 38 le
865 2376 183 40 charme
1067 2372 77 42 des
1169 2378 91 33 arts
1282 2368 59 42 du
1367 2366 190 54 rythme.
1580 2363 128 42 Cette
1732 2361 265 52 conception
2019 2366 65 33 est
2112 2359 75 37 très

170 2457 206 50 éloignée
391 2453 60 41 du
470 2452 89 41 duo
575 2451 55 40 de
663 2448 234 42 tendresse
921 2453 124 33 entre
1066 2457 59 27 un
1143 2441 174 41 Roméo
1341 2447 42 33 et
1401 2449 88 30 une
1519 2434 213 56 Juliette:
1759 2432 116 40 mais
1906 2429 86 42 elle
2021 2442 21 27 a
2070 2425 95 42 beau-

170 2537 113 39 coup
304 2522 53 42 de
380 2521 244 52 grandeur.
649 2517 127 43 Voici
800 2531 61 26 un
884 2522 127 34 autre
1033 2514 223 40 caractère
1280 2513 88 36 très
1397 2508 250 51 important
1666 2503 60 39 du
1754 2500 159 41 drame
1945 2498 194 51 antique.

231 2592 123 42 Pour
371 2589 183 42 réaliser
573 2588 95 41 leur
683 2585 200 50 dessein,
898 2583 65 40 les
979 2585 153 50 poètes
1148 2590 130 40 grecs
1298 2574 324 43 n'inventaient
1641 2584 79 41 pas
1738 2570 63 41 les
1824 2569 141 53 sujets
1983 2571 21 37 à
2026 2571 141 36 traiter
2179 2565 7 29 :

177 2663 54 40 ils
252 2674 47 28 se
321 2660 223 41 servaient
564 2658 56 39 de
641 2654 197 55 mythes,
864 2656 21 37 à
904 2649 168 53 l'égard
1090 2646 209 55 desquels
1325 2658 58 29 on
1407 2641 300 51 commençait
1731 2644 23 37 à
1777 2642 94 39 être
1894 2651 59 28 un
1975 2648 84 41 peu
2082 2642 84 41 scep-

179 2734 139 49 tique,
338 2730 116 39 mais
474 2728 76 53 qui
574 2725 214 42 restaient
810 2724 238 40 consacrés
1072 2733 83 39 par
1177 2717 66 41 les
1261 2726 244 42 croyances
1527 2710 273 44 nationales.
1821 2706 66 43 Or
1906 2706 65 42 les
1994 2697 193 59 légendes

179 2800 263 51 religieuses
465 2805 42 33 et
527 2795 261 55 populaires
809 2800 78 34 ont
909 2805 60 27 un
993 2787 221 52 singulier
1236 2783 220 56 privilège
1478 2795 9 28 :
1509 2781 109 42 elles
1638 2787 103 35 sont
1768 2789 177 31 comme
1964 2789 54 27 en
2042 2771 145 43 dehors

182 2870 54 40 de
259 2869 40 40 la
321 2870 155 49 région
502 2872 57 36 où
583 2879 58 28 on
677 2865 211 39 raisonne
927 2872 106 30 avec
1066 2857 39 42 le
1139 2856 92 42 bon
1255 2867 122 38 sens,
1403 2853 40 40 la
1482 2860 158 33 nature
1679 2857 42 33 et
1754 2848 10 41 1
1782 2848 263 52 expéiience
2064 2875 9 16 ,
2096 2838 92 43 elles

183 2946 179 47 portent
395 2951 55 28 en
485 2936 308 41 elles-mêmes
829 2932 97 41 leur
967 2931 151 39 raison
1157 2926 153 49 d'être,
1335 2935 179 30 comme
1532 2922 65 41 les
1616 2923 219 50 mystères
1848 2917 56 40 de
1928 2916 41 41 la
1994 2913 60 42 foi
2077 2919 38 33 et
2136 2909 52 41 les

183 3010 189 49 dogmes
400 3006 78 42 des
501 3003 301 51 théologiens.
828 2999 121 44 C'est
972 3011 87 29 une
1082 3004 120 35 sorte
1221 2996 54 40 de
1312 2994 187 41 matière
1520 2988 270 52 intangible,
1815 2983 137 57 qu'on
1975 2990 104 47 peut
2101 2979 87 42 bien

187 3091 147 34 orner,
357 3079 230 51 présenter
606 3073 113 41 dans
741 3072 57 42 tel
815 3084 59 28 ou
897 3069 57 43 tel
976 3068 147 51 cadre,
1148 3067 116 40 mais
1285 3068 23 37 à
1334 3062 195 54 laquelle
1550 3074 58 28 on
1631 3073 56 27 ne
1712 3058 177 51 change
1915 3057 94 39 rien
2032 3063 107 43 pour
2158 3045 33 42 le

186 3145 124 44 fond.
347 3143 87 42 Les
474 3142 366 50 contemporains
871 3138 56 42 de
953 3135 222 55 Sophocle
1219 3147 55 28 ne
1312 3131 269 51 songeaient
1613 3142 83 39 pas
1739 3126 101 54 plus
1865 3128 21 36 à
1911 3124 191 40 discuter
2131 3125 61 32 ces

184 3215 145 43 fables
344 3211 195 56 (comme
560 3224 115 29 nous
697 3223 55 29 ne
771 3220 207 44 pouvons
1014 3218 115 29 nous
1165 3201 240 55 empêcher
1440 3200 54 41 de
1527 3199 39 40 le
1599 3196 130 54 faire)
1765 3209 60 41 qu
1845 3209 60 27 un
1937 3192 178 41 homme
2143 3184 50 41 du

184 3297 164 40 moyen
374 3286 82 47 âge
499 3293 56 29 ne
596 3293 47 28 se
685 3277 254 55 permettait
974 3274 56 42 de
1067 3274 198 40 discuter
1297 3284 61 28 un
1392 3270 107 39 récit
1523 3267 81 41 tiré
1638 3265 55 42 de
1717 3265 41 40 la
1783 3262 146 49 Bible,
1957 3260 57 42 tel
2055 3267 81 44 que
2162 3251 33 40 le

186 3351 199 46 sacrifice
423 3349 296 52 d'Abraham,
747 3361 57 28 ou
827 3347 55 41 de
916 3346 40 41 la
989 3346 72 39 vie
1080 3344 78 40 des
1181 3342 160 41 saints.
1368 3338 89 42 Les
1480 3337 263 42 librettistes
1765 3333 60 41 du
1852 3346 26 27 v
1882 3336 16 19 e
1923 3330 131 43 siècle
2077 3327 118 41 avant

183 3432 128 33 notre
333 3427 74 36 ère
429 3420 254 42 trouvaient
702 3417 115 41 dans
856 3422 112 35 cette
1000 3413 218 42 situation
1249 3422 90 29 une
1373 3406 174 54 grande
1570 3404 136 44 force.
1729 3402 58 42 Ils
1810 3402 169 42 étaient
1997 3401 199 39 soutenus

183 3502 41 33 et
243 3505 175 30 comme
438 3493 150 52 portés
611 3502 80 40 par
723 3488 40 41 la
808 3486 230 42 tradition.
1073 3482 57 42 Ils
1166 3495 56 28 ne
1246 3477 348 44 ressemblaient
1618 3474 249 44 nullement
1890 3486 84 26 aux
1992 3471 203 40 écrivains

183 3561 331 56 d'aujourd'hui
539 3559 92 54 qui,
657 3571 117 41 pour
790 3566 180 33 trouver
992 3567 61 28 un
1072 3552 130 42 livret
1221 3548 202 56 d'opéra,
1447 3554 109 35 vont
1577 3544 112 42 faire
1711 3544 80 41 des
1814 3538 260 46 recherches
2096 3533 99 42 dans

183 3631 64 41 les
278 3631 361 51 bibliothèques-,
678 3627 55 40 ils
766 3625 227 55 puisaient
1031 3622 115 42 dans
1181 3634 61 28 un
1275 3619 247 52 répertoire
1557 3614 169 42 d'idées
1758 3623 202 33 connues
1979 3609 54 42 de
2056 3609 89 38 tout
2164 3596 32 43 le
