2278 3942
133 293 81 48 438

587 301 58 27 UN
681 292 211 36 CIIORÈGE
925 300 217 28 MODERNE
1165 299 9 28 :
1208 295 265 33 ALEXANDRE
1507 300 184 29 CHORON

185 507 118 36 Nous
328 506 202 37 donnons
555 517 82 26 une
661 506 73 37 des
758 505 143 39 lettres
922 507 222 38 adressées
1169 520 73 38 par
1263 508 175 38 Choron
1484 520 51 26 au
1578 516 139 30 comte
1761 509 51 37 de
1856 509 167 46 Pradel,
2048 518 38 30 et
2117 510 37 38 le

137 576 174 42 rapport
334 567 99 51 qu'il
459 579 167 39 envoya
664 581 52 24 au
739 569 134 37 baron
915 570 50 37 de
1007 569 39 38 la
1071 571 120 37 Ferté
1235 570 120 51 après
1379 583 79 25 son
1482 579 157 30 retour.
1667 574 81 35 Les
1788 584 171 27 recrues
1999 573 157 38 étaient

133 630 209 39 destinées
372 630 20 37 à
413 630 38 37 la
471 630 203 50 Chapelle
704 632 56 36 du
782 631 77 48 roi,
883 644 53 26 au
961 633 342 46 Conservatoire,
1324 646 54 25 ou
1400 634 21 37 à
1444 633 163 39 l'Ecole
1636 634 50 38 de
1710 634 191 39 Choron.

1132 741 154 47 Douai,
1310 741 38 38 le
1366 741 227 39 dimanche
1618 742 49 37 28
1688 755 112 26 mars
1837 743 113 50 1819.

413 825 259 47 MONSIEUR
701 842 54 31 LE
780 826 191 59 COMTE,

196 918 166 47 Mardi
393 919 215 58 dernier,
644 918 41 60 je
708 920 103 47 suis
842 922 109 59 allé,
985 922 127 47 ainsi
1149 940 96 46 que
1270 922 165 61 j'avais
1460 941 60 31 eu
1546 925 270 47 l'honneur
1836 927 59 45 de
1919 941 125 32 vous
2090 943 62 30 en

135 999 254 62 prévenir,
422 1004 25 42 à
479 1001 310 60 Estourmel,
817 1006 25 43 à
866 1005 129 46 deux
1018 1004 182 63 petites
1225 1005 157 48 lieues
1404 1007 59 46 de
1486 1006 259 59 Cambrai,
1779 1009 243 46 entendre
2052 1024 100 31 une

132 1081 302 46 basse-taille
466 1083 85 62 qui
573 1084 186 47 m'était
784 1084 254 64 indiquée.
1066 1086 137 48 C'est
1232 1103 69 31 un
1331 1087 146 61 jeune
1505 1088 205 47 homme
1758 1091 59 45 de
1854 1089 299 63 vingt-deux

132 1177 106 44 ans,
272 1164 149 45 d'une
452 1166 188 59 grande
677 1166 135 46 taille
839 1178 46 35 et
906 1168 118 46 d'un
1049 1168 250 64 physique
1326 1171 246 61 passable.
1612 1171 65 47 Sa
1699 1171 114 47 voix
1837 1185 75 33 est
1935 1188 61 30 en
2040 1173 113 46 effet

131 1259 97 30 une
259 1242 304 49 basse-taille
594 1262 138 31 assez
753 1247 142 56 forte,
922 1248 126 46 mais
1078 1250 117 46 d'un
1212 1250 185 48 timbre
1421 1263 104 35 mat
1541 1264 47 34 et
1620 1254 27 45 d
1672 1269 98 31 une
1795 1253 154 47 teinte
1985 1254 140 62 sépul-

128 1326 129 45 crale
285 1339 8 31 :
320 1326 31 45 il
379 1326 92 46 sait
497 1327 113 46 bien
641 1344 90 30 son
755 1329 165 47 chant.
943 1330 93 47 J'ai
1054 1336 153 58 pensé
1232 1332 121 62 qu'il
1373 1333 149 47 serait
1547 1334 295 47 admissible
1870 1351 60 31 au
1955 1335 195 60 besoin,

129 1406 128 47 mais
281 1422 196 32 comme
508 1407 254 64 j'espérais
792 1423 202 35 trouver
1019 1413 187 59 mieux,
1230 1414 41 60 je
1297 1429 61 31 ne
1384 1415 79 46 l'ai
1496 1415 145 62 point
1671 1420 207 59 engagé.

189 1489 56 45 Je
278 1488 103 48 suis
414 1489 127 63 parti
574 1491 40 46 le
646 1491 286 49 lendemain
974 1510 130 46 pour
1153 1496 164 47 Douai
1344 1513 9 30 :
1383 1496 32 46 il
1461 1496 166 47 faisait
1676 1514 69 31 un
1793 1503 101 42 très
1924 1500 227 47 mauvais

130 1581 196 51 temps;
360 1571 78 59 j'ai
463 1573 299 47 néanmoins
793 1590 249 46 parcouru
1080 1577 45 46 la
1153 1576 115 47 ville
1309 1594 129 46 pour
1471 1578 242 49 chercher
1743 1581 86 46 des
1861 1582 262 63 renseigne-

130 1664 165 34 ments
319 1665 11 47 ;
356 1651 92 60 j'en
469 1652 43 48 ai
537 1654 187 48 obtenu
750 1657 373 62 quelques-uns
1162 1675 85 31 sur
1279 1660 45 46 la
1353 1660 116 47 ville
1494 1674 46 33 et
1567 1662 69 46 les
1668 1663 258 58 environs,
1954 1663 128 47 mais
2108 1665 44 45 la

131 1733 133 61 pluie
313 1734 307 49 continuelle
663 1738 328 63 m'obligeant
1039 1743 25 43 à
1096 1754 158 34 rester
1290 1740 122 48 oisif
1447 1747 25 42 à
1504 1743 271 64 l'auberge,
1826 1745 79 59 j'ai
1956 1746 194 62 préféré

129 1827 200 35 monter
367 1816 58 46 de
452 1816 129 47 suite
603 1833 60 30 en
684 1818 245 64 diligence
948 1838 130 45 pour
1101 1839 79 30 me
1212 1825 182 45 rendre
1416 1828 25 42 à
1468 1825 145 58 Lille,
1638 1827 64 46 où
1730 1827 96 46 l'on
1851 1827 203 47 m'avait
2075 1829 50 45 in-

128 1895 151 63 diqué
305 1897 254 62 plusieurs
582 1898 172 61 sujets,
775 1902 115 47 sauf
908 1907 26 42 à
963 1904 199 47 revenir
1185 1909 25 42 à
1233 1906 181 60 Douai,
1441 1922 61 31 en
1525 1908 154 46 allant
1698 1909 57 46 de
1781 1909 126 47 Lille
1929 1913 25 43 à
1974 1912 174 45 Arras.

192 1979 67 45 Le
284 1977 137 60 jeudi
447 1980 177 60 matin,
651 1981 79 61 j'ai
748 1984 231 62 employé
1005 1986 69 46 les
1112 1987 248 62 premiers
1403 2002 255 34 moments
1708 1992 59 45 de
1797 1991 43 46 la
1881 1992 219 47 matinée
2124 1996 26 42 à

128 2060 195 45 vérifier
347 2061 69 46 les
448 2061 303 49 indications
782 2066 123 46 dont
929 2066 42 60 je
996 2067 141 47 viens
1158 2069 60 46 de
1252 2071 166 60 parler
1454 2083 9 34 :
1496 2073 116 45 elles
1658 2089 50 29 se
1752 2085 114 34 sont
1917 2077 233 44 trouvées

129 2140 247 48 inexactes
414 2158 85 32 sur
523 2144 253 62 plusieurs
802 2147 170 61 points
992 2161 12 48 ;
1029 2149 127 47 mais
1177 2151 208 46 m'étant
1409 2154 160 46 rendu
1591 2157 26 42 à
1641 2154 126 47 midi
1793 2158 25 43 à
1843 2155 307 48 l'Académie

128 2223 59 44 de
226 2223 254 63 musique,
513 2225 80 60 j'ai
624 2225 227 49 discerné
883 2241 144 35 entre
1059 2244 168 34 autres
1259 2249 96 30 une
1387 2235 271 47 excellente
1682 2236 311 47 basse-taille
2025 2239 125 45 dans

129 2319 65 30 un
227 2303 145 61 jeune
405 2306 204 48 homme
635 2309 59 45 de
749 2310 215 63 dix-sept
995 2328 106 41 ans,
1136 2319 206 43 nommé
1376 2317 183 62 Royer.
1608 2316 65 49 Sa
1703 2318 130 61 voix,
1877 2319 87 63 qui
1995 2337 26 29 a
2051 2336 99 30 une

128 2389 99 42 très
261 2389 186 59 grande
478 2391 233 57 étendue,
738 2403 72 34 est
832 2393 370 50 suffisamment
1226 2397 127 47 forte
1373 2418 10 35 ;
1420 2400 92 45 elle
1544 2413 74 34 est
1649 2413 201 35 surtout
1882 2404 101 44 très
2013 2404 137 61 égale

130 2479 47 33 et
198 2470 98 43 très
317 2468 356 50 harmonieuse
691 2484 11 48 ;
735 2472 32 47 il
792 2486 72 34 est
895 2473 109 62 déjà
1034 2478 377 60 passablement
1458 2481 266 49 musicien.
1756 2483 95 47 J'ai
1900 2485 250 46 demandé

129 2633 56 37 du
214 2634 22 36 6
259 2634 175 37 octobre
470 2635 112 50 1873,
676 2637 105 38 mais
798 2645 44 30 tu
866 2638 238 40 chanterais
1129 2654 97 26 avec
1247 2642 105 48 rien,
1378 2656 101 26 avec
1496 2653 74 30 ton
1594 2658 140 38 genou
1753 2654 70 38 ;tu
1848 2647 251 39 deviendras
2117 2648 38 38 le

127 2696 96 49 plus
243 2696 132 50 grand
399 2697 205 39 chanteur
618 2699 56 37 du
695 2701 172 47 monde,
894 2701 33 38 si
947 2710 44 29 tu
1014 2715 52 26 ne
1088 2716 72 26 vas
1180 2717 76 37 pas
1281 2706 173 39 brailler
1475 2708 22 37 à
1520 2708 186 50 l'Opéra.
1729 2724 19 22 »

180 2758 32 37 Il
236 2772 26 36 y
284 2758 108 39 avait
416 2760 189 50 toujours
629 2774 82 26 une
735 2776 148 36 guerre
908 2766 156 38 sourde
1088 2775 117 30 entre
1230 2768 37 39 le
1307 2770 215 39 directeur
1567 2772 50 38 de
1659 2772 162 39 l'Ecole
1864 2774 51 37 de
1946 2774 128 38 chant
2115 2783 40 30 et

129 2821 9 35 1
158 2821 228 38 Académie
427 2823 51 37 de
512 2823 209 51 musique.
758 2826 83 38 Des
875 2826 138 40 élèves
1052 2831 194 49 acceptés
1290 2844 166 28 comme
1499 2835 210 38 choristes
1753 2848 52 26 en
1854 2836 100 50 1819
1996 2837 159 38 étaient

130 2882 160 39 refusés
315 2896 51 25 en
396 2885 115 49 1821,
554 2887 120 48 mais,
712 2887 22 38 à
763 2889 38 36 la
824 2889 207 49 première
1056 2892 110 44 date,
1189 2906 20 25 «
1248 2894 162 49 régnait
1430 2896 189 50 Persuis,
1654 2910 99 26 avec
1796 2899 140 50 lequel
1976 2899 177 39 Choron

128 2946 99 37 était
250 2946 197 47 brouillé,
471 2948 104 38 mais
606 2950 71 49 qui
702 2963 42 25 se
784 2952 165 50 piquait
992 2953 51 39 de
1078 2955 168 50 probité
1286 2959 354 49 administrative,
1685 2962 273 50 aujourd'hui
1983 2963 171 51 l'Opéra

127 3010 182 49 possède
334 3022 57 24 un
409 3010 224 39 simulacre
655 3013 51 37 de
725 3013 212 39 directeur
957 3016 104 38 dans
1076 3018 38 37 la
1132 3030 214 38 personne
1369 3023 50 36 de
1438 3023 55 37 M.
1516 3023 150 50 Viotti,
1685 3024 172 39 homme
1880 3026 275 39 absolument

131 3072 71 37 nul
223 3087 34 24 ».
274 3073 159 49 (Lettre
459 3074 55 37 du
539 3087 50 25 20
616 3076 100 37 août
745 3077 114 47 1821,
880 3091 52 24 au
963 3081 187 50 marquis
1174 3084 50 36 de
1251 3084 264 52 Lauriston.)
1542 3087 182 39 Choron
1748 3101 43 25 se
1811 3088 137 51 plaint
1969 3089 50 38 de
2041 3090 110 49 parti

126 3134 99 49 pris.
252 3136 69 47 Or,
352 3136 149 47 Viotti,
526 3137 104 39 dans
673 3151 83 25 une
788 3139 123 40 lettre
948 3143 56 37 du
1029 3156 45 37 17
1102 3146 258 49 septembre,
1385 3148 250 40 l'informait
1666 3163 82 38 que
1788 3151 62 39 les
1872 3152 111 38 deux
2005 3152 148 50 jeunes

127 3210 100 37 gens
252 3211 26 24 n
294 3199 165 38 avaient
478 3212 57 37 pu
558 3200 85 39 être
664 3204 227 47 entendus,
911 3216 125 38 parce
1052 3208 122 49 qu'ils
1198 3221 52 27 ne
1275 3212 189 38 savaient
1489 3213 123 50 point
1635 3214 141 49 d'airs,
1795 3214 107 39 mais
1918 3216 237 38 seulement

130 3261 72 37 des
219 3261 156 49 parties
399 3261 210 49 chorales,
633 3272 39 30 et
701 3265 28 36 il
754 3265 165 40 invitait
942 3268 37 38 le
1003 3269 211 41 directeur
1235 3274 21 36 à
1284 3274 60 38 les
1366 3275 203 51 préparer
1589 3289 110 38 pour
1718 3291 59 25 un
1798 3279 157 38 nouvel
1976 3291 178 27 examen

132 3322 78 38 fixé
227 3336 51 25 au
299 3326 61 36 28.
377 3326 56 38 Le
460 3322 20 68 i
500 3322 21 68 5
541 3322 143 68 janvier
709 3329 186 49 suivant,
917 3331 110 38 deux
1051 3333 138 40 élèves
1207 3346 97 29 sont
1322 3339 186 49 refusés;
1527 3341 60 37 les
1607 3341 256 49 précédents
1885 3350 96 30 sont
2001 3343 152 37 admis.

180 3386 80 38 Les
284 3387 138 40 élèves
446 3389 51 38 de
519 3390 174 38 Choron
719 3392 169 38 avaient
911 3393 113 40 leurs
1049 3399 166 37 entrées
1233 3400 21 37 à
1272 3400 171 52 l'Opéra
1465 3404 150 37 .-Voilà
1636 3404 291 51 l'Espérance,
1951 3405 204 39 disait-on

128 3460 51 25 au
208 3450 176 50 théâtre,
405 3451 151 40 laissez
579 3466 148 37 passer
750 3454 11 37 1
782 3456 256 49 Espérance.
1062 3475 19 19 «
1108 3461 66 38 Un
1199 3463 102 49 soir,
1325 3466 186 49 Duprez,
1603 3468 101 38 c'est
1727 3468 59 37 lui
1810 3468 73 50 qui
1908 3468 38 38 le
1965 3477 188 38 raconte,

195 3512 209 50 Monpou,
426 3516 242 51 Boulanger
691 3526 40 29 et
746 3519 182 38 Renault
951 3533 43 25 se
1022 3522 219 52 plaignent
1265 3526 23 38 à
1313 3527 91 39 leur
1428 3530 149 39 maître
1598 3543 8 25 :
1635 3531 64 37 Eh
1729 3531 99 38 bien
1848 3536 8 33 î
1906 3531 92 38 leur
2028 3531 124 49 dit-il,

125 3573 214 50 répondez
359 3590 9 23 :
395 3577 119 39 Nous
543 3592 187 26 sommes
770 3581 293 52 l'Espérance,
1086 3595 39 30 et
1169 3601 107 27 nous
1321 3604 106 26 vous
1450 3592 145 40 ferons
1631 3595 40 36 la
1696 3592 188 50 Charité,
1920 3595 146 49 quand
2097 3607 56 27 on

125 3635 144 40 n'aura
293 3637 95 50 plus
413 3640 77 39 Foi
508 3642 105 39 dans
638 3655 78 27 nos
739 3643 163 41 vieilles
928 3647 199 49 reliques.
1154 3667 20 19 »
