2278 3942
104 288 111 47 446

595 282 216 35 VARIÉTÉS
839 290 7 25 :
885 290 78 26 LES
997 287 262 28 DANSEUSES
1295 287 55 25 DE
1385 284 122 27 COUR
1540 284 24 25 A
1596 282 106 34 JAVA

193 389 120 40 Voici
339 386 125 53 quels
487 394 101 31 sont
612 384 39 40 le
675 392 200 32 costume
898 391 40 31 et
972 382 62 40 les
1058 389 153 32 atours
1246 379 134 40 d'une
1404 376 155 54 bedojo
1581 389 11 25 :

190 457 120 40 Elles
338 463 102 32 sont
461 452 178 42 coiffées
664 466 54 26 en
741 450 301 54 koukèlkltng,
1085 449 281 41 c'est-à-dire
1397 459 87 40 que
1507 445 120 40 leurs
1650 443 195 40 cheveux
1870 449 99 32 sont
1995 440 160 41 tendus

132 540 76 26 sur
230 539 59 26 un
312 538 71 25 arc
407 523 54 40 de
487 522 199 40 bambou
712 520 85 41 fixé
827 520 194 40 derrière
1047 519 38 40 la
1113 523 98 42 tête,
1237 522 21 35 à
1284 516 205 40 l'endroit
1512 520 56 35 où
1601 514 62 39 les
1705 511 187 40 femmes
1929 509 225 40 attachent

132 592 336 52 généralement
489 592 96 39 leur
607 590 235 40 chevelure
869 603 8 33 ;
905 589 106 39 elles
1035 602 54 26 ne
1113 595 176 44 portent
1314 588 41 37 ni
1381 579 160 57 kondèj
1583 583 43 39 ni
1659 579 196 55 sanggol
1862 610 8 16 ,
1906 579 37 39 la
1945 584 16 18 ê
1971 577 184 42 coiffure

134 661 224 41 ordinaire
385 661 76 39 des
484 659 280 55 Javanaises,
789 666 40 31 et
851 657 118 40 leurs
1001 657 194 40 cheveux
1214 663 75 32 ont
1317 653 283 52 l'apparence
1623 650 133 40 d'une
1790 650 145 38 mince
1965 647 189 52 planche

134 730 150 52 placée
306 729 333 40 verticalement
658 727 193 40 derrière
872 726 38 39 la
938 730 99 36 tête.

191 798 63 40 Le
277 799 161 51 peigne
468 795 83 42 fixé
571 797 111 40 dans
702 796 93 40 leur
814 795 235 40 chevelure
1074 809 21 25 a
1121 794 38 39 la
1185 792 143 41 forme
1348 791 25 40 d
1395 805 58 26 un
1478 791 153 39 oiseau
1653 797 40 31 et
1718 801 46 27 se
1787 799 182 28 nomme
1990 798 138 41 garou-

135 868 53 38 do
212 867 63 50 ;il
309 875 64 31 est
412 880 53 26 en
506 879 48 27 or
590 874 40 31 et
663 864 169 40 enrichi
874 864 53 39 de
966 863 226 40 diamants
1216 870 42 31 et
1288 861 53 40 de
1375 861 170 52 pierres
1569 859 269 51 précieuses.
1867 854 36 40 A
1929 855 145 40 droite
2097 854 57 41 du

135 938 161 50 peigne
319 944 64 31 est
411 933 109 41 fixée
542 948 86 26 une
648 933 182 52 épingle
852 937 20 35 à
895 932 195 40 cheveux
1115 936 135 35 ornée
1282 930 55 39 de
1361 929 227 40 diamants
1612 940 87 39 que
1720 926 9 39 1
1751 939 56 27 on
1834 936 182 29 nomme
2039 937 88 25 men-

136 1004 90 40 iold
246 1012 39 31 et
303 1004 73 51 qui
398 1012 65 31 est
486 1015 174 27 connue
680 1005 20 36 à
726 1000 187 41 Batavia
937 1013 105 27 sous
1067 999 39 40 le
1129 1012 104 27 nom
1266 998 54 40 de
1343 997 216 52 kembang
1595 1009 177 39 gojang
1797 993 128 51 (fleur
1949 990 203 52 mobile).

136 1072 68 42 Un
229 1085 83 39 peu
352 1085 53 26 en
437 1072 164 38 arrière
625 1071 53 39 de
701 1078 65 32 cet
800 1077 251 39 ornement,
1092 1073 22 35 à
1152 1068 38 40 la
1234 1068 192 39 hauteur
1468 1066 52 39 de
1564 1064 38 40 la
1642 1064 141 52 partie
1819 1063 252 40 antérieure
2103 1060 54 40 de

136 1141 199 47 l'oreille,
371 1148 101 32 sont
509 1138 107 41 fixés
640 1139 113 40 deux
788 1139 131 51 petits
945 1139 187 51 peignes
1155 1150 54 26 en
1234 1150 66 32 or,
1338 1138 207 37 nommés
1568 1131 268 56 tjonthoong
1855 1143 14 37 ;
1898 1144 76 27 sur
1997 1130 40 40 le
2060 1132 97 37 côté

136 1211 53 38 de
213 1210 38 39 la
278 1213 100 41 tête,
405 1213 21 35 à
451 1208 39 40 la
516 1208 190 40 hauteur
739 1207 77 40 des
853 1207 203 45 sourcils,
1096 1219 46 26 se
1185 1213 205 32 trouvent
1414 1204 77 40 des
1518 1202 204 52 épingles
1754 1209 133 43 ayant
1931 1200 38 39 la
2014 1198 142 41 forme

134 1280 133 38 d'une
287 1277 149 40 feuille
459 1275 173 42 d'arbre
651 1290 8 34 ;
682 1289 56 27 on
764 1277 62 38 les
851 1289 181 27 nomme
1053 1289 78 25 von
1152 1289 13 33 ;
1190 1273 267 41 au-dessous
1481 1272 53 40 de
1574 1284 71 27 ces
1678 1270 206 52 épingles
1917 1282 47 27 se
2000 1277 156 31 trouve

136 1360 158 27 encore
318 1359 86 27 une
427 1354 163 32 rosette
611 1345 53 40 de
687 1345 241 47 diamants,
956 1347 206 37 nommée
1181 1341 222 56 grompol.

193 1414 87 42 Sur
301 1415 37 39 le
362 1416 160 38 devant
545 1414 52 40 de
623 1414 38 40 la
687 1418 103 43 tête,
813 1413 62 40 les
896 1413 195 41 cheveux
1116 1420 99 32 sont
1239 1410 202 41 rabattus
1461 1418 42 32 et
1527 1409 136 41 collés
1684 1421 75 27 sur
1784 1408 38 39 le
1846 1406 118 42 front
1982 1404 137 56 (prias
2144 1419 11 25 :

137 1499 51 26 en
211 1485 200 51 javanais
434 1486 116 52 patès
556 1483 29 51 ).
613 1481 72 43 On
706 1483 63 39 les
802 1484 122 50 peint
966 1495 53 27 en
1060 1490 108 38 vert,
1193 1482 112 38 mais
1331 1494 59 26 un
1413 1487 95 32 vert
1536 1480 35 39 si
1595 1477 128 42 foncé
1747 1475 132 54 qu'ils
1904 1477 252 52 paraissent

139 1567 190 39 presque
355 1554 122 39 noirs
503 1563 7 37 ;
534 1565 76 27 sur
632 1552 62 40 les
717 1550 151 48 bords,
894 1564 55 26 on
972 1565 27 38 y
1023 1550 212 53 applique
1259 1549 53 40 de
1335 1549 40 39 la
1400 1549 178 39 dorure.

194 1621 86 41 Les
306 1619 152 51 bedojo
484 1630 175 43 portent
690 1621 77 40 des
803 1620 222 52 pendants
1049 1619 224 40 d'oreilles
1292 1632 53 26 en
1370 1630 50 28 or
1437 1621 133 37 ornés
1590 1617 54 40 de
1667 1616 226 40 diamants
1920 1612 11 54 (
1937 1613 219 54 soubang)

141 1691 24 39 d
186 1705 86 26 une
296 1691 226 50 grandeur
545 1698 40 32 et
608 1690 105 39 d'un
736 1689 130 52 poids
886 1688 337 52 généralement
1256 1685 352 42 considérables.
1632 1684 123 42 Elles
1780 1692 76 33 ont
1881 1698 54 26 au
1965 1696 83 28 cou
2072 1696 85 28 une

138 1759 158 40 chaîne
316 1757 95 42 d'or
434 1763 21 35 à
482 1759 193 52 laquelle
692 1757 194 54 pendent
908 1759 107 39 trois
1037 1757 189 52 plaques
1247 1757 58 39 du
1331 1759 146 37 même
1498 1755 134 40 métal
1658 1755 14 51 (
1678 1753 177 54 kabong
1863 1786 7 14 ,
1914 1767 164 39 parure
2098 1755 58 39 du

140 1841 81 27 cou
245 1859 8 16 ,
280 1832 158 36 ornées
461 1826 320 53 d'arabesques
803 1835 41 32 et
865 1826 218 41 enrichies
1105 1826 53 40 de
1178 1826 226 40 diamants

193 1895 61 41 La
298 1898 194 50 jaquette
529 1910 56 26 ou
629 1894 159 55 badjou
826 1896 79 40 des
943 1893 155 54 bedojo
1140 1893 229 55 (pamekok
1371 1895 17 48 )
1418 1902 65 32 est
1503 1893 25 40 d
1549 1893 225 41 ordinaire
1806 1905 54 27 en
1898 1894 94 39 soie
2015 1905 57 28 ou
2097 1906 53 27 en

139 1966 178 40 velours
338 1974 40 31 et
402 1964 334 51 généralement
759 1970 87 35 très
870 1966 134 51 petite
1028 1978 8 34 ;
1063 1964 85 40 elle
1172 1964 93 39 leur
1301 1976 163 27 couvre
1488 1962 38 40 le
1545 1964 96 38 sein
1664 1971 40 31 et
1730 1962 95 40 leur
1848 1962 249 52 enveloppe
2117 1962 39 40 la

139 2035 120 40 taille
279 2035 52 38 de
357 2034 99 39 telle
475 2035 197 39 manière
690 2047 84 38 que
799 2032 116 41 l'une
935 2033 79 40 des
1033 2033 255 40 extrémités
1309 2032 114 52 pend
1444 2046 83 38 par
1550 2031 164 40 devant
1731 2046 9 33 ;
1759 2029 400 43 l'autreextrémité

139 2103 93 40 leur
252 2103 190 40 descend
468 2103 423 52 jusqu'au-dessous
914 2101 78 41 des
1025 2101 198 41 hanches
1247 2115 80 38 par
1350 2101 193 40 derrière
1564 2108 40 33 et
1627 2114 20 26 a
1671 2114 87 26 une
1783 2098 142 42 forme
1949 2101 209 40 arrondie

138 2174 74 49 qui
239 2172 74 40 fait
353 2171 268 41 ressembler
643 2180 110 32 cette
791 2173 140 50 partie
964 2171 52 40 de
1053 2174 224 37 vêtement
1317 2174 21 35 à
1364 2183 86 27 une
1474 2170 196 51 jaquette
1695 2180 8 34 ;
1729 2169 63 40 les
1818 2168 136 42 bords
1977 2183 54 27 en
2053 2180 101 31 sont

139 2242 131 39 dorés
294 2254 56 28 ou
376 2246 130 35 ornés
530 2241 53 40 de
603 2249 283 44 passements
909 2237 107 43 d'or.

195 2308 63 42 La
284 2310 106 40 robe
411 2308 212 54 s'appelle
639 2308 168 54 sârong
821 2324 13 35 ;
850 2309 112 40 dans
987 2309 62 41 les
1069 2321 130 27 cours
1214 2315 56 33 où
1291 2321 71 27 ces
1380 2307 133 41 robes
1538 2316 99 32 sont
1655 2311 321 39 extrêmement
1997 2309 160 45 riches,

139 2392 54 26 on
219 2379 62 40 les
306 2392 180 27 nomme
508 2378 223 52 gebalikth
743 2411 8 8 .
789 2377 86 42 Les
900 2377 153 52 bedojo
1087 2387 178 43 portent
1300 2377 94 40 leur
1433 2375 107 42 robe
1573 2376 54 40 de
1651 2377 39 40 la
1724 2379 200 39 manière
1949 2392 87 38 que
2072 2376 87 43 l'on

141 2447 174 52 appelle
335 2447 290 56 piendjoung,
661 2447 273 41 c'est-à-dire
958 2460 86 38 que
1068 2447 37 39 la
1141 2445 107 41 robe
1287 2455 65 31 est
1376 2444 112 42 fixée
1518 2454 163 32 autour
1719 2446 57 40 du
1817 2460 132 38 corps
1982 2447 54 41 de
2058 2448 101 40 telle

140 2524 118 31 sorte
278 2529 86 39 que
386 2514 259 42 l'extrémité
659 2516 56 40 du
741 2530 88 38 pan
846 2515 214 40 inférieur
1082 2514 143 41 forme
1249 2528 86 27 une
1359 2519 142 36 traîne
1526 2516 75 51 qui
1625 2528 134 39 passe
1782 2524 125 32 entre
1926 2516 63 41 les
2013 2517 144 51 pieds,

141 2593 40 31 et
202 2597 86 38 que
312 2584 8 39 l
343 2594 124 31 autre
489 2587 228 38 extrémité
739 2594 65 31 est
832 2583 109 42 fixée
966 2584 99 53 plus
1089 2584 108 41 haut
1220 2593 41 32 et
1285 2584 115 52 pend
1424 2598 80 37 par
1526 2583 179 42 devant.

197 2651 86 42 Les
313 2651 153 49 bedojo
506 2662 176 43 portent
713 2662 162 32 autour
897 2653 53 40 de
990 2653 38 40 la
1068 2653 119 40 taille
1227 2667 86 26 une
1352 2655 155 38 étroite
1529 2653 190 52 écharpe
1740 2654 54 39 de
1818 2655 94 39 soie
1933 2653 226 41 ordinaire

142 2721 147 50 (■oudat
295 2720 10 53 )
326 2722 107 40 dont
457 2722 109 40 elles
599 2724 200 38 tiennent
841 2722 63 40 les
927 2721 133 41 bouts
1094 2735 53 27 en
1175 2722 193 40 dansant
1391 2737 8 33 ;
1424 2722 270 41 au-dessous
1724 2723 54 39 de
1818 2731 112 32 cette
1969 2722 190 53 écharpe

142 2790 201 40 étincelle
367 2804 84 26 une
490 2793 196 38 ceinture
727 2790 96 41 d'or
842 2801 8 38 ;
874 2800 110 32 cette
1008 2793 196 39 ceinture
1238 2800 66 32 est
1345 2790 284 54 quelquefois
1669 2792 250 52 remplacée
1964 2807 79 38 par
2082 2793 77 40 des

142 2869 281 42 passements
443 2857 109 49 d'or,
572 2862 114 39 mais
706 2861 112 40 dans
842 2874 46 27 ce
912 2875 73 27 cas
1004 2874 55 28 on
1080 2862 89 40 voit
1194 2860 154 41 briller
1372 2875 53 27 au
1445 2861 152 41 milieu
1622 2875 85 27 une
1722 2862 166 53 plaque
1905 2862 96 40 d'or
2025 2867 134 36 ornée

142 2928 53 40 de
218 2928 239 40 diamants.

198 2996 141 41 Leurs
364 2996 102 41 bras
490 3012 83 26 nus
597 3008 99 31 sont
722 2999 243 41 richement
990 3004 131 35 ornés
1143 2999 54 40 de
1218 2999 217 41 bracelets
1460 2998 95 42 d'or
1571 2997 228 56 (gelang}.

197 3064 62 41 La
281 3066 183 41 coiffure
486 3076 40 31 et
550 3067 38 40 le
612 3076 200 33 costume
835 3069 78 40 des
934 3067 155 54 bedojo
1107 3077 103 44 peut
1231 3070 144 39 varier
1399 3067 235 54 beaucoup
1671 3070 178 40 suivant
1876 3070 61 40 les
1962 3072 173 39 circons-

143 3143 163 32 tances.
331 3134 89 41 Par
442 3136 216 52 exemple,
686 3136 278 54 lorsqu'elles
985 3137 180 41 doivent
1189 3136 169 52 figurer
1381 3138 112 40 dans
1520 3138 39 40 la
1597 3138 140 40 danse
1773 3143 209 37 nommée
2011 3151 8 27 :
2054 3139 81 41 Pra-

141 3203 224 48 boudewa,
390 3204 108 40 elles
527 3214 99 31 sont
649 3210 152 37 vêtues
825 3206 54 41 de
900 3208 38 38 la
961 3208 197 40 manière
1183 3208 204 40 suivante
1415 3222 7 25 :

197 3272 121 41 Elles
342 3282 175 43 portent
540 3288 59 26 un
636 3274 233 55 njamping
904 3283 172 45 parang
1095 3281 170 35 sawout
1287 3273 83 52 (i),
1396 3280 109 36 orné
1540 3276 134 40 d'une
1707 3276 168 52 longue
1898 3282 143 36 traîne
2065 3279 97 51 qui,

143 3343 345 39 contrairement
522 3347 21 35 à
582 3342 171 51 l'usage
789 3345 241 47 ordinaire,
1054 3344 115 52 pend
1207 3344 58 41 du
1305 3347 96 38 côté
1432 3345 175 51 gauche
1650 3359 114 39 pour
1788 3346 158 41 laisser
1975 3347 101 52 plus
2109 3347 53 40 de

182 3526 53 42 (i)
258 3526 47 32 Le
338 3531 146 37 parang
507 3531 137 27 sawout
665 3535 33 24 et
734 3530 31 29 le
786 3532 144 39 parang
956 3528 131 31 rousak
1110 3538 44 22 ne
1177 3536 159 32 peuvent
1361 3531 73 30 être
1458 3530 123 39 portés
1601 3538 71 33 que
1692 3539 65 31 par
1776 3531 33 30 le
1825 3528 142 42 prince,
1989 3540 56 23 ses
2074 3530 93 33 deux

145 3576 146 33 femmes
315 3587 42 21 en
383 3577 82 33 titre
485 3585 34 25 et
544 3579 49 31 les
619 3578 143 33 enfants
785 3578 44 33 de
848 3578 179 33 celles-ci.
1055 3578 67 33 Les
1141 3578 199 33 danseuses
1363 3579 45 32 de
1442 3581 33 31 la
1498 3590 89 21 cour
1625 3582 50 30 les
1703 3586 145 34 portent
1875 3579 70 34 soit
1967 3582 16 31 à
2004 3591 40 22 ce
2070 3580 95 38 titre,

140 3625 69 34 soit
231 3638 107 29 parce
360 3629 150 41 qu'elles
535 3629 248 40 représentent
804 3629 62 33 des
890 3629 180 42 nymphes
1093 3640 45 22 ou
1160 3629 62 33 des
1246 3627 92 35 filles
1354 3629 44 33 de
1414 3639 140 31 prwice.
