3190 4361
2950 4085 67 41 141

82 1593 15 36 Il
121 1608 43 22 en
189 1593 136 37 résulte
349 1609 75 34 que
449 1594 50 38 les
525 1595 69 46 2/3
622 1595 47 38 du
698 1596 185 39 bâtiment
909 1603 82 32 sont

78 1649 163 37 standart
263 1655 40 32 et
325 1649 214 39 réalisables
562 1667 45 22 en
631 1654 95 35 série
751 1668 8 22 :
782 1658 83 32 tout
886 1654 105 37 flam-

78 1705 97 47 bage
200 1708 107 35 étant
333 1705 98 38 aboli
458 1707 31 37 le
516 1707 108 50 poîds
648 1708 143 38 d'acier
817 1709 170 39 descend

76 1762 19 35 à
125 1763 43 36 35
199 1761 54 48 kg.
285 1776 65 35 par
379 1764 122 37 mètre
530 1763 98 38 cube
657 1769 132 33 contre
820 1768 46 34 50
897 1781 90 35 pour

76 1822 29 33 le
128 1822 226 33 Woolwortn
380 1822 159 45 Building
565 1835 7 22 :
596 1822 50 36 les
667 1822 219 38 fondations
908 1828 83 32 sont

77 1872 161 40 réduites
264 1889 47 23 en
337 1877 282 49 conséquence.

76 1931 40 35 La
144 1929 146 39 surface
318 1929 154 51 dappu,
501 1947 149 36 occupe
684 1936 39 34 17
753 1948 34 35 p.
815 1950 31 23 c.
874 1935 51 38 de
954 1935 31 38 la

74 1988 196 47 superficie
304 1988 118 37 bâtie.

76 2046 19 31 L
111 2046 164 33 ossature
307 2048 59 31 est
396 2046 167 35 calculée
597 2060 91 34 pour
719 2061 70 22 une
823 2049 163 47 pression

73 2095 45 38 du
138 2102 87 32 vent
247 2097 51 37 de
328 2100 66 35 150
416 2098 56 49 kg.

73 2153 111 37 Toute
209 2153 30 37 la
266 2158 252 34 construction
545 2161 59 31 est
631 2158 141 48 prévue
798 2172 46 23 en
872 2161 114 36 acier.

74 2209 60 37 Les
175 2223 92 24 murs
309 2215 244 45 comportent
594 2228 43 21 un
681 2213 158 39 matelas
881 2215 103 43 d'air,

73 2266 17 34 3
114 2269 242 35 centimètres
380 2266 51 38 de
495 2282 70 23 non
591 2267 76 51 plus
693 2269 89 38 ultra
848 2275 39 33 et
914 2286 71 22 une

73 2322 132 47 plaque
229 2322 22 35 d
270 2326 140 33 eternit
436 2322 84 49 poli.
547 2324 65 37 Les
636 2338 92 23 murs
753 2329 120 35 sont...
899 2341 86 23 neu-

71 2378 176 37 tralisants
279 2378 186 49 (procédé
500 2380 45 36 Le
579 2380 259 39 Corbusier-P.
872 2383 92 36 Jean-

71 2432 125 50 nere+)-

1242 277 84 36 290.

1243 331 79 38 Plan
1374 333 84 38 d'un
1509 337 119 47 étage
1646 361 11 5 -
1673 341 93 47 type

1238 388 84 37 d'un
1346 389 238 51 «building»,
1611 393 151 50 d'après

1238 443 31 37 le
1290 448 163 46 système
1473 447 50 38 de
1546 447 216 50 l'ingénieur

1239 501 138 38 Fiorini.

1100 1601 88 36 Pour
1233 1616 42 23 un
1320 1606 121 35 mètre
1485 1608 106 34 carré
1637 1606 50 38 de
1734 1611 102 45 paroi
1881 1612 131 41 vitrée,

1104 1658 50 41 1,2
1182 1660 120 35 mètre
1329 1662 105 34 carré
1459 1660 50 38 de
1537 1661 108 49 plein,

1097 1780 132 38 ExW
1267 1781 112 38 dW
1419 1781 5 39 |
1429 1787 101 34 et+re
1572 1785 50 36 de
1663 1786 46 37 Le
1748 1786 34 37 C
1788 1786 166 39 orbusier
1991 1788 20 37 à

1096 1835 36 37 0
1172 1837 123 37 Fîorîni
1323 1852 8 8 •

1146 1891 69 45 Ah|
1259 1895 26 36 si
1349 1896 177 37 Autorité
1568 1899 118 36 savait
1727 1898 195 50 employer
1963 1900 51 38 les

1146 1948 108 39 idées
1288 1965 89 24 cons
1379 1954 198 36 tructrices
1595 1952 8 38 !
1639 1956 105 42 Mais,
1781 1955 95 38 c'est
1911 1957 84 37 misé-

1309 2007 136 38 NOUS
1488 2008 207 40 SOMMES
1739 2012 84 37 NES
1865 2012 149 38 VINGT

1147 2062 97 36 ANS
1268 2063 121 37 TROP
1413 2064 103 37 TOT!
1544 2065 19 12 11

1094 2116 320 39 Heureusement!

1092 2171 88 38 Sans
1203 2175 237 47 précurseurs
1460 2173 33 40 le
1513 2176 139 38 monde
1672 2178 83 37 irait
1774 2180 19 35 à
1815 2177 31 38 la
1868 2178 142 40 dérive.

1090 2228 89 46 Que
1207 2228 17 38 f
1226 2232 121 35 erions
1351 2255 12 5 .
1367 2246 89 23 nous
1485 2247 83 23 sans
1596 2248 99 29 VOUSi
1724 2233 17 38 f
1744 2233 5 38 |
1755 2249 142 25 ammes
1925 2238 57 36 viv
1986 2238 25 36 ;_

1089 2284 140 39 fiantes
1253 2289 61 47 qui
1339 2291 225 35 entretenez
1588 2289 301 39 l'enthousiasme
1915 2296 40 33 et
1981 2293 30 36 la

1089 2340 201 39 confiance
1319 2357 47 22 en
1398 2342 175 40 l'avenir?

1840 2452 46 34 A.
1911 2450 46 37 N.

2058 2582 139 50 Coupe
2222 2589 40 31 et
2287 2583 187 38 élévation
2500 2585 83 37 d'un
2608 2586 255 49 «building»
2890 2589 137 38 Fiorini.

68 2732 103 66 Où
208 2760 83 39 en
321 2749 104 53 est
463 2739 515 66 l'Architecture
1011 2741 480 69 fonctionnelle
1519 2772 82 39 en
1636 2747 75 64 U.
1737 2747 64 64 R.
1824 2746 62 67 S.
1907 2747 105 66 S.?

71 2869 59 38 Les
171 2871 171 38 résultats
384 2872 47 38 du
478 2873 196 38 Concours
723 2875 262 37 International

70 2929 167 43 organisé
263 2943 45 21 en
334 2944 71 22 vue
431 2929 51 37 de
510 2928 29 38 la
567 2933 252 35 construction
847 2931 47 37 du
924 2932 41 36 Pa-

70 2980 56 38 lais
151 2982 67 38 des
244 2984 155 44 Soviets,
426 2987 19 35 à
473 2988 169 41 Moscou,
670 2986 134 50 auquel
833 2986 75 50 plus
934 2987 50 37 de

68 3039 68 35 450
160 3039 227 39 architectes
411 3041 50 37 de
484 3046 85 33 tous
594 3057 100 34 pays,
723 3045 138 47 prirent
889 3048 92 44 part,

66 3098 77 32 sont
176 3098 75 35 très
284 3097 248 47 significatifs.
569 3099 64 37 Les
669 3101 140 48 projets
847 3102 134 47 primés

66 3163 35 22 se
139 3155 280 42 caractérisent,
461 3170 45 21 en
546 3154 112 44 effet,
700 3170 65 35 par
804 3154 30 38 la
876 3158 86 34 rémi-

66 3207 167 38 niscence
268 3209 50 37 de
354 3209 140 39 formes
531 3211 367 50 pseudo-classiques
935 3227 44 22 ou

68 3264 371 45 pseudo-modernes.
471 3268 120 37 Est-ce
623 3267 31 38 le
685 3267 154 38 résultat
868 3269 113 36 d'une

65 3332 119 25 erreur
233 3321 49 37 de
332 3325 195 47 jugement
576 3324 253 38 accidentelle
850 3325 16 36 ?
919 3326 60 36 Ou

64 3374 141 48 s'agit-il
228 3378 84 37 d'un
337 3381 227 36 revirement
586 3380 50 38 de
663 3384 177 47 principe,
868 3381 112 38 d'une

66 3433 218 38 orientation
324 3435 167 38 nouvelle
527 3437 69 37 des
631 3438 133 37 idées?
803 3438 109 37 C'est
949 3438 29 37 la

66 3491 165 44 question
256 3506 74 34 que
355 3491 68 37 l'on
449 3493 88 37 s'est
563 3497 119 46 posée
706 3494 92 38 dans
821 3499 84 33 tous
930 3494 50 38 les

65 3543 133 40 milieux
223 3550 59 46 qui
310 3553 153 44 portent
489 3552 140 35 intérêt
653 3566 65 21 aux
746 3553 156 47 progrès
929 3551 50 37 de

65 3598 3 57 I
86 3601 246 40 architecture
360 3605 157 50 d'esprit
544 3621 183 23 nouveau.

115 3667 42 37 La
188 3684 112 23 revue
330 3686 20 21 «
382 3673 65 36 Die
478 3673 109 37 Neue
617 3673 111 38 Stadt
756 3689 20 21 »
805 3688 19 23 a
856 3673 124 50 publié

64 3723 227 40 récemment
317 3727 206 49 (sept.-oct.
555 3730 103 49 1932)
685 3745 70 21 une
780 3732 175 34 communi-

66 3780 118 37 cation
212 3781 50 38 de
290 3783 102 37 Hans
419 3784 176 44 Schmidt,
626 3801 43 21 un
698 3786 68 37 des
793 3785 188 37 membres

68 3830 45 40 les
145 3835 74 49 plus
250 3853 46 21 en
327 3854 71 22 vue
429 3840 50 36 de
512 3839 166 51 l'équipe
709 3841 271 38 d'architectes

65 3893 189 47 étrangers
288 3897 60 47 qui
383 3901 175 32 oeuvrent
591 3912 46 21 en
673 3899 122 36 Russie
830 3913 83 22 sous
947 3897 30 37 la

67 3944 175 42 direction
267 3951 50 36 de
343 3952 123 38 Ernest
492 3954 103 49 May.

1095 2878 71 36 Son
1194 2881 149 46 opinion
1371 2885 57 32 est
1457 2884 251 47 catégorique
1740 2897 7 22 :
1777 2883 52 36 Un
1858 2889 156 32 courant

1095 2933 148 38 d'idées
1270 2950 39 21 se
1334 2935 70 37 fait
1431 2938 76 47 jour
1532 2952 45 22 en
1608 2939 133 42 Russie,
1770 2953 45 22 en
1843 2942 168 35 réaction

1094 2994 131 33 contre
1267 2990 274 39 l'architecture
1582 2992 267 39 fonctionnelle
1890 2998 59 45 qui
1992 3011 20 34 y

1092 3048 106 42 était,
1230 3048 139 48 jusqu'à
1402 3051 162 46 présent,
1595 3064 46 22 en
1671 3049 143 38 faveur.
1844 3050 167 38 Schmidt

1095 3117 88 23 nous
1211 3104 171 48 apprend
1414 3104 49 37 de
1494 3104 75 50 plus
1599 3120 73 34 que
1701 3104 49 39 les
1779 3106 232 38 adversaires

1092 3158 51 38 de
1182 3158 275 40 l'architecture
1495 3160 267 39 fonctionnelle
1802 3161 41 38 lui
1885 3178 106 34 repro-

1093 3214 113 38 chent
1225 3215 124 38 d'être
1371 3231 69 22 une
1461 3219 214 35 émanation
1697 3217 47 37 du
1765 3217 243 50 capitalisme,

1093 3269 93 39 alors
1216 3286 74 35 que
1318 3277 167 39 souvent,
1515 3272 92 38 dans
1636 3272 50 39 les
1717 3288 89 35 pays
1835 3274 154 38 occiden-

1092 3332 94 38 taux,
1212 3343 45 21 on
1281 3343 19 22 a
1327 3344 60 21 cru
1412 3326 41 39 lui
1480 3333 127 45 porter
1629 3329 69 37 des
1721 3344 115 35 coups
1861 3330 150 38 mortels

1091 3398 46 22 en
1164 3382 29 38 la
1222 3384 195 48 qualifiant
1442 3384 292 38 d'architecture
1763 3384 246 40 bolchevîste!

1092 3439 33 37 Si
1164 3439 237 47 regrettable
1440 3455 74 34 que
1552 3443 70 35 soit
1660 3440 29 38 la
1729 3444 167 34 réaction
1935 3457 74 35 que

1092 3494 68 38 l'on
1185 3500 174 33 constate
1385 3511 45 22 en
1459 3498 133 42 Russie,
1618 3495 69 39 elle
1712 3512 85 22 aura
1822 3497 46 37 du
1896 3500 114 35 moins

1092 3550 32 38 le
1152 3551 154 38 résultat
1334 3551 159 38 heureux
1519 3551 192 39 d'enlever
1738 3554 19 36 à
1787 3568 62 22 nos
1878 3552 110 39 adver-

1092 3609 113 35 saires
1250 3622 41 21 un
1336 3613 198 41 argument
1581 3623 71 34 peu
1697 3607 91 51 loyal
1835 3608 92 38 dont
1972 3609 37 37 ils

1091 3666 151 34 avaient
1265 3663 192 38 tendance
1482 3666 19 34 à
1528 3663 147 39 abuser.

1092 3730 89 36 Pour
1206 3728 31 38 le
1263 3728 146 51 surplus,
1437 3745 87 21 nous
1550 3746 155 34 croyons
1731 3730 85 38 bien
1840 3730 95 38 faire
1962 3747 45 21 en

1092 3784 176 50 publiant,
1293 3788 31 34 in
1346 3790 165 39 extenso,
1536 3801 69 23 une
1625 3786 213 38 traduction
1860 3787 49 37 de
1932 3786 62 38 l'ar-

1089 3840 87 38 ticle
1200 3841 145 38 d'Hans
1371 3841 178 38 Schmidt.

1552 3954 116 49 (Note
1693 3953 46 38 du
1763 3953 245 50 traducteur.)

2124 2750 45 35 Le
2193 2749 153 38 résultat
2369 2750 46 37 du
2441 2750 193 38 Concours
2661 2766 89 35 pour
2775 2752 31 37 le
2833 2753 112 37 Palais
2968 2755 68 36 des

2121 2805 155 44 Soviets,
2307 2821 18 21 a
2357 2809 108 46 porté
2494 2806 253 48 l'indignation
2775 2808 92 38 dans
2895 2809 31 37 le
2956 2811 78 36 clan

2120 2861 67 37 des
2222 2861 240 38 Architectes
2499 2863 253 38 Modernistes
2787 2864 247 40 d'Occident.

2121 2917 81 35 Loin
2227 2917 49 37 de
2301 2932 87 22 nous
2411 2917 49 37 de
2483 2918 137 37 vouloir
2643 2922 147 46 apaiser
2815 2926 106 32 cette
2945 2923 73 35 indi-

2119 2974 164 44 gnation,
2316 2973 172 37 d'autant
2517 2973 75 50 plus
2621 2975 82 49 qu'il
2733 2991 89 22 nous
2850 2976 82 38 faut
2960 2978 74 37 leur

2119 3028 79 36 dire
2229 3043 74 34 que
2335 3034 106 32 cette
2474 3030 165 37 décision
2672 3046 45 22 ne
2749 3035 185 35 constitue
2969 3048 65 35 pas

2119 3098 42 21 un
2184 3098 62 23 cas
2269 3084 99 44 isolé,
2394 3090 40 31 et
2456 3086 108 48 qu'un
2587 3102 179 23 concours
2789 3090 142 41 récent,
2959 3090 75 49 plus

2117 3142 172 35 restreint
2318 3140 154 44 celui-là,
2503 3147 107 32 entre
2639 3143 57 36 dix
2724 3143 228 39 architectes
2982 3146 50 36 de

2119 3194 29 38 la
2188 3197 122 36 Russie
2349 3197 229 49 Soviétique,
2617 3198 170 38 aboutira
2826 3215 43 21 au
2908 3203 123 35 même

2117 3251 165 39 résultat.

2119 3323 99 36 Nous
2244 3323 143 37 devons
2413 3324 220 49 cependant
2658 3325 141 36 donner
2825 3326 19 35 à
2871 3340 63 23 nos
2960 3326 54 37 col-

2117 3377 130 48 lègues
2293 3382 59 46 qui
2399 3385 174 32 oeuvrent
2616 3396 46 21 en
2708 3381 203 44 Occident,
2960 3398 70 21 une

2117 3436 125 46 image
2281 3434 74 50 plus
2390 3435 192 50 objective
2618 3436 49 37 de
2705 3435 29 38 la
2771 3439 173 35 situation
2980 3439 50 36 de

2116 3489 287 39 l'Architecture
2431 3491 272 38 Fonctionnelle
2728 3507 45 22 en
2801 3492 139 38 l'Union
2968 3494 42 37 So-

2115 3549 178 47 viétique,
2321 3562 73 34 que
2418 3546 92 38 celle
2535 3550 59 46 qui
2619 3547 74 38 leur
2716 3554 57 32 est
2795 3547 145 39 fournie
2966 3565 65 34 par

2115 3617 63 22 ces
2201 3603 94 36 deux
2317 3618 63 22 cas
2406 3602 238 50 particuliers.

2117 3670 88 36 Pour
2232 3671 83 35 être
2343 3669 169 50 objectif,
2543 3669 17 37 il
2589 3670 81 37 faut
2698 3671 216 37 considérer
2941 3673 72 36 l'Ar-

2115 3730 210 38 chitecture
2384 3730 154 50 d'Esprit
2596 3746 179 29 nouveau,
2836 3747 69 21 non
2964 3748 65 34 pas

2115 3801 147 22 comme
2294 3801 69 22 une
2392 3786 157 37 formule
2580 3789 150 35 arrêtée
2763 3791 88 34 mais
2881 3803 148 23 comme

2115 3857 43 21 un
2192 3857 193 34 processus
2415 3857 45 22 en
2494 3841 154 38 relation
2682 3845 138 35 étroite
2853 3859 95 23 avec
2979 3845 50 38 les

2116 3897 257 50 phénomènes
2402 3900 155 41 sociaux,
2592 3897 198 50 politiques
2820 3905 39 31 et
2888 3901 123 37 techni-

2114 3968 102 34 ques,
2249 3956 59 47 qui
2338 3953 284 38 conditionnent
2650 3969 69 22 une
2750 3954 153 40 culture.
