2481 4201
942 251 57 30 LE
1037 248 241 32 MERCURE
1313 244 220 34 MUSICAL
1678 226 184 58 15-I-06

467 299 0 0 96

410 455 184 44 célèbre
618 454 137 42 ténor
776 451 237 43 allemand
1039 451 155 55 Georg
1218 449 195 42 Walter.
1442 449 73 40 Au
1540 457 301 46 programme
1866 443 37 54 (i
1915 449 36 19 re
1970 439 217 44 audition
2222 439 25 42 à
2272 439 139 63 Paris)

408 519 43 42 la
477 526 181 35 cantate
701 515 80 42 Ich
816 526 161 29 armer
1008 514 193 41 Mensch
1206 539 5 20 :
1241 526 123 41 pour
1398 512 139 42 ténor
1562 510 122 52 solo,
1712 508 44 42 la
1797 514 187 36 cantate
2011 504 113 42 Nnn
2158 503 155 42 komm
2339 507 74 43 der

407 581 183 42 Heiden
608 577 212 43 Heiland
848 588 121 44 pour
1012 574 91 42 soli
1130 584 45 32 et
1200 575 209 50 chœurs,
1436 575 82 41 des
1549 572 255 44 GeistlicJie
1823 569 190 50 Lieder,
2043 576 44 35 et
2113 567 41 42 le
2192 567 218 48 Concerto

404 657 59 29 en
490 643 44 40 la
559 641 185 41 mineur
769 653 120 41 pour
912 637 162 56 piano,
1102 636 113 43 flûte
1243 647 43 33 et
1308 638 184 43 violon.

460 741 255 41 Bruxelles.
822 738 135 40 Nous
985 749 273 43 apprenons
1283 750 113 30 avec
1420 735 167 58 plaisir
1623 748 89 42 que
1754 734 64 42 M.
1863 731 118 43 Paul
2022 728 219 54 Grosfils,
2287 738 124 40 notre

403 802 378 56 correspondant
803 813 119 43 pour
950 799 44 42 la
1023 799 247 57 Belgique,
1298 799 129 43 vient
1470 799 145 42 d'être
1651 798 171 54 chargé
1867 797 57 40 de
1959 795 45 42 la
2047 792 203 57 critique
2278 796 105 43 musi-

403 865 98 43 cale
538 879 59 28 au
619 864 188 57 journal
833 860 385 58 Xlndépendance
1243 863 147 58 belge.

465 966 192 40 Nantes.
761 962 64 42 Ce
853 962 69 42 fut
964 977 66 29 un
1066 961 240 57 triomphe
1333 975 90 43 que
1457 961 42 42 le
1548 967 196 35 concert
1776 959 62 42 du
1874 972 54 42 29
1970 955 272 50 décembre,
2270 954 140 60 dirigé

405 1040 83 42 par
513 1028 62 41 M.
603 1026 56 42 de
695 1026 227 43 Lacerda.
952 1028 136 41 Nous
1116 1039 59 30 en
1199 1025 320 56 reparlerons.

456 1133 149 42 Grand
643 1133 231 42 Concours
907 1133 54 41 de
1003 1132 313 53 Composition
1349 1130 245 43 musicale.
1741 1125 314 44 L'Académie
2100 1126 83 41 des
2216 1124 192 48 Artistes

401 1195 257 42 musiciens
682 1196 56 40 de
759 1194 250 50 Province,
1039 1194 80 55 qui
1147 1201 69 35 est
1243 1208 111 27 sous
1382 1193 42 41 la
1459 1191 282 57 présidence
1768 1190 271 42 d'honneur
2058 1188 204 42 d'Emile
2290 1189 96 46 Pala-

402 1257 142 50 dilhe,
572 1258 55 40 de
660 1255 239 52 l'lnstitut,
930 1265 45 32 et
1000 1256 80 56 qui
1103 1270 24 28 a
1154 1256 24 41 à
1204 1270 51 28 sa
1279 1257 93 41 tête
1410 1269 65 27 un
1504 1254 186 42 Comité
1728 1253 231 56 composé
2005 1253 81 41 des
2128 1251 278 58 principales

399 1318 271 42 notabilités
705 1317 271 56 artistiques
1025 1319 56 41 de
1109 1319 197 52 France,
1342 1332 113 29 sous
1503 1317 44 42 la
1584 1316 281 57 présidence
1900 1317 57 41 de
1996 1316 116 41 Paul
2160 1316 244 56 Lacombe,

399 1382 210 40 membre
635 1381 378 55 correspondant
1034 1380 56 43 de
1110 1380 239 55 l'lnstitut,
1366 1381 128 43 vient
1520 1381 208 42 d'ouvrir
1752 1394 124 42 pour
1898 1380 114 56 1906
2036 1393 86 28 son
2145 1378 263 57 cinquième

400 1444 159 41 Grand
586 1444 246 42 Concours
853 1443 337 43 international
1218 1444 173 42 annuel
1418 1445 56 41 de
1498 1443 340 56 Composition
1867 1442 248 43 musicale.

454 1507 147 42 Outre
637 1507 66 41 les
728 1507 334 55 récompenses
1106 1507 81 56 qui
1216 1516 162 33 seront
1422 1507 257 42 décernées
1718 1507 118 42 dans
1878 1507 186 55 chaque
2092 1505 205 52 section,
2346 1507 57 45 les

399 1570 264 40 meilleures
684 1583 177 28 œuvres
877 1569 283 42 couronnées
1183 1579 163 32 seront
1371 1570 169 43 éditées
1563 1570 358 57 gratuitement,
1949 1578 43 33 et
2017 1570 63 41 les
2103 1583 180 29 œuvres
2317 1571 67 44 cho-

397 1632 123 41 rales
536 1631 206 56 primées
764 1640 158 32 seront
948 1632 225 56 imposées
1197 1632 115 42 dans
1333 1632 64 42 les
1420 1633 297 57 principaux
1742 1646 226 29 concours
2002 1632 352 58 orphéoniques.

454 1695 64 40 Le
547 1691 258 57 règlement
830 1701 71 34 est
945 1693 192 43 adressé
1176 1693 163 44 franco
1364 1695 25 41 à
1414 1704 108 33 tous
1563 1710 117 28 ceux
1707 1696 81 56 qui
1829 1710 57 28 en
1928 1696 104 42 font
2057 1697 45 40 la
2129 1697 232 44 demande
2382 1700 21 42 à

398 1756 69 43 M.
500 1755 226 55 François
750 1756 223 54 Fargues,
995 1756 325 56 compositeur
1345 1758 57 41 de
1423 1758 238 56 musique,
1690 1759 238 42 directeur
1954 1760 57 41 de
2034 1759 285 44 VAcadémie
2334 1763 71 43 des

393 1818 201 42 Artistes
627 1818 248 42 musiciens
898 1820 55 41 de
978 1820 231 42 Province
1216 1855 7 16 ,
1254 1834 83 28 rue
1360 1821 232 53 Voltaire,
1614 1836 76 42 49,
1725 1824 335 41 Carcassonne
2085 1824 191 54 (Aude).

451 1929 58 40 Le
541 1928 220 42 Sottisier
782 1930 216 41 musical.
1119 1931 117 41 «La
1261 1931 164 42 valeur
1451 1931 141 42 d'une
1613 1930 364 58 interprétation
2000 1935 192 56 dépend
2217 1945 177 36 surtout

395 1989 56 40 de
484 1989 176 55 l'esprit
686 1991 172 54 qu'elle
895 1991 287 46 renferme...
1209 1993 77 41 Un
1310 1994 164 42 cheval
1502 2003 69 33 est
1597 1995 128 42 aussi
1754 1996 96 42 bon
1878 1998 218 43 coursier
2121 2000 147 54 qu'un
2293 2002 103 44 cerf.

395 2051 37 40 Il
464 2060 69 33 est
569 2053 265 54 cependant
855 2053 177 42 certain
1055 2068 90 42 que
1168 2055 38 41 si
1228 2065 108 33 tous
1363 2058 123 40 deux
1512 2057 178 43 étaient
1708 2060 165 42 attelés
1900 2062 21 40 à
1949 2061 45 43 la
2020 2062 155 42 même
2201 2063 202 55 voiture,,

392 2112 260 58 l'équipage
678 2114 105 42 irait
814 2115 91 43 fort
928 2116 106 42 mal.
1063 2134 21 22 »
1124 2119 133 42 —A.
1289 2120 62 41 M.
1379 2119 118 42 dans
1523 2120 42 42 le
1599 2122 174 43 Monde
1807 2124 200 42 musical
2012 2157 11 20 ,
2057 2112 16 65 i
2089 2112 16 65 5

400 2177 125 52 1905.

449 2252 20 26 «
501 2238 72 41 Ah
594 2239 8 41 !
632 2239 181 55 quelles
841 2241 353 44 merveilleuses
1218 2243 256 44 sélections
1498 2259 62 28 on
1593 2245 136 45 ferait
1756 2249 117 42 dans
1899 2250 69 42 les
2003 2250 323 58 Symphonies
2346 2255 48 42 de

394 2300 170 55 Haydn
591 2309 44 33 et
672 2302 56 41 de
755 2304 183 41 Mozart
982 2312 44 33 et
1051 2306 242 55 pourquoi
1323 2308 256 43 s'obstiner
1611 2310 25 42 à
1677 2311 68 42 les
1771 2312 135 56 jouer
1938 2323 107 33 tout
2089 2316 222 52 entières,
2347 2332 48 29 ce

390 2363 98 53 qui,
514 2363 62 41 du
613 2373 141 44 reste,
804 2366 183 42 revient
1027 2367 43 42 le
1095 2368 106 54 plus
1236 2380 202 32 souvent
1482 2372 25 41 à
1551 2386 58 28 ne
1650 2388 85 41 pas
1762 2375 69 42 les
1878 2377 137 56 jouer
2055 2379 63 41 du
2147 2388 120 36 tout.
2300 2394 23 29 »

388 2425 39 41 J.
456 2440 25 26 D
505 2426 187 42 OFFOEL
717 2429 116 40 dans
858 2429 42 42 le
932 2431 150 41 Guide
1096 2432 212 52 musical,
1338 2434 52 41 23
1421 2434 255 44 décembre
1708 2440 128 52 1905,
1858 2453 51 42 p.
1943 2441 107 42 830.

447 2502 22 26 «
504 2488 50 41 Je
578 2502 57 28 ne
661 2490 93 41 sais
780 2490 38 42 si
841 2505 113 28 mon
978 2506 176 41 pauvre
1196 2508 200 30 cerveau
1441 2511 24 28 a
1498 2513 63 40 pu
1589 2500 274 44 s'assimiler
1901 2502 41 44 le
1968 2506 347 55 mugissement
2343 2509 55 42 de

389 2562 76 29 ces
487 2551 203 54 grandes
714 2553 242 43 douleurs.
990 2568 23 28 »
1117 2556 294 45 GUNSBOURG
1437 2561 121 42 dans
1585 2563 190 43 Musica
1782 2598 10 22 ,
1826 2577 60 30 lER
1909 2567 181 55 janvier
2118 2572 133 54 1906,
2275 2586 46 41 p.
2346 2587 39 28 2.

511 2814 496 63 NÉCROLOGIE.

444 2940 63 41 Le
526 2957 20 24 D
576 2940 194 57 janvier,
786 2951 83 32 ont
891 2956 56 27 eu
973 2942 96 43 lieu
1091 2959 24 27 a
1140 2945 13 41 1
1172 2946 145 57 église
1335 2949 192 43 Saint-P
1540 2952 385 56 rançois-Xavier
1949 2957 68 44 les
2043 2959 275 45 funérailles
2337 2963 55 41 de*

385 3002 46 40 M
439 3015 49 19 ine
514 3002 43 41 la
584 3013 232 32 comtesse
841 3006 25 40 d
887 3006 131 54 Indy,
1038 3020 86 30 nee
1147 3010 56 41 de
1230 3011 344 56 Pampelonne,
1600 3015 179 45 femme
1805 3019 64 42 du
1891 3023 151 53 grand
2068 3025 326 56 compositeur

385 3063 23 42 à
434 3064 79 55 qui
539 3078 123 29 nous
689 3065 179 44 offrons
894 3067 60 42 ici
983 3083 87 28 nos
1098 3083 361 43 respectueuses
1487 3079 370 45 condoléances.

1166 3736 68 46 Le
1274 3738 470 53 Directeur-Gérant
1768 3765 9 27 :
1828 3747 167 51 Louis
2032 3752 196 48 LALOY.

968 3849 113 32 Poitiers.
1099 3864 20 8 -
1133 3853 95 33 Société
1245 3856 119 38 française
1379 3861 170 34 d'imprimerie
1567 3863 27 30 et
1612 3865 30 30 de
1665 3867 125 31 Librairie.
