2481 4201
909 263 58 31 LE
1003 261 244 32 MERCURE
1281 260 223 34 MUSICAL
1644 246 182 58 15-I-06

372 255 58 43 62

441 468 77 56 Ni
558 470 79 52 les
678 480 230 39 auteurs
936 465 58 52 ni
1019 465 49 52 le
1102 465 194 69 public
1322 482 71 35 ne
1422 462 312 72 pouvaient
1769 461 249 71 prendre
2044 479 93 35 ces
2171 477 225 38 œuvres

370 564 70 34 au
486 546 236 52 sérieux.
762 543 91 51 Ils.
877 541 363 53 cherchaient
1281 545 29 49 à
1360 542 297 62 s'amuser,
1708 554 54 39 et
1817 538 70 54 ils
1917 557 38 52 y
1987 537 408 56 réussissaient

370 623 333 69 largement.
764 618 320 68 D'ailleurs,
1132 620 143 52 dans
1305 632 86 38 cet
1432 617 328 72 imbroglio,
1798 617 38 53 il
1868 635 37 53 y
1938 635 30 34 a
1995 617 301 70 beaucoup
2329 617 67 53 de

369 697 348 65 trouvailles,
749 697 67 52 de
843 694 305 54 situations
1176 694 391 72 dramatiques
1601 714 74 34 ou
1704 693 319 73 comiques,
2056 703 53 44 et
2147 693 217 54 d'obser-

365 774 220 54 vations
623 774 201 53 vraies.
872 774 156 51 Tout
1074 791 70 34 en
1187 773 227 71 parlant
1437 774 69 51 de
1563 774 184 53 Rome
1780 791 75 36 ou
1888 774 70 53 de
2004 773 50 52 la
2089 772 199 67 Grèce,
2327 772 66 55 ils

367 866 283 56 prennent
701 852 152 52 leurs
908 851 255 53 modèles
1219 865 209 39 autour
1489 852 188 67 d'eux,
1719 853 208 69 auprès
1979 851 185 67 d'eux,
2209 852 182 69 parmi

367 931 148 52 leurs
539 928 471 71 contemporains
1033 947 12 46 ;
1082 942 54 39 et
1169 929 51 52 la
1252 928 211 53 Venise
1491 928 228 69 d'alors,
1746 942 147 39 cette
1922 929 216 70 grande
2173 945 183 36 masca-

365 1006 132 52 rade
524 1006 372 69 perpétuelle,
927 1006 188 71 pleine
1149 1007 67 52 de
1256 1006 318 66 fantoches,
1611 1004 365 71 d'intrigues,
2018 1006 68 53 de
2113 1022 180 55 coups
2325 1007 65 53 de

364 1081 309 72 poignards
718 1097 54 39 et
825 1084 67 52 de
942 1083 261 71 pitreries
1259 1084 69 52 de
1376 1083 164 67 foire,
1569 1083 146 53 revit
1748 1096 54 40 et
1844 1083 245 71 grouille
2131 1084 144 52 dans
2302 1101 88 37 ces

363 1163 199 66 opéras
605 1162 169 52 d'une
809 1161 163 68 façon
1017 1175 322 40 amusante.
1394 1162 347 70 Impossible
1784 1162 173 53 d'être
2007 1163 195 53 sévère
2244 1180 146 53 pour

360 1253 78 36 un
477 1238 74 51 tel
580 1251 108 40 art.
716 1238 43 51 Il
787 1237 80 52 vit
895 1256 13 37 :
939 1238 134 52 c'est
1098 1238 325 53 l'essentiel.

1353 1392 27 26 #

1326 1427 25 26 #
1381 1426 27 27 #

433 1561 108 50 Les
602 1559 309 55 musiciens
962 1578 69 36 ne
1075 1561 191 54 furent
1324 1580 100 52 pas
1478 1564 193 54 moins
1717 1566 382 53 transformés
2152 1585 111 53 que
2308 1568 77 54 les

360 1639 212 65 poètes.
626 1637 76 51 Ils
749 1638 209 52 durent
1010 1652 261 56 compter
1336 1641 316 53 désormais
1715 1660 132 35 avec
1902 1643 48 52 le
2004 1644 217 70 public.
2275 1646 108 53 Les

359 1713 246 52 théâtres
656 1713 271 53 n'étaient
970 1714 128 70 plus
1149 1730 277 40 soutenus
1460 1735 100 52 par
1597 1718 239 71 l'argent
1877 1721 101 53 des
2028 1723 213 70 grands
2280 1723 79 54 sei-

358 1806 235 52 gneurs;
628 1789 37 52 il
699 1790 125 53 leur
853 1790 178 54 fallait
1068 1792 279 53 subsister
1379 1812 131 34 avec
1554 1796 152 53 leurs
1739 1815 244 54 propres
2029 1816 351 52 ressources,

356 1879 54 38 et
435 1865 153 54 vivre
626 1868 66 51 de
730 1884 58 36 ce
822 1868 171 71 qu'ils
1031 1869 320 71 gagnaient.
1391 1872 78 53 Ils
1521 1873 226 55 avaient
1792 1877 148 52 donc
1973 1879 183 69 grand
2183 1878 199 53 besoin

358 1943 274 53 d'œuvres
768 1945 221 52 bonnes
1041 1964 74 36 ou
1155 1948 342 69 mauvaises,
1548 1951 311 71 originales
1910 1972 75 37 ou
2019 1972 119 36 non
2282 1957 99 71 qui

358 2033 228 39 eussent
618 2033 141 41 cette
802 2022 280 69 première
1127 2024 212 70 qualité
1366 2042 11 37 :
1426 2028 68 52 de
1529 2028 233 56 réussir.
1802 2031 367 55 Monteverdi
2203 2048 55 40 et
2294 2053 86 37 ses

355 2097 461 69 contemporains
863 2116 69 34 en
977 2100 299 69 prenaient
1320 2105 30 50 à
1399 2104 123 54 leur
1576 2105 137 64 aise,
1758 2109 196 69 quand
1990 2109 68 54 ils
2094 2111 227 54 avaient
2353 2117 28 49 à

355 2171 175 53 écrire
579 2175 96 51 des
720 2174 184 71 pièces
930 2192 13 48 ;
980 2177 67 53 ils
1092 2179 329 69 pouvaient,
1465 2199 70 36 au
1577 2183 222 68 besoin,
1849 2205 58 35 se
1952 2205 176 54 payer
2167 2189 51 54 le
2255 2191 123 53 luxe

354 2249 67 51 de
473 2250 178 52 n'être
697 2268 98 53 pas
847 2253 271 71 compris.
1163 2258 82 51 De
1292 2258 153 68 plus,
1475 2258 69 53 ils
1593 2260 360 72 disposaient
1995 2267 70 52 de
2109 2279 132 42 tous
2302 2269 75 52 les

353 2340 237 54 moyens
631 2326 458 58 instrumentaux
1122 2345 54 40 et
1210 2351 218 36 vocaux
1460 2335 100 71 qui
1597 2338 125 53 leur
1761 2339 215 55 étaient
2006 2344 368 56 nécessaires.

355 2401 74 52 Ils
462 2401 305 56 écrivaient
791 2423 146 52 pour
967 2425 123 50 eux,
1123 2423 54 39 et
1210 2428 70 36 ne
1308 2431 58 34 se
1398 2414 267 69 gênaient
1692 2434 73 35 en
1800 2418 146 54 rien.
2081 2422 158 54 Tout
2261 2424 115 54 cela

350 2478 85 52 fut
459 2479 235 70 changé.
727 2481 109 52 Les
862 2483 311 56 musiciens
1214 2489 68 51 de
1314 2489 212 55 Venise
1553 2492 211 54 durent
1790 2495 456 57 s'accommoder
2279 2502 95 52 des

351 2570 235 55 moyens
627 2561 114 47 très
774 2559 294 54 restreints
1104 2564 68 51 de
1197 2564 153 53 leurs
1384 2566 249 55 théâtres
1659 2572 91 69 (i),
1785 2586 55 39 et
1869 2574 179 70 plaire
2096 2594 73 36 au
2195 2579 178 69 grand

350 2632 210 68 public.
586 2632 164 56 Cette
774 2636 333 71 obligation,
1144 2658 157 37 assez
1333 2643 155 54 saine
1521 2652 168 64 après
1722 2662 147 54 tout,
1912 2655 200 69 quand
2139 2654 39 55 il
2212 2657 162 71 s'agit

350 2709 75 50 du
452 2709 237 68 théâtre,
717 2713 141 52 dont
886 2715 51 51 la
963 2716 281 69 première
1278 2719 77 53 loi
1381 2737 87 38 est
1506 2724 175 55 d'être
1717 2729 252 71 compris
2006 2732 70 53 de
2106 2746 152 55 tous,
2296 2735 76 52 les

348 2784 287 53 conduisit
666 2790 29 48 à
742 2787 270 56 chercher
1052 2795 470 66 passionnément
1564 2801 172 55 l'effet
1767 2805 267 68 théâtral,
2066 2823 54 39 et
2155 2824 128 41 tout
2315 2829 56 36 ce

349 2859 96 69 qui
472 2861 114 70 agit
618 2880 98 36 sur
750 2865 50 52 la
833 2866 151 55 foule
1028 2871 69 51 de
1141 2871 51 52 la
1237 2871 162 70 façon
1432 2878 51 52 la
1524 2880 129 69 plus
1690 2881 338 58 immédiate
2063 2902 55 38 et
2152 2889 52 52 la
2245 2890 126 70 plus

346 2936 344 56 saisissante.
742 2942 124 52 Elle
911 2944 122 54 leur
1064 2946 61 52 fit
1176 2950 153 53 aussi
1383 2955 190 67 parler
1626 2958 52 52 la
1711 2959 205 72 langue
1955 2963 70 53 de
2081 2978 132 41 tous
2244 2980 12 39 :
2305 2967 63 53 ils

346 3012 291 69 puisèrent
669 3035 107 36 aux
807 3038 230 36 sources
1071 3027 331 68 populaires
1436 3033 99 52 des
1563 3036 260 69 rythmes
1851 3052 56 39 et
1932 3041 101 53 des
2068 3044 296 53 mélodies.

416 3088 215 56 Cavalli
683 3095 84 52 fut
811 3097 14 51 1
850 3097 232 55 homme
1131 3120 103 51 par
1287 3109 313 54 excellence
1659 3133 112 51 que
1805 3118 299 54 réclamait
2147 3137 88 38 cet
2286 3135 81 41 art

345 3182 281 40 nouveau.
674 3172 43 50 Il
760 3174 136 53 était
928 3193 80 35 un
1051 3177 163 70 génie
1270 3185 298 69 populaire
1609 3204 54 39 et
1710 3191 102 54 fait
1856 3212 149 50 pour
2061 3196 306 66 inaugurer

348 3243 13 50 1
387 3247 173 65 opéra
591 3261 201 40 ouvert
819 3267 71 36 au
927 3256 228 69 peuple.

415 3317 109 55 Ces
575 3321 363 58 distinctions
972 3330 146 53 d'art
1170 3336 299 67 populaire
1518 3355 54 38 et
1619 3344 146 53 d'art
1802 3346 443 75 aristocratique
2298 3372 65 35 ne

344 3410 128 38 sont
510 3416 117 51 pas,
661 3417 224 38 comme
948 3422 74 36 on
1055 3411 259 66 pourrait
1366 3415 199 71 croire,
1621 3421 101 54 des
1761 3422 335 60 inventions
2139 3434 188 52 moder-

342 3488 120 37 nes.
502 3476 157 53 Elles
694 3495 71 37 ne
805 3495 131 39 sont
966 3501 100 52 pas
1094 3487 319 57 seulement
1452 3495 99 53 des
1584 3496 371 61 distinctions
2000 3508 241 55 sociales
2260 3525 13 52 ;
2306 3527 54 36 ce

342 3565 148 53 sont,
534 3556 128 51 bien
697 3558 127 68 plus
878 3577 225 51 encore,
1153 3566 100 52 des
1317 3572 313 70 catégories
1677 3577 269 73 d'esprits
1999 3585 363 56 absolument

341 3635 245 62 opposés
607 3648 15 51 ;
655 3645 53 39 et
741 3651 75 36 on
849 3637 79 53 les
953 3651 266 46 retrouve
1245 3646 144 55 dans
1426 3662 157 42 toute
1624 3652 52 55 la
1709 3655 147 56 suite
1883 3660 70 53 de
1977 3662 279 57 l'histoire
2296 3666 62 52 de

339 3864 149 34 tElônt
518 3862 54 22 aU
579 3876 50 22 p.
1039 3874 11 24 |
1157 3878 9 12 x
1322 3881 8 7 ,

1422 3821 60 43 de
1515 3835 52 32 se
1590 3836 169 45 passer
1790 3827 85 46 des
1908 3831 214 50 chœurs.
2150 3837 65 45 Ils
2252 3835 78 46 coû-

518 3862 111 45 cher
635 3900 9 10 -
671 3867 75 44 0n
771 3883 108 32 nen
904 3883 68 34 vlt
1002 3890 31 43 P
1038 3876 73 45 lus
1118 3912 12 22 »
1153 3878 26 45 à
1207 3881 151 56 Partir
1391 3884 58 45 de
1483 3886 27 58 i
1510 3886 109 58 650,
1647 3888 122 47 dans
1795 3892 69 47 les
1890 3897 175 56 opéras
2104 3901 251 46 vénitiens.
