2481 4201
896 263 58 30 LE
989 259 242 32 MERCURE
1268 256 222 33 MUSICAL
1629 253 14 30 I
1659 240 158 57 5-I-06

359 257 56 54 84

339 485 5 16 1
360 494 71 35 est
456 484 28 43 d
501 497 94 29 une
642 479 185 43 naïveté
872 475 174 44 subtile
1094 482 45 35 et
1187 472 141 45 d'une
1376 466 216 46 rusticité
1638 463 219 56 raffinée,
1883 462 83 57 qui
2011 461 108 42 font
2161 472 223 45 pensera

355 547 272 45 Théocrite.
658 545 57 40 Et
736 542 42 41 le
805 540 161 42 drame
995 541 57 41 de
1080 540 67 43 M.
1173 541 120 43 Gain
1319 550 59 29 ne
1404 545 209 43 manque
1641 543 85 42 pas
1754 528 58 43 de
1858 526 221 52 couleur,
2109 525 120 41 mais
2265 535 117 36 cette

358 612 196 43 couleur
580 616 69 34 est
676 618 180 44 grosse,
885 618 187 29 comme
1099 604 31 42 il
1157 602 228 45 convient
1408 613 59 29 au
1489 597 201 52 théâtre,
1719 602 46 33 et
1799 592 91 43 elle
1915 605 59 29 ne
2008 588 200 59 pénètre
2235 603 84 42 pas
2345 592 39 43 le

359 677 136 54 sujet,
522 672 89 43 elle
629 669 237 43 l'encadre
902 667 172 57 plutôt,
1103 678 46 33 et
1180 668 66 42 lui
1267 675 71 35 est
1364 659 297 60 superposée
1688 672 9 29 :
1729 658 117 41 c'est
1869 669 67 28 un
1973 654 144 43 vieux
2143 652 239 58 cantique,

357 738 106 57 puis
486 750 94 28 une
604 735 216 42 chanson
846 731 57 43 de
931 731 212 56 matelot,
1169 731 108 58 puis
1305 730 42 42 le
1372 726 221 58 baptême
1617 723 65 43 du
1709 734 225 30 nouveau
1960 720 175 41 bateau
2160 718 58 41 de
2243 718 140 43 Jean-

362 802 157 43 Pierre
540 817 9 33 ;
573 800 110 41 c'est
706 809 175 30 encore
900 809 94 28 une
1015 794 142 45 scène
1185 798 57 41 de
1269 794 210 47 cabaret,
1505 797 45 35 et
1576 787 82 42 des
1676 786 170 42 chants
1875 783 275 56 d'ivrognes
2168 790 83 43 ;et
2276 782 108 45 c'est

359 864 127 46 enfin
505 861 245 45 lamarche
769 860 58 42 de
843 858 141 54 Noël,
1009 868 44 33 et
1075 859 67 44 les
1168 859 142 58 petits
1337 856 189 44 enfants
1554 849 245 46 costumés
1827 861 58 30 en
1915 846 116 43 Rois
2064 847 177 54 Mages.
2265 846 116 45 Mais

357 938 75 36 cet
456 924 244 47 ensemble
725 938 65 28 un
811 936 94 43 peu
926 924 268 56 composite
1221 938 58 28 ne
1302 931 207 44 manque
1530 914 48 43 ni
1605 915 57 42 de
1690 913 131 42 force
1845 911 48 42 ni
1921 910 312 56 d'agrément.
2264 910 34 42 G
2319 922 65 33 est

356 1007 93 29 une
484 990 139 44 scène
649 988 92 42 fort
764 987 298 57 dramatique
1089 1002 91 42 que
1206 987 117 43 celle
1357 983 63 43 où
1441 982 226 54 Jacques,
1688 977 85 42 fou
1797 976 56 42 de
1871 974 270 57 désespoir,
2165 987 57 29 va
2250 973 130 46 boire

358 1071 110 30 avec
494 1056 68 41 les
590 1062 157 33 autres
775 1060 45 34 et
842 1051 196 43 chanter
1062 1052 128 42 leurs
1216 1052 260 43 chansons,
1502 1058 48 28 se
1576 1042 154 57 prend
1754 1042 57 41 de
1841 1039 214 57 querelle
2102 1051 115 30 avec
2250 1038 134 44 Jean-

360 1122 159 42 Pierre
570 1126 45 33 et
652 1115 87 43 tire
790 1129 86 28 son
921 1124 222 42 couteau,
1174 1114 107 57 puis
1309 1114 363 51 brusquement,
1709 1105 24 42 à
1759 1105 45 42 la
1834 1117 92 30 vue
1975 1103 57 42 de
2078 1116 52 29 sa
2156 1101 146 55 mère,
2338 1118 44 29 se

358 1194 220 34 retrouve
598 1179 144 43 faible
764 1187 44 34 et
830 1179 229 53 honteux,
1075 1188 44 33 et
1140 1178 216 56 sanglote
1378 1186 188 31 comme
1591 1184 67 29 un
1683 1169 179 43 enfant.
1886 1168 65 43 M.
1982 1166 227 57 Salignac
2233 1169 68 54 s'y
2319 1178 64 33 est

357 1246 184 45 montré
566 1242 421 51 excellentacteur,
1006 1250 43 34 et
1067 1242 65 42 les
1156 1246 337 37 mouvements
1516 1236 57 41 de
1590 1235 44 41 la
1651 1234 148 50 foule,
1820 1231 225 57 partagée
2063 1240 133 33 entre
2217 1230 166 57 lapeur

357 1321 45 34 et
424 1311 42 41 le
484 1307 125 44 désir
625 1309 56 39 de
699 1306 243 41 désarmer
966 1305 43 42 le
1032 1303 203 53 furieux,
1265 1312 83 33 ont
1364 1301 72 43 été
1463 1300 142 42 d'une
1629 1296 148 45 vérité
1799 1295 299 43 saisissante.
2133 1295 113 42 Plus
2269 1295 111 54 loin,

355 1371 203 59 lorsque
558 1371 204 59 Jacques
782 1376 70 33 est
875 1367 88 42 allé
983 1376 195 35 trouver
1197 1382 87 28 son
1312 1364 139 51 amie,
1468 1372 133 34 toute
1625 1361 131 43 seule
1778 1361 25 41 à
1827 1361 44 41 la
1898 1359 190 43 maison
2111 1359 64 42 où
2201 1358 43 43 le
2271 1358 106 56 père

354 1440 121 41 n'est
489 1449 83 44 pas
596 1445 175 31 encore
794 1444 194 39 revenu,
1004 1441 44 33 et
1073 1432 114 56 qu'il
1203 1440 71 34 est
1302 1427 190 58 reparti,
1505 1425 187 57 l'injure
1716 1425 26 42 à
1760 1423 268 51 labouche,
2047 1436 144 43 parce
2209 1423 167 56 qu'elle

357 1516 48 29 se
425 1501 157 42 refuse
609 1500 23 38 à
658 1495 92 42 fuir
769 1508 111 28 avec
902 1494 83 52 lui,
1014 1495 112 42 c'est
1151 1509 65 27 un
1243 1494 83 56 joli
1352 1492 211 52 tableau,
1588 1498 44 33 et
1649 1488 114 43 bien
1777 1488 277 49 émouvant,
2069 1500 93 42 que
2189 1486 192 45 l'entrée

359 1566 81 42 des
465 1562 141 58 petits
634 1558 269 43 mendiants
946 1559 56 41 de
1051 1559 124 40 Noël
1208 1557 80 57 qui
1316 1557 232 42 chantent
1591 1553 105 42 leur
1721 1552 230 55 cantique
1979 1551 26 42 à
2031 1550 45 42 la
2093 1551 150 54 jeune
2289 1550 91 45 fille

358 1627 243 44 souriante
628 1632 43 33 et
698 1622 188 42 navrée.
916 1623 59 40 Et
999 1620 127 57 puis,
1161 1635 52 28 ce
1237 1620 80 56 qui
1338 1633 74 28 me
1437 1616 120 58 plaît
1583 1630 58 28 en
1693 1624 102 34 tout
1822 1615 120 54 cela,
1971 1615 117 42 c'est
2133 1615 147 56 qu'on
2307 1617 72 56 n'y

357 1698 252 37 rencontre
626 1700 84 42 pas
737 1685 201 41 l'ombre
962 1685 112 41 d'un
1099 1684 236 56 symbole.
1363 1681 102 43 Oh!
1495 1681 67 41 les
1590 1681 171 42 braves
1788 1693 116 43 gens
1925 1678 83 57 qui
2031 1692 50 29 se
2105 1688 277 35 contentent

357 1755 141 43 d'être
525 1752 81 42 des
640 1750 234 48 hommes,
902 1757 45 32 et
972 1748 56 41 de
1063 1747 208 53 souffrir,
1301 1756 45 33 et
1369 1747 58 40 de
1467 1742 262 54 s'efforcer,
1760 1752 44 33 et
1837 1743 58 42 de
1931 1743 274 42 s'entendre
2239 1742 139 55 enfin,

355 1832 110 28 sans
486 1813 190 46 vouloir
700 1810 316 58 personnifier
1042 1811 25 42 à
1093 1825 87 28 nos
1200 1825 124 42 yeux
1351 1807 168 44 ébahis
1548 1808 44 42 la
1608 1805 303 55 Souffrance,
1939 1821 64 28 ou
2032 1806 347 57 l'Abnégation,

355 1883 46 41 la
428 1879 108 44 Soif
550 1879 57 41 de
634 1877 101 49 l'or,
754 1889 62 27 ou
834 1875 42 41 le
904 1874 136 43 Salut
1060 1888 85 43 par
1157 1874 204 43 l'amour
1383 1875 9 42 !
1426 1874 203 40 Comme
1655 1884 62 28 on
1742 1884 50 29 se
1811 1880 107 33 sent
1944 1871 26 41 à
1991 1869 260 45 l'aiseavec
2278 1885 99 40 eux,

357 1956 186 31 comme
570 1954 62 28 on
658 1940 68 42 les
766 1938 153 56 prend
950 1937 265 43 volontiers
1249 1952 60 28 en
1337 1935 137 57 pitié,
1509 1945 46 32 et
1596 1948 190 29 comme
1814 1949 63 28 on
1912 1934 67 43 les
2015 1934 238 55 aimerait,
2290 1935 89 43 s'ils

353 2005 235 59 parlaient
621 2002 265 43 seulement
908 2003 57 54 (O
1015 2001 249 42 Monsieur
1309 1999 149 43 Henri
1502 1998 138 54 Gain,
1670 2012 212 29 exaucez
1923 2012 77 29 ma
2025 1997 157 57 prière
2204 1999 25 42 à
2253 2004 126 39 votre

353 2069 233 57 prochain
607 2066 154 55 livret)
801 2079 93 28 une
939 2065 172 56 langue
1136 2078 65 28 un
1238 2078 94 42 peu
1366 2062 158 43 moins
1566 2062 452 44 conventionnelle.
2047 2063 168 42 Certes
2264 2073 115 34 cette

353 2145 143 44 prose
524 2139 71 33 est
621 2128 247 42 meilleure
905 2142 90 42 que
1041 2128 118 42 celle
1188 2129 112 41 d'un
1331 2128 120 41 Zola
1474 2141 64 27 ou
1571 2128 113 40 d'un
1719 2126 322 56 Charpentier
2068 2144 9 26 :
2104 2126 111 58 plus
2239 2127 140 44 ferme

355 2194 215 51 d'abord,
616 2203 215 43 exempte
887 2192 56 42 de
969 2199 134 34 toute
1147 2190 339 57 phraséologie
1522 2189 414 52 montmartroise,
1961 2199 45 33 et
2039 2204 85 42 par
2168 2191 211 43 endroits

352 2256 272 56 énergique.
651 2255 38 40 Il
712 2268 73 28 me
817 2253 118 57 plaît
973 2268 90 43 que
1101 2254 313 43 Marie-Anne
1441 2253 188 57 appelle
1662 2253 45 42 la
1743 2267 101 29 mer
1870 2267 23 29 «
1920 2253 224 52 chienne,
2184 2269 193 40 gueuse,

352 2330 184 41 tueuse,
559 2316 177 43 infâme
762 2334 37 36 »,
826 2326 44 33 et
884 2317 67 42 les
978 2318 193 55 paroles
1193 2318 84 42 des
1307 2317 210 43 diverses
1542 2318 245 41 chansons
1813 2318 213 43 insérées
2047 2319 120 42 dans
2189 2319 45 42 la
2250 2319 129 56 pièce

353 2393 107 34 sont
491 2383 42 42 le
573 2381 106 57 plus
715 2390 203 34 souvent
941 2382 141 42 d'une
1129 2381 254 57 simplicité
1413 2381 263 57 populaire
1706 2391 44 33 et
1783 2381 299 44 charmante.
2107 2383 121 43 Mais
2255 2385 42 54 je
2325 2398 52 29 ne

353 2446 121 44 serai
493 2444 254 56 tranquille
776 2457 89 42 que
884 2444 43 42 le
950 2445 108 55 jour
1085 2445 62 41 où
1169 2458 65 28 un
1259 2445 199 42 matelot
1484 2459 272 28 amoureux
1776 2459 59 28 ne
1861 2446 190 56 parlera
2076 2446 109 57 plus
2211 2448 57 42 de
2292 2462 84 29 «ce

352 2510 128 42 divin
503 2509 155 42 baiser
684 2509 63 40 où
768 2507 235 43 tressaille
1045 2523 88 27 son
1160 2509 103 42 âme
1289 2523 41 36 »,
1360 2509 47 40 ni
1427 2510 64 41 du
1509 2524 22 26 «
1571 2508 95 42 rire
1688 2508 217 43 d'enfant
1924 2510 121 42 dont
2078 2520 72 33 est
2171 2511 86 43 fait
2295 2526 81 28 son

352 2573 219 42 bonheur
597 2590 38 24 ».
672 2570 236 43 Combien
938 2572 41 54 je
1022 2570 187 57 préfère
1244 2572 67 41 les
1352 2572 197 55 simples
1590 2571 162 56 lignes
1787 2573 57 42 de
1874 2572 278 55 Pouvillon,
2179 2585 46 33 et
2263 2585 112 33 cette

351 2636 116 42 fuite
492 2634 229 57 virginale
739 2648 8 29 :

402 2700 112 42 Elle
538 2712 47 28 se
613 2699 157 49 levait,
797 2697 122 43 mais
946 2698 34 41 il
1030 2698 43 42 la
1102 2699 140 41 retint
1269 2699 55 41 de
1357 2700 143 57 force
1524 2708 44 33 et
1586 2700 159 58 garda
1774 2712 72 31 ses
1870 2702 163 42 mains
2060 2704 317 55 prisonnières

347 2763 116 41 dans
491 2763 63 40 les
591 2761 198 43 siennes.
811 2777 21 24 «
862 2761 172 57 Suqon,
1059 2761 156 57 Suqon
1242 2779 39 36 »,
1314 2763 285 54 sécrie-t-il,
1634 2772 45 33 et
1712 2763 35 42 il
1779 2765 145 40 attire
1974 2779 52 27 sa
2062 2766 214 56 poitrine
2299 2781 79 30 sur

348 2839 53 27 sa
420 2825 228 56 poitrine,
674 2837 71 29 ses
772 2822 146 44 lèvres
944 2838 84 28 sur
1072 2838 73 28 ses
1173 2825 166 42 lèvres.
1375 2826 111 41 Elle
1514 2826 167 42 résiste
1700 2842 16 37 ;
1739 2841 82 28 son
1854 2828 101 42 sein
1982 2829 183 52 timide,
2190 2845 52 28 sa
2258 2829 115 45 lèvre

352 2889 247 57 ignorante
639 2900 49 28 se
725 2886 221 43 dérobent
983 2888 28 40 à
1062 2887 254 53 l'étreinte;
1366 2890 179 41 avertie
1587 2905 94 42 par
1729 2892 227 42 l'instinct
2003 2892 56 41 de
2098 2893 44 41 la
2183 2895 188 56 pudeur,

351 2951 88 42 elle
478 2951 202 55 échappe
736 2964 101 28 aux
871 2951 159 57 prises
1061 2952 54 42 de
1150 2966 82 28 son
1282 2961 178 35 amant.
1498 2954 175 57 Dépité
1709 2956 54 42 de
1801 2969 53 29 sa
1882 2955 252 60 faiblesse,
2165 2960 206 51 honteux,

348 3014 184 42 celui-ci
557 3014 221 48 s'éloigne
799 3019 24 36 à
844 3027 80 29 son
942 3023 119 35 tour.

406 3076 173 54 Quand
604 3078 125 40 donc
772 3087 306 45 pourra-t-on
1106 3078 189 43 s'aimer
1319 3093 60 29 au
1418 3079 202 54 théâtre,
1671 3094 111 29 sans
1825 3084 176 55 grands
2046 3094 175 47 gestes,
2271 3098 100 30 sans

348 3155 21 24 «
404 3139 109 41 folle
532 3139 198 43 étreinte
758 3156 37 33 »,
813 3153 109 29 sans
948 3140 307 44 invocations
1283 3155 58 29 au
1369 3141 108 53 ciel,
1506 3154 61 43 et,
1595 3158 123 43 pour
1742 3154 108 34 tout
1876 3145 120 53 dire,
2018 3161 110 30 sans
2156 3165 22 23 «
2199 3150 96 42 duo
2319 3146 56 43 »?

405 3203 90 41 Sur
521 3216 52 28 ce
598 3202 170 56 poème
808 3202 172 57 inégal,
1001 3205 118 42 mais
1157 3207 61 40 où
1246 3220 59 28 ne
1354 3217 268 46 manquent
1648 3207 49 42 ni
1744 3208 41 42 le
1813 3208 305 60 dramatique
2144 3212 48 42 ni
2216 3212 42 43 le
2286 3211 63 57 pit-

345 3274 244 47 toresque,
613 3267 65 40 M.
715 3267 185 43 Ch.-M.
940 3267 170 43 Widor
1133 3282 25 28 a
1183 3269 117 42 écrit
1323 3285 95 28 une
1445 3271 222 57 musique
1694 3271 187 45 sincère
1907 3283 45 33 et
1972 3274 144 55 forte,
2142 3287 228 33 soutenue

348 3337 46 33 et
421 3328 210 51 nourrie,
650 3329 117 41 dont
791 3329 43 41 le
861 3329 103 42 seul
985 3329 179 52 défaut,
1191 3334 23 38 à
1242 3346 114 29 mon
1389 3347 128 40 sens,
1539 3334 144 43 serait
1717 3335 57 44 de
1799 3346 111 48 trop
1957 3339 220 45 détailler
2203 3349 46 35 et
2271 3349 100 45 trop

348 3401 166 33 mettre
552 3407 57 27 en
636 3393 163 41 valeur
829 3393 180 55 parfois
1032 3394 83 42 des
1136 3395 188 56 paroles
1352 3398 116 56 qu'il
1492 3398 145 43 valait
1677 3399 162 44 mieux
1864 3401 118 45 faire
2013 3418 169 43 passer
2203 3405 42 43 le
2271 3404 100 57 plus

344 3454 93 43 vite
461 3455 231 57 possible,
719 3455 130 43 voire
888 3456 276 57 submerger
1206 3473 117 29 sous
1349 3460 66 43 les
1448 3460 110 44 flots
1586 3462 57 42 de
1670 3462 282 46 l'orchestre
1972 3469 255 56 complice.
2257 3465 111 44 Mais

345 3518 200 43 l'auteur
569 3520 112 41 s'est
705 3518 85 43 fait
813 3532 94 29 une
932 3520 66 41 loi
1025 3521 58 42 de
1126 3521 168 44 laisser
1326 3525 221 56 toujours
1592 3525 46 43 la
1664 3526 330 47 déclamation
2020 3545 60 29 en
2119 3532 171 57 pleine
2309 3530 39 42 lu-

347 3581 144 43 mière
513 3593 76 43 ;et
622 3592 121 33 cette
769 3582 82 53 loi,
880 3583 359 46 fondamentale
1262 3587 120 43 dans
1408 3588 43 43 le
1495 3589 162 44 drame
1704 3591 187 57 lyrique
1919 3603 45 33 et
1987 3603 108 49 trop
2140 3601 228 38 rarement

347 3645 228 42 observée
602 3645 167 57 depuis
792 3648 231 54 Wagner,
1051 3648 74 42 n'a
1152 3649 59 42 ici
1237 3650 57 42 de
1338 3650 207 45 fâcheux
1571 3652 136 45 effets
1736 3655 183 55 parfois
1948 3672 94 42 que
2078 3661 146 54 parla
2249 3658 119 43 faute

344 3708 63 41 du
434 3708 271 44 librettiste.
731 3710 49 41 Si
797 3710 94 42 lon
910 3711 182 42 voulait
1119 3713 114 43 aller
1260 3728 59 28 au
1347 3714 118 44 fond
1502 3716 83 44 des
1618 3718 193 56 choses,
1834 3734 64 29 on
1944 3724 268 43 trouverait
2236 3729 104 52 peut-

345 3770 95 43 être
461 3774 105 53 qu'à
592 3788 64 26 un
683 3774 161 43 drame
872 3775 186 57 lyrique
1082 3775 32 43 il
1138 3776 100 43 faut
1262 3793 66 28 un
1361 3790 170 33 auteur
1559 3791 47 33 et
1630 3796 100 28 non
1755 3798 66 29 un
1865 3785 276 48 librettiste.
2168 3789 120 43 Mais
2314 3798 54 29 ne

343 3847 183 42 posons
546 3850 85 40 pas
654 3851 91 28 une
767 3838 128 42 aussi
919 3852 141 42 grave
1089 3842 221 55 question
1335 3862 10 33 ;
1374 3859 53 28 ce
1467 3845 81 57 qui
1575 3855 71 34 est
1683 3849 200 55 certain,
1912 3851 119 43 c'est
2056 3868 93 41 que
2192 3852 153 42 l'inten-

340 3895 103 42 tion
486 3897 62 42 du
575 3899 238 43 musicien
838 3911 71 33 est
937 3902 263 44 excellente
1229 3920 8 29 :
1260 3906 31 42 il
1318 3906 102 44 faut
1462 3918 141 35 avant
1639 3918 125 47 tout,
1793 3926 60 29 au
1878 3915 203 54 théâtre,
2112 3931 91 42 que
2248 3923 117 33 nous
