2534 4322
456 241 929 147 ORGANISATION
1451 236 168 147 DE
1680 236 655 147 CONCERTS

271 454 164 57 EX*
1430 456 52 64 2,
1530 471 112 39 rue
1701 452 74 57 de
1828 452 282 70 Louvois,
2162 450 242 75 PARIS,
2443 461 58 61 II»

1351 572 80 37 >i<

439 701 315 71 Beaucoup
1174 699 329 68 d'artistes,
1935 703 150 70 plus
2335 703 169 54 famil

283 786 140 53 leur
603 786 376 54 instrument
1398 787 244 70 qu'nvec
1919 787 186 55 celles
2335 787 71 55 de

279 867 287 72 lorsqu'il
901 867 174 72 s'agit
1317 868 383 74 d'organiser
2147 889 75 36 un
2366 889 138 38 conc

261 957 126 48 tant
421 951 446 72 d'entreprises
897 971 72 38 en
1003 955 221 57 déficit.
1257 957 49 54 A
1338 964 136 48 tous
1521 956 236 55 ceux-là
1789 972 156 37 nous
1976 971 266 56 croyons
2286 961 208 61 rendre

285 1051 75 37 un
509 1035 297 56 véritable
1159 1038 245 55 service
1713 1056 72 37 en
1915 1041 142 53 leur
2259 1041 245 71 rappela

279 1118 384 74 déchargera,
1126 1125 31 49 à
1272 1121 107 55 des
1558 1125 343 53 conditions
2320 1130 132 49 très

256 1219 78 38 ne
364 1210 137 47 sont
523 1220 115 53 pas
666 1205 93 54 les
795 1206 194 55 leurs.
1027 1207 128 55 Par
1178 1225 103 38 ses
1310 1209 300 54 relations
1654 1209 294 54 étendues
1996 1209 152 56 dans
2198 1210 60 55 le
2297 1219 196 56 monde

275 1286 107 55 des
532 1287 335 55 musiciens
1248 1294 57 49 et
1428 1290 107 55 des
1700 1298 328 63 amateurs,
2399 1310 105 54 par

256 1376 59 47 et
354 1388 108 37 son
514 1372 363 70 expérience
905 1375 546 71 professionnelle,
1484 1379 160 53 enfin
1672 1395 122 56 par
1839 1395 66 38 sa
1938 1379 257 71 probité
2239 1380 245 76 absolue,

245 1460 200 65 jointe
475 1472 29 36 a
541 1472 113 38 une
694 1458 231 71 grande
955 1460 264 66 activité,
1270 1463 78 52 M.
1393 1461 254 55 Demets
1691 1469 94 48 est
1833 1463 241 54 devenu
2118 1464 375 72 aujourd'hui

252 1539 469 70 l'organisateur
749 1558 143 39 sans
918 1545 181 52 rival.
1139 1545 82 54 Et
1251 1546 55 54 la
1338 1545 226 56 Société
1597 1545 333 71 Nationale,
1954 1546 52 58 le
2042 1546 270 70 Quatuor
2344 1557 142 57 vocal

252 1620 70 64 de
344 1621 181 66 Paris,
548 1623 55 56 la
627 1623 225 57 Société
877 1625 70 56 de
975 1626 277 60 Concerts
1273 1628 72 58 de
1376 1629 191 57 Chant
1588 1630 305 74 classique,
1916 1634 263 55 nombre
2202 1635 286 63 d'oeuvres

246 1712 251 66 privées
523 1714 56 47 et
603 1708 314 56 d'artistes
934 1712 306 54 virtuoses
1262 1715 105 69 qui
1386 1714 150 55 l'ont
1560 1715 200 55 choisi
1767 1733 168 55 pour
1947 1717 533 76 Administrateur,

255 1790 93 57 lui
483 1790 243 55 doivent
1014 1793 141 57 leur
1339 1795 313 55 existence
1670 1813 73 38 ou
2206 1798 143 53 leur
2359 1816 145 53 pros

254 1880 215 61 ments,
757 1875 347 56 s'adresser
1505 1879 142 54 chez
1855 1880 79 55 M.
2095 1880 264 69 Demets,
2377 1884 127 66 2,ru

1192 1985 268 59 Mercure
1502 1988 265 69 musical,
1814 1992 30 54 i
1855 1997 38 26 er
1934 1993 251 56 octobre
2226 1996 189 56 1905.

399 2210 328 59 CHEiMINS
781 2213 97 57 DE
925 2215 143 57 FER
1113 2217 96 57 DE
1261 2213 1088 75 PARIS-LYON-MÉDITERRANÉE

1437 2354 6 8 /
1945 2352 12 9 v
2377 2349 8 11 \

408 2402 394 94 VOYAGES
883 2410 58 88 A
1010 2392 627 114 ITINÉRAIRES
1701 2417 632 99 FACULTATIES

238 2552 147 160 De
449 2554 421 160 Franee
934 2590 140 127 en
1145 2562 439 196 Algérie
1655 2572 109 155 et
1836 2603 139 127 en
2046 2572 427 168 Tunisie

1027 2789 110 57 OU
1193 2793 189 57 VICE
1433 2797 264 61 VERSA

299 2966 65 40 La
409 2966 292 57 Compagnie
742 2967 174 43 délivre
943 2979 129 34 toute
1103 2971 181 44 l'année
1333 2976 82 42 des
1463 2989 186 33 carnets
1695 2982 57 42 de
1790 2995 76 41 ire,
1916 3000 44 27 2e
2007 2996 46 33 et
2095 2990 44 41 3e
2187 3005 23 28 c
2217 2991 12 42 i
2237 3005 101 31 asse
2374 3006 98 34 pour

305 3023 330 55 ectuer,àprix
661 3024 192 54 îéduits,
878 3027 80 40 des
985 3041 204 43 voyages
1213 3043 212 42 pouvant
1446 3047 274 45 comporter
1744 3041 83 42 des
1844 3055 232 42 parcours
2098 3060 80 28 sur
2204 3048 68 44 les
2298 3051 174 42 réseaux

242 3086 207 34 suivants
477 3093 9 28 :
513 3081 798 60 Paris-Lyon-Mediterranée,
1333 3092 113 50 Est,
1467 3095 144 52 Etat,
1640 3097 155 53 Midi,
1824 3100 168 50 Nord,
2021 3103 255 55 Orléans,
2303 3109 166 49 Ouest,

243 3189 145 36 Bônp
1112 3155 89 29 ien
1208 3175 9 17 '
1359 3151 27 38 1
1428 3147 11 55 (
1446 3147 30 41 h
1475 3203 9 22 ,
1481 3160 90 43 Bne
1575 3205 9 20 ,
1578 3163 19 28 S
1595 3205 8 6 -
1630 3150 334 61 algériennes),
2002 3159 467 60 Ouest-Algérien,

242 3189 418 52 Bone-Guelma,
712 3193 335 55 Sfax-Gafsa,
1082 3210 120 29 ainsi
1235 3213 91 40 que
1364 3215 80 28 sur
1475 3203 66 41 les
1574 3205 151 55 lignes
1753 3210 263 45 maritimes
2050 3216 266 46 desservies
2341 3233 75 36 par
2436 3217 33 42 la

242 3244 291 56 Compagnie
562 3248 226 42 Generale
832 3250 421 59 transatlantique,
1281 3269 83 41 par
1388 3257 44 42 la
1457 3259 292 59 Compagnie
1795 3266 57 41 de
1893 3267 288 60 Navigation
2230 3276 140 43 mixte
2394 3274 75 53 (O

253 3300 227 54 louache)
505 3314 61 28 ou
590 3315 83 42 par
717 3301 44 42 la
800 3304 187 44 Société
1030 3307 231 45 Generale
1288 3313 56 40 de
1368 3313 288 57 Transports
1703 3320 261 46 maritimes
2004 3328 26 40 à
2063 3343 180 32 vapeur
2304 3358 51 5 -
2394 3332 73 42 Ces

239 3368 219 49 voyages,
489 3357 117 42 dont
639 3357 66 42 les
733 3368 262 36 itinéraires
1023 3374 108 33 sont
1156 3366 168 43 établis
1362 3368 24 42 à
1434 3370 210 47 l'avance
1678 3389 85 42 par
1789 3376 67 45 les
1879 3394 265 38 voyageurs
2173 3390 278 41 eux-mêmes

240 3412 193 42 doivent
484 3423 285 52 comporter,
795 3428 59 29 en
887 3431 151 29 meme
1063 3428 154 48 temps
1258 3436 90 42 que
1375 3426 81 41 des
1477 3440 229 41 parcours
1990 3440 93 41 soit
2130 3442 81 43 des
2261 3455 204 34 parcours

239 3476 273 45 maritimes,
541 3479 93 32 soit
656 3470 81 42 des
761 3485 227 42 parcours
1023 3475 260 45 maritimes
1326 3489 45 32 et
1402 3481 232 56 algériens
1665 3501 61 27 ou
1761 3478 235 58 tunisiens
2018 3514 7 8 •
2054 3497 67 43 les
2148 3513 225 29 parcours
2403 3512 64 29 sur

237 3522 68 42 les
342 3537 193 30 reseaux
574 3526 204 55 français
831 3528 192 45 doivent
1067 3532 94 43 être
1188 3535 57 42 de
1269 3536 89 42 300
1392 3536 94 45 km.
1515 3554 60 29 au
1601 3544 156 42 moins
1790 3560 62 28 ou
1885 3554 215 51 comptés
2128 3570 122 35 pour
2275 3560 86 41 300
2385 3558 66 42 km

240 3578 89 42 Les
357 3593 226 41 parcours
626 3592 258 34 maritimes
924 3587 193 43 doivent
1160 3589 95 44 être
1298 3591 225 47 effectués
1556 3598 375 51 exclusivement
1974 3621 81 29 sur
2101 3569 69 85 ifs
2219 3614 245 43 nauuebots

237 3634 137 42 d'une
399 3635 150 43 même
572 3636 308 59 Compagnie.
2150 3626 20 28 s
2217 3628 29 41 P
2253 3628 41 27 at
2294 3629 17 42 i
2314 3626 150 31 ueDOls

294 3690 289 45 L'itinéraire
609 3694 100 43 doit
732 3709 216 30 ramener
968 3699 42 43 le
1034 3714 238 44 voyageur
1297 3705 24 42 à
1345 3719 89 28 son
1458 3708 137 55 point
1620 3711 57 42 de
1701 3713 180 53 départ.

292 3747 91 41 Les
406 3758 181 33 carnets
614 3761 108 32 sont
745 3752 208 44 valables
977 3757 212 53 pendant
1226 3774 58 41 90
1326 3762 167 56 jours;
1528 3775 121 33 cette
1693 3770 195 45 validité
1930 3786 115 42 peut
2092 3780 97 44 être
2224 3780 238 48 prolongée

281 3817 25 25 u
314 3815 28 73 y
350 3815 21 28 e
379 3831 10 20 >
414 3803 122 42 deUx
559 3818 64 29 ou
644 3814 118 36 trois
788 3810 221 54 périodes
1030 3813 57 42 de
1109 3815 56 40 3o
1184 3815 146 55 jours,
1358 3832 295 43 moyennant
1678 3824 42 42 le
1743 3828 242 55 paiement
2029 3835 113 44 d'un
2182 3840 280 48 supplément

232 3857 101 55 egai
360 3871 23 28 a
380 3913 17 13 A
437 3873 9 26 .
461 3873 27 26 o
515 3860 77 46 0/0
619 3861 62 42 du
706 3873 102 44 prix
837 3866 151 42 initial
1014 3868 62 41 du
1098 3880 161 33 carnet
1283 3887 122 42 pour
1427 3875 184 59 chaque
1634 3882 358 54 prolongation.
2182 3852 54 30 su
2239 3852 63 43 PP
2307 3851 110 31 leme

284 3915 55 40 Ai
352 3924 91 31 rets
469 3913 253 46 facultatifs
742 3920 116 41 daîlô
886 3926 156 39 toutes
1068 3925 68 42 les
1161 3941 132 42 gares
1321 3931 63 41 du
1408 3939 244 47 pàrcotirsi

289 3970 86 40 Les
426 3969 256 43 demandes
731 3970 57 46 de
833 3977 183 42 carnets
1048 3974 210 60 pêiitëoi
1295 3981 96 52 être
1418 3983 245 53 adressées
1705 4003 92 35 aux
1833 3997 132 46 chefs
1988 4000 57 45 de
2067 4007 157 38 toutes
2250 4006 67 39 les
2342 4012 116 33 o&ni

225 4068 43 46 1»
1084 4028 195 55 dolvsm
1322 4030 102 56 Uaf
1460 4040 30 59 ?
1495 4050 23 31 *
1526 4040 155 51 rvenir
1726 4040 112 71 «N
1879 4048 137 66 )««»
2029 4035 83 69 '«•
2158 4005 155 101 »!«.
2338 4012 122 97 82*
