2900 4272
2711 70 57 42 69

942 3199 277 33 CARDINAL
1243 3198 320 33 FRANCESCO
1588 3198 315 32 BARBERINI.

374 3302 183 33 Cardinal
571 3304 209 31 Francesco
795 3302 207 33 Barberini
1016 3312 78 21 was
1109 3301 92 32 born
1218 3300 40 33 in
1275 3309 85 31 1597
1376 3300 79 32 and
1467 3300 87 31 died
1568 3300 38 31 in
1623 3302 98 38 1679,
1740 3299 79 32 and
1830 3309 79 22 was
1924 3309 50 22 an
1990 3301 195 39 Amateur,
2203 3301 78 31 and
2302 3304 166 28 amatore

1252 3357 52 40 of
1325 3357 246 34 Theatricals.

369 3418 45 32 In
437 3420 85 38 1634
547 3418 45 32 he
618 3418 257 39 inaugurated
903 3427 47 22 on
974 3417 195 38 February
1192 3417 69 31 6th
1286 3416 60 32 the
1363 3416 153 40 private
1540 3416 144 32 theatre
1714 3416 123 32 which
1863 3416 162 32 Bernini
2045 3416 240 32 constructed
2297 3415 71 39 for
2391 3415 76 31 him

619 3475 40 32 in
682 3476 59 31 his
764 3476 164 32 Palazzo
957 3475 206 32 Barberini
1182 3474 40 32 in
1248 3476 130 38 Roma,
1405 3474 122 32 which
1551 3474 88 32 held
1660 3474 104 31 three
1789 3474 188 32 thousand
1996 3475 217 38 spectators.

376 3534 75 32 The
468 3534 107 39 piece
593 3533 223 40 performed
843 3543 78 23 was
949 3542 22 22 a
999 3535 180 30 Dramma
1206 3532 181 32 musicale
1411 3532 120 32 called
1596 3533 38 31 S.
1654 3531 146 33 Alessio
1868 3531 72 39 for
1968 3531 123 32 which
2116 3531 60 32 the
2198 3531 184 32 Cardinal
2393 3530 77 32 had

367 3594 150 31 written
542 3593 60 31 the
625 3593 147 31 libretto
797 3593 77 31 and
894 3591 159 40 Stefano
1078 3591 126 32 Landi
1224 3591 62 31 the
1309 3591 129 31 music.
1495 3591 76 31 The
1592 3600 127 22 scenes
1741 3599 100 23 were
1864 3589 180 41 designed
2065 3590 44 37 by
2136 3599 23 23 a
2183 3589 146 33 certain
2352 3589 47 33 A.
2427 3589 38 32 S.

368 3651 47 39 (Ie
440 3652 155 31 Andrea
620 3651 151 41 Sacchi)
795 3651 82 32 who
901 3651 79 32 had
1000 3651 182 39 designed
1202 3651 61 30 the
1286 3650 231 31 remarkable
1545 3651 112 30 Festa
1688 3648 51 40 of
1754 3649 61 31 the
1839 3648 145 33 Piazza
2007 3650 160 30 Navone
2189 3648 118 39 given
2330 3658 48 21 on
2402 3649 43 30 Fe-

542 3709 141 39 btuary
708 3718 42 29 25
761 3709 40 30 th
824 3707 51 39 of
889 3709 61 31 the
972 3718 101 22 same
1088 3718 100 30 year
1208 3718 47 20 on
1279 3707 61 31 the
1363 3707 222 40 instigation
1608 3706 52 39 of
1677 3706 185 33 Cardinal
1882 3705 164 33 Antonio
2070 3706 223 32 Barberino.

376 3767 88 32 This
482 3768 168 38 genuine
664 3768 196 37 Amateur,
883 3766 184 32 Cardinal
1088 3768 222 36 Francesco,
1328 3764 158 39 formed
1503 3774 23 22 a
1551 3765 142 36 library
1717 3763 50 40 of
1780 3764 106 39 sixty
1909 3763 189 31 thousand
2109 3765 163 30 volumes
2295 3763 78 31 and
2392 3772 77 23 was

628 3834 23 22 a
679 3824 161 32 member
861 3822 51 39 of
930 3824 61 31 the
1018 3822 227 33 Ac.cademia
1275 3823 127 32 Gelati
1423 3822 50 38 of
1491 3823 169 38 Bologna
1684 3822 77 39 (see
1789 3831 63 30 pp.
1877 3830 54 30 59,
1957 3822 71 37 61).
