<?xml version="1.0" encoding="UTF-8"?>
<alto xmlns:xsi="http://www.w3.org/2001/XMLSchema-instance" xmlns="http://www.loc.gov/standards/alto/ns-v2#" xsi:schemaLocation="http://www.loc.gov/standards/alto/ns-v2# http://www.loc.gov/standards/alto/alto-v2.0.xsd" xmlns:xlink="http://www.w3.org/1999/xlink">
	<Description>
		<MeasurementUnit>mm10</MeasurementUnit>
		<sourceImageInformation>
			<fileName>//fileserver7/IN2-2/Princeton/bmtnaau/1928/04_01/00000119.tif</fileName>
		</sourceImageInformation>
		<OCRProcessing ID="OCRPROCESSING_1">
			<preProcessingStep>
				<processingSoftware>
					<softwareCreator>CCS Content Conversion Specialists GmbH, Germany</softwareCreator>
					<softwareName>CCS docWorks</softwareName>
					<softwareVersion>6.7-1.24</softwareVersion>
				</processingSoftware>
			</preProcessingStep>
			<ocrProcessingStep>
				<processingSoftware>
					<softwareCreator>ABBYY (BIT Software), Russia</softwareCreator>
					<softwareName>FineReader</softwareName>
					<softwareVersion>10.0</softwareVersion>
				</processingSoftware>
			</ocrProcessingStep>
		</OCRProcessing>
	</Description>
	<Styles>
		<TextStyle ID="TXT_0" FONTSIZE="30" FONTFAMILY="Times New Roman"/>
		<TextStyle ID="TXT_1" FONTSIZE="14" FONTFAMILY="Times New Roman"/>
		<TextStyle ID="TXT_2" FONTSIZE="13" FONTFAMILY="Times New Roman" FONTSTYLE="bold italics"/>
		<TextStyle ID="TXT_3" FONTSIZE="14" FONTFAMILY="Times New Roman" FONTSTYLE="italics"/>
		<TextStyle ID="TXT_4" FONTSIZE="12" FONTFAMILY="Times New Roman" FONTSTYLE="bold"/>
		<ParagraphStyle ID="PAR_RIGHT" ALIGN="Right"/>
		<ParagraphStyle ID="PAR_LEFT" ALIGN="Left"/>
		<ParagraphStyle ID="PAR_BLOCK" ALIGN="Block"/>
	</Styles>
	<Layout>
		<Page ID="P45" PHYSICAL_IMG_NR="45" HEIGHT="4396" WIDTH="3116" PRINTED_IMG_NR="81" PC="0.839">
			<TopMargin ID="P45_TM00001" HPOS="0" VPOS="0" WIDTH="3116" HEIGHT="184">
				<TextBlock ID="P45_TB00001" HPOS="2875" VPOS="137" WIDTH="49" HEIGHT="44" STYLEREFS="TXT_0 PAR_RIGHT">
					<TextLine ID="P45_TL00001" HPOS="2875" VPOS="137" WIDTH="49" HEIGHT="44">
						<String ID="P45_ST00001" HPOS="2875" VPOS="137" WIDTH="49" HEIGHT="44" CONTENT="81" WC="1.00" CC="00"/>
					</TextLine>
				</TextBlock>
			</TopMargin>
			<LeftMargin ID="P45_LM00001" HPOS="0" VPOS="184" WIDTH="104" HEIGHT="4020"/>
			<RightMargin ID="P45_RM00001" HPOS="2932" VPOS="184" WIDTH="184" HEIGHT="4020"/>
			<BottomMargin ID="P45_BM00001" HPOS="0" VPOS="4204" WIDTH="3116" HEIGHT="192"/>
			<PrintSpace ID="P45_PS00001" HPOS="104" VPOS="184" WIDTH="2828" HEIGHT="4020">
				<TextBlock ID="P45_TB00002" HPOS="104" VPOS="189" WIDTH="944" HEIGHT="4015" STYLEREFS="TXT_1 PAR_LEFT">
					<TextLine ID="P45_TL00002" HPOS="149" VPOS="190" WIDTH="895" HEIGHT="67">
						<String ID="P45_ST00002" HPOS="149" VPOS="190" WIDTH="50" HEIGHT="43" CONTENT="he" WC="0.27" CC="77"/>
						<SP ID="P45_SP00001" HPOS="199" VPOS="233" WIDTH="31"/>
						<String ID="P45_ST00003" HPOS="230" VPOS="191" WIDTH="124" HEIGHT="45" CONTENT="doesn" WC="0.55" CC="95070"/>
						<SP ID="P45_SP00002" HPOS="354" VPOS="236" WIDTH="18"/>
						<String ID="P45_ST00004" HPOS="372" VPOS="205" WIDTH="13" HEIGHT="31" CONTENT="t" WC="1.00" CC="0"/>
						<SP ID="P45_SP00003" HPOS="385" VPOS="236" WIDTH="31"/>
						<String ID="P45_ST00005" HPOS="416" VPOS="193" WIDTH="75" HEIGHT="45" CONTENT="like" WC="0.96" CC="1617"/>
						<SP ID="P45_SP00004" HPOS="491" VPOS="238" WIDTH="32"/>
						<String ID="P45_ST00006" HPOS="523" VPOS="195" WIDTH="72" HEIGHT="44" CONTENT="this" WC="0.96" CC="0775"/>
						<SP ID="P45_SP00005" HPOS="595" VPOS="239" WIDTH="43"/>
						<String ID="P45_ST00007" HPOS="638" VPOS="199" WIDTH="78" HEIGHT="44" CONTENT="and" WC="0.91" CC="769"/>
						<SP ID="P45_SP00006" HPOS="716" VPOS="243" WIDTH="50"/>
						<String ID="P45_ST00008" HPOS="766" VPOS="199" WIDTH="49" HEIGHT="45" CONTENT="he" WC="0.25" CC="77"/>
						<SP ID="P45_SP00007" HPOS="815" VPOS="244" WIDTH="46"/>
						<String ID="P45_ST00009" HPOS="861" VPOS="220" WIDTH="30" HEIGHT="25" CONTENT="is" WC="0.47" CC="27"/>
						<SP ID="P45_SP00008" HPOS="891" VPOS="245" WIDTH="48"/>
						<String ID="P45_ST00010" HPOS="939" VPOS="215" WIDTH="105" HEIGHT="42" CONTENT="quite" WC="0.97" CC="06607"/>
					</TextLine>
					<TextLine ID="P45_TL00003" HPOS="147" VPOS="250" WIDTH="113" HEIGHT="54">
						<String ID="P45_ST00011" HPOS="147" VPOS="250" WIDTH="113" HEIGHT="54" CONTENT="right." WC="0.97" CC="857704"/>
					</TextLine>
					<TextLine ID="P45_TL00004" HPOS="208" VPOS="311" WIDTH="838" HEIGHT="54">
						<String ID="P45_ST00012" HPOS="208" VPOS="311" WIDTH="58" HEIGHT="42" CONTENT="So" WC="0.72" CC="05"/>
						<SP ID="P45_SP00009" HPOS="266" VPOS="353" WIDTH="32"/>
						<String ID="P45_ST00013" HPOS="298" VPOS="313" WIDTH="97" HEIGHT="52" CONTENT="right" WC="0.97" CC="62660"/>
						<SP ID="P45_SP00010" HPOS="395" VPOS="365" WIDTH="37"/>
						<String ID="P45_ST00014" HPOS="432" VPOS="315" WIDTH="30" HEIGHT="41" CONTENT="is" WC="0.59" CC="43"/>
						<SP ID="P45_SP00011" HPOS="462" VPOS="365" WIDTH="46"/>
						<String ID="P45_ST00015" HPOS="508" VPOS="315" WIDTH="66" HEIGHT="49" CONTENT="he," WC="0.95" CC="724"/>
						<SP ID="P45_SP00012" HPOS="574" VPOS="365" WIDTH="47"/>
						<String ID="P45_ST00016" HPOS="621" VPOS="317" WIDTH="79" HEIGHT="43" CONTENT="and" WC="0.96" CC="540"/>
						<SP ID="P45_SP00013" HPOS="700" VPOS="365" WIDTH="47"/>
						<String ID="P45_ST00017" HPOS="747" VPOS="320" WIDTH="51" HEIGHT="42" CONTENT="he" WC="0.36" CC="75"/>
						<SP ID="P45_SP00014" HPOS="798" VPOS="365" WIDTH="32"/>
						<String ID="P45_ST00018" HPOS="830" VPOS="338" WIDTH="108" HEIGHT="27" CONTENT="some" WC="0.99" CC="0005"/>
						<SP ID="P45_SP00015" HPOS="938" VPOS="365" WIDTH="32"/>
						<String ID="P45_ST00019" HPOS="970" VPOS="322" WIDTH="76" HEIGHT="43" CONTENT="five" WC="0.98" CC="0035"/>
					</TextLine>
					<TextLine ID="P45_TL00005" HPOS="147" VPOS="369" WIDTH="897" HEIGHT="66">
						<String ID="P45_ST00020" HPOS="147" VPOS="369" WIDTH="182" HEIGHT="45" CONTENT="hundred" WC="0.98" CC="7600960"/>
						<SP ID="P45_SP00016" HPOS="329" VPOS="414" WIDTH="43"/>
						<String ID="P45_ST00021" HPOS="372" VPOS="372" WIDTH="106" HEIGHT="44" CONTENT="miles" WC="0.96" CC="04679"/>
						<SP ID="P45_SP00017" HPOS="478" VPOS="416" WIDTH="47"/>
						<String ID="P45_ST00022" HPOS="525" VPOS="376" WIDTH="100" HEIGHT="43" CONTENT="from" WC="0.93" CC="7959"/>
						<SP ID="P45_SP00018" HPOS="625" VPOS="419" WIDTH="52"/>
						<String ID="P45_ST00023" HPOS="677" VPOS="378" WIDTH="66" HEIGHT="43" CONTENT="the" WC="0.92" CC="577"/>
						<SP ID="P45_SP00019" HPOS="743" VPOS="421" WIDTH="40"/>
						<String ID="P45_ST00024" HPOS="783" VPOS="392" WIDTH="87" HEIGHT="43" CONTENT="spot" WC="0.95" CC="9065"/>
						<SP ID="P45_SP00020" HPOS="870" VPOS="435" WIDTH="43"/>
						<String ID="P45_ST00025" HPOS="913" VPOS="381" WIDTH="131" HEIGHT="44" CONTENT="where" WC="0.95" CC="77677"/>
					</TextLine>
					<TextLine ID="P45_TL00006" HPOS="130" VPOS="430" WIDTH="915" HEIGHT="59">
						<String ID="P45_ST00026" HPOS="130" VPOS="430" WIDTH="84" HEIGHT="47" CONTENT=",the" WC="0.55" CC="4471"/>
						<SP ID="P45_SP00021" HPOS="214" VPOS="477" WIDTH="21"/>
						<String ID="P45_ST00027" HPOS="235" VPOS="430" WIDTH="111" HEIGHT="44" CONTENT="show" WC="0.97" CC="3750"/>
						<SP ID="P45_SP00022" HPOS="346" VPOS="477" WIDTH="33"/>
						<String ID="P45_ST00028" HPOS="379" VPOS="432" WIDTH="94" HEIGHT="43" CONTENT="took" WC="0.98" CC="0630"/>
						<SP ID="P45_SP00023" HPOS="473" VPOS="477" WIDTH="33"/>
						<String ID="P45_ST00029" HPOS="506" VPOS="435" WIDTH="125" HEIGHT="54" CONTENT="place," WC="0.97" CC="806614"/>
						<SP ID="P45_SP00024" HPOS="631" VPOS="489" WIDTH="24"/>
						<String ID="P45_ST00030" HPOS="655" VPOS="437" WIDTH="80" HEIGHT="44" CONTENT="that" WC="0.96" CC="7760"/>
						<SP ID="P45_SP00025" HPOS="735" VPOS="489" WIDTH="33"/>
						<String ID="P45_ST00031" HPOS="768" VPOS="440" WIDTH="26" HEIGHT="41" CONTENT="it" WC="0.26" CC="76"/>
						<SP ID="P45_SP00026" HPOS="794" VPOS="489" WIDTH="34"/>
						<String ID="P45_ST00032" HPOS="828" VPOS="440" WIDTH="79" HEIGHT="43" CONTENT="will" WC="0.98" CC="0404"/>
						<SP ID="P45_SP00027" HPOS="907" VPOS="489" WIDTH="21"/>
						<String ID="P45_ST00033" HPOS="928" VPOS="459" WIDTH="117" HEIGHT="25" CONTENT="occur" WC="0.97" CC="53760"/>
					</TextLine>
					<TextLine ID="P45_TL00007" HPOS="146" VPOS="491" WIDTH="898" HEIGHT="64">
						<String ID="P45_ST00034" HPOS="146" VPOS="500" WIDTH="42" HEIGHT="32" CONTENT="to" WC="0.48" CC="45"/>
						<SP ID="P45_SP00028" HPOS="188" VPOS="532" WIDTH="29"/>
						<String ID="P45_ST00035" HPOS="217" VPOS="507" WIDTH="79" HEIGHT="36" CONTENT="you" WC="0.96" CC="028"/>
						<SP ID="P45_SP00029" HPOS="296" VPOS="543" WIDTH="34"/>
						<String ID="P45_ST00036" HPOS="330" VPOS="491" WIDTH="83" HEIGHT="43" CONTENT="that" WC="0.94" CC="6776"/>
						<SP ID="P45_SP00030" HPOS="413" VPOS="543" WIDTH="32"/>
						<String ID="P45_ST00037" HPOS="445" VPOS="511" WIDTH="21" HEIGHT="23" CONTENT="a" WC="0.48" CC="5"/>
						<SP ID="P45_SP00031" HPOS="466" VPOS="543" WIDTH="33"/>
						<String ID="P45_ST00038" HPOS="499" VPOS="512" WIDTH="87" HEIGHT="27" CONTENT="new" WC="0.97" CC="610"/>
						<SP ID="P45_SP00032" HPOS="586" VPOS="543" WIDTH="34"/>
						<String ID="P45_ST00039" HPOS="620" VPOS="515" WIDTH="64" HEIGHT="24" CONTENT="era" WC="0.98" CC="004"/>
						<SP ID="P45_SP00033" HPOS="684" VPOS="543" WIDTH="33"/>
						<String ID="P45_ST00040" HPOS="717" VPOS="500" WIDTH="29" HEIGHT="40" CONTENT="is" WC="0.30" CC="76"/>
						<SP ID="P45_SP00034" HPOS="746" VPOS="543" WIDTH="31"/>
						<String ID="P45_ST00041" HPOS="777" VPOS="499" WIDTH="185" HEIGHT="56" CONTENT="dawning" WC="0.98" CC="0160706"/>
						<SP ID="P45_SP00035" HPOS="962" VPOS="555" WIDTH="22"/>
						<String ID="P45_ST00042" HPOS="984" VPOS="502" WIDTH="60" HEIGHT="42" CONTENT="for" WC="0.94" CC="753"/>
					</TextLine>
					<TextLine ID="P45_TL00008" HPOS="146" VPOS="549" WIDTH="896" HEIGHT="62">
						<String ID="P45_ST00043" HPOS="146" VPOS="549" WIDTH="190" HEIGHT="43" CONTENT="dramatic" WC="0.98" CC="96676002"/>
						<SP ID="P45_SP00036" HPOS="336" VPOS="592" WIDTH="41"/>
						<String ID="P45_ST00044" HPOS="377" VPOS="554" WIDTH="140" HEIGHT="42" CONTENT="critics." WC="0.98" CC="08106563"/>
						<SP ID="P45_SP00037" HPOS="517" VPOS="596" WIDTH="97"/>
						<String ID="P45_ST00045" HPOS="614" VPOS="557" WIDTH="113" HEIGHT="54" CONTENT="Why" WC="0.94" CC="860"/>
						<SP ID="P45_SP00038" HPOS="727" VPOS="611" WIDTH="53"/>
						<String ID="P45_ST00046" HPOS="780" VPOS="559" WIDTH="153" HEIGHT="44" CONTENT="doesn't" WC="0.98" CC="0075906"/>
						<SP ID="P45_SP00039" HPOS="933" VPOS="611" WIDTH="43"/>
						<String ID="P45_ST00047" HPOS="976" VPOS="561" WIDTH="66" HEIGHT="42" CONTENT="the" WC="0.94" CC="376"/>
					</TextLine>
					<TextLine ID="P45_TL00009" HPOS="145" VPOS="611" WIDTH="898" HEIGHT="62">
						<String ID="P45_ST00048" HPOS="145" VPOS="611" WIDTH="124" HEIGHT="41" CONTENT="critics" WC="0.97" CC="5676755"/>
						<SP ID="P45_SP00040" HPOS="269" VPOS="652" WIDTH="45"/>
						<String ID="P45_ST00049" HPOS="314" VPOS="611" WIDTH="129" HEIGHT="43" CONTENT="Circle" WC="0.98" CC="365060"/>
						<SP ID="P45_SP00041" HPOS="443" VPOS="654" WIDTH="32"/>
						<String ID="P45_ST00050" HPOS="475" VPOS="614" WIDTH="42" HEIGHT="42" CONTENT="of" WC="0.82" CC="03"/>
						<SP ID="P45_SP00042" HPOS="517" VPOS="656" WIDTH="32"/>
						<String ID="P45_ST00051" HPOS="549" VPOS="614" WIDTH="175" HEIGHT="45" CONTENT="London" WC="0.96" CC="958966"/>
						<SP ID="P45_SP00043" HPOS="724" VPOS="659" WIDTH="31"/>
						<String ID="P45_ST00052" HPOS="755" VPOS="619" WIDTH="159" HEIGHT="54" CONTENT="employ" WC="0.97" CC="079550"/>
						<SP ID="P45_SP00044" HPOS="914" VPOS="673" WIDTH="22"/>
						<String ID="P45_ST00053" HPOS="936" VPOS="638" WIDTH="107" HEIGHT="25" CONTENT="some" WC="0.94" CC="6496"/>
					</TextLine>
					<TextLine ID="P45_TL00010" HPOS="145" VPOS="668" WIDTH="897" HEIGHT="55">
						<String ID="P45_ST00054" HPOS="145" VPOS="668" WIDTH="89" HEIGHT="43" CONTENT="able" WC="0.98" CC="0800"/>
						<SP ID="P45_SP00045" HPOS="234" VPOS="711" WIDTH="32"/>
						<String ID="P45_ST00055" HPOS="266" VPOS="669" WIDTH="212" HEIGHT="46" CONTENT="enthusiast" WC="0.99" CC="0407515010"/>
						<SP ID="P45_SP00046" HPOS="478" VPOS="715" WIDTH="21"/>
						<String ID="P45_ST00056" HPOS="499" VPOS="672" WIDTH="77" HEIGHT="44" CONTENT="like" WC="0.97" CC="6701"/>
						<SP ID="P45_SP00047" HPOS="576" VPOS="716" WIDTH="24"/>
						<String ID="P45_ST00057" HPOS="600" VPOS="675" WIDTH="260" HEIGHT="46" CONTENT="MacGowan" WC="0.61" CC="17350137"/>
						<SP ID="P45_SP00048" HPOS="860" VPOS="721" WIDTH="31"/>
						<String ID="P45_ST00058" HPOS="891" VPOS="681" WIDTH="78" HEIGHT="42" CONTENT="and" WC="0.92" CC="569"/>
						<SP ID="P45_SP00049" HPOS="969" VPOS="723" WIDTH="24"/>
						<String ID="P45_ST00059" HPOS="993" VPOS="698" WIDTH="49" HEIGHT="24" CONTENT="an" WC="0.65" CC="07"/>
					</TextLine>
					<TextLine ID="P45_TL00011" HPOS="143" VPOS="727" WIDTH="898" HEIGHT="64">
						<String ID="P45_ST00060" HPOS="143" VPOS="727" WIDTH="91" HEIGHT="44" CONTENT="able" WC="0.98" CC="0640"/>
						<SP ID="P45_SP00050" HPOS="234" VPOS="771" WIDTH="32"/>
						<String ID="P45_ST00061" HPOS="266" VPOS="728" WIDTH="277" HEIGHT="56" CONTENT="draughtsman" WC="0.99" CC="00357758907"/>
						<SP ID="P45_SP00051" HPOS="543" VPOS="784" WIDTH="42"/>
						<String ID="P45_ST00062" HPOS="585" VPOS="734" WIDTH="76" HEIGHT="44" CONTENT="like" WC="0.99" CC="0202"/>
						<SP ID="P45_SP00052" HPOS="661" VPOS="784" WIDTH="47"/>
						<String ID="P45_ST00063" HPOS="708" VPOS="738" WIDTH="84" HEIGHT="42" CONTENT="Mr." WC="0.98" CC="004"/>
						<SP ID="P45_SP00053" HPOS="792" VPOS="784" WIDTH="50"/>
						<String ID="P45_ST00064" HPOS="842" VPOS="738" WIDTH="119" HEIGHT="53" CONTENT="Jones" WC="0.99" CC="10700"/>
						<SP ID="P45_SP00054" HPOS="961" VPOS="791" WIDTH="40"/>
						<String ID="P45_ST00065" HPOS="1001" VPOS="750" WIDTH="40" HEIGHT="32" CONTENT="to" WC="0.56" CC="35"/>
					</TextLine>
					<TextLine ID="P45_TL00012" HPOS="143" VPOS="789" WIDTH="899" HEIGHT="64">
						<String ID="P45_ST00066" HPOS="143" VPOS="790" WIDTH="136" HEIGHT="42" CONTENT="attend" WC="0.97" CC="498049"/>
						<SP ID="P45_SP00055" HPOS="279" VPOS="832" WIDTH="33"/>
						<String ID="P45_ST00067" HPOS="312" VPOS="789" WIDTH="66" HEIGHT="43" CONTENT="the" WC="0.96" CC="072"/>
						<SP ID="P45_SP00056" HPOS="378" VPOS="832" WIDTH="22"/>
						<String ID="P45_ST00068" HPOS="400" VPOS="790" WIDTH="68" HEIGHT="43" CONTENT="last" WC="1.00" CC="0100"/>
						<SP ID="P45_SP00057" HPOS="468" VPOS="833" WIDTH="35"/>
						<String ID="P45_ST00069" HPOS="503" VPOS="792" WIDTH="86" HEIGHT="44" CONTENT="four" WC="0.95" CC="5645"/>
						<SP ID="P45_SP00058" HPOS="589" VPOS="836" WIDTH="22"/>
						<String ID="P45_ST00070" HPOS="611" VPOS="795" WIDTH="207" HEIGHT="45" CONTENT="rehearsals" WC="0.99" CC="4070607006"/>
						<SP ID="P45_SP00059" HPOS="818" VPOS="840" WIDTH="32"/>
						<String ID="P45_ST00071" HPOS="850" VPOS="797" WIDTH="44" HEIGHT="43" CONTENT="of" WC="0.50" CC="36"/>
						<SP ID="P45_SP00060" HPOS="894" VPOS="840" WIDTH="30"/>
						<String ID="P45_ST00072" HPOS="924" VPOS="816" WIDTH="118" HEIGHT="37" CONTENT="every" WC="0.98" CC="20750"/>
					</TextLine>
					<TextLine ID="P45_TL00013" HPOS="143" VPOS="849" WIDTH="898" HEIGHT="61">
						<String ID="P45_ST00073" HPOS="143" VPOS="849" WIDTH="132" HEIGHT="52" CONTENT="piece:" WC="0.99" CC="660200"/>
						<SP ID="P45_SP00061" HPOS="275" VPOS="901" WIDTH="56"/>
						<String ID="P45_ST00074" HPOS="331" VPOS="859" WIDTH="38" HEIGHT="32" CONTENT="to" WC="0.38" CC="92"/>
						<SP ID="P45_SP00062" HPOS="369" VPOS="901" WIDTH="52"/>
						<String ID="P45_ST00075" HPOS="421" VPOS="853" WIDTH="112" HEIGHT="41" CONTENT="write" WC="0.96" CC="93790"/>
						<SP ID="P45_SP00063" HPOS="533" VPOS="901" WIDTH="52"/>
						<String ID="P45_ST00076" HPOS="585" VPOS="855" WIDTH="80" HEIGHT="42" CONTENT="and" WC="0.98" CC="060"/>
						<SP ID="P45_SP00064" HPOS="665" VPOS="901" WIDTH="47"/>
						<String ID="P45_ST00077" HPOS="712" VPOS="859" WIDTH="101" HEIGHT="51" CONTENT="print" WC="0.97" CC="00666"/>
						<SP ID="P45_SP00065" HPOS="813" VPOS="910" WIDTH="47"/>
						<String ID="P45_ST00078" HPOS="860" VPOS="875" WIDTH="22" HEIGHT="24" CONTENT="a" WC="0.99" CC="0"/>
						<SP ID="P45_SP00066" HPOS="882" VPOS="910" WIDTH="52"/>
						<String ID="P45_ST00079" HPOS="934" VPOS="858" WIDTH="107" HEIGHT="43" CONTENT="vivid" WC="0.97" CC="07650"/>
					</TextLine>
					<TextLine ID="P45_TL00014" HPOS="143" VPOS="909" WIDTH="896" HEIGHT="63">
						<String ID="P45_ST00080" HPOS="143" VPOS="919" WIDTH="166" HEIGHT="31" CONTENT="account" WC="0.98" CC="8326800"/>
						<SP ID="P45_SP00067" HPOS="309" VPOS="950" WIDTH="69"/>
						<String ID="P45_ST00081" HPOS="378" VPOS="909" WIDTH="42" HEIGHT="42" CONTENT="of" WC="0.30" CC="67"/>
						<SP ID="P45_SP00068" HPOS="420" VPOS="951" WIDTH="53"/>
						<String ID="P45_ST00082" HPOS="473" VPOS="911" WIDTH="67" HEIGHT="43" CONTENT="the" WC="0.92" CC="964"/>
						<SP ID="P45_SP00069" HPOS="540" VPOS="954" WIDTH="52"/>
						<String ID="P45_ST00083" HPOS="592" VPOS="915" WIDTH="181" HEIGHT="43" CONTENT="methods" WC="0.97" CC="9067398"/>
						<SP ID="P45_SP00070" HPOS="773" VPOS="958" WIDTH="41"/>
						<String ID="P45_ST00084" HPOS="814" VPOS="917" WIDTH="225" HEIGHT="55" CONTENT="employed," WC="0.99" CC="040640003"/>
					</TextLine>
					<TextLine ID="P45_TL00015" HPOS="144" VPOS="967" WIDTH="895" HEIGHT="59">
						<String ID="P45_ST00085" HPOS="144" VPOS="967" WIDTH="65" HEIGHT="42" CONTENT="the" WC="0.95" CC="371"/>
						<SP ID="P45_SP00071" HPOS="209" VPOS="1009" WIDTH="33"/>
						<String ID="P45_ST00086" HPOS="242" VPOS="967" WIDTH="116" HEIGHT="44" CONTENT="effect" WC="0.97" CC="067357"/>
						<SP ID="P45_SP00072" HPOS="358" VPOS="1011" WIDTH="37"/>
						<String ID="P45_ST00087" HPOS="395" VPOS="971" WIDTH="131" HEIGHT="43" CONTENT="aimed" WC="0.97" CC="06609"/>
						<SP ID="P45_SP00073" HPOS="526" VPOS="1014" WIDTH="24"/>
						<String ID="P45_ST00088" HPOS="550" VPOS="983" WIDTH="37" HEIGHT="31" CONTENT="at" WC="0.55" CC="53"/>
						<SP ID="P45_SP00074" HPOS="587" VPOS="1014" WIDTH="34"/>
						<String ID="P45_ST00089" HPOS="621" VPOS="974" WIDTH="79" HEIGHT="43" CONTENT="and" WC="0.99" CC="020"/>
						<SP ID="P45_SP00075" HPOS="700" VPOS="1017" WIDTH="33"/>
						<String ID="P45_ST00090" HPOS="733" VPOS="976" WIDTH="204" HEIGHT="50" CONTENT="achieved," WC="0.99" CC="007030154"/>
						<SP ID="P45_SP00076" HPOS="937" VPOS="1026" WIDTH="23"/>
						<String ID="P45_ST00091" HPOS="960" VPOS="978" WIDTH="79" HEIGHT="41" CONTENT="and" WC="0.95" CC="390"/>
					</TextLine>
					<TextLine ID="P45_TL00016" HPOS="142" VPOS="1026" WIDTH="897" HEIGHT="64">
						<String ID="P45_ST00092" HPOS="142" VPOS="1026" WIDTH="212" HEIGHT="44" CONTENT="broadcast" WC="0.98" CC="765485060"/>
						<SP ID="P45_SP00077" HPOS="354" VPOS="1070" WIDTH="32"/>
						<String ID="P45_ST00093" HPOS="386" VPOS="1030" WIDTH="73" HEIGHT="42" CONTENT="this" WC="0.97" CC="0745"/>
						<SP ID="P45_SP00078" HPOS="459" VPOS="1072" WIDTH="31"/>
						<String ID="P45_ST00094" HPOS="490" VPOS="1032" WIDTH="127" HEIGHT="41" CONTENT="round" WC="0.95" CC="47879"/>
						<SP ID="P45_SP00079" HPOS="617" VPOS="1073" WIDTH="40"/>
						<String ID="P45_ST00095" HPOS="657" VPOS="1045" WIDTH="38" HEIGHT="31" CONTENT="to" WC="0.27" CC="86"/>
						<SP ID="P45_SP00080" HPOS="695" VPOS="1076" WIDTH="41"/>
						<String ID="P45_ST00096" HPOS="736" VPOS="1035" WIDTH="66" HEIGHT="42" CONTENT="the" WC="0.95" CC="471"/>
						<SP ID="P45_SP00081" HPOS="802" VPOS="1077" WIDTH="32"/>
						<String ID="P45_ST00097" HPOS="834" VPOS="1037" WIDTH="129" HEIGHT="53" CONTENT="eighty" WC="0.99" CC="007700"/>
						<SP ID="P45_SP00082" HPOS="963" VPOS="1090" WIDTH="32"/>
						<String ID="P45_ST00098" HPOS="995" VPOS="1054" WIDTH="44" HEIGHT="26" CONTENT="or" WC="0.88" CC="02"/>
					</TextLine>
					<TextLine ID="P45_TL00017" HPOS="141" VPOS="1087" WIDTH="898" HEIGHT="62">
						<String ID="P45_ST00099" HPOS="141" VPOS="1088" WIDTH="133" HEIGHT="53" CONTENT="ninety" WC="0.98" CC="066600"/>
						<SP ID="P45_SP00083" HPOS="274" VPOS="1141" WIDTH="41"/>
						<String ID="P45_ST00100" HPOS="315" VPOS="1087" WIDTH="201" HEIGHT="46" CONTENT="Dramatic" WC="0.99" CC="30560000"/>
						<SP ID="P45_SP00084" HPOS="516" VPOS="1141" WIDTH="31"/>
						<String ID="P45_ST00101" HPOS="547" VPOS="1092" WIDTH="138" HEIGHT="44" CONTENT="Critics" WC="0.98" CC="0178765"/>
						<SP ID="P45_SP00085" HPOS="685" VPOS="1141" WIDTH="32"/>
						<String ID="P45_ST00102" HPOS="717" VPOS="1094" WIDTH="43" HEIGHT="42" CONTENT="of" WC="0.65" CC="06"/>
						<SP ID="P45_SP00086" HPOS="760" VPOS="1141" WIDTH="31"/>
						<String ID="P45_ST00103" HPOS="791" VPOS="1094" WIDTH="180" HEIGHT="55" CONTENT="England" WC="0.98" CC="8660050"/>
						<SP ID="P45_SP00087" HPOS="971" VPOS="1149" WIDTH="28"/>
						<String ID="P45_ST00104" HPOS="999" VPOS="1098" WIDTH="40" HEIGHT="41" CONTENT="in" WC="0.57" CC="08"/>
					</TextLine>
					<TextLine ID="P45_TL00018" HPOS="140" VPOS="1147" WIDTH="899" HEIGHT="62">
						<String ID="P45_ST00105" HPOS="140" VPOS="1147" WIDTH="104" HEIGHT="52" CONTENT="good" WC="0.95" CC="6069"/>
						<SP ID="P45_SP00088" HPOS="244" VPOS="1199" WIDTH="51"/>
						<String ID="P45_ST00106" HPOS="295" VPOS="1158" WIDTH="91" HEIGHT="32" CONTENT="time" WC="0.95" CC="6773"/>
						<SP ID="P45_SP00089" HPOS="386" VPOS="1199" WIDTH="47"/>
						<String ID="P45_ST00107" HPOS="433" VPOS="1150" WIDTH="79" HEIGHT="42" CONTENT="and" WC="0.91" CC="779"/>
						<SP ID="P45_SP00090" HPOS="512" VPOS="1199" WIDTH="53"/>
						<String ID="P45_ST00108" HPOS="565" VPOS="1150" WIDTH="50" HEIGHT="43" CONTENT="let" WC="0.96" CC="802"/>
						<SP ID="P45_SP00091" HPOS="615" VPOS="1199" WIDTH="53"/>
						<String ID="P45_ST00109" HPOS="668" VPOS="1153" WIDTH="108" HEIGHT="43" CONTENT="these" WC="0.97" CC="06861"/>
						<SP ID="P45_SP00092" HPOS="776" VPOS="1199" WIDTH="52"/>
						<String ID="P45_ST00110" HPOS="828" VPOS="1174" WIDTH="88" HEIGHT="25" CONTENT="men" WC="0.94" CC="518"/>
						<SP ID="P45_SP00093" HPOS="916" VPOS="1199" WIDTH="31"/>
						<String ID="P45_ST00111" HPOS="947" VPOS="1174" WIDTH="69" HEIGHT="35" CONTENT="pro" SUBS_TYPE="HypPart1" SUBS_CONTENT="pronounce" WC="0.95" CC="565"/>
						<HYP HPOS="1016" VPOS="1174" WIDTH="23" CONTENT="-"/>
					</TextLine>
					<TextLine ID="P45_TL00019" HPOS="139" VPOS="1208" WIDTH="900" HEIGHT="62">
						<String ID="P45_ST00112" HPOS="139" VPOS="1223" WIDTH="153" HEIGHT="26" CONTENT="nounce" SUBS_TYPE="HypPart2" SUBS_CONTENT="pronounce" WC="0.97" CC="776651"/>
						<SP ID="P45_SP00094" HPOS="292" VPOS="1249" WIDTH="31"/>
						<String ID="P45_ST00113" HPOS="323" VPOS="1225" WIDTH="53" HEIGHT="25" CONTENT="on" WC="0.66" CC="60"/>
						<SP ID="P45_SP00095" HPOS="376" VPOS="1250" WIDTH="33"/>
						<String ID="P45_ST00114" HPOS="409" VPOS="1208" WIDTH="65" HEIGHT="43" CONTENT="the" WC="0.93" CC="665"/>
						<SP ID="P45_SP00096" HPOS="474" VPOS="1251" WIDTH="43"/>
						<String ID="P45_ST00115" HPOS="517" VPOS="1223" WIDTH="130" HEIGHT="41" CONTENT="report" WC="0.98" CC="040147"/>
						<SP ID="P45_SP00097" HPOS="647" VPOS="1264" WIDTH="42"/>
						<String ID="P45_ST00116" HPOS="689" VPOS="1214" WIDTH="133" HEIGHT="43" CONTENT="seated" WC="0.98" CC="806009"/>
						<SP ID="P45_SP00098" HPOS="822" VPOS="1264" WIDTH="34"/>
						<String ID="P45_ST00117" HPOS="856" VPOS="1216" WIDTH="53" HEIGHT="54" CONTENT="by" WC="0.64" CC="70"/>
						<SP ID="P45_SP00099" HPOS="909" VPOS="1270" WIDTH="32"/>
						<String ID="P45_ST00118" HPOS="941" VPOS="1216" WIDTH="98" HEIGHT="44" CONTENT="their" WC="0.97" CC="76070"/>
					</TextLine>
					<TextLine ID="P45_TL00020" HPOS="139" VPOS="1266" WIDTH="899" HEIGHT="63">
						<String ID="P45_ST00119" HPOS="139" VPOS="1266" WIDTH="167" HEIGHT="43" CONTENT="fireside." WC="0.98" CC="006077954"/>
						<SP ID="P45_SP00100" HPOS="306" VPOS="1309" WIDTH="81"/>
						<String ID="P45_ST00120" HPOS="387" VPOS="1268" WIDTH="92" HEIGHT="44" CONTENT="The" WC="0.97" CC="061"/>
						<SP ID="P45_SP00101" HPOS="479" VPOS="1312" WIDTH="52"/>
						<String ID="P45_ST00121" HPOS="531" VPOS="1270" WIDTH="83" HEIGHT="43" CONTENT="best" WC="0.96" CC="8053"/>
						<SP ID="P45_SP00102" HPOS="614" VPOS="1313" WIDTH="49"/>
						<String ID="P45_ST00122" HPOS="663" VPOS="1272" WIDTH="43" HEIGHT="43" CONTENT="of" WC="0.41" CC="46"/>
						<SP ID="P45_SP00103" HPOS="706" VPOS="1315" WIDTH="54"/>
						<String ID="P45_ST00123" HPOS="760" VPOS="1273" WIDTH="66" HEIGHT="44" CONTENT="the" WC="0.97" CC="070"/>
						<SP ID="P45_SP00104" HPOS="826" VPOS="1317" WIDTH="53"/>
						<String ID="P45_ST00124" HPOS="879" VPOS="1276" WIDTH="159" HEIGHT="53" CONTENT="original" WC="0.97" CC="45775456"/>
					</TextLine>
					<TextLine ID="P45_TL00021" HPOS="138" VPOS="1326" WIDTH="899" HEIGHT="59">
						<String ID="P45_ST00125" HPOS="138" VPOS="1326" WIDTH="177" HEIGHT="43" CONTENT="sketches" WC="0.99" CC="00000746"/>
						<SP ID="P45_SP00105" HPOS="315" VPOS="1369" WIDTH="42"/>
						<String ID="P45_ST00126" HPOS="357" VPOS="1327" WIDTH="60" HEIGHT="43" CONTENT="for" WC="0.95" CC="706"/>
						<SP ID="P45_SP00106" HPOS="417" VPOS="1370" WIDTH="46"/>
						<String ID="P45_ST00127" HPOS="463" VPOS="1328" WIDTH="66" HEIGHT="43" CONTENT="the" WC="0.97" CC="071"/>
						<SP ID="P45_SP00107" HPOS="529" VPOS="1371" WIDTH="41"/>
						<String ID="P45_ST00128" HPOS="570" VPOS="1331" WIDTH="234" HEIGHT="54" CONTENT="production" WC="0.99" CC="0060863285"/>
						<SP ID="P45_SP00108" HPOS="804" VPOS="1385" WIDTH="32"/>
						<String ID="P45_ST00129" HPOS="836" VPOS="1335" WIDTH="118" HEIGHT="43" CONTENT="could" WC="0.96" CC="14759"/>
						<SP ID="P45_SP00109" HPOS="954" VPOS="1385" WIDTH="32"/>
						<String ID="P45_ST00130" HPOS="986" VPOS="1336" WIDTH="51" HEIGHT="43" CONTENT="be" WC="0.32" CC="85"/>
					</TextLine>
					<TextLine ID="P45_TL00022" HPOS="139" VPOS="1385" WIDTH="896" HEIGHT="55">
						<String ID="P45_ST00131" HPOS="139" VPOS="1385" WIDTH="249" HEIGHT="55" CONTENT="telegraphed" WC="0.98" CC="80317760769"/>
						<SP ID="P45_SP00110" HPOS="388" VPOS="1440" WIDTH="52"/>
						<String ID="P45_ST00132" HPOS="440" VPOS="1388" WIDTH="79" HEIGHT="43" CONTENT="and" WC="0.95" CC="670"/>
						<SP ID="P45_SP00111" HPOS="519" VPOS="1440" WIDTH="48"/>
						<String ID="P45_ST00133" HPOS="567" VPOS="1402" WIDTH="85" HEIGHT="31" CONTENT="sent" WC="0.97" CC="0185"/>
						<SP ID="P45_SP00112" HPOS="652" VPOS="1440" WIDTH="45"/>
						<String ID="P45_ST00134" HPOS="697" VPOS="1393" WIDTH="126" HEIGHT="43" CONTENT="round" WC="0.98" CC="09240"/>
						<SP ID="P45_SP00113" HPOS="823" VPOS="1440" WIDTH="35"/>
						<String ID="P45_ST00135" HPOS="858" VPOS="1405" WIDTH="39" HEIGHT="32" CONTENT="to" WC="0.64" CC="07"/>
						<SP ID="P45_SP00114" HPOS="897" VPOS="1440" WIDTH="32"/>
						<String ID="P45_ST00136" HPOS="929" VPOS="1396" WIDTH="106" HEIGHT="42" CONTENT="them" WC="0.94" CC="9790"/>
					</TextLine>
					<TextLine ID="P45_TL00023" HPOS="136" VPOS="1444" WIDTH="900" HEIGHT="59">
						<String ID="P45_ST00137" HPOS="136" VPOS="1444" WIDTH="53" HEIGHT="43" CONTENT="all" WC="0.94" CC="157"/>
						<SP ID="P45_SP00115" HPOS="189" VPOS="1487" WIDTH="105"/>
						<String ID="P45_ST00138" HPOS="294" VPOS="1447" WIDTH="79" HEIGHT="42" CONTENT="and" WC="0.95" CC="039"/>
						<SP ID="P45_SP00116" HPOS="373" VPOS="1489" WIDTH="48"/>
						<String ID="P45_ST00139" HPOS="421" VPOS="1447" WIDTH="89" HEIGHT="44" CONTENT="thus" WC="0.96" CC="0765"/>
						<SP ID="P45_SP00117" HPOS="510" VPOS="1491" WIDTH="49"/>
						<String ID="P45_ST00140" HPOS="559" VPOS="1450" WIDTH="91" HEIGHT="53" CONTENT="they" WC="0.96" CC="7650"/>
						<SP ID="P45_SP00118" HPOS="650" VPOS="1503" WIDTH="32"/>
						<String ID="P45_ST00141" HPOS="682" VPOS="1453" WIDTH="134" HEIGHT="43" CONTENT="would" WC="0.95" CC="63669"/>
						<SP ID="P45_SP00119" HPOS="816" VPOS="1503" WIDTH="48"/>
						<String ID="P45_ST00142" HPOS="864" VPOS="1467" WIDTH="67" HEIGHT="30" CONTENT="not" WC="0.97" CC="043"/>
						<SP ID="P45_SP00120" HPOS="931" VPOS="1503" WIDTH="57"/>
						<String ID="P45_ST00143" HPOS="988" VPOS="1456" WIDTH="48" HEIGHT="42" CONTENT="be" WC="0.67" CC="60"/>
					</TextLine>
					<TextLine ID="P45_TL00024" HPOS="138" VPOS="1505" WIDTH="899" HEIGHT="64">
						<String ID="P45_ST00144" HPOS="138" VPOS="1505" WIDTH="134" HEIGHT="43" CONTENT="forced" WC="0.98" CC="550340"/>
						<SP ID="P45_SP00121" HPOS="272" VPOS="1548" WIDTH="20"/>
						<String ID="P45_ST00145" HPOS="292" VPOS="1517" WIDTH="39" HEIGHT="30" CONTENT="to" WC="0.35" CC="75"/>
						<SP ID="P45_SP00122" HPOS="331" VPOS="1548" WIDTH="21"/>
						<String ID="P45_ST00146" HPOS="352" VPOS="1525" WIDTH="102" HEIGHT="24" CONTENT="wear" WC="0.98" CC="8000"/>
						<SP ID="P45_SP00123" HPOS="454" VPOS="1549" WIDTH="33"/>
						<String ID="P45_ST00147" HPOS="487" VPOS="1508" WIDTH="228" HEIGHT="46" CONTENT="themselves" WC="0.99" CC="7707266105"/>
						<SP ID="P45_SP00124" HPOS="715" VPOS="1554" WIDTH="32"/>
						<String ID="P45_ST00148" HPOS="747" VPOS="1523" WIDTH="67" HEIGHT="32" CONTENT="out" WC="0.95" CC="434"/>
						<SP ID="P45_SP00125" HPOS="814" VPOS="1555" WIDTH="22"/>
						<String ID="P45_ST00149" HPOS="836" VPOS="1515" WIDTH="201" HEIGHT="54" CONTENT="attending" WC="0.98" CC="070559829"/>
					</TextLine>
					<TextLine ID="P45_TL00025" HPOS="134" VPOS="1566" WIDTH="901" HEIGHT="59">
						<String ID="P45_ST00150" HPOS="134" VPOS="1583" WIDTH="119" HEIGHT="36" CONTENT="every" WC="0.98" CC="00460"/>
						<SP ID="P45_SP00126" HPOS="253" VPOS="1619" WIDTH="48"/>
						<String ID="P45_ST00151" HPOS="301" VPOS="1566" WIDTH="76" HEIGHT="43" CONTENT="first" WC="0.97" CC="00667"/>
						<SP ID="P45_SP00127" HPOS="377" VPOS="1619" WIDTH="33"/>
						<String ID="P45_ST00152" HPOS="410" VPOS="1567" WIDTH="105" HEIGHT="54" CONTENT="night" WC="0.95" CC="67965"/>
						<SP ID="P45_SP00128" HPOS="515" VPOS="1621" WIDTH="33"/>
						<String ID="P45_ST00153" HPOS="548" VPOS="1571" WIDTH="145" HEIGHT="54" CONTENT="merely" WC="0.98" CC="640180"/>
						<SP ID="P45_SP00129" HPOS="693" VPOS="1625" WIDTH="33"/>
						<String ID="P45_ST00154" HPOS="726" VPOS="1573" WIDTH="59" HEIGHT="41" CONTENT="for" WC="0.94" CC="454"/>
						<SP ID="P45_SP00130" HPOS="785" VPOS="1625" WIDTH="48"/>
						<String ID="P45_ST00155" HPOS="833" VPOS="1573" WIDTH="65" HEIGHT="43" CONTENT="the" WC="0.95" CC="770"/>
						<SP ID="P45_SP00131" HPOS="898" VPOS="1625" WIDTH="45"/>
						<String ID="P45_ST00156" HPOS="943" VPOS="1575" WIDTH="92" HEIGHT="43" CONTENT="sake" WC="0.97" CC="7602"/>
					</TextLine>
					<TextLine ID="P45_TL00026" HPOS="134" VPOS="1624" WIDTH="277" HEIGHT="46">
						<String ID="P45_ST00157" HPOS="134" VPOS="1624" WIDTH="44" HEIGHT="43" CONTENT="of" WC="0.41" CC="65"/>
						<SP ID="P45_SP00132" HPOS="178" VPOS="1667" WIDTH="30"/>
						<String ID="P45_ST00158" HPOS="208" VPOS="1625" WIDTH="65" HEIGHT="43" CONTENT="the" WC="0.92" CC="973"/>
						<SP ID="P45_SP00133" HPOS="273" VPOS="1668" WIDTH="33"/>
						<String ID="P45_ST00159" HPOS="306" VPOS="1627" WIDTH="105" HEIGHT="43" CONTENT="alibi." WC="0.97" CC="615664"/>
					</TextLine>
					<TextLine ID="P45_TL00027" HPOS="197" VPOS="1685" WIDTH="837" HEIGHT="52">
						<String ID="P45_ST00160" HPOS="197" VPOS="1685" WIDTH="100" HEIGHT="42" CONTENT="And" WC="0.94" CC="079"/>
						<SP ID="P45_SP00134" HPOS="297" VPOS="1727" WIDTH="23"/>
						<String ID="P45_ST00161" HPOS="320" VPOS="1686" WIDTH="60" HEIGHT="41" CONTENT="for" WC="0.93" CC="657"/>
						<SP ID="P45_SP00135" HPOS="380" VPOS="1727" WIDTH="22"/>
						<String ID="P45_ST00162" HPOS="402" VPOS="1686" WIDTH="66" HEIGHT="43" CONTENT="the" WC="0.93" CC="774"/>
						<SP ID="P45_SP00136" HPOS="468" VPOS="1729" WIDTH="23"/>
						<String ID="P45_ST00163" HPOS="491" VPOS="1687" WIDTH="75" HEIGHT="42" CONTENT="first" WC="0.98" CC="00543"/>
						<SP ID="P45_SP00137" HPOS="566" VPOS="1729" WIDTH="24"/>
						<String ID="P45_ST00164" HPOS="590" VPOS="1690" WIDTH="92" HEIGHT="43" CONTENT="time" WC="0.97" CC="0265"/>
						<SP ID="P45_SP00138" HPOS="682" VPOS="1733" WIDTH="22"/>
						<String ID="P45_ST00165" HPOS="704" VPOS="1691" WIDTH="38" HEIGHT="42" CONTENT="in" WC="0.45" CC="46"/>
						<SP ID="P45_SP00139" HPOS="742" VPOS="1733" WIDTH="24"/>
						<String ID="P45_ST00166" HPOS="766" VPOS="1691" WIDTH="98" HEIGHT="43" CONTENT="their" WC="0.96" CC="67363"/>
						<SP ID="P45_SP00140" HPOS="864" VPOS="1734" WIDTH="20"/>
						<String ID="P45_ST00167" HPOS="884" VPOS="1710" WIDTH="150" HEIGHT="27" CONTENT="careers" WC="0.98" CC="1267560"/>
					</TextLine>
					<TextLine ID="P45_TL00028" HPOS="134" VPOS="1744" WIDTH="899" HEIGHT="53">
						<String ID="P45_ST00168" HPOS="134" VPOS="1744" WIDTH="94" HEIGHT="53" CONTENT="they" WC="0.99" CC="0600"/>
						<SP ID="P45_SP00141" HPOS="228" VPOS="1797" WIDTH="30"/>
						<String ID="P45_ST00169" HPOS="258" VPOS="1745" WIDTH="118" HEIGHT="43" CONTENT="could" WC="0.99" CC="00820"/>
						<SP ID="P45_SP00142" HPOS="376" VPOS="1797" WIDTH="32"/>
						<String ID="P45_ST00170" HPOS="408" VPOS="1747" WIDTH="179" HEIGHT="43" CONTENT="consider" WC="0.98" CC="05570067"/>
						<SP ID="P45_SP00143" HPOS="587" VPOS="1797" WIDTH="22"/>
						<String ID="P45_ST00171" HPOS="609" VPOS="1748" WIDTH="232" HEIGHT="46" CONTENT="themselves" WC="0.99" CC="0730001936"/>
						<SP ID="P45_SP00144" HPOS="841" VPOS="1797" WIDTH="31"/>
						<String ID="P45_ST00172" HPOS="872" VPOS="1771" WIDTH="22" HEIGHT="24" CONTENT="a" WC="0.51" CC="4"/>
						<SP ID="P45_SP00145" HPOS="894" VPOS="1797" WIDTH="30"/>
						<String ID="P45_ST00173" HPOS="924" VPOS="1754" WIDTH="109" HEIGHT="43" CONTENT="little." WC="0.99" CC="0105024"/>
					</TextLine>
					<TextLine ID="P45_TL00029" HPOS="193" VPOS="1804" WIDTH="838" HEIGHT="64">
						<String ID="P45_ST00174" HPOS="193" VPOS="1804" WIDTH="34" HEIGHT="43" CONTENT="If" WC="0.46" CC="64"/>
						<SP ID="P45_SP00146" HPOS="227" VPOS="1847" WIDTH="32"/>
						<String ID="P45_ST00175" HPOS="259" VPOS="1805" WIDTH="81" HEIGHT="43" CONTENT="Mr." WC="0.97" CC="034"/>
						<SP ID="P45_SP00147" HPOS="340" VPOS="1848" WIDTH="36"/>
						<String ID="P45_ST00176" HPOS="376" VPOS="1807" WIDTH="165" HEIGHT="54" CONTENT="Murray" WC="0.99" CC="060360"/>
						<SP ID="P45_SP00148" HPOS="541" VPOS="1861" WIDTH="48"/>
						<String ID="P45_ST00177" HPOS="589" VPOS="1809" WIDTH="138" HEIGHT="44" CONTENT="hadn't" WC="0.96" CC="779747"/>
						<SP ID="P45_SP00149" HPOS="727" VPOS="1861" WIDTH="42"/>
						<String ID="P45_ST00178" HPOS="769" VPOS="1813" WIDTH="177" HEIGHT="43" CONTENT="summed" WC="0.99" CC="430040"/>
						<SP ID="P45_SP00150" HPOS="946" VPOS="1861" WIDTH="32"/>
						<String ID="P45_ST00179" HPOS="978" VPOS="1831" WIDTH="53" HEIGHT="37" CONTENT="up" WC="0.56" CC="61"/>
					</TextLine>
					<TextLine ID="P45_TL00030" HPOS="131" VPOS="1865" WIDTH="900" HEIGHT="61">
						<String ID="P45_ST00180" HPOS="131" VPOS="1874" WIDTH="40" HEIGHT="31" CONTENT="at" WC="1.00" CC="00"/>
						<SP ID="P45_SP00151" HPOS="171" VPOS="1905" WIDTH="52"/>
						<String ID="P45_ST00181" HPOS="223" VPOS="1882" WIDTH="23" HEIGHT="25" CONTENT="a" WC="1.00" CC="0"/>
						<SP ID="P45_SP00152" HPOS="246" VPOS="1907" WIDTH="53"/>
						<String ID="P45_ST00182" HPOS="299" VPOS="1865" WIDTH="173" HEIGHT="44" CONTENT="distance" WC="0.98" CC="96070650"/>
						<SP ID="P45_SP00153" HPOS="472" VPOS="1909" WIDTH="62"/>
						<String ID="P45_ST00183" HPOS="534" VPOS="1885" WIDTH="43" HEIGHT="25" CONTENT="so" WC="0.64" CC="07"/>
						<SP ID="P45_SP00154" HPOS="577" VPOS="1910" WIDTH="51"/>
						<String ID="P45_ST00184" HPOS="628" VPOS="1870" WIDTH="219" HEIGHT="56" CONTENT="accurately" WC="0.99" CC="3206455249"/>
						<SP ID="P45_SP00155" HPOS="847" VPOS="1926" WIDTH="63"/>
						<String ID="P45_ST00185" HPOS="910" VPOS="1873" WIDTH="121" HEIGHT="43" CONTENT="about" WC="0.98" CC="08003"/>
					</TextLine>
					<TextLine ID="P45_TL00031" HPOS="131" VPOS="1923" WIDTH="899" HEIGHT="60">
						<String ID="P45_ST00186" HPOS="131" VPOS="1923" WIDTH="153" HEIGHT="52" CONTENT="Jessner" WC="0.72" CC="5027300"/>
						<SP ID="P45_SP00156" HPOS="284" VPOS="1975" WIDTH="52"/>
						<String ID="P45_ST00187" HPOS="336" VPOS="1926" WIDTH="165" HEIGHT="43" CONTENT="without" WC="0.97" CC="9037657"/>
						<SP ID="P45_SP00157" HPOS="501" VPOS="1975" WIDTH="51"/>
						<String ID="P45_ST00188" HPOS="552" VPOS="1929" WIDTH="129" HEIGHT="54" CONTENT="seeing" WC="0.98" CC="700466"/>
						<SP ID="P45_SP00158" HPOS="681" VPOS="1983" WIDTH="52"/>
						<String ID="P45_ST00189" HPOS="733" VPOS="1929" WIDTH="67" HEIGHT="44" CONTENT="the" WC="0.95" CC="570"/>
						<SP ID="P45_SP00159" HPOS="800" VPOS="1983" WIDTH="51"/>
						<String ID="P45_ST00190" HPOS="851" VPOS="1931" WIDTH="111" HEIGHT="45" CONTENT="show" WC="0.96" CC="7730"/>
						<SP ID="P45_SP00160" HPOS="962" VPOS="1983" WIDTH="54"/>
						<String ID="P45_ST00191" HPOS="1016" VPOS="1933" WIDTH="14" HEIGHT="43" CONTENT="I" WC="0.31" CC="6"/>
					</TextLine>
					<TextLine ID="P45_TL00032" HPOS="131" VPOS="1984" WIDTH="898" HEIGHT="61">
						<String ID="P45_ST00192" HPOS="131" VPOS="1984" WIDTH="134" HEIGHT="43" CONTENT="would" WC="0.97" CC="93070"/>
						<SP ID="P45_SP00161" HPOS="265" VPOS="2027" WIDTH="34"/>
						<String ID="P45_ST00193" HPOS="299" VPOS="1996" WIDTH="68" HEIGHT="31" CONTENT="not" WC="0.97" CC="620"/>
						<SP ID="P45_SP00162" HPOS="367" VPOS="2027" WIDTH="53"/>
						<String ID="P45_ST00194" HPOS="420" VPOS="1987" WIDTH="135" HEIGHT="43" CONTENT="dream" WC="0.97" CC="80059"/>
						<SP ID="P45_SP00163" HPOS="555" VPOS="2030" WIDTH="49"/>
						<String ID="P45_ST00195" HPOS="604" VPOS="1988" WIDTH="42" HEIGHT="42" CONTENT="of" WC="0.31" CC="66"/>
						<SP ID="P45_SP00164" HPOS="646" VPOS="2030" WIDTH="46"/>
						<String ID="P45_ST00196" HPOS="692" VPOS="1992" WIDTH="215" HEIGHT="53" CONTENT="suggesting" WC="0.98" CC="1697007029"/>
						<SP ID="P45_SP00165" HPOS="907" VPOS="2045" WIDTH="36"/>
						<String ID="P45_ST00197" HPOS="943" VPOS="1992" WIDTH="86" HEIGHT="49" CONTENT="this," WC="0.95" CC="97663"/>
					</TextLine>
					<TextLine ID="P45_TL00033" HPOS="132" VPOS="2043" WIDTH="898" HEIGHT="64">
						<String ID="P45_ST00198" HPOS="132" VPOS="2043" WIDTH="60" HEIGHT="42" CONTENT="for" WC="0.95" CC="561"/>
						<SP ID="P45_SP00166" HPOS="192" VPOS="2085" WIDTH="34"/>
						<String ID="P45_ST00199" HPOS="226" VPOS="2044" WIDTH="14" HEIGHT="42" CONTENT="I" WC="0.21" CC="7"/>
						<SP ID="P45_SP00167" HPOS="240" VPOS="2086" WIDTH="42"/>
						<String ID="P45_ST00200" HPOS="282" VPOS="2045" WIDTH="141" HEIGHT="43" CONTENT="should" WC="0.96" CC="766489"/>
						<SP ID="P45_SP00168" HPOS="423" VPOS="2088" WIDTH="53"/>
						<String ID="P45_ST00201" HPOS="476" VPOS="2046" WIDTH="102" HEIGHT="44" CONTENT="have" WC="0.96" CC="7604"/>
						<SP ID="P45_SP00169" HPOS="578" VPOS="2090" WIDTH="54"/>
						<String ID="P45_ST00202" HPOS="632" VPOS="2048" WIDTH="145" HEIGHT="45" CONTENT="known" WC="0.96" CC="94546"/>
						<SP ID="P45_SP00170" HPOS="777" VPOS="2093" WIDTH="53"/>
						<String ID="P45_ST00203" HPOS="830" VPOS="2052" WIDTH="82" HEIGHT="41" CONTENT="that" WC="0.98" CC="0740"/>
						<SP ID="P45_SP00171" HPOS="912" VPOS="2093" WIDTH="54"/>
						<String ID="P45_ST00204" HPOS="966" VPOS="2070" WIDTH="64" HEIGHT="37" CONTENT="my" WC="0.50" CC="90"/>
					</TextLine>
					<TextLine ID="P45_TL00034" HPOS="129" VPOS="2105" WIDTH="901" HEIGHT="52">
						<String ID="P45_ST00205" HPOS="129" VPOS="2106" WIDTH="217" HEIGHT="51" CONTENT="suggestion" WC="0.98" CC="7767070503"/>
						<SP ID="P45_SP00172" HPOS="346" VPOS="2157" WIDTH="33"/>
						<String ID="P45_ST00206" HPOS="379" VPOS="2105" WIDTH="133" HEIGHT="44" CONTENT="would" WC="0.98" CC="60630"/>
						<SP ID="P45_SP00173" HPOS="512" VPOS="2157" WIDTH="33"/>
						<String ID="P45_ST00207" HPOS="545" VPOS="2107" WIDTH="102" HEIGHT="43" CONTENT="have" WC="0.98" CC="7000"/>
						<SP ID="P45_SP00174" HPOS="647" VPOS="2157" WIDTH="33"/>
						<String ID="P45_ST00208" HPOS="680" VPOS="2109" WIDTH="100" HEIGHT="43" CONTENT="been" WC="0.98" CC="8002"/>
						<SP ID="P45_SP00175" HPOS="780" VPOS="2157" WIDTH="34"/>
						<String ID="P45_ST00209" HPOS="814" VPOS="2110" WIDTH="115" HEIGHT="44" CONTENT="taken" WC="0.97" CC="75006"/>
						<SP ID="P45_SP00176" HPOS="929" VPOS="2157" WIDTH="41"/>
						<String ID="P45_ST00210" HPOS="970" VPOS="2112" WIDTH="60" HEIGHT="42" CONTENT="for" WC="0.97" CC="700"/>
					</TextLine>
					<TextLine ID="P45_TL00035" HPOS="131" VPOS="2162" WIDTH="817" HEIGHT="63">
						<String ID="P45_ST00211" HPOS="131" VPOS="2162" WIDTH="178" HEIGHT="45" CONTENT="fantastic" WC="0.98" CC="777045845"/>
						<SP ID="P45_SP00177" HPOS="309" VPOS="2207" WIDTH="31"/>
						<String ID="P45_ST00212" HPOS="340" VPOS="2165" WIDTH="79" HEIGHT="43" CONTENT="and" WC="0.91" CC="669"/>
						<SP ID="P45_SP00178" HPOS="419" VPOS="2208" WIDTH="34"/>
						<String ID="P45_ST00213" HPOS="453" VPOS="2167" WIDTH="239" HEIGHT="53" CONTENT="unpractical" WC="0.99" CC="58036103057"/>
						<SP ID="P45_SP00179" HPOS="692" VPOS="2220" WIDTH="32"/>
						<String ID="P45_ST00214" HPOS="724" VPOS="2169" WIDTH="224" HEIGHT="56" CONTENT="theorizing." WC="0.98" CC="07168507884"/>
					</TextLine>
					<TextLine ID="P45_TL00036" HPOS="190" VPOS="2225" WIDTH="838" HEIGHT="49">
						<String ID="P45_ST00215" HPOS="190" VPOS="2225" WIDTH="78" HEIGHT="42" CONTENT="Bui" WC="0.96" CC="136"/>
						<SP ID="P45_SP00180" HPOS="268" VPOS="2267" WIDTH="32"/>
						<String ID="P45_ST00216" HPOS="300" VPOS="2225" WIDTH="106" HEIGHT="42" CONTENT="since" WC="0.96" CC="66616"/>
						<SP ID="P45_SP00181" HPOS="406" VPOS="2267" WIDTH="32"/>
						<String ID="P45_ST00217" HPOS="438" VPOS="2225" WIDTH="49" HEIGHT="44" CONTENT="he" WC="0.34" CC="75"/>
						<SP ID="P45_SP00182" HPOS="487" VPOS="2269" WIDTH="32"/>
						<String ID="P45_ST00218" HPOS="519" VPOS="2226" WIDTH="71" HEIGHT="43" CONTENT="has" WC="0.92" CC="676"/>
						<SP ID="P45_SP00183" HPOS="590" VPOS="2269" WIDTH="21"/>
						<String ID="P45_ST00219" HPOS="611" VPOS="2227" WIDTH="105" HEIGHT="43" CONTENT="done" WC="0.95" CC="6653"/>
						<SP ID="P45_SP00184" HPOS="716" VPOS="2270" WIDTH="31"/>
						<String ID="P45_ST00220" HPOS="747" VPOS="2246" WIDTH="44" HEIGHT="25" CONTENT="so" WC="0.17" CC="69"/>
						<SP ID="P45_SP00185" HPOS="791" VPOS="2271" WIDTH="32"/>
						<String ID="P45_ST00221" HPOS="823" VPOS="2230" WIDTH="87" HEIGHT="43" CONTENT="well" WC="0.99" CC="0030"/>
						<SP ID="P45_SP00186" HPOS="910" VPOS="2273" WIDTH="24"/>
						<String ID="P45_ST00222" HPOS="934" VPOS="2231" WIDTH="94" HEIGHT="43" CONTENT="with" WC="0.94" CC="4687"/>
					</TextLine>
					<TextLine ID="P45_TL00037" HPOS="127" VPOS="2282" WIDTH="901" HEIGHT="59">
						<String ID="P45_ST00223" HPOS="127" VPOS="2301" WIDTH="44" HEIGHT="23" CONTENT="so" WC="0.27" CC="77"/>
						<SP ID="P45_SP00187" HPOS="171" VPOS="2324" WIDTH="33"/>
						<String ID="P45_ST00224" HPOS="204" VPOS="2282" WIDTH="94" HEIGHT="44" CONTENT="little" WC="0.98" CC="267700"/>
						<SP ID="P45_SP00188" HPOS="298" VPOS="2326" WIDTH="32"/>
						<String ID="P45_ST00225" HPOS="330" VPOS="2295" WIDTH="40" HEIGHT="32" CONTENT="to" WC="0.38" CC="47"/>
						<SP ID="P45_SP00189" HPOS="370" VPOS="2327" WIDTH="47"/>
						<String ID="P45_ST00226" HPOS="417" VPOS="2303" WIDTH="49" HEIGHT="35" CONTENT="go" WC="0.32" CC="66"/>
						<SP ID="P45_SP00190" HPOS="466" VPOS="2338" WIDTH="47"/>
						<String ID="P45_ST00227" HPOS="513" VPOS="2303" WIDTH="65" HEIGHT="31" CONTENT="on," WC="0.96" CC="550"/>
						<SP ID="P45_SP00191" HPOS="578" VPOS="2338" WIDTH="34"/>
						<String ID="P45_ST00228" HPOS="612" VPOS="2287" WIDTH="94" HEIGHT="54" CONTENT="why" WC="0.94" CC="960"/>
						<SP ID="P45_SP00192" HPOS="706" VPOS="2341" WIDTH="30"/>
						<String ID="P45_ST00229" HPOS="736" VPOS="2289" WIDTH="198" HEIGHT="44" CONTENT="shouldn't" WC="0.98" CC="372569749"/>
						<SP ID="P45_SP00193" HPOS="934" VPOS="2341" WIDTH="34"/>
						<String ID="P45_ST00230" HPOS="968" VPOS="2309" WIDTH="60" HEIGHT="24" CONTENT="we" WC="0.74" CC="05"/>
					</TextLine>
					<TextLine ID="P45_TL00038" HPOS="126" VPOS="2343" WIDTH="706" HEIGHT="60">
						<String ID="P45_ST00231" HPOS="126" VPOS="2343" WIDTH="54" HEIGHT="41" CONTENT="all" WC="0.96" CC="072"/>
						<SP ID="P45_SP00194" HPOS="180" VPOS="2384" WIDTH="34"/>
						<String ID="P45_ST00232" HPOS="214" VPOS="2343" WIDTH="103" HEIGHT="43" CONTENT="have" WC="0.94" CC="7495"/>
						<SP ID="P45_SP00195" HPOS="317" VPOS="2386" WIDTH="31"/>
						<String ID="P45_ST00233" HPOS="348" VPOS="2363" WIDTH="23" HEIGHT="23" CONTENT="a" WC="0.50" CC="4"/>
						<SP ID="P45_SP00196" HPOS="371" VPOS="2386" WIDTH="33"/>
						<String ID="P45_ST00234" HPOS="404" VPOS="2356" WIDTH="59" HEIGHT="43" CONTENT="try" WC="0.94" CC="609"/>
						<SP ID="P45_SP00197" HPOS="463" VPOS="2399" WIDTH="31"/>
						<String ID="P45_ST00235" HPOS="494" VPOS="2356" WIDTH="39" HEIGHT="31" CONTENT="at" WC="0.29" CC="67"/>
						<SP ID="P45_SP00198" HPOS="533" VPOS="2399" WIDTH="31"/>
						<String ID="P45_ST00236" HPOS="564" VPOS="2347" WIDTH="28" HEIGHT="41" CONTENT="it" WC="0.58" CC="80"/>
						<SP ID="P45_SP00199" HPOS="592" VPOS="2399" WIDTH="31"/>
						<String ID="P45_ST00237" HPOS="623" VPOS="2347" WIDTH="81" HEIGHT="42" CONTENT="that" WC="0.93" CC="6798"/>
						<SP ID="P45_SP00200" HPOS="704" VPOS="2399" WIDTH="25"/>
						<String ID="P45_ST00238" HPOS="729" VPOS="2366" WIDTH="103" HEIGHT="37" CONTENT="way." WC="0.97" CC="5204"/>
					</TextLine>
					<TextLine ID="P45_TL00039" HPOS="188" VPOS="2403" WIDTH="840" HEIGHT="59">
						<String ID="P45_ST00239" HPOS="188" VPOS="2403" WIDTH="82" HEIGHT="44" CONTENT="Mr." WC="0.94" CC="474"/>
						<SP ID="P45_SP00201" HPOS="270" VPOS="2447" WIDTH="37"/>
						<String ID="P45_ST00240" HPOS="307" VPOS="2404" WIDTH="163" HEIGHT="56" CONTENT="Murray" WC="0.99" CC="248000"/>
						<SP ID="P45_SP00202" HPOS="470" VPOS="2460" WIDTH="32"/>
						<String ID="P45_ST00241" HPOS="502" VPOS="2407" WIDTH="29" HEIGHT="41" CONTENT="is" WC="0.19" CC="78"/>
						<SP ID="P45_SP00203" HPOS="531" VPOS="2460" WIDTH="35"/>
						<String ID="P45_ST00242" HPOS="566" VPOS="2406" WIDTH="12" HEIGHT="43" CONTENT="I" WC="0.30" CC="6"/>
						<SP ID="P45_SP00204" HPOS="578" VPOS="2460" WIDTH="35"/>
						<String ID="P45_ST00243" HPOS="613" VPOS="2406" WIDTH="109" HEIGHT="43" CONTENT="think" WC="0.97" CC="07560"/>
						<SP ID="P45_SP00205" HPOS="722" VPOS="2460" WIDTH="31"/>
						<String ID="P45_ST00244" HPOS="753" VPOS="2409" WIDTH="114" HEIGHT="53" CONTENT="right." WC="0.97" CC="336694"/>
						<SP ID="P45_SP00206" HPOS="867" VPOS="2462" WIDTH="62"/>
						<String ID="P45_ST00245" HPOS="929" VPOS="2409" WIDTH="99" HEIGHT="44" CONTENT="This" WC="0.95" CC="0777"/>
					</TextLine>
					<TextLine ID="P45_TL00040" HPOS="127" VPOS="2463" WIDTH="900" HEIGHT="58">
						<String ID="P45_ST00246" HPOS="127" VPOS="2463" WIDTH="162" HEIGHT="43" CONTENT="method" WC="0.97" CC="946700"/>
						<SP ID="P45_SP00207" HPOS="289" VPOS="2506" WIDTH="33"/>
						<String ID="P45_ST00247" HPOS="322" VPOS="2464" WIDTH="43" HEIGHT="43" CONTENT="of" WC="0.40" CC="65"/>
						<SP ID="P45_SP00208" HPOS="365" VPOS="2507" WIDTH="29"/>
						<String ID="P45_ST00248" HPOS="394" VPOS="2476" WIDTH="149" HEIGHT="43" CONTENT="stagery" WC="0.54" CC="7807440"/>
						<SP ID="P45_SP00209" HPOS="543" VPOS="2519" WIDTH="35"/>
						<String ID="P45_ST00249" HPOS="578" VPOS="2467" WIDTH="96" HEIGHT="42" CONTENT="does" WC="0.97" CC="7503"/>
						<SP ID="P45_SP00210" HPOS="674" VPOS="2519" WIDTH="31"/>
						<String ID="P45_ST00250" HPOS="705" VPOS="2467" WIDTH="55" HEIGHT="42" CONTENT="do" WC="0.31" CC="85"/>
						<SP ID="P45_SP00211" HPOS="760" VPOS="2519" WIDTH="21"/>
						<String ID="P45_ST00251" HPOS="781" VPOS="2479" WIDTH="105" HEIGHT="42" CONTENT="great" WC="0.98" CC="90100"/>
						<SP ID="P45_SP00212" HPOS="886" VPOS="2521" WIDTH="33"/>
						<String ID="P45_ST00252" HPOS="919" VPOS="2470" WIDTH="108" HEIGHT="42" CONTENT="harm" WC="0.95" CC="7086"/>
					</TextLine>
					<TextLine ID="P45_TL00041" HPOS="125" VPOS="2523" WIDTH="901" HEIGHT="57">
						<String ID="P45_ST00253" HPOS="125" VPOS="2533" WIDTH="42" HEIGHT="33" CONTENT="to" WC="0.65" CC="70"/>
						<SP ID="P45_SP00213" HPOS="167" VPOS="2566" WIDTH="32"/>
						<String ID="P45_ST00254" HPOS="199" VPOS="2523" WIDTH="306" HEIGHT="55" CONTENT="Shakespeare's" WC="0.99" CC="0657040300040"/>
						<SP ID="P45_SP00214" HPOS="505" VPOS="2578" WIDTH="33"/>
						<String ID="P45_ST00255" HPOS="538" VPOS="2525" WIDTH="123" HEIGHT="55" CONTENT="plays." WC="0.97" CC="080954"/>
						<SP ID="P45_SP00215" HPOS="661" VPOS="2580" WIDTH="79"/>
						<String ID="P45_ST00256" HPOS="740" VPOS="2528" WIDTH="91" HEIGHT="43" CONTENT="The" WC="0.97" CC="071"/>
						<SP ID="P45_SP00216" HPOS="831" VPOS="2580" WIDTH="42"/>
						<String ID="P45_ST00257" HPOS="873" VPOS="2529" WIDTH="128" HEIGHT="44" CONTENT="Shake" SUBS_TYPE="HypPart1" SUBS_CONTENT="Shakespeare" WC="0.99" CC="07000"/>
						<HYP HPOS="1001" VPOS="2529" WIDTH="25" CONTENT="-"/>
					</TextLine>
					<TextLine ID="P45_TL00042" HPOS="122" VPOS="2584" WIDTH="901" HEIGHT="59">
						<String ID="P45_ST00258" HPOS="122" VPOS="2600" WIDTH="137" HEIGHT="36" CONTENT="speare" SUBS_TYPE="HypPart2" SUBS_CONTENT="Shakespeare" WC="0.98" CC="873300"/>
						<SP ID="P45_SP00217" HPOS="259" VPOS="2636" WIDTH="33"/>
						<String ID="P45_ST00259" HPOS="292" VPOS="2584" WIDTH="181" HEIGHT="43" CONTENT="wonders" WC="0.99" CC="0090100"/>
						<SP ID="P45_SP00218" HPOS="473" VPOS="2636" WIDTH="22"/>
						<String ID="P45_ST00260" HPOS="495" VPOS="2585" WIDTH="175" HEIGHT="44" CONTENT="dwindle" WC="0.98" CC="0060922"/>
						<SP ID="P45_SP00219" HPOS="670" VPOS="2636" WIDTH="23"/>
						<String ID="P45_ST00261" HPOS="693" VPOS="2587" WIDTH="78" HEIGHT="43" CONTENT="and" WC="0.91" CC="679"/>
						<SP ID="P45_SP00220" HPOS="771" VPOS="2636" WIDTH="33"/>
						<String ID="P45_ST00262" HPOS="804" VPOS="2588" WIDTH="219" HEIGHT="55" CONTENT="disappear." WC="0.99" CC="1040160534"/>
					</TextLine>
					<TextLine ID="P45_TL00043" HPOS="124" VPOS="2643" WIDTH="899" HEIGHT="48">
						<String ID="P45_ST00263" HPOS="124" VPOS="2643" WIDTH="101" HEIGHT="41" CONTENT="And" WC="0.93" CC="279"/>
						<SP ID="P45_SP00221" HPOS="225" VPOS="2684" WIDTH="34"/>
						<String ID="P45_ST00264" HPOS="259" VPOS="2661" WIDTH="52" HEIGHT="24" CONTENT="no" WC="0.47" CC="63"/>
						<SP ID="P45_SP00222" HPOS="311" VPOS="2685" WIDTH="31"/>
						<String ID="P45_ST00265" HPOS="342" VPOS="2662" WIDTH="76" HEIGHT="25" CONTENT="one" WC="0.96" CC="702"/>
						<SP ID="P45_SP00223" HPOS="418" VPOS="2687" WIDTH="33"/>
						<String ID="P45_ST00266" HPOS="451" VPOS="2646" WIDTH="38" HEIGHT="40" CONTENT="in" WC="0.54" CC="71"/>
						<SP ID="P45_SP00224" HPOS="489" VPOS="2687" WIDTH="31"/>
						<String ID="P45_ST00267" HPOS="520" VPOS="2644" WIDTH="59" HEIGHT="44" CONTENT="his" WC="0.91" CC="778"/>
						<SP ID="P45_SP00225" HPOS="579" VPOS="2688" WIDTH="31"/>
						<String ID="P45_ST00268" HPOS="610" VPOS="2663" WIDTH="127" HEIGHT="26" CONTENT="senses" WC="0.97" CC="703859"/>
						<SP ID="P45_SP00226" HPOS="737" VPOS="2689" WIDTH="33"/>
						<String ID="P45_ST00269" HPOS="770" VPOS="2659" WIDTH="124" HEIGHT="32" CONTENT="wants" WC="0.97" CC="05707"/>
						<SP ID="P45_SP00227" HPOS="894" VPOS="2691" WIDTH="32"/>
						<String ID="P45_ST00270" HPOS="926" VPOS="2650" WIDTH="97" HEIGHT="41" CONTENT="that." WC="0.97" CC="57630"/>
					</TextLine>
					<TextLine ID="P45_TL00044" HPOS="183" VPOS="2703" WIDTH="842" HEIGHT="59">
						<String ID="P45_ST00271" HPOS="183" VPOS="2703" WIDTH="107" HEIGHT="44" CONTENT="Now" WC="0.98" CC="050"/>
						<SP ID="P45_SP00228" HPOS="290" VPOS="2747" WIDTH="33"/>
						<String ID="P45_ST00272" HPOS="323" VPOS="2722" WIDTH="41" HEIGHT="24" CONTENT="as" WC="0.65" CC="70"/>
						<SP ID="P45_SP00229" HPOS="364" VPOS="2747" WIDTH="32"/>
						<String ID="P45_ST00273" HPOS="396" VPOS="2722" WIDTH="197" HEIGHT="37" CONTENT="everyone" WC="0.99" CC="03017381"/>
						<SP ID="P45_SP00230" HPOS="593" VPOS="2759" WIDTH="22"/>
						<String ID="P45_ST00274" HPOS="615" VPOS="2706" WIDTH="43" HEIGHT="42" CONTENT="of" WC="0.65" CC="06"/>
						<SP ID="P45_SP00231" HPOS="658" VPOS="2759" WIDTH="21"/>
						<String ID="P45_ST00275" HPOS="679" VPOS="2707" WIDTH="66" HEIGHT="42" CONTENT="the" WC="0.96" CC="270"/>
						<SP ID="P45_SP00232" HPOS="745" VPOS="2759" WIDTH="22"/>
						<String ID="P45_ST00276" HPOS="767" VPOS="2709" WIDTH="143" HEIGHT="53" CONTENT="people" WC="0.98" CC="847000"/>
						<SP ID="P45_SP00233" HPOS="910" VPOS="2762" WIDTH="22"/>
						<String ID="P45_ST00277" HPOS="932" VPOS="2709" WIDTH="93" HEIGHT="43" CONTENT="who" WC="0.91" CC="579"/>
					</TextLine>
					<TextLine ID="P45_TL00045" HPOS="121" VPOS="2763" WIDTH="902" HEIGHT="55">
						<String ID="P45_ST00278" HPOS="121" VPOS="2763" WIDTH="191" HEIGHT="43" CONTENT="scramble" WC="0.98" CC="65474762"/>
						<SP ID="P45_SP00234" HPOS="312" VPOS="2806" WIDTH="33"/>
						<String ID="P45_ST00279" HPOS="345" VPOS="2775" WIDTH="40" HEIGHT="31" CONTENT="to" WC="0.47" CC="45"/>
						<SP ID="P45_SP00235" HPOS="385" VPOS="2806" WIDTH="22"/>
						<String ID="P45_ST00280" HPOS="407" VPOS="2775" WIDTH="60" HEIGHT="43" CONTENT="get" WC="0.96" CC="009"/>
						<SP ID="P45_SP00236" HPOS="467" VPOS="2818" WIDTH="48"/>
						<String ID="P45_ST00281" HPOS="515" VPOS="2783" WIDTH="23" HEIGHT="23" CONTENT="a" WC="0.91" CC="0"/>
						<SP ID="P45_SP00237" HPOS="538" VPOS="2818" WIDTH="47"/>
						<String ID="P45_ST00282" HPOS="585" VPOS="2777" WIDTH="80" HEIGHT="31" CONTENT="seat" WC="0.96" CC="0767"/>
						<SP ID="P45_SP00238" HPOS="665" VPOS="2818" WIDTH="38"/>
						<String ID="P45_ST00283" HPOS="703" VPOS="2778" WIDTH="40" HEIGHT="31" CONTENT="to" WC="1.00" CC="00"/>
						<SP ID="P45_SP00239" HPOS="743" VPOS="2818" WIDTH="32"/>
						<String ID="P45_ST00284" HPOS="775" VPOS="2785" WIDTH="65" HEIGHT="26" CONTENT="see" WC="0.98" CC="600"/>
						<SP ID="P45_SP00240" HPOS="840" VPOS="2818" WIDTH="31"/>
						<String ID="P45_ST00285" HPOS="871" VPOS="2768" WIDTH="127" HEIGHT="43" CONTENT="Shake" SUBS_TYPE="HypPart1" SUBS_CONTENT="Shakespeare" WC="0.98" CC="07090"/>
						<HYP HPOS="998" VPOS="2768" WIDTH="25" CONTENT="-"/>
					</TextLine>
					<TextLine ID="P45_TL00046" HPOS="122" VPOS="2824" WIDTH="901" HEIGHT="57">
						<String ID="P45_ST00286" HPOS="122" VPOS="2840" WIDTH="136" HEIGHT="36" CONTENT="speare" SUBS_TYPE="HypPart2" SUBS_CONTENT="Shakespeare" WC="0.97" CC="675930"/>
						<SP ID="P45_SP00241" HPOS="258" VPOS="2876" WIDTH="33"/>
						<String ID="P45_ST00287" HPOS="291" VPOS="2824" WIDTH="146" HEIGHT="53" CONTENT="played" WC="0.98" CC="001960"/>
						<SP ID="P45_SP00242" HPOS="437" VPOS="2877" WIDTH="32"/>
						<String ID="P45_ST00288" HPOS="469" VPOS="2824" WIDTH="107" HEIGHT="54" CONTENT="night" WC="0.97" CC="05573"/>
						<SP ID="P45_SP00243" HPOS="576" VPOS="2878" WIDTH="33"/>
						<String ID="P45_ST00289" HPOS="609" VPOS="2825" WIDTH="99" HEIGHT="44" CONTENT="after" WC="0.96" CC="65907"/>
						<SP ID="P45_SP00244" HPOS="708" VPOS="2878" WIDTH="32"/>
						<String ID="P45_ST00290" HPOS="740" VPOS="2827" WIDTH="106" HEIGHT="54" CONTENT="night" WC="0.95" CC="66777"/>
						<SP ID="P45_SP00245" HPOS="846" VPOS="2881" WIDTH="31"/>
						<String ID="P45_ST00291" HPOS="877" VPOS="2830" WIDTH="39" HEIGHT="41" CONTENT="in" WC="0.50" CC="63"/>
						<SP ID="P45_SP00246" HPOS="916" VPOS="2881" WIDTH="36"/>
						<String ID="P45_ST00292" HPOS="952" VPOS="2846" WIDTH="71" HEIGHT="25" CONTENT="our" WC="0.93" CC="775"/>
					</TextLine>
					<TextLine ID="P45_TL00047" HPOS="122" VPOS="2882" WIDTH="901" HEIGHT="49">
						<String ID="P45_ST00293" HPOS="122" VPOS="2882" WIDTH="173" HEIGHT="44" CONTENT="London" WC="0.97" CC="646647"/>
						<SP ID="P45_SP00247" HPOS="295" VPOS="2926" WIDTH="52"/>
						<String ID="P45_ST00294" HPOS="347" VPOS="2902" WIDTH="65" HEIGHT="24" CONTENT="are" WC="0.97" CC="260"/>
						<SP ID="P45_SP00248" HPOS="412" VPOS="2926" WIDTH="49"/>
						<String ID="P45_ST00295" HPOS="461" VPOS="2886" WIDTH="40" HEIGHT="41" CONTENT="in" WC="0.22" CC="78"/>
						<SP ID="P45_SP00249" HPOS="501" VPOS="2927" WIDTH="54"/>
						<String ID="P45_ST00296" HPOS="555" VPOS="2885" WIDTH="98" HEIGHT="42" CONTENT="their" WC="0.98" CC="07061"/>
						<SP ID="P45_SP00250" HPOS="653" VPOS="2927" WIDTH="55"/>
						<String ID="P45_ST00297" HPOS="708" VPOS="2904" WIDTH="127" HEIGHT="26" CONTENT="senses" WC="0.97" CC="409735"/>
						<SP ID="P45_SP00251" HPOS="835" VPOS="2930" WIDTH="122"/>
						<String ID="P45_ST00298" HPOS="957" VPOS="2888" WIDTH="66" HEIGHT="43" CONTENT="the" WC="0.96" CC="470"/>
					</TextLine>
					<TextLine ID="P45_TL00048" HPOS="122" VPOS="2944" WIDTH="900" HEIGHT="52">
						<String ID="P45_ST00299" HPOS="122" VPOS="2945" WIDTH="219" HEIGHT="51" CONTENT="passionate" WC="0.99" CC="0477308050"/>
						<SP ID="P45_SP00252" HPOS="341" VPOS="2996" WIDTH="31"/>
						<String ID="P45_ST00300" HPOS="372" VPOS="2944" WIDTH="89" HEIGHT="43" CONTENT="rush" WC="0.95" CC="6377"/>
						<SP ID="P45_SP00253" HPOS="461" VPOS="2996" WIDTH="49"/>
						<String ID="P45_ST00301" HPOS="510" VPOS="2955" WIDTH="41" HEIGHT="32" CONTENT="to" WC="0.69" CC="06"/>
						<SP ID="P45_SP00254" HPOS="551" VPOS="2996" WIDTH="37"/>
						<String ID="P45_ST00302" HPOS="588" VPOS="2963" WIDTH="65" HEIGHT="24" CONTENT="see" WC="0.94" CC="724"/>
						<SP ID="P45_SP00255" HPOS="653" VPOS="2996" WIDTH="45"/>
						<String ID="P45_ST00303" HPOS="698" VPOS="2947" WIDTH="78" HEIGHT="43" CONTENT="and" WC="0.97" CC="070"/>
						<SP ID="P45_SP00256" HPOS="776" VPOS="2996" WIDTH="49"/>
						<String ID="P45_ST00304" HPOS="825" VPOS="2947" WIDTH="94" HEIGHT="42" CONTENT="hear" WC="0.97" CC="7340"/>
						<SP ID="P45_SP00257" HPOS="919" VPOS="2996" WIDTH="47"/>
						<String ID="P45_ST00305" HPOS="966" VPOS="2949" WIDTH="56" HEIGHT="41" CONTENT="his" WC="0.94" CC="770"/>
					</TextLine>
					<TextLine ID="P45_TL00049" HPOS="118" VPOS="3002" WIDTH="902" HEIGHT="55">
						<String ID="P45_ST00306" HPOS="118" VPOS="3002" WIDTH="110" HEIGHT="55" CONTENT="piays" WC="0.40" CC="67707"/>
						<SP ID="P45_SP00258" HPOS="228" VPOS="3057" WIDTH="32"/>
						<String ID="P45_ST00307" HPOS="260" VPOS="3022" WIDTH="141" HEIGHT="35" CONTENT="proves" WC="0.99" CC="034410"/>
						<SP ID="P45_SP00259" HPOS="401" VPOS="3057" WIDTH="32"/>
						<String ID="P45_ST00308" HPOS="433" VPOS="3006" WIDTH="28" HEIGHT="41" CONTENT="it" WC="0.27" CC="77"/>
						<SP ID="P45_SP00260" HPOS="461" VPOS="3057" WIDTH="101"/>
						<String ID="P45_ST00309" HPOS="562" VPOS="3004" WIDTH="51" HEIGHT="42" CONTENT="all" WC="0.96" CC="063"/>
						<SP ID="P45_SP00261" HPOS="613" VPOS="3057" WIDTH="39"/>
						<String ID="P45_ST00310" HPOS="652" VPOS="3005" WIDTH="42" HEIGHT="42" CONTENT="of" WC="0.32" CC="67"/>
						<SP ID="P45_SP00262" HPOS="694" VPOS="3057" WIDTH="46"/>
						<String ID="P45_ST00311" HPOS="740" VPOS="3024" WIDTH="42" HEIGHT="24" CONTENT="us" WC="0.36" CC="57"/>
						<SP ID="P45_SP00263" HPOS="782" VPOS="3057" WIDTH="52"/>
						<String ID="P45_ST00312" HPOS="834" VPOS="3025" WIDTH="66" HEIGHT="25" CONTENT="are" WC="0.97" CC="402"/>
						<SP ID="P45_SP00264" HPOS="900" VPOS="3057" WIDTH="41"/>
						<String ID="P45_ST00313" HPOS="941" VPOS="3008" WIDTH="79" HEIGHT="43" CONTENT="and" WC="0.98" CC="060"/>
					</TextLine>
					<TextLine ID="P45_TL00050" HPOS="120" VPOS="3063" WIDTH="900" HEIGHT="58">
						<String ID="P45_ST00314" HPOS="120" VPOS="3073" WIDTH="98" HEIGHT="32" CONTENT="must" WC="0.93" CC="9786"/>
						<SP ID="P45_SP00265" HPOS="218" VPOS="3105" WIDTH="33"/>
						<String ID="P45_ST00315" HPOS="251" VPOS="3063" WIDTH="50" HEIGHT="42" CONTENT="be" WC="0.37" CC="65"/>
						<SP ID="P45_SP00266" HPOS="301" VPOS="3105" WIDTH="29"/>
						<String ID="P45_ST00316" HPOS="330" VPOS="3065" WIDTH="147" HEIGHT="52" CONTENT="against" WC="0.97" CC="7627659"/>
						<SP ID="P45_SP00267" HPOS="477" VPOS="3117" WIDTH="33"/>
						<String ID="P45_ST00317" HPOS="510" VPOS="3081" WIDTH="78" HEIGHT="36" CONTENT="any" WC="0.96" CC="370"/>
						<SP ID="P45_SP00268" HPOS="588" VPOS="3117" WIDTH="32"/>
						<String ID="P45_ST00318" HPOS="620" VPOS="3065" WIDTH="79" HEIGHT="43" CONTENT="and" WC="0.95" CC="570"/>
						<SP ID="P45_SP00269" HPOS="699" VPOS="3117" WIDTH="22"/>
						<String ID="P45_ST00319" HPOS="721" VPOS="3083" WIDTH="119" HEIGHT="38" CONTENT="every" WC="0.99" CC="10350"/>
						<SP ID="P45_SP00270" HPOS="840" VPOS="3121" WIDTH="18"/>
						<String ID="P45_ST00320" HPOS="858" VPOS="3067" WIDTH="162" HEIGHT="44" CONTENT="method" WC="0.96" CC="896629"/>
					</TextLine>
					<TextLine ID="P45_TL00051" HPOS="117" VPOS="3123" WIDTH="760" HEIGHT="57">
						<String ID="P45_ST00321" HPOS="117" VPOS="3123" WIDTH="42" HEIGHT="41" CONTENT="of" WC="0.67" CC="15"/>
						<SP ID="P45_SP00271" HPOS="159" VPOS="3164" WIDTH="32"/>
						<String ID="P45_ST00322" HPOS="191" VPOS="3123" WIDTH="235" HEIGHT="53" CONTENT="production" WC="0.99" CC="0507107949"/>
						<SP ID="P45_SP00272" HPOS="426" VPOS="3176" WIDTH="34"/>
						<String ID="P45_ST00323" HPOS="460" VPOS="3124" WIDTH="68" HEIGHT="43" CONTENT="but" WC="0.96" CC="506"/>
						<SP ID="P45_SP00273" HPOS="528" VPOS="3176" WIDTH="32"/>
						<String ID="P45_ST00324" HPOS="560" VPOS="3124" WIDTH="67" HEIGHT="42" CONTENT="the" WC="0.97" CC="070"/>
						<SP ID="P45_SP00274" HPOS="627" VPOS="3176" WIDTH="31"/>
						<String ID="P45_ST00325" HPOS="658" VPOS="3126" WIDTH="99" HEIGHT="54" CONTENT="right" WC="0.95" CC="68577"/>
						<SP ID="P45_SP00275" HPOS="757" VPOS="3180" WIDTH="30"/>
						<String ID="P45_ST00326" HPOS="787" VPOS="3144" WIDTH="90" HEIGHT="26" CONTENT="one." WC="0.96" CC="4654"/>
					</TextLine>
					<TextLine ID="P45_TL00052" HPOS="180" VPOS="3182" WIDTH="451" HEIGHT="45">
						<String ID="P45_ST00327" HPOS="180" VPOS="3182" WIDTH="107" HEIGHT="45" CONTENT="Now" WC="0.98" CC="032"/>
						<SP ID="P45_SP00276" HPOS="287" VPOS="3227" WIDTH="34"/>
						<String ID="P45_ST00328" HPOS="321" VPOS="3183" WIDTH="106" HEIGHT="44" CONTENT="what" WC="0.96" CC="5750"/>
						<SP ID="P45_SP00277" HPOS="427" VPOS="3227" WIDTH="32"/>
						<String ID="P45_ST00329" HPOS="459" VPOS="3185" WIDTH="30" HEIGHT="42" CONTENT="is" WC="0.28" CC="68"/>
						<SP ID="P45_SP00278" HPOS="489" VPOS="3227" WIDTH="31"/>
						<String ID="P45_ST00330" HPOS="520" VPOS="3185" WIDTH="111" HEIGHT="42" CONTENT="that?" WC="0.97" CC="87530"/>
					</TextLine>
					<TextLine ID="P45_TL00053" HPOS="179" VPOS="3242" WIDTH="839" HEIGHT="57">
						<String ID="P45_ST00331" HPOS="179" VPOS="3242" WIDTH="13" HEIGHT="42" CONTENT="I" WC="0.29" CC="7"/>
						<SP ID="P45_SP00279" HPOS="192" VPOS="3284" WIDTH="34"/>
						<String ID="P45_ST00332" HPOS="226" VPOS="3243" WIDTH="115" HEIGHT="42" CONTENT="don't" WC="0.97" CC="05435"/>
						<SP ID="P45_SP00280" HPOS="341" VPOS="3285" WIDTH="33"/>
						<String ID="P45_ST00333" HPOS="374" VPOS="3255" WIDTH="105" HEIGHT="31" CONTENT="want" WC="0.95" CC="6770"/>
						<SP ID="P45_SP00281" HPOS="479" VPOS="3286" WIDTH="24"/>
						<String ID="P45_ST00334" HPOS="503" VPOS="3255" WIDTH="40" HEIGHT="31" CONTENT="to" WC="0.50" CC="54"/>
						<SP ID="P45_SP00282" HPOS="543" VPOS="3286" WIDTH="24"/>
						<String ID="P45_ST00335" HPOS="567" VPOS="3243" WIDTH="89" HEIGHT="45" CONTENT="take" WC="0.97" CC="0760"/>
						<SP ID="P45_SP00283" HPOS="656" VPOS="3288" WIDTH="22"/>
						<String ID="P45_ST00336" HPOS="678" VPOS="3263" WIDTH="98" HEIGHT="36" CONTENT="your" WC="0.98" CC="0620"/>
						<SP ID="P45_SP00284" HPOS="776" VPOS="3299" WIDTH="31"/>
						<String ID="P45_ST00337" HPOS="807" VPOS="3246" WIDTH="109" HEIGHT="43" CONTENT="mind" WC="0.95" CC="9570"/>
						<SP ID="P45_SP00285" HPOS="916" VPOS="3299" WIDTH="24"/>
						<String ID="P45_ST00338" HPOS="940" VPOS="3247" WIDTH="78" HEIGHT="43" CONTENT="and" WC="0.95" CC="480"/>
					</TextLine>
					<TextLine ID="P45_TL00054" HPOS="119" VPOS="3301" WIDTH="896" HEIGHT="59">
						<String ID="P45_ST00339" HPOS="119" VPOS="3301" WIDTH="83" HEIGHT="44" CONTENT="Mr." WC="0.96" CC="404"/>
						<SP ID="P45_SP00286" HPOS="202" VPOS="3345" WIDTH="40"/>
						<String ID="P45_ST00340" HPOS="242" VPOS="3303" WIDTH="197" HEIGHT="55" CONTENT="Murray's" WC="0.98" CC="82056744"/>
						<SP ID="P45_SP00287" HPOS="439" VPOS="3358" WIDTH="32"/>
						<String ID="P45_ST00341" HPOS="471" VPOS="3304" WIDTH="109" HEIGHT="43" CONTENT="mind" WC="0.96" CC="9560"/>
						<SP ID="P45_SP00288" HPOS="580" VPOS="3358" WIDTH="33"/>
						<String ID="P45_ST00342" HPOS="613" VPOS="3304" WIDTH="56" HEIGHT="43" CONTENT="off" WC="0.97" CC="133"/>
						<SP ID="P45_SP00289" HPOS="669" VPOS="3358" WIDTH="31"/>
						<String ID="P45_ST00343" HPOS="700" VPOS="3305" WIDTH="81" HEIGHT="43" CONTENT="that" WC="0.95" CC="5738"/>
						<SP ID="P45_SP00290" HPOS="781" VPOS="3358" WIDTH="23"/>
						<String ID="P45_ST00344" HPOS="804" VPOS="3309" WIDTH="111" HEIGHT="51" CONTENT="point" WC="0.98" CC="04610"/>
						<SP ID="P45_SP00291" HPOS="915" VPOS="3360" WIDTH="20"/>
						<String ID="P45_ST00345" HPOS="935" VPOS="3325" WIDTH="44" HEIGHT="24" CONTENT="so" WC="0.23" CC="77"/>
						<SP ID="P45_SP00292" HPOS="979" VPOS="3360" WIDTH="23"/>
						<String ID="P45_ST00346" HPOS="1002" VPOS="3307" WIDTH="13" HEIGHT="42" CONTENT="I" WC="0.23" CC="7"/>
					</TextLine>
					<TextLine ID="P45_TL00055" HPOS="116" VPOS="3361" WIDTH="898" HEIGHT="57">
						<String ID="P45_ST00347" HPOS="116" VPOS="3361" WIDTH="78" HEIGHT="44" CONTENT="will" WC="0.97" CC="6501"/>
						<SP ID="P45_SP00293" HPOS="194" VPOS="3405" WIDTH="22"/>
						<String ID="P45_ST00348" HPOS="216" VPOS="3380" WIDTH="68" HEIGHT="38" CONTENT="say" WC="0.94" CC="690"/>
						<SP ID="P45_SP00294" HPOS="284" VPOS="3418" WIDTH="24"/>
						<String ID="P45_ST00349" HPOS="308" VPOS="3381" WIDTH="51" HEIGHT="25" CONTENT="no" WC="0.50" CC="36"/>
						<SP ID="P45_SP00295" HPOS="359" VPOS="3418" WIDTH="22"/>
						<String ID="P45_ST00350" HPOS="381" VPOS="3381" WIDTH="107" HEIGHT="25" CONTENT="more" WC="0.96" CC="6910"/>
						<SP ID="P45_SP00296" HPOS="488" VPOS="3418" WIDTH="22"/>
						<String ID="P45_ST00351" HPOS="510" VPOS="3382" WIDTH="53" HEIGHT="24" CONTENT="on" WC="0.71" CC="50"/>
						<SP ID="P45_SP00297" HPOS="563" VPOS="3418" WIDTH="25"/>
						<String ID="P45_ST00352" HPOS="588" VPOS="3365" WIDTH="28" HEIGHT="41" CONTENT="it" WC="0.61" CC="70"/>
						<SP ID="P45_SP00298" HPOS="616" VPOS="3418" WIDTH="24"/>
						<String ID="P45_ST00353" HPOS="640" VPOS="3363" WIDTH="59" HEIGHT="44" CONTENT="for" WC="0.98" CC="600"/>
						<SP ID="P45_SP00299" HPOS="699" VPOS="3418" WIDTH="31"/>
						<String ID="P45_ST00354" HPOS="730" VPOS="3365" WIDTH="65" HEIGHT="43" CONTENT="the" WC="0.96" CC="470"/>
						<SP ID="P45_SP00300" HPOS="795" VPOS="3418" WIDTH="33"/>
						<String ID="P45_ST00355" HPOS="828" VPOS="3377" WIDTH="186" HEIGHT="37" CONTENT="moment," WC="0.98" CC="0066643"/>
					</TextLine>
					<TextLine ID="P45_TL00056" HPOS="115" VPOS="3422" WIDTH="899" HEIGHT="59">
						<String ID="P45_ST00356" HPOS="115" VPOS="3422" WIDTH="145" HEIGHT="55" CONTENT="merely" WC="0.99" CC="230030"/>
						<SP ID="P45_SP00301" HPOS="260" VPOS="3477" WIDTH="63"/>
						<String ID="P45_ST00357" HPOS="323" VPOS="3425" WIDTH="209" HEIGHT="53" CONTENT="promising" WC="0.98" CC="060096749"/>
						<SP ID="P45_SP00302" HPOS="532" VPOS="3478" WIDTH="64"/>
						<String ID="P45_ST00358" HPOS="596" VPOS="3424" WIDTH="81" HEIGHT="43" CONTENT="Mr." WC="0.95" CC="343"/>
						<SP ID="P45_SP00303" HPOS="677" VPOS="3478" WIDTH="56"/>
						<String ID="P45_ST00359" HPOS="733" VPOS="3425" WIDTH="166" HEIGHT="55" CONTENT="Murray" WC="0.98" CC="064550"/>
						<SP ID="P45_SP00304" HPOS="899" VPOS="3480" WIDTH="50"/>
						<String ID="P45_ST00360" HPOS="949" VPOS="3445" WIDTH="65" HEIGHT="36" CONTENT="my" WC="0.66" CC="60"/>
					</TextLine>
					<TextLine ID="P45_TL00057" HPOS="113" VPOS="3483" WIDTH="901" HEIGHT="56">
						<String ID="P45_ST00361" HPOS="113" VPOS="3483" WIDTH="174" HEIGHT="54" CONTENT="undying" WC="0.97" CC="2690646"/>
						<SP ID="P45_SP00305" HPOS="287" VPOS="3537" WIDTH="46"/>
						<String ID="P45_ST00362" HPOS="333" VPOS="3493" WIDTH="163" HEIGHT="44" CONTENT="support" WC="0.98" CC="0670034"/>
						<SP ID="P45_SP00306" HPOS="496" VPOS="3537" WIDTH="52"/>
						<String ID="P45_ST00363" HPOS="548" VPOS="3484" WIDTH="80" HEIGHT="42" CONTENT="and" WC="0.99" CC="030"/>
						<SP ID="P45_SP00307" HPOS="628" VPOS="3537" WIDTH="51"/>
						<String ID="P45_ST00364" HPOS="679" VPOS="3488" WIDTH="254" HEIGHT="51" CONTENT="cooperation" WC="0.99" CC="06904603465"/>
						<SP ID="P45_SP00308" HPOS="933" VPOS="3539" WIDTH="52"/>
						<String ID="P45_ST00365" HPOS="985" VPOS="3486" WIDTH="29" HEIGHT="42" CONTENT="if" WC="0.25" CC="77"/>
					</TextLine>
					<TextLine ID="P45_TL00058" HPOS="110" VPOS="3542" WIDTH="903" HEIGHT="47">
						<String ID="P45_ST00366" HPOS="110" VPOS="3559" WIDTH="92" HEIGHT="26" CONTENT="ever" WC="0.99" CC="0005"/>
						<SP ID="P45_SP00309" HPOS="202" VPOS="3585" WIDTH="32"/>
						<String ID="P45_ST00367" HPOS="234" VPOS="3542" WIDTH="50" HEIGHT="42" CONTENT="he" WC="0.45" CC="73"/>
						<SP ID="P45_SP00310" HPOS="284" VPOS="3585" WIDTH="41"/>
						<String ID="P45_ST00368" HPOS="325" VPOS="3561" WIDTH="74" HEIGHT="25" CONTENT="can" WC="0.96" CC="072"/>
						<SP ID="P45_SP00311" HPOS="399" VPOS="3586" WIDTH="47"/>
						<String ID="P45_ST00369" HPOS="446" VPOS="3542" WIDTH="142" HEIGHT="44" CONTENT="evolve" WC="0.99" CC="124200"/>
						<SP ID="P45_SP00312" HPOS="588" VPOS="3586" WIDTH="46"/>
						<String ID="P45_ST00370" HPOS="634" VPOS="3544" WIDTH="95" HEIGHT="43" CONTENT="such" WC="0.96" CC="5707"/>
						<SP ID="P45_SP00313" HPOS="729" VPOS="3587" WIDTH="46"/>
						<String ID="P45_ST00371" HPOS="775" VPOS="3563" WIDTH="23" HEIGHT="24" CONTENT="a" WC="1.00" CC="0"/>
						<SP ID="P45_SP00314" HPOS="798" VPOS="3587" WIDTH="53"/>
						<String ID="P45_ST00372" HPOS="851" VPOS="3546" WIDTH="162" HEIGHT="43" CONTENT="method" WC="0.97" CC="070729"/>
					</TextLine>
					<TextLine ID="P45_TL00059" HPOS="111" VPOS="3602" WIDTH="902" HEIGHT="58">
						<String ID="P45_ST00373" HPOS="111" VPOS="3602" WIDTH="80" HEIGHT="43" CONTENT="and" WC="0.92" CC="659"/>
						<SP ID="P45_SP00315" HPOS="191" VPOS="3645" WIDTH="33"/>
						<String ID="P45_ST00374" HPOS="224" VPOS="3614" WIDTH="69" HEIGHT="43" CONTENT="put" WC="0.96" CC="504"/>
						<SP ID="P45_SP00316" HPOS="293" VPOS="3657" WIDTH="32"/>
						<String ID="P45_ST00375" HPOS="325" VPOS="3605" WIDTH="28" HEIGHT="40" CONTENT="it" WC="0.39" CC="56"/>
						<SP ID="P45_SP00317" HPOS="353" VPOS="3657" WIDTH="32"/>
						<String ID="P45_ST00376" HPOS="385" VPOS="3605" WIDTH="40" HEIGHT="41" CONTENT="in" WC="0.26" CC="86"/>
						<SP ID="P45_SP00318" HPOS="425" VPOS="3657" WIDTH="36"/>
						<String ID="P45_ST00377" HPOS="461" VPOS="3605" WIDTH="164" HEIGHT="51" CONTENT="writing," WC="0.97" CC="74784874"/>
						<SP ID="P45_SP00319" HPOS="625" VPOS="3657" WIDTH="49"/>
						<String ID="P45_ST00378" HPOS="674" VPOS="3621" WIDTH="43" HEIGHT="26" CONTENT="or" WC="0.53" CC="62"/>
						<SP ID="P45_SP00320" HPOS="717" VPOS="3657" WIDTH="47"/>
						<String ID="P45_ST00379" HPOS="764" VPOS="3622" WIDTH="101" HEIGHT="25" CONTENT="even" WC="0.98" CC="0403"/>
						<SP ID="P45_SP00321" HPOS="865" VPOS="3657" WIDTH="36"/>
						<String ID="P45_ST00380" HPOS="901" VPOS="3608" WIDTH="112" HEIGHT="52" CONTENT="point" WC="0.97" CC="07287"/>
					</TextLine>
					<TextLine ID="P45_TL00060" HPOS="111" VPOS="3662" WIDTH="902" HEIGHT="57">
						<String ID="P45_ST00381" HPOS="111" VPOS="3672" WIDTH="41" HEIGHT="32" CONTENT="to" WC="0.45" CC="46"/>
						<SP ID="P45_SP00322" HPOS="152" VPOS="3704" WIDTH="29"/>
						<String ID="P45_ST00382" HPOS="181" VPOS="3662" WIDTH="97" HEIGHT="43" CONTENT="such" WC="0.97" CC="5037"/>
						<SP ID="P45_SP00323" HPOS="278" VPOS="3705" WIDTH="30"/>
						<String ID="P45_ST00383" HPOS="308" VPOS="3681" WIDTH="24" HEIGHT="25" CONTENT="a" WC="1.00" CC="0"/>
						<SP ID="P45_SP00324" HPOS="332" VPOS="3706" WIDTH="34"/>
						<String ID="P45_ST00384" HPOS="366" VPOS="3663" WIDTH="174" HEIGHT="43" CONTENT="method." WC="0.97" CC="9277174"/>
						<SP ID="P45_SP00325" HPOS="540" VPOS="3706" WIDTH="78"/>
						<String ID="P45_ST00385" HPOS="618" VPOS="3662" WIDTH="30" HEIGHT="44" CONTENT="It" WC="0.59" CC="80"/>
						<SP ID="P45_SP00326" HPOS="648" VPOS="3706" WIDTH="48"/>
						<String ID="P45_ST00386" HPOS="696" VPOS="3663" WIDTH="79" HEIGHT="44" CONTENT="will" WC="0.95" CC="8708"/>
						<SP ID="P45_SP00327" HPOS="775" VPOS="3707" WIDTH="42"/>
						<String ID="P45_ST00387" HPOS="817" VPOS="3664" WIDTH="89" HEIGHT="55" CONTENT="long" WC="0.95" CC="5477"/>
						<SP ID="P45_SP00328" HPOS="906" VPOS="3719" WIDTH="33"/>
						<String ID="P45_ST00388" HPOS="939" VPOS="3685" WIDTH="74" HEIGHT="34" CONTENT="ago" WC="0.93" CC="099"/>
					</TextLine>
					<TextLine ID="P45_TL00061" HPOS="109" VPOS="3722" WIDTH="902" HEIGHT="57">
						<String ID="P45_ST00389" HPOS="109" VPOS="3722" WIDTH="103" HEIGHT="43" CONTENT="have" WC="0.97" CC="7503"/>
						<SP ID="P45_SP00329" HPOS="212" VPOS="3765" WIDTH="53"/>
						<String ID="P45_ST00390" HPOS="265" VPOS="3723" WIDTH="195" HEIGHT="55" CONTENT="appealed" WC="0.99" CC="02701220"/>
						<SP ID="P45_SP00330" HPOS="460" VPOS="3778" WIDTH="53"/>
						<String ID="P45_ST00391" HPOS="513" VPOS="3734" WIDTH="40" HEIGHT="31" CONTENT="to" WC="0.66" CC="06"/>
						<SP ID="P45_SP00331" HPOS="553" VPOS="3778" WIDTH="53"/>
						<String ID="P45_ST00392" HPOS="606" VPOS="3723" WIDTH="66" HEIGHT="43" CONTENT="the" WC="0.97" CC="070"/>
						<SP ID="P45_SP00332" HPOS="672" VPOS="3778" WIDTH="52"/>
						<String ID="P45_ST00393" HPOS="724" VPOS="3723" WIDTH="144" HEIGHT="56" CONTENT="people" WC="0.97" CC="755633"/>
						<SP ID="P45_SP00333" HPOS="868" VPOS="3779" WIDTH="49"/>
						<String ID="P45_ST00394" HPOS="917" VPOS="3726" WIDTH="94" HEIGHT="43" CONTENT="who" WC="0.93" CC="377"/>
					</TextLine>
					<TextLine ID="P45_TL00062" HPOS="108" VPOS="3782" WIDTH="904" HEIGHT="45">
						<String ID="P45_ST00395" HPOS="108" VPOS="3782" WIDTH="136" HEIGHT="43" CONTENT="crowd" WC="0.98" CC="07400"/>
						<SP ID="P45_SP00334" HPOS="244" VPOS="3825" WIDTH="33"/>
						<String ID="P45_ST00396" HPOS="277" VPOS="3786" WIDTH="39" HEIGHT="39" CONTENT="in" WC="0.69" CC="60"/>
						<SP ID="P45_SP00335" HPOS="316" VPOS="3825" WIDTH="32"/>
						<String ID="P45_ST00397" HPOS="348" VPOS="3784" WIDTH="99" HEIGHT="42" CONTENT="their" WC="0.96" CC="77164"/>
						<SP ID="P45_SP00336" HPOS="447" VPOS="3826" WIDTH="33"/>
						<String ID="P45_ST00398" HPOS="480" VPOS="3782" WIDTH="164" HEIGHT="44" CONTENT="millions" WC="0.97" CC="67157596"/>
						<SP ID="P45_SP00337" HPOS="644" VPOS="3826" WIDTH="34"/>
						<String ID="P45_ST00399" HPOS="678" VPOS="3794" WIDTH="41" HEIGHT="32" CONTENT="to" WC="0.59" CC="16"/>
						<SP ID="P45_SP00338" HPOS="719" VPOS="3826" WIDTH="32"/>
						<String ID="P45_ST00400" HPOS="751" VPOS="3784" WIDTH="94" HEIGHT="43" CONTENT="hear" WC="0.96" CC="7265"/>
						<SP ID="P45_SP00339" HPOS="845" VPOS="3827" WIDTH="31"/>
						<String ID="P45_ST00401" HPOS="876" VPOS="3785" WIDTH="78" HEIGHT="42" CONTENT="and" WC="0.94" CC="059"/>
						<SP ID="P45_SP00340" HPOS="954" VPOS="3827" WIDTH="17"/>
						<String ID="P45_ST00402" HPOS="971" VPOS="3796" WIDTH="41" HEIGHT="31" CONTENT="to" WC="0.34" CC="66"/>
					</TextLine>
					<TextLine ID="P45_TL00063" HPOS="108" VPOS="3842" WIDTH="904" HEIGHT="57">
						<String ID="P45_ST00403" HPOS="108" VPOS="3860" WIDTH="64" HEIGHT="25" CONTENT="see" WC="0.98" CC="050"/>
						<SP ID="P45_SP00341" HPOS="172" VPOS="3885" WIDTH="32"/>
						<String ID="P45_ST00404" HPOS="204" VPOS="3842" WIDTH="67" HEIGHT="43" CONTENT="the" WC="0.94" CC="275"/>
						<SP ID="P45_SP00342" HPOS="271" VPOS="3885" WIDTH="31"/>
						<String ID="P45_ST00405" HPOS="302" VPOS="3842" WIDTH="131" HEIGHT="56" CONTENT="lovely" WC="0.98" CC="470070"/>
						<SP ID="P45_SP00343" HPOS="433" VPOS="3898" WIDTH="49"/>
						<String ID="P45_ST00406" HPOS="482" VPOS="3842" WIDTH="128" HEIGHT="44" CONTENT="works" WC="0.98" CC="04601"/>
						<SP ID="P45_SP00344" HPOS="610" VPOS="3898" WIDTH="46"/>
						<String ID="P45_ST00407" HPOS="656" VPOS="3843" WIDTH="44" HEIGHT="43" CONTENT="of" WC="0.31" CC="66"/>
						<SP ID="P45_SP00345" HPOS="700" VPOS="3898" WIDTH="41"/>
						<String ID="P45_ST00408" HPOS="741" VPOS="3844" WIDTH="271" HEIGHT="55" CONTENT="Shakespeare" WC="0.99" CC="46705580930"/>
					</TextLine>
					<TextLine ID="P45_TL00064" HPOS="108" VPOS="3903" WIDTH="243" HEIGHT="53">
						<String ID="P45_ST00409" HPOS="108" VPOS="3903" WIDTH="243" HEIGHT="53" CONTENT="performed." WC="0.99" CC="0057349404"/>
					</TextLine>
					<TextLine ID="P45_TL00065" HPOS="168" VPOS="3962" WIDTH="842" HEIGHT="55">
						<String ID="P45_ST00410" HPOS="168" VPOS="3963" WIDTH="32" HEIGHT="43" CONTENT="It" WC="0.17" CC="69"/>
						<SP ID="P45_SP00346" HPOS="200" VPOS="4006" WIDTH="32"/>
						<String ID="P45_ST00411" HPOS="232" VPOS="3963" WIDTH="70" HEIGHT="43" CONTENT="has" WC="0.95" CC="750"/>
						<SP ID="P45_SP00347" HPOS="302" VPOS="4006" WIDTH="47"/>
						<String ID="P45_ST00412" HPOS="349" VPOS="3962" WIDTH="250" HEIGHT="55" CONTENT="presumably" WC="0.99" CC="0406606700"/>
						<SP ID="P45_SP00348" HPOS="599" VPOS="4017" WIDTH="47"/>
						<String ID="P45_ST00413" HPOS="646" VPOS="3963" WIDTH="102" HEIGHT="44" CONTENT="been" WC="0.97" CC="0049"/>
						<SP ID="P45_SP00349" HPOS="748" VPOS="4017" WIDTH="44"/>
						<String ID="P45_ST00414" HPOS="792" VPOS="3964" WIDTH="110" HEIGHT="48" CONTENT="tried," WC="0.97" CC="748090"/>
						<SP ID="P45_SP00350" HPOS="902" VPOS="4017" WIDTH="36"/>
						<String ID="P45_ST00415" HPOS="938" VPOS="3965" WIDTH="72" HEIGHT="42" CONTENT="this" WC="0.96" CC="0765"/>
					</TextLine>
					<TextLine ID="P45_TL00066" HPOS="105" VPOS="4022" WIDTH="905" HEIGHT="55">
						<String ID="P45_ST00416" HPOS="105" VPOS="4031" WIDTH="26" HEIGHT="16" CONTENT="44" STYLE="superscript" WC="0.61" CC="34"/>
						<SP ID="P45_SP00351" HPOS="131" VPOS="4047" WIDTH="23"/>
						<String ID="P45_ST00417" HPOS="154" VPOS="4022" WIDTH="99" HEIGHT="55" CONTENT="right" WC="0.97" CC="52770"/>
						<SP ID="P45_SP00352" HPOS="253" VPOS="4077" WIDTH="34"/>
						<String ID="P45_ST00418" HPOS="287" VPOS="4040" WIDTH="91" HEIGHT="37" CONTENT="way" WC="0.94" CC="529"/>
						<SP ID="P45_SP00353" HPOS="378" VPOS="4077" WIDTH="17"/>
						<String ID="P45_ST00419" HPOS="395" VPOS="4022" WIDTH="40" HEIGHT="44" CONTENT='".' WC="0.42" CC="46"/>
						<SP ID="P45_SP00354" HPOS="435" VPOS="4077" WIDTH="66"/>
						<String ID="P45_ST00420" HPOS="501" VPOS="4022" WIDTH="13" HEIGHT="43" CONTENT="I" WC="0.20" CC="7"/>
						<SP ID="P45_SP00355" HPOS="514" VPOS="4077" WIDTH="36"/>
						<String ID="P45_ST00421" HPOS="550" VPOS="4022" WIDTH="89" HEIGHT="44" CONTENT="take" WC="0.98" CC="0090"/>
						<SP ID="P45_SP00356" HPOS="639" VPOS="4077" WIDTH="32"/>
						<String ID="P45_ST00422" HPOS="671" VPOS="4024" WIDTH="28" HEIGHT="41" CONTENT="it" WC="0.60" CC="70"/>
						<SP ID="P45_SP00357" HPOS="699" VPOS="4077" WIDTH="32"/>
						<String ID="P45_ST00423" HPOS="731" VPOS="4026" WIDTH="26" HEIGHT="40" CONTENT="it" WC="0.28" CC="77"/>
						<SP ID="P45_SP00358" HPOS="757" VPOS="4077" WIDTH="23"/>
						<String ID="P45_ST00424" HPOS="780" VPOS="4024" WIDTH="104" HEIGHT="42" CONTENT="can't" WC="0.98" CC="32440"/>
						<SP ID="P45_SP00359" HPOS="884" VPOS="4077" WIDTH="24"/>
						<String ID="P45_ST00425" HPOS="908" VPOS="4023" WIDTH="102" HEIGHT="44" CONTENT="have" WC="0.95" CC="7680"/>
					</TextLine>
					<TextLine ID="P45_TL00067" HPOS="106" VPOS="4082" WIDTH="903" HEIGHT="55">
						<String ID="P45_ST00426" HPOS="106" VPOS="4082" WIDTH="99" HEIGHT="43" CONTENT="been" WC="0.95" CC="7077"/>
						<SP ID="P45_SP00360" HPOS="205" VPOS="4125" WIDTH="33"/>
						<String ID="P45_ST00427" HPOS="238" VPOS="4082" WIDTH="143" HEIGHT="44" CONTENT="slurred" WC="0.98" CC="2584600"/>
						<SP ID="P45_SP00361" HPOS="381" VPOS="4126" WIDTH="34"/>
						<String ID="P45_ST00428" HPOS="415" VPOS="4100" WIDTH="109" HEIGHT="25" CONTENT="over." WC="0.97" CC="40194"/>
						<SP ID="P45_SP00362" HPOS="524" VPOS="4126" WIDTH="66"/>
						<String ID="P45_ST00429" HPOS="590" VPOS="4083" WIDTH="12" HEIGHT="42" CONTENT="I" WC="0.44" CC="5"/>
						<SP ID="P45_SP00363" HPOS="602" VPOS="4126" WIDTH="35"/>
						<String ID="P45_ST00430" HPOS="637" VPOS="4083" WIDTH="160" HEIGHT="54" CONTENT="happen" WC="0.96" CC="746657"/>
						<SP ID="P45_SP00364" HPOS="797" VPOS="4137" WIDTH="22"/>
						<String ID="P45_ST00431" HPOS="819" VPOS="4095" WIDTH="40" HEIGHT="31" CONTENT="to" WC="0.60" CC="07"/>
						<SP ID="P45_SP00365" HPOS="859" VPOS="4137" WIDTH="32"/>
						<String ID="P45_ST00432" HPOS="891" VPOS="4083" WIDTH="118" HEIGHT="45" CONTENT="know" WC="0.97" CC="0770"/>
					</TextLine>
					<TextLine ID="P45_TL00068" HPOS="108" VPOS="4142" WIDTH="902" HEIGHT="60">
						<String ID="P45_ST00433" HPOS="108" VPOS="4142" WIDTH="66" HEIGHT="47" CONTENT="the" WC="0.95" CC="077"/>
						<SP ID="P45_SP00366" HPOS="174" VPOS="4189" WIDTH="33"/>
						<String ID="P45_ST00434" HPOS="207" VPOS="4143" WIDTH="99" HEIGHT="55" CONTENT="right" WC="0.96" CC="23874"/>
						<SP ID="P45_SP00367" HPOS="306" VPOS="4198" WIDTH="33"/>
						<String ID="P45_ST00435" HPOS="339" VPOS="4160" WIDTH="105" HEIGHT="38" CONTENT="way." WC="0.94" CC="9794"/>
						<SP ID="P45_SP00368" HPOS="444" VPOS="4198" WIDTH="62"/>
						<String ID="P45_ST00436" HPOS="506" VPOS="4143" WIDTH="110" HEIGHT="59" CONTENT="Only" WC="0.96" CC="0837"/>
						<SP ID="P45_SP00369" HPOS="616" VPOS="4202" WIDTH="35"/>
						<String ID="P45_ST00437" HPOS="651" VPOS="4144" WIDTH="14" HEIGHT="42" CONTENT="I" WC="0.30" CC="6"/>
						<SP ID="P45_SP00370" HPOS="665" VPOS="4202" WIDTH="34"/>
						<String ID="P45_ST00438" HPOS="699" VPOS="4144" WIDTH="134" HEIGHT="44" CONTENT="would" WC="0.95" CC="09869"/>
						<SP ID="P45_SP00371" HPOS="833" VPOS="4202" WIDTH="28"/>
						<String ID="P45_ST00439" HPOS="861" VPOS="4143" WIDTH="76" HEIGHT="44" CONTENT="like" WC="0.94" CC="8766"/>
						<SP ID="P45_SP00372" HPOS="937" VPOS="4202" WIDTH="32"/>
						<String ID="P45_ST00440" HPOS="969" VPOS="4155" WIDTH="41" HEIGHT="32" CONTENT="to" WC="0.65" CC="60"/>
					</TextLine>
				</TextBlock>
				<TextBlock ID="P45_TB00003" HPOS="1062" VPOS="202" WIDTH="922" HEIGHT="3063" STYLEREFS="TXT_1 PAR_BLOCK">
					<TextLine ID="P45_TL00069" HPOS="1092" VPOS="204" WIDTH="890" HEIGHT="62">
						<String ID="P45_ST00441" HPOS="1092" VPOS="204" WIDTH="93" HEIGHT="44" CONTENT="hear" WC="0.98" CC="7120"/>
						<SP ID="P45_SP00373" HPOS="1185" VPOS="248" WIDTH="31"/>
						<String ID="P45_ST00442" HPOS="1216" VPOS="206" WIDTH="83" HEIGHT="45" CONTENT="Mr." WC="0.98" CC="004"/>
						<SP ID="P45_SP00374" HPOS="1299" VPOS="251" WIDTH="49"/>
						<String ID="P45_ST00443" HPOS="1348" VPOS="208" WIDTH="162" HEIGHT="56" CONTENT="Murray" WC="0.98" CC="377700"/>
						<SP ID="P45_SP00375" HPOS="1510" VPOS="264" WIDTH="46"/>
						<String ID="P45_ST00444" HPOS="1556" VPOS="212" WIDTH="153" HEIGHT="54" CONTENT="explain" WC="0.98" CC="6106058"/>
						<SP ID="P45_SP00376" HPOS="1709" VPOS="266" WIDTH="48"/>
						<String ID="P45_ST00445" HPOS="1757" VPOS="223" WIDTH="40" HEIGHT="33" CONTENT="to" WC="0.13" CC="97"/>
						<SP ID="P45_SP00377" HPOS="1797" VPOS="266" WIDTH="47"/>
						<String ID="P45_ST00446" HPOS="1844" VPOS="231" WIDTH="42" HEIGHT="25" CONTENT="us" WC="0.66" CC="15"/>
						<SP ID="P45_SP00378" HPOS="1886" VPOS="266" WIDTH="47"/>
						<String ID="P45_ST00447" HPOS="1933" VPOS="214" WIDTH="49" HEIGHT="43" CONTENT="all" WC="0.98" CC="050"/>
					</TextLine>
					<TextLine ID="P45_TL00070" HPOS="1091" VPOS="264" WIDTH="891" HEIGHT="59">
						<String ID="P45_ST00448" HPOS="1091" VPOS="264" WIDTH="107" HEIGHT="44" CONTENT="what" WC="0.97" CC="0753"/>
						<SP ID="P45_SP00379" HPOS="1198" VPOS="308" WIDTH="32"/>
						<String ID="P45_ST00449" HPOS="1230" VPOS="266" WIDTH="83" HEIGHT="44" CONTENT="that" WC="0.96" CC="0776"/>
						<SP ID="P45_SP00380" HPOS="1313" VPOS="310" WIDTH="52"/>
						<String ID="P45_ST00450" HPOS="1365" VPOS="286" WIDTH="89" HEIGHT="37" CONTENT="way" WC="0.98" CC="060"/>
						<SP ID="P45_SP00381" HPOS="1454" VPOS="323" WIDTH="46"/>
						<String ID="P45_ST00451" HPOS="1500" VPOS="272" WIDTH="43" HEIGHT="41" CONTENT="is." WC="0.94" CC="754"/>
						<SP ID="P45_SP00382" HPOS="1543" VPOS="323" WIDTH="84"/>
						<String ID="P45_ST00452" HPOS="1627" VPOS="271" WIDTH="63" HEIGHT="42" CONTENT="It's" WC="0.94" CC="6947"/>
						<SP ID="P45_SP00383" HPOS="1690" VPOS="323" WIDTH="46"/>
						<String ID="P45_ST00453" HPOS="1736" VPOS="284" WIDTH="67" HEIGHT="31" CONTENT="not" WC="0.96" CC="406"/>
						<SP ID="P45_SP00384" HPOS="1803" VPOS="323" WIDTH="47"/>
						<String ID="P45_ST00454" HPOS="1850" VPOS="285" WIDTH="41" HEIGHT="30" CONTENT="to" WC="0.55" CC="71"/>
						<SP ID="P45_SP00385" HPOS="1891" VPOS="323" WIDTH="40"/>
						<String ID="P45_ST00455" HPOS="1931" VPOS="274" WIDTH="51" HEIGHT="42" CONTENT="be" WC="0.59" CC="80"/>
					</TextLine>
					<TextLine ID="P45_TL00071" HPOS="1089" VPOS="325" WIDTH="894" HEIGHT="56">
						<String ID="P45_ST00456" HPOS="1089" VPOS="325" WIDTH="119" HEIGHT="54" CONTENT="easily" WC="0.98" CC="347140"/>
						<SP ID="P45_SP00386" HPOS="1208" VPOS="379" WIDTH="59"/>
						<String ID="P45_ST00457" HPOS="1267" VPOS="327" WIDTH="222" HEIGHT="54" CONTENT="explained," WC="0.98" CC="6396678094"/>
						<SP ID="P45_SP00387" HPOS="1489" VPOS="381" WIDTH="63"/>
						<String ID="P45_ST00458" HPOS="1552" VPOS="331" WIDTH="15" HEIGHT="43" CONTENT="I" WC="0.46" CC="5"/>
						<SP ID="P45_SP00388" HPOS="1567" VPOS="381" WIDTH="51"/>
						<String ID="P45_ST00459" HPOS="1618" VPOS="331" WIDTH="136" HEIGHT="50" CONTENT="admit," WC="0.98" CC="009403"/>
						<SP ID="P45_SP00389" HPOS="1754" VPOS="381" WIDTH="53"/>
						<String ID="P45_ST00460" HPOS="1807" VPOS="332" WIDTH="69" HEIGHT="44" CONTENT="but" WC="0.96" CC="540"/>
						<SP ID="P45_SP00390" HPOS="1876" VPOS="381" WIDTH="46"/>
						<String ID="P45_ST00461" HPOS="1922" VPOS="334" WIDTH="61" HEIGHT="42" CONTENT="it's" WC="0.95" CC="7447"/>
					</TextLine>
					<TextLine ID="P45_TL00072" HPOS="1088" VPOS="385" WIDTH="256" HEIGHT="53">
						<String ID="P45_ST00462" HPOS="1088" VPOS="385" WIDTH="256" HEIGHT="53" CONTENT="explainable." WC="0.99" CC="407558579104"/>
					</TextLine>
					<TextLine ID="P45_TL00073" HPOS="1152" VPOS="444" WIDTH="830" HEIGHT="60">
						<String ID="P45_ST00463" HPOS="1152" VPOS="444" WIDTH="64" HEIGHT="44" CONTENT="It's" WC="0.95" CC="5447"/>
						<SP ID="P45_SP00391" HPOS="1216" VPOS="488" WIDTH="45"/>
						<String ID="P45_ST00464" HPOS="1261" VPOS="457" WIDTH="68" HEIGHT="31" CONTENT="not" WC="0.94" CC="436"/>
						<SP ID="P45_SP00392" HPOS="1329" VPOS="488" WIDTH="48"/>
						<String ID="P45_ST00465" HPOS="1377" VPOS="447" WIDTH="157" HEIGHT="55" CONTENT="Irving's" WC="0.41" CC="65766543"/>
						<SP ID="P45_SP00393" HPOS="1534" VPOS="502" WIDTH="52"/>
						<String ID="P45_ST00466" HPOS="1586" VPOS="467" WIDTH="101" HEIGHT="37" CONTENT="way," WC="0.97" CC="4504"/>
						<SP ID="P45_SP00394" HPOS="1687" VPOS="504" WIDTH="54"/>
						<String ID="P45_ST00467" HPOS="1741" VPOS="463" WIDTH="66" HEIGHT="31" CONTENT="not" WC="0.91" CC="878"/>
						<SP ID="P45_SP00395" HPOS="1807" VPOS="504" WIDTH="43"/>
						<String ID="P45_ST00468" HPOS="1850" VPOS="452" WIDTH="132" HEIGHT="43" CONTENT="Poel's" WC="0.56" CC="054248"/>
					</TextLine>
					<TextLine ID="P45_TL00074" HPOS="1090" VPOS="506" WIDTH="889" HEIGHT="58">
						<String ID="P45_ST00469" HPOS="1090" VPOS="521" WIDTH="103" HEIGHT="36" CONTENT="way," WC="0.98" CC="0304"/>
						<SP ID="P45_SP00396" HPOS="1193" VPOS="557" WIDTH="33"/>
						<String ID="P45_ST00470" HPOS="1226" VPOS="517" WIDTH="65" HEIGHT="31" CONTENT="not" WC="0.97" CC="007"/>
						<SP ID="P45_SP00397" HPOS="1291" VPOS="557" WIDTH="34"/>
						<String ID="P45_ST00471" HPOS="1325" VPOS="506" WIDTH="178" HEIGHT="45" CONTENT="Barker's" WC="0.99" CC="06700045"/>
						<SP ID="P45_SP00398" HPOS="1503" VPOS="557" WIDTH="32"/>
						<String ID="P45_ST00472" HPOS="1535" VPOS="525" WIDTH="108" HEIGHT="39" CONTENT="way;" WC="0.97" CC="6204"/>
						<SP ID="P45_SP00399" HPOS="1643" VPOS="564" WIDTH="35"/>
						<String ID="P45_ST00473" HPOS="1678" VPOS="522" WIDTH="67" HEIGHT="31" CONTENT="not" WC="0.97" CC="107"/>
						<SP ID="P45_SP00400" HPOS="1745" VPOS="564" WIDTH="38"/>
						<String ID="P45_ST00474" HPOS="1783" VPOS="511" WIDTH="66" HEIGHT="43" CONTENT="the" WC="0.94" CC="079"/>
						<SP ID="P45_SP00401" HPOS="1849" VPOS="564" WIDTH="46"/>
						<String ID="P45_ST00475" HPOS="1895" VPOS="511" WIDTH="84" HEIGHT="45" CONTENT="Old" WC="1.00" CC="000"/>
					</TextLine>
					<TextLine ID="P45_TL00075" HPOS="1089" VPOS="562" WIDTH="891" HEIGHT="62">
						<String ID="P45_ST00476" HPOS="1089" VPOS="562" WIDTH="80" HEIGHT="43" CONTENT="Vic" WC="0.98" CC="060"/>
						<SP ID="P45_SP00402" HPOS="1169" VPOS="605" WIDTH="30"/>
						<String ID="P45_ST00477" HPOS="1199" VPOS="581" WIDTH="90" HEIGHT="38" CONTENT="way" WC="0.96" CC="650"/>
						<SP ID="P45_SP00403" HPOS="1289" VPOS="619" WIDTH="46"/>
						<String ID="P45_ST00478" HPOS="1335" VPOS="583" WIDTH="43" HEIGHT="24" CONTENT="or" WC="1.00" CC="00"/>
						<SP ID="P45_SP00404" HPOS="1378" VPOS="619" WIDTH="45"/>
						<String ID="P45_ST00479" HPOS="1423" VPOS="567" WIDTH="66" HEIGHT="42" CONTENT="the" WC="0.95" CC="074"/>
						<SP ID="P45_SP00405" HPOS="1489" VPOS="619" WIDTH="48"/>
						<String ID="P45_ST00480" HPOS="1537" VPOS="567" WIDTH="170" HEIGHT="56" CONTENT="Playfair" WC="0.68" CC="05296000"/>
						<SP ID="P45_SP00406" HPOS="1707" VPOS="623" WIDTH="45"/>
						<String ID="P45_ST00481" HPOS="1752" VPOS="588" WIDTH="103" HEIGHT="36" CONTENT="way," WC="1.00" CC="0001"/>
						<SP ID="P45_SP00407" HPOS="1855" VPOS="624" WIDTH="47"/>
						<String ID="P45_ST00482" HPOS="1902" VPOS="571" WIDTH="78" HEIGHT="43" CONTENT="and" WC="0.97" CC="070"/>
					</TextLine>
					<TextLine ID="P45_TL00076" HPOS="1088" VPOS="625" WIDTH="892" HEIGHT="48">
						<String ID="P45_ST00483" HPOS="1088" VPOS="632" WIDTH="29" HEIGHT="32" CONTENT="it" WC="0.40" CC="65"/>
						<SP ID="P45_SP00408" HPOS="1117" VPOS="664" WIDTH="17"/>
						<String ID="P45_ST00484" HPOS="1134" VPOS="642" WIDTH="16" HEIGHT="23" CONTENT="s" WC="1.00" CC="0"/>
						<SP ID="P45_SP00409" HPOS="1150" VPOS="665" WIDTH="60"/>
						<String ID="P45_ST00485" HPOS="1210" VPOS="635" WIDTH="67" HEIGHT="31" CONTENT="not" WC="0.94" CC="950"/>
						<SP ID="P45_SP00410" HPOS="1277" VPOS="666" WIDTH="63"/>
						<String ID="P45_ST00486" HPOS="1340" VPOS="625" WIDTH="66" HEIGHT="43" CONTENT="the" WC="0.96" CC="072"/>
						<SP ID="P45_SP00411" HPOS="1406" VPOS="668" WIDTH="66"/>
						<String ID="P45_ST00487" HPOS="1472" VPOS="627" WIDTH="404" HEIGHT="46" CONTENT="Thorndike-Casson" WC="0.62" CC="0767005904060560"/>
						<SP ID="P45_SP00412" HPOS="1876" VPOS="673" WIDTH="61"/>
						<String ID="P45_ST00488" HPOS="1937" VPOS="649" WIDTH="43" HEIGHT="24" CONTENT="or" WC="0.47" CC="55"/>
					</TextLine>
					<TextLine ID="P45_TL00077" HPOS="1089" VPOS="682" WIDTH="892" HEIGHT="61">
						<String ID="P45_ST00489" HPOS="1089" VPOS="682" WIDTH="161" HEIGHT="54" CONTENT="Bridges" WC="0.63" CC="0070575"/>
						<SP ID="P45_SP00413" HPOS="1250" VPOS="736" WIDTH="31"/>
						<String ID="P45_ST00490" HPOS="1281" VPOS="684" WIDTH="159" HEIGHT="43" CONTENT="Adams" WC="0.98" CC="00706"/>
						<SP ID="P45_SP00414" HPOS="1440" VPOS="736" WIDTH="31"/>
						<String ID="P45_ST00491" HPOS="1471" VPOS="704" WIDTH="108" HEIGHT="36" CONTENT="way;" WC="0.98" CC="6004"/>
						<SP ID="P45_SP00415" HPOS="1579" VPOS="740" WIDTH="34"/>
						<String ID="P45_ST00492" HPOS="1613" VPOS="689" WIDTH="27" HEIGHT="40" CONTENT="it" WC="0.23" CC="77"/>
						<SP ID="P45_SP00416" HPOS="1640" VPOS="740" WIDTH="31"/>
						<String ID="P45_ST00493" HPOS="1671" VPOS="700" WIDTH="142" HEIGHT="31" CONTENT="cannot" WC="0.97" CC="436930"/>
						<SP ID="P45_SP00417" HPOS="1813" VPOS="740" WIDTH="19"/>
						<String ID="P45_ST00494" HPOS="1832" VPOS="689" WIDTH="49" HEIGHT="43" CONTENT="be" WC="0.50" CC="72"/>
						<SP ID="P45_SP00418" HPOS="1881" VPOS="740" WIDTH="21"/>
						<String ID="P45_ST00495" HPOS="1902" VPOS="708" WIDTH="79" HEIGHT="35" CONTENT="any" WC="0.93" CC="990"/>
					</TextLine>
					<TextLine ID="P45_TL00078" HPOS="1089" VPOS="741" WIDTH="893" HEIGHT="63">
						<String ID="P45_ST00496" HPOS="1089" VPOS="741" WIDTH="43" HEIGHT="43" CONTENT="of" WC="0.64" CC="07"/>
						<SP ID="P45_SP00419" HPOS="1132" VPOS="784" WIDTH="31"/>
						<String ID="P45_ST00497" HPOS="1163" VPOS="742" WIDTH="107" HEIGHT="43" CONTENT="these" WC="0.98" CC="06070"/>
						<SP ID="P45_SP00420" HPOS="1270" VPOS="785" WIDTH="33"/>
						<String ID="P45_ST00498" HPOS="1303" VPOS="762" WIDTH="108" HEIGHT="36" CONTENT="ways" WC="0.97" CC="6106"/>
						<SP ID="P45_SP00421" HPOS="1411" VPOS="798" WIDTH="32"/>
						<String ID="P45_ST00499" HPOS="1443" VPOS="745" WIDTH="59" HEIGHT="43" CONTENT="for" WC="0.96" CC="810"/>
						<SP ID="P45_SP00422" HPOS="1502" VPOS="798" WIDTH="33"/>
						<String ID="P45_ST00500" HPOS="1535" VPOS="746" WIDTH="92" HEIGHT="54" CONTENT="they" WC="0.96" CC="6740"/>
						<SP ID="P45_SP00423" HPOS="1627" VPOS="800" WIDTH="31"/>
						<String ID="P45_ST00501" HPOS="1658" VPOS="746" WIDTH="102" HEIGHT="44" CONTENT="have" WC="0.98" CC="7002"/>
						<SP ID="P45_SP00424" HPOS="1760" VPOS="800" WIDTH="51"/>
						<String ID="P45_ST00502" HPOS="1811" VPOS="750" WIDTH="171" HEIGHT="54" CONTENT="recently" WC="0.98" CC="52007580"/>
					</TextLine>
					<TextLine ID="P45_TL00079" HPOS="1089" VPOS="801" WIDTH="635" HEIGHT="58">
						<String ID="P45_ST00503" HPOS="1089" VPOS="801" WIDTH="101" HEIGHT="42" CONTENT="been" WC="0.96" CC="6067"/>
						<SP ID="P45_SP00425" HPOS="1190" VPOS="843" WIDTH="32"/>
						<String ID="P45_ST00504" HPOS="1222" VPOS="803" WIDTH="99" HEIGHT="42" CONTENT="tried" WC="0.98" CC="00809"/>
						<SP ID="P45_SP00426" HPOS="1321" VPOS="845" WIDTH="33"/>
						<String ID="P45_ST00505" HPOS="1354" VPOS="804" WIDTH="79" HEIGHT="42" CONTENT="and" WC="0.97" CC="070"/>
						<SP ID="P45_SP00427" HPOS="1433" VPOS="846" WIDTH="32"/>
						<String ID="P45_ST00506" HPOS="1465" VPOS="805" WIDTH="100" HEIGHT="42" CONTENT="tried" WC="0.97" CC="66700"/>
						<SP ID="P45_SP00428" HPOS="1565" VPOS="847" WIDTH="32"/>
						<String ID="P45_ST00507" HPOS="1597" VPOS="808" WIDTH="127" HEIGHT="51" CONTENT="again." WC="0.97" CC="491464"/>
					</TextLine>
					<TextLine ID="P45_TL00080" HPOS="1146" VPOS="861" WIDTH="834" HEIGHT="60">
						<String ID="P45_ST00508" HPOS="1146" VPOS="861" WIDTH="30" HEIGHT="42" CONTENT="It" WC="0.14" CC="79"/>
						<SP ID="P45_SP00429" HPOS="1176" VPOS="903" WIDTH="33"/>
						<String ID="P45_ST00509" HPOS="1209" VPOS="873" WIDTH="99" HEIGHT="32" CONTENT="must" WC="0.94" CC="6488"/>
						<SP ID="P45_SP00430" HPOS="1308" VPOS="905" WIDTH="34"/>
						<String ID="P45_ST00510" HPOS="1342" VPOS="863" WIDTH="49" HEIGHT="43" CONTENT="be" WC="0.67" CC="06"/>
						<SP ID="P45_SP00431" HPOS="1391" VPOS="906" WIDTH="31"/>
						<String ID="P45_ST00511" HPOS="1422" VPOS="881" WIDTH="23" HEIGHT="25" CONTENT="a" WC="1.00" CC="0"/>
						<SP ID="P45_SP00432" HPOS="1445" VPOS="906" WIDTH="33"/>
						<String ID="P45_ST00512" HPOS="1478" VPOS="865" WIDTH="56" HEIGHT="41" CONTENT="far" WC="0.96" CC="505"/>
						<SP ID="P45_SP00433" HPOS="1534" VPOS="906" WIDTH="32"/>
						<String ID="P45_ST00513" HPOS="1566" VPOS="883" WIDTH="108" HEIGHT="25" CONTENT="more" WC="0.97" CC="0542"/>
						<SP ID="P45_SP00434" HPOS="1674" VPOS="908" WIDTH="31"/>
						<String ID="P45_ST00514" HPOS="1705" VPOS="867" WIDTH="164" HEIGHT="53" CONTENT="popular" WC="0.98" CC="7602316"/>
						<SP ID="P45_SP00435" HPOS="1869" VPOS="920" WIDTH="22"/>
						<String ID="P45_ST00515" HPOS="1891" VPOS="885" WIDTH="89" HEIGHT="36" CONTENT="way" WC="0.97" CC="800"/>
					</TextLine>
					<TextLine ID="P45_TL00081" HPOS="1086" VPOS="920" WIDTH="893" HEIGHT="49">
						<String ID="P45_ST00516" HPOS="1086" VPOS="920" WIDTH="94" HEIGHT="42" CONTENT="than" WC="0.96" CC="4707"/>
						<SP ID="P45_SP00436" HPOS="1180" VPOS="962" WIDTH="30"/>
						<String ID="P45_ST00517" HPOS="1210" VPOS="921" WIDTH="50" HEIGHT="42" CONTENT="all" WC="0.97" CC="800"/>
						<SP ID="P45_SP00437" HPOS="1260" VPOS="963" WIDTH="33"/>
						<String ID="P45_ST00518" HPOS="1293" VPOS="922" WIDTH="107" HEIGHT="42" CONTENT="these" WC="0.98" CC="47001"/>
						<SP ID="P45_SP00438" HPOS="1400" VPOS="964" WIDTH="30"/>
						<String ID="P45_ST00519" HPOS="1430" VPOS="923" WIDTH="80" HEIGHT="43" CONTENT="and" WC="0.96" CC="540"/>
						<SP ID="P45_SP00439" HPOS="1510" VPOS="966" WIDTH="33"/>
						<String ID="P45_ST00520" HPOS="1543" VPOS="936" WIDTH="37" HEIGHT="31" CONTENT="at" WC="0.48" CC="18"/>
						<SP ID="P45_SP00440" HPOS="1580" VPOS="967" WIDTH="32"/>
						<String ID="P45_ST00521" HPOS="1612" VPOS="925" WIDTH="65" HEIGHT="43" CONTENT="the" WC="0.92" CC="776"/>
						<SP ID="P45_SP00441" HPOS="1677" VPOS="968" WIDTH="31"/>
						<String ID="P45_ST00522" HPOS="1708" VPOS="944" WIDTH="105" HEIGHT="25" CONTENT="same" WC="0.96" CC="6760"/>
						<SP ID="P45_SP00442" HPOS="1813" VPOS="969" WIDTH="31"/>
						<String ID="P45_ST00523" HPOS="1844" VPOS="928" WIDTH="91" HEIGHT="41" CONTENT="time" WC="0.94" CC="5676"/>
						<SP ID="P45_SP00443" HPOS="1935" VPOS="969" WIDTH="22"/>
						<String ID="P45_ST00524" HPOS="1957" VPOS="945" WIDTH="22" HEIGHT="24" CONTENT="a" WC="1.00" CC="0"/>
					</TextLine>
					<TextLine ID="P45_TL00082" HPOS="1088" VPOS="981" WIDTH="894" HEIGHT="58">
						<String ID="P45_ST00525" HPOS="1088" VPOS="997" WIDTH="88" HEIGHT="36" CONTENT="way" WC="0.96" CC="090"/>
						<SP ID="P45_SP00444" HPOS="1176" VPOS="1033" WIDTH="34"/>
						<String ID="P45_ST00526" HPOS="1210" VPOS="981" WIDTH="130" HEIGHT="43" CONTENT="which" WC="0.97" CC="07807"/>
						<SP ID="P45_SP00445" HPOS="1340" VPOS="1033" WIDTH="48"/>
						<String ID="P45_ST00527" HPOS="1388" VPOS="982" WIDTH="77" HEIGHT="43" CONTENT="will" WC="0.98" CC="3700"/>
						<SP ID="P45_SP00446" HPOS="1465" VPOS="1033" WIDTH="47"/>
						<String ID="P45_ST00528" HPOS="1512" VPOS="984" WIDTH="131" HEIGHT="54" CONTENT="satisfy" WC="0.98" CC="6604750"/>
						<SP ID="P45_SP00447" HPOS="1643" VPOS="1038" WIDTH="48"/>
						<String ID="P45_ST00529" HPOS="1691" VPOS="985" WIDTH="65" HEIGHT="43" CONTENT="the" WC="0.97" CC="060"/>
						<SP ID="P45_SP00448" HPOS="1756" VPOS="1038" WIDTH="45"/>
						<String ID="P45_ST00530" HPOS="1801" VPOS="987" WIDTH="107" HEIGHT="52" CONTENT="spirit" WC="0.97" CC="707542"/>
						<SP ID="P45_SP00449" HPOS="1908" VPOS="1039" WIDTH="32"/>
						<String ID="P45_ST00531" HPOS="1940" VPOS="986" WIDTH="42" HEIGHT="43" CONTENT="of" WC="0.34" CC="48"/>
					</TextLine>
					<TextLine ID="P45_TL00083" HPOS="1088" VPOS="1039" WIDTH="283" HEIGHT="56">
						<String ID="P45_ST00532" HPOS="1088" VPOS="1039" WIDTH="283" HEIGHT="56" CONTENT="Shakespeare." WC="0.99" CC="073028009224"/>
					</TextLine>
					<TextLine ID="P45_TL00084" HPOS="1145" VPOS="1099" WIDTH="837" HEIGHT="49">
						<String ID="P45_ST00533" HPOS="1145" VPOS="1099" WIDTH="59" HEIGHT="42" CONTENT="So" WC="0.74" CC="05"/>
						<SP ID="P45_SP00450" HPOS="1204" VPOS="1141" WIDTH="46"/>
						<String ID="P45_ST00534" HPOS="1250" VPOS="1099" WIDTH="65" HEIGHT="44" CONTENT="tell" WC="0.96" CC="3366"/>
						<SP ID="P45_SP00451" HPOS="1315" VPOS="1143" WIDTH="48"/>
						<String ID="P45_ST00535" HPOS="1363" VPOS="1119" WIDTH="43" HEIGHT="24" CONTENT="us" WC="0.79" CC="40"/>
						<SP ID="P45_SP00452" HPOS="1406" VPOS="1143" WIDTH="47"/>
						<String ID="P45_ST00536" HPOS="1453" VPOS="1102" WIDTH="105" HEIGHT="43" CONTENT="what" WC="0.96" CC="5730"/>
						<SP ID="P45_SP00453" HPOS="1558" VPOS="1145" WIDTH="45"/>
						<String ID="P45_ST00537" HPOS="1603" VPOS="1105" WIDTH="30" HEIGHT="41" CONTENT="is" WC="0.46" CC="54"/>
						<SP ID="P45_SP00454" HPOS="1633" VPOS="1146" WIDTH="47"/>
						<String ID="P45_ST00538" HPOS="1680" VPOS="1103" WIDTH="74" HEIGHT="43" CONTENT="this" WC="0.95" CC="0786"/>
						<SP ID="P45_SP00455" HPOS="1754" VPOS="1146" WIDTH="39"/>
						<String ID="P45_ST00539" HPOS="1793" VPOS="1104" WIDTH="189" HEIGHT="44" CONTENT="RIGHT" WC="1.00" CC="03000"/>
					</TextLine>
					<TextLine ID="P45_TL00085" HPOS="1087" VPOS="1159" WIDTH="446" HEIGHT="56">
						<String ID="P45_ST00540" HPOS="1087" VPOS="1174" WIDTH="103" HEIGHT="38" CONTENT="way," WC="0.97" CC="9004"/>
						<SP ID="P45_SP00456" HPOS="1190" VPOS="1212" WIDTH="65"/>
						<String ID="P45_ST00541" HPOS="1255" VPOS="1159" WIDTH="69" HEIGHT="43" CONTENT="Mr" WC="0.71" CC="22"/>
						<SP ID="P45_SP00457" HPOS="1324" VPOS="1212" WIDTH="33"/>
						<String ID="P45_ST00542" HPOS="1357" VPOS="1160" WIDTH="176" HEIGHT="55" CONTENT="Murray." WC="0.98" CC="0487504"/>
					</TextLine>
					<TextLine ID="P45_TL00086" HPOS="1175" VPOS="1218" WIDTH="806" HEIGHT="59">
						<String ID="P45_ST00543" HPOS="1175" VPOS="1218" WIDTH="93" HEIGHT="44" CONTENT="The" WC="0.97" CC="070"/>
						<SP ID="P45_SP00458" HPOS="1268" VPOS="1262" WIDTH="31"/>
						<String ID="P45_ST00544" HPOS="1299" VPOS="1221" WIDTH="140" HEIGHT="42" CONTENT="author" WC="0.97" CC="065727"/>
						<SP ID="P45_SP00459" HPOS="1439" VPOS="1263" WIDTH="30"/>
						<String ID="P45_ST00545" HPOS="1469" VPOS="1221" WIDTH="44" HEIGHT="43" CONTENT="of" WC="0.34" CC="75"/>
						<SP ID="P45_SP00460" HPOS="1513" VPOS="1264" WIDTH="32"/>
						<String ID="P45_ST00546" HPOS="1545" VPOS="1221" WIDTH="71" HEIGHT="44" CONTENT="this" WC="0.95" CC="0778"/>
						<SP ID="P45_SP00461" HPOS="1616" VPOS="1265" WIDTH="39"/>
						<String ID="P45_ST00547" HPOS="1655" VPOS="1222" WIDTH="172" HEIGHT="55" CONTENT="pleasant" WC="0.99" CC="00006033"/>
						<SP ID="P45_SP00462" HPOS="1827" VPOS="1277" WIDTH="48"/>
						<String ID="P45_ST00548" HPOS="1875" VPOS="1223" WIDTH="106" HEIGHT="42" CONTENT="book" WC="0.98" CC="5300"/>
					</TextLine>
					<TextLine ID="P45_TL00087" HPOS="1081" VPOS="1277" WIDTH="898" HEIGHT="57">
						<String ID="P45_ST00549" HPOS="1081" VPOS="1277" WIDTH="30" HEIGHT="42" CONTENT="is" WC="0.20" CC="87"/>
						<SP ID="P45_SP00463" HPOS="1111" VPOS="1319" WIDTH="32"/>
						<String ID="P45_ST00550" HPOS="1143" VPOS="1277" WIDTH="71" HEIGHT="43" CONTENT="less" WC="0.96" CC="2466"/>
						<SP ID="P45_SP00464" HPOS="1214" VPOS="1320" WIDTH="32"/>
						<String ID="P45_ST00551" HPOS="1246" VPOS="1279" WIDTH="134" HEIGHT="55" CONTENT="happy" WC="0.98" CC="73500"/>
						<SP ID="P45_SP00465" HPOS="1380" VPOS="1334" WIDTH="21"/>
						<String ID="P45_ST00552" HPOS="1401" VPOS="1281" WIDTH="116" HEIGHT="43" CONTENT="when" WC="0.96" CC="0737"/>
						<SP ID="P45_SP00466" HPOS="1517" VPOS="1334" WIDTH="36"/>
						<String ID="P45_ST00553" HPOS="1553" VPOS="1282" WIDTH="50" HEIGHT="42" CONTENT="he" WC="0.42" CC="74"/>
						<SP ID="P45_SP00467" HPOS="1603" VPOS="1334" WIDTH="31"/>
						<String ID="P45_ST00554" HPOS="1634" VPOS="1301" WIDTH="132" HEIGHT="25" CONTENT="comes" WC="0.98" CC="00606"/>
						<SP ID="P45_SP00468" HPOS="1766" VPOS="1334" WIDTH="31"/>
						<String ID="P45_ST00555" HPOS="1797" VPOS="1294" WIDTH="40" HEIGHT="32" CONTENT="to" WC="0.33" CC="66"/>
						<SP ID="P45_SP00469" HPOS="1837" VPOS="1334" WIDTH="33"/>
						<String ID="P45_ST00556" HPOS="1870" VPOS="1285" WIDTH="109" HEIGHT="41" CONTENT="write" WC="0.96" CC="69506"/>
					</TextLine>
					<TextLine ID="P45_TL00088" HPOS="1081" VPOS="1336" WIDTH="897" HEIGHT="60">
						<String ID="P45_ST00557" HPOS="1081" VPOS="1336" WIDTH="41" HEIGHT="42" CONTENT="of" WC="0.53" CC="44"/>
						<SP ID="P45_SP00470" HPOS="1122" VPOS="1378" WIDTH="33"/>
						<String ID="P45_ST00558" HPOS="1155" VPOS="1338" WIDTH="106" HEIGHT="42" CONTENT="Lord" WC="0.98" CC="0045"/>
						<SP ID="P45_SP00471" HPOS="1261" VPOS="1380" WIDTH="34"/>
						<String ID="P45_ST00559" HPOS="1295" VPOS="1340" WIDTH="148" HEIGHT="53" CONTENT="Byron." WC="0.98" CC="000664"/>
						<SP ID="P45_SP00472" HPOS="1443" VPOS="1393" WIDTH="33"/>
						<String ID="P45_ST00560" HPOS="1476" VPOS="1341" WIDTH="177" HEIGHT="55" CONTENT="Quoting" WC="0.97" CC="0667577"/>
						<SP ID="P45_SP00473" HPOS="1653" VPOS="1396" WIDTH="29"/>
						<String ID="P45_ST00561" HPOS="1682" VPOS="1341" WIDTH="100" HEIGHT="44" CONTENT="from" WC="0.94" CC="7469"/>
						<SP ID="P45_SP00474" HPOS="1782" VPOS="1396" WIDTH="32"/>
						<String ID="P45_ST00562" HPOS="1814" VPOS="1351" WIDTH="25" HEIGHT="16" CONTENT="44" STYLE="superscript" WC="0.55" CC="44"/>
						<SP ID="P45_SP00475" HPOS="1839" VPOS="1396" WIDTH="19"/>
						<String ID="P45_ST00563" HPOS="1858" VPOS="1342" WIDTH="90" HEIGHT="45" CONTENT="Man" SUBS_TYPE="HypPart1" SUBS_CONTENT="Manfred" WC="0.97" CC="057"/>
						<HYP HPOS="1948" VPOS="1342" WIDTH="30" CONTENT="-"/>
					</TextLine>
					<TextLine ID="P45_TL00089" HPOS="1083" VPOS="1395" WIDTH="562" HEIGHT="61">
						<String ID="P45_ST00564" HPOS="1083" VPOS="1396" WIDTH="83" HEIGHT="43" CONTENT="fred" SUBS_TYPE="HypPart2" SUBS_CONTENT="Manfred" WC="0.96" CC="6940"/>
						<SP ID="P45_SP00476" HPOS="1166" VPOS="1439" WIDTH="17"/>
						<String ID="P45_ST00565" HPOS="1183" VPOS="1395" WIDTH="23" HEIGHT="14" CONTENT='"' WC="0.40" CC="5"/>
						<SP ID="P45_SP00477" HPOS="1206" VPOS="1439" WIDTH="36"/>
						<String ID="P45_ST00566" HPOS="1242" VPOS="1397" WIDTH="49" HEIGHT="43" CONTENT="he" WC="0.49" CC="72"/>
						<SP ID="P45_SP00478" HPOS="1291" VPOS="1440" WIDTH="31"/>
						<String ID="P45_ST00567" HPOS="1322" VPOS="1416" WIDTH="101" HEIGHT="26" CONTENT="sums" WC="0.93" CC="6899"/>
						<SP ID="P45_SP00479" HPOS="1423" VPOS="1442" WIDTH="32"/>
						<String ID="P45_ST00568" HPOS="1455" VPOS="1400" WIDTH="78" HEIGHT="44" CONTENT="him" WC="0.93" CC="756"/>
						<SP ID="P45_SP00480" HPOS="1533" VPOS="1444" WIDTH="33"/>
						<String ID="P45_ST00569" HPOS="1566" VPOS="1415" WIDTH="79" HEIGHT="41" CONTENT="up:" WC="0.94" CC="356"/>
					</TextLine>
					<TextLine ID="P45_TL00090" HPOS="1081" VPOS="1485" WIDTH="897" HEIGHT="41">
						<String ID="P45_ST00570" HPOS="1081" VPOS="1489" WIDTH="26" HEIGHT="14" CONTENT='"' WC="0.25" CC="7" STYLEREFS="TXT_2"/>
						<SP ID="P45_SP00481" HPOS="1107" VPOS="1503" WIDTH="19"/>
						<String ID="P45_ST00571" HPOS="1126" VPOS="1485" WIDTH="90" HEIGHT="34" CONTENT="This" WC="0.95" CC="3862" STYLEREFS="TXT_2"/>
						<SP ID="P45_SP00482" HPOS="1216" VPOS="1519" WIDTH="11"/>
						<String ID="P45_ST00572" HPOS="1227" VPOS="1487" WIDTH="140" HEIGHT="33" CONTENT="should" WC="0.98" CC="505600" STYLEREFS="TXT_2"/>
						<SP ID="P45_SP00483" HPOS="1367" VPOS="1520" WIDTH="10"/>
						<String ID="P45_ST00573" HPOS="1377" VPOS="1488" WIDTH="96" HEIGHT="34" CONTENT="have" WC="0.97" CC="0617" STYLEREFS="TXT_2"/>
						<SP ID="P45_SP00484" HPOS="1473" VPOS="1522" WIDTH="13"/>
						<String ID="P45_ST00574" HPOS="1486" VPOS="1489" WIDTH="242" HEIGHT="34" CONTENT="beenanoble" WC="0.57" CC="0765653007" STYLEREFS="TXT_2"/>
						<SP ID="P45_SP00485" HPOS="1728" VPOS="1523" WIDTH="12"/>
						<String ID="P45_ST00575" HPOS="1740" VPOS="1494" WIDTH="238" HEIGHT="32" CONTENT="creature...." WC="0.98" CC="667751885777" STYLEREFS="TXT_2"/>
					</TextLine>
					<TextLine ID="P45_TL00091" HPOS="1084" VPOS="1536" WIDTH="812" HEIGHT="33">
						<String ID="P45_ST00576" HPOS="1084" VPOS="1554" WIDTH="9" HEIGHT="10" CONTENT="" WC="0.20" CC="8" STYLEREFS="TXT_2"/>
						<SP ID="P45_SP00486" HPOS="1093" VPOS="1564" WIDTH="50"/>
						<String ID="P45_ST00577" HPOS="1143" VPOS="1555" WIDTH="9" HEIGHT="9" CONTENT="." WC="0.27" CC="7" STYLEREFS="TXT_2"/>
						<SP ID="P45_SP00487" HPOS="1152" VPOS="1564" WIDTH="54"/>
						<String ID="P45_ST00578" HPOS="1206" VPOS="1554" WIDTH="10" HEIGHT="11" CONTENT="" WC="0.33" CC="6" STYLEREFS="TXT_2"/>
						<SP ID="P45_SP00488" HPOS="1216" VPOS="1565" WIDTH="47"/>
						<String ID="P45_ST00579" HPOS="1263" VPOS="1557" WIDTH="10" HEIGHT="8" CONTENT="." WC="0.25" CC="7" STYLEREFS="TXT_2"/>
						<SP ID="P45_SP00489" HPOS="1273" VPOS="1565" WIDTH="51"/>
						<String ID="P45_ST00580" HPOS="1324" VPOS="1557" WIDTH="9" HEIGHT="9" CONTENT="." WC="0.45" CC="5" STYLEREFS="TXT_2"/>
						<SP ID="P45_SP00490" HPOS="1333" VPOS="1566" WIDTH="49"/>
						<String ID="P45_ST00581" HPOS="1382" VPOS="1540" WIDTH="10" HEIGHT="12" CONTENT="*" WC="0.25" CC="7" STYLEREFS="TXT_2"/>
						<SP ID="P45_SP00491" HPOS="1392" VPOS="1566" WIDTH="348"/>
						<String ID="P45_ST00582" HPOS="1740" VPOS="1547" WIDTH="45" HEIGHT="22" CONTENT="as" WC="0.69" CC="23" STYLEREFS="TXT_2"/>
						<SP ID="P45_SP00492" HPOS="1785" VPOS="1569" WIDTH="24"/>
						<String ID="P45_ST00583" HPOS="1809" VPOS="1538" WIDTH="31" HEIGHT="30" CONTENT="it" WC="0.40" CC="47" STYLEREFS="TXT_2"/>
						<SP ID="P45_SP00493" HPOS="1840" VPOS="1569" WIDTH="23"/>
						<String ID="P45_ST00584" HPOS="1863" VPOS="1536" WIDTH="33" HEIGHT="33" CONTENT="is" WC="0.60" CC="34" STYLEREFS="TXT_2"/>
					</TextLine>
					<TextLine ID="P45_TL00092" HPOS="1079" VPOS="1577" WIDTH="901" HEIGHT="43">
						<String ID="P45_ST00585" HPOS="1079" VPOS="1577" WIDTH="36" HEIGHT="32" CONTENT="It" WC="0.76" CC="13" STYLEREFS="TXT_2"/>
						<SP ID="P45_SP00494" HPOS="1115" VPOS="1609" WIDTH="25"/>
						<String ID="P45_ST00586" HPOS="1140" VPOS="1586" WIDTH="32" HEIGHT="22" CONTENT="is" WC="0.69" CC="60" STYLEREFS="TXT_2"/>
						<SP ID="P45_SP00495" HPOS="1172" VPOS="1609" WIDTH="23"/>
						<String ID="P45_ST00587" HPOS="1195" VPOS="1586" WIDTH="51" HEIGHT="22" CONTENT="an" WC="0.73" CC="50" STYLEREFS="TXT_2"/>
						<SP ID="P45_SP00496" HPOS="1246" VPOS="1609" WIDTH="24"/>
						<String ID="P45_ST00588" HPOS="1270" VPOS="1577" WIDTH="127" HEIGHT="40" CONTENT="awful" WC="0.98" CC="55060" STYLEREFS="TXT_2"/>
						<SP ID="P45_SP00497" HPOS="1397" VPOS="1617" WIDTH="19"/>
						<String ID="P45_ST00589" HPOS="1416" VPOS="1580" WIDTH="263" HEIGHT="40" CONTENT="chaoslight" WC="0.99" CC="41881802600" STYLEREFS="TXT_2"/>
						<SP ID="P45_SP00498" HPOS="1679" VPOS="1620" WIDTH="23"/>
						<String ID="P45_ST00590" HPOS="1702" VPOS="1582" WIDTH="80" HEIGHT="31" CONTENT="and" WC="0.97" CC="051" STYLEREFS="TXT_2"/>
						<SP ID="P45_SP00499" HPOS="1782" VPOS="1620" WIDTH="14"/>
						<String ID="P45_ST00591" HPOS="1796" VPOS="1583" WIDTH="184" HEIGHT="31" CONTENT="darkness" WC="0.99" CC="06208600" STYLEREFS="TXT_2"/>
					</TextLine>
					<TextLine ID="P45_TL00093" HPOS="1080" VPOS="1621" WIDTH="899" HEIGHT="45">
						<String ID="P45_ST00592" HPOS="1080" VPOS="1621" WIDTH="91" HEIGHT="32" CONTENT="And" WC="0.96" CC="072" STYLEREFS="TXT_2"/>
						<SP ID="P45_SP00500" HPOS="1171" VPOS="1653" WIDTH="24"/>
						<String ID="P45_ST00593" HPOS="1195" VPOS="1621" WIDTH="107" HEIGHT="33" CONTENT="mind" WC="0.97" CC="6034" STYLEREFS="TXT_2"/>
						<SP ID="P45_SP00501" HPOS="1302" VPOS="1654" WIDTH="20"/>
						<String ID="P45_ST00594" HPOS="1322" VPOS="1624" WIDTH="82" HEIGHT="32" CONTENT="and" WC="0.98" CC="500" STYLEREFS="TXT_2"/>
						<SP ID="P45_SP00502" HPOS="1404" VPOS="1656" WIDTH="14"/>
						<String ID="P45_ST00595" HPOS="1418" VPOS="1625" WIDTH="87" HEIGHT="32" CONTENT="dust" WC="0.96" CC="0690" STYLEREFS="TXT_2"/>
						<SP ID="P45_SP00503" HPOS="1505" VPOS="1657" WIDTH="11"/>
						<String ID="P45_ST00596" HPOS="1516" VPOS="1626" WIDTH="80" HEIGHT="32" CONTENT="and" WC="0.97" CC="250" STYLEREFS="TXT_2"/>
						<SP ID="P45_SP00504" HPOS="1596" VPOS="1658" WIDTH="4"/>
						<String ID="P45_ST00597" HPOS="1600" VPOS="1627" WIDTH="176" HEIGHT="39" CONTENT="passions" WC="0.98" CC="21970018" STYLEREFS="TXT_2"/>
						<SP ID="P45_SP00505" HPOS="1776" VPOS="1666" WIDTH="16"/>
						<String ID="P45_ST00598" HPOS="1792" VPOS="1627" WIDTH="80" HEIGHT="32" CONTENT="and" WC="0.96" CC="801" STYLEREFS="TXT_2"/>
						<SP ID="P45_SP00506" HPOS="1872" VPOS="1666" WIDTH="7"/>
						<String ID="P45_ST00599" HPOS="1879" VPOS="1629" WIDTH="100" HEIGHT="37" CONTENT="pure" WC="0.96" CC="6319" STYLEREFS="TXT_2"/>
					</TextLine>
					<TextLine ID="P45_TL00094" HPOS="1794" VPOS="1672" WIDTH="184" HEIGHT="40">
						<String ID="P45_ST00600" HPOS="1794" VPOS="1672" WIDTH="184" HEIGHT="40" CONTENT="thoughts" WC="0.99" CC="50539000" STYLEREFS="TXT_2"/>
					</TextLine>
					<TextLine ID="P45_TL00095" HPOS="1077" VPOS="1710" WIDTH="879" HEIGHT="45">
						<String ID="P45_ST00601" HPOS="1077" VPOS="1711" WIDTH="95" HEIGHT="32" CONTENT="Mix" WC="0.80" CC="104" STYLEREFS="TXT_2"/>
						<String ID="P45_ST00602" HPOS="1177" VPOS="1713" WIDTH="6" HEIGHT="14" CONTENT="}" STYLE="superscript" WC="1.00" CC="9" STYLEREFS="TXT_2"/>
						<String ID="P45_ST00603" HPOS="1187" VPOS="1710" WIDTH="28" HEIGHT="32" CONTENT="d" WC="0.55" CC="4" STYLEREFS="TXT_2"/>
						<String ID="P45_ST00604" HPOS="1215" VPOS="1736" WIDTH="6" HEIGHT="14" CONTENT="}" STYLE="subscript" WC="0.24" CC="7" STYLEREFS="TXT_2"/>
						<SP ID="P45_SP00507" HPOS="1221" VPOS="1750" WIDTH="28"/>
						<String ID="P45_ST00605" HPOS="1249" VPOS="1712" WIDTH="81" HEIGHT="33" CONTENT="and" WC="0.98" CC="600" STYLEREFS="TXT_2"/>
						<SP ID="P45_SP00508" HPOS="1330" VPOS="1750" WIDTH="19"/>
						<String ID="P45_ST00606" HPOS="1349" VPOS="1715" WIDTH="235" HEIGHT="40" CONTENT="contending" WC="0.99" CC="1270901560" STYLEREFS="TXT_2"/>
						<SP ID="P45_SP00509" HPOS="1584" VPOS="1755" WIDTH="24"/>
						<String ID="P45_ST00607" HPOS="1608" VPOS="1715" WIDTH="161" HEIGHT="33" CONTENT="zuithout" WC="0.50" CC="67026834" STYLEREFS="TXT_2"/>
						<SP ID="P45_SP00510" HPOS="1769" VPOS="1755" WIDTH="33"/>
						<String ID="P45_ST00608" HPOS="1802" VPOS="1717" WIDTH="75" HEIGHT="31" CONTENT="end" WC="0.96" CC="046" STYLEREFS="TXT_2"/>
						<SP ID="P45_SP00511" HPOS="1877" VPOS="1755" WIDTH="32"/>
						<String ID="P45_ST00609" HPOS="1909" VPOS="1727" WIDTH="47" HEIGHT="21" CONTENT="or" WC="0.25" CC="49" STYLEREFS="TXT_2"/>
					</TextLine>
					<TextLine ID="P45_TL00096" HPOS="1814" VPOS="1762" WIDTH="161" HEIGHT="32">
						<String ID="P45_ST00610" HPOS="1814" VPOS="1762" WIDTH="161" HEIGHT="32" CONTENT="order" WC="0.96" CC="480998" STYLEREFS="TXT_2"/>
					</TextLine>
					<TextLine ID="P45_TL00097" HPOS="1079" VPOS="1800" WIDTH="844" HEIGHT="38">
						<String ID="P45_ST00611" HPOS="1079" VPOS="1801" WIDTH="69" HEIGHT="32" CONTENT="All" WC="0.99" CC="300" STYLEREFS="TXT_2"/>
						<SP ID="P45_SP00512" HPOS="1148" VPOS="1833" WIDTH="30"/>
						<String ID="P45_ST00612" HPOS="1178" VPOS="1800" WIDTH="177" HEIGHT="34" CONTENT="dormant" WC="0.99" CC="0804104" STYLEREFS="TXT_2"/>
						<SP ID="P45_SP00513" HPOS="1355" VPOS="1834" WIDTH="33"/>
						<String ID="P45_ST00613" HPOS="1388" VPOS="1813" WIDTH="47" HEIGHT="22" CONTENT="or" WC="0.27" CC="58" STYLEREFS="TXT_2"/>
						<SP ID="P45_SP00514" HPOS="1435" VPOS="1835" WIDTH="35"/>
						<String ID="P45_ST00614" HPOS="1470" VPOS="1804" WIDTH="253" HEIGHT="33" CONTENT="destructive:" WC="0.99" CC="050077824106" STYLEREFS="TXT_2"/>
						<SP ID="P45_SP00515" HPOS="1723" VPOS="1837" WIDTH="36"/>
						<String ID="P45_ST00615" HPOS="1759" VPOS="1806" WIDTH="47" HEIGHT="32" CONTENT="he" WC="0.52" CC="09" STYLEREFS="TXT_2"/>
						<SP ID="P45_SP00516" HPOS="1806" VPOS="1838" WIDTH="35"/>
						<String ID="P45_ST00616" HPOS="1841" VPOS="1808" WIDTH="82" HEIGHT="30" CONTENT="will" WC="0.99" CC="4200" STYLEREFS="TXT_2"/>
					</TextLine>
					<TextLine ID="P45_TL00098" HPOS="1788" VPOS="1851" WIDTH="182" HEIGHT="40">
						<String ID="P45_ST00617" HPOS="1788" VPOS="1851" WIDTH="133" HEIGHT="40" CONTENT="perish" WC="0.98" CC="086130" STYLEREFS="TXT_2"/>
						<SP ID="P45_SP00517" HPOS="1921" VPOS="1891" WIDTH="17"/>
						<String ID="P45_ST00618" HPOS="1938" VPOS="1854" WIDTH="32" HEIGHT="32" CONTENT='".' WC="0.50" CC="36" STYLEREFS="TXT_2"/>
					</TextLine>
					<TextLine ID="P45_TL00099" HPOS="1078" VPOS="1934" WIDTH="895" HEIGHT="59">
						<String ID="P45_ST00619" HPOS="1078" VPOS="1934" WIDTH="91" HEIGHT="48" CONTENT="and," WC="0.95" CC="6790"/>
						<SP ID="P45_SP00518" HPOS="1169" VPOS="1982" WIDTH="35"/>
						<String ID="P45_ST00620" HPOS="1204" VPOS="1935" WIDTH="101" HEIGHT="43" CONTENT="adds" WC="0.95" CC="1993"/>
						<SP ID="P45_SP00519" HPOS="1305" VPOS="1982" WIDTH="33"/>
						<String ID="P45_ST00621" HPOS="1338" VPOS="1936" WIDTH="80" HEIGHT="44" CONTENT="Mr." WC="0.99" CC="011"/>
						<SP ID="P45_SP00520" HPOS="1418" VPOS="1982" WIDTH="34"/>
						<String ID="P45_ST00622" HPOS="1452" VPOS="1937" WIDTH="175" HEIGHT="56" CONTENT="Murray," WC="0.97" CC="3906784"/>
						<SP ID="P45_SP00521" HPOS="1627" VPOS="1993" WIDTH="34"/>
						<String ID="P45_ST00623" HPOS="1661" VPOS="1947" WIDTH="25" HEIGHT="15" CONTENT="44" STYLE="superscript" WC="0.32" CC="66"/>
						<SP ID="P45_SP00522" HPOS="1686" VPOS="1993" WIDTH="24"/>
						<String ID="P45_ST00624" HPOS="1710" VPOS="1939" WIDTH="108" HEIGHT="44" CONTENT="That" WC="0.97" CC="0707"/>
						<SP ID="P45_SP00523" HPOS="1818" VPOS="1993" WIDTH="33"/>
						<String ID="P45_ST00625" HPOS="1851" VPOS="1942" WIDTH="30" HEIGHT="41" CONTENT="is" WC="0.40" CC="74"/>
						<SP ID="P45_SP00524" HPOS="1881" VPOS="1993" WIDTH="41"/>
						<String ID="P45_ST00626" HPOS="1922" VPOS="1941" WIDTH="51" HEIGHT="43" CONTENT="all" WC="0.96" CC="207"/>
					</TextLine>
					<TextLine ID="P45_TL00100" HPOS="1077" VPOS="1997" WIDTH="833" HEIGHT="54">
						<String ID="P45_ST00627" HPOS="1077" VPOS="2013" WIDTH="63" HEIGHT="24" CONTENT="we" WC="0.63" CC="24"/>
						<SP ID="P45_SP00525" HPOS="1140" VPOS="2037" WIDTH="31"/>
						<String ID="P45_ST00628" HPOS="1171" VPOS="2013" WIDTH="73" HEIGHT="24" CONTENT="C3n" WC="0.47" CC="464"/>
						<SP ID="P45_SP00526" HPOS="1244" VPOS="2037" WIDTH="30"/>
						<String ID="P45_ST00629" HPOS="1274" VPOS="2013" WIDTH="69" HEIGHT="37" CONTENT="say" WC="0.98" CC="050"/>
						<SP ID="P45_SP00527" HPOS="1343" VPOS="2050" WIDTH="49"/>
						<String ID="P45_ST00630" HPOS="1392" VPOS="1997" WIDTH="42" HEIGHT="42" CONTENT="of" WC="0.82" CC="12"/>
						<SP ID="P45_SP00528" HPOS="1434" VPOS="2050" WIDTH="52"/>
						<String ID="P45_ST00631" HPOS="1486" VPOS="1998" WIDTH="132" HEIGHT="53" CONTENT="Byron" WC="0.97" CC="30468"/>
						<SP ID="P45_SP00529" HPOS="1618" VPOS="2051" WIDTH="50"/>
						<String ID="P45_ST00632" HPOS="1668" VPOS="2016" WIDTH="40" HEIGHT="26" CONTENT="as" WC="0.42" CC="46"/>
						<SP ID="P45_SP00530" HPOS="1708" VPOS="2051" WIDTH="48"/>
						<String ID="P45_ST00633" HPOS="1756" VPOS="2018" WIDTH="22" HEIGHT="24" CONTENT="a" WC="1.00" CC="9"/>
						<SP ID="P45_SP00531" HPOS="1778" VPOS="2051" WIDTH="43"/>
						<String ID="P45_ST00634" HPOS="1821" VPOS="2018" WIDTH="89" HEIGHT="26" CONTENT="man" WC="0.94" CC="590"/>
					</TextLine>
					<TextLine ID="P45_TL00101" HPOS="1079" VPOS="2053" WIDTH="891" HEIGHT="57">
						<String ID="P45_ST00635" HPOS="1079" VPOS="2053" WIDTH="75" HEIGHT="55" CONTENT="My" WC="0.65" CC="07"/>
						<SP ID="P45_SP00532" HPOS="1154" VPOS="2108" WIDTH="32"/>
						<String ID="P45_ST00636" HPOS="1186" VPOS="2055" WIDTH="109" HEIGHT="43" CONTENT="Lord" WC="0.97" CC="5530"/>
						<SP ID="P45_SP00533" HPOS="1295" VPOS="2108" WIDTH="34"/>
						<String ID="P45_ST00637" HPOS="1329" VPOS="2056" WIDTH="147" HEIGHT="54" CONTENT="Bishop" WC="0.97" CC="060766"/>
						<SP ID="P45_SP00534" HPOS="1476" VPOS="2110" WIDTH="20"/>
						<String ID="P45_ST00638" HPOS="1496" VPOS="2057" WIDTH="43" HEIGHT="42" CONTENT="of" WC="0.61" CC="25"/>
						<SP ID="P45_SP00535" HPOS="1539" VPOS="2110" WIDTH="32"/>
						<String ID="P45_ST00639" HPOS="1571" VPOS="2058" WIDTH="192" HEIGHT="47" CONTENT="Durham," WC="0.97" CC="5717794"/>
						<SP ID="P45_SP00536" HPOS="1763" VPOS="2110" WIDTH="34"/>
						<String ID="P45_ST00640" HPOS="1797" VPOS="2060" WIDTH="173" HEIGHT="43" CONTENT="Herbert" WC="0.98" CC="0008549"/>
					</TextLine>
					<TextLine ID="P45_TL00102" HPOS="1077" VPOS="2114" WIDTH="893" HEIGHT="59">
						<String ID="P45_ST00641" HPOS="1077" VPOS="2114" WIDTH="175" HEIGHT="54" CONTENT="Hensley" WC="0.81" CC="0404400"/>
						<SP ID="P45_SP00537" HPOS="1252" VPOS="2168" WIDTH="22"/>
						<String ID="P45_ST00642" HPOS="1274" VPOS="2115" WIDTH="179" HEIGHT="49" CONTENT="Henson," WC="0.68" CC="1070570"/>
						<SP ID="P45_SP00538" HPOS="1453" VPOS="2168" WIDTH="33"/>
						<String ID="P45_ST00643" HPOS="1486" VPOS="2119" WIDTH="38" HEIGHT="40" CONTENT="in" WC="0.33" CC="76"/>
						<SP ID="P45_SP00539" HPOS="1524" VPOS="2168" WIDTH="37"/>
						<String ID="P45_ST00644" HPOS="1561" VPOS="2117" WIDTH="56" HEIGHT="42" CONTENT="his" WC="0.93" CC="736"/>
						<SP ID="P45_SP00540" HPOS="1617" VPOS="2168" WIDTH="33"/>
						<String ID="P45_ST00645" HPOS="1650" VPOS="2118" WIDTH="118" HEIGHT="43" CONTENT="noble" WC="0.98" CC="09700"/>
						<SP ID="P45_SP00541" HPOS="1768" VPOS="2168" WIDTH="21"/>
						<String ID="P45_ST00646" HPOS="1789" VPOS="2136" WIDTH="108" HEIGHT="37" CONTENT="essay" WC="0.98" CC="60040"/>
						<SP ID="P45_SP00542" HPOS="1897" VPOS="2173" WIDTH="22"/>
						<String ID="P45_ST00647" HPOS="1919" VPOS="2138" WIDTH="51" HEIGHT="25" CONTENT="on" WC="0.89" CC="20"/>
					</TextLine>
					<TextLine ID="P45_TL00103" HPOS="1076" VPOS="2173" WIDTH="894" HEIGHT="58">
						<String ID="P45_ST00648" HPOS="1076" VPOS="2173" WIDTH="133" HEIGHT="54" CONTENT="Byron" WC="0.98" CC="40760"/>
						<SP ID="P45_SP00543" HPOS="1209" VPOS="2227" WIDTH="31"/>
						<String ID="P45_ST00649" HPOS="1240" VPOS="2192" WIDTH="28" HEIGHT="24" CONTENT="is" WC="0.22" CC="87"/>
						<SP ID="P45_SP00544" HPOS="1268" VPOS="2227" WIDTH="34"/>
						<String ID="P45_ST00650" HPOS="1302" VPOS="2175" WIDTH="89" HEIGHT="43" CONTENT="able" WC="0.96" CC="5652"/>
						<SP ID="P45_SP00545" HPOS="1391" VPOS="2227" WIDTH="32"/>
						<String ID="P45_ST00651" HPOS="1423" VPOS="2176" WIDTH="52" HEIGHT="54" CONTENT="by" WC="0.65" CC="70"/>
						<SP ID="P45_SP00546" HPOS="1475" VPOS="2230" WIDTH="34"/>
						<String ID="P45_ST00652" HPOS="1509" VPOS="2176" WIDTH="65" HEIGHT="44" CONTENT="the" WC="0.92" CC="766"/>
						<SP ID="P45_SP00547" HPOS="1574" VPOS="2230" WIDTH="22"/>
						<String ID="P45_ST00653" HPOS="1596" VPOS="2195" WIDTH="113" HEIGHT="36" CONTENT="grace" WC="0.98" CC="73041"/>
						<SP ID="P45_SP00548" HPOS="1709" VPOS="2231" WIDTH="31"/>
						<String ID="P45_ST00654" HPOS="1740" VPOS="2178" WIDTH="42" HEIGHT="42" CONTENT="of" WC="0.65" CC="06"/>
						<SP ID="P45_SP00549" HPOS="1782" VPOS="2231" WIDTH="28"/>
						<String ID="P45_ST00655" HPOS="1810" VPOS="2178" WIDTH="97" HEIGHT="44" CONTENT="God" WC="0.98" CC="040"/>
						<SP ID="P45_SP00550" HPOS="1907" VPOS="2231" WIDTH="24"/>
						<String ID="P45_ST00656" HPOS="1931" VPOS="2191" WIDTH="39" HEIGHT="31" CONTENT="to" WC="0.50" CC="63"/>
					</TextLine>
					<TextLine ID="P45_TL00104" HPOS="1076" VPOS="2251" WIDTH="229" HEIGHT="37">
						<String ID="P45_ST00657" HPOS="1076" VPOS="2251" WIDTH="69" HEIGHT="37" CONTENT="say" WC="0.97" CC="070"/>
						<SP ID="P45_SP00551" HPOS="1145" VPOS="2288" WIDTH="33"/>
						<String ID="P45_ST00658" HPOS="1178" VPOS="2251" WIDTH="127" HEIGHT="27" CONTENT="more:" WC="0.98" CC="05104"/>
						<SP ID="P45_SP00552" HPOS="1305" VPOS="2288" WIDTH="0"/>
					</TextLine>
					<TextLine ID="P45_TL00105" HPOS="1137" VPOS="2294" WIDTH="834" HEIGHT="46">
						<String ID="P45_ST00659" HPOS="1137" VPOS="2302" WIDTH="26" HEIGHT="14" CONTENT="'*" WC="0.78" CC="40"/>
						<SP ID="P45_SP00553" HPOS="1163" VPOS="2316" WIDTH="25"/>
						<String ID="P45_ST00660" HPOS="1188" VPOS="2294" WIDTH="134" HEIGHT="42" CONTENT="Praise" WC="0.99" CC="000070"/>
						<SP ID="P45_SP00554" HPOS="1322" VPOS="2336" WIDTH="32"/>
						<String ID="P45_ST00661" HPOS="1354" VPOS="2295" WIDTH="78" HEIGHT="42" CONTENT="and" WC="0.99" CC="020"/>
						<SP ID="P45_SP00555" HPOS="1432" VPOS="2337" WIDTH="34"/>
						<String ID="P45_ST00662" HPOS="1466" VPOS="2294" WIDTH="129" HEIGHT="44" CONTENT="blame" WC="0.97" CC="66065"/>
						<SP ID="P45_SP00556" HPOS="1595" VPOS="2338" WIDTH="29"/>
						<String ID="P45_ST00663" HPOS="1624" VPOS="2314" WIDTH="65" HEIGHT="25" CONTENT="are" WC="0.97" CC="502"/>
						<SP ID="P45_SP00557" HPOS="1689" VPOS="2339" WIDTH="32"/>
						<String ID="P45_ST00664" HPOS="1721" VPOS="2296" WIDTH="101" HEIGHT="43" CONTENT="alike" WC="0.98" CC="36006"/>
						<SP ID="P45_SP00558" HPOS="1822" VPOS="2339" WIDTH="35"/>
						<String ID="P45_ST00665" HPOS="1857" VPOS="2297" WIDTH="95" HEIGHT="43" CONTENT="unfit" SUBS_TYPE="HypPart1" SUBS_CONTENT="unfit-44" WC="0.65" CC="27330"/>
						<HYP HPOS="1952" VPOS="2297" WIDTH="19" CONTENT="-"/>
					</TextLine>
					<TextLine ID="P45_TL00106" HPOS="1075" VPOS="2355" WIDTH="894" HEIGHT="56">
						<String ID="P45_ST00666" HPOS="1075" VPOS="2361" WIDTH="24" HEIGHT="14" CONTENT="-44" SUBS_TYPE="HypPart2" SUBS_CONTENT="unfit-44" STYLE="superscript" WC="0.45" CC="460"/>
						<SP ID="P45_SP00559" HPOS="1099" VPOS="2375" WIDTH="24"/>
						<String ID="P45_ST00667" HPOS="1123" VPOS="2363" WIDTH="81" HEIGHT="43" CONTENT="ting" WC="0.96" CC="0639"/>
						<SP ID="P45_SP00560" HPOS="1204" VPOS="2406" WIDTH="34"/>
						<String ID="P45_ST00668" HPOS="1238" VPOS="2355" WIDTH="38" HEIGHT="41" CONTENT="in" WC="0.33" CC="76"/>
						<SP ID="P45_SP00561" HPOS="1276" VPOS="2406" WIDTH="34"/>
						<String ID="P45_ST00669" HPOS="1310" VPOS="2371" WIDTH="186" HEIGHT="37" CONTENT="presence" WC="0.98" CC="64627920"/>
						<SP ID="P45_SP00562" HPOS="1496" VPOS="2408" WIDTH="32"/>
						<String ID="P45_ST00670" HPOS="1528" VPOS="2355" WIDTH="41" HEIGHT="42" CONTENT="of" WC="0.38" CC="57"/>
						<SP ID="P45_SP00563" HPOS="1569" VPOS="2408" WIDTH="21"/>
						<String ID="P45_ST00671" HPOS="1590" VPOS="2373" WIDTH="23" HEIGHT="24" CONTENT="a" WC="0.65" CC="3"/>
						<SP ID="P45_SP00564" HPOS="1613" VPOS="2408" WIDTH="22"/>
						<String ID="P45_ST00672" HPOS="1635" VPOS="2374" WIDTH="134" HEIGHT="25" CONTENT="career" WC="0.98" CC="050505"/>
						<SP ID="P45_SP00565" HPOS="1769" VPOS="2408" WIDTH="30"/>
						<String ID="P45_ST00673" HPOS="1799" VPOS="2375" WIDTH="43" HEIGHT="24" CONTENT="so" WC="0.63" CC="43"/>
						<SP ID="P45_SP00566" HPOS="1842" VPOS="2408" WIDTH="17"/>
						<String ID="P45_ST00674" HPOS="1859" VPOS="2359" WIDTH="88" HEIGHT="52" CONTENT="enig" SUBS_TYPE="HypPart1" SUBS_CONTENT="enig-44" WC="0.46" CC="0759"/>
						<HYP HPOS="1947" VPOS="2359" WIDTH="22" CONTENT="-"/>
					</TextLine>
					<TextLine ID="P45_TL00107" HPOS="1075" VPOS="2413" WIDTH="895" HEIGHT="57">
						<String ID="P45_ST00675" HPOS="1075" VPOS="2421" WIDTH="25" HEIGHT="15" CONTENT="-44" SUBS_TYPE="HypPart2" SUBS_CONTENT="enig-44" STYLE="superscript" WC="0.55" CC="440"/>
						<SP ID="P45_SP00567" HPOS="1100" VPOS="2436" WIDTH="26"/>
						<String ID="P45_ST00676" HPOS="1126" VPOS="2414" WIDTH="115" HEIGHT="41" CONTENT="rnatic" WC="0.63" CC="784010"/>
						<SP ID="P45_SP00568" HPOS="1241" VPOS="2455" WIDTH="48"/>
						<String ID="P45_ST00677" HPOS="1289" VPOS="2413" WIDTH="80" HEIGHT="43" CONTENT="and" WC="0.95" CC="660"/>
						<SP ID="P45_SP00569" HPOS="1369" VPOS="2456" WIDTH="41"/>
						<String ID="P45_ST00678" HPOS="1410" VPOS="2433" WIDTH="44" HEIGHT="23" CONTENT="so" WC="0.41" CC="47"/>
						<SP ID="P45_SP00570" HPOS="1454" VPOS="2456" WIDTH="52"/>
						<String ID="P45_ST00679" HPOS="1506" VPOS="2415" WIDTH="161" HEIGHT="55" CONTENT="mighty." WC="0.97" CC="6696704"/>
						<SP ID="P45_SP00571" HPOS="1667" VPOS="2470" WIDTH="86"/>
						<String ID="P45_ST00680" HPOS="1753" VPOS="2416" WIDTH="108" HEIGHT="43" CONTENT="Give" WC="0.96" CC="9025"/>
						<SP ID="P45_SP00572" HPOS="1861" VPOS="2470" WIDTH="48"/>
						<String ID="P45_ST00681" HPOS="1909" VPOS="2434" WIDTH="61" HEIGHT="25" CONTENT="me" WC="0.58" CC="44"/>
					</TextLine>
					<TextLine ID="P45_TL00108" HPOS="1074" VPOS="2471" WIDTH="896" HEIGHT="56">
						<String ID="P45_ST00682" HPOS="1074" VPOS="2481" WIDTH="24" HEIGHT="14" CONTENT="44" STYLE="superscript" WC="0.54" CC="44"/>
						<SP ID="P45_SP00573" HPOS="1098" VPOS="2495" WIDTH="23"/>
						<String ID="P45_ST00683" HPOS="1121" VPOS="2471" WIDTH="111" HEIGHT="45" CONTENT="leave" WC="0.97" CC="76700"/>
						<SP ID="P45_SP00574" HPOS="1232" VPOS="2516" WIDTH="31"/>
						<String ID="P45_ST00684" HPOS="1263" VPOS="2484" WIDTH="40" HEIGHT="32" CONTENT="to" WC="0.69" CC="60"/>
						<SP ID="P45_SP00575" HPOS="1303" VPOS="2516" WIDTH="32"/>
						<String ID="P45_ST00685" HPOS="1335" VPOS="2473" WIDTH="121" HEIGHT="54" CONTENT="adapt" WC="1.00" CC="00100"/>
						<SP ID="P45_SP00576" HPOS="1456" VPOS="2527" WIDTH="32"/>
						<String ID="P45_ST00686" HPOS="1488" VPOS="2474" WIDTH="58" HEIGHT="43" CONTENT="his" WC="0.96" CC="704"/>
						<SP ID="P45_SP00577" HPOS="1546" VPOS="2527" WIDTH="29"/>
						<String ID="P45_ST00687" HPOS="1575" VPOS="2493" WIDTH="93" HEIGHT="25" CONTENT="own" WC="0.96" CC="091"/>
						<SP ID="P45_SP00578" HPOS="1668" VPOS="2527" WIDTH="30"/>
						<String ID="P45_ST00688" HPOS="1698" VPOS="2476" WIDTH="139" HEIGHT="43" CONTENT='words"' WC="0.96" CC="933937"/>
						<SP ID="P45_SP00579" HPOS="1837" VPOS="2527" WIDTH="11"/>
						<String ID="P45_ST00689" HPOS="1848" VPOS="2477" WIDTH="122" HEIGHT="43" CONTENT="about" WC="0.98" CC="07220"/>
					</TextLine>
					<TextLine ID="P45_TL00109" HPOS="1075" VPOS="2531" WIDTH="893" HEIGHT="58">
						<String ID="P45_ST00690" HPOS="1075" VPOS="2540" WIDTH="24" HEIGHT="15" CONTENT="44" STYLE="superscript" WC="0.43" CC="64"/>
						<SP ID="P45_SP00580" HPOS="1099" VPOS="2555" WIDTH="27"/>
						<String ID="P45_ST00691" HPOS="1126" VPOS="2531" WIDTH="57" HEIGHT="44" CONTENT="his" WC="0.93" CC="766"/>
						<SP ID="P45_SP00581" HPOS="1183" VPOS="2575" WIDTH="52"/>
						<String ID="P45_ST00692" HPOS="1235" VPOS="2531" WIDTH="192" HEIGHT="45" CONTENT="favourite" WC="0.99" CC="600400775"/>
						<SP ID="P45_SP00582" HPOS="1427" VPOS="2576" WIDTH="51"/>
						<String ID="P45_ST00693" HPOS="1478" VPOS="2552" WIDTH="142" HEIGHT="37" CONTENT="among" WC="0.97" CC="19037"/>
						<SP ID="P45_SP00583" HPOS="1620" VPOS="2589" WIDTH="50"/>
						<String ID="P45_ST00694" HPOS="1670" VPOS="2535" WIDTH="67" HEIGHT="42" CONTENT="the" WC="0.96" CC="073"/>
						<SP ID="P45_SP00584" HPOS="1737" VPOS="2589" WIDTH="46"/>
						<String ID="P45_ST00695" HPOS="1783" VPOS="2538" WIDTH="185" HEIGHT="45" CONTENT="ancients," WC="0.99" CC="000700063"/>
					</TextLine>
					<TextLine ID="P45_TL00110" HPOS="1075" VPOS="2591" WIDTH="895" HEIGHT="59">
						<String ID="P45_ST00696" HPOS="1075" VPOS="2600" WIDTH="23" HEIGHT="15" CONTENT="11" STYLE="superscript" WC="0.55" CC="44"/>
						<SP ID="P45_SP00585" HPOS="1098" VPOS="2615" WIDTH="24"/>
						<String ID="P45_ST00697" HPOS="1122" VPOS="2591" WIDTH="246" HEIGHT="50" CONTENT="A!cibiade3," WC="0.47" CC="07278657164"/>
						<SP ID="P45_SP00586" HPOS="1368" VPOS="2641" WIDTH="63"/>
						<String ID="P45_ST00698" HPOS="1431" VPOS="2593" WIDTH="79" HEIGHT="43" CONTENT="and" WC="0.97" CC="600"/>
						<SP ID="P45_SP00587" HPOS="1510" VPOS="2641" WIDTH="62"/>
						<String ID="P45_ST00699" HPOS="1572" VPOS="2595" WIDTH="120" HEIGHT="55" CONTENT="apply" WC="0.98" CC="50070"/>
						<SP ID="P45_SP00588" HPOS="1692" VPOS="2650" WIDTH="62"/>
						<String ID="P45_ST00700" HPOS="1754" VPOS="2596" WIDTH="105" HEIGHT="43" CONTENT="them" WC="0.95" CC="6629"/>
						<SP ID="P45_SP00589" HPOS="1859" VPOS="2650" WIDTH="72"/>
						<String ID="P45_ST00701" HPOS="1931" VPOS="2607" WIDTH="39" HEIGHT="32" CONTENT="to" WC="0.28" CC="76"/>
					</TextLine>
					<TextLine ID="P45_TL00111" HPOS="1073" VPOS="2651" WIDTH="222" HEIGHT="45">
						<String ID="P45_ST00702" HPOS="1073" VPOS="2660" WIDTH="25" HEIGHT="16" CONTENT='"' WC="0.61" CC="3"/>
						<SP ID="P45_SP00590" HPOS="1098" VPOS="2676" WIDTH="24"/>
						<String ID="P45_ST00703" HPOS="1122" VPOS="2651" WIDTH="173" HEIGHT="45" CONTENT="himself:" WC="0.98" CC="77932270"/>
					</TextLine>
					<TextLine ID="P45_TL00112" HPOS="1131" VPOS="2711" WIDTH="837" HEIGHT="58">
						<String ID="P45_ST00704" HPOS="1131" VPOS="2720" WIDTH="24" HEIGHT="16" CONTENT="-" WC="0.20" CC="8"/>
						<SP ID="P45_SP00591" HPOS="1155" VPOS="2736" WIDTH="26"/>
						<String ID="P45_ST00705" HPOS="1181" VPOS="2711" WIDTH="80" HEIGHT="43" CONTENT="Yet" WC="0.96" CC="560"/>
						<SP ID="P45_SP00592" HPOS="1261" VPOS="2754" WIDTH="31"/>
						<String ID="P45_ST00706" HPOS="1292" VPOS="2730" WIDTH="107" HEIGHT="36" CONTENT="upon" WC="0.94" CC="7793"/>
						<SP ID="P45_SP00593" HPOS="1399" VPOS="2766" WIDTH="37"/>
						<String ID="P45_ST00707" HPOS="1436" VPOS="2712" WIDTH="66" HEIGHT="43" CONTENT="the" WC="0.94" CC="970"/>
						<SP ID="P45_SP00594" HPOS="1502" VPOS="2766" WIDTH="47"/>
						<String ID="P45_ST00708" HPOS="1549" VPOS="2712" WIDTH="130" HEIGHT="44" CONTENT="whole" WC="0.96" CC="97504"/>
						<SP ID="P45_SP00595" HPOS="1679" VPOS="2766" WIDTH="47"/>
						<String ID="P45_ST00709" HPOS="1726" VPOS="2716" WIDTH="26" HEIGHT="40" CONTENT="it" WC="0.26" CC="86"/>
						<SP ID="P45_SP00596" HPOS="1752" VPOS="2766" WIDTH="44"/>
						<String ID="P45_ST00710" HPOS="1796" VPOS="2733" WIDTH="90" HEIGHT="36" CONTENT="may" WC="0.96" CC="440"/>
						<SP ID="P45_SP00597" HPOS="1886" VPOS="2769" WIDTH="33"/>
						<String ID="P45_ST00711" HPOS="1919" VPOS="2715" WIDTH="49" HEIGHT="43" CONTENT="be" WC="0.63" CC="60"/>
					</TextLine>
					<TextLine ID="P45_TL00113" HPOS="1072" VPOS="2771" WIDTH="897" HEIGHT="49">
						<String ID="P45_ST00712" HPOS="1072" VPOS="2779" WIDTH="24" HEIGHT="15" CONTENT="44" STYLE="superscript" WC="0.42" CC="74"/>
						<SP ID="P45_SP00598" HPOS="1096" VPOS="2794" WIDTH="24"/>
						<String ID="P45_ST00713" HPOS="1120" VPOS="2771" WIDTH="195" HEIGHT="49" CONTENT="doubted," WC="0.98" CC="07377263"/>
						<SP ID="P45_SP00599" HPOS="1315" VPOS="2820" WIDTH="32"/>
						<String ID="P45_ST00714" HPOS="1347" VPOS="2772" WIDTH="178" HEIGHT="45" CONTENT="whether" WC="0.98" CC="7607640"/>
						<SP ID="P45_SP00600" HPOS="1525" VPOS="2820" WIDTH="48"/>
						<String ID="P45_ST00715" HPOS="1573" VPOS="2773" WIDTH="108" HEIGHT="43" CONTENT="there" WC="0.97" CC="57060"/>
						<SP ID="P45_SP00601" HPOS="1681" VPOS="2820" WIDTH="37"/>
						<String ID="P45_ST00716" HPOS="1718" VPOS="2774" WIDTH="51" HEIGHT="43" CONTENT="be" WC="0.66" CC="60"/>
						<SP ID="P45_SP00602" HPOS="1769" VPOS="2820" WIDTH="31"/>
						<String ID="P45_ST00717" HPOS="1800" VPOS="2792" WIDTH="23" HEIGHT="25" CONTENT="a" WC="1.00" CC="0"/>
						<SP ID="P45_SP00603" HPOS="1823" VPOS="2820" WIDTH="32"/>
						<String ID="P45_ST00718" HPOS="1855" VPOS="2793" WIDTH="114" HEIGHT="25" CONTENT="name" WC="0.96" CC="0593"/>
					</TextLine>
					<TextLine ID="P45_TL00114" HPOS="1069" VPOS="2830" WIDTH="900" HEIGHT="47">
						<String ID="P45_ST00719" HPOS="1069" VPOS="2839" WIDTH="25" HEIGHT="15" CONTENT="44" STYLE="superscript" WC="0.54" CC="44"/>
						<SP ID="P45_SP00604" HPOS="1094" VPOS="2854" WIDTH="25"/>
						<String ID="P45_ST00720" HPOS="1119" VPOS="2830" WIDTH="43" HEIGHT="43" CONTENT="of" WC="0.45" CC="36"/>
						<SP ID="P45_SP00605" HPOS="1162" VPOS="2873" WIDTH="30"/>
						<String ID="P45_ST00721" HPOS="1192" VPOS="2831" WIDTH="163" HEIGHT="43" CONTENT="modern" WC="0.97" CC="605905" STYLEREFS="TXT_3"/>
						<SP ID="P45_SP00606" HPOS="1355" VPOS="2874" WIDTH="33"/>
						<String ID="P45_ST00722" HPOS="1388" VPOS="2834" WIDTH="108" HEIGHT="41" CONTENT="times" WC="0.97" CC="70608"/>
						<SP ID="P45_SP00607" HPOS="1496" VPOS="2875" WIDTH="33"/>
						<String ID="P45_ST00723" HPOS="1529" VPOS="2832" WIDTH="131" HEIGHT="44" CONTENT="which" WC="0.96" CC="67537"/>
						<SP ID="P45_SP00608" HPOS="1660" VPOS="2876" WIDTH="32"/>
						<String ID="P45_ST00724" HPOS="1692" VPOS="2851" WIDTH="131" HEIGHT="25" CONTENT="comes" WC="0.98" CC="30047"/>
						<SP ID="P45_SP00609" HPOS="1823" VPOS="2876" WIDTH="32"/>
						<String ID="P45_ST00725" HPOS="1855" VPOS="2844" WIDTH="40" HEIGHT="33" CONTENT="to" WC="0.52" CC="53"/>
						<SP ID="P45_SP00610" HPOS="1895" VPOS="2877" WIDTH="33"/>
						<String ID="P45_ST00726" HPOS="1928" VPOS="2853" WIDTH="41" HEIGHT="24" CONTENT="us" WC="0.52" CC="26"/>
					</TextLine>
					<TextLine ID="P45_TL00115" HPOS="1070" VPOS="2891" WIDTH="899" HEIGHT="50">
						<String ID="P45_ST00727" HPOS="1070" VPOS="2900" WIDTH="24" HEIGHT="14" CONTENT="44" STYLE="superscript" WC="0.57" CC="44"/>
						<SP ID="P45_SP00611" HPOS="1094" VPOS="2914" WIDTH="26"/>
						<String ID="P45_ST00728" HPOS="1120" VPOS="2891" WIDTH="96" HEIGHT="42" CONTENT="with" WC="0.93" CC="9787"/>
						<SP ID="P45_SP00612" HPOS="1216" VPOS="2933" WIDTH="32"/>
						<String ID="P45_ST00729" HPOS="1248" VPOS="2891" WIDTH="95" HEIGHT="43" CONTENT="such" WC="0.97" CC="0707"/>
						<SP ID="P45_SP00613" HPOS="1343" VPOS="2934" WIDTH="47"/>
						<String ID="P45_ST00730" HPOS="1390" VPOS="2910" WIDTH="23" HEIGHT="23" CONTENT="a" WC="1.00" CC="0"/>
						<SP ID="P45_SP00614" HPOS="1413" VPOS="2934" WIDTH="47"/>
						<String ID="P45_ST00731" HPOS="1460" VPOS="2892" WIDTH="152" HEIGHT="49" CONTENT="general" WC="0.99" CC="8000360"/>
						<SP ID="P45_SP00615" HPOS="1612" VPOS="2941" WIDTH="38"/>
						<String ID="P45_ST00732" HPOS="1650" VPOS="2893" WIDTH="132" HEIGHT="43" CONTENT="charm" WC="0.97" CC="07703"/>
						<SP ID="P45_SP00616" HPOS="1782" VPOS="2941" WIDTH="32"/>
						<String ID="P45_ST00733" HPOS="1814" VPOS="2912" WIDTH="42" HEIGHT="25" CONTENT="as" WC="0.83" CC="30"/>
						<SP ID="P45_SP00617" HPOS="1856" VPOS="2941" WIDTH="31"/>
						<String ID="P45_ST00734" HPOS="1887" VPOS="2894" WIDTH="82" HEIGHT="43" CONTENT="that" WC="0.96" CC="0785"/>
					</TextLine>
					<TextLine ID="P45_TL00116" HPOS="1068" VPOS="2951" WIDTH="897" HEIGHT="55">
						<String ID="P45_ST00735" HPOS="1068" VPOS="2959" WIDTH="25" HEIGHT="14" CONTENT="44" STYLE="superscript" WC="0.28" CC="77"/>
						<SP ID="P45_SP00618" HPOS="1093" VPOS="2973" WIDTH="23"/>
						<String ID="P45_ST00736" HPOS="1116" VPOS="2951" WIDTH="43" HEIGHT="40" CONTENT="of" WC="0.43" CC="55"/>
						<SP ID="P45_SP00619" HPOS="1159" VPOS="2991" WIDTH="24"/>
						<String ID="P45_ST00737" HPOS="1183" VPOS="2951" WIDTH="149" HEIGHT="53" CONTENT="Byron." WC="0.98" CC="303074"/>
						<SP ID="P45_SP00620" HPOS="1332" VPOS="3004" WIDTH="66"/>
						<String ID="P45_ST00738" HPOS="1398" VPOS="2952" WIDTH="141" HEIGHT="54" CONTENT="Why?" WC="0.96" CC="3609"/>
						<SP ID="P45_SP00621" HPOS="1539" VPOS="3006" WIDTH="54"/>
						<String ID="P45_ST00739" HPOS="1593" VPOS="2953" WIDTH="13" HEIGHT="41" CONTENT="I" WC="0.37" CC="6"/>
						<SP ID="P45_SP00622" HPOS="1606" VPOS="3006" WIDTH="22"/>
						<String ID="P45_ST00740" HPOS="1628" VPOS="2964" WIDTH="143" HEIGHT="32" CONTENT="cannot" WC="0.97" CC="069604"/>
						<SP ID="P45_SP00623" HPOS="1771" VPOS="3006" WIDTH="24"/>
						<String ID="P45_ST00741" HPOS="1795" VPOS="2967" WIDTH="170" HEIGHT="30" CONTENT="answer:" WC="0.99" CC="2003007"/>
					</TextLine>
					<TextLine ID="P45_TL00117" HPOS="1067" VPOS="3010" WIDTH="324" HEIGHT="44">
						<String ID="P45_ST00742" HPOS="1067" VPOS="3019" WIDTH="24" HEIGHT="16" CONTENT="44" STYLE="superscript" WC="0.55" CC="44"/>
						<SP ID="P45_SP00624" HPOS="1091" VPOS="3035" WIDTH="26"/>
						<String ID="P45_ST00743" HPOS="1117" VPOS="3010" WIDTH="93" HEIGHT="43" CONTENT="who" WC="0.94" CC="572"/>
						<SP ID="P45_SP00625" HPOS="1210" VPOS="3053" WIDTH="32"/>
						<String ID="P45_ST00744" HPOS="1242" VPOS="3016" WIDTH="103" HEIGHT="38" CONTENT="can?" WC="0.96" CC="1509"/>
						<SP ID="P45_SP00626" HPOS="1345" VPOS="3054" WIDTH="23"/>
						<String ID="P45_ST00745" HPOS="1368" VPOS="3011" WIDTH="23" HEIGHT="13" CONTENT='"' WC="0.40" CC="5"/>
					</TextLine>
					<TextLine ID="P45_TL00118" HPOS="1128" VPOS="3069" WIDTH="839" HEIGHT="56">
						<String ID="P45_ST00746" HPOS="1128" VPOS="3069" WIDTH="81" HEIGHT="43" CONTENT="Mr." WC="0.96" CC="254"/>
						<SP ID="P45_SP00627" HPOS="1209" VPOS="3112" WIDTH="35"/>
						<String ID="P45_ST00747" HPOS="1244" VPOS="3071" WIDTH="165" HEIGHT="54" CONTENT="Murray" WC="0.98" CC="074040"/>
						<SP ID="P45_SP00628" HPOS="1409" VPOS="3125" WIDTH="47"/>
						<String ID="P45_ST00748" HPOS="1456" VPOS="3073" WIDTH="31" HEIGHT="40" CONTENT="is" WC="0.11" CC="79"/>
						<SP ID="P45_SP00629" HPOS="1487" VPOS="3125" WIDTH="45"/>
						<String ID="P45_ST00749" HPOS="1532" VPOS="3071" WIDTH="141" HEIGHT="43" CONTENT="almost" WC="0.97" CC="079940"/>
						<SP ID="P45_SP00630" HPOS="1673" VPOS="3125" WIDTH="43"/>
						<String ID="P45_ST00750" HPOS="1716" VPOS="3090" WIDTH="76" HEIGHT="25" CONTENT="one" WC="0.95" CC="472"/>
						<SP ID="P45_SP00631" HPOS="1792" VPOS="3125" WIDTH="31"/>
						<String ID="P45_ST00751" HPOS="1823" VPOS="3072" WIDTH="42" HEIGHT="44" CONTENT="of" WC="0.46" CC="46"/>
						<SP ID="P45_SP00632" HPOS="1865" VPOS="3125" WIDTH="31"/>
						<String ID="P45_ST00752" HPOS="1896" VPOS="3090" WIDTH="71" HEIGHT="25" CONTENT="our" WC="0.97" CC="043"/>
					</TextLine>
					<TextLine ID="P45_TL00119" HPOS="1067" VPOS="3130" WIDTH="899" HEIGHT="56">
						<String ID="P45_ST00753" HPOS="1067" VPOS="3130" WIDTH="83" HEIGHT="42" CONTENT="best" WC="0.97" CC="7050"/>
						<SP ID="P45_SP00633" HPOS="1150" VPOS="3172" WIDTH="32"/>
						<String ID="P45_ST00754" HPOS="1182" VPOS="3131" WIDTH="137" HEIGHT="47" CONTENT="critics," WC="0.98" CC="06767660"/>
						<SP ID="P45_SP00634" HPOS="1319" VPOS="3178" WIDTH="33"/>
						<String ID="P45_ST00755" HPOS="1352" VPOS="3131" WIDTH="78" HEIGHT="42" CONTENT="and" WC="0.91" CC="779"/>
						<SP ID="P45_SP00635" HPOS="1430" VPOS="3178" WIDTH="35"/>
						<String ID="P45_ST00756" HPOS="1465" VPOS="3132" WIDTH="13" HEIGHT="42" CONTENT="I" WC="0.43" CC="5"/>
						<SP ID="P45_SP00636" HPOS="1478" VPOS="3178" WIDTH="34"/>
						<String ID="P45_ST00757" HPOS="1512" VPOS="3144" WIDTH="139" HEIGHT="42" CONTENT="expect" WC="0.97" CC="077065"/>
						<SP ID="P45_SP00637" HPOS="1651" VPOS="3186" WIDTH="47"/>
						<String ID="P45_ST00758" HPOS="1698" VPOS="3133" WIDTH="83" HEIGHT="42" CONTENT="that" WC="0.97" CC="0717"/>
						<SP ID="P45_SP00638" HPOS="1781" VPOS="3186" WIDTH="47"/>
						<String ID="P45_ST00759" HPOS="1828" VPOS="3132" WIDTH="138" HEIGHT="43" CONTENT="before" WC="0.99" CC="611010"/>
					</TextLine>
					<TextLine ID="P45_TL00120" HPOS="1065" VPOS="3189" WIDTH="899" HEIGHT="56">
						<String ID="P45_ST00760" HPOS="1065" VPOS="3189" WIDTH="89" HEIGHT="55" CONTENT="long" WC="0.94" CC="5867"/>
						<SP ID="P45_SP00639" HPOS="1154" VPOS="3244" WIDTH="30"/>
						<String ID="P45_ST00761" HPOS="1184" VPOS="3189" WIDTH="50" HEIGHT="43" CONTENT="he" WC="0.40" CC="74"/>
						<SP ID="P45_SP00640" HPOS="1234" VPOS="3244" WIDTH="32"/>
						<String ID="P45_ST00762" HPOS="1266" VPOS="3190" WIDTH="78" HEIGHT="42" CONTENT="will" WC="0.97" CC="8500"/>
						<SP ID="P45_SP00641" HPOS="1344" VPOS="3244" WIDTH="22"/>
						<String ID="P45_ST00763" HPOS="1366" VPOS="3191" WIDTH="52" HEIGHT="42" CONTENT="be" WC="0.30" CC="66"/>
						<SP ID="P45_SP00642" HPOS="1418" VPOS="3244" WIDTH="23"/>
						<String ID="P45_ST00764" HPOS="1441" VPOS="3192" WIDTH="106" HEIGHT="53" CONTENT="quite" WC="0.96" CC="76704"/>
						<SP ID="P45_SP00643" HPOS="1547" VPOS="3245" WIDTH="32"/>
						<String ID="P45_ST00765" HPOS="1579" VPOS="3210" WIDTH="77" HEIGHT="25" CONTENT="one" WC="0.96" CC="074"/>
						<SP ID="P45_SP00644" HPOS="1656" VPOS="3245" WIDTH="31"/>
						<String ID="P45_ST00766" HPOS="1687" VPOS="3192" WIDTH="44" HEIGHT="43" CONTENT="of" WC="0.82" CC="03"/>
						<SP ID="P45_SP00645" HPOS="1731" VPOS="3245" WIDTH="30"/>
						<String ID="P45_ST00767" HPOS="1761" VPOS="3209" WIDTH="70" HEIGHT="25" CONTENT="our" WC="0.95" CC="751"/>
						<SP ID="P45_SP00646" HPOS="1831" VPOS="3245" WIDTH="36"/>
						<String ID="P45_ST00768" HPOS="1867" VPOS="3192" WIDTH="97" HEIGHT="43" CONTENT="best." WC="0.97" CC="90074"/>
					</TextLine>
				</TextBlock>
				<TextBlock ID="P45_TB00004" HPOS="1058" VPOS="3293" WIDTH="916" HEIGHT="249" STYLEREFS="TXT_3 PAR_BLOCK">
					<TextLine ID="P45_TL00121" HPOS="1063" VPOS="3308" WIDTH="907" HEIGHT="46">
						<String ID="P45_ST00769" HPOS="1063" VPOS="3308" WIDTH="271" HEIGHT="43" CONTENT="SIXTEEN" WC="0.99" CC="2700150"/>
						<SP ID="P45_SP00647" HPOS="1334" VPOS="3351" WIDTH="39"/>
						<String ID="P45_ST00770" HPOS="1373" VPOS="3308" WIDTH="264" HEIGHT="45" CONTENT="DESIGNS" WC="0.99" CC="0125003"/>
						<SP ID="P45_SP00648" HPOS="1637" VPOS="3353" WIDTH="47"/>
						<String ID="P45_ST00771" HPOS="1684" VPOS="3310" WIDTH="125" HEIGHT="44" CONTENT="FOR" WC="0.97" CC="070"/>
						<SP ID="P45_SP00649" HPOS="1809" VPOS="3354" WIDTH="39"/>
						<String ID="P45_ST00772" HPOS="1848" VPOS="3311" WIDTH="122" HEIGHT="43" CONTENT="THE" WC="0.97" CC="240"/>
					</TextLine>
					<TextLine ID="P45_TL00122" HPOS="1071" VPOS="3369" WIDTH="894" HEIGHT="52">
						<String ID="P45_ST00773" HPOS="1071" VPOS="3369" WIDTH="294" HEIGHT="43" CONTENT="THEATRE" WC="0.99" CC="5431600"/>
						<SP ID="P45_SP00650" HPOS="1365" VPOS="3412" WIDTH="42"/>
						<String ID="P45_ST00774" HPOS="1407" VPOS="3369" WIDTH="52" HEIGHT="52" CONTENT="by" WC="1.00" CC="00"/>
						<SP ID="P45_SP00651" HPOS="1459" VPOS="3421" WIDTH="55"/>
						<String ID="P45_ST00775" HPOS="1514" VPOS="3371" WIDTH="141" HEIGHT="42" CONTENT="Albert" WC="0.98" CC="423607"/>
						<SP ID="P45_SP00652" HPOS="1655" VPOS="3421" WIDTH="51"/>
						<String ID="P45_ST00776" HPOS="1706" VPOS="3371" WIDTH="259" HEIGHT="43" CONTENT="Rulherston." WC="0.56" CC="57527002547"/>
					</TextLine>
					<TextLine ID="P45_TL00123" HPOS="1064" VPOS="3428" WIDTH="903" HEIGHT="53">
						<String ID="P45_ST00777" HPOS="1064" VPOS="3428" WIDTH="164" HEIGHT="47" CONTENT="Oxford" WC="0.99" CC="500503"/>
						<SP ID="P45_SP00653" HPOS="1228" VPOS="3475" WIDTH="34"/>
						<String ID="P45_ST00778" HPOS="1262" VPOS="3428" WIDTH="227" HEIGHT="53" CONTENT="University" WC="0.98" CC="4587804541"/>
						<SP ID="P45_SP00654" HPOS="1489" VPOS="3481" WIDTH="42"/>
						<String ID="P45_ST00779" HPOS="1531" VPOS="3430" WIDTH="132" HEIGHT="43" CONTENT="Press." WC="0.97" CC="607707"/>
						<SP ID="P45_SP00655" HPOS="1663" VPOS="3481" WIDTH="65"/>
						<String ID="P45_ST00780" HPOS="1728" VPOS="3431" WIDTH="117" HEIGHT="43" CONTENT="Price" WC="0.97" CC="40837"/>
						<SP ID="P45_SP00656" HPOS="1845" VPOS="3481" WIDTH="23"/>
						<String ID="P45_ST00781" HPOS="1868" VPOS="3431" WIDTH="99" HEIGHT="50" CONTENT="four" WC="0.97" CC="0570"/>
					</TextLine>
					<TextLine ID="P45_TL00124" HPOS="1060" VPOS="3488" WIDTH="573" HEIGHT="54">
						<String ID="P45_ST00782" HPOS="1060" VPOS="3488" WIDTH="87" HEIGHT="43" CONTENT="and" WC="0.93" CC="268"/>
						<SP ID="P45_SP00657" HPOS="1147" VPOS="3531" WIDTH="29"/>
						<String ID="P45_ST00783" HPOS="1176" VPOS="3506" WIDTH="26" HEIGHT="25" CONTENT="a" WC="0.46" CC="5"/>
						<SP ID="P45_SP00658" HPOS="1202" VPOS="3531" WIDTH="32"/>
						<String ID="P45_ST00784" HPOS="1234" VPOS="3488" WIDTH="100" HEIGHT="51" CONTENT="half" WC="0.97" CC="5250"/>
						<SP ID="P45_SP00659" HPOS="1334" VPOS="3539" WIDTH="23"/>
						<String ID="P45_ST00785" HPOS="1357" VPOS="3494" WIDTH="168" HEIGHT="48" CONTENT="guineas" WC="0.97" CC="0766755"/>
						<SP ID="P45_SP00660" HPOS="1525" VPOS="3542" WIDTH="31"/>
						<String ID="P45_ST00786" HPOS="1556" VPOS="3498" WIDTH="77" HEIGHT="34" CONTENT="net." WC="0.96" CC="6634"/>
					</TextLine>
				</TextBlock>
				<TextBlock ID="P45_TB00005" HPOS="1053" VPOS="3595" WIDTH="912" HEIGHT="606" STYLEREFS="TXT_1 PAR_RIGHT">
					<TextLine ID="P45_TL00125" HPOS="1062" VPOS="3608" WIDTH="901" HEIGHT="105">
						<String ID="P45_ST00787" HPOS="1062" VPOS="3614" WIDTH="157" HEIGHT="99" CONTENT="MR." WC="0.97" CC="044"/>
						<SP ID="P45_SP00661" HPOS="1219" VPOS="3713" WIDTH="34"/>
						<String ID="P45_ST00788" HPOS="1253" VPOS="3608" WIDTH="250" HEIGHT="44" CONTENT="Rutherston'" WC="0.49" CC="38078045674"/>
						<String ID="P45_ST00789" HPOS="1509" VPOS="3626" WIDTH="18" HEIGHT="25" CONTENT="S" WC="0.17" CC="8" STYLEREFS="TXT_4"/>
						<SP ID="P45_SP00662" HPOS="1527" VPOS="3713" WIDTH="23"/>
						<String ID="P45_ST00790" HPOS="1550" VPOS="3609" WIDTH="108" HEIGHT="43" CONTENT="book" WC="0.96" CC="9700"/>
						<SP ID="P45_SP00663" HPOS="1658" VPOS="3713" WIDTH="23"/>
						<String ID="P45_ST00791" HPOS="1681" VPOS="3612" WIDTH="30" HEIGHT="41" CONTENT="is" WC="0.65" CC="07"/>
						<SP ID="P45_SP00664" HPOS="1711" VPOS="3713" WIDTH="21"/>
						<String ID="P45_ST00792" HPOS="1732" VPOS="3622" WIDTH="67" HEIGHT="31" CONTENT="not" WC="0.94" CC="546"/>
						<SP ID="P45_SP00665" HPOS="1799" VPOS="3713" WIDTH="23"/>
						<String ID="P45_ST00793" HPOS="1822" VPOS="3611" WIDTH="141" HEIGHT="54" CONTENT="cheap." WC="0.97" CC="160774"/>
					</TextLine>
					<TextLine ID="P45_TL00126" HPOS="1232" VPOS="3668" WIDTH="731" HEIGHT="56">
						<String ID="P45_ST00794" HPOS="1232" VPOS="3668" WIDTH="32" HEIGHT="41" CONTENT="It" WC="0.38" CC="66"/>
						<SP ID="P45_SP00666" HPOS="1264" VPOS="3709" WIDTH="31"/>
						<String ID="P45_ST00795" HPOS="1295" VPOS="3670" WIDTH="31" HEIGHT="41" CONTENT="is" WC="0.74" CC="50"/>
						<SP ID="P45_SP00667" HPOS="1326" VPOS="3711" WIDTH="40"/>
						<String ID="P45_ST00796" HPOS="1366" VPOS="3669" WIDTH="190" HEIGHT="54" CONTENT="perfectly" WC="0.99" CC="064600080"/>
						<SP ID="P45_SP00668" HPOS="1556" VPOS="3723" WIDTH="54"/>
						<String ID="P45_ST00797" HPOS="1610" VPOS="3671" WIDTH="153" HEIGHT="53" CONTENT="printed" WC="0.97" CC="0866609"/>
						<SP ID="P45_SP00669" HPOS="1763" VPOS="3724" WIDTH="50"/>
						<String ID="P45_ST00798" HPOS="1813" VPOS="3688" WIDTH="52" HEIGHT="25" CONTENT="on" WC="0.72" CC="50"/>
						<SP ID="P45_SP00670" HPOS="1865" VPOS="3724" WIDTH="32"/>
						<String ID="P45_ST00799" HPOS="1897" VPOS="3671" WIDTH="66" HEIGHT="43" CONTENT="the" WC="0.96" CC="073"/>
					</TextLine>
					<TextLine ID="P45_TL00127" HPOS="1060" VPOS="3728" WIDTH="903" HEIGHT="56">
						<String ID="P45_ST00800" HPOS="1060" VPOS="3744" WIDTH="94" HEIGHT="36" CONTENT="very" WC="0.98" CC="4040"/>
						<SP ID="P45_SP00671" HPOS="1154" VPOS="3780" WIDTH="34"/>
						<String ID="P45_ST00801" HPOS="1188" VPOS="3728" WIDTH="82" HEIGHT="42" CONTENT="best" WC="0.97" CC="5027"/>
						<SP ID="P45_SP00672" HPOS="1270" VPOS="3780" WIDTH="34"/>
						<String ID="P45_ST00802" HPOS="1304" VPOS="3745" WIDTH="121" HEIGHT="37" CONTENT="paper" WC="0.99" CC="04005"/>
						<SP ID="P45_SP00673" HPOS="1425" VPOS="3782" WIDTH="31"/>
						<String ID="P45_ST00803" HPOS="1456" VPOS="3729" WIDTH="78" HEIGHT="42" CONTENT="and" WC="0.97" CC="006"/>
						<SP ID="P45_SP00674" HPOS="1534" VPOS="3782" WIDTH="46"/>
						<String ID="P45_ST00804" HPOS="1580" VPOS="3732" WIDTH="108" HEIGHT="52" CONTENT="quite" WC="0.97" CC="65072"/>
						<SP ID="P45_SP00675" HPOS="1688" VPOS="3784" WIDTH="52"/>
						<String ID="P45_ST00805" HPOS="1740" VPOS="3731" WIDTH="128" HEIGHT="42" CONTENT="worth" WC="0.96" CC="37567"/>
						<SP ID="P45_SP00676" HPOS="1868" VPOS="3784" WIDTH="49"/>
						<String ID="P45_ST00806" HPOS="1917" VPOS="3732" WIDTH="46" HEIGHT="41" CONTENT="its" WC="0.94" CC="267"/>
					</TextLine>
					<TextLine ID="P45_TL00128" HPOS="1061" VPOS="3786" WIDTH="902" HEIGHT="55">
						<String ID="P45_ST00807" HPOS="1061" VPOS="3786" WIDTH="86" HEIGHT="43" CONTENT="four" WC="0.97" CC="7611"/>
						<SP ID="P45_SP00677" HPOS="1147" VPOS="3829" WIDTH="31"/>
						<String ID="P45_ST00808" HPOS="1178" VPOS="3787" WIDTH="78" HEIGHT="42" CONTENT="and" WC="0.93" CC="467"/>
						<SP ID="P45_SP00678" HPOS="1256" VPOS="3829" WIDTH="33"/>
						<String ID="P45_ST00809" HPOS="1289" VPOS="3806" WIDTH="19" HEIGHT="23" CONTENT="a" WC="0.28" CC="7"/>
						<SP ID="P45_SP00679" HPOS="1308" VPOS="3829" WIDTH="34"/>
						<String ID="P45_ST00810" HPOS="1342" VPOS="3787" WIDTH="82" HEIGHT="43" CONTENT="half" WC="0.94" CC="7586"/>
						<SP ID="P45_SP00680" HPOS="1424" VPOS="3830" WIDTH="31"/>
						<String ID="P45_ST00811" HPOS="1455" VPOS="3806" WIDTH="172" HEIGHT="35" CONTENT="guineas." WC="0.98" CC="97860640"/>
						<SP ID="P45_SP00681" HPOS="1627" VPOS="3841" WIDTH="33"/>
						<String ID="P45_ST00812" HPOS="1660" VPOS="3789" WIDTH="29" HEIGHT="42" CONTENT="It" WC="0.61" CC="70"/>
						<SP ID="P45_SP00682" HPOS="1689" VPOS="3841" WIDTH="34"/>
						<String ID="P45_ST00813" HPOS="1723" VPOS="3790" WIDTH="153" HEIGHT="43" CONTENT="doesn't" WC="0.97" CC="9850840"/>
						<SP ID="P45_SP00683" HPOS="1876" VPOS="3841" WIDTH="29"/>
						<String ID="P45_ST00814" HPOS="1905" VPOS="3801" WIDTH="58" HEIGHT="32" CONTENT="set" WC="0.98" CC="310"/>
					</TextLine>
					<TextLine ID="P45_TL00129" HPOS="1059" VPOS="3847" WIDTH="902" HEIGHT="57">
						<String ID="P45_ST00815" HPOS="1059" VPOS="3857" WIDTH="67" HEIGHT="32" CONTENT="out" WC="0.93" CC="676"/>
						<SP ID="P45_SP00684" HPOS="1126" VPOS="3889" WIDTH="33"/>
						<String ID="P45_ST00816" HPOS="1159" VPOS="3857" WIDTH="40" HEIGHT="33" CONTENT="to" WC="1.00" CC="00"/>
						<SP ID="P45_SP00685" HPOS="1199" VPOS="3890" WIDTH="33"/>
						<String ID="P45_ST00817" HPOS="1232" VPOS="3847" WIDTH="49" HEIGHT="43" CONTENT="be" WC="0.47" CC="63"/>
						<SP ID="P45_SP00686" HPOS="1281" VPOS="3890" WIDTH="25"/>
						<String ID="P45_ST00818" HPOS="1306" VPOS="3866" WIDTH="23" HEIGHT="24" CONTENT="a" WC="0.40" CC="5"/>
						<SP ID="P45_SP00687" HPOS="1329" VPOS="3890" WIDTH="32"/>
						<String ID="P45_ST00819" HPOS="1361" VPOS="3848" WIDTH="165" HEIGHT="54" CONTENT="popular" WC="0.98" CC="0704057"/>
						<SP ID="P45_SP00688" HPOS="1526" VPOS="3902" WIDTH="53"/>
						<String ID="P45_ST00820" HPOS="1579" VPOS="3848" WIDTH="119" HEIGHT="49" CONTENT="book," WC="0.99" CC="05300"/>
						<SP ID="P45_SP00689" HPOS="1698" VPOS="3902" WIDTH="35"/>
						<String ID="P45_ST00821" HPOS="1733" VPOS="3850" WIDTH="92" HEIGHT="54" CONTENT="only" WC="0.97" CC="4740"/>
						<SP ID="P45_SP00690" HPOS="1825" VPOS="3904" WIDTH="47"/>
						<String ID="P45_ST00822" HPOS="1872" VPOS="3850" WIDTH="89" HEIGHT="43" CONTENT="475" WC="0.84" CC="013"/>
					</TextLine>
					<TextLine ID="P45_TL00130" HPOS="1058" VPOS="3907" WIDTH="901" HEIGHT="53">
						<String ID="P45_ST00823" HPOS="1058" VPOS="3907" WIDTH="216" HEIGHT="42" CONTENT="numbered" WC="0.98" CC="54704576"/>
						<SP ID="P45_SP00691" HPOS="1274" VPOS="3949" WIDTH="46"/>
						<String ID="P45_ST00824" HPOS="1320" VPOS="3909" WIDTH="133" HEIGHT="51" CONTENT="copies" WC="0.98" CC="092402"/>
						<SP ID="P45_SP00692" HPOS="1453" VPOS="3960" WIDTH="47"/>
						<String ID="P45_ST00825" HPOS="1500" VPOS="3925" WIDTH="64" HEIGHT="26" CONTENT="are" WC="0.97" CC="106"/>
						<SP ID="P45_SP00693" HPOS="1564" VPOS="3960" WIDTH="33"/>
						<String ID="P45_ST00826" HPOS="1597" VPOS="3909" WIDTH="60" HEIGHT="43" CONTENT="for" WC="0.97" CC="540"/>
						<SP ID="P45_SP00694" HPOS="1657" VPOS="3960" WIDTH="46"/>
						<String ID="P45_ST00827" HPOS="1703" VPOS="3908" WIDTH="90" HEIGHT="48" CONTENT="sale," WC="0.97" CC="40734"/>
						<SP ID="P45_SP00695" HPOS="1793" VPOS="3960" WIDTH="41"/>
						<String ID="P45_ST00828" HPOS="1834" VPOS="3909" WIDTH="77" HEIGHT="44" CONTENT="and" WC="0.97" CC="070"/>
						<SP ID="P45_SP00696" HPOS="1911" VPOS="3960" WIDTH="33"/>
						<String ID="P45_ST00829" HPOS="1944" VPOS="3910" WIDTH="15" HEIGHT="43" CONTENT="I" WC="0.57" CC="4"/>
					</TextLine>
					<TextLine ID="P45_TL00131" HPOS="1057" VPOS="3965" WIDTH="901" HEIGHT="55">
						<String ID="P45_ST00830" HPOS="1057" VPOS="3965" WIDTH="93" HEIGHT="54" CONTENT="only" WC="0.97" CC="0709"/>
						<SP ID="P45_SP00697" HPOS="1150" VPOS="4019" WIDTH="52"/>
						<String ID="P45_ST00831" HPOS="1202" VPOS="3967" WIDTH="106" HEIGHT="53" CONTENT="hope" WC="0.98" CC="7000"/>
						<SP ID="P45_SP00698" HPOS="1308" VPOS="4020" WIDTH="54"/>
						<String ID="P45_ST00832" HPOS="1362" VPOS="3970" WIDTH="94" HEIGHT="46" CONTENT="that," WC="0.97" CC="66501"/>
						<SP ID="P45_SP00699" HPOS="1456" VPOS="4020" WIDTH="34"/>
						<String ID="P45_ST00833" HPOS="1490" VPOS="3978" WIDTH="67" HEIGHT="32" CONTENT="out" WC="0.96" CC="640"/>
						<SP ID="P45_SP00700" HPOS="1557" VPOS="4020" WIDTH="32"/>
						<String ID="P45_ST00834" HPOS="1589" VPOS="3968" WIDTH="43" HEIGHT="44" CONTENT="of" WC="0.52" CC="35"/>
						<SP ID="P45_SP00701" HPOS="1632" VPOS="4020" WIDTH="32"/>
						<String ID="P45_ST00835" HPOS="1664" VPOS="3968" WIDTH="65" HEIGHT="44" CONTENT="the" WC="0.95" CC="570"/>
						<SP ID="P45_SP00702" HPOS="1729" VPOS="4020" WIDTH="33"/>
						<String ID="P45_ST00836" HPOS="1762" VPOS="3968" WIDTH="46" HEIGHT="46" CONTENT="" WC="1.00" CC="0"/>
						<SP ID="P45_SP00703" HPOS="1808" VPOS="4020" WIDTH="34"/>
						<String ID="P45_ST00837" HPOS="1842" VPOS="3970" WIDTH="116" HEIGHT="42" CONTENT="2297" WC="1.00" CC="0000"/>
					</TextLine>
					<TextLine ID="P45_TL00132" HPOS="1057" VPOS="4026" WIDTH="903" HEIGHT="57">
						<String ID="P45_ST00838" HPOS="1057" VPOS="4026" WIDTH="130" HEIGHT="43" CONTENT="which" WC="0.96" CC="67837"/>
						<SP ID="P45_SP00704" HPOS="1187" VPOS="4069" WIDTH="33"/>
						<String ID="P45_ST00839" HPOS="1220" VPOS="4026" WIDTH="79" HEIGHT="43" CONTENT="will" WC="0.95" CC="9516"/>
						<SP ID="P45_SP00705" HPOS="1299" VPOS="4069" WIDTH="31"/>
						<String ID="P45_ST00840" HPOS="1330" VPOS="4045" WIDTH="113" HEIGHT="24" CONTENT="come" WC="0.96" CC="0695"/>
						<SP ID="P45_SP00706" HPOS="1443" VPOS="4069" WIDTH="45"/>
						<String ID="P45_ST00841" HPOS="1488" VPOS="4029" WIDTH="40" HEIGHT="42" CONTENT="in" WC="0.26" CC="77"/>
						<SP ID="P45_SP00707" HPOS="1528" VPOS="4071" WIDTH="31"/>
						<String ID="P45_ST00842" HPOS="1559" VPOS="4027" WIDTH="30" HEIGHT="44" CONTENT="if" WC="0.36" CC="65"/>
						<SP ID="P45_SP00708" HPOS="1589" VPOS="4071" WIDTH="31"/>
						<String ID="P45_ST00843" HPOS="1620" VPOS="4045" WIDTH="117" HEIGHT="37" CONTENT="every" WC="0.99" CC="20060"/>
						<SP ID="P45_SP00709" HPOS="1737" VPOS="4082" WIDTH="35"/>
						<String ID="P45_ST00844" HPOS="1772" VPOS="4046" WIDTH="104" HEIGHT="37" CONTENT="copy" WC="1.00" CC="0000"/>
						<SP ID="P45_SP00710" HPOS="1876" VPOS="4083" WIDTH="33"/>
						<String ID="P45_ST00845" HPOS="1909" VPOS="4029" WIDTH="51" HEIGHT="43" CONTENT="be" WC="0.33" CC="66"/>
					</TextLine>
					<TextLine ID="P45_TL00133" HPOS="1056" VPOS="4085" WIDTH="905" HEIGHT="58">
						<String ID="P45_ST00846" HPOS="1056" VPOS="4085" WIDTH="98" HEIGHT="49" CONTENT="sold," WC="0.98" CC="30094"/>
						<SP ID="P45_SP00711" HPOS="1154" VPOS="4134" WIDTH="34"/>
						<String ID="P45_ST00847" HPOS="1188" VPOS="4085" WIDTH="67" HEIGHT="44" CONTENT="the" WC="0.94" CC="573"/>
						<SP ID="P45_SP00712" HPOS="1255" VPOS="4134" WIDTH="50"/>
						<String ID="P45_ST00848" HPOS="1305" VPOS="4086" WIDTH="217" HEIGHT="44" CONTENT="admirable" WC="0.98" CC="096420742"/>
						<SP ID="P45_SP00713" HPOS="1522" VPOS="4134" WIDTH="31"/>
						<String ID="P45_ST00849" HPOS="1553" VPOS="4090" WIDTH="105" HEIGHT="40" CONTENT="artist" WC="0.98" CC="200584"/>
						<SP ID="P45_SP00714" HPOS="1658" VPOS="4134" WIDTH="52"/>
						<String ID="P45_ST00850" HPOS="1710" VPOS="4087" WIDTH="79" HEIGHT="44" CONTENT="will" WC="0.97" CC="3055"/>
						<SP ID="P45_SP00715" HPOS="1789" VPOS="4134" WIDTH="52"/>
						<String ID="P45_ST00851" HPOS="1841" VPOS="4099" WIDTH="62" HEIGHT="44" CONTENT="get" WC="0.95" CC="660"/>
						<SP ID="P45_SP00716" HPOS="1903" VPOS="4143" WIDTH="35"/>
						<String ID="P45_ST00852" HPOS="1938" VPOS="4106" WIDTH="23" HEIGHT="25" CONTENT="a" WC="0.74" CC="2"/>
					</TextLine>
					<TextLine ID="P45_TL00134" HPOS="1056" VPOS="4146" WIDTH="299" HEIGHT="54">
						<String ID="P45_ST00853" HPOS="1056" VPOS="4162" WIDTH="142" HEIGHT="38" CONTENT="proper" WC="0.97" CC="056855"/>
						<SP ID="P45_SP00717" HPOS="1198" VPOS="4200" WIDTH="30"/>
						<String ID="P45_ST00854" HPOS="1228" VPOS="4146" WIDTH="127" HEIGHT="44" CONTENT="share." WC="0.96" CC="776663"/>
					</TextLine>
				</TextBlock>
				<TextBlock ID="P45_TB00006" HPOS="2003" VPOS="212" WIDTH="929" HEIGHT="3992" STYLEREFS="TXT_1 PAR_LEFT">
					<TextLine ID="P45_TL00135" HPOS="2088" VPOS="216" WIDTH="844" HEIGHT="59">
						<String ID="P45_ST00855" HPOS="2088" VPOS="216" WIDTH="63" HEIGHT="43" CONTENT="As" WC="0.55" CC="17"/>
						<SP ID="P45_SP00718" HPOS="2151" VPOS="259" WIDTH="31"/>
						<String ID="P45_ST00856" HPOS="2182" VPOS="234" WIDTH="22" HEIGHT="25" CONTENT="a" WC="0.63" CC="3"/>
						<SP ID="P45_SP00719" HPOS="2204" VPOS="259" WIDTH="32"/>
						<String ID="P45_ST00857" HPOS="2236" VPOS="217" WIDTH="80" HEIGHT="43" CONTENT="rule" WC="0.96" CC="5532"/>
						<SP ID="P45_SP00720" HPOS="2316" VPOS="260" WIDTH="33"/>
						<String ID="P45_ST00858" HPOS="2349" VPOS="219" WIDTH="66" HEIGHT="43" CONTENT="the" WC="0.93" CC="575"/>
						<SP ID="P45_SP00721" HPOS="2415" VPOS="262" WIDTH="50"/>
						<String ID="P45_ST00859" HPOS="2465" VPOS="222" WIDTH="104" HEIGHT="42" CONTENT="artist" WC="0.97" CC="407568"/>
						<SP ID="P45_SP00722" HPOS="2569" VPOS="264" WIDTH="53"/>
						<String ID="P45_ST00860" HPOS="2622" VPOS="235" WIDTH="80" HEIGHT="40" CONTENT="gets" WC="0.94" CC="6696"/>
						<SP ID="P45_SP00723" HPOS="2702" VPOS="275" WIDTH="50"/>
						<String ID="P45_ST00861" HPOS="2752" VPOS="224" WIDTH="60" HEIGHT="43" CONTENT="far" WC="0.95" CC="606"/>
						<SP ID="P45_SP00724" HPOS="2812" VPOS="275" WIDTH="52"/>
						<String ID="P45_ST00862" HPOS="2864" VPOS="237" WIDTH="68" HEIGHT="33" CONTENT="too" WC="0.92" CC="937"/>
					</TextLine>
					<TextLine ID="P45_TL00136" HPOS="2030" VPOS="273" WIDTH="110" HEIGHT="44">
						<String ID="P45_ST00863" HPOS="2030" VPOS="273" WIDTH="110" HEIGHT="44" CONTENT="little." WC="0.97" CC="7560764"/>
					</TextLine>
					<TextLine ID="P45_TL00137" HPOS="2088" VPOS="336" WIDTH="841" HEIGHT="59">
						<String ID="P45_ST00864" HPOS="2088" VPOS="336" WIDTH="80" HEIGHT="43" CONTENT="We" WC="0.71" CC="05"/>
						<SP ID="P45_SP00725" HPOS="2168" VPOS="379" WIDTH="31"/>
						<String ID="P45_ST00865" HPOS="2199" VPOS="353" WIDTH="169" HEIGHT="38" CONTENT="suppose" WC="0.97" CC="6766774"/>
						<SP ID="P45_SP00726" HPOS="2368" VPOS="391" WIDTH="31"/>
						<String ID="P45_ST00866" HPOS="2399" VPOS="337" WIDTH="79" HEIGHT="45" CONTENT="him" WC="0.93" CC="756"/>
						<SP ID="P45_SP00727" HPOS="2478" VPOS="391" WIDTH="45"/>
						<String ID="P45_ST00867" HPOS="2523" VPOS="340" WIDTH="135" HEIGHT="55" CONTENT="roiling" WC="0.98" CC="1666606"/>
						<SP ID="P45_SP00728" HPOS="2658" VPOS="395" WIDTH="44"/>
						<String ID="P45_ST00868" HPOS="2702" VPOS="344" WIDTH="38" HEIGHT="41" CONTENT="in" WC="0.39" CC="47"/>
						<SP ID="P45_SP00729" HPOS="2740" VPOS="395" WIDTH="32"/>
						<String ID="P45_ST00869" HPOS="2772" VPOS="344" WIDTH="157" HEIGHT="45" CONTENT="wealth." WC="0.98" CC="5016074"/>
					</TextLine>
					<TextLine ID="P45_TL00138" HPOS="2027" VPOS="393" WIDTH="903" HEIGHT="57">
						<String ID="P45_ST00870" HPOS="2027" VPOS="393" WIDTH="81" HEIGHT="44" CONTENT="We" WC="0.54" CC="17"/>
						<SP ID="P45_SP00730" HPOS="2108" VPOS="437" WIDTH="47"/>
						<String ID="P45_ST00871" HPOS="2155" VPOS="413" WIDTH="67" HEIGHT="37" CONTENT="say" WC="0.93" CC="765"/>
						<SP ID="P45_SP00731" HPOS="2222" VPOS="450" WIDTH="50"/>
						<String ID="P45_ST00872" HPOS="2272" VPOS="405" WIDTH="24" HEIGHT="14" CONTENT="44" STYLE="superscript" WC="0.29" CC="67"/>
						<SP ID="P45_SP00732" HPOS="2296" VPOS="450" WIDTH="25"/>
						<String ID="P45_ST00873" HPOS="2321" VPOS="397" WIDTH="91" HEIGHT="43" CONTENT="look" WC="0.95" CC="5474"/>
						<SP ID="P45_SP00733" HPOS="2412" VPOS="450" WIDTH="46"/>
						<String ID="P45_ST00874" HPOS="2458" VPOS="411" WIDTH="37" HEIGHT="29" CONTENT="at" WC="0.54" CC="09"/>
						<SP ID="P45_SP00734" HPOS="2495" VPOS="450" WIDTH="52"/>
						<String ID="P45_ST00875" HPOS="2547" VPOS="400" WIDTH="275" HEIGHT="49" CONTENT="this,here's" WC="0.99" CC="008678006543"/>
						<SP ID="P45_SP00735" HPOS="2822" VPOS="450" WIDTH="51"/>
						<String ID="P45_ST00876" HPOS="2873" VPOS="405" WIDTH="57" HEIGHT="42" CONTENT="his" WC="0.96" CC="064"/>
					</TextLine>
					<TextLine ID="P45_TL00139" HPOS="2029" VPOS="452" WIDTH="900" HEIGHT="56">
						<String ID="P45_ST00877" HPOS="2029" VPOS="452" WIDTH="106" HEIGHT="44" CONTENT="book" WC="0.94" CC="8566"/>
						<SP ID="P45_SP00736" HPOS="2135" VPOS="496" WIDTH="28"/>
						<String ID="P45_ST00878" HPOS="2163" VPOS="456" WIDTH="72" HEIGHT="52" CONTENT="just" WC="0.96" CC="6633"/>
						<SP ID="P45_SP00737" HPOS="2235" VPOS="508" WIDTH="49"/>
						<String ID="P45_ST00879" HPOS="2284" VPOS="468" WIDTH="230" HEIGHT="32" CONTENT="outcosts" WC="0.98" CC="087847073"/>
						<SP ID="P45_SP00738" HPOS="2514" VPOS="508" WIDTH="47"/>
						<String ID="P45_ST00880" HPOS="2561" VPOS="459" WIDTH="85" HEIGHT="44" CONTENT="four" WC="0.96" CC="6550"/>
						<SP ID="P45_SP00739" HPOS="2646" VPOS="508" WIDTH="33"/>
						<String ID="P45_ST00881" HPOS="2679" VPOS="461" WIDTH="79" HEIGHT="43" CONTENT="and" WC="0.93" CC="577"/>
						<SP ID="P45_SP00740" HPOS="2758" VPOS="508" WIDTH="33"/>
						<String ID="P45_ST00882" HPOS="2791" VPOS="480" WIDTH="22" HEIGHT="24" CONTENT="a" WC="0.77" CC="2"/>
						<SP ID="P45_SP00741" HPOS="2813" VPOS="508" WIDTH="33"/>
						<String ID="P45_ST00883" HPOS="2846" VPOS="463" WIDTH="83" HEIGHT="43" CONTENT="half" WC="0.97" CC="0056"/>
					</TextLine>
					<TextLine ID="P45_TL00140" HPOS="2028" VPOS="514" WIDTH="899" HEIGHT="60">
						<String ID="P45_ST00884" HPOS="2028" VPOS="514" WIDTH="168" HEIGHT="50" CONTENT="guineas." WC="0.98" CC="67072524"/>
						<SP ID="P45_SP00742" HPOS="2196" VPOS="564" WIDTH="66"/>
						<String ID="P45_ST00885" HPOS="2262" VPOS="515" WIDTH="130" HEIGHT="43" CONTENT="There" WC="0.98" CC="00644"/>
						<SP ID="P45_SP00743" HPOS="2392" VPOS="564" WIDTH="32"/>
						<String ID="P45_ST00886" HPOS="2424" VPOS="534" WIDTH="64" HEIGHT="25" CONTENT="are" WC="0.95" CC="805"/>
						<SP ID="P45_SP00744" HPOS="2488" VPOS="564" WIDTH="44"/>
						<String ID="P45_ST00887" HPOS="2532" VPOS="518" WIDTH="85" HEIGHT="42" CONTENT="475" WC="0.76" CC="024"/>
						<SP ID="P45_SP00745" HPOS="2617" VPOS="564" WIDTH="34"/>
						<String ID="P45_ST00888" HPOS="2651" VPOS="523" WIDTH="158" HEIGHT="51" CONTENT="copies:" WC="0.98" CC="1636300"/>
						<SP ID="P45_SP00746" HPOS="2809" VPOS="574" WIDTH="36"/>
						<String ID="P45_ST00889" HPOS="2845" VPOS="523" WIDTH="82" HEIGHT="43" CONTENT="that" WC="0.97" CC="5032"/>
					</TextLine>
					<TextLine ID="P45_TL00141" HPOS="2027" VPOS="573" WIDTH="901" HEIGHT="59">
						<String ID="P45_ST00890" HPOS="2027" VPOS="588" WIDTH="130" HEIGHT="27" CONTENT="means" WC="0.97" CC="60665"/>
						<SP ID="P45_SP00747" HPOS="2157" VPOS="615" WIDTH="33"/>
						<String ID="P45_ST00891" HPOS="2190" VPOS="573" WIDTH="45" HEIGHT="46" CONTENT="" WC="1.00" CC="0"/>
						<SP ID="P45_SP00748" HPOS="2235" VPOS="619" WIDTH="35"/>
						<String ID="P45_ST00892" HPOS="2270" VPOS="576" WIDTH="113" HEIGHT="42" CONTENT="2297" WC="0.77" CC="0422"/>
						<SP ID="P45_SP00749" HPOS="2383" VPOS="619" WIDTH="34"/>
						<String ID="P45_ST00893" HPOS="2417" VPOS="594" WIDTH="51" HEIGHT="25" CONTENT="on" WC="0.51" CC="45"/>
						<SP ID="P45_SP00750" HPOS="2468" VPOS="619" WIDTH="23"/>
						<String ID="P45_ST00894" HPOS="2491" VPOS="595" WIDTH="22" HEIGHT="23" CONTENT="a" WC="1.00" CC="0"/>
						<SP ID="P45_SP00751" HPOS="2513" VPOS="619" WIDTH="22"/>
						<String ID="P45_ST00895" HPOS="2535" VPOS="578" WIDTH="121" HEIGHT="54" CONTENT="rough" WC="0.97" CC="38150"/>
						<SP ID="P45_SP00752" HPOS="2656" VPOS="632" WIDTH="23"/>
						<String ID="P45_ST00896" HPOS="2679" VPOS="580" WIDTH="249" HEIGHT="46" CONTENT="calculation." WC="0.99" CC="631028008444"/>
					</TextLine>
					<TextLine ID="P45_TL00142" HPOS="2025" VPOS="630" WIDTH="767" HEIGHT="61">
						<String ID="P45_ST00897" HPOS="2025" VPOS="630" WIDTH="138" HEIGHT="56" CONTENT="Fancy" WC="0.98" CC="50043"/>
						<SP ID="P45_SP00753" HPOS="2163" VPOS="686" WIDTH="33"/>
						<String ID="P45_ST00898" HPOS="2196" VPOS="635" WIDTH="236" HEIGHT="43" CONTENT="Rutherston" WC="0.57" CC="0870615247"/>
						<SP ID="P45_SP00754" HPOS="2432" VPOS="686" WIDTH="32"/>
						<String ID="P45_ST00899" HPOS="2464" VPOS="639" WIDTH="144" HEIGHT="52" CONTENT="getting" WC="0.98" CC="9107626"/>
						<SP ID="P45_SP00755" HPOS="2608" VPOS="691" WIDTH="31"/>
						<String ID="P45_ST00900" HPOS="2639" VPOS="638" WIDTH="48" HEIGHT="42" CONTENT="all" WC="1.00" CC="000"/>
						<SP ID="P45_SP00756" HPOS="2687" VPOS="691" WIDTH="24"/>
						<String ID="P45_ST00901" HPOS="2711" VPOS="640" WIDTH="81" HEIGHT="42" CONTENT="that" WC="0.97" CC="6044"/>
					</TextLine>
					<TextLine ID="P45_TL00143" HPOS="2085" VPOS="691" WIDTH="640" HEIGHT="49">
						<String ID="P45_ST00902" HPOS="2085" VPOS="691" WIDTH="108" HEIGHT="44" CONTENT="Now" WC="0.98" CC="006"/>
						<SP ID="P45_SP00757" HPOS="2193" VPOS="735" WIDTH="32"/>
						<String ID="P45_ST00903" HPOS="2225" VPOS="693" WIDTH="134" HEIGHT="45" CONTENT="follow" WC="0.97" CC="660472"/>
						<SP ID="P45_SP00758" HPOS="2359" VPOS="738" WIDTH="33"/>
						<String ID="P45_ST00904" HPOS="2392" VPOS="712" WIDTH="60" HEIGHT="25" CONTENT="me" WC="0.48" CC="90"/>
						<SP ID="P45_SP00759" HPOS="2452" VPOS="738" WIDTH="31"/>
						<String ID="P45_ST00905" HPOS="2483" VPOS="714" WIDTH="23" HEIGHT="24" CONTENT="a" WC="1.00" CC="0"/>
						<SP ID="P45_SP00760" HPOS="2506" VPOS="738" WIDTH="32"/>
						<String ID="P45_ST00906" HPOS="2538" VPOS="709" WIDTH="187" HEIGHT="31" CONTENT="moment." WC="0.97" CC="5081794"/>
					</TextLine>
					<TextLine ID="P45_TL00144" HPOS="2087" VPOS="752" WIDTH="840" HEIGHT="60">
						<String ID="P45_ST00907" HPOS="2087" VPOS="752" WIDTH="182" HEIGHT="53" CONTENT="Suppose" WC="0.98" CC="0844641"/>
						<SP ID="P45_SP00761" HPOS="2269" VPOS="805" WIDTH="35"/>
						<String ID="P45_ST00908" HPOS="2304" VPOS="753" WIDTH="67" HEIGHT="43" CONTENT="the" WC="0.95" CC="707"/>
						<SP ID="P45_SP00762" HPOS="2371" VPOS="805" WIDTH="51"/>
						<String ID="P45_ST00909" HPOS="2422" VPOS="766" WIDTH="80" HEIGHT="31" CONTENT="cost" WC="0.96" CC="0549"/>
						<SP ID="P45_SP00763" HPOS="2502" VPOS="805" WIDTH="48"/>
						<String ID="P45_ST00910" HPOS="2550" VPOS="757" WIDTH="42" HEIGHT="42" CONTENT="of" WC="0.46" CC="46"/>
						<SP ID="P45_SP00764" HPOS="2592" VPOS="805" WIDTH="58"/>
						<String ID="P45_ST00911" HPOS="2650" VPOS="758" WIDTH="153" HEIGHT="54" CONTENT="making" WC="0.97" CC="630569"/>
						<SP ID="P45_SP00765" HPOS="2803" VPOS="812" WIDTH="52"/>
						<String ID="P45_ST00912" HPOS="2855" VPOS="760" WIDTH="72" HEIGHT="42" CONTENT="this" WC="0.96" CC="3085"/>
					</TextLine>
					<TextLine ID="P45_TL00145" HPOS="2028" VPOS="810" WIDTH="901" HEIGHT="62">
						<String ID="P45_ST00913" HPOS="2028" VPOS="810" WIDTH="75" HEIGHT="42" CONTENT="fine" WC="0.98" CC="0055"/>
						<SP ID="P45_SP00766" HPOS="2103" VPOS="852" WIDTH="32"/>
						<String ID="P45_ST00914" HPOS="2135" VPOS="811" WIDTH="120" HEIGHT="50" CONTENT="book," WC="0.98" CC="77000"/>
						<SP ID="P45_SP00767" HPOS="2255" VPOS="861" WIDTH="34"/>
						<String ID="P45_ST00915" HPOS="2289" VPOS="814" WIDTH="45" HEIGHT="41" CONTENT="its" WC="0.95" CC="760"/>
						<SP ID="P45_SP00768" HPOS="2334" VPOS="861" WIDTH="31"/>
						<String ID="P45_ST00916" HPOS="2365" VPOS="831" WIDTH="136" HEIGHT="37" CONTENT="paper," WC="0.99" CC="050004"/>
						<SP ID="P45_SP00769" HPOS="2501" VPOS="868" WIDTH="46"/>
						<String ID="P45_ST00917" HPOS="2547" VPOS="816" WIDTH="45" HEIGHT="42" CONTENT="its" WC="0.94" CC="734"/>
						<SP ID="P45_SP00770" HPOS="2592" VPOS="868" WIDTH="32"/>
						<String ID="P45_ST00918" HPOS="2624" VPOS="816" WIDTH="224" HEIGHT="56" CONTENT="collotypes," WC="0.99" CC="00006606340"/>
						<SP ID="P45_SP00771" HPOS="2848" VPOS="872" WIDTH="35"/>
						<String ID="P45_ST00919" HPOS="2883" VPOS="822" WIDTH="46" HEIGHT="39" CONTENT="its" WC="0.96" CC="506"/>
					</TextLine>
					<TextLine ID="P45_TL00146" HPOS="2025" VPOS="872" WIDTH="903" HEIGHT="54">
						<String ID="P45_ST00920" HPOS="2025" VPOS="872" WIDTH="174" HEIGHT="51" CONTENT="printers," WC="0.98" CC="045553564"/>
						<SP ID="P45_SP00772" HPOS="2199" VPOS="923" WIDTH="33"/>
						<String ID="P45_ST00921" HPOS="2232" VPOS="873" WIDTH="47" HEIGHT="40" CONTENT="its" WC="0.98" CC="050"/>
						<SP ID="P45_SP00773" HPOS="2279" VPOS="923" WIDTH="54"/>
						<String ID="P45_ST00922" HPOS="2333" VPOS="872" WIDTH="159" HEIGHT="54" CONTENT="binding" WC="0.97" CC="0766656"/>
						<SP ID="P45_SP00774" HPOS="2492" VPOS="926" WIDTH="33"/>
						<String ID="P45_ST00923" HPOS="2525" VPOS="875" WIDTH="80" HEIGHT="42" CONTENT="and" WC="0.95" CC="409"/>
						<SP ID="P45_SP00775" HPOS="2605" VPOS="926" WIDTH="32"/>
						<String ID="P45_ST00924" HPOS="2637" VPOS="876" WIDTH="154" HEIGHT="43" CONTENT="binders" WC="0.98" CC="0677076"/>
						<SP ID="P45_SP00776" HPOS="2791" VPOS="926" WIDTH="47"/>
						<String ID="P45_ST00925" HPOS="2838" VPOS="879" WIDTH="90" HEIGHT="41" CONTENT="take" WC="0.98" CC="1007"/>
					</TextLine>
					<TextLine ID="P45_TL00147" HPOS="2026" VPOS="927" WIDTH="902" HEIGHT="62">
						<String ID="P45_ST00926" HPOS="2026" VPOS="927" WIDTH="46" HEIGHT="47" CONTENT="" WC="1.00" CC="0"/>
						<SP ID="P45_SP00777" HPOS="2072" VPOS="974" WIDTH="26"/>
						<String ID="P45_ST00927" HPOS="2098" VPOS="930" WIDTH="86" HEIGHT="41" CONTENT="500" WC="0.54" CC="508"/>
						<SP ID="P45_SP00778" HPOS="2184" VPOS="974" WIDTH="21"/>
						<String ID="P45_ST00928" HPOS="2205" VPOS="931" WIDTH="41" HEIGHT="41" CONTENT="of" WC="0.75" CC="05"/>
						<SP ID="P45_SP00779" HPOS="2246" VPOS="974" WIDTH="31"/>
						<String ID="P45_ST00929" HPOS="2277" VPOS="932" WIDTH="84" HEIGHT="41" CONTENT="that" WC="0.96" CC="0764"/>
						<SP ID="P45_SP00780" HPOS="2361" VPOS="974" WIDTH="31"/>
						<String ID="P45_ST00930" HPOS="2392" VPOS="950" WIDTH="97" HEIGHT="26" CONTENT="sum." WC="0.97" CC="6024"/>
						<SP ID="P45_SP00781" HPOS="2489" VPOS="976" WIDTH="62"/>
						<String ID="P45_ST00931" HPOS="2551" VPOS="934" WIDTH="182" HEIGHT="55" CONTENT="Suppose" WC="1.00" CC="0000340"/>
						<SP ID="P45_SP00782" HPOS="2733" VPOS="989" WIDTH="32"/>
						<String ID="P45_ST00932" HPOS="2765" VPOS="938" WIDTH="163" HEIGHT="42" CONTENT="another" WC="0.98" CC="0674653"/>
					</TextLine>
					<TextLine ID="P45_TL00148" HPOS="2028" VPOS="986" WIDTH="899" HEIGHT="65">
						<String ID="P45_ST00933" HPOS="2028" VPOS="986" WIDTH="46" HEIGHT="46" CONTENT="" WC="0.65" CC="3"/>
						<SP ID="P45_SP00783" HPOS="2074" VPOS="1032" WIDTH="33"/>
						<String ID="P45_ST00934" HPOS="2107" VPOS="988" WIDTH="86" HEIGHT="43" CONTENT="500" WC="0.49" CC="455"/>
						<SP ID="P45_SP00784" HPOS="2193" VPOS="1032" WIDTH="32"/>
						<String ID="P45_ST00935" HPOS="2225" VPOS="1008" WIDTH="90" HEIGHT="35" CONTENT="goes" WC="0.95" CC="8616"/>
						<SP ID="P45_SP00785" HPOS="2315" VPOS="1043" WIDTH="32"/>
						<String ID="P45_ST00936" HPOS="2347" VPOS="1002" WIDTH="40" HEIGHT="31" CONTENT="to" WC="1.00" CC="00"/>
						<SP ID="P45_SP00786" HPOS="2387" VPOS="1043" WIDTH="34"/>
						<String ID="P45_ST00937" HPOS="2421" VPOS="991" WIDTH="64" HEIGHT="44" CONTENT="the" WC="0.98" CC="005"/>
						<SP ID="P45_SP00787" HPOS="2485" VPOS="1043" WIDTH="47"/>
						<String ID="P45_ST00938" HPOS="2532" VPOS="994" WIDTH="122" HEIGHT="43" CONTENT="trade," WC="0.97" CC="643904"/>
						<SP ID="P45_SP00788" HPOS="2654" VPOS="1043" WIDTH="45"/>
						<String ID="P45_ST00939" HPOS="2699" VPOS="997" WIDTH="47" HEIGHT="46" CONTENT="ie," WC="0.51" CC="634"/>
						<SP ID="P45_SP00789" HPOS="2746" VPOS="1043" WIDTH="34"/>
						<String ID="P45_ST00940" HPOS="2780" VPOS="997" WIDTH="30" HEIGHT="41" CONTENT="is" WC="0.52" CC="81"/>
						<SP ID="P45_SP00790" HPOS="2810" VPOS="1043" WIDTH="31"/>
						<String ID="P45_ST00941" HPOS="2841" VPOS="997" WIDTH="86" HEIGHT="54" CONTENT="split" WC="0.97" CC="60049"/>
					</TextLine>
					<TextLine ID="P45_TL00149" HPOS="2026" VPOS="1050" WIDTH="902" HEIGHT="55">
						<String ID="P45_ST00942" HPOS="2026" VPOS="1065" WIDTH="55" HEIGHT="36" CONTENT="up" WC="0.67" CC="41"/>
						<SP ID="P45_SP00791" HPOS="2081" VPOS="1101" WIDTH="31"/>
						<String ID="P45_ST00943" HPOS="2112" VPOS="1050" WIDTH="38" HEIGHT="40" CONTENT="in" WC="0.32" CC="66"/>
						<SP ID="P45_SP00792" HPOS="2150" VPOS="1101" WIDTH="32"/>
						<String ID="P45_ST00944" HPOS="2182" VPOS="1050" WIDTH="107" HEIGHT="41" CONTENT="small" WC="0.98" CC="09600"/>
						<SP ID="P45_SP00793" HPOS="2289" VPOS="1101" WIDTH="42"/>
						<String ID="P45_ST00945" HPOS="2331" VPOS="1062" WIDTH="247" HEIGHT="43" CONTENT="percentages" WC="0.99" CC="03450007706"/>
						<SP ID="P45_SP00794" HPOS="2578" VPOS="1105" WIDTH="32"/>
						<String ID="P45_ST00946" HPOS="2610" VPOS="1064" WIDTH="40" HEIGHT="31" CONTENT="to" WC="0.33" CC="67"/>
						<SP ID="P45_SP00795" HPOS="2650" VPOS="1105" WIDTH="32"/>
						<String ID="P45_ST00947" HPOS="2682" VPOS="1054" WIDTH="65" HEIGHT="42" CONTENT="the" WC="0.98" CC="005"/>
						<SP ID="P45_SP00796" HPOS="2747" VPOS="1105" WIDTH="54"/>
						<String ID="P45_ST00948" HPOS="2801" VPOS="1055" WIDTH="102" HEIGHT="44" CONTENT="book" SUBS_TYPE="HypPart1" SUBS_CONTENT="booksellers," WC="0.97" CC="6640"/>
						<HYP HPOS="2903" VPOS="1055" WIDTH="25" CONTENT="-"/>
					</TextLine>
					<TextLine ID="P45_TL00150" HPOS="2025" VPOS="1107" WIDTH="905" HEIGHT="54">
						<String ID="P45_ST00949" HPOS="2025" VPOS="1107" WIDTH="139" HEIGHT="48" CONTENT="sellers," SUBS_TYPE="HypPart2" SUBS_CONTENT="booksellers," WC="0.97" CC="85685580"/>
						<SP ID="P45_SP00797" HPOS="2164" VPOS="1155" WIDTH="61"/>
						<String ID="P45_ST00950" HPOS="2225" VPOS="1108" WIDTH="370" HEIGHT="53" CONTENT="book-forwarders," WC="0.99" CC="0660475036001064"/>
						<SP ID="P45_SP00798" HPOS="2595" VPOS="1161" WIDTH="52"/>
						<String ID="P45_ST00951" HPOS="2647" VPOS="1113" WIDTH="283" HEIGHT="45" CONTENT="bookc-arriers" WC="0.72" CC="0360440530215"/>
					</TextLine>
					<TextLine ID="P45_TL00151" HPOS="2026" VPOS="1166" WIDTH="901" HEIGHT="54">
						<String ID="P45_ST00952" HPOS="2026" VPOS="1166" WIDTH="81" HEIGHT="43" CONTENT="and" WC="0.94" CC="609"/>
						<SP ID="P45_SP00799" HPOS="2107" VPOS="1209" WIDTH="32"/>
						<String ID="P45_ST00953" HPOS="2139" VPOS="1167" WIDTH="291" HEIGHT="45" CONTENT="book-carriers'" WC="0.99" CC="09608000404014"/>
						<SP ID="P45_SP00800" HPOS="2430" VPOS="1212" WIDTH="43"/>
						<String ID="P45_ST00954" HPOS="2473" VPOS="1171" WIDTH="141" HEIGHT="49" CONTENT="horses," WC="0.98" CC="6716703"/>
						<SP ID="P45_SP00801" HPOS="2614" VPOS="1220" WIDTH="34"/>
						<String ID="P45_ST00955" HPOS="2648" VPOS="1184" WIDTH="40" HEIGHT="31" CONTENT="to" WC="0.67" CC="60"/>
						<SP ID="P45_SP00802" HPOS="2688" VPOS="1220" WIDTH="32"/>
						<String ID="P45_ST00956" HPOS="2720" VPOS="1174" WIDTH="67" HEIGHT="43" CONTENT="the" WC="0.97" CC="501"/>
						<SP ID="P45_SP00803" HPOS="2787" VPOS="1220" WIDTH="33"/>
						<String ID="P45_ST00957" HPOS="2820" VPOS="1174" WIDTH="107" HEIGHT="44" CONTENT="book" WC="0.96" CC="6360"/>
					</TextLine>
					<TextLine ID="P45_TL00152" HPOS="2031" VPOS="1226" WIDTH="896" HEIGHT="58">
						<String ID="P45_ST00958" HPOS="2031" VPOS="1226" WIDTH="180" HEIGHT="43" CONTENT="boomers" WC="0.98" CC="0576137"/>
						<SP ID="P45_SP00804" HPOS="2211" VPOS="1269" WIDTH="51"/>
						<String ID="P45_ST00959" HPOS="2262" VPOS="1229" WIDTH="79" HEIGHT="43" CONTENT="and" WC="0.96" CC="090"/>
						<SP ID="P45_SP00805" HPOS="2341" VPOS="1272" WIDTH="52"/>
						<String ID="P45_ST00960" HPOS="2393" VPOS="1247" WIDTH="77" HEIGHT="37" CONTENT="any" WC="0.96" CC="630"/>
						<SP ID="P45_SP00806" HPOS="2470" VPOS="1284" WIDTH="51"/>
						<String ID="P45_ST00961" HPOS="2521" VPOS="1231" WIDTH="107" HEIGHT="43" CONTENT="book" WC="0.98" CC="6030"/>
						<SP ID="P45_SP00807" HPOS="2628" VPOS="1284" WIDTH="53"/>
						<String ID="P45_ST00962" HPOS="2681" VPOS="1233" WIDTH="246" HEIGHT="44" CONTENT="bunkumites" WC="0.56" CC="0678307900"/>
					</TextLine>
					<TextLine ID="P45_TL00153" HPOS="2030" VPOS="1286" WIDTH="580" HEIGHT="57">
						<String ID="P45_ST00963" HPOS="2030" VPOS="1286" WIDTH="93" HEIGHT="42" CONTENT="who" WC="0.95" CC="076"/>
						<SP ID="P45_SP00808" HPOS="2123" VPOS="1328" WIDTH="31"/>
						<String ID="P45_ST00964" HPOS="2154" VPOS="1304" WIDTH="64" HEIGHT="25" CONTENT="are" WC="0.98" CC="022"/>
						<SP ID="P45_SP00809" HPOS="2218" VPOS="1329" WIDTH="33"/>
						<String ID="P45_ST00965" HPOS="2251" VPOS="1287" WIDTH="164" HEIGHT="56" CONTENT="hanging" WC="0.98" CC="0629565"/>
						<SP ID="P45_SP00810" HPOS="2415" VPOS="1343" WIDTH="32"/>
						<String ID="P45_ST00966" HPOS="2447" VPOS="1291" WIDTH="163" HEIGHT="42" CONTENT="around." WC="0.99" CC="0450704"/>
					</TextLine>
					<TextLine ID="P45_TL00154" HPOS="2090" VPOS="1346" WIDTH="838" HEIGHT="61">
						<String ID="P45_ST00967" HPOS="2090" VPOS="1346" WIDTH="117" HEIGHT="43" CONTENT="Then" WC="0.98" CC="3030"/>
						<SP ID="P45_SP00811" HPOS="2207" VPOS="1389" WIDTH="31"/>
						<String ID="P45_ST00968" HPOS="2238" VPOS="1347" WIDTH="148" HEIGHT="43" CONTENT="deduct" WC="0.97" CC="929406"/>
						<SP ID="P45_SP00812" HPOS="2386" VPOS="1390" WIDTH="33"/>
						<String ID="P45_ST00969" HPOS="2419" VPOS="1348" WIDTH="45" HEIGHT="46" CONTENT="" WC="1.00" CC="0"/>
						<SP ID="P45_SP00813" HPOS="2464" VPOS="1394" WIDTH="33"/>
						<String ID="P45_ST00970" HPOS="2497" VPOS="1350" WIDTH="87" HEIGHT="43" CONTENT="250" WC="0.96" CC="010"/>
						<SP ID="P45_SP00814" HPOS="2584" VPOS="1394" WIDTH="32"/>
						<String ID="P45_ST00971" HPOS="2616" VPOS="1350" WIDTH="60" HEIGHT="44" CONTENT="for" WC="0.95" CC="804"/>
						<SP ID="P45_SP00815" HPOS="2676" VPOS="1394" WIDTH="32"/>
						<String ID="P45_ST00972" HPOS="2708" VPOS="1354" WIDTH="131" HEIGHT="53" CONTENT="copies" WC="0.98" CC="240708"/>
						<SP ID="P45_SP00816" HPOS="2839" VPOS="1407" WIDTH="23"/>
						<String ID="P45_ST00973" HPOS="2862" VPOS="1364" WIDTH="66" HEIGHT="31" CONTENT="not" WC="0.93" CC="386"/>
					</TextLine>
					<TextLine ID="P45_TL00155" HPOS="2028" VPOS="1404" WIDTH="897" HEIGHT="52">
						<String ID="P45_ST00974" HPOS="2028" VPOS="1404" WIDTH="86" HEIGHT="43" CONTENT="sold" WC="0.97" CC="7050"/>
						<SP ID="P45_SP00817" HPOS="2114" VPOS="1447" WIDTH="34"/>
						<String ID="P45_ST00975" HPOS="2148" VPOS="1406" WIDTH="69" HEIGHT="42" CONTENT="but" WC="0.96" CC="640"/>
						<SP ID="P45_SP00818" HPOS="2217" VPOS="1448" WIDTH="31"/>
						<String ID="P45_ST00976" HPOS="2248" VPOS="1418" WIDTH="83" HEIGHT="31" CONTENT="sent" WC="0.95" CC="7464"/>
						<SP ID="P45_SP00819" HPOS="2331" VPOS="1449" WIDTH="32"/>
						<String ID="P45_ST00977" HPOS="2363" VPOS="1416" WIDTH="24" HEIGHT="14" CONTENT="44" STYLE="superscript" WC="0.54" CC="44"/>
						<SP ID="P45_SP00820" HPOS="2387" VPOS="1449" WIDTH="21"/>
						<String ID="P45_ST00978" HPOS="2408" VPOS="1408" WIDTH="59" HEIGHT="42" CONTENT="for" WC="0.92" CC="785"/>
						<SP ID="P45_SP00821" HPOS="2467" VPOS="1450" WIDTH="31"/>
						<String ID="P45_ST00979" HPOS="2498" VPOS="1409" WIDTH="136" HEIGHT="44" CONTENT="favour" WC="0.98" CC="670560"/>
						<SP ID="P45_SP00822" HPOS="2634" VPOS="1453" WIDTH="23"/>
						<String ID="P45_ST00980" HPOS="2657" VPOS="1411" WIDTH="42" HEIGHT="43" CONTENT="of" WC="0.72" CC="05"/>
						<SP ID="P45_SP00823" HPOS="2699" VPOS="1454" WIDTH="23"/>
						<String ID="P45_ST00981" HPOS="2722" VPOS="1414" WIDTH="143" HEIGHT="40" CONTENT="review" WC="0.99" CC="100060"/>
						<SP ID="P45_SP00824" HPOS="2865" VPOS="1454" WIDTH="20"/>
						<String ID="P45_ST00982" HPOS="2885" VPOS="1411" WIDTH="40" HEIGHT="45" CONTENT='".' WC="0.44" CC="64"/>
					</TextLine>
					<TextLine ID="P45_TL00156" HPOS="2102" VPOS="1465" WIDTH="824" HEIGHT="57">
						<String ID="P45_ST00983" HPOS="2102" VPOS="1465" WIDTH="87" HEIGHT="43" CONTENT="This" WC="0.96" CC="8640"/>
						<SP ID="P45_SP00825" HPOS="2189" VPOS="1508" WIDTH="31"/>
						<String ID="P45_ST00984" HPOS="2220" VPOS="1467" WIDTH="49" HEIGHT="41" CONTENT="all" WC="0.97" CC="070"/>
						<SP ID="P45_SP00826" HPOS="2269" VPOS="1508" WIDTH="33"/>
						<String ID="P45_ST00985" HPOS="2302" VPOS="1478" WIDTH="153" HEIGHT="32" CONTENT="mounts" WC="0.97" CC="805670"/>
						<SP ID="P45_SP00827" HPOS="2455" VPOS="1510" WIDTH="42"/>
						<String ID="P45_ST00986" HPOS="2497" VPOS="1486" WIDTH="52" HEIGHT="36" CONTENT="up" WC="1.00" CC="00"/>
						<SP ID="P45_SP00828" HPOS="2549" VPOS="1522" WIDTH="21"/>
						<String ID="P45_ST00987" HPOS="2570" VPOS="1487" WIDTH="11" HEIGHT="32" CONTENT=";" WC="0.86" CC="1"/>
						<SP ID="P45_SP00829" HPOS="2581" VPOS="1522" WIDTH="32"/>
						<String ID="P45_ST00988" HPOS="2613" VPOS="1473" WIDTH="26" HEIGHT="39" CONTENT="it" WC="0.29" CC="76"/>
						<SP ID="P45_SP00830" HPOS="2639" VPOS="1522" WIDTH="33"/>
						<String ID="P45_ST00989" HPOS="2672" VPOS="1472" WIDTH="156" HEIGHT="42" CONTENT="reaches" WC="0.97" CC="4575787"/>
						<SP ID="P45_SP00831" HPOS="2828" VPOS="1522" WIDTH="33"/>
						<String ID="P45_ST00990" HPOS="2861" VPOS="1470" WIDTH="65" HEIGHT="44" CONTENT="the" WC="0.99" CC="300"/>
					</TextLine>
					<TextLine ID="P45_TL00157" HPOS="2027" VPOS="1525" WIDTH="901" HEIGHT="61">
						<String ID="P45_ST00991" HPOS="2027" VPOS="1541" WIDTH="86" HEIGHT="25" CONTENT="sum" WC="0.90" CC="889"/>
						<SP ID="P45_SP00832" HPOS="2113" VPOS="1566" WIDTH="32"/>
						<String ID="P45_ST00992" HPOS="2145" VPOS="1525" WIDTH="42" HEIGHT="42" CONTENT="of" WC="0.78" CC="04"/>
						<SP ID="P45_SP00833" HPOS="2187" VPOS="1567" WIDTH="32"/>
						<String ID="P45_ST00993" HPOS="2219" VPOS="1525" WIDTH="45" HEIGHT="46" CONTENT="" WC="0.25" CC="7"/>
						<SP ID="P45_SP00834" HPOS="2264" VPOS="1571" WIDTH="31"/>
						<String ID="P45_ST00994" HPOS="2295" VPOS="1527" WIDTH="109" HEIGHT="44" CONTENT="1250" WC="0.68" CC="7005"/>
						<SP ID="P45_SP00835" HPOS="2404" VPOS="1571" WIDTH="20"/>
						<String ID="P45_ST00995" HPOS="2424" VPOS="1527" WIDTH="94" HEIGHT="43" CONTENT=":that" WC="0.71" CC="00057"/>
						<SP ID="P45_SP00836" HPOS="2518" VPOS="1571" WIDTH="33"/>
						<String ID="P45_ST00996" HPOS="2551" VPOS="1547" WIDTH="61" HEIGHT="24" CONTENT="we" WC="0.98" CC="00"/>
						<SP ID="P45_SP00837" HPOS="2612" VPOS="1571" WIDTH="24"/>
						<String ID="P45_ST00997" HPOS="2636" VPOS="1531" WIDTH="78" HEIGHT="43" CONTENT="will" WC="0.97" CC="0770"/>
						<SP ID="P45_SP00838" HPOS="2714" VPOS="1574" WIDTH="31"/>
						<String ID="P45_ST00998" HPOS="2745" VPOS="1549" WIDTH="68" HEIGHT="36" CONTENT="say" WC="0.94" CC="790"/>
						<SP ID="P45_SP00839" HPOS="2813" VPOS="1585" WIDTH="22"/>
						<String ID="P45_ST00999" HPOS="2835" VPOS="1531" WIDTH="93" HEIGHT="55" CONTENT="only" WC="0.95" CC="0669"/>
					</TextLine>
					<TextLine ID="P45_TL00158" HPOS="2029" VPOS="1583" WIDTH="898" HEIGHT="51">
						<String ID="P45_ST01000" HPOS="2029" VPOS="1583" WIDTH="127" HEIGHT="43" CONTENT="leaves" WC="0.98" CC="640057"/>
						<SP ID="P45_SP00840" HPOS="2156" VPOS="1626" WIDTH="22"/>
						<String ID="P45_ST01001" HPOS="2178" VPOS="1585" WIDTH="121" HEIGHT="43" CONTENT="about" WC="0.98" CC="07430"/>
						<SP ID="P45_SP00841" HPOS="2299" VPOS="1628" WIDTH="24"/>
						<String ID="P45_ST01002" HPOS="2323" VPOS="1586" WIDTH="45" HEIGHT="46" CONTENT="" WC="1.00" CC="0"/>
						<SP ID="P45_SP00842" HPOS="2368" VPOS="1632" WIDTH="29"/>
						<String ID="P45_ST01003" HPOS="2397" VPOS="1588" WIDTH="10" HEIGHT="42" CONTENT="1" WC="0.35" CC="6"/>
						<SP ID="P45_SP00843" HPOS="2407" VPOS="1632" WIDTH="15"/>
						<String ID="P45_ST01004" HPOS="2422" VPOS="1588" WIDTH="86" HEIGHT="42" CONTENT="000" WC="0.57" CC="065"/>
						<SP ID="P45_SP00844" HPOS="2508" VPOS="1632" WIDTH="22"/>
						<String ID="P45_ST01005" HPOS="2530" VPOS="1606" WIDTH="106" HEIGHT="26" CONTENT="over." WC="0.99" CC="20124"/>
						<SP ID="P45_SP00845" HPOS="2636" VPOS="1632" WIDTH="23"/>
						<String ID="P45_ST01006" HPOS="2659" VPOS="1590" WIDTH="90" HEIGHT="43" CONTENT="The" WC="0.97" CC="070"/>
						<SP ID="P45_SP00846" HPOS="2749" VPOS="1633" WIDTH="22"/>
						<String ID="P45_ST01007" HPOS="2771" VPOS="1590" WIDTH="156" HEIGHT="44" CONTENT="Oxford" WC="0.99" CC="006410"/>
					</TextLine>
					<TextLine ID="P45_TL00159" HPOS="2029" VPOS="1643" WIDTH="895" HEIGHT="60">
						<String ID="P45_ST01008" HPOS="2029" VPOS="1643" WIDTH="226" HEIGHT="56" CONTENT="University" WC="0.99" CC="7672202700"/>
						<SP ID="P45_SP00847" HPOS="2255" VPOS="1699" WIDTH="54"/>
						<String ID="P45_ST01009" HPOS="2309" VPOS="1646" WIDTH="113" HEIGHT="43" CONTENT="Press" WC="0.99" CC="14000"/>
						<SP ID="P45_SP00848" HPOS="2422" VPOS="1699" WIDTH="52"/>
						<String ID="P45_ST01010" HPOS="2474" VPOS="1646" WIDTH="106" HEIGHT="44" CONTENT="takes" WC="1.00" CC="00000"/>
						<SP ID="P45_SP00849" HPOS="2580" VPOS="1699" WIDTH="51"/>
						<String ID="P45_ST01011" HPOS="2631" VPOS="1649" WIDTH="293" HEIGHT="54" CONTENT="somethingl" WC="0.99" CC="04619075085"/>
					</TextLine>
					<TextLine ID="P45_TL00160" HPOS="2028" VPOS="1701" WIDTH="898" HEIGHT="60">
						<String ID="P45_ST01012" HPOS="2028" VPOS="1701" WIDTH="110" HEIGHT="45" CONTENT="don't" WC="0.96" CC="90747"/>
						<SP ID="P45_SP00850" HPOS="2138" VPOS="1746" WIDTH="35"/>
						<String ID="P45_ST01013" HPOS="2173" VPOS="1715" WIDTH="106" HEIGHT="31" CONTENT="want" WC="0.96" CC="6706"/>
						<SP ID="P45_SP00851" HPOS="2279" VPOS="1746" WIDTH="33"/>
						<String ID="P45_ST01014" HPOS="2312" VPOS="1717" WIDTH="40" HEIGHT="31" CONTENT="to" WC="0.31" CC="76"/>
						<SP ID="P45_SP00852" HPOS="2352" VPOS="1748" WIDTH="32"/>
						<String ID="P45_ST01015" HPOS="2384" VPOS="1724" WIDTH="168" HEIGHT="37" CONTENT="suppose" WC="0.98" CC="7507002"/>
						<SP ID="P45_SP00853" HPOS="2552" VPOS="1761" WIDTH="32"/>
						<String ID="P45_ST01016" HPOS="2584" VPOS="1707" WIDTH="90" HEIGHT="45" CONTENT="how" WC="0.92" CC="758"/>
						<SP ID="P45_SP00854" HPOS="2674" VPOS="1761" WIDTH="40"/>
						<String ID="P45_ST01017" HPOS="2714" VPOS="1708" WIDTH="139" HEIGHT="51" CONTENT="little,-" WC="0.99" CC="06504028"/>
						<SP ID="P45_SP00855" HPOS="2853" VPOS="1761" WIDTH="31"/>
						<String ID="P45_ST01018" HPOS="2884" VPOS="1728" WIDTH="42" HEIGHT="24" CONTENT="so" WC="0.31" CC="76"/>
					</TextLine>
					<TextLine ID="P45_TL00161" HPOS="2028" VPOS="1762" WIDTH="897" HEIGHT="60">
						<String ID="P45_ST01019" HPOS="2028" VPOS="1762" WIDTH="82" HEIGHT="42" CONTENT="that" WC="0.98" CC="0008"/>
						<SP ID="P45_SP00856" HPOS="2110" VPOS="1804" WIDTH="33"/>
						<String ID="P45_ST01020" HPOS="2143" VPOS="1762" WIDTH="139" HEIGHT="44" CONTENT="what's" WC="0.97" CC="604647"/>
						<SP ID="P45_SP00857" HPOS="2282" VPOS="1806" WIDTH="47"/>
						<String ID="P45_ST01021" HPOS="2329" VPOS="1783" WIDTH="93" HEIGHT="25" CONTENT="over" WC="0.96" CC="1906"/>
						<SP ID="P45_SP00858" HPOS="2422" VPOS="1808" WIDTH="32"/>
						<String ID="P45_ST01022" HPOS="2454" VPOS="1766" WIDTH="60" HEIGHT="43" CONTENT="for" WC="0.95" CC="650"/>
						<SP ID="P45_SP00859" HPOS="2514" VPOS="1809" WIDTH="31"/>
						<String ID="P45_ST01023" HPOS="2545" VPOS="1784" WIDTH="70" HEIGHT="25" CONTENT="our" WC="0.96" CC="081"/>
						<SP ID="P45_SP00860" HPOS="2615" VPOS="1809" WIDTH="42"/>
						<String ID="P45_ST01024" HPOS="2657" VPOS="1786" WIDTH="97" HEIGHT="36" CONTENT="poor" WC="0.96" CC="0586"/>
						<SP ID="P45_SP00861" HPOS="2754" VPOS="1822" WIDTH="31"/>
						<String ID="P45_ST01025" HPOS="2785" VPOS="1771" WIDTH="102" HEIGHT="42" CONTENT="artist" WC="0.98" CC="009540"/>
						<SP ID="P45_SP00862" HPOS="2887" VPOS="1822" WIDTH="19"/>
						<String ID="P45_ST01026" HPOS="2906" VPOS="1775" WIDTH="19" HEIGHT="37" CONTENT="?" WC="1.00" CC="0"/>
					</TextLine>
					<TextLine ID="P45_TL00162" HPOS="2027" VPOS="1821" WIDTH="532" HEIGHT="58">
						<String ID="P45_ST01027" HPOS="2027" VPOS="1821" WIDTH="160" HEIGHT="44" CONTENT="Believe" WC="0.99" CC="0405420"/>
						<SP ID="P45_SP00863" HPOS="2187" VPOS="1865" WIDTH="33"/>
						<String ID="P45_ST01028" HPOS="2220" VPOS="1841" WIDTH="74" HEIGHT="31" CONTENT="me," WC="0.97" CC="402"/>
						<SP ID="P45_SP00864" HPOS="2294" VPOS="1872" WIDTH="32"/>
						<String ID="P45_ST01029" HPOS="2326" VPOS="1824" WIDTH="92" HEIGHT="55" CONTENT="jolly" WC="0.97" CC="27059"/>
						<SP ID="P45_SP00865" HPOS="2418" VPOS="1879" WIDTH="32"/>
						<String ID="P45_ST01030" HPOS="2450" VPOS="1825" WIDTH="109" HEIGHT="43" CONTENT="little." WC="0.98" CC="0477144"/>
					</TextLine>
					<TextLine ID="P45_TL00163" HPOS="2084" VPOS="1881" WIDTH="839" HEIGHT="59">
						<String ID="P45_ST01031" HPOS="2084" VPOS="1881" WIDTH="133" HEIGHT="44" CONTENT="There" WC="0.99" CC="00004"/>
						<SP ID="P45_SP00866" HPOS="2217" VPOS="1925" WIDTH="49"/>
						<String ID="P45_ST01032" HPOS="2266" VPOS="1901" WIDTH="66" HEIGHT="25" CONTENT="are" WC="0.96" CC="054"/>
						<SP ID="P45_SP00867" HPOS="2332" VPOS="1926" WIDTH="50"/>
						<String ID="P45_ST01033" HPOS="2382" VPOS="1886" WIDTH="146" HEIGHT="42" CONTENT="sixteen" WC="0.99" CC="0400107"/>
						<SP ID="P45_SP00868" HPOS="2528" VPOS="1928" WIDTH="47"/>
						<String ID="P45_ST01034" HPOS="2575" VPOS="1886" WIDTH="151" HEIGHT="54" CONTENT="designs" WC="0.98" CC="0001887"/>
						<SP ID="P45_SP00869" HPOS="2726" VPOS="1940" WIDTH="45"/>
						<String ID="P45_ST01035" HPOS="2771" VPOS="1889" WIDTH="39" HEIGHT="42" CONTENT="in" WC="0.11" CC="79"/>
						<SP ID="P45_SP00870" HPOS="2810" VPOS="1940" WIDTH="47"/>
						<String ID="P45_ST01036" HPOS="2857" VPOS="1889" WIDTH="66" HEIGHT="43" CONTENT="the" WC="0.98" CC="400"/>
					</TextLine>
					<TextLine ID="P45_TL00164" HPOS="2025" VPOS="1940" WIDTH="897" HEIGHT="52">
						<String ID="P45_ST01037" HPOS="2025" VPOS="1940" WIDTH="119" HEIGHT="50" CONTENT="book," WC="0.98" CC="66004"/>
						<SP ID="P45_SP00871" HPOS="2144" VPOS="1990" WIDTH="34"/>
						<String ID="P45_ST01038" HPOS="2178" VPOS="1941" WIDTH="176" HEIGHT="45" CONTENT="fourteen" WC="0.98" CC="64139007"/>
						<SP ID="P45_SP00872" HPOS="2354" VPOS="1990" WIDTH="33"/>
						<String ID="P45_ST01039" HPOS="2387" VPOS="1943" WIDTH="59" HEIGHT="44" CONTENT="for" WC="0.94" CC="707"/>
						<SP ID="P45_SP00873" HPOS="2446" VPOS="1990" WIDTH="47"/>
						<String ID="P45_ST01040" HPOS="2493" VPOS="1956" WIDTH="191" HEIGHT="32" CONTENT="costumes" WC="0.98" CC="10764657"/>
						<SP ID="P45_SP00874" HPOS="2684" VPOS="1990" WIDTH="48"/>
						<String ID="P45_ST01041" HPOS="2732" VPOS="1948" WIDTH="79" HEIGHT="42" CONTENT="and" WC="0.98" CC="410"/>
						<SP ID="P45_SP00875" HPOS="2811" VPOS="1990" WIDTH="30"/>
						<String ID="P45_ST01042" HPOS="2841" VPOS="1959" WIDTH="81" HEIGHT="33" CONTENT="two" WC="0.95" CC="336"/>
					</TextLine>
					<TextLine ID="P45_TL00165" HPOS="2016" VPOS="2000" WIDTH="234" HEIGHT="49">
						<String ID="P45_ST01043" HPOS="2016" VPOS="2000" WIDTH="60" HEIGHT="43" CONTENT="for" WC="0.92" CC="795"/>
						<SP ID="P45_SP00876" HPOS="2076" VPOS="2043" WIDTH="30"/>
						<String ID="P45_ST01044" HPOS="2106" VPOS="2019" WIDTH="144" HEIGHT="30" CONTENT="scenes," WC="0.98" CC="3016962"/>
					</TextLine>
					<TextLine ID="P45_TL00166" HPOS="2080" VPOS="2061" WIDTH="839" HEIGHT="58">
						<String ID="P45_ST01045" HPOS="2080" VPOS="2061" WIDTH="93" HEIGHT="42" CONTENT="The" WC="0.97" CC="071"/>
						<SP ID="P45_SP00877" HPOS="2173" VPOS="2103" WIDTH="23"/>
						<String ID="P45_ST01046" HPOS="2196" VPOS="2072" WIDTH="190" HEIGHT="33" CONTENT="costumes" WC="0.99" CC="15060607"/>
						<SP ID="P45_SP00878" HPOS="2386" VPOS="2105" WIDTH="21"/>
						<String ID="P45_ST01047" HPOS="2407" VPOS="2080" WIDTH="64" HEIGHT="26" CONTENT="are" WC="0.97" CC="510"/>
						<SP ID="P45_SP00879" HPOS="2471" VPOS="2106" WIDTH="21"/>
						<String ID="P45_ST01048" HPOS="2492" VPOS="2063" WIDTH="196" HEIGHT="56" CONTENT="charming" WC="0.98" CC="40677479"/>
						<SP ID="P45_SP00880" HPOS="2688" VPOS="2119" WIDTH="21"/>
						<String ID="P45_ST01049" HPOS="2709" VPOS="2066" WIDTH="77" HEIGHT="43" CONTENT="and" WC="0.99" CC="030"/>
						<SP ID="P45_SP00881" HPOS="2786" VPOS="2119" WIDTH="20"/>
						<String ID="P45_ST01050" HPOS="2806" VPOS="2067" WIDTH="91" HEIGHT="43" CONTENT="char" SUBS_TYPE="HypPart1" SUBS_CONTENT="charmingly" WC="0.97" CC="3066"/>
						<HYP HPOS="2897" VPOS="2067" WIDTH="22" CONTENT="-"/>
					</TextLine>
					<TextLine ID="P45_TL00167" HPOS="2024" VPOS="2120" WIDTH="901" HEIGHT="58">
						<String ID="P45_ST01051" HPOS="2024" VPOS="2120" WIDTH="145" HEIGHT="54" CONTENT="mingly" SUBS_TYPE="HypPart2" SUBS_CONTENT="charmingly" WC="0.98" CC="770800"/>
						<SP ID="P45_SP00882" HPOS="2169" VPOS="2174" WIDTH="33"/>
						<String ID="P45_ST01052" HPOS="2202" VPOS="2120" WIDTH="139" HEIGHT="44" CONTENT="drawn" WC="0.97" CC="95008"/>
						<SP ID="P45_SP00883" HPOS="2341" VPOS="2174" WIDTH="30"/>
						<String ID="P45_ST01053" HPOS="2371" VPOS="2124" WIDTH="54" HEIGHT="41" CONTENT="in." WC="0.93" CC="774"/>
						<SP ID="P45_SP00884" HPOS="2425" VPOS="2174" WIDTH="61"/>
						<String ID="P45_ST01054" HPOS="2486" VPOS="2122" WIDTH="118" HEIGHT="56" CONTENT="They" WC="1.00" CC="0000"/>
						<SP ID="P45_SP00885" HPOS="2604" VPOS="2178" WIDTH="31"/>
						<String ID="P45_ST01055" HPOS="2635" VPOS="2125" WIDTH="86" HEIGHT="44" CONTENT="lean" WC="0.97" CC="4027"/>
						<SP ID="P45_SP00886" HPOS="2721" VPOS="2178" WIDTH="30"/>
						<String ID="P45_ST01056" HPOS="2751" VPOS="2126" WIDTH="174" HEIGHT="43" CONTENT="towards" WC="0.99" CC="0090005"/>
					</TextLine>
					<TextLine ID="P45_TL00168" HPOS="2023" VPOS="2180" WIDTH="900" HEIGHT="54">
						<String ID="P45_ST01057" HPOS="2023" VPOS="2180" WIDTH="65" HEIGHT="42" CONTENT="the" WC="0.93" CC="692"/>
						<SP ID="P45_SP00887" HPOS="2088" VPOS="2222" WIDTH="33"/>
						<String ID="P45_ST01058" HPOS="2121" VPOS="2181" WIDTH="173" HEIGHT="53" CONTENT="pictorial" WC="0.98" CC="065991514"/>
						<SP ID="P45_SP00888" HPOS="2294" VPOS="2234" WIDTH="32"/>
						<String ID="P45_ST01059" HPOS="2326" VPOS="2182" WIDTH="128" HEIGHT="43" CONTENT="rather" WC="0.99" CC="000046"/>
						<SP ID="P45_SP00889" HPOS="2454" VPOS="2234" WIDTH="48"/>
						<String ID="P45_ST01060" HPOS="2502" VPOS="2182" WIDTH="92" HEIGHT="44" CONTENT="than" WC="0.96" CC="5066"/>
						<SP ID="P45_SP00890" HPOS="2594" VPOS="2234" WIDTH="31"/>
						<String ID="P45_ST01061" HPOS="2625" VPOS="2184" WIDTH="67" HEIGHT="43" CONTENT="the" WC="0.94" CC="907"/>
						<SP ID="P45_SP00891" HPOS="2692" VPOS="2234" WIDTH="31"/>
						<String ID="P45_ST01062" HPOS="2723" VPOS="2185" WIDTH="200" HEIGHT="45" CONTENT="dramatic." WC="0.99" CC="970900330"/>
					</TextLine>
					<TextLine ID="P45_TL00169" HPOS="2023" VPOS="2237" WIDTH="901" HEIGHT="51">
						<String ID="P45_ST01063" HPOS="2023" VPOS="2237" WIDTH="32" HEIGHT="44" CONTENT="If" WC="0.28" CC="68"/>
						<SP ID="P45_SP00892" HPOS="2055" VPOS="2281" WIDTH="33"/>
						<String ID="P45_ST01064" HPOS="2088" VPOS="2239" WIDTH="14" HEIGHT="43" CONTENT="I" WC="0.77" CC="2"/>
						<SP ID="P45_SP00893" HPOS="2102" VPOS="2282" WIDTH="33"/>
						<String ID="P45_ST01065" HPOS="2135" VPOS="2258" WIDTH="64" HEIGHT="24" CONTENT="see" WC="0.96" CC="503"/>
						<SP ID="P45_SP00894" HPOS="2199" VPOS="2282" WIDTH="32"/>
						<String ID="P45_ST01066" HPOS="2231" VPOS="2258" WIDTH="22" HEIGHT="24" CONTENT="a" WC="0.51" CC="4"/>
						<SP ID="P45_SP00895" HPOS="2253" VPOS="2282" WIDTH="31"/>
						<String ID="P45_ST01067" HPOS="2284" VPOS="2240" WIDTH="135" HEIGHT="44" CONTENT="sketch" WC="0.98" CC="605607"/>
						<SP ID="P45_SP00896" HPOS="2419" VPOS="2284" WIDTH="23"/>
						<String ID="P45_ST01068" HPOS="2442" VPOS="2241" WIDTH="58" HEIGHT="43" CONTENT="for" WC="0.93" CC="664"/>
						<SP ID="P45_SP00897" HPOS="2500" VPOS="2284" WIDTH="23"/>
						<String ID="P45_ST01069" HPOS="2523" VPOS="2260" WIDTH="22" HEIGHT="24" CONTENT="a" WC="1.00" CC="0"/>
						<SP ID="P45_SP00898" HPOS="2545" VPOS="2284" WIDTH="22"/>
						<String ID="P45_ST01070" HPOS="2567" VPOS="2254" WIDTH="173" HEIGHT="33" CONTENT="costume" WC="0.98" CC="0073370"/>
						<SP ID="P45_SP00899" HPOS="2740" VPOS="2287" WIDTH="31"/>
						<String ID="P45_ST01071" HPOS="2771" VPOS="2245" WIDTH="13" HEIGHT="43" CONTENT="I" WC="1.00" CC="0"/>
						<SP ID="P45_SP00900" HPOS="2784" VPOS="2288" WIDTH="33"/>
						<String ID="P45_ST01072" HPOS="2817" VPOS="2256" WIDTH="107" HEIGHT="32" CONTENT="want" WC="0.95" CC="8466"/>
					</TextLine>
					<TextLine ID="P45_TL00170" HPOS="2018" VPOS="2298" WIDTH="903" HEIGHT="56">
						<String ID="P45_ST01073" HPOS="2018" VPOS="2309" WIDTH="44" HEIGHT="31" CONTENT="to" WC="0.71" CC="05"/>
						<SP ID="P45_SP00901" HPOS="2062" VPOS="2340" WIDTH="33"/>
						<String ID="P45_ST01074" HPOS="2095" VPOS="2298" WIDTH="50" HEIGHT="43" CONTENT="be" WC="0.65" CC="60"/>
						<SP ID="P45_SP00902" HPOS="2145" VPOS="2341" WIDTH="39"/>
						<String ID="P45_ST01075" HPOS="2184" VPOS="2299" WIDTH="88" HEIGHT="43" CONTENT="able" WC="0.96" CC="5085"/>
						<SP ID="P45_SP00903" HPOS="2272" VPOS="2342" WIDTH="48"/>
						<String ID="P45_ST01076" HPOS="2320" VPOS="2311" WIDTH="40" HEIGHT="32" CONTENT="to" WC="0.67" CC="06"/>
						<SP ID="P45_SP00904" HPOS="2360" VPOS="2343" WIDTH="46"/>
						<String ID="P45_ST01077" HPOS="2406" VPOS="2318" WIDTH="67" HEIGHT="36" CONTENT="say" WC="0.95" CC="660"/>
						<SP ID="P45_SP00905" HPOS="2473" VPOS="2354" WIDTH="50"/>
						<String ID="P45_ST01078" HPOS="2523" VPOS="2312" WIDTH="38" HEIGHT="32" CONTENT="at" WC="0.76" CC="04"/>
						<SP ID="P45_SP00906" HPOS="2561" VPOS="2354" WIDTH="49"/>
						<String ID="P45_ST01079" HPOS="2610" VPOS="2321" WIDTH="97" HEIGHT="25" CONTENT="once" WC="0.96" CC="2562"/>
						<SP ID="P45_SP00907" HPOS="2707" VPOS="2354" WIDTH="50"/>
						<String ID="P45_ST01080" HPOS="2757" VPOS="2304" WIDTH="164" HEIGHT="45" CONTENT="without" WC="0.97" CC="7697189"/>
					</TextLine>
					<TextLine ID="P45_TL00171" HPOS="2024" VPOS="2357" WIDTH="899" HEIGHT="58">
						<String ID="P45_ST01081" HPOS="2024" VPOS="2357" WIDTH="158" HEIGHT="54" CONTENT="looking" WC="0.99" CC="0010009"/>
						<SP ID="P45_SP00908" HPOS="2182" VPOS="2411" WIDTH="51"/>
						<String ID="P45_ST01082" HPOS="2233" VPOS="2371" WIDTH="38" HEIGHT="30" CONTENT="at" WC="0.33" CC="57"/>
						<SP ID="P45_SP00909" HPOS="2271" VPOS="2411" WIDTH="52"/>
						<String ID="P45_ST01083" HPOS="2323" VPOS="2378" WIDTH="78" HEIGHT="37" CONTENT="any" WC="0.95" CC="570"/>
						<SP ID="P45_SP00910" HPOS="2401" VPOS="2415" WIDTH="52"/>
						<String ID="P45_ST01084" HPOS="2453" VPOS="2361" WIDTH="116" HEIGHT="43" CONTENT="index" WC="0.96" CC="76909"/>
						<SP ID="P45_SP00911" HPOS="2569" VPOS="2415" WIDTH="55"/>
						<String ID="P45_ST01085" HPOS="2624" VPOS="2371" WIDTH="25" HEIGHT="16" CONTENT="44" STYLE="superscript" WC="0.55" CC="44"/>
						<SP ID="P45_SP00912" HPOS="2649" VPOS="2415" WIDTH="24"/>
						<String ID="P45_ST01086" HPOS="2673" VPOS="2364" WIDTH="140" HEIGHT="42" CONTENT="That's" WC="0.99" CC="000740"/>
						<SP ID="P45_SP00913" HPOS="2813" VPOS="2415" WIDTH="52"/>
						<String ID="P45_ST01087" HPOS="2865" VPOS="2365" WIDTH="58" HEIGHT="42" CONTENT="for" WC="0.97" CC="602"/>
					</TextLine>
					<TextLine ID="P45_TL00172" HPOS="2020" VPOS="2418" WIDTH="903" HEIGHT="60">
						<String ID="P45_ST01088" HPOS="2020" VPOS="2425" WIDTH="24" HEIGHT="16" CONTENT="44" STYLE="superscript" WC="0.55" CC="44"/>
						<SP ID="P45_SP00914" HPOS="2044" VPOS="2441" WIDTH="32"/>
						<String ID="P45_ST01089" HPOS="2076" VPOS="2418" WIDTH="190" HEIGHT="43" CONTENT="Macbeth" WC="0.99" CC="2056500"/>
						<SP ID="P45_SP00915" HPOS="2266" VPOS="2461" WIDTH="47"/>
						<String ID="P45_ST01090" HPOS="2313" VPOS="2453" WIDTH="9" HEIGHT="14" CONTENT="," WC="0.57" CC="4"/>
						<SP ID="P45_SP00916" HPOS="2322" VPOS="2467" WIDTH="34"/>
						<String ID="P45_ST01091" HPOS="2356" VPOS="2438" WIDTH="80" HEIGHT="36" CONTENT="yes," WC="0.98" CC="0073"/>
						<SP ID="P45_SP00917" HPOS="2436" VPOS="2474" WIDTH="48"/>
						<String ID="P45_ST01092" HPOS="2484" VPOS="2421" WIDTH="78" HEIGHT="42" CONTENT="and" WC="0.94" CC="880"/>
						<SP ID="P45_SP00918" HPOS="2562" VPOS="2474" WIDTH="32"/>
						<String ID="P45_ST01093" HPOS="2594" VPOS="2422" WIDTH="59" HEIGHT="42" CONTENT="for" WC="0.94" CC="636"/>
						<SP ID="P45_SP00919" HPOS="2653" VPOS="2474" WIDTH="44"/>
						<String ID="P45_ST01094" HPOS="2697" VPOS="2423" WIDTH="65" HEIGHT="43" CONTENT="the" WC="0.97" CC="601"/>
						<SP ID="P45_SP00920" HPOS="2762" VPOS="2474" WIDTH="31"/>
						<String ID="P45_ST01095" HPOS="2793" VPOS="2435" WIDTH="130" HEIGHT="43" CONTENT="porter" WC="0.99" CC="066000"/>
					</TextLine>
					<TextLine ID="P45_TL00173" HPOS="2019" VPOS="2477" WIDTH="904" HEIGHT="49">
						<String ID="P45_ST01096" HPOS="2019" VPOS="2478" WIDTH="39" HEIGHT="41" CONTENT="in" WC="0.29" CC="67"/>
						<SP ID="P45_SP00921" HPOS="2058" VPOS="2519" WIDTH="37"/>
						<String ID="P45_ST01097" HPOS="2095" VPOS="2477" WIDTH="193" HEIGHT="44" CONTENT="Macbeth" WC="0.99" CC="0405060"/>
						<SP ID="P45_SP00922" HPOS="2288" VPOS="2521" WIDTH="19"/>
						<String ID="P45_ST01098" HPOS="2307" VPOS="2497" WIDTH="9" HEIGHT="24" CONTENT=":" WC="0.83" CC="1"/>
						<SP ID="P45_SP00923" HPOS="2316" VPOS="2521" WIDTH="35"/>
						<String ID="P45_ST01099" HPOS="2351" VPOS="2497" WIDTH="42" HEIGHT="29" CONTENT="or" WC="0.29" CC="76"/>
						<SP ID="P45_SP00924" HPOS="2393" VPOS="2526" WIDTH="19"/>
						<String ID="P45_ST01100" HPOS="2412" VPOS="2488" WIDTH="24" HEIGHT="15" CONTENT="44" STYLE="superscript" WC="0.44" CC="64"/>
						<SP ID="P45_SP00925" HPOS="2436" VPOS="2526" WIDTH="21"/>
						<String ID="P45_ST01101" HPOS="2457" VPOS="2480" WIDTH="113" HEIGHT="43" CONTENT="that's" WC="0.97" CC="707847"/>
						<SP ID="P45_SP00926" HPOS="2570" VPOS="2526" WIDTH="33"/>
						<String ID="P45_ST01102" HPOS="2603" VPOS="2481" WIDTH="59" HEIGHT="43" CONTENT="for" WC="0.96" CC="604"/>
						<SP ID="P45_SP00927" HPOS="2662" VPOS="2526" WIDTH="33"/>
						<String ID="P45_ST01103" HPOS="2695" VPOS="2483" WIDTH="157" HEIGHT="43" CONTENT="Laertes" WC="0.99" CC="0030620"/>
						<SP ID="P45_SP00928" HPOS="2852" VPOS="2526" WIDTH="31"/>
						<String ID="P45_ST01104" HPOS="2883" VPOS="2485" WIDTH="40" HEIGHT="40" CONTENT="in" WC="0.29" CC="67"/>
					</TextLine>
					<TextLine ID="P45_TL00174" HPOS="2020" VPOS="2537" WIDTH="900" HEIGHT="60">
						<String ID="P45_ST01105" HPOS="2020" VPOS="2538" WIDTH="84" HEIGHT="41" CONTENT="Act" WC="0.96" CC="252"/>
						<SP ID="P45_SP00929" HPOS="2104" VPOS="2579" WIDTH="33"/>
						<String ID="P45_ST01106" HPOS="2137" VPOS="2537" WIDTH="57" HEIGHT="43" CONTENT="V." WC="0.78" CC="04"/>
						<SP ID="P45_SP00930" HPOS="2194" VPOS="2580" WIDTH="23"/>
						<String ID="P45_ST01107" HPOS="2217" VPOS="2538" WIDTH="41" HEIGHT="42" CONTENT="of" WC="0.58" CC="16"/>
						<SP ID="P45_SP00931" HPOS="2258" VPOS="2580" WIDTH="26"/>
						<String ID="P45_ST01108" HPOS="2284" VPOS="2538" WIDTH="218" HEIGHT="44" CONTENT='Hamlet".' WC="0.98" CC="13420774"/>
						<SP ID="P45_SP00932" HPOS="2502" VPOS="2582" WIDTH="54"/>
						<String ID="P45_ST01109" HPOS="2556" VPOS="2540" WIDTH="13" HEIGHT="42" CONTENT="I" WC="0.32" CC="6"/>
						<SP ID="P45_SP00933" HPOS="2569" VPOS="2582" WIDTH="23"/>
						<String ID="P45_ST01110" HPOS="2592" VPOS="2540" WIDTH="138" HEIGHT="44" CONTENT="should" WC="0.98" CC="004429"/>
						<SP ID="P45_SP00934" HPOS="2730" VPOS="2584" WIDTH="24"/>
						<String ID="P45_ST01111" HPOS="2754" VPOS="2542" WIDTH="51" HEIGHT="43" CONTENT="be" WC="0.59" CC="61"/>
						<SP ID="P45_SP00935" HPOS="2805" VPOS="2585" WIDTH="21"/>
						<String ID="P45_ST01112" HPOS="2826" VPOS="2560" WIDTH="71" HEIGHT="37" CONTENT="puz" SUBS_TYPE="HypPart1" SUBS_CONTENT="puzzled" WC="0.97" CC="064"/>
						<HYP HPOS="2897" VPOS="2560" WIDTH="23" CONTENT="-"/>
					</TextLine>
					<TextLine ID="P45_TL00175" HPOS="2018" VPOS="2596" WIDTH="903" HEIGHT="59">
						<String ID="P45_ST01113" HPOS="2018" VPOS="2596" WIDTH="88" HEIGHT="43" CONTENT="zled" SUBS_TYPE="HypPart2" SUBS_CONTENT="puzzled" WC="0.94" CC="6829"/>
						<SP ID="P45_SP00936" HPOS="2106" VPOS="2639" WIDTH="32"/>
						<String ID="P45_ST01114" HPOS="2138" VPOS="2608" WIDTH="42" HEIGHT="31" CONTENT="to" WC="0.69" CC="06"/>
						<SP ID="P45_SP00937" HPOS="2180" VPOS="2639" WIDTH="32"/>
						<String ID="P45_ST01115" HPOS="2212" VPOS="2615" WIDTH="109" HEIGHT="36" CONTENT="guess" WC="0.97" CC="54207"/>
						<SP ID="P45_SP00938" HPOS="2321" VPOS="2651" WIDTH="23"/>
						<String ID="P45_ST01116" HPOS="2344" VPOS="2598" WIDTH="187" HEIGHT="57" CONTENT="correctly" WC="0.99" CC="006560460"/>
						<SP ID="P45_SP00939" HPOS="2531" VPOS="2655" WIDTH="22"/>
						<String ID="P45_ST01117" HPOS="2553" VPOS="2599" WIDTH="123" HEIGHT="45" CONTENT="about" WC="0.97" CC="40365"/>
						<SP ID="P45_SP00940" HPOS="2676" VPOS="2655" WIDTH="32"/>
						<String ID="P45_ST01118" HPOS="2708" VPOS="2601" WIDTH="107" HEIGHT="43" CONTENT="these" WC="0.98" CC="07070"/>
						<SP ID="P45_SP00941" HPOS="2815" VPOS="2655" WIDTH="20"/>
						<String ID="P45_ST01119" HPOS="2835" VPOS="2603" WIDTH="58" HEIGHT="42" CONTENT="Ru" SUBS_TYPE="HypPart1" SUBS_CONTENT="Rutherston" WC="0.48" CC="37"/>
						<HYP HPOS="2893" VPOS="2603" WIDTH="28" CONTENT="-"/>
					</TextLine>
					<TextLine ID="P45_TL00176" HPOS="2015" VPOS="2656" WIDTH="414" HEIGHT="44">
						<String ID="P45_ST01120" HPOS="2015" VPOS="2656" WIDTH="174" HEIGHT="43" CONTENT="therston" SUBS_TYPE="HypPart2" SUBS_CONTENT="Rutherston" WC="0.51" CC="70076197"/>
						<SP ID="P45_SP00942" HPOS="2189" VPOS="2699" WIDTH="35"/>
						<String ID="P45_ST01121" HPOS="2224" VPOS="2668" WIDTH="205" HEIGHT="32" CONTENT="costumes." WC="0.98" CC="567669004"/>
					</TextLine>
					<TextLine ID="P45_TL00177" HPOS="2079" VPOS="2716" WIDTH="840" HEIGHT="52">
						<String ID="P45_ST01122" HPOS="2079" VPOS="2716" WIDTH="63" HEIGHT="41" CONTENT="As" WC="0.68" CC="06"/>
						<SP ID="P45_SP00943" HPOS="2142" VPOS="2757" WIDTH="30"/>
						<String ID="P45_ST01123" HPOS="2172" VPOS="2716" WIDTH="59" HEIGHT="43" CONTENT="for" WC="0.94" CC="762"/>
						<SP ID="P45_SP00944" HPOS="2231" VPOS="2759" WIDTH="34"/>
						<String ID="P45_ST01124" HPOS="2265" VPOS="2717" WIDTH="65" HEIGHT="43" CONTENT="the" WC="1.00" CC="000"/>
						<SP ID="P45_SP00945" HPOS="2330" VPOS="2760" WIDTH="34"/>
						<String ID="P45_ST01125" HPOS="2364" VPOS="2728" WIDTH="84" HEIGHT="33" CONTENT="two" WC="0.93" CC="665"/>
						<SP ID="P45_SP00946" HPOS="2448" VPOS="2761" WIDTH="32"/>
						<String ID="P45_ST01126" HPOS="2480" VPOS="2736" WIDTH="145" HEIGHT="32" CONTENT="scenes," WC="0.98" CC="6425060"/>
						<SP ID="P45_SP00947" HPOS="2625" VPOS="2768" WIDTH="35"/>
						<String ID="P45_ST01127" HPOS="2660" VPOS="2719" WIDTH="14" HEIGHT="43" CONTENT="I" WC="0.52" CC="4"/>
						<SP ID="P45_SP00948" HPOS="2674" VPOS="2768" WIDTH="32"/>
						<String ID="P45_ST01128" HPOS="2706" VPOS="2720" WIDTH="140" HEIGHT="43" CONTENT="should" WC="0.98" CC="404570"/>
						<SP ID="P45_SP00949" HPOS="2846" VPOS="2768" WIDTH="23"/>
						<String ID="P45_ST01129" HPOS="2869" VPOS="2721" WIDTH="50" HEIGHT="43" CONTENT="be" WC="0.66" CC="60"/>
					</TextLine>
					<TextLine ID="P45_TL00178" HPOS="2016" VPOS="2776" WIDTH="902" HEIGHT="59">
						<String ID="P45_ST01130" HPOS="2016" VPOS="2792" WIDTH="41" HEIGHT="25" CONTENT="as" WC="0.66" CC="60"/>
						<SP ID="P45_SP00950" HPOS="2057" VPOS="2817" WIDTH="33"/>
						<String ID="P45_ST01131" HPOS="2090" VPOS="2776" WIDTH="118" HEIGHT="42" CONTENT="much" WC="0.94" CC="7917"/>
						<SP ID="P45_SP00951" HPOS="2208" VPOS="2818" WIDTH="33"/>
						<String ID="P45_ST01132" HPOS="2241" VPOS="2787" WIDTH="39" HEIGHT="31" CONTENT="at" WC="0.91" CC="10"/>
						<SP ID="P45_SP00952" HPOS="2280" VPOS="2818" WIDTH="32"/>
						<String ID="P45_ST01133" HPOS="2312" VPOS="2795" WIDTH="79" HEIGHT="24" CONTENT="sea." WC="0.97" CC="6123"/>
						<SP ID="P45_SP00953" HPOS="2391" VPOS="2819" WIDTH="64"/>
						<String ID="P45_ST01134" HPOS="2455" VPOS="2778" WIDTH="124" HEIGHT="44" CONTENT="What" WC="0.97" CC="0950"/>
						<SP ID="P45_SP00954" HPOS="2579" VPOS="2822" WIDTH="34"/>
						<String ID="P45_ST01135" HPOS="2613" VPOS="2779" WIDTH="89" HEIGHT="56" CONTENT="play" WC="0.98" CC="0600"/>
						<SP ID="P45_SP00955" HPOS="2702" VPOS="2835" WIDTH="23"/>
						<String ID="P45_ST01136" HPOS="2725" VPOS="2797" WIDTH="43" HEIGHT="26" CONTENT="or" WC="0.51" CC="27"/>
						<SP ID="P45_SP00956" HPOS="2768" VPOS="2835" WIDTH="31"/>
						<String ID="P45_ST01137" HPOS="2799" VPOS="2795" WIDTH="119" HEIGHT="39" CONTENT="opera" WC="0.99" CC="00035"/>
					</TextLine>
					<TextLine ID="P45_TL00179" HPOS="2015" VPOS="2835" WIDTH="903" HEIGHT="58">
						<String ID="P45_ST01138" HPOS="2015" VPOS="2835" WIDTH="94" HEIGHT="53" CONTENT="they" WC="1.00" CC="0000"/>
						<SP ID="P45_SP00957" HPOS="2109" VPOS="2888" WIDTH="31"/>
						<String ID="P45_ST01139" HPOS="2140" VPOS="2836" WIDTH="118" HEIGHT="43" CONTENT="could" WC="0.99" CC="10620"/>
						<SP ID="P45_SP00958" HPOS="2258" VPOS="2888" WIDTH="48"/>
						<String ID="P45_ST01140" HPOS="2306" VPOS="2836" WIDTH="49" HEIGHT="43" CONTENT="be" WC="0.66" CC="60"/>
						<SP ID="P45_SP00959" HPOS="2355" VPOS="2888" WIDTH="34"/>
						<String ID="P45_ST01141" HPOS="2389" VPOS="2836" WIDTH="57" HEIGHT="43" CONTENT="for" WC="0.93" CC="567"/>
						<SP ID="P45_SP00960" HPOS="2446" VPOS="2888" WIDTH="40"/>
						<String ID="P45_ST01142" HPOS="2486" VPOS="2837" WIDTH="12" HEIGHT="42" CONTENT="I" WC="0.38" CC="6"/>
						<SP ID="P45_SP00961" HPOS="2498" VPOS="2888" WIDTH="33"/>
						<String ID="P45_ST01143" HPOS="2531" VPOS="2837" WIDTH="119" HEIGHT="44" CONTENT="could" WC="0.98" CC="22070"/>
						<SP ID="P45_SP00962" HPOS="2650" VPOS="2888" WIDTH="46"/>
						<String ID="P45_ST01144" HPOS="2696" VPOS="2851" WIDTH="67" HEIGHT="31" CONTENT="not" WC="0.97" CC="350"/>
						<SP ID="P45_SP00963" HPOS="2763" VPOS="2888" WIDTH="32"/>
						<String ID="P45_ST01145" HPOS="2795" VPOS="2857" WIDTH="123" HEIGHT="36" CONTENT="guess." WC="0.98" CC="776004"/>
					</TextLine>
					<TextLine ID="P45_TL00180" HPOS="2016" VPOS="2895" WIDTH="900" HEIGHT="56">
						<String ID="P45_ST01146" HPOS="2016" VPOS="2895" WIDTH="76" HEIGHT="42" CONTENT="But" WC="0.93" CC="287"/>
						<SP ID="P45_SP00964" HPOS="2092" VPOS="2937" WIDTH="34"/>
						<String ID="P45_ST01147" HPOS="2126" VPOS="2895" WIDTH="152" HEIGHT="44" CONTENT="believe" WC="0.99" CC="0107040"/>
						<SP ID="P45_SP00965" HPOS="2278" VPOS="2939" WIDTH="34"/>
						<String ID="P45_ST01148" HPOS="2312" VPOS="2914" WIDTH="75" HEIGHT="30" CONTENT="me," WC="0.95" CC="633"/>
						<SP ID="P45_SP00966" HPOS="2387" VPOS="2944" WIDTH="35"/>
						<String ID="P45_ST01149" HPOS="2422" VPOS="2896" WIDTH="92" HEIGHT="55" CONTENT="they" WC="0.98" CC="0700"/>
						<SP ID="P45_SP00967" HPOS="2514" VPOS="2951" WIDTH="44"/>
						<String ID="P45_ST01150" HPOS="2558" VPOS="2916" WIDTH="64" HEIGHT="24" CONTENT="are" WC="0.98" CC="400"/>
						<SP ID="P45_SP00968" HPOS="2622" VPOS="2951" WIDTH="33"/>
						<String ID="P45_ST01151" HPOS="2655" VPOS="2910" WIDTH="97" HEIGHT="31" CONTENT="most" WC="0.99" CC="0005"/>
						<SP ID="P45_SP00969" HPOS="2752" VPOS="2951" WIDTH="44"/>
						<String ID="P45_ST01152" HPOS="2796" VPOS="2900" WIDTH="96" HEIGHT="42" CONTENT="beau" SUBS_TYPE="HypPart1" SUBS_CONTENT="beautiful" WC="0.98" CC="7004"/>
						<HYP HPOS="2892" VPOS="2900" WIDTH="24" CONTENT="-"/>
					</TextLine>
					<TextLine ID="P45_TL00181" HPOS="2017" VPOS="2953" WIDTH="899" HEIGHT="59">
						<String ID="P45_ST01153" HPOS="2017" VPOS="2953" WIDTH="83" HEIGHT="44" CONTENT="tiful" SUBS_TYPE="HypPart2" SUBS_CONTENT="beautiful" WC="0.95" CC="96873"/>
						<SP ID="P45_SP00970" HPOS="2100" VPOS="2997" WIDTH="31"/>
						<String ID="P45_ST01154" HPOS="2131" VPOS="2972" WIDTH="147" HEIGHT="32" CONTENT="scenes," WC="0.97" CC="7556173"/>
						<SP ID="P45_SP00971" HPOS="2278" VPOS="3004" WIDTH="34"/>
						<String ID="P45_ST01155" HPOS="2312" VPOS="2957" WIDTH="77" HEIGHT="43" CONTENT="and" WC="0.94" CC="079"/>
						<SP ID="P45_SP00972" HPOS="2389" VPOS="3004" WIDTH="34"/>
						<String ID="P45_ST01156" HPOS="2423" VPOS="2958" WIDTH="108" HEIGHT="52" CONTENT="quite" WC="0.97" CC="55660"/>
						<SP ID="P45_SP00973" HPOS="2531" VPOS="3010" WIDTH="33"/>
						<String ID="P45_ST01157" HPOS="2564" VPOS="2957" WIDTH="65" HEIGHT="44" CONTENT="the" WC="0.95" CC="770"/>
						<SP ID="P45_SP00974" HPOS="2629" VPOS="3010" WIDTH="32"/>
						<String ID="P45_ST01158" HPOS="2661" VPOS="2957" WIDTH="107" HEIGHT="55" CONTENT="thing" WC="0.98" CC="00447"/>
						<SP ID="P45_SP00975" HPOS="2768" VPOS="3012" WIDTH="32"/>
						<String ID="P45_ST01159" HPOS="2800" VPOS="2958" WIDTH="59" HEIGHT="43" CONTENT="for" WC="0.95" CC="551"/>
						<SP ID="P45_SP00976" HPOS="2859" VPOS="3012" WIDTH="34"/>
						<String ID="P45_ST01160" HPOS="2893" VPOS="2977" WIDTH="23" HEIGHT="24" CONTENT="a" WC="0.68" CC="3"/>
					</TextLine>
					<TextLine ID="P45_TL00182" HPOS="2014" VPOS="3013" WIDTH="900" HEIGHT="59">
						<String ID="P45_ST01161" HPOS="2014" VPOS="3013" WIDTH="75" HEIGHT="43" CONTENT="fine" WC="0.99" CC="0005"/>
						<SP ID="P45_SP00977" HPOS="2089" VPOS="3056" WIDTH="21"/>
						<String ID="P45_ST01162" HPOS="2110" VPOS="3013" WIDTH="239" HEIGHT="44" CONTENT="theatreif" WC="0.99" CC="5000864855"/>
						<SP ID="P45_SP00978" HPOS="2349" VPOS="3057" WIDTH="24"/>
						<String ID="P45_ST01163" HPOS="2373" VPOS="3034" WIDTH="60" HEIGHT="24" CONTENT="we" WC="0.52" CC="90"/>
						<SP ID="P45_SP00979" HPOS="2433" VPOS="3058" WIDTH="20"/>
						<String ID="P45_ST01164" HPOS="2453" VPOS="3016" WIDTH="79" HEIGHT="43" CONTENT="had" WC="0.96" CC="009"/>
						<SP ID="P45_SP00980" HPOS="2532" VPOS="3059" WIDTH="24"/>
						<String ID="P45_ST01165" HPOS="2556" VPOS="3034" WIDTH="75" HEIGHT="26" CONTENT="one" WC="0.97" CC="060"/>
						<SP ID="P45_SP00981" HPOS="2631" VPOS="3060" WIDTH="22"/>
						<String ID="P45_ST01166" HPOS="2653" VPOS="3018" WIDTH="76" HEIGHT="42" CONTENT="fine" WC="0.98" CC="0063"/>
						<SP ID="P45_SP00982" HPOS="2729" VPOS="3060" WIDTH="16"/>
						<String ID="P45_ST01167" HPOS="2745" VPOS="3018" WIDTH="169" HEIGHT="54" CONTENT="enough." WC="0.98" CC="0571607"/>
					</TextLine>
					<TextLine ID="P45_TL00183" HPOS="2013" VPOS="3073" WIDTH="901" HEIGHT="59">
						<String ID="P45_ST01168" HPOS="2013" VPOS="3073" WIDTH="119" HEIGHT="55" CONTENT="They" WC="1.00" CC="0010"/>
						<SP ID="P45_SP00983" HPOS="2132" VPOS="3128" WIDTH="34"/>
						<String ID="P45_ST01169" HPOS="2166" VPOS="3091" WIDTH="65" HEIGHT="26" CONTENT="are" WC="0.98" CC="500"/>
						<SP ID="P45_SP00984" HPOS="2231" VPOS="3128" WIDTH="43"/>
						<String ID="P45_ST01170" HPOS="2274" VPOS="3075" WIDTH="87" HEIGHT="54" CONTENT="just'" WC="0.98" CC="35124"/>
						<SP ID="P45_SP00985" HPOS="2361" VPOS="3129" WIDTH="20"/>
						<String ID="P45_ST01171" HPOS="2381" VPOS="3075" WIDTH="97" HEIGHT="53" CONTENT="right" WC="0.97" CC="13709"/>
						<SP ID="P45_SP00986" HPOS="2478" VPOS="3129" WIDTH="40"/>
						<String ID="P45_ST01172" HPOS="2518" VPOS="3077" WIDTH="60" HEIGHT="43" CONTENT="for" WC="0.94" CC="735"/>
						<SP ID="P45_SP00987" HPOS="2578" VPOS="3129" WIDTH="31"/>
						<String ID="P45_ST01173" HPOS="2609" VPOS="3095" WIDTH="23" HEIGHT="24" CONTENT="a" WC="1.00" CC="0"/>
						<SP ID="P45_SP00988" HPOS="2632" VPOS="3129" WIDTH="32"/>
						<String ID="P45_ST01174" HPOS="2664" VPOS="3077" WIDTH="131" HEIGHT="50" CONTENT="ballet," WC="0.98" CC="7080063"/>
						<SP ID="P45_SP00989" HPOS="2795" VPOS="3129" WIDTH="33"/>
						<String ID="P45_ST01175" HPOS="2828" VPOS="3095" WIDTH="65" HEIGHT="37" CONTENT="per" SUBS_TYPE="HypPart1" SUBS_CONTENT="perhaps" WC="0.98" CC="003"/>
						<HYP HPOS="2893" VPOS="3095" WIDTH="21" CONTENT="-"/>
					</TextLine>
					<TextLine ID="P45_TL00184" HPOS="2013" VPOS="3132" WIDTH="903" HEIGHT="60">
						<String ID="P45_ST01176" HPOS="2013" VPOS="3132" WIDTH="97" HEIGHT="55" CONTENT="haps" SUBS_TYPE="HypPart2" SUBS_CONTENT="perhaps" WC="0.96" CC="6108"/>
						<SP ID="P45_SP00990" HPOS="2110" VPOS="3187" WIDTH="53"/>
						<String ID="P45_ST01177" HPOS="2163" VPOS="3152" WIDTH="76" HEIGHT="23" CONTENT="one" WC="0.94" CC="942"/>
						<SP ID="P45_SP00991" HPOS="2239" VPOS="3187" WIDTH="51"/>
						<String ID="P45_ST01178" HPOS="2290" VPOS="3135" WIDTH="134" HEIGHT="43" CONTENT="would" WC="0.98" CC="16640"/>
						<SP ID="P45_SP00992" HPOS="2424" VPOS="3187" WIDTH="54"/>
						<String ID="P45_ST01179" HPOS="2478" VPOS="3137" WIDTH="53" HEIGHT="41" CONTENT="do" WC="0.28" CC="85"/>
						<SP ID="P45_SP00993" HPOS="2531" VPOS="3187" WIDTH="42"/>
						<String ID="P45_ST01180" HPOS="2573" VPOS="3136" WIDTH="59" HEIGHT="42" CONTENT="for" WC="0.94" CC="736"/>
						<SP ID="P45_SP00994" HPOS="2632" VPOS="3187" WIDTH="32"/>
						<String ID="P45_ST01181" HPOS="2664" VPOS="3156" WIDTH="22" HEIGHT="24" CONTENT="a" WC="1.00" CC="0"/>
						<SP ID="P45_SP00995" HPOS="2686" VPOS="3187" WIDTH="33"/>
						<String ID="P45_ST01182" HPOS="2719" VPOS="3137" WIDTH="91" HEIGHT="55" CONTENT="play" WC="0.97" CC="0680"/>
						<SP ID="P45_SP00996" HPOS="2810" VPOS="3192" WIDTH="53"/>
						<String ID="P45_ST01183" HPOS="2863" VPOS="3137" WIDTH="53" HEIGHT="54" CONTENT="by" WC="0.64" CC="70"/>
					</TextLine>
					<TextLine ID="P45_TL00185" HPOS="2015" VPOS="3192" WIDTH="901" HEIGHT="55">
						<String ID="P45_ST01184" HPOS="2015" VPOS="3192" WIDTH="289" HEIGHT="55" CONTENT="Shakespeare," WC="0.99" CC="076737065840"/>
						<SP ID="P45_SP00997" HPOS="2304" VPOS="3247" WIDTH="33"/>
						<String ID="P45_ST01185" HPOS="2337" VPOS="3194" WIDTH="69" HEIGHT="44" CONTENT="but" WC="0.93" CC="846"/>
						<SP ID="P45_SP00998" HPOS="2406" VPOS="3247" WIDTH="47"/>
						<String ID="P45_ST01186" HPOS="2453" VPOS="3206" WIDTH="69" HEIGHT="32" CONTENT="not" WC="0.95" CC="605"/>
						<SP ID="P45_SP00999" HPOS="2522" VPOS="3247" WIDTH="34"/>
						<String ID="P45_ST01187" HPOS="2556" VPOS="3205" WIDTH="24" HEIGHT="15" CONTENT="44" STYLE="superscript" WC="0.55" CC="44"/>
						<SP ID="P45_SP01000" HPOS="2580" VPOS="3247" WIDTH="23"/>
						<String ID="P45_ST01188" HPOS="2603" VPOS="3196" WIDTH="58" HEIGHT="42" CONTENT="for" WC="0.95" CC="506"/>
						<SP ID="P45_SP01001" HPOS="2661" VPOS="3247" WIDTH="32"/>
						<String ID="P45_ST01189" HPOS="2693" VPOS="3196" WIDTH="223" HEIGHT="44" CONTENT="Androcles" WC="0.65" CC="009130356"/>
					</TextLine>
					<TextLine ID="P45_TL00186" HPOS="2015" VPOS="3251" WIDTH="900" HEIGHT="49">
						<String ID="P45_ST01190" HPOS="2015" VPOS="3251" WIDTH="79" HEIGHT="42" CONTENT="and" WC="0.99" CC="030"/>
						<SP ID="P45_SP01002" HPOS="2094" VPOS="3293" WIDTH="33"/>
						<String ID="P45_ST01191" HPOS="2127" VPOS="3253" WIDTH="65" HEIGHT="42" CONTENT="the" WC="0.97" CC="070"/>
						<SP ID="P45_SP01003" HPOS="2192" VPOS="3295" WIDTH="50"/>
						<String ID="P45_ST01192" HPOS="2242" VPOS="3253" WIDTH="100" HEIGHT="44" CONTENT="Lion" WC="0.95" CC="3766"/>
						<SP ID="P45_SP01004" HPOS="2342" VPOS="3297" WIDTH="21"/>
						<String ID="P45_ST01193" HPOS="2363" VPOS="3253" WIDTH="32" HEIGHT="16" CONTENT="'*" WC="0.41" CC="47"/>
						<SP ID="P45_SP01005" HPOS="2395" VPOS="3297" WIDTH="31"/>
						<String ID="P45_ST01194" HPOS="2426" VPOS="3272" WIDTH="41" HEIGHT="25" CONTENT="as" WC="0.90" CC="02"/>
						<SP ID="P45_SP01006" HPOS="2467" VPOS="3297" WIDTH="46"/>
						<String ID="P45_ST01195" HPOS="2513" VPOS="3273" WIDTH="76" HEIGHT="25" CONTENT="one" WC="0.96" CC="063"/>
						<SP ID="P45_SP01007" HPOS="2589" VPOS="3298" WIDTH="52"/>
						<String ID="P45_ST01196" HPOS="2641" VPOS="3255" WIDTH="43" HEIGHT="43" CONTENT="of" WC="0.68" CC="06"/>
						<SP ID="P45_SP01008" HPOS="2684" VPOS="3298" WIDTH="44"/>
						<String ID="P45_ST01197" HPOS="2728" VPOS="3256" WIDTH="103" HEIGHT="43" CONTENT="them" WC="0.97" CC="5601"/>
						<SP ID="P45_SP01009" HPOS="2831" VPOS="3299" WIDTH="54"/>
						<String ID="P45_ST01198" HPOS="2885" VPOS="3258" WIDTH="30" HEIGHT="42" CONTENT="is" WC="0.69" CC="60"/>
					</TextLine>
					<TextLine ID="P45_TL00187" HPOS="2016" VPOS="3311" WIDTH="187" HEIGHT="44">
						<String ID="P45_ST01199" HPOS="2016" VPOS="3311" WIDTH="187" HEIGHT="44" CONTENT="labelled." WC="0.99" CC="017003194"/>
					</TextLine>
					<TextLine ID="P45_TL00188" HPOS="2073" VPOS="3371" WIDTH="836" HEIGHT="56">
						<String ID="P45_ST01200" HPOS="2073" VPOS="3371" WIDTH="131" HEIGHT="43" CONTENT="There" WC="0.98" CC="06260"/>
						<SP ID="P45_SP01010" HPOS="2204" VPOS="3414" WIDTH="53"/>
						<String ID="P45_ST01201" HPOS="2257" VPOS="3374" WIDTH="30" HEIGHT="41" CONTENT="is" WC="0.17" CC="78"/>
						<SP ID="P45_SP01011" HPOS="2287" VPOS="3415" WIDTH="31"/>
						<String ID="P45_ST01202" HPOS="2318" VPOS="3373" WIDTH="161" HEIGHT="43" CONTENT="another" WC="0.98" CC="4866701"/>
						<SP ID="P45_SP01012" HPOS="2479" VPOS="3416" WIDTH="52"/>
						<String ID="P45_ST01203" HPOS="2531" VPOS="3374" WIDTH="107" HEIGHT="53" CONTENT="thing" WC="0.96" CC="27739"/>
						<SP ID="P45_SP01013" HPOS="2638" VPOS="3427" WIDTH="39"/>
						<String ID="P45_ST01204" HPOS="2677" VPOS="3374" WIDTH="13" HEIGHT="43" CONTENT="I" WC="0.38" CC="6"/>
						<SP ID="P45_SP01014" HPOS="2690" VPOS="3427" WIDTH="55"/>
						<String ID="P45_ST01205" HPOS="2745" VPOS="3375" WIDTH="164" HEIGHT="44" CONTENT="dislike:" WC="0.99" CC="06606002"/>
					</TextLine>
					<TextLine ID="P45_TL00189" HPOS="2013" VPOS="3432" WIDTH="899" HEIGHT="56">
						<String ID="P45_ST01206" HPOS="2013" VPOS="3439" WIDTH="26" HEIGHT="16" CONTENT="44" STYLE="superscript" WC="0.41" CC="74"/>
						<SP ID="P45_SP01015" HPOS="2039" VPOS="3455" WIDTH="23"/>
						<String ID="P45_ST01207" HPOS="2062" VPOS="3441" WIDTH="42" HEIGHT="32" CONTENT="to" WC="0.96" CC="00"/>
						<SP ID="P45_SP01016" HPOS="2104" VPOS="3473" WIDTH="31"/>
						<String ID="P45_ST01208" HPOS="2135" VPOS="3432" WIDTH="101" HEIGHT="53" CONTENT="hang" WC="0.96" CC="7606"/>
						<SP ID="P45_SP01017" HPOS="2236" VPOS="3485" WIDTH="30"/>
						<String ID="P45_ST01209" HPOS="2266" VPOS="3434" WIDTH="39" HEIGHT="40" CONTENT="in" WC="0.34" CC="66"/>
						<SP ID="P45_SP01018" HPOS="2305" VPOS="3485" WIDTH="33"/>
						<String ID="P45_ST01210" HPOS="2338" VPOS="3432" WIDTH="101" HEIGHT="44" CONTENT="folds" WC="0.97" CC="65006"/>
						<SP ID="P45_SP01019" HPOS="2439" VPOS="3485" WIDTH="22"/>
						<String ID="P45_ST01211" HPOS="2461" VPOS="3432" WIDTH="24" HEIGHT="14" CONTENT='"' WC="0.41" CC="5"/>
						<SP ID="P45_SP01020" HPOS="2485" VPOS="3485" WIDTH="33"/>
						<String ID="P45_ST01212" HPOS="2518" VPOS="3452" WIDTH="87" HEIGHT="36" CONTENT="says" WC="0.95" CC="4596"/>
						<SP ID="P45_SP01021" HPOS="2605" VPOS="3488" WIDTH="30"/>
						<String ID="P45_ST01213" HPOS="2635" VPOS="3434" WIDTH="67" HEIGHT="44" CONTENT="the" WC="0.96" CC="064"/>
						<SP ID="P45_SP01022" HPOS="2702" VPOS="3488" WIDTH="21"/>
						<String ID="P45_ST01214" HPOS="2723" VPOS="3434" WIDTH="189" HEIGHT="44" CONTENT="direction" WC="0.99" CC="040160257"/>
					</TextLine>
					<TextLine ID="P45_TL00190" HPOS="2013" VPOS="3490" WIDTH="360" HEIGHT="56">
						<String ID="P45_ST01215" HPOS="2013" VPOS="3490" WIDTH="43" HEIGHT="44" CONTENT="of" WC="0.34" CC="57"/>
						<SP ID="P45_SP01023" HPOS="2056" VPOS="3534" WIDTH="32"/>
						<String ID="P45_ST01216" HPOS="2088" VPOS="3490" WIDTH="65" HEIGHT="44" CONTENT="the" WC="0.94" CC="970"/>
						<SP ID="P45_SP01024" HPOS="2153" VPOS="3534" WIDTH="32"/>
						<String ID="P45_ST01217" HPOS="2185" VPOS="3493" WIDTH="188" HEIGHT="53" CONTENT="designer." WC="0.98" CC="900890704"/>
					</TextLine>
					<TextLine ID="P45_TL00191" HPOS="2076" VPOS="3552" WIDTH="835" HEIGHT="56">
						<String ID="P45_ST01218" HPOS="2076" VPOS="3552" WIDTH="132" HEIGHT="42" CONTENT="Never" WC="0.98" CC="05700"/>
						<SP ID="P45_SP01025" HPOS="2208" VPOS="3594" WIDTH="31"/>
						<String ID="P45_ST01219" HPOS="2239" VPOS="3552" WIDTH="133" HEIGHT="43" CONTENT="would" WC="0.99" CC="00710"/>
						<SP ID="P45_SP01026" HPOS="2372" VPOS="3595" WIDTH="33"/>
						<String ID="P45_ST01220" HPOS="2405" VPOS="3553" WIDTH="14" HEIGHT="43" CONTENT="I" WC="0.45" CC="5"/>
						<SP ID="P45_SP01027" HPOS="2419" VPOS="3596" WIDTH="33"/>
						<String ID="P45_ST01221" HPOS="2452" VPOS="3552" WIDTH="116" HEIGHT="45" CONTENT="allow" WC="0.99" CC="00305"/>
						<SP ID="P45_SP01028" HPOS="2568" VPOS="3597" WIDTH="44"/>
						<String ID="P45_ST01222" HPOS="2612" VPOS="3570" WIDTH="76" HEIGHT="38" CONTENT="any" WC="0.97" CC="070"/>
						<SP ID="P45_SP01029" HPOS="2688" VPOS="3608" WIDTH="48"/>
						<String ID="P45_ST01223" HPOS="2736" VPOS="3555" WIDTH="104" HEIGHT="42" CONTENT="artist" WC="0.97" CC="937760"/>
						<SP ID="P45_SP01030" HPOS="2840" VPOS="3608" WIDTH="31"/>
						<String ID="P45_ST01224" HPOS="2871" VPOS="3572" WIDTH="40" HEIGHT="25" CONTENT="as" WC="0.59" CC="08"/>
					</TextLine>
					<TextLine ID="P45_TL00192" HPOS="2011" VPOS="3610" WIDTH="900" HEIGHT="57">
						<String ID="P45_ST01225" HPOS="2011" VPOS="3610" WIDTH="76" HEIGHT="43" CONTENT="fine" WC="0.98" CC="0064"/>
						<SP ID="P45_SP01031" HPOS="2087" VPOS="3653" WIDTH="32"/>
						<String ID="P45_ST01226" HPOS="2119" VPOS="3629" WIDTH="42" HEIGHT="24" CONTENT="as" WC="0.59" CC="08"/>
						<SP ID="P45_SP01032" HPOS="2161" VPOS="3653" WIDTH="32"/>
						<String ID="P45_ST01227" HPOS="2193" VPOS="3613" WIDTH="72" HEIGHT="41" CONTENT="this" WC="0.97" CC="0372"/>
						<SP ID="P45_SP01033" HPOS="2265" VPOS="3654" WIDTH="32"/>
						<String ID="P45_ST01228" HPOS="2297" VPOS="3630" WIDTH="76" HEIGHT="24" CONTENT="one" WC="0.98" CC="600"/>
						<SP ID="P45_SP01034" HPOS="2373" VPOS="3654" WIDTH="33"/>
						<String ID="P45_ST01229" HPOS="2406" VPOS="3622" WIDTH="40" HEIGHT="33" CONTENT="to" WC="0.29" CC="49"/>
						<SP ID="P45_SP01035" HPOS="2446" VPOS="3655" WIDTH="32"/>
						<String ID="P45_ST01230" HPOS="2478" VPOS="3613" WIDTH="96" HEIGHT="54" CONTENT="spoil" WC="0.97" CC="70640"/>
						<SP ID="P45_SP01036" HPOS="2574" VPOS="3667" WIDTH="32"/>
						<String ID="P45_ST01231" HPOS="2606" VPOS="3613" WIDTH="58" HEIGHT="43" CONTENT="his" WC="0.97" CC="710"/>
						<SP ID="P45_SP01037" HPOS="2664" VPOS="3667" WIDTH="22"/>
						<String ID="P45_ST01232" HPOS="2686" VPOS="3631" WIDTH="91" HEIGHT="26" CONTENT="own" WC="0.96" CC="406"/>
						<SP ID="P45_SP01038" HPOS="2777" VPOS="3667" WIDTH="23"/>
						<String ID="P45_ST01233" HPOS="2800" VPOS="3613" WIDTH="111" HEIGHT="44" CONTENT="work" WC="0.99" CC="5000"/>
					</TextLine>
					<TextLine ID="P45_TL00193" HPOS="2012" VPOS="3670" WIDTH="899" HEIGHT="55">
						<String ID="P45_ST01234" HPOS="2012" VPOS="3670" WIDTH="52" HEIGHT="54" CONTENT="by" WC="0.61" CC="70"/>
						<SP ID="P45_SP01039" HPOS="2064" VPOS="3724" WIDTH="31"/>
						<String ID="P45_ST01235" HPOS="2095" VPOS="3673" WIDTH="227" HEIGHT="52" CONTENT="attempting" WC="0.98" CC="7900007767"/>
						<SP ID="P45_SP01040" HPOS="2322" VPOS="3725" WIDTH="47"/>
						<String ID="P45_ST01236" HPOS="2369" VPOS="3682" WIDTH="41" HEIGHT="32" CONTENT="to" WC="0.17" CC="69"/>
						<SP ID="P45_SP01041" HPOS="2410" VPOS="3725" WIDTH="30"/>
						<String ID="P45_ST01237" HPOS="2440" VPOS="3672" WIDTH="51" HEIGHT="43" CONTENT="be" WC="0.43" CC="73"/>
						<SP ID="P45_SP01042" HPOS="2491" VPOS="3725" WIDTH="42"/>
						<String ID="P45_ST01238" HPOS="2533" VPOS="3684" WIDTH="204" HEIGHT="32" CONTENT="courteous" WC="0.98" CC="563570950"/>
						<SP ID="P45_SP01043" HPOS="2737" VPOS="3725" WIDTH="30"/>
						<String ID="P45_ST01239" HPOS="2767" VPOS="3675" WIDTH="39" HEIGHT="41" CONTENT="in" WC="0.39" CC="65"/>
						<SP ID="P45_SP01044" HPOS="2806" VPOS="3725" WIDTH="32"/>
						<String ID="P45_ST01240" HPOS="2838" VPOS="3674" WIDTH="73" HEIGHT="43" CONTENT="this" WC="0.96" CC="5751"/>
					</TextLine>
					<TextLine ID="P45_TL00194" HPOS="2011" VPOS="3732" WIDTH="745" HEIGHT="54">
						<String ID="P45_ST01241" HPOS="2011" VPOS="3732" WIDTH="117" HEIGHT="50" CONTENT="tragic" WC="0.98" CC="041970"/>
						<SP ID="P45_SP01045" HPOS="2128" VPOS="3782" WIDTH="31"/>
						<String ID="P45_ST01242" HPOS="2159" VPOS="3748" WIDTH="91" HEIGHT="36" CONTENT="way" WC="0.98" CC="050"/>
						<SP ID="P45_SP01046" HPOS="2250" VPOS="3784" WIDTH="32"/>
						<String ID="P45_ST01243" HPOS="2282" VPOS="3742" WIDTH="39" HEIGHT="31" CONTENT="to" WC="0.22" CC="96"/>
						<SP ID="P45_SP01047" HPOS="2321" VPOS="3784" WIDTH="23"/>
						<String ID="P45_ST01244" HPOS="2344" VPOS="3749" WIDTH="71" HEIGHT="25" CONTENT="our" WC="0.94" CC="653"/>
						<SP ID="P45_SP01048" HPOS="2415" VPOS="3784" WIDTH="31"/>
						<String ID="P45_ST01245" HPOS="2446" VPOS="3732" WIDTH="160" HEIGHT="44" CONTENT="difficult" WC="0.99" CC="032220601"/>
						<SP ID="P45_SP01049" HPOS="2606" VPOS="3784" WIDTH="33"/>
						<String ID="P45_ST01246" HPOS="2639" VPOS="3743" WIDTH="117" HEIGHT="43" CONTENT="stage." WC="0.99" CC="800003"/>
					</TextLine>
					<TextLine ID="P45_TL00195" HPOS="2070" VPOS="3791" WIDTH="838" HEIGHT="45">
						<String ID="P45_ST01247" HPOS="2070" VPOS="3791" WIDTH="14" HEIGHT="42" CONTENT="I" WC="0.40" CC="5"/>
						<SP ID="P45_SP01050" HPOS="2084" VPOS="3833" WIDTH="35"/>
						<String ID="P45_ST01248" HPOS="2119" VPOS="3791" WIDTH="134" HEIGHT="42" CONTENT="would" WC="0.97" CC="60737"/>
						<SP ID="P45_SP01051" HPOS="2253" VPOS="3833" WIDTH="34"/>
						<String ID="P45_ST01249" HPOS="2287" VPOS="3791" WIDTH="100" HEIGHT="42" CONTENT="have" WC="0.96" CC="7274"/>
						<SP ID="P45_SP01052" HPOS="2387" VPOS="3833" WIDTH="48"/>
						<String ID="P45_ST01250" HPOS="2435" VPOS="3791" WIDTH="121" HEIGHT="43" CONTENT="asked" WC="0.98" CC="00349"/>
						<SP ID="P45_SP01053" HPOS="2556" VPOS="3834" WIDTH="48"/>
						<String ID="P45_ST01251" HPOS="2604" VPOS="3791" WIDTH="83" HEIGHT="44" CONTENT="Mr." WC="0.95" CC="084"/>
						<SP ID="P45_SP01054" HPOS="2687" VPOS="3835" WIDTH="47"/>
						<String ID="P45_ST01252" HPOS="2734" VPOS="3792" WIDTH="150" HEIGHT="44" CONTENT="Ruther" SUBS_TYPE="HypPart1" SUBS_CONTENT="Rutherston" WC="0.73" CC="060701"/>
						<HYP HPOS="2884" VPOS="3792" WIDTH="24" CONTENT="-"/>
					</TextLine>
					<TextLine ID="P45_TL00196" HPOS="2008" VPOS="3850" WIDTH="900" HEIGHT="50">
						<String ID="P45_ST01253" HPOS="2008" VPOS="3860" WIDTH="87" HEIGHT="32" CONTENT="ston" SUBS_TYPE="HypPart2" SUBS_CONTENT="Rutherston" WC="0.34" CC="8664"/>
						<SP ID="P45_SP01055" HPOS="2095" VPOS="3892" WIDTH="33"/>
						<String ID="P45_ST01254" HPOS="2128" VPOS="3860" WIDTH="39" HEIGHT="32" CONTENT="to" WC="0.29" CC="76"/>
						<SP ID="P45_SP01056" HPOS="2167" VPOS="3892" WIDTH="32"/>
						<String ID="P45_ST01255" HPOS="2199" VPOS="3850" WIDTH="116" HEIGHT="43" CONTENT="allow" WC="0.99" CC="00060"/>
						<SP ID="P45_SP01057" HPOS="2315" VPOS="3893" WIDTH="53"/>
						<String ID="P45_ST01256" HPOS="2368" VPOS="3850" WIDTH="64" HEIGHT="43" CONTENT="the" WC="0.92" CC="965"/>
						<SP ID="P45_SP01058" HPOS="2432" VPOS="3893" WIDTH="31"/>
						<String ID="P45_ST01257" HPOS="2463" VPOS="3869" WIDTH="134" HEIGHT="25" CONTENT="scenes" WC="0.98" CC="076004"/>
						<SP ID="P45_SP01059" HPOS="2597" VPOS="3894" WIDTH="47"/>
						<String ID="P45_ST01258" HPOS="2644" VPOS="3863" WIDTH="41" HEIGHT="32" CONTENT="to" WC="1.00" CC="00"/>
						<SP ID="P45_SP01060" HPOS="2685" VPOS="3895" WIDTH="20"/>
						<String ID="P45_ST01259" HPOS="2705" VPOS="3853" WIDTH="51" HEIGHT="42" CONTENT="be" WC="0.64" CC="60"/>
						<SP ID="P45_SP01061" HPOS="2756" VPOS="3895" WIDTH="48"/>
						<String ID="P45_ST01260" HPOS="2804" VPOS="3852" WIDTH="104" HEIGHT="48" CONTENT="hung" WC="0.94" CC="7677"/>
					</TextLine>
					<TextLine ID="P45_TL00197" HPOS="2009" VPOS="3909" WIDTH="898" HEIGHT="47">
						<String ID="P45_ST01261" HPOS="2009" VPOS="3909" WIDTH="164" HEIGHT="44" CONTENT="without" WC="0.97" CC="5677046"/>
						<SP ID="P45_SP01062" HPOS="2173" VPOS="3953" WIDTH="33"/>
						<String ID="P45_ST01262" HPOS="2206" VPOS="3928" WIDTH="75" HEIGHT="25" CONTENT="one" WC="0.98" CC="050"/>
						<SP ID="P45_SP01063" HPOS="2281" VPOS="3953" WIDTH="50"/>
						<String ID="P45_ST01263" HPOS="2331" VPOS="3928" WIDTH="131" HEIGHT="25" CONTENT="crease" WC="0.98" CC="302452"/>
						<SP ID="P45_SP01064" HPOS="2462" VPOS="3953" WIDTH="35"/>
						<String ID="P45_ST01264" HPOS="2497" VPOS="3922" WIDTH="68" HEIGHT="31" CONTENT="-to" WC="0.96" CC="406"/>
						<SP ID="P45_SP01065" HPOS="2565" VPOS="3953" WIDTH="33"/>
						<String ID="P45_ST01265" HPOS="2598" VPOS="3911" WIDTH="54" HEIGHT="43" CONTENT="do" WC="0.62" CC="07"/>
						<SP ID="P45_SP01066" HPOS="2652" VPOS="3954" WIDTH="45"/>
						<String ID="P45_ST01266" HPOS="2697" VPOS="3913" WIDTH="104" HEIGHT="43" CONTENT="what" WC="0.95" CC="9706"/>
						<SP ID="P45_SP01067" HPOS="2801" VPOS="3956" WIDTH="55"/>
						<String ID="P45_ST01267" HPOS="2856" VPOS="3912" WIDTH="51" HEIGHT="42" CONTENT="he" WC="0.62" CC="70"/>
					</TextLine>
					<TextLine ID="P45_TL00198" HPOS="2008" VPOS="3968" WIDTH="898" HEIGHT="47">
						<String ID="P45_ST01268" HPOS="2008" VPOS="3968" WIDTH="103" HEIGHT="44" CONTENT="liked" WC="0.98" CC="17050"/>
						<SP ID="P45_SP01068" HPOS="2111" VPOS="4012" WIDTH="46"/>
						<String ID="P45_ST01269" HPOS="2157" VPOS="3980" WIDTH="41" HEIGHT="32" CONTENT="to" WC="0.32" CC="66"/>
						<SP ID="P45_SP01069" HPOS="2198" VPOS="4012" WIDTH="48"/>
						<String ID="P45_ST01270" HPOS="2246" VPOS="3970" WIDTH="104" HEIGHT="42" CONTENT="them" WC="0.97" CC="0706"/>
						<SP ID="P45_SP01070" HPOS="2350" VPOS="4012" WIDTH="35"/>
						<String ID="P45_ST01271" HPOS="2385" VPOS="3970" WIDTH="68" HEIGHT="43" CONTENT="but" WC="0.93" CC="666"/>
						<SP ID="P45_SP01071" HPOS="2453" VPOS="4013" WIDTH="47"/>
						<String ID="P45_ST01272" HPOS="2500" VPOS="3982" WIDTH="70" HEIGHT="31" CONTENT="not" WC="0.98" CC="113"/>
						<SP ID="P45_SP01072" HPOS="2570" VPOS="4013" WIDTH="30"/>
						<String ID="P45_ST01273" HPOS="2600" VPOS="3982" WIDTH="41" HEIGHT="32" CONTENT="to" WC="0.58" CC="08"/>
						<SP ID="P45_SP01073" HPOS="2641" VPOS="4014" WIDTH="47"/>
						<String ID="P45_ST01274" HPOS="2688" VPOS="3971" WIDTH="64" HEIGHT="43" CONTENT="kill" WC="0.96" CC="8642"/>
						<SP ID="P45_SP01074" HPOS="2752" VPOS="4014" WIDTH="49"/>
						<String ID="P45_ST01275" HPOS="2801" VPOS="3971" WIDTH="105" HEIGHT="44" CONTENT="them" WC="0.95" CC="9708"/>
					</TextLine>
					<TextLine ID="P45_TL00199" HPOS="2007" VPOS="4027" WIDTH="899" HEIGHT="47">
						<String ID="P45_ST01276" HPOS="2007" VPOS="4027" WIDTH="167" HEIGHT="44" CONTENT="because" WC="0.99" CC="6101503"/>
						<SP ID="P45_SP01075" HPOS="2174" VPOS="4071" WIDTH="21"/>
						<String ID="P45_ST01277" HPOS="2195" VPOS="4029" WIDTH="51" HEIGHT="44" CONTENT="he" WC="0.65" CC="60"/>
						<SP ID="P45_SP01076" HPOS="2246" VPOS="4073" WIDTH="22"/>
						<String ID="P45_ST01278" HPOS="2268" VPOS="4028" WIDTH="67" HEIGHT="45" CONTENT="felt" WC="0.96" CC="6542"/>
						<SP ID="P45_SP01077" HPOS="2335" VPOS="4073" WIDTH="30"/>
						<String ID="P45_ST01279" HPOS="2365" VPOS="4030" WIDTH="28" HEIGHT="43" CONTENT="it" WC="0.39" CC="56"/>
						<SP ID="P45_SP01078" HPOS="2393" VPOS="4073" WIDTH="32"/>
						<String ID="P45_ST01280" HPOS="2425" VPOS="4048" WIDTH="80" HEIGHT="26" CONTENT="was" WC="0.95" CC="508"/>
						<SP ID="P45_SP01079" HPOS="2505" VPOS="4074" WIDTH="33"/>
						<String ID="P45_ST01281" HPOS="2538" VPOS="4039" WIDTH="26" HEIGHT="15" CONTENT="4i" STYLE="superscript" WC="0.40" CC="47"/>
						<SP ID="P45_SP01080" HPOS="2564" VPOS="4074" WIDTH="20"/>
						<String ID="P45_ST01282" HPOS="2584" VPOS="4031" WIDTH="81" HEIGHT="43" CONTENT="best" WC="0.96" CC="2087"/>
						<SP ID="P45_SP01081" HPOS="2665" VPOS="4074" WIDTH="34"/>
						<String ID="P45_ST01283" HPOS="2699" VPOS="4043" WIDTH="40" HEIGHT="31" CONTENT="to" WC="0.40" CC="56"/>
						<SP ID="P45_SP01082" HPOS="2739" VPOS="4074" WIDTH="34"/>
						<String ID="P45_ST01284" HPOS="2773" VPOS="4031" WIDTH="50" HEIGHT="43" CONTENT="be" WC="0.76" CC="04"/>
						<SP ID="P45_SP01083" HPOS="2823" VPOS="4074" WIDTH="31"/>
						<String ID="P45_ST01285" HPOS="2854" VPOS="4049" WIDTH="52" HEIGHT="25" CONTENT="on" WC="0.65" CC="06"/>
					</TextLine>
					<TextLine ID="P45_TL00200" HPOS="2013" VPOS="4087" WIDTH="357" HEIGHT="47">
						<String ID="P45_ST01286" HPOS="2013" VPOS="4088" WIDTH="70" HEIGHT="43" CONTENT="the" WC="0.95" CC="770"/>
						<SP ID="P45_SP01084" HPOS="2083" VPOS="4131" WIDTH="32"/>
						<String ID="P45_ST01287" HPOS="2115" VPOS="4088" WIDTH="81" HEIGHT="43" CONTENT="safe" WC="0.96" CC="4733"/>
						<SP ID="P45_SP01085" HPOS="2196" VPOS="4131" WIDTH="31"/>
						<String ID="P45_ST01288" HPOS="2227" VPOS="4088" WIDTH="83" HEIGHT="44" CONTENT="side" WC="0.96" CC="0496"/>
						<SP ID="P45_SP01086" HPOS="2310" VPOS="4132" WIDTH="18"/>
						<String ID="P45_ST01289" HPOS="2328" VPOS="4087" WIDTH="42" HEIGHT="47" CONTENT='".' WC="0.55" CC="44"/>
					</TextLine>
					<TextLine ID="P45_TL00201" HPOS="2070" VPOS="4149" WIDTH="839" HEIGHT="55">
						<String ID="P45_ST01290" HPOS="2070" VPOS="4149" WIDTH="119" HEIGHT="44" CONTENT="After" WC="0.96" CC="66076"/>
						<SP ID="P45_SP01087" HPOS="2189" VPOS="4193" WIDTH="32"/>
						<String ID="P45_ST01291" HPOS="2221" VPOS="4150" WIDTH="91" HEIGHT="54" CONTENT="they" WC="0.97" CC="0706"/>
						<SP ID="P45_SP01088" HPOS="2312" VPOS="4204" WIDTH="32"/>
						<String ID="P45_ST01292" HPOS="2344" VPOS="4149" WIDTH="80" HEIGHT="45" CONTENT="had" WC="0.97" CC="600"/>
						<SP ID="P45_SP01089" HPOS="2424" VPOS="4204" WIDTH="43"/>
						<String ID="P45_ST01293" HPOS="2467" VPOS="4150" WIDTH="101" HEIGHT="44" CONTENT="been" WC="0.98" CC="6050"/>
						<SP ID="P45_SP01090" HPOS="2568" VPOS="4204" WIDTH="30"/>
						<String ID="P45_ST01294" HPOS="2598" VPOS="4150" WIDTH="96" HEIGHT="44" CONTENT="used" WC="0.97" CC="0609"/>
						<SP ID="P45_SP01091" HPOS="2694" VPOS="4204" WIDTH="32"/>
						<String ID="P45_ST01295" HPOS="2726" VPOS="4150" WIDTH="14" HEIGHT="43" CONTENT="I" WC="0.56" CC="4"/>
						<SP ID="P45_SP01092" HPOS="2740" VPOS="4204" WIDTH="34"/>
						<String ID="P45_ST01296" HPOS="2774" VPOS="4150" WIDTH="135" HEIGHT="46" CONTENT="would" WC="0.97" CC="16409"/>
					</TextLine>
				</TextBlock>
			</PrintSpace>
		</Page>
	</Layout>
</alto>
