<?xml version="1.0" encoding="UTF-8"?>
<alto xmlns:xsi="http://www.w3.org/2001/XMLSchema-instance" xmlns="http://www.loc.gov/standards/alto/ns-v2#" xsi:schemaLocation="http://www.loc.gov/standards/alto/ns-v2# http://www.loc.gov/standards/alto/alto-v2.0.xsd" xmlns:xlink="http://www.w3.org/1999/xlink">
	<Description>
		<MeasurementUnit>mm10</MeasurementUnit>
		<sourceImageInformation>
			<fileName>//fileserver7/IN2-2/Princeton/bmtnaau/1928/04_01/00000082.tif</fileName>
		</sourceImageInformation>
		<OCRProcessing ID="OCRPROCESSING_1">
			<preProcessingStep>
				<processingSoftware>
					<softwareCreator>CCS Content Conversion Specialists GmbH, Germany</softwareCreator>
					<softwareName>CCS docWorks</softwareName>
					<softwareVersion>6.7-1.24</softwareVersion>
				</processingSoftware>
			</preProcessingStep>
			<ocrProcessingStep>
				<processingSoftware>
					<softwareCreator>ABBYY (BIT Software), Russia</softwareCreator>
					<softwareName>FineReader</softwareName>
					<softwareVersion>10.0</softwareVersion>
				</processingSoftware>
			</ocrProcessingStep>
		</OCRProcessing>
	</Description>
	<Styles>
		<TextStyle ID="TXT_0" FONTSIZE="14" FONTFAMILY="Times New Roman" FONTSTYLE="bold"/>
		<TextStyle ID="TXT_1" FONTSIZE="20" FONTFAMILY="Times New Roman"/>
		<TextStyle ID="TXT_2" FONTSIZE="20" FONTFAMILY="Times New Roman" FONTSTYLE="italics"/>
		<TextStyle ID="TXT_3" FONTSIZE="14" FONTFAMILY="Times New Roman" FONTSTYLE="bold italics"/>
		<TextStyle ID="TXT_4" FONTSIZE="16" FONTFAMILY="Times New Roman"/>
		<TextStyle ID="TXT_5" FONTSIZE="10" FONTFAMILY="Times New Roman"/>
		<ParagraphStyle ID="PAR_LEFT" ALIGN="Left"/>
		<ParagraphStyle ID="PAR_RIGHT" ALIGN="Right"/>
	</Styles>
	<Layout>
		<Page ID="P8" PHYSICAL_IMG_NR="8" HEIGHT="4439" WIDTH="3082" PRINTED_IMG_NR="52" PC="0.867">
			<TopMargin ID="P8_TM00001" HPOS="0" VPOS="0" WIDTH="3082" HEIGHT="168">
				<TextBlock ID="P8_TB00001" HPOS="210" VPOS="124" WIDTH="56" HEIGHT="44" STYLEREFS="TXT_0 PAR_LEFT">
					<TextLine ID="P8_TL00001" HPOS="210" VPOS="125" WIDTH="56" HEIGHT="43">
						<String ID="P8_ST00001" HPOS="210" VPOS="125" WIDTH="56" HEIGHT="43" CONTENT="52" WC="0.34" CC="75"/>
					</TextLine>
				</TextBlock>
			</TopMargin>
			<LeftMargin ID="P8_LM00001" HPOS="0" VPOS="164" WIDTH="198" HEIGHT="4031"/>
			<RightMargin ID="P8_RM00001" HPOS="3012" VPOS="164" WIDTH="70" HEIGHT="4031"/>
			<BottomMargin ID="P8_BM00001" HPOS="0" VPOS="4195" WIDTH="3082" HEIGHT="244"/>
			<PrintSpace ID="P8_PS00001" HPOS="198" VPOS="164" WIDTH="2814" HEIGHT="4031">
				<TextBlock ID="P8_TB00002" HPOS="205" VPOS="191" WIDTH="1355" HEIGHT="89" STYLEREFS="TXT_1 PAR_LEFT">
					<TextLine ID="P8_TL00002" HPOS="206" VPOS="191" WIDTH="1354" HEIGHT="87">
						<String ID="P8_ST00002" HPOS="206" VPOS="214" WIDTH="107" HEIGHT="64" CONTENT="and" WC="0.95" CC="048"/>
						<SP ID="P8_SP00001" HPOS="313" VPOS="278" WIDTH="47"/>
						<String ID="P8_ST00003" HPOS="360" VPOS="210" WIDTH="193" HEIGHT="65" CONTENT="foolish" WC="0.98" CC="7048707"/>
						<SP ID="P8_SP00002" HPOS="553" VPOS="278" WIDTH="47"/>
						<String ID="P8_ST00004" HPOS="600" VPOS="224" WIDTH="55" HEIGHT="45" CONTENT="to" WC="0.83" CC="30"/>
						<SP ID="P8_SP00003" HPOS="655" VPOS="278" WIDTH="47"/>
						<String ID="P8_ST00005" HPOS="702" VPOS="219" WIDTH="220" HEIGHT="48" CONTENT="venture" WC="0.98" CC="0026660"/>
						<SP ID="P8_SP00004" HPOS="922" VPOS="278" WIDTH="54"/>
						<String ID="P8_ST00006" HPOS="976" VPOS="198" WIDTH="229" HEIGHT="64" CONTENT="without" WC="0.98" CC="2457024"/>
						<SP ID="P8_SP00005" HPOS="1205" VPOS="278" WIDTH="70"/>
						<String ID="P8_ST00007" HPOS="1275" VPOS="193" WIDTH="184" HEIGHT="82" CONTENT="plenty" WC="0.99" CC="460000"/>
						<SP ID="P8_SP00006" HPOS="1459" VPOS="278" WIDTH="46"/>
						<String ID="P8_ST00008" HPOS="1505" VPOS="191" WIDTH="55" HEIGHT="62" CONTENT="of" WC="0.50" CC="27"/>
					</TextLine>
				</TextBlock>
				<TextBlock ID="P8_TB00003" HPOS="198" VPOS="328" WIDTH="1384" HEIGHT="3856" STYLEREFS="TXT_1 PAR_RIGHT">
					<TextLine ID="P8_TL00003" HPOS="206" VPOS="328" WIDTH="213" HEIGHT="53">
						<String ID="P8_ST00009" HPOS="206" VPOS="328" WIDTH="213" HEIGHT="53" CONTENT="money." WC="0.99" CC="015004"/>
					</TextLine>
					<TextLine ID="P8_TL00004" HPOS="340" VPOS="370" WIDTH="1223" HEIGHT="84">
						<String ID="P8_ST00010" HPOS="340" VPOS="391" WIDTH="89" HEIGHT="63" CONTENT="As" WC="1.00" CC="00"/>
						<SP ID="P8_SP00007" HPOS="429" VPOS="454" WIDTH="44"/>
						<String ID="P8_ST00011" HPOS="473" VPOS="386" WIDTH="153" HEIGHT="64" CONTENT="there" WC="0.99" CC="00060"/>
						<SP ID="P8_SP00008" HPOS="626" VPOS="454" WIDTH="47"/>
						<String ID="P8_ST00012" HPOS="673" VPOS="386" WIDTH="41" HEIGHT="60" CONTENT="is" WC="0.42" CC="64"/>
						<SP ID="P8_SP00009" HPOS="714" VPOS="454" WIDTH="47"/>
						<String ID="P8_ST00013" HPOS="761" VPOS="408" WIDTH="69" HEIGHT="36" CONTENT="no" WC="0.67" CC="06"/>
						<SP ID="P8_SP00010" HPOS="830" VPOS="454" WIDTH="51"/>
						<String ID="P8_ST00014" HPOS="881" VPOS="376" WIDTH="156" HEIGHT="66" CONTENT="word" WC="0.99" CC="0320"/>
						<SP ID="P8_SP00011" HPOS="1037" VPOS="454" WIDTH="44"/>
						<String ID="P8_ST00015" HPOS="1081" VPOS="378" WIDTH="55" HEIGHT="60" CONTENT="in" WC="0.75" CC="50"/>
						<SP ID="P8_SP00012" HPOS="1136" VPOS="454" WIDTH="31"/>
						<String ID="P8_ST00016" HPOS="1167" VPOS="374" WIDTH="91" HEIGHT="63" CONTENT="the" WC="0.97" CC="070"/>
						<SP ID="P8_SP00013" HPOS="1258" VPOS="454" WIDTH="31"/>
						<String ID="P8_ST00017" HPOS="1289" VPOS="370" WIDTH="185" HEIGHT="65" CONTENT="article" WC="0.99" CC="0405050"/>
						<SP ID="P8_SP00014" HPOS="1474" VPOS="454" WIDTH="32"/>
						<String ID="P8_ST00018" HPOS="1506" VPOS="385" WIDTH="57" HEIGHT="46" CONTENT="to" WC="0.96" CC="00"/>
					</TextLine>
					<TextLine ID="P8_TL00005" HPOS="206" VPOS="460" WIDTH="1357" HEIGHT="100">
						<String ID="P8_ST00019" HPOS="206" VPOS="507" WIDTH="95" HEIGHT="53" CONTENT="say" WC="0.99" CC="100"/>
						<SP ID="P8_SP00015" HPOS="301" VPOS="560" WIDTH="68"/>
						<String ID="P8_ST00020" HPOS="369" VPOS="477" WIDTH="149" HEIGHT="63" CONTENT="what" WC="0.96" CC="9081"/>
						<SP ID="P8_SP00016" HPOS="518" VPOS="560" WIDTH="62"/>
						<String ID="P8_ST00021" HPOS="580" VPOS="473" WIDTH="92" HEIGHT="62" CONTENT="the" WC="1.00" CC="000"/>
						<SP ID="P8_SP00017" HPOS="672" VPOS="560" WIDTH="67"/>
						<String ID="P8_ST00022" HPOS="739" VPOS="468" WIDTH="241" HEIGHT="78" CONTENT="building" WC="0.98" CC="62409650"/>
						<SP ID="P8_SP00018" HPOS="980" VPOS="560" WIDTH="69"/>
						<String ID="P8_ST00023" HPOS="1049" VPOS="480" WIDTH="115" HEIGHT="47" CONTENT="cost" WC="1.00" CC="0000"/>
						<SP ID="P8_SP00019" HPOS="1164" VPOS="560" WIDTH="61"/>
						<String ID="P8_ST00024" HPOS="1225" VPOS="461" WIDTH="23" HEIGHT="57" CONTENT="I" WC="0.20" CC="7"/>
						<SP ID="P8_SP00020" HPOS="1248" VPOS="560" WIDTH="51"/>
						<String ID="P8_ST00025" HPOS="1299" VPOS="460" WIDTH="140" HEIGHT="64" CONTENT="have" WC="0.98" CC="7000"/>
						<SP ID="P8_SP00021" HPOS="1439" VPOS="560" WIDTH="68"/>
						<String ID="P8_ST00026" HPOS="1507" VPOS="474" WIDTH="56" HEIGHT="46" CONTENT="to" WC="0.73" CC="50"/>
					</TextLine>
					<TextLine ID="P8_TL00006" HPOS="211" VPOS="546" WIDTH="1353" HEIGHT="103">
						<String ID="P8_ST00027" HPOS="211" VPOS="595" WIDTH="153" HEIGHT="54" CONTENT="guess" WC="1.00" CC="00002"/>
						<SP ID="P8_SP00022" HPOS="364" VPOS="649" WIDTH="27"/>
						<String ID="P8_ST00028" HPOS="391" VPOS="593" WIDTH="14" HEIGHT="36" CONTENT=":" WC="1.00" CC="0"/>
						<SP ID="P8_SP00023" HPOS="405" VPOS="649" WIDTH="47"/>
						<String ID="P8_ST00029" HPOS="452" VPOS="562" WIDTH="110" HEIGHT="66" CONTENT="and" WC="0.97" CC="060"/>
						<SP ID="P8_SP00024" HPOS="562" VPOS="649" WIDTH="47"/>
						<String ID="P8_ST00030" HPOS="609" VPOS="563" WIDTH="18" HEIGHT="61" CONTENT="I" WC="0.26" CC="7"/>
						<SP ID="P8_SP00025" HPOS="627" VPOS="649" WIDTH="48"/>
						<String ID="P8_ST00031" HPOS="675" VPOS="586" WIDTH="154" HEIGHT="53" CONTENT="guess" WC="1.00" CC="00000"/>
						<SP ID="P8_SP00026" HPOS="829" VPOS="649" WIDTH="47"/>
						<String ID="P8_ST00032" HPOS="876" VPOS="557" WIDTH="116" HEIGHT="63" CONTENT="that" WC="0.99" CC="0006"/>
						<SP ID="P8_SP00027" HPOS="992" VPOS="649" WIDTH="45"/>
						<String ID="P8_ST00033" HPOS="1037" VPOS="557" WIDTH="41" HEIGHT="59" CONTENT="it" WC="0.67" CC="23"/>
						<SP ID="P8_SP00028" HPOS="1078" VPOS="649" WIDTH="44"/>
						<String ID="P8_ST00034" HPOS="1122" VPOS="569" WIDTH="117" HEIGHT="46" CONTENT="cost" WC="0.99" CC="0004"/>
						<SP ID="P8_SP00029" HPOS="1239" VPOS="649" WIDTH="31"/>
						<String ID="P8_ST00035" HPOS="1270" VPOS="576" WIDTH="129" HEIGHT="53" CONTENT="very" WC="0.98" CC="0460"/>
						<SP ID="P8_SP00030" HPOS="1399" VPOS="649" WIDTH="33"/>
						<String ID="P8_ST00036" HPOS="1432" VPOS="546" WIDTH="132" HEIGHT="64" CONTENT="little" WC="0.97" CC="615840"/>
					</TextLine>
					<TextLine ID="P8_TL00007" HPOS="204" VPOS="648" WIDTH="664" HEIGHT="86">
						<String ID="P8_ST00037" HPOS="204" VPOS="659" WIDTH="99" HEIGHT="75" CONTENT="for" WC="0.96" CC="143" STYLEREFS="TXT_2"/>
						<SP ID="P8_SP00031" HPOS="303" VPOS="734" WIDTH="38"/>
						<String ID="P8_ST00038" HPOS="341" VPOS="652" WIDTH="135" HEIGHT="66" CONTENT="such" WC="0.96" CC="4635" STYLEREFS="TXT_2"/>
						<SP ID="P8_SP00032" HPOS="476" VPOS="734" WIDTH="47"/>
						<String ID="P8_ST00039" HPOS="523" VPOS="677" WIDTH="34" HEIGHT="36" CONTENT="a" WC="0.25" CC="7" STYLEREFS="TXT_2"/>
						<SP ID="P8_SP00033" HPOS="557" VPOS="734" WIDTH="49"/>
						<String ID="P8_ST00040" HPOS="606" VPOS="648" WIDTH="262" HEIGHT="78" CONTENT="building." WC="0.99" CC="560492005" STYLEREFS="TXT_2"/>
					</TextLine>
					<TextLine ID="P8_TL00008" HPOS="345" VPOS="727" WIDTH="1216" HEIGHT="89">
						<String ID="P8_ST00041" HPOS="345" VPOS="745" WIDTH="18" HEIGHT="61" CONTENT="1" WC="0.28" CC="7"/>
						<SP ID="P8_SP00034" HPOS="363" VPOS="806" WIDTH="47"/>
						<String ID="P8_ST00042" HPOS="410" VPOS="738" WIDTH="189" HEIGHT="68" CONTENT="would" WC="0.98" CC="04060"/>
						<SP ID="P8_SP00035" HPOS="599" VPOS="806" WIDTH="69"/>
						<String ID="P8_ST00043" HPOS="668" VPOS="752" WIDTH="211" HEIGHT="64" CONTENT="suggest" WC="0.99" CC="0409103"/>
						<SP ID="P8_SP00036" HPOS="879" VPOS="816" WIDTH="67"/>
						<String ID="P8_ST00044" HPOS="946" VPOS="732" WIDTH="117" HEIGHT="63" CONTENT="that" WC="0.98" CC="3004"/>
						<SP ID="P8_SP00037" HPOS="1063" VPOS="816" WIDTH="45"/>
						<String ID="P8_ST00045" HPOS="1108" VPOS="759" WIDTH="35" HEIGHT="35" CONTENT="a" WC="1.00" CC="0"/>
						<SP ID="P8_SP00038" HPOS="1143" VPOS="816" WIDTH="56"/>
						<String ID="P8_ST00046" HPOS="1199" VPOS="727" WIDTH="152" HEIGHT="65" CONTENT="small" WC="0.99" CC="30050"/>
						<SP ID="P8_SP00039" HPOS="1351" VPOS="816" WIDTH="60"/>
						<String ID="P8_ST00047" HPOS="1411" VPOS="751" WIDTH="113" HEIGHT="38" CONTENT="com" SUBS_TYPE="HypPart1" SUBS_CONTENT="community" WC="0.97" CC="108"/>
						<HYP HPOS="1524" VPOS="751" WIDTH="37" CONTENT="-"/>
					</TextLine>
					<TextLine ID="P8_TL00009" HPOS="212" VPOS="818" WIDTH="1351" HEIGHT="93">
						<String ID="P8_ST00048" HPOS="212" VPOS="836" WIDTH="203" HEIGHT="75" CONTENT="munity" SUBS_TYPE="HypPart2" SUBS_CONTENT="community" WC="0.98" CC="706400"/>
						<SP ID="P8_SP00040" HPOS="415" VPOS="911" WIDTH="46"/>
						<String ID="P8_ST00049" HPOS="461" VPOS="827" WIDTH="183" HEIGHT="65" CONTENT="stands" WC="0.99" CC="014400"/>
						<SP ID="P8_SP00041" HPOS="644" VPOS="911" WIDTH="47"/>
						<String ID="P8_ST00050" HPOS="691" VPOS="830" WIDTH="54" HEIGHT="58" CONTENT="in" WC="0.72" CC="50"/>
						<SP ID="P8_SP00042" HPOS="745" VPOS="911" WIDTH="45"/>
						<String ID="P8_ST00051" HPOS="790" VPOS="853" WIDTH="71" HEIGHT="34" CONTENT="no" WC="0.42" CC="64"/>
						<SP ID="P8_SP00043" HPOS="861" VPOS="911" WIDTH="33"/>
						<String ID="P8_ST00052" HPOS="894" VPOS="821" WIDTH="140" HEIGHT="65" CONTENT="need" WC="0.97" CC="4350"/>
						<SP ID="P8_SP00044" HPOS="1034" VPOS="911" WIDTH="31"/>
						<String ID="P8_ST00053" HPOS="1065" VPOS="822" WIDTH="56" HEIGHT="62" CONTENT="of" WC="0.63" CC="07"/>
						<SP ID="P8_SP00045" HPOS="1121" VPOS="911" WIDTH="34"/>
						<String ID="P8_ST00054" HPOS="1155" VPOS="818" WIDTH="133" HEIGHT="65" CONTENT="such" WC="1.00" CC="0000"/>
						<SP ID="P8_SP00046" HPOS="1288" VPOS="911" WIDTH="31"/>
						<String ID="P8_ST00055" HPOS="1319" VPOS="845" WIDTH="33" HEIGHT="35" CONTENT="a" WC="1.00" CC="0"/>
						<SP ID="P8_SP00047" HPOS="1352" VPOS="911" WIDTH="32"/>
						<String ID="P8_ST00056" HPOS="1384" VPOS="841" WIDTH="144" HEIGHT="53" CONTENT="swag" SUBS_TYPE="HypPart1" SUBS_CONTENT="swagger" WC="0.98" CC="0190"/>
						<HYP HPOS="1528" VPOS="841" WIDTH="35" CONTENT="-"/>
					</TextLine>
					<TextLine ID="P8_TL00010" HPOS="214" VPOS="907" WIDTH="1352" HEIGHT="95">
						<String ID="P8_ST00057" HPOS="214" VPOS="949" WIDTH="91" HEIGHT="53" CONTENT="ger" SUBS_TYPE="HypPart2" SUBS_CONTENT="swagger" WC="0.94" CC="904"/>
						<SP ID="P8_SP00048" HPOS="305" VPOS="1002" WIDTH="45"/>
						<String ID="P8_ST00058" HPOS="350" VPOS="917" WIDTH="215" HEIGHT="80" CONTENT="looking" WC="0.98" CC="5320550"/>
						<SP ID="P8_SP00049" HPOS="565" VPOS="1002" WIDTH="44"/>
						<String ID="P8_ST00059" HPOS="609" VPOS="915" WIDTH="177" HEIGHT="81" CONTENT="place." WC="1.00" CC="000004"/>
						<SP ID="P8_SP00050" HPOS="786" VPOS="1002" WIDTH="98"/>
						<String ID="P8_ST00060" HPOS="884" VPOS="913" WIDTH="58" HEIGHT="61" CONTENT="In" WC="0.73" CC="05"/>
						<SP ID="P8_SP00051" HPOS="942" VPOS="1002" WIDTH="47"/>
						<String ID="P8_ST00061" HPOS="989" VPOS="926" WIDTH="153" HEIGHT="64" CONTENT="great" WC="0.98" CC="07007"/>
						<SP ID="P8_SP00052" HPOS="1142" VPOS="1002" WIDTH="58"/>
						<String ID="P8_ST00062" HPOS="1200" VPOS="922" WIDTH="209" HEIGHT="49" CONTENT="centres" WC="1.00" CC="0200320"/>
						<SP ID="P8_SP00053" HPOS="1409" VPOS="1002" WIDTH="68"/>
						<String ID="P8_ST00063" HPOS="1477" VPOS="907" WIDTH="40" HEIGHT="59" CONTENT="it" WC="0.76" CC="04"/>
						<SP ID="P8_SP00054" HPOS="1517" VPOS="1002" WIDTH="26"/>
						<String ID="P8_ST00064" HPOS="1543" VPOS="930" WIDTH="23" HEIGHT="34" CONTENT="s" WC="1.00" CC="0"/>
					</TextLine>
					<TextLine ID="P8_TL00011" HPOS="213" VPOS="992" WIDTH="1351" HEIGHT="89">
						<String ID="P8_ST00065" HPOS="213" VPOS="1039" WIDTH="56" HEIGHT="36" CONTENT="as" WC="0.59" CC="80"/>
						<SP ID="P8_SP00055" HPOS="269" VPOS="1075" WIDTH="46"/>
						<String ID="P8_ST00066" HPOS="315" VPOS="1009" WIDTH="124" HEIGHT="66" CONTENT="well" WC="0.97" CC="0056"/>
						<SP ID="P8_SP00056" HPOS="439" VPOS="1075" WIDTH="45"/>
						<String ID="P8_ST00067" HPOS="484" VPOS="1024" WIDTH="57" HEIGHT="46" CONTENT="to" WC="0.90" CC="02"/>
						<SP ID="P8_SP00057" HPOS="541" VPOS="1075" WIDTH="47"/>
						<String ID="P8_ST00068" HPOS="588" VPOS="1002" WIDTH="151" HEIGHT="66" CONTENT="build" WC="0.98" CC="70300"/>
						<SP ID="P8_SP00058" HPOS="739" VPOS="1075" WIDTH="57"/>
						<String ID="P8_ST00069" HPOS="796" VPOS="1016" WIDTH="314" HEIGHT="65" CONTENT="sumptuous" WC="0.99" CC="000000365"/>
						<SP ID="P8_SP00059" HPOS="1110" VPOS="1081" WIDTH="62"/>
						<String ID="P8_ST00070" HPOS="1172" VPOS="997" WIDTH="235" HEIGHT="63" CONTENT="theatres" WC="1.00" CC="27001000"/>
						<SP ID="P8_SP00060" HPOS="1407" VPOS="1081" WIDTH="47"/>
						<String ID="P8_ST00071" HPOS="1454" VPOS="992" WIDTH="110" HEIGHT="65" CONTENT="and" WC="0.94" CC="960"/>
					</TextLine>
					<TextLine ID="P8_TL00012" HPOS="218" VPOS="1082" WIDTH="1350" HEIGHT="84">
						<String ID="P8_ST00072" HPOS="218" VPOS="1096" WIDTH="149" HEIGHT="66" CONTENT="build" WC="0.98" CC="50500"/>
						<SP ID="P8_SP00061" HPOS="367" VPOS="1162" WIDTH="44"/>
						<String ID="P8_ST00073" HPOS="411" VPOS="1096" WIDTH="148" HEIGHT="63" CONTENT="them" WC="0.97" CC="0705"/>
						<SP ID="P8_SP00062" HPOS="559" VPOS="1162" WIDTH="68"/>
						<String ID="P8_ST00074" HPOS="627" VPOS="1093" WIDTH="230" HEIGHT="64" CONTENT="without" WC="0.99" CC="0350003"/>
						<SP ID="P8_SP00063" HPOS="857" VPOS="1162" WIDTH="47"/>
						<String ID="P8_ST00075" HPOS="904" VPOS="1089" WIDTH="284" HEIGHT="77" CONTENT="bothering" WC="0.99" CC="600003560"/>
						<SP ID="P8_SP00064" HPOS="1188" VPOS="1166" WIDTH="68"/>
						<String ID="P8_ST00076" HPOS="1256" VPOS="1084" WIDTH="171" HEIGHT="63" CONTENT="about" WC="0.97" CC="07415"/>
						<SP ID="P8_SP00065" HPOS="1427" VPOS="1166" WIDTH="47"/>
						<String ID="P8_ST00077" HPOS="1474" VPOS="1082" WIDTH="94" HEIGHT="63" CONTENT="the" WC="0.94" CC="772"/>
					</TextLine>
					<TextLine ID="P8_TL00013" HPOS="216" VPOS="1170" WIDTH="1351" HEIGHT="83">
						<String ID="P8_ST00078" HPOS="216" VPOS="1204" WIDTH="133" HEIGHT="49" CONTENT="cost." WC="0.99" CC="02033"/>
						<SP ID="P8_SP00066" HPOS="349" VPOS="1253" WIDTH="79"/>
						<String ID="P8_ST00079" HPOS="428" VPOS="1185" WIDTH="178" HEIGHT="64" CONTENT="Great" WC="0.99" CC="16000"/>
						<SP ID="P8_SP00067" HPOS="606" VPOS="1253" WIDTH="29"/>
						<String ID="P8_ST00080" HPOS="635" VPOS="1199" WIDTH="208" HEIGHT="46" CONTENT="centres" WC="0.99" CC="5060400"/>
						<SP ID="P8_SP00068" HPOS="843" VPOS="1253" WIDTH="32"/>
						<String ID="P8_ST00081" HPOS="875" VPOS="1206" WIDTH="101" HEIGHT="36" CONTENT="can" WC="0.98" CC="006"/>
						<SP ID="P8_SP00069" HPOS="976" VPOS="1253" WIDTH="32"/>
						<String ID="P8_ST00082" HPOS="1008" VPOS="1176" WIDTH="174" HEIGHT="65" CONTENT="afford" WC="0.98" CC="066230"/>
						<SP ID="P8_SP00070" HPOS="1182" VPOS="1253" WIDTH="32"/>
						<String ID="P8_ST00083" HPOS="1214" VPOS="1175" WIDTH="136" HEIGHT="64" CONTENT="that." WC="0.99" CC="20024"/>
						<SP ID="P8_SP00071" HPOS="1350" VPOS="1253" WIDTH="76"/>
						<String ID="P8_ST00084" HPOS="1426" VPOS="1170" WIDTH="141" HEIGHT="65" CONTENT="And" WC="0.94" CC="069"/>
					</TextLine>
					<TextLine ID="P8_TL00014" HPOS="216" VPOS="1263" WIDTH="1353" HEIGHT="89">
						<String ID="P8_ST00085" HPOS="216" VPOS="1277" WIDTH="162" HEIGHT="64" CONTENT="when" WC="0.97" CC="8003"/>
						<SP ID="P8_SP00072" HPOS="378" VPOS="1341" WIDTH="69"/>
						<String ID="P8_ST00086" HPOS="447" VPOS="1272" WIDTH="268" HEIGHT="80" CONTENT="Welwyn" WC="0.88" CC="106000"/>
						<SP ID="P8_SP00073" HPOS="715" VPOS="1352" WIDTH="46"/>
						<String ID="P8_ST00087" HPOS="761" VPOS="1270" WIDTH="257" HEIGHT="63" CONTENT="becomes" WC="0.99" CC="7031200"/>
						<SP ID="P8_SP00074" HPOS="1018" VPOS="1352" WIDTH="47"/>
						<String ID="P8_ST00088" HPOS="1065" VPOS="1294" WIDTH="33" HEIGHT="35" CONTENT="a" WC="0.33" CC="6"/>
						<SP ID="P8_SP00075" HPOS="1098" VPOS="1352" WIDTH="46"/>
						<String ID="P8_ST00089" HPOS="1144" VPOS="1280" WIDTH="150" HEIGHT="65" CONTENT="great" WC="0.99" CC="06000"/>
						<SP ID="P8_SP00076" HPOS="1294" VPOS="1352" WIDTH="57"/>
						<String ID="P8_ST00090" HPOS="1351" VPOS="1263" WIDTH="132" HEIGHT="78" CONTENT="City" WC="1.00" CC="0000"/>
						<SP ID="P8_SP00077" HPOS="1483" VPOS="1352" WIDTH="46"/>
						<String ID="P8_ST00091" HPOS="1529" VPOS="1264" WIDTH="40" HEIGHT="58" CONTENT="it" WC="0.81" CC="30"/>
					</TextLine>
					<TextLine ID="P8_TL00015" HPOS="213" VPOS="1350" WIDTH="1354" HEIGHT="88">
						<String ID="P8_ST00092" HPOS="213" VPOS="1364" WIDTH="111" HEIGHT="65" CONTENT="will" WC="0.98" CC="0205"/>
						<SP ID="P8_SP00078" HPOS="324" VPOS="1429" WIDTH="43"/>
						<String ID="P8_ST00093" HPOS="367" VPOS="1363" WIDTH="73" HEIGHT="64" CONTENT="be" WC="0.94" CC="01"/>
						<SP ID="P8_SP00079" HPOS="440" VPOS="1429" WIDTH="69"/>
						<String ID="P8_ST00094" HPOS="509" VPOS="1359" WIDTH="165" HEIGHT="79" CONTENT="easily" WC="1.00" CC="000500"/>
						<SP ID="P8_SP00080" HPOS="674" VPOS="1438" WIDTH="48"/>
						<String ID="P8_ST00095" HPOS="722" VPOS="1358" WIDTH="125" HEIGHT="63" CONTENT="able" WC="1.00" CC="0000"/>
						<SP ID="P8_SP00081" HPOS="847" VPOS="1438" WIDTH="47"/>
						<String ID="P8_ST00096" HPOS="894" VPOS="1374" WIDTH="56" HEIGHT="46" CONTENT="to" WC="0.73" CC="22"/>
						<SP ID="P8_SP00082" HPOS="950" VPOS="1438" WIDTH="53"/>
						<String ID="P8_ST00097" HPOS="1003" VPOS="1354" WIDTH="175" HEIGHT="64" CONTENT="afford" WC="0.99" CC="044030"/>
						<SP ID="P8_SP00083" HPOS="1178" VPOS="1438" WIDTH="52"/>
						<String ID="P8_ST00098" HPOS="1230" VPOS="1371" WIDTH="60" HEIGHT="44" CONTENT="to" WC="0.94" CC="10"/>
						<SP ID="P8_SP00084" HPOS="1290" VPOS="1438" WIDTH="45"/>
						<String ID="P8_ST00099" HPOS="1335" VPOS="1350" WIDTH="153" HEIGHT="64" CONTENT="build" WC="0.99" CC="00030"/>
						<SP ID="P8_SP00085" HPOS="1488" VPOS="1438" WIDTH="46"/>
						<String ID="P8_ST00100" HPOS="1534" VPOS="1377" WIDTH="33" HEIGHT="34" CONTENT="a" WC="1.00" CC="0"/>
					</TextLine>
					<TextLine ID="P8_TL00016" HPOS="213" VPOS="1439" WIDTH="1355" HEIGHT="78">
						<String ID="P8_ST00101" HPOS="213" VPOS="1480" WIDTH="126" HEIGHT="37" CONTENT="new" WC="0.96" CC="630"/>
						<SP ID="P8_SP00086" HPOS="339" VPOS="1517" WIDTH="44"/>
						<String ID="P8_ST00102" HPOS="383" VPOS="1452" WIDTH="263" HEIGHT="62" CONTENT="Theatre." WC="0.99" CC="06002604"/>
						<SP ID="P8_SP00087" HPOS="646" VPOS="1517" WIDTH="81"/>
						<String ID="P8_ST00103" HPOS="727" VPOS="1448" WIDTH="20" HEIGHT="62" CONTENT="1" WC="1.00" CC="0"/>
						<SP ID="P8_SP00088" HPOS="747" VPOS="1517" WIDTH="47"/>
						<String ID="P8_ST00104" HPOS="794" VPOS="1474" WIDTH="88" HEIGHT="36" CONTENT="am" WC="1.00" CC="00"/>
						<SP ID="P8_SP00089" HPOS="882" VPOS="1517" WIDTH="37"/>
						<String ID="P8_ST00105" HPOS="919" VPOS="1442" WIDTH="234" HEIGHT="67" CONTENT="inclined" WC="0.99" CC="66076000"/>
						<SP ID="P8_SP00090" HPOS="1153" VPOS="1517" WIDTH="30"/>
						<String ID="P8_ST00106" HPOS="1183" VPOS="1460" WIDTH="58" HEIGHT="45" CONTENT="to" WC="0.94" CC="10"/>
						<SP ID="P8_SP00091" HPOS="1241" VPOS="1517" WIDTH="30"/>
						<String ID="P8_ST00107" HPOS="1271" VPOS="1441" WIDTH="150" HEIGHT="63" CONTENT="think" WC="1.00" CC="00300"/>
						<SP ID="P8_SP00092" HPOS="1421" VPOS="1517" WIDTH="30"/>
						<String ID="P8_ST00108" HPOS="1451" VPOS="1439" WIDTH="117" HEIGHT="62" CONTENT="that" WC="1.00" CC="0000"/>
					</TextLine>
					<TextLine ID="P8_TL00017" HPOS="214" VPOS="1529" WIDTH="1355" HEIGHT="78">
						<String ID="P8_ST00109" HPOS="214" VPOS="1543" WIDTH="152" HEIGHT="64" CONTENT="what" WC="1.00" CC="1000"/>
						<SP ID="P8_SP00093" HPOS="366" VPOS="1607" WIDTH="43"/>
						<String ID="P8_ST00110" HPOS="409" VPOS="1543" WIDTH="37" HEIGHT="61" CONTENT="it" WC="0.38" CC="65"/>
						<SP ID="P8_SP00094" HPOS="446" VPOS="1607" WIDTH="63"/>
						<String ID="P8_ST00111" HPOS="509" VPOS="1538" WIDTH="194" HEIGHT="65" CONTENT="should" WC="1.00" CC="000210"/>
						<SP ID="P8_SP00095" HPOS="703" VPOS="1607" WIDTH="47"/>
						<String ID="P8_ST00112" HPOS="750" VPOS="1537" WIDTH="139" HEIGHT="62" CONTENT="have" WC="1.00" CC="0000"/>
						<SP ID="P8_SP00096" HPOS="889" VPOS="1607" WIDTH="59"/>
						<String ID="P8_ST00113" HPOS="948" VPOS="1534" WIDTH="145" HEIGHT="64" CONTENT="done" WC="0.98" CC="0330"/>
						<SP ID="P8_SP00097" HPOS="1093" VPOS="1607" WIDTH="69"/>
						<String ID="P8_ST00114" HPOS="1162" VPOS="1559" WIDTH="117" HEIGHT="38" CONTENT="was" WC="1.00" CC="000"/>
						<SP ID="P8_SP00098" HPOS="1279" VPOS="1607" WIDTH="45"/>
						<String ID="P8_ST00115" HPOS="1324" VPOS="1547" WIDTH="59" HEIGHT="46" CONTENT="to" WC="0.53" CC="62"/>
						<SP ID="P8_SP00099" HPOS="1383" VPOS="1607" WIDTH="43"/>
						<String ID="P8_ST00116" HPOS="1426" VPOS="1529" WIDTH="143" HEIGHT="64" CONTENT="have" WC="0.98" CC="0604"/>
					</TextLine>
					<TextLine ID="P8_TL00018" HPOS="216" VPOS="1618" WIDTH="1353" HEIGHT="84">
						<String ID="P8_ST00117" HPOS="216" VPOS="1631" WIDTH="133" HEIGHT="64" CONTENT="built" WC="0.97" CC="70562"/>
						<SP ID="P8_SP00100" HPOS="349" VPOS="1695" WIDTH="46"/>
						<String ID="P8_ST00118" HPOS="395" VPOS="1656" WIDTH="33" HEIGHT="36" CONTENT="a" WC="1.00" CC="0"/>
						<SP ID="P8_SP00101" HPOS="428" VPOS="1695" WIDTH="45"/>
						<String ID="P8_ST00119" HPOS="473" VPOS="1628" WIDTH="107" HEIGHT="64" CONTENT="first" WC="0.98" CC="11402"/>
						<SP ID="P8_SP00102" HPOS="580" VPOS="1695" WIDTH="38"/>
						<String ID="P8_ST00120" HPOS="618" VPOS="1628" WIDTH="136" HEIGHT="63" CONTENT="class" WC="0.99" CC="09000"/>
						<SP ID="P8_SP00103" HPOS="754" VPOS="1695" WIDTH="32"/>
						<String ID="P8_ST00121" HPOS="786" VPOS="1636" WIDTH="311" HEIGHT="64" CONTENT="temporary" WC="0.99" CC="271010000" STYLEREFS="TXT_2"/>
						<SP ID="P8_SP00104" HPOS="1097" VPOS="1700" WIDTH="45"/>
						<String ID="P8_ST00122" HPOS="1142" VPOS="1620" WIDTH="299" HEIGHT="82" CONTENT="playhouse" WC="1.00" CC="040070000"/>
						<SP ID="P8_SP00105" HPOS="1441" VPOS="1702" WIDTH="45"/>
						<String ID="P8_ST00123" HPOS="1486" VPOS="1618" WIDTH="83" HEIGHT="63" CONTENT="for" WC="0.95" CC="707"/>
					</TextLine>
					<TextLine ID="P8_TL00019" HPOS="217" VPOS="1706" WIDTH="1352" HEIGHT="84">
						<String ID="P8_ST00124" HPOS="217" VPOS="1722" WIDTH="61" HEIGHT="61" CONTENT="its" WC="0.94" CC="664"/>
						<SP ID="P8_SP00106" HPOS="278" VPOS="1783" WIDTH="57"/>
						<String ID="P8_ST00125" HPOS="335" VPOS="1717" WIDTH="197" HEIGHT="73" CONTENT="6,500" WC="0.68" CC="01445"/>
						<SP ID="P8_SP00107" HPOS="532" VPOS="1790" WIDTH="67"/>
						<String ID="P8_ST00126" HPOS="599" VPOS="1715" WIDTH="325" HEIGHT="63" CONTENT="inhabitants" WC="0.99" CC="65007450560"/>
						<SP ID="P8_SP00108" HPOS="924" VPOS="1790" WIDTH="75"/>
						<String ID="P8_ST00127" HPOS="999" VPOS="1710" WIDTH="109" HEIGHT="65" CONTENT="and" WC="1.00" CC="000"/>
						<SP ID="P8_SP00109" HPOS="1108" VPOS="1790" WIDTH="68"/>
						<String ID="P8_ST00128" HPOS="1176" VPOS="1708" WIDTH="216" HEIGHT="80" CONTENT="enlarge" WC="0.98" CC="0560654"/>
						<SP ID="P8_SP00110" HPOS="1392" VPOS="1790" WIDTH="67"/>
						<String ID="P8_ST00129" HPOS="1459" VPOS="1706" WIDTH="110" HEIGHT="65" CONTENT="and" WC="0.97" CC="070"/>
					</TextLine>
					<TextLine ID="P8_TL00020" HPOS="218" VPOS="1797" WIDTH="1198" HEIGHT="84">
						<String ID="P8_ST00130" HPOS="218" VPOS="1809" WIDTH="254" HEIGHT="63" CONTENT="decorate" WC="0.99" CC="04236002"/>
						<SP ID="P8_SP00111" HPOS="472" VPOS="1872" WIDTH="45"/>
						<String ID="P8_ST00131" HPOS="517" VPOS="1809" WIDTH="38" HEIGHT="60" CONTENT="it" WC="0.92" CC="10"/>
						<SP ID="P8_SP00112" HPOS="555" VPOS="1872" WIDTH="47"/>
						<String ID="P8_ST00132" HPOS="602" VPOS="1824" WIDTH="90" HEIGHT="45" CONTENT="ten" WC="0.97" CC="405"/>
						<SP ID="P8_SP00113" HPOS="692" VPOS="1872" WIDTH="44"/>
						<String ID="P8_ST00133" HPOS="736" VPOS="1820" WIDTH="58" HEIGHT="46" CONTENT="to" WC="0.93" CC="10"/>
						<SP ID="P8_SP00114" HPOS="794" VPOS="1872" WIDTH="44"/>
						<String ID="P8_ST00134" HPOS="838" VPOS="1802" WIDTH="180" HEIGHT="63" CONTENT="fifteen" WC="0.99" CC="1176000"/>
						<SP ID="P8_SP00115" HPOS="1018" VPOS="1872" WIDTH="46"/>
						<String ID="P8_ST00135" HPOS="1064" VPOS="1825" WIDTH="156" HEIGHT="56" CONTENT="years" WC="1.00" CC="00030"/>
						<SP ID="P8_SP00116" HPOS="1220" VPOS="1881" WIDTH="46"/>
						<String ID="P8_ST00136" HPOS="1266" VPOS="1797" WIDTH="150" HEIGHT="64" CONTENT="later." WC="0.99" CC="005033"/>
					</TextLine>
					<TextLine ID="P8_TL00021" HPOS="354" VPOS="1886" WIDTH="1218" HEIGHT="73">
						<String ID="P8_ST00137" HPOS="354" VPOS="1896" WIDTH="140" HEIGHT="63" CONTENT="This" WC="0.98" CC="0640"/>
						<SP ID="P8_SP00117" HPOS="494" VPOS="1959" WIDTH="46"/>
						<String ID="P8_ST00138" HPOS="540" VPOS="1895" WIDTH="153" HEIGHT="62" CONTENT="haste" WC="1.00" CC="00000"/>
						<SP ID="P8_SP00118" HPOS="693" VPOS="1959" WIDTH="45"/>
						<String ID="P8_ST00139" HPOS="738" VPOS="1909" WIDTH="57" HEIGHT="46" CONTENT="to" WC="0.71" CC="23"/>
						<SP ID="P8_SP00119" HPOS="795" VPOS="1959" WIDTH="44"/>
						<String ID="P8_ST00140" HPOS="839" VPOS="1890" WIDTH="438" HEIGHT="69" CONTENT="over-decorate," WC="1.00" CC="50070000550400"/>
						<SP ID="P8_SP00120" HPOS="1277" VPOS="1959" WIDTH="50"/>
						<String ID="P8_ST00141" HPOS="1327" VPOS="1886" WIDTH="103" HEIGHT="64" CONTENT="this" WC="0.98" CC="3050"/>
						<SP ID="P8_SP00121" HPOS="1430" VPOS="1959" WIDTH="47"/>
						<String ID="P8_ST00142" HPOS="1477" VPOS="1910" WIDTH="95" HEIGHT="37" CONTENT="use" WC="1.00" CC="000"/>
					</TextLine>
					<TextLine ID="P8_TL00022" HPOS="226" VPOS="1974" WIDTH="1347" HEIGHT="88">
						<String ID="P8_ST00143" HPOS="226" VPOS="1985" WIDTH="52" HEIGHT="64" CONTENT="of" WC="0.38" CC="56"/>
						<SP ID="P8_SP00122" HPOS="278" VPOS="2049" WIDTH="42"/>
						<String ID="P8_ST00144" HPOS="320" VPOS="2002" WIDTH="94" HEIGHT="46" CONTENT="too" WC="0.97" CC="403"/>
						<SP ID="P8_SP00123" HPOS="414" VPOS="2049" WIDTH="46"/>
						<String ID="P8_ST00145" HPOS="460" VPOS="1983" WIDTH="168" HEIGHT="79" CONTENT="costly" WC="0.98" CC="016502"/>
						<SP ID="P8_SP00124" HPOS="628" VPOS="2062" WIDTH="46"/>
						<String ID="P8_ST00146" HPOS="674" VPOS="1979" WIDTH="266" HEIGHT="66" CONTENT="materials" WC="0.99" CC="001055050"/>
						<SP ID="P8_SP00125" HPOS="940" VPOS="2062" WIDTH="45"/>
						<String ID="P8_ST00147" HPOS="985" VPOS="1982" WIDTH="43" HEIGHT="60" CONTENT="is" WC="0.56" CC="52"/>
						<SP ID="P8_SP00126" HPOS="1028" VPOS="2062" WIDTH="33"/>
						<String ID="P8_ST00148" HPOS="1061" VPOS="2003" WIDTH="221" HEIGHT="52" CONTENT="wrong:" WC="0.97" CC="976501"/>
						<SP ID="P8_SP00127" HPOS="1282" VPOS="2062" WIDTH="35"/>
						<String ID="P8_ST00149" HPOS="1317" VPOS="1974" WIDTH="100" HEIGHT="63" CONTENT="but" WC="0.97" CC="700"/>
						<SP ID="P8_SP00128" HPOS="1417" VPOS="2062" WIDTH="29"/>
						<String ID="P8_ST00150" HPOS="1446" VPOS="1998" WIDTH="127" HEIGHT="55" CONTENT="may" WC="0.95" CC="580"/>
					</TextLine>
					<TextLine ID="P8_TL00023" HPOS="218" VPOS="2063" WIDTH="1357" HEIGHT="73">
						<String ID="P8_ST00151" HPOS="218" VPOS="2086" WIDTH="71" HEIGHT="50" CONTENT="be" WC="0.80" CC="40"/>
						<SP ID="P8_SP00129" HPOS="289" VPOS="2136" WIDTH="45"/>
						<String ID="P8_ST00152" HPOS="334" VPOS="2077" WIDTH="39" HEIGHT="59" CONTENT="it" WC="0.59" CC="34"/>
						<SP ID="P8_SP00130" HPOS="373" VPOS="2136" WIDTH="60"/>
						<String ID="P8_ST00153" HPOS="433" VPOS="2100" WIDTH="115" HEIGHT="36" CONTENT="was" WC="1.00" CC="000"/>
						<SP ID="P8_SP00131" HPOS="548" VPOS="2136" WIDTH="68"/>
						<String ID="P8_ST00154" HPOS="616" VPOS="2088" WIDTH="94" HEIGHT="46" CONTENT="not" WC="0.94" CC="527"/>
						<SP ID="P8_SP00132" HPOS="710" VPOS="2136" WIDTH="67"/>
						<String ID="P8_ST00155" HPOS="777" VPOS="2069" WIDTH="93" HEIGHT="64" CONTENT="the" WC="0.97" CC="070"/>
						<SP ID="P8_SP00133" HPOS="870" VPOS="2136" WIDTH="67"/>
						<String ID="P8_ST00156" HPOS="937" VPOS="2065" WIDTH="305" HEIGHT="66" CONTENT="architects'" WC="1.00" CC="02000000303"/>
						<SP ID="P8_SP00134" HPOS="1242" VPOS="2136" WIDTH="72"/>
						<String ID="P8_ST00157" HPOS="1314" VPOS="2063" WIDTH="172" HEIGHT="65" CONTENT="fault:" WC="0.98" CC="700553"/>
						<SP ID="P8_SP00135" HPOS="1486" VPOS="2136" WIDTH="48"/>
						<String ID="P8_ST00158" HPOS="1534" VPOS="2064" WIDTH="41" HEIGHT="60" CONTENT="it" WC="0.84" CC="30"/>
					</TextLine>
					<TextLine ID="P8_TL00024" HPOS="217" VPOS="2154" WIDTH="1355" HEIGHT="73">
						<String ID="P8_ST00159" HPOS="217" VPOS="2189" WIDTH="171" HEIGHT="38" CONTENT="seems" WC="1.00" CC="00001"/>
						<SP ID="P8_SP00136" HPOS="388" VPOS="2227" WIDTH="45"/>
						<String ID="P8_ST00160" HPOS="433" VPOS="2178" WIDTH="58" HEIGHT="46" CONTENT="to" WC="0.59" CC="25"/>
						<SP ID="P8_SP00137" HPOS="491" VPOS="2227" WIDTH="45"/>
						<String ID="P8_ST00161" HPOS="536" VPOS="2189" WIDTH="87" HEIGHT="35" CONTENT="me" WC="1.00" CC="00"/>
						<SP ID="P8_SP00138" HPOS="623" VPOS="2227" WIDTH="46"/>
						<String ID="P8_ST00162" HPOS="669" VPOS="2161" WIDTH="117" HEIGHT="62" CONTENT="that" WC="0.98" CC="0700"/>
						<SP ID="P8_SP00139" HPOS="786" VPOS="2227" WIDTH="41"/>
						<String ID="P8_ST00163" HPOS="827" VPOS="2162" WIDTH="39" HEIGHT="60" CONTENT="it" WC="0.65" CC="33"/>
						<SP ID="P8_SP00140" HPOS="866" VPOS="2227" WIDTH="30"/>
						<String ID="P8_ST00164" HPOS="896" VPOS="2185" WIDTH="117" HEIGHT="38" CONTENT="was" WC="1.00" CC="000"/>
						<SP ID="P8_SP00141" HPOS="1013" VPOS="2227" WIDTH="45"/>
						<String ID="P8_ST00165" HPOS="1058" VPOS="2157" WIDTH="137" HEIGHT="62" CONTENT="their" WC="0.98" CC="30265"/>
						<SP ID="P8_SP00142" HPOS="1195" VPOS="2227" WIDTH="47"/>
						<String ID="P8_ST00166" HPOS="1242" VPOS="2154" WIDTH="330" HEIGHT="69" CONTENT="misfortune," WC="0.99" CC="06070615404"/>
					</TextLine>
					<TextLine ID="P8_TL00025" HPOS="217" VPOS="2241" WIDTH="1360" HEIGHT="87">
						<String ID="P8_ST00167" HPOS="217" VPOS="2252" WIDTH="84" HEIGHT="64" CONTENT="for" WC="0.95" CC="731"/>
						<SP ID="P8_SP00143" HPOS="301" VPOS="2316" WIDTH="44"/>
						<String ID="P8_ST00168" HPOS="345" VPOS="2251" WIDTH="128" HEIGHT="77" CONTENT="they" WC="0.99" CC="4000"/>
						<SP ID="P8_SP00144" HPOS="473" VPOS="2328" WIDTH="64"/>
						<String ID="P8_ST00169" HPOS="537" VPOS="2276" WIDTH="147" HEIGHT="38" CONTENT="were" WC="0.99" CC="0030"/>
						<SP ID="P8_SP00145" HPOS="684" VPOS="2328" WIDTH="46"/>
						<String ID="P8_ST00170" HPOS="730" VPOS="2247" WIDTH="168" HEIGHT="63" CONTENT="asked" WC="1.00" CC="03000"/>
						<SP ID="P8_SP00146" HPOS="898" VPOS="2328" WIDTH="56"/>
						<String ID="P8_ST00171" HPOS="954" VPOS="2265" WIDTH="58" HEIGHT="45" CONTENT="to" WC="0.87" CC="02"/>
						<SP ID="P8_SP00147" HPOS="1012" VPOS="2328" WIDTH="47"/>
						<String ID="P8_ST00172" HPOS="1059" VPOS="2243" WIDTH="229" HEIGHT="84" CONTENT="provide" WC="0.99" CC="0420500"/>
						<SP ID="P8_SP00148" HPOS="1288" VPOS="2328" WIDTH="53"/>
						<String ID="P8_ST00173" HPOS="1341" VPOS="2270" WIDTH="33" HEIGHT="37" CONTENT="a" WC="1.00" CC="0"/>
						<SP ID="P8_SP00149" HPOS="1374" VPOS="2328" WIDTH="46"/>
						<String ID="P8_ST00174" HPOS="1420" VPOS="2241" WIDTH="157" HEIGHT="82" CONTENT="place" WC="0.99" CC="01032"/>
					</TextLine>
					<TextLine ID="P8_TL00026" HPOS="222" VPOS="2330" WIDTH="1353" HEIGHT="91">
						<String ID="P8_ST00175" HPOS="222" VPOS="2341" WIDTH="84" HEIGHT="61" CONTENT="for" WC="0.96" CC="631"/>
						<SP ID="P8_SP00150" HPOS="306" VPOS="2402" WIDTH="46"/>
						<String ID="P8_ST00176" HPOS="352" VPOS="2338" WIDTH="184" HEIGHT="83" CONTENT="public" WC="0.98" CC="007541"/>
						<SP ID="P8_SP00151" HPOS="536" VPOS="2421" WIDTH="45"/>
						<String ID="P8_ST00177" HPOS="581" VPOS="2340" WIDTH="277" HEIGHT="77" CONTENT="meetings," WC="0.99" CC="600354003"/>
						<SP ID="P8_SP00152" HPOS="858" VPOS="2421" WIDTH="50"/>
						<String ID="P8_ST00178" HPOS="908" VPOS="2363" WIDTH="34" HEIGHT="35" CONTENT="a" WC="1.00" CC="0"/>
						<SP ID="P8_SP00153" HPOS="942" VPOS="2421" WIDTH="45"/>
						<String ID="P8_ST00179" HPOS="987" VPOS="2350" WIDTH="219" HEIGHT="48" CONTENT="concert" WC="0.99" CC="3000144"/>
						<SP ID="P8_SP00154" HPOS="1206" VPOS="2421" WIDTH="32"/>
						<String ID="P8_ST00180" HPOS="1238" VPOS="2331" WIDTH="130" HEIGHT="73" CONTENT="hall," WC="0.98" CC="70802"/>
						<SP ID="P8_SP00155" HPOS="1368" VPOS="2421" WIDTH="31"/>
						<String ID="P8_ST00181" HPOS="1399" VPOS="2359" WIDTH="35" HEIGHT="35" CONTENT="a" WC="1.00" CC="0"/>
						<SP ID="P8_SP00156" HPOS="1434" VPOS="2421" WIDTH="30"/>
						<String ID="P8_ST00182" HPOS="1464" VPOS="2330" WIDTH="84" HEIGHT="63" CONTENT="lec" SUBS_TYPE="HypPart1" SUBS_CONTENT="lecture" WC="0.97" CC="413"/>
						<HYP HPOS="1548" VPOS="2330" WIDTH="27" CONTENT="-"/>
					</TextLine>
					<TextLine ID="P8_TL00027" HPOS="223" VPOS="2427" WIDTH="648" HEIGHT="73">
						<String ID="P8_ST00183" HPOS="223" VPOS="2445" WIDTH="117" HEIGHT="47" CONTENT="ture" SUBS_TYPE="HypPart2" SUBS_CONTENT="lecture" WC="0.97" CC="6501"/>
						<SP ID="P8_SP00157" HPOS="340" VPOS="2492" WIDTH="45"/>
						<String ID="P8_ST00184" HPOS="385" VPOS="2427" WIDTH="129" HEIGHT="73" CONTENT="hall," WC="0.99" CC="00523"/>
						<SP ID="P8_SP00158" HPOS="514" VPOS="2500" WIDTH="50"/>
						<String ID="P8_ST00185" HPOS="564" VPOS="2455" WIDTH="33" HEIGHT="36" CONTENT="a" WC="1.00" CC="0"/>
						<SP ID="P8_SP00159" HPOS="597" VPOS="2500" WIDTH="45"/>
						<String ID="P8_ST00186" HPOS="642" VPOS="2429" WIDTH="229" HEIGHT="61" CONTENT="cinema." WC="0.99" CC="0461004"/>
					</TextLine>
					<TextLine ID="P8_TL00028" HPOS="353" VPOS="2511" WIDTH="1227" HEIGHT="84">
						<String ID="P8_ST00187" HPOS="353" VPOS="2516" WIDTH="140" HEIGHT="65" CONTENT="Had" WC="1.00" CC="000"/>
						<SP ID="P8_SP00160" HPOS="493" VPOS="2581" WIDTH="67"/>
						<String ID="P8_ST00188" HPOS="560" VPOS="2517" WIDTH="128" HEIGHT="78" CONTENT="they" WC="0.99" CC="0005"/>
						<SP ID="P8_SP00161" HPOS="688" VPOS="2595" WIDTH="69"/>
						<String ID="P8_ST00189" HPOS="757" VPOS="2516" WIDTH="142" HEIGHT="62" CONTENT="been" WC="0.97" CC="7023"/>
						<SP ID="P8_SP00162" HPOS="899" VPOS="2595" WIDTH="65"/>
						<String ID="P8_ST00190" HPOS="964" VPOS="2511" WIDTH="171" HEIGHT="65" CONTENT="asked" WC="1.00" CC="00000"/>
						<SP ID="P8_SP00163" HPOS="1135" VPOS="2595" WIDTH="46"/>
						<String ID="P8_ST00191" HPOS="1181" VPOS="2528" WIDTH="56" HEIGHT="45" CONTENT="to" WC="0.97" CC="00"/>
						<SP ID="P8_SP00164" HPOS="1237" VPOS="2595" WIDTH="45"/>
						<String ID="P8_ST00192" HPOS="1282" VPOS="2526" WIDTH="97" HEIGHT="65" CONTENT="put" WC="0.98" CC="023"/>
						<SP ID="P8_SP00165" HPOS="1379" VPOS="2595" WIDTH="47"/>
						<String ID="P8_ST00193" HPOS="1426" VPOS="2535" WIDTH="76" HEIGHT="54" CONTENT="up" WC="1.00" CC="00"/>
						<SP ID="P8_SP00166" HPOS="1502" VPOS="2595" WIDTH="45"/>
						<String ID="P8_ST00194" HPOS="1547" VPOS="2537" WIDTH="33" HEIGHT="34" CONTENT="a" WC="1.00" CC="0"/>
					</TextLine>
					<TextLine ID="P8_TL00029" HPOS="223" VPOS="2597" WIDTH="1354" HEIGHT="88">
						<String ID="P8_ST00195" HPOS="223" VPOS="2608" WIDTH="207" HEIGHT="61" CONTENT="theatre" WC="0.99" CC="0700033"/>
						<SP ID="P8_SP00167" HPOS="430" VPOS="2669" WIDTH="45"/>
						<String ID="P8_ST00196" HPOS="475" VPOS="2606" WIDTH="129" HEIGHT="79" CONTENT="they" WC="0.99" CC="5000"/>
						<SP ID="P8_SP00168" HPOS="604" VPOS="2685" WIDTH="47"/>
						<String ID="P8_ST00197" HPOS="651" VPOS="2604" WIDTH="163" HEIGHT="65" CONTENT="could" WC="0.98" CC="02440"/>
						<SP ID="P8_SP00169" HPOS="814" VPOS="2685" WIDTH="46"/>
						<String ID="P8_ST00198" HPOS="860" VPOS="2603" WIDTH="141" HEIGHT="63" CONTENT="have" WC="1.00" CC="0010"/>
						<SP ID="P8_SP00170" HPOS="1001" VPOS="2685" WIDTH="45"/>
						<String ID="P8_ST00199" HPOS="1046" VPOS="2601" WIDTH="145" HEIGHT="63" CONTENT="done" WC="0.98" CC="0233"/>
						<SP ID="P8_SP00171" HPOS="1191" VPOS="2685" WIDTH="44"/>
						<String ID="P8_ST00200" HPOS="1235" VPOS="2603" WIDTH="41" HEIGHT="59" CONTENT="it" WC="0.63" CC="60"/>
						<SP ID="P8_SP00172" HPOS="1276" VPOS="2685" WIDTH="45"/>
						<String ID="P8_ST00201" HPOS="1321" VPOS="2597" WIDTH="83" HEIGHT="64" CONTENT="for" WC="0.97" CC="700"/>
						<SP ID="P8_SP00173" HPOS="1404" VPOS="2685" WIDTH="46"/>
						<String ID="P8_ST00202" HPOS="1450" VPOS="2624" WIDTH="96" HEIGHT="55" CONTENT="pro" SUBS_TYPE="HypPart1" SUBS_CONTENT="probably" WC="0.97" CC="054"/>
						<HYP HPOS="1546" VPOS="2624" WIDTH="31" CONTENT="-"/>
					</TextLine>
					<TextLine ID="P8_TL00030" HPOS="223" VPOS="2685" WIDTH="1357" HEIGHT="90">
						<String ID="P8_ST00203" HPOS="223" VPOS="2694" WIDTH="169" HEIGHT="81" CONTENT="bably" SUBS_TYPE="HypPart2" SUBS_CONTENT="probably" WC="0.97" CC="74740"/>
						<SP ID="P8_SP00174" HPOS="392" VPOS="2775" WIDTH="45"/>
						<String ID="P8_ST00204" HPOS="437" VPOS="2721" WIDTH="33" HEIGHT="35" CONTENT="a" WC="1.00" CC="0"/>
						<SP ID="P8_SP00175" HPOS="470" VPOS="2775" WIDTH="44"/>
						<String ID="P8_ST00205" HPOS="514" VPOS="2694" WIDTH="116" HEIGHT="64" CONTENT="fifth" WC="0.97" CC="00757"/>
						<SP ID="P8_SP00176" HPOS="630" VPOS="2775" WIDTH="71"/>
						<String ID="P8_ST00206" HPOS="701" VPOS="2694" WIDTH="54" HEIGHT="61" CONTENT="of" WC="0.45" CC="37"/>
						<SP ID="P8_SP00177" HPOS="755" VPOS="2775" WIDTH="46"/>
						<String ID="P8_ST00207" HPOS="801" VPOS="2691" WIDTH="93" HEIGHT="64" CONTENT="the" WC="1.00" CC="000"/>
						<SP ID="P8_SP00178" HPOS="894" VPOS="2775" WIDTH="57"/>
						<String ID="P8_ST00208" HPOS="951" VPOS="2707" WIDTH="156" HEIGHT="47" CONTENT="cost:" WC="1.00" CC="00012"/>
						<SP ID="P8_SP00179" HPOS="1107" VPOS="2775" WIDTH="51"/>
						<String ID="P8_ST00209" HPOS="1158" VPOS="2716" WIDTH="33" HEIGHT="35" CONTENT="a" WC="1.00" CC="0"/>
						<SP ID="P8_SP00180" HPOS="1191" VPOS="2775" WIDTH="57"/>
						<String ID="P8_ST00210" HPOS="1248" VPOS="2685" WIDTH="332" HEIGHT="81" CONTENT="good-sized" WC="1.00" CC="0000405400"/>
					</TextLine>
					<TextLine ID="P8_TL00031" HPOS="222" VPOS="2775" WIDTH="1356" HEIGHT="89">
						<String ID="P8_ST00211" HPOS="222" VPOS="2802" WIDTH="149" HEIGHT="62" CONTENT="stage" WC="1.00" CC="00003"/>
						<SP ID="P8_SP00181" HPOS="371" VPOS="2864" WIDTH="45"/>
						<String ID="P8_ST00212" HPOS="416" VPOS="2783" WIDTH="187" HEIGHT="65" CONTENT="would" WC="0.99" CC="00240"/>
						<SP ID="P8_SP00182" HPOS="603" VPOS="2864" WIDTH="46"/>
						<String ID="P8_ST00213" HPOS="649" VPOS="2783" WIDTH="141" HEIGHT="63" CONTENT="have" WC="0.99" CC="0060"/>
						<SP ID="P8_SP00183" HPOS="790" VPOS="2864" WIDTH="44"/>
						<String ID="P8_ST00214" HPOS="834" VPOS="2782" WIDTH="127" HEIGHT="62" CONTENT="then" WC="1.00" CC="0000"/>
						<SP ID="P8_SP00184" HPOS="961" VPOS="2864" WIDTH="48"/>
						<String ID="P8_ST00215" HPOS="1009" VPOS="2780" WIDTH="143" HEIGHT="63" CONTENT="been" WC="0.97" CC="6230"/>
						<SP ID="P8_SP00185" HPOS="1152" VPOS="2864" WIDTH="44"/>
						<String ID="P8_ST00216" HPOS="1196" VPOS="2775" WIDTH="236" HEIGHT="83" CONTENT="possible" WC="1.00" CC="00000040"/>
						<SP ID="P8_SP00186" HPOS="1432" VPOS="2864" WIDTH="65"/>
						<String ID="P8_ST00217" HPOS="1497" VPOS="2779" WIDTH="54" HEIGHT="60" CONTENT="in" SUBS_TYPE="HypPart1" SUBS_CONTENT="instead" WC="0.95" CC="27"/>
						<HYP HPOS="1551" VPOS="2779" WIDTH="27" CONTENT="-"/>
					</TextLine>
					<TextLine ID="P8_TL00032" HPOS="223" VPOS="2865" WIDTH="1358" HEIGHT="86">
						<String ID="P8_ST00218" HPOS="223" VPOS="2872" WIDTH="155" HEIGHT="63" CONTENT="stead" SUBS_TYPE="HypPart2" SUBS_CONTENT="instead" WC="0.99" CC="06100"/>
						<SP ID="P8_SP00187" HPOS="378" VPOS="2935" WIDTH="43"/>
						<String ID="P8_ST00219" HPOS="421" VPOS="2872" WIDTH="56" HEIGHT="62" CONTENT="of" WC="0.62" CC="07"/>
						<SP ID="P8_SP00188" HPOS="477" VPOS="2935" WIDTH="46"/>
						<String ID="P8_ST00220" HPOS="523" VPOS="2873" WIDTH="90" HEIGHT="61" CONTENT="the" WC="0.97" CC="070"/>
						<SP ID="P8_SP00189" HPOS="613" VPOS="2935" WIDTH="46"/>
						<String ID="P8_ST00221" HPOS="659" VPOS="2871" WIDTH="324" HEIGHT="80" CONTENT="inadequate" WC="1.00" CC="0000000030"/>
						<SP ID="P8_SP00190" HPOS="983" VPOS="2951" WIDTH="61"/>
						<String ID="P8_ST00222" HPOS="1044" VPOS="2867" WIDTH="152" HEIGHT="64" CONTENT="affair" WC="0.99" CC="044040"/>
						<SP ID="P8_SP00191" HPOS="1196" VPOS="2951" WIDTH="67"/>
						<String ID="P8_ST00223" HPOS="1263" VPOS="2865" WIDTH="131" HEIGHT="82" CONTENT="they" WC="1.00" CC="0000"/>
						<SP ID="P8_SP00192" HPOS="1394" VPOS="2951" WIDTH="45"/>
						<String ID="P8_ST00224" HPOS="1439" VPOS="2865" WIDTH="142" HEIGHT="64" CONTENT="have" WC="0.99" CC="0400"/>
					</TextLine>
					<TextLine ID="P8_TL00033" HPOS="223" VPOS="2957" WIDTH="1143" HEIGHT="67">
						<String ID="P8_ST00225" HPOS="223" VPOS="2962" WIDTH="141" HEIGHT="62" CONTENT="been" WC="0.97" CC="6005"/>
						<SP ID="P8_SP00193" HPOS="364" VPOS="3024" WIDTH="46"/>
						<String ID="P8_ST00226" HPOS="410" VPOS="2961" WIDTH="189" HEIGHT="63" CONTENT="forced" WC="0.99" CC="702000"/>
						<SP ID="P8_SP00194" HPOS="599" VPOS="3024" WIDTH="46"/>
						<String ID="P8_ST00227" HPOS="645" VPOS="2978" WIDTH="57" HEIGHT="46" CONTENT="to" WC="0.55" CC="35"/>
						<SP ID="P8_SP00195" HPOS="702" VPOS="3024" WIDTH="45"/>
						<String ID="P8_ST00228" HPOS="747" VPOS="2961" WIDTH="130" HEIGHT="62" CONTENT="limit" WC="0.97" CC="63054"/>
						<SP ID="P8_SP00196" HPOS="877" VPOS="3024" WIDTH="44"/>
						<String ID="P8_ST00229" HPOS="921" VPOS="2957" WIDTH="323" HEIGHT="65" CONTENT="themselves" WC="0.99" CC="0700306022"/>
						<SP ID="P8_SP00197" HPOS="1244" VPOS="3024" WIDTH="46"/>
						<String ID="P8_ST00230" HPOS="1290" VPOS="2972" WIDTH="76" HEIGHT="47" CONTENT="to." WC="0.97" CC="033"/>
					</TextLine>
					<TextLine ID="P8_TL00034" HPOS="355" VPOS="3043" WIDTH="1227" HEIGHT="79">
						<String ID="P8_ST00231" HPOS="355" VPOS="3050" WIDTH="136" HEIGHT="72" CONTENT="Yes," WC="0.99" CC="2002"/>
						<SP ID="P8_SP00198" HPOS="491" VPOS="3122" WIDTH="49"/>
						<String ID="P8_ST00232" HPOS="540" VPOS="3053" WIDTH="40" HEIGHT="60" CONTENT="it" WC="0.56" CC="44"/>
						<SP ID="P8_SP00199" HPOS="580" VPOS="3122" WIDTH="45"/>
						<String ID="P8_ST00233" HPOS="625" VPOS="3076" WIDTH="171" HEIGHT="37" CONTENT="seems" WC="1.00" CC="00000"/>
						<SP ID="P8_SP00200" HPOS="796" VPOS="3122" WIDTH="46"/>
						<String ID="P8_ST00234" HPOS="842" VPOS="3066" WIDTH="57" HEIGHT="45" CONTENT="to" WC="0.56" CC="35"/>
						<SP ID="P8_SP00201" HPOS="899" VPOS="3122" WIDTH="38"/>
						<String ID="P8_ST00235" HPOS="937" VPOS="3074" WIDTH="88" HEIGHT="37" CONTENT="me" WC="1.00" CC="00"/>
						<SP ID="P8_SP00202" HPOS="1025" VPOS="3122" WIDTH="30"/>
						<String ID="P8_ST00236" HPOS="1055" VPOS="3064" WIDTH="59" HEIGHT="45" CONTENT="to" WC="1.00" CC="00"/>
						<SP ID="P8_SP00203" HPOS="1114" VPOS="3122" WIDTH="29"/>
						<String ID="P8_ST00237" HPOS="1143" VPOS="3046" WIDTH="141" HEIGHT="63" CONTENT="have" WC="1.00" CC="0002"/>
						<SP ID="P8_SP00204" HPOS="1284" VPOS="3122" WIDTH="31"/>
						<String ID="P8_ST00238" HPOS="1315" VPOS="3043" WIDTH="143" HEIGHT="64" CONTENT="been" WC="0.98" CC="7003"/>
						<SP ID="P8_SP00205" HPOS="1458" VPOS="3122" WIDTH="29"/>
						<String ID="P8_ST00239" HPOS="1487" VPOS="3043" WIDTH="95" HEIGHT="62" CONTENT="the" WC="0.95" CC="670"/>
					</TextLine>
					<TextLine ID="P8_TL00035" HPOS="225" VPOS="3133" WIDTH="1353" HEIGHT="69">
						<String ID="P8_ST00240" HPOS="225" VPOS="3139" WIDTH="135" HEIGHT="63" CONTENT="fault" WC="0.96" CC="76076"/>
						<SP ID="P8_SP00206" HPOS="360" VPOS="3202" WIDTH="30"/>
						<String ID="P8_ST00241" HPOS="390" VPOS="3139" WIDTH="57" HEIGHT="63" CONTENT="of" WC="0.64" CC="07"/>
						<SP ID="P8_SP00207" HPOS="447" VPOS="3202" WIDTH="32"/>
						<String ID="P8_ST00242" HPOS="479" VPOS="3139" WIDTH="91" HEIGHT="63" CONTENT="the" WC="1.00" CC="000"/>
						<SP ID="P8_SP00208" HPOS="570" VPOS="3202" WIDTH="46"/>
						<String ID="P8_ST00243" HPOS="616" VPOS="3140" WIDTH="329" HEIGHT="62" CONTENT="Committee" WC="1.00" CC="000054110"/>
						<SP ID="P8_SP00209" HPOS="945" VPOS="3202" WIDTH="44"/>
						<String ID="P8_ST00244" HPOS="989" VPOS="3137" WIDTH="118" HEIGHT="62" CONTENT="that" WC="1.00" CC="2000"/>
						<SP ID="P8_SP00210" HPOS="1107" VPOS="3202" WIDTH="47"/>
						<String ID="P8_ST00245" HPOS="1154" VPOS="3135" WIDTH="103" HEIGHT="63" CONTENT="this" WC="0.98" CC="1050"/>
						<SP ID="P8_SP00211" HPOS="1257" VPOS="3202" WIDTH="46"/>
						<String ID="P8_ST00246" HPOS="1303" VPOS="3133" WIDTH="275" HEIGHT="64" CONTENT="Theatre-" WC="0.99" CC="00537304"/>
					</TextLine>
					<TextLine ID="P8_TL00036" HPOS="226" VPOS="3222" WIDTH="1351" HEIGHT="70">
						<String ID="P8_ST00247" HPOS="226" VPOS="3225" WIDTH="936" HEIGHT="67" CONTENT="Cinema-Concert-Lecture-Hall" WC="1.00" CC="044000400600704300016030032"/>
						<SP ID="P8_SP00212" HPOS="1162" VPOS="3292" WIDTH="47"/>
						<String ID="P8_ST00248" HPOS="1209" VPOS="3222" WIDTH="112" HEIGHT="65" CONTENT="and" WC="0.98" CC="060"/>
						<SP ID="P8_SP00213" HPOS="1321" VPOS="3292" WIDTH="31"/>
						<String ID="P8_ST00249" HPOS="1352" VPOS="3222" WIDTH="225" HEIGHT="64" CONTENT="Public-" WC="0.98" CC="1673704"/>
					</TextLine>
					<TextLine ID="P8_TL00037" HPOS="228" VPOS="3312" WIDTH="1352" HEIGHT="87">
						<String ID="P8_ST00250" HPOS="228" VPOS="3318" WIDTH="247" HEIGHT="78" CONTENT="Meeting" WC="0.99" CC="0000460"/>
						<SP ID="P8_SP00214" HPOS="475" VPOS="3396" WIDTH="58"/>
						<String ID="P8_ST00251" HPOS="533" VPOS="3319" WIDTH="156" HEIGHT="80" CONTENT="place" WC="0.98" CC="06502"/>
						<SP ID="P8_SP00215" HPOS="689" VPOS="3399" WIDTH="69"/>
						<String ID="P8_ST00252" HPOS="758" VPOS="3318" WIDTH="96" HEIGHT="63" CONTENT="has" WC="0.96" CC="740"/>
						<SP ID="P8_SP00216" HPOS="854" VPOS="3399" WIDTH="68"/>
						<String ID="P8_ST00253" HPOS="922" VPOS="3314" WIDTH="194" HEIGHT="66" CONTENT="turned" WC="0.98" CC="607600"/>
						<SP ID="P8_SP00217" HPOS="1116" VPOS="3399" WIDTH="67"/>
						<String ID="P8_ST00254" HPOS="1183" VPOS="3330" WIDTH="96" HEIGHT="46" CONTENT="out" WC="0.98" CC="006"/>
						<SP ID="P8_SP00218" HPOS="1279" VPOS="3399" WIDTH="44"/>
						<String ID="P8_ST00255" HPOS="1323" VPOS="3329" WIDTH="59" HEIGHT="46" CONTENT="to" WC="0.95" CC="00"/>
						<SP ID="P8_SP00219" HPOS="1382" VPOS="3399" WIDTH="44"/>
						<String ID="P8_ST00256" HPOS="1426" VPOS="3312" WIDTH="74" HEIGHT="63" CONTENT="be" WC="0.64" CC="70"/>
						<SP ID="P8_SP00220" HPOS="1500" VPOS="3399" WIDTH="47"/>
						<String ID="P8_ST00257" HPOS="1547" VPOS="3338" WIDTH="33" HEIGHT="37" CONTENT="a" WC="1.00" CC="0"/>
					</TextLine>
					<TextLine ID="P8_TL00038" HPOS="226" VPOS="3403" WIDTH="1350" HEIGHT="85">
						<String ID="P8_ST00258" HPOS="226" VPOS="3409" WIDTH="325" HEIGHT="76" CONTENT="pretentious" WC="0.99" CC="06000432402"/>
						<SP ID="P8_SP00221" HPOS="551" VPOS="3485" WIDTH="30"/>
						<String ID="P8_ST00259" HPOS="581" VPOS="3409" WIDTH="146" HEIGHT="79" CONTENT="thing" WC="0.98" CC="27520"/>
						<SP ID="P8_SP00222" HPOS="727" VPOS="3488" WIDTH="31"/>
						<String ID="P8_ST00260" HPOS="758" VPOS="3405" WIDTH="210" HEIGHT="65" CONTENT="instead" WC="0.99" CC="6402000"/>
						<SP ID="P8_SP00223" HPOS="968" VPOS="3488" WIDTH="30"/>
						<String ID="P8_ST00261" HPOS="998" VPOS="3405" WIDTH="57" HEIGHT="64" CONTENT="of" WC="0.34" CC="67"/>
						<SP ID="P8_SP00224" HPOS="1055" VPOS="3488" WIDTH="32"/>
						<String ID="P8_ST00262" HPOS="1087" VPOS="3432" WIDTH="30" HEIGHT="35" CONTENT="a" WC="1.00" CC="0"/>
						<SP ID="P8_SP00225" HPOS="1117" VPOS="3488" WIDTH="33"/>
						<String ID="P8_ST00263" HPOS="1150" VPOS="3405" WIDTH="229" HEIGHT="79" CONTENT="genuine" WC="0.99" CC="0104640"/>
						<SP ID="P8_SP00226" HPOS="1379" VPOS="3488" WIDTH="30"/>
						<String ID="P8_ST00264" HPOS="1409" VPOS="3403" WIDTH="167" HEIGHT="77" CONTENT="thing." WC="0.99" CC="004501"/>
					</TextLine>
					<TextLine ID="P8_TL00039" HPOS="228" VPOS="3489" WIDTH="1352" HEIGHT="86">
						<String ID="P8_ST00265" HPOS="228" VPOS="3494" WIDTH="259" HEIGHT="64" CONTENT="Grab-all" WC="0.99" CC="66073030"/>
						<SP ID="P8_SP00227" HPOS="487" VPOS="3558" WIDTH="45"/>
						<String ID="P8_ST00266" HPOS="532" VPOS="3513" WIDTH="115" HEIGHT="62" CONTENT="gets" WC="1.00" CC="0002"/>
						<SP ID="P8_SP00228" HPOS="647" VPOS="3575" WIDTH="54"/>
						<String ID="P8_ST00267" HPOS="701" VPOS="3495" WIDTH="240" HEIGHT="80" CONTENT="nothing," WC="0.99" CC="00770503"/>
						<SP ID="P8_SP00229" HPOS="941" VPOS="3575" WIDTH="49"/>
						<String ID="P8_ST00268" HPOS="990" VPOS="3492" WIDTH="218" HEIGHT="82" CONTENT="give-all" WC="0.99" CC="05504060"/>
						<SP ID="P8_SP00230" HPOS="1208" VPOS="3575" WIDTH="57"/>
						<String ID="P8_ST00269" HPOS="1265" VPOS="3518" WIDTH="156" HEIGHT="54" CONTENT="reaps" WC="0.99" CC="50000"/>
						<SP ID="P8_SP00231" HPOS="1421" VPOS="3575" WIDTH="48"/>
						<String ID="P8_ST00270" HPOS="1469" VPOS="3489" WIDTH="111" HEIGHT="64" CONTENT="and" WC="0.99" CC="030"/>
					</TextLine>
					<TextLine ID="P8_TL00040" HPOS="230" VPOS="3580" WIDTH="1348" HEIGHT="82">
						<String ID="P8_ST00271" HPOS="230" VPOS="3583" WIDTH="213" HEIGHT="79" CONTENT="gathers" WC="0.99" CC="0060060"/>
						<SP ID="P8_SP00232" HPOS="443" VPOS="3662" WIDTH="44"/>
						<String ID="P8_ST00272" HPOS="487" VPOS="3587" WIDTH="53" HEIGHT="60" CONTENT="in" WC="0.51" CC="54"/>
						<SP ID="P8_SP00233" HPOS="540" VPOS="3662" WIDTH="45"/>
						<String ID="P8_ST00273" HPOS="585" VPOS="3586" WIDTH="151" HEIGHT="63" CONTENT="what" WC="1.00" CC="0000"/>
						<SP ID="P8_SP00234" HPOS="736" VPOS="3662" WIDTH="46"/>
						<String ID="P8_ST00274" HPOS="782" VPOS="3584" WIDTH="70" HEIGHT="64" CONTENT="he" WC="1.00" CC="00"/>
						<SP ID="P8_SP00235" HPOS="852" VPOS="3662" WIDTH="46"/>
						<String ID="P8_ST00275" HPOS="898" VPOS="3583" WIDTH="129" HEIGHT="74" CONTENT="will," WC="0.98" CC="02263"/>
						<SP ID="P8_SP00236" HPOS="1027" VPOS="3662" WIDTH="51"/>
						<String ID="P8_ST00276" HPOS="1078" VPOS="3580" WIDTH="110" HEIGHT="65" CONTENT="and" WC="1.00" CC="000"/>
						<SP ID="P8_SP00237" HPOS="1188" VPOS="3662" WIDTH="44"/>
						<String ID="P8_ST00277" HPOS="1232" VPOS="3580" WIDTH="94" HEIGHT="64" CONTENT="the" WC="0.98" CC="400"/>
						<SP ID="P8_SP00238" HPOS="1326" VPOS="3662" WIDTH="31"/>
						<String ID="P8_ST00278" HPOS="1357" VPOS="3606" WIDTH="185" HEIGHT="56" CONTENT="promo" SUBS_TYPE="HypPart1" SUBS_CONTENT="promoters" WC="0.99" CC="04003"/>
						<HYP HPOS="1542" VPOS="3606" WIDTH="36" CONTENT="-"/>
					</TextLine>
					<TextLine ID="P8_TL00041" HPOS="230" VPOS="3669" WIDTH="1352" HEIGHT="85">
						<String ID="P8_ST00279" HPOS="230" VPOS="3688" WIDTH="103" HEIGHT="46" CONTENT="ters" SUBS_TYPE="HypPart2" SUBS_CONTENT="promoters" WC="0.98" CC="5040"/>
						<SP ID="P8_SP00239" HPOS="333" VPOS="3734" WIDTH="67"/>
						<String ID="P8_ST00280" HPOS="400" VPOS="3672" WIDTH="56" HEIGHT="62" CONTENT="of" WC="0.64" CC="07"/>
						<SP ID="P8_SP00240" HPOS="456" VPOS="3734" WIDTH="67"/>
						<String ID="P8_ST00281" HPOS="523" VPOS="3673" WIDTH="267" HEIGHT="81" CONTENT="Welwyn" WC="0.88" CC="007000"/>
						<SP ID="P8_SP00241" HPOS="790" VPOS="3754" WIDTH="68"/>
						<String ID="P8_ST00282" HPOS="858" VPOS="3674" WIDTH="131" HEIGHT="80" CONTENT="City" WC="0.97" CC="2470"/>
						<SP ID="P8_SP00242" HPOS="989" VPOS="3754" WIDTH="47"/>
						<String ID="P8_ST00283" HPOS="1036" VPOS="3697" WIDTH="146" HEIGHT="38" CONTENT="seem" WC="0.99" CC="0040"/>
						<SP ID="P8_SP00243" HPOS="1182" VPOS="3754" WIDTH="60"/>
						<String ID="P8_ST00284" HPOS="1242" VPOS="3687" WIDTH="58" HEIGHT="47" CONTENT="to" WC="0.96" CC="00"/>
						<SP ID="P8_SP00244" HPOS="1300" VPOS="3754" WIDTH="70"/>
						<String ID="P8_ST00285" HPOS="1370" VPOS="3669" WIDTH="72" HEIGHT="64" CONTENT="be" WC="0.63" CC="70"/>
						<SP ID="P8_SP00245" HPOS="1442" VPOS="3754" WIDTH="68"/>
						<String ID="P8_ST00286" HPOS="1510" VPOS="3696" WIDTH="72" HEIGHT="37" CONTENT="on" WC="0.92" CC="10"/>
					</TextLine>
					<TextLine ID="P8_TL00042" HPOS="227" VPOS="3761" WIDTH="290" HEIGHT="79">
						<String ID="P8_ST00287" HPOS="227" VPOS="3762" WIDTH="93" HEIGHT="64" CONTENT="the" WC="0.96" CC="470"/>
						<SP ID="P8_SP00246" HPOS="320" VPOS="3826" WIDTH="44"/>
						<String ID="P8_ST00288" HPOS="364" VPOS="3761" WIDTH="153" HEIGHT="79" CONTENT="grab." WC="0.98" CC="07070"/>
					</TextLine>
					<TextLine ID="P8_TL00043" HPOS="362" VPOS="3846" WIDTH="1220" HEIGHT="70">
						<String ID="P8_ST00289" HPOS="362" VPOS="3850" WIDTH="302" HEIGHT="66" CONTENT="Hundreds" WC="0.99" CC="00707300"/>
						<SP ID="P8_SP00247" HPOS="664" VPOS="3916" WIDTH="44"/>
						<String ID="P8_ST00290" HPOS="708" VPOS="3852" WIDTH="58" HEIGHT="64" CONTENT="of" WC="0.72" CC="05"/>
						<SP ID="P8_SP00248" HPOS="766" VPOS="3916" WIDTH="45"/>
						<String ID="P8_ST00291" HPOS="811" VPOS="3850" WIDTH="151" HEIGHT="64" CONTENT="small" WC="1.00" CC="00020"/>
						<SP ID="P8_SP00249" HPOS="962" VPOS="3916" WIDTH="61"/>
						<String ID="P8_ST00292" HPOS="1023" VPOS="3869" WIDTH="178" HEIGHT="45" CONTENT="towns" WC="0.99" CC="11020"/>
						<SP ID="P8_SP00250" HPOS="1201" VPOS="3916" WIDTH="68"/>
						<String ID="P8_ST00293" HPOS="1269" VPOS="3848" WIDTH="140" HEIGHT="64" CONTENT="have" WC="0.98" CC="7000"/>
						<SP ID="P8_SP00251" HPOS="1409" VPOS="3916" WIDTH="61"/>
						<String ID="P8_ST00294" HPOS="1470" VPOS="3846" WIDTH="112" HEIGHT="65" CONTENT="had" WC="0.98" CC="040"/>
					</TextLine>
					<TextLine ID="P8_TL00044" HPOS="230" VPOS="3939" WIDTH="1352" HEIGHT="81">
						<String ID="P8_ST00295" HPOS="230" VPOS="3940" WIDTH="235" HEIGHT="63" CONTENT="theatres" WC="1.00" CC="00001400"/>
						<SP ID="P8_SP00252" HPOS="465" VPOS="4003" WIDTH="47"/>
						<String ID="P8_ST00296" HPOS="512" VPOS="3941" WIDTH="55" HEIGHT="62" CONTENT="of" WC="0.47" CC="37"/>
						<SP ID="P8_SP00253" HPOS="567" VPOS="4003" WIDTH="45"/>
						<String ID="P8_ST00297" HPOS="612" VPOS="3941" WIDTH="136" HEIGHT="64" CONTENT="their" WC="0.99" CC="00033"/>
						<SP ID="P8_SP00254" HPOS="748" VPOS="4005" WIDTH="32"/>
						<String ID="P8_ST00298" HPOS="780" VPOS="3968" WIDTH="147" HEIGHT="37" CONTENT="own." WC="0.96" CC="0854"/>
						<SP ID="P8_SP00255" HPOS="927" VPOS="4005" WIDTH="72"/>
						<String ID="P8_ST00299" HPOS="999" VPOS="3940" WIDTH="60" HEIGHT="65" CONTENT="In" WC="0.41" CC="83"/>
						<SP ID="P8_SP00256" HPOS="1059" VPOS="4005" WIDTH="32"/>
						<String ID="P8_ST00300" HPOS="1091" VPOS="3939" WIDTH="153" HEIGHT="81" CONTENT="Italy," WC="0.99" CC="600503"/>
						<SP ID="P8_SP00257" HPOS="1244" VPOS="4020" WIDTH="33"/>
						<String ID="P8_ST00301" HPOS="1277" VPOS="3939" WIDTH="85" HEIGHT="63" CONTENT="for" WC="0.94" CC="717"/>
						<SP ID="P8_SP00258" HPOS="1362" VPOS="4020" WIDTH="31"/>
						<String ID="P8_ST00302" HPOS="1393" VPOS="3963" WIDTH="152" HEIGHT="38" CONTENT="exam" SUBS_TYPE="HypPart1" SUBS_CONTENT="example," WC="0.99" CC="3001"/>
						<HYP HPOS="1545" VPOS="3963" WIDTH="37" CONTENT="-"/>
					</TextLine>
					<TextLine ID="P8_TL00045" HPOS="227" VPOS="4028" WIDTH="1355" HEIGHT="83">
						<String ID="P8_ST00303" HPOS="227" VPOS="4029" WIDTH="108" HEIGHT="82" CONTENT="ple," SUBS_TYPE="HypPart2" SUBS_CONTENT="example," WC="0.99" CC="0201"/>
						<SP ID="P8_SP00259" HPOS="335" VPOS="4111" WIDTH="50"/>
						<String ID="P8_ST00304" HPOS="385" VPOS="4029" WIDTH="227" HEIGHT="65" CONTENT="without" WC="0.99" CC="0050502"/>
						<SP ID="P8_SP00260" HPOS="612" VPOS="4111" WIDTH="44"/>
						<String ID="P8_ST00305" HPOS="656" VPOS="4031" WIDTH="271" HEIGHT="79" CONTENT="troubling" WC="0.99" CC="520074730"/>
						<SP ID="P8_SP00261" HPOS="927" VPOS="4111" WIDTH="44"/>
						<String ID="P8_ST00306" HPOS="971" VPOS="4047" WIDTH="59" HEIGHT="47" CONTENT="to" WC="0.78" CC="40"/>
						<SP ID="P8_SP00262" HPOS="1030" VPOS="4111" WIDTH="44"/>
						<String ID="P8_ST00307" HPOS="1074" VPOS="4030" WIDTH="136" HEIGHT="65" CONTENT="hunt" WC="0.97" CC="7303"/>
						<SP ID="P8_SP00263" HPOS="1210" VPOS="4111" WIDTH="46"/>
						<String ID="P8_ST00308" HPOS="1256" VPOS="4028" WIDTH="136" HEIGHT="66" CONTENT="with" WC="0.99" CC="0500"/>
						<SP ID="P8_SP00264" HPOS="1392" VPOS="4111" WIDTH="44"/>
						<String ID="P8_ST00309" HPOS="1436" VPOS="4054" WIDTH="146" HEIGHT="45" CONTENT="care," WC="0.98" CC="43702"/>
					</TextLine>
					<TextLine ID="P8_TL00046" HPOS="230" VPOS="4119" WIDTH="282" HEIGHT="65">
						<String ID="P8_ST00310" HPOS="230" VPOS="4147" WIDTH="87" HEIGHT="37" CONTENT="we" WC="0.45" CC="63"/>
						<SP ID="P8_SP00265" HPOS="317" VPOS="4184" WIDTH="43"/>
						<String ID="P8_ST00311" HPOS="360" VPOS="4119" WIDTH="152" HEIGHT="65" CONTENT="find:" WC="0.98" CC="33302"/>
					</TextLine>
				</TextBlock>
				<TextBlock ID="P8_TB00004" HPOS="1608" VPOS="164" WIDTH="1378" HEIGHT="1019" STYLEREFS="TXT_3 PAR_LEFT">
					<TextLine ID="P8_TL00047" HPOS="1609" VPOS="164" WIDTH="1344" HEIGHT="67">
						<String ID="P8_ST00312" HPOS="1609" VPOS="186" WIDTH="138" HEIGHT="45" CONTENT="Spello" WC="0.78" CC="090003"/>
						<SP ID="P8_SP00266" HPOS="1747" VPOS="231" WIDTH="217"/>
						<String ID="P8_ST00313" HPOS="1964" VPOS="181" WIDTH="247" HEIGHT="50" CONTENT="Population" WC="0.99" CC="2060032044"/>
						<SP ID="P8_SP00267" HPOS="2211" VPOS="231" WIDTH="18"/>
						<String ID="P8_ST00314" HPOS="2229" VPOS="176" WIDTH="43" HEIGHT="40" CONTENT="(0" WC="0.17" CC="69" STYLEREFS="TXT_4"/>
						<SP ID="P8_SP00268" HPOS="2272" VPOS="231" WIDTH="32"/>
						<String ID="P8_ST00315" HPOS="2304" VPOS="174" WIDTH="124" HEIGHT="44" CONTENT="about" WC="0.97" CC="22633"/>
						<SP ID="P8_SP00269" HPOS="2428" VPOS="231" WIDTH="43"/>
						<String ID="P8_ST00316" HPOS="2471" VPOS="169" WIDTH="156" HEIGHT="49" CONTENT="5.000" WC="0.82" CC="07001"/>
						<SP ID="P8_SP00270" HPOS="2627" VPOS="231" WIDTH="32"/>
						<String ID="P8_ST00317" HPOS="2659" VPOS="183" WIDTH="78" HEIGHT="27" CONTENT="one" WC="0.98" CC="005"/>
						<SP ID="P8_SP00271" HPOS="2737" VPOS="231" WIDTH="50"/>
						<String ID="P8_ST00318" HPOS="2787" VPOS="164" WIDTH="166" HEIGHT="43" CONTENT="theatre." WC="0.98" CC="45054062"/>
					</TextLine>
					<TextLine ID="P8_TL00048" HPOS="1622" VPOS="223" WIDTH="1245" HEIGHT="64">
						<String ID="P8_ST00319" HPOS="1622" VPOS="245" WIDTH="162" HEIGHT="42" CONTENT="Oroieto" WC="0.55" CC="4022956"/>
						<SP ID="P8_SP00272" HPOS="1784" VPOS="287" WIDTH="358"/>
						<String ID="P8_ST00320" HPOS="2142" VPOS="238" WIDTH="17" HEIGHT="25" CONTENT='"' WC="0.48" CC="5"/>
						<SP ID="P8_SP00273" HPOS="2159" VPOS="287" WIDTH="194"/>
						<String ID="P8_ST00321" HPOS="2353" VPOS="234" WIDTH="17" HEIGHT="24" CONTENT='"' WC="0.46" CC="5"/>
						<SP ID="P8_SP00274" HPOS="2370" VPOS="287" WIDTH="327"/>
						<String ID="P8_ST00322" HPOS="2697" VPOS="228" WIDTH="15" HEIGHT="24" CONTENT="" WC="0.31" CC="6"/>
						<SP ID="P8_SP00275" HPOS="2712" VPOS="287" WIDTH="139"/>
						<String ID="P8_ST00323" HPOS="2851" VPOS="223" WIDTH="16" HEIGHT="25" CONTENT='"' WC="0.67" CC="3"/>
					</TextLine>
					<TextLine ID="P8_TL00049" HPOS="1609" VPOS="287" WIDTH="1105" HEIGHT="61">
						<String ID="P8_ST00324" HPOS="1609" VPOS="304" WIDTH="119" HEIGHT="44" CONTENT="Schio" WC="0.57" CC="16930"/>
						<SP ID="P8_SP00276" HPOS="1728" VPOS="348" WIDTH="417"/>
						<String ID="P8_ST00325" HPOS="2145" VPOS="298" WIDTH="16" HEIGHT="25" CONTENT="" WC="0.37" CC="6"/>
						<SP ID="P8_SP00277" HPOS="2161" VPOS="348" WIDTH="193"/>
						<String ID="P8_ST00326" HPOS="2354" VPOS="294" WIDTH="17" HEIGHT="24" CONTENT='"' WC="0.96" CC="0"/>
						<SP ID="P8_SP00278" HPOS="2371" VPOS="348" WIDTH="99"/>
						<String ID="P8_ST00327" HPOS="2470" VPOS="287" WIDTH="160" HEIGHT="54" CONTENT="8.300" WC="0.49" CC="76406"/>
						<SP ID="P8_SP00279" HPOS="2630" VPOS="348" WIDTH="69"/>
						<String ID="P8_ST00328" HPOS="2699" VPOS="287" WIDTH="15" HEIGHT="23" CONTENT='"' WC="0.84" CC="1"/>
					</TextLine>
					<TextLine ID="P8_TL00050" HPOS="1610" VPOS="347" WIDTH="1020" HEIGHT="60">
						<String ID="P8_ST00329" HPOS="1610" VPOS="365" WIDTH="146" HEIGHT="42" CONTENT="Pescia" WC="0.67" CC="534130"/>
						<SP ID="P8_SP00280" HPOS="1756" VPOS="407" WIDTH="598"/>
						<String ID="P8_ST00330" HPOS="2354" VPOS="353" WIDTH="16" HEIGHT="23" CONTENT="*" WC="0.24" CC="7"/>
						<SP ID="P8_SP00281" HPOS="2370" VPOS="407" WIDTH="101"/>
						<String ID="P8_ST00331" HPOS="2471" VPOS="347" WIDTH="159" HEIGHT="52" CONTENT="6,200" WC="0.94" CC="03000"/>
					</TextLine>
					<TextLine ID="P8_TL00051" HPOS="1620" VPOS="404" WIDTH="1322" HEIGHT="70">
						<String ID="P8_ST00332" HPOS="1620" VPOS="423" WIDTH="245" HEIGHT="51" CONTENT="Poggibonsi" WC="0.61" CC="7349031060"/>
						<SP ID="P8_SP00282" HPOS="1865" VPOS="474" WIDTH="279"/>
						<String ID="P8_ST00333" HPOS="2144" VPOS="418" WIDTH="15" HEIGHT="24" CONTENT='"' WC="0.43" CC="5"/>
						<SP ID="P8_SP00283" HPOS="2159" VPOS="474" WIDTH="194"/>
						<String ID="P8_ST00334" HPOS="2353" VPOS="414" WIDTH="15" HEIGHT="24" CONTENT='"' WC="0.71" CC="2"/>
						<SP ID="P8_SP00284" HPOS="2368" VPOS="474" WIDTH="101"/>
						<String ID="P8_ST00335" HPOS="2469" VPOS="407" WIDTH="158" HEIGHT="52" CONTENT="4,600" WC="0.78" CC="30610"/>
						<SP ID="P8_SP00285" HPOS="2627" VPOS="474" WIDTH="35"/>
						<String ID="P8_ST00336" HPOS="2662" VPOS="414" WIDTH="76" HEIGHT="36" CONTENT="two" WC="0.93" CC="566"/>
						<SP ID="P8_SP00286" HPOS="2738" VPOS="474" WIDTH="32"/>
						<String ID="P8_ST00337" HPOS="2770" VPOS="404" WIDTH="172" HEIGHT="43" CONTENT="theatres" WC="0.98" CC="40907307"/>
					</TextLine>
					<TextLine ID="P8_TL00052" HPOS="1616" VPOS="463" WIDTH="1321" HEIGHT="63">
						<String ID="P8_ST00338" HPOS="1616" VPOS="483" WIDTH="138" HEIGHT="43" CONTENT="Vetoli" WC="0.56" CC="397032"/>
						<SP ID="P8_SP00287" HPOS="1754" VPOS="526" WIDTH="391"/>
						<String ID="P8_ST00339" HPOS="2145" VPOS="477" WIDTH="15" HEIGHT="24" CONTENT="*" WC="0.31" CC="6"/>
						<SP ID="P8_SP00288" HPOS="2160" VPOS="526" WIDTH="194"/>
						<String ID="P8_ST00340" HPOS="2354" VPOS="473" WIDTH="16" HEIGHT="24" CONTENT='"' WC="0.24" CC="7"/>
						<SP ID="P8_SP00289" HPOS="2370" VPOS="526" WIDTH="101"/>
						<String ID="P8_ST00341" HPOS="2471" VPOS="468" WIDTH="137" HEIGHT="43" CONTENT="4000" WC="0.68" CC="9030"/>
						<SP ID="P8_SP00290" HPOS="2608" VPOS="526" WIDTH="50"/>
						<String ID="P8_ST00342" HPOS="2658" VPOS="474" WIDTH="75" HEIGHT="36" CONTENT="two" WC="0.94" CC="564"/>
						<SP ID="P8_SP00291" HPOS="2733" VPOS="526" WIDTH="33"/>
						<String ID="P8_ST00343" HPOS="2766" VPOS="463" WIDTH="171" HEIGHT="43" CONTENT="theatres" WC="0.99" CC="50150047"/>
					</TextLine>
					<TextLine ID="P8_TL00053" HPOS="1613" VPOS="524" WIDTH="1315" HEIGHT="72">
						<String ID="P8_ST00344" HPOS="1613" VPOS="544" WIDTH="330" HEIGHT="52" CONTENT="Casalmaggiore" WC="0.89" CC="0050060100000"/>
						<SP ID="P8_SP00292" HPOS="1943" VPOS="596" WIDTH="207"/>
						<String ID="P8_ST00345" HPOS="2150" VPOS="536" WIDTH="15" HEIGHT="26" CONTENT='"' WC="0.48" CC="5"/>
						<SP ID="P8_SP00293" HPOS="2165" VPOS="596" WIDTH="197"/>
						<String ID="P8_ST00346" HPOS="2362" VPOS="534" WIDTH="14" HEIGHT="23" CONTENT='"' WC="0.41" CC="5"/>
						<SP ID="P8_SP00294" HPOS="2376" VPOS="596" WIDTH="102"/>
						<String ID="P8_ST00347" HPOS="2478" VPOS="527" WIDTH="138" HEIGHT="44" CONTENT="4000" WC="0.95" CC="0100"/>
						<SP ID="P8_SP00295" HPOS="2616" VPOS="596" WIDTH="52"/>
						<String ID="P8_ST00348" HPOS="2668" VPOS="543" WIDTH="76" HEIGHT="26" CONTENT="one" WC="0.94" CC="609"/>
						<SP ID="P8_SP00296" HPOS="2744" VPOS="596" WIDTH="32"/>
						<String ID="P8_ST00349" HPOS="2776" VPOS="524" WIDTH="152" HEIGHT="43" CONTENT="theatre" WC="0.98" CC="5070709"/>
					</TextLine>
					<TextLine ID="P8_TL00054" HPOS="1614" VPOS="585" WIDTH="1102" HEIGHT="68">
						<String ID="P8_ST00350" HPOS="1614" VPOS="600" WIDTH="394" HEIGHT="53" CONTENT="Casalpursterlengo" WC="0.64" CC="50312560646018114"/>
						<SP ID="P8_SP00297" HPOS="2008" VPOS="653" WIDTH="136"/>
						<String ID="P8_ST00351" HPOS="2144" VPOS="597" WIDTH="15" HEIGHT="23" CONTENT="*" WC="0.24" CC="7"/>
						<SP ID="P8_SP00298" HPOS="2159" VPOS="653" WIDTH="197"/>
						<String ID="P8_ST00352" HPOS="2356" VPOS="592" WIDTH="15" HEIGHT="23" CONTENT='"' WC="0.23" CC="7"/>
						<SP ID="P8_SP00299" HPOS="2371" VPOS="653" WIDTH="99"/>
						<String ID="P8_ST00353" HPOS="2470" VPOS="586" WIDTH="162" HEIGHT="52" CONTENT="5,500" WC="0.96" CC="20000"/>
						<SP ID="P8_SP00300" HPOS="2632" VPOS="653" WIDTH="69"/>
						<String ID="P8_ST00354" HPOS="2701" VPOS="585" WIDTH="15" HEIGHT="25" CONTENT="n" STYLE="superscript" WC="0.55" CC="4"/>
					</TextLine>
					<TextLine ID="P8_TL00055" HPOS="1625" VPOS="642" WIDTH="1244" HEIGHT="63">
						<String ID="P8_ST00355" HPOS="1625" VPOS="663" WIDTH="211" HEIGHT="42" CONTENT="Camerino" WC="0.69" CC="06090008"/>
						<SP ID="P8_SP00301" HPOS="1836" VPOS="705" WIDTH="305"/>
						<String ID="P8_ST00356" HPOS="2141" VPOS="657" WIDTH="17" HEIGHT="24" CONTENT="*" WC="0.36" CC="6"/>
						<SP ID="P8_SP00302" HPOS="2158" VPOS="705" WIDTH="196"/>
						<String ID="P8_ST00357" HPOS="2354" VPOS="653" WIDTH="16" HEIGHT="24" CONTENT='"' WC="0.49" CC="5"/>
						<SP ID="P8_SP00303" HPOS="2370" VPOS="705" WIDTH="101"/>
						<String ID="P8_ST00358" HPOS="2471" VPOS="647" WIDTH="161" HEIGHT="51" CONTENT="4,300" WC="0.83" CC="05200"/>
						<SP ID="P8_SP00304" HPOS="2632" VPOS="705" WIDTH="68"/>
						<String ID="P8_ST00359" HPOS="2700" VPOS="644" WIDTH="16" HEIGHT="26" CONTENT="" WC="0.27" CC="7"/>
						<SP ID="P8_SP00305" HPOS="2716" VPOS="705" WIDTH="136"/>
						<String ID="P8_ST00360" HPOS="2852" VPOS="642" WIDTH="17" HEIGHT="25" CONTENT='"' WC="0.75" CC="2"/>
					</TextLine>
					<TextLine ID="P8_TL00056" HPOS="1611" VPOS="703" WIDTH="1373" HEIGHT="62">
						<String ID="P8_ST00361" HPOS="1611" VPOS="722" WIDTH="157" HEIGHT="43" CONTENT="Budrio" WC="0.77" CC="305005"/>
						<SP ID="P8_SP00306" HPOS="1768" VPOS="765" WIDTH="374"/>
						<String ID="P8_ST00362" HPOS="2142" VPOS="715" WIDTH="16" HEIGHT="24" CONTENT='"' WC="0.44" CC="5"/>
						<SP ID="P8_SP00307" HPOS="2158" VPOS="765" WIDTH="198"/>
						<String ID="P8_ST00363" HPOS="2356" VPOS="712" WIDTH="15" HEIGHT="24" CONTENT='"' WC="0.54" CC="4"/>
						<SP ID="P8_SP00308" HPOS="2371" VPOS="765" WIDTH="99"/>
						<String ID="P8_ST00364" HPOS="2470" VPOS="706" WIDTH="161" HEIGHT="51" CONTENT="2,400" WC="0.91" CC="31000"/>
						<SP ID="P8_SP00309" HPOS="2631" VPOS="765" WIDTH="33"/>
						<String ID="P8_ST00365" HPOS="2664" VPOS="703" WIDTH="88" HEIGHT="45" CONTENT="had" WC="0.97" CC="034"/>
						<SP ID="P8_SP00310" HPOS="2752" VPOS="765" WIDTH="52"/>
						<String ID="P8_ST00366" HPOS="2804" VPOS="709" WIDTH="76" HEIGHT="36" CONTENT="two" WC="0.97" CC="306"/>
						<SP ID="P8_SP00311" HPOS="2880" VPOS="765" WIDTH="60"/>
						<String ID="P8_ST00367" HPOS="2940" VPOS="715" WIDTH="44" HEIGHT="26" CONTENT="or" WC="1.00" CC="00"/>
					</TextLine>
					<TextLine ID="P8_TL00057" HPOS="2662" VPOS="762" WIDTH="324" HEIGHT="47">
						<String ID="P8_ST00368" HPOS="2662" VPOS="765" WIDTH="107" HEIGHT="44" CONTENT="three" WC="0.97" CC="60077"/>
						<SP ID="P8_SP00312" HPOS="2769" VPOS="809" WIDTH="29"/>
						<String ID="P8_ST00369" HPOS="2798" VPOS="762" WIDTH="188" HEIGHT="43" CONTENT="theatres." WC="0.98" CC="099645764"/>
					</TextLine>
					<TextLine ID="P8_TL00058" HPOS="1613" VPOS="823" WIDTH="1334" HEIGHT="71">
						<String ID="P8_ST00370" HPOS="1613" VPOS="841" WIDTH="157" HEIGHT="53" CONTENT="Rocigo" WC="0.50" CC="068346"/>
						<SP ID="P8_SP00313" HPOS="1770" VPOS="894" WIDTH="376"/>
						<String ID="P8_ST00371" HPOS="2146" VPOS="837" WIDTH="16" HEIGHT="23" CONTENT="R" STYLE="superscript" WC="0.54" CC="4" STYLEREFS="TXT_5"/>
						<SP ID="P8_SP00314" HPOS="2162" VPOS="894" WIDTH="196"/>
						<String ID="P8_ST00372" HPOS="2358" VPOS="832" WIDTH="12" HEIGHT="23" CONTENT="v" STYLE="superscript" WC="0.38" CC="6" STYLEREFS="TXT_5"/>
						<String ID="P8_ST00373" HPOS="2371" VPOS="823" WIDTH="2" HEIGHT="71" CONTENT="'" WC="1.00" CC="0"/>
						<SP ID="P8_SP00315" HPOS="2373" VPOS="894" WIDTH="101"/>
						<String ID="P8_ST00374" HPOS="2474" VPOS="826" WIDTH="141" HEIGHT="44" CONTENT="7270" WC="0.86" CC="0004"/>
						<SP ID="P8_SP00316" HPOS="2615" VPOS="894" WIDTH="51"/>
						<String ID="P8_ST00375" HPOS="2666" VPOS="833" WIDTH="77" HEIGHT="34" CONTENT="two" WC="0.95" CC="057"/>
						<SP ID="P8_SP00317" HPOS="2743" VPOS="894" WIDTH="33"/>
						<String ID="P8_ST00376" HPOS="2776" VPOS="823" WIDTH="171" HEIGHT="42" CONTENT="theatres" WC="0.99" CC="30030277"/>
					</TextLine>
					<TextLine ID="P8_TL00059" HPOS="1613" VPOS="884" WIDTH="1308" HEIGHT="59">
						<String ID="P8_ST00377" HPOS="1613" VPOS="902" WIDTH="113" HEIGHT="41" CONTENT="ftleti" WC="0.21" CC="687887"/>
						<SP ID="P8_SP00318" HPOS="1726" VPOS="943" WIDTH="421"/>
						<String ID="P8_ST00378" HPOS="2147" VPOS="896" WIDTH="15" HEIGHT="24" CONTENT="n" STYLE="superscript" WC="0.72" CC="2"/>
						<SP ID="P8_SP00319" HPOS="2162" VPOS="943" WIDTH="196"/>
						<String ID="P8_ST00379" HPOS="2358" VPOS="892" WIDTH="15" HEIGHT="23" CONTENT="R" STYLE="superscript" WC="0.55" CC="4"/>
						<SP ID="P8_SP00320" HPOS="2373" VPOS="943" WIDTH="101"/>
						<String ID="P8_ST00380" HPOS="2474" VPOS="886" WIDTH="138" HEIGHT="45" CONTENT="9600" WC="1.00" CC="0000"/>
						<SP ID="P8_SP00321" HPOS="2612" VPOS="943" WIDTH="48"/>
						<String ID="P8_ST00381" HPOS="2660" VPOS="901" WIDTH="76" HEIGHT="26" CONTENT="one" WC="0.94" CC="466"/>
						<SP ID="P8_SP00322" HPOS="2736" VPOS="943" WIDTH="32"/>
						<String ID="P8_ST00382" HPOS="2768" VPOS="884" WIDTH="153" HEIGHT="42" CONTENT="theatre" WC="0.98" CC="3090560"/>
					</TextLine>
					<TextLine ID="P8_TL00060" HPOS="1611" VPOS="946" WIDTH="1008" HEIGHT="57">
						<String ID="P8_ST00383" HPOS="1611" VPOS="962" WIDTH="188" HEIGHT="41" CONTENT="Potenza" WC="0.78" CC="4440100"/>
						<SP ID="P8_SP00323" HPOS="1799" VPOS="1003" WIDTH="34"/>
						<String ID="P8_ST00384" HPOS="1833" VPOS="959" WIDTH="157" HEIGHT="42" CONTENT="Picena" WC="0.75" CC="000814"/>
						<SP ID="P8_SP00324" HPOS="1990" VPOS="1003" WIDTH="159"/>
						<String ID="P8_ST00385" HPOS="2149" VPOS="956" WIDTH="14" HEIGHT="23" CONTENT="''" WC="0.56" CC="44"/>
						<SP ID="P8_SP00325" HPOS="2163" VPOS="1003" WIDTH="198"/>
						<String ID="P8_ST00386" HPOS="2361" VPOS="952" WIDTH="14" HEIGHT="23" CONTENT="B" STYLE="superscript" WC="0.55" CC="4"/>
						<SP ID="P8_SP00326" HPOS="2375" VPOS="1003" WIDTH="106"/>
						<String ID="P8_ST00387" HPOS="2481" VPOS="946" WIDTH="138" HEIGHT="44" CONTENT="3200" WC="0.79" CC="2032"/>
					</TextLine>
					<TextLine ID="P8_TL00061" HPOS="1614" VPOS="1003" WIDTH="1224" HEIGHT="68">
						<String ID="P8_ST00388" HPOS="1614" VPOS="1021" WIDTH="231" HEIGHT="50" CONTENT="Montopoli" WC="0.66" CC="665003700"/>
						<SP ID="P8_SP00327" HPOS="1845" VPOS="1071" WIDTH="36"/>
						<String ID="P8_ST00389" HPOS="1881" VPOS="1016" WIDTH="208" HEIGHT="44" CONTENT="Valdarno" WC="0.72" CC="40014056"/>
						<SP ID="P8_SP00328" HPOS="2089" VPOS="1071" WIDTH="58"/>
						<String ID="P8_ST00390" HPOS="2147" VPOS="1015" WIDTH="16" HEIGHT="24" CONTENT="*" WC="1.00" CC="9"/>
						<SP ID="P8_SP00329" HPOS="2163" VPOS="1071" WIDTH="198"/>
						<String ID="P8_ST00391" HPOS="2361" VPOS="1011" WIDTH="14" HEIGHT="24" CONTENT="n" STYLE="superscript" WC="0.56" CC="4"/>
						<SP ID="P8_SP00330" HPOS="2375" VPOS="1071" WIDTH="111"/>
						<String ID="P8_ST00392" HPOS="2486" VPOS="1006" WIDTH="134" HEIGHT="43" CONTENT="1000" WC="0.93" CC="0010"/>
						<SP ID="P8_SP00331" HPOS="2620" VPOS="1071" WIDTH="89"/>
						<String ID="P8_ST00393" HPOS="2709" VPOS="1004" WIDTH="16" HEIGHT="24" CONTENT="n" STYLE="superscript" WC="0.24" CC="7"/>
						<SP ID="P8_SP00332" HPOS="2725" VPOS="1071" WIDTH="106"/>
						<String ID="P8_ST00394" HPOS="2831" VPOS="1003" WIDTH="7" HEIGHT="23" CONTENT="'" WC="0.55" CC="4"/>
					</TextLine>
					<TextLine ID="P8_TL00062" HPOS="1613" VPOS="1062" WIDTH="1347" HEIGHT="60">
						<String ID="P8_ST00395" HPOS="1613" VPOS="1080" WIDTH="146" HEIGHT="42" CONTENT="Mestrl" WC="0.48" CC="657605"/>
						<SP ID="P8_SP00333" HPOS="1759" VPOS="1122" WIDTH="393"/>
						<String ID="P8_ST00396" HPOS="2152" VPOS="1075" WIDTH="15" HEIGHT="23" CONTENT="*" WC="0.29" CC="7"/>
						<SP ID="P8_SP00334" HPOS="2167" VPOS="1122" WIDTH="198"/>
						<String ID="P8_ST00397" HPOS="2365" VPOS="1070" WIDTH="14" HEIGHT="24" CONTENT='"' WC="0.28" CC="7"/>
						<SP ID="P8_SP00335" HPOS="2379" VPOS="1122" WIDTH="106"/>
						<String ID="P8_ST00398" HPOS="2485" VPOS="1065" WIDTH="139" HEIGHT="44" CONTENT="4500" WC="0.75" CC="9000"/>
						<SP ID="P8_SP00336" HPOS="2624" VPOS="1122" WIDTH="55"/>
						<String ID="P8_ST00399" HPOS="2679" VPOS="1072" WIDTH="77" HEIGHT="33" CONTENT="two" WC="0.96" CC="360"/>
						<SP ID="P8_SP00337" HPOS="2756" VPOS="1122" WIDTH="31"/>
						<String ID="P8_ST00400" HPOS="2787" VPOS="1062" WIDTH="173" HEIGHT="43" CONTENT="theatres" WC="0.98" CC="00950706"/>
					</TextLine>
					<TextLine ID="P8_TL00063" HPOS="1616" VPOS="1122" WIDTH="1335" HEIGHT="61">
						<String ID="P8_ST00401" HPOS="1616" VPOS="1141" WIDTH="70" HEIGHT="41" CONTENT="Mi" WC="0.53" CC="81"/>
						<String ID="P8_ST00402" HPOS="1687" VPOS="1158" WIDTH="42" HEIGHT="25" CONTENT="ra" STYLE="subscript" WC="0.26" CC="77"/>
						<SP ID="P8_SP00338" HPOS="1729" VPOS="1183" WIDTH="422"/>
						<String ID="P8_ST00403" HPOS="2151" VPOS="1134" WIDTH="15" HEIGHT="24" CONTENT="w" STYLE="superscript" WC="0.57" CC="4"/>
						<SP ID="P8_SP00339" HPOS="2166" VPOS="1183" WIDTH="200"/>
						<String ID="P8_ST00404" HPOS="2366" VPOS="1130" WIDTH="14" HEIGHT="23" CONTENT="n" STYLE="superscript" WC="0.55" CC="4"/>
						<SP ID="P8_SP00340" HPOS="2380" VPOS="1183" WIDTH="110"/>
						<String ID="P8_ST00405" HPOS="2490" VPOS="1126" WIDTH="127" HEIGHT="43" CONTENT="1500" WC="0.68" CC="6600"/>
						<SP ID="P8_SP00341" HPOS="2617" VPOS="1183" WIDTH="55"/>
						<String ID="P8_ST00406" HPOS="2672" VPOS="1132" WIDTH="74" HEIGHT="34" CONTENT="two" WC="0.97" CC="026"/>
						<SP ID="P8_SP00342" HPOS="2746" VPOS="1183" WIDTH="33"/>
						<String ID="P8_ST00407" HPOS="2779" VPOS="1122" WIDTH="172" HEIGHT="42" CONTENT="theatres" WC="0.98" CC="00814079"/>
					</TextLine>
				</TextBlock>
				<TextBlock ID="P8_TB00005" HPOS="1613" VPOS="1247" WIDTH="1398" HEIGHT="2788" STYLEREFS="TXT_1 PAR_LEFT">
					<TextLine ID="P8_TL00064" HPOS="1614" VPOS="1247" WIDTH="1374" HEIGHT="80">
						<String ID="P8_ST00408" HPOS="1614" VPOS="1263" WIDTH="110" HEIGHT="64" CONTENT="and" WC="0.94" CC="078"/>
						<SP ID="P8_SP00343" HPOS="1724" VPOS="1327" WIDTH="31"/>
						<String ID="P8_ST00409" HPOS="1755" VPOS="1288" WIDTH="107" HEIGHT="37" CONTENT="one" WC="0.98" CC="050"/>
						<SP ID="P8_SP00344" HPOS="1862" VPOS="1327" WIDTH="30"/>
						<String ID="P8_ST00410" HPOS="1892" VPOS="1258" WIDTH="168" HEIGHT="66" CONTENT="could" WC="0.97" CC="01359"/>
						<SP ID="P8_SP00345" HPOS="2060" VPOS="1327" WIDTH="30"/>
						<String ID="P8_ST00411" HPOS="2090" VPOS="1259" WIDTH="108" HEIGHT="62" CONTENT="cite" WC="0.97" CC="3521"/>
						<SP ID="P8_SP00346" HPOS="2198" VPOS="1327" WIDTH="31"/>
						<String ID="P8_ST00412" HPOS="2229" VPOS="1282" WIDTH="34" HEIGHT="35" CONTENT="a" WC="1.00" CC="0"/>
						<SP ID="P8_SP00347" HPOS="2263" VPOS="1327" WIDTH="30"/>
						<String ID="P8_ST00413" HPOS="2293" VPOS="1247" WIDTH="256" HEIGHT="70" CONTENT="hundred" WC="0.99" CC="7060320"/>
						<SP ID="P8_SP00348" HPOS="2549" VPOS="1327" WIDTH="31"/>
						<String ID="P8_ST00414" HPOS="2580" VPOS="1274" WIDTH="61" HEIGHT="37" CONTENT="or" WC="0.65" CC="06"/>
						<SP ID="P8_SP00349" HPOS="2641" VPOS="1327" WIDTH="33"/>
						<String ID="P8_ST00415" HPOS="2674" VPOS="1264" WIDTH="117" HEIGHT="46" CONTENT="two" WC="0.97" CC="036"/>
						<SP ID="P8_SP00350" HPOS="2791" VPOS="1327" WIDTH="27"/>
						<String ID="P8_ST00416" HPOS="2818" VPOS="1268" WIDTH="170" HEIGHT="40" CONTENT="more." WC="0.98" CC="75500"/>
					</TextLine>
					<TextLine ID="P8_TL00065" HPOS="1750" VPOS="1336" WIDTH="1242" HEIGHT="92">
						<String ID="P8_ST00417" HPOS="1750" VPOS="1350" WIDTH="142" HEIGHT="65" CONTENT="And" WC="0.97" CC="160"/>
						<SP ID="P8_SP00351" HPOS="1892" VPOS="1415" WIDTH="46"/>
						<String ID="P8_ST00418" HPOS="1938" VPOS="1374" WIDTH="141" HEIGHT="39" CONTENT="even" WC="0.98" CC="0007"/>
						<SP ID="P8_SP00352" HPOS="2079" VPOS="1415" WIDTH="44"/>
						<String ID="P8_ST00419" HPOS="2123" VPOS="1345" WIDTH="184" HEIGHT="83" CONTENT="places" WC="0.99" CC="040010"/>
						<SP ID="P8_SP00353" HPOS="2307" VPOS="1428" WIDTH="47"/>
						<String ID="P8_ST00420" HPOS="2354" VPOS="1341" WIDTH="138" HEIGHT="66" CONTENT="with" WC="0.95" CC="4546"/>
						<SP ID="P8_SP00354" HPOS="2492" VPOS="1428" WIDTH="62"/>
						<String ID="P8_ST00421" HPOS="2554" VPOS="1336" WIDTH="214" HEIGHT="66" CONTENT="smaller" WC="0.99" CC="0350002"/>
						<SP ID="P8_SP00355" HPOS="2768" VPOS="1428" WIDTH="47"/>
						<String ID="P8_ST00422" HPOS="2815" VPOS="1358" WIDTH="142" HEIGHT="58" CONTENT="popu" SUBS_TYPE="HypPart1" SUBS_CONTENT="populations" WC="0.99" CC="1000"/>
						<HYP HPOS="2957" VPOS="1358" WIDTH="35" CONTENT="-"/>
					</TextLine>
					<TextLine ID="P8_TL00066" HPOS="1615" VPOS="1434" WIDTH="906" HEIGHT="73">
						<String ID="P8_ST00423" HPOS="1615" VPOS="1444" WIDTH="191" HEIGHT="63" CONTENT="lations" SUBS_TYPE="HypPart2" SUBS_CONTENT="populations" WC="0.98" CC="7452060"/>
						<SP ID="P8_SP00356" HPOS="1806" VPOS="1507" WIDTH="48"/>
						<String ID="P8_ST00424" HPOS="1854" VPOS="1441" WIDTH="141" HEIGHT="62" CONTENT="have" WC="1.00" CC="0000"/>
						<SP ID="P8_SP00357" HPOS="1995" VPOS="1507" WIDTH="43"/>
						<String ID="P8_ST00425" HPOS="2038" VPOS="1437" WIDTH="144" HEIGHT="64" CONTENT="their" WC="0.98" CC="40066"/>
						<SP ID="P8_SP00358" HPOS="2182" VPOS="1507" WIDTH="44"/>
						<String ID="P8_ST00426" HPOS="2226" VPOS="1434" WIDTH="295" HEIGHT="64" CONTENT="Theatres." WC="0.99" CC="401500004"/>
					</TextLine>
					<TextLine ID="P8_TL00067" HPOS="1615" VPOS="1562" WIDTH="832" HEIGHT="65">
						<String ID="P8_ST00427" HPOS="1615" VPOS="1582" WIDTH="233" HEIGHT="43" CONTENT="Roccaraso" WC="0.82" CC="000000752" STYLEREFS="TXT_3"/>
						<SP ID="P8_SP00359" HPOS="1848" VPOS="1625" WIDTH="181"/>
						<String ID="P8_ST00428" HPOS="2029" VPOS="1573" WIDTH="246" HEIGHT="54" CONTENT="Population" WC="0.98" CC="6608066064" STYLEREFS="TXT_3"/>
						<SP ID="P8_SP00360" HPOS="2275" VPOS="1627" WIDTH="32"/>
						<String ID="P8_ST00429" HPOS="2307" VPOS="1570" WIDTH="103" HEIGHT="44" CONTENT="750" WC="1.00" CC="000" STYLEREFS="TXT_3"/>
						<SP ID="P8_SP00361" HPOS="2410" VPOS="1627" WIDTH="23"/>
						<String ID="P8_ST00430" HPOS="2433" VPOS="1562" WIDTH="14" HEIGHT="50" CONTENT="\" WC="0.29" CC="7" STYLEREFS="TXT_3"/>
					</TextLine>
					<TextLine ID="P8_TL00068" HPOS="1615" VPOS="1630" WIDTH="831" HEIGHT="55">
						<String ID="P8_ST00431" HPOS="1615" VPOS="1640" WIDTH="287" HEIGHT="45" CONTENT="Roccabianca" WC="0.71" CC="00470506160" STYLEREFS="TXT_3"/>
						<SP ID="P8_SP00362" HPOS="1902" VPOS="1685" WIDTH="246"/>
						<String ID="P8_ST00432" HPOS="2148" VPOS="1634" WIDTH="17" HEIGHT="25" CONTENT="*" WC="0.26" CC="7" STYLEREFS="TXT_3"/>
						<SP ID="P8_SP00363" HPOS="2165" VPOS="1685" WIDTH="144"/>
						<String ID="P8_ST00433" HPOS="2309" VPOS="1630" WIDTH="103" HEIGHT="43" CONTENT="490" WC="0.63" CC="514" STYLEREFS="TXT_3"/>
						<SP ID="P8_SP00364" HPOS="2412" VPOS="1685" WIDTH="15"/>
						<String ID="P8_ST00434" HPOS="2427" VPOS="1644" WIDTH="19" HEIGHT="28" CONTENT="" WC="0.37" CC="6" STYLEREFS="TXT_3"/>
					</TextLine>
					<TextLine ID="P8_TL00069" HPOS="1618" VPOS="1684" WIDTH="1297" HEIGHT="69">
						<String ID="P8_ST00435" HPOS="1618" VPOS="1701" WIDTH="162" HEIGHT="52" CONTENT="Rongio" WC="0.63" CC="034309" STYLEREFS="TXT_3"/>
						<SP ID="P8_SP00365" HPOS="1780" VPOS="1753" WIDTH="368"/>
						<String ID="P8_ST00436" HPOS="2148" VPOS="1695" WIDTH="16" HEIGHT="24" CONTENT='"' WC="0.59" CC="4" STYLEREFS="TXT_3"/>
						<SP ID="P8_SP00366" HPOS="2164" VPOS="1753" WIDTH="152"/>
						<String ID="P8_ST00437" HPOS="2316" VPOS="1689" WIDTH="134" HEIGHT="44" CONTENT="160&gt;" WC="0.65" CC="6016" STYLEREFS="TXT_3"/>
						<SP ID="P8_SP00367" HPOS="2450" VPOS="1753" WIDTH="34"/>
						<String ID="P8_ST00438" HPOS="2484" VPOS="1704" WIDTH="76" HEIGHT="27" CONTENT="one" WC="0.97" CC="150" STYLEREFS="TXT_0"/>
						<SP ID="P8_SP00368" HPOS="2560" VPOS="1753" WIDTH="32"/>
						<String ID="P8_ST00439" HPOS="2592" VPOS="1685" WIDTH="152" HEIGHT="44" CONTENT="theatre" WC="0.97" CC="7732662" STYLEREFS="TXT_0"/>
						<SP ID="P8_SP00369" HPOS="2744" VPOS="1753" WIDTH="32"/>
						<String ID="P8_ST00440" HPOS="2776" VPOS="1684" WIDTH="139" HEIGHT="54" CONTENT="apiece" WC="0.97" CC="097316" STYLEREFS="TXT_0"/>
					</TextLine>
					<TextLine ID="P8_TL00070" HPOS="1617" VPOS="1744" WIDTH="1394" HEIGHT="60">
						<String ID="P8_ST00441" HPOS="1617" VPOS="1761" WIDTH="134" HEIGHT="43" CONTENT="Rossa" WC="0.57" CC="00777" STYLEREFS="TXT_3"/>
						<SP ID="P8_SP00370" HPOS="1751" VPOS="1804" WIDTH="398"/>
						<String ID="P8_ST00442" HPOS="2149" VPOS="1754" WIDTH="15" HEIGHT="24" CONTENT='"' WC="0.67" CC="3" STYLEREFS="TXT_3"/>
						<SP ID="P8_SP00371" HPOS="2164" VPOS="1804" WIDTH="152"/>
						<String ID="P8_ST00443" HPOS="2316" VPOS="1744" WIDTH="130" HEIGHT="48" CONTENT="140" WC="0.35" CC="880" STYLEREFS="TXT_3"/>
						<SP ID="P8_SP00372" HPOS="2446" VPOS="1804" WIDTH="283"/>
						<String ID="P8_ST00444" HPOS="2729" VPOS="1744" WIDTH="282" HEIGHT="60" CONTENT="i" WC="1.00" CC="0" STYLEREFS="TXT_3"/>
					</TextLine>
					<TextLine ID="P8_TL00071" HPOS="1618" VPOS="1809" WIDTH="829" HEIGHT="63">
						<String ID="P8_ST00445" HPOS="1618" VPOS="1820" WIDTH="310" HEIGHT="43" CONTENT="Montemenaco" WC="0.71" CC="50200175009" STYLEREFS="TXT_3"/>
						<SP ID="P8_SP00373" HPOS="1928" VPOS="1863" WIDTH="220"/>
						<String ID="P8_ST00446" HPOS="2148" VPOS="1814" WIDTH="16" HEIGHT="23" CONTENT="w" STYLE="superscript" WC="0.25" CC="7" STYLEREFS="TXT_3"/>
						<SP ID="P8_SP00374" HPOS="2164" VPOS="1863" WIDTH="97"/>
						<String ID="P8_ST00447" HPOS="2261" VPOS="1856" WIDTH="7" HEIGHT="6" CONTENT="." WC="0.50" CC="4" STYLEREFS="TXT_3"/>
						<SP ID="P8_SP00375" HPOS="2268" VPOS="1863" WIDTH="41"/>
						<String ID="P8_ST00448" HPOS="2309" VPOS="1809" WIDTH="102" HEIGHT="45" CONTENT="360" WC="0.74" CC="502" STYLEREFS="TXT_3"/>
						<SP ID="P8_SP00376" HPOS="2411" VPOS="1863" WIDTH="20"/>
						<String ID="P8_ST00449" HPOS="2431" VPOS="1826" WIDTH="16" HEIGHT="46" CONTENT="j" WC="0.22" CC="7" STYLEREFS="TXT_3"/>
					</TextLine>
					<TextLine ID="P8_TL00072" HPOS="1618" VPOS="1951" WIDTH="1312" HEIGHT="85">
						<String ID="P8_ST00450" HPOS="1618" VPOS="1964" WIDTH="112" HEIGHT="65" CONTENT="and" WC="0.98" CC="060"/>
						<SP ID="P8_SP00377" HPOS="1730" VPOS="2029" WIDTH="47"/>
						<String ID="P8_ST00451" HPOS="1777" VPOS="1962" WIDTH="20" HEIGHT="64" CONTENT="I" WC="0.30" CC="6"/>
						<SP ID="P8_SP00378" HPOS="1797" VPOS="2029" WIDTH="47"/>
						<String ID="P8_ST00452" HPOS="1844" VPOS="1959" WIDTH="166" HEIGHT="66" CONTENT="could" WC="0.99" CC="10050"/>
						<SP ID="P8_SP00379" HPOS="2010" VPOS="2029" WIDTH="47"/>
						<String ID="P8_ST00453" HPOS="2057" VPOS="1983" WIDTH="160" HEIGHT="39" CONTENT="name" WC="0.97" CC="5042"/>
						<SP ID="P8_SP00380" HPOS="2217" VPOS="2029" WIDTH="46"/>
						<String ID="P8_ST00454" HPOS="2263" VPOS="1955" WIDTH="146" HEIGHT="81" CONTENT="forty" WC="0.97" CC="71342"/>
						<SP ID="P8_SP00381" HPOS="2409" VPOS="2036" WIDTH="47"/>
						<String ID="P8_ST00455" HPOS="2456" VPOS="1979" WIDTH="62" HEIGHT="38" CONTENT="or" WC="0.65" CC="07"/>
						<SP ID="P8_SP00382" HPOS="2518" VPOS="2036" WIDTH="46"/>
						<String ID="P8_ST00456" HPOS="2564" VPOS="1951" WIDTH="117" HEIGHT="83" CONTENT="fifty" WC="0.97" CC="22743"/>
						<SP ID="P8_SP00383" HPOS="2681" VPOS="2036" WIDTH="47"/>
						<String ID="P8_ST00457" HPOS="2728" VPOS="1951" WIDTH="202" HEIGHT="64" CONTENT="others." WC="0.99" CC="0404704"/>
					</TextLine>
					<TextLine ID="P8_TL00073" HPOS="1754" VPOS="2037" WIDTH="1243" HEIGHT="83">
						<String ID="P8_ST00458" HPOS="1754" VPOS="2054" WIDTH="169" HEIGHT="63" CONTENT="Some" WC="0.98" CC="0331"/>
						<SP ID="P8_SP00384" HPOS="1923" VPOS="2117" WIDTH="45"/>
						<String ID="P8_ST00459" HPOS="1968" VPOS="2049" WIDTH="59" HEIGHT="65" CONTENT="of" WC="0.69" CC="06"/>
						<SP ID="P8_SP00385" HPOS="2027" VPOS="2117" WIDTH="45"/>
						<String ID="P8_ST00460" HPOS="2072" VPOS="2048" WIDTH="154" HEIGHT="64" CONTENT="these" WC="0.99" CC="40000"/>
						<SP ID="P8_SP00386" HPOS="2226" VPOS="2117" WIDTH="55"/>
						<String ID="P8_ST00461" HPOS="2281" VPOS="2045" WIDTH="244" HEIGHT="65" CONTENT="theatres" WC="1.00" CC="00002302"/>
						<SP ID="P8_SP00387" HPOS="2525" VPOS="2117" WIDTH="57"/>
						<String ID="P8_ST00462" HPOS="2582" VPOS="2067" WIDTH="96" HEIGHT="39" CONTENT="are" WC="0.98" CC="050"/>
						<SP ID="P8_SP00388" HPOS="2678" VPOS="2117" WIDTH="46"/>
						<String ID="P8_ST00463" HPOS="2724" VPOS="2037" WIDTH="273" HEIGHT="83" CONTENT="naturally" WC="0.99" CC="004367000"/>
					</TextLine>
					<TextLine ID="P8_TL00074" HPOS="1622" VPOS="2129" WIDTH="1375" HEIGHT="95">
						<String ID="P8_ST00464" HPOS="1622" VPOS="2169" WIDTH="130" HEIGHT="55" CONTENT="very" WC="0.99" CC="0030"/>
						<SP ID="P8_SP00389" HPOS="1752" VPOS="2224" WIDTH="45"/>
						<String ID="P8_ST00465" HPOS="1797" VPOS="2140" WIDTH="171" HEIGHT="73" CONTENT="small," WC="0.98" CC="040604"/>
						<SP ID="P8_SP00390" HPOS="1968" VPOS="2224" WIDTH="51"/>
						<String ID="P8_ST00466" HPOS="2019" VPOS="2139" WIDTH="99" HEIGHT="65" CONTENT="but" WC="0.97" CC="700"/>
						<SP ID="P8_SP00391" HPOS="2118" VPOS="2224" WIDTH="53"/>
						<String ID="P8_ST00467" HPOS="2171" VPOS="2135" WIDTH="70" HEIGHT="66" CONTENT="all" WC="0.98" CC="022"/>
						<SP ID="P8_SP00392" HPOS="2241" VPOS="2224" WIDTH="46"/>
						<String ID="P8_ST00468" HPOS="2287" VPOS="2162" WIDTH="95" HEIGHT="37" CONTENT="are" WC="0.98" CC="040"/>
						<SP ID="P8_SP00393" HPOS="2382" VPOS="2224" WIDTH="61"/>
						<String ID="P8_ST00469" HPOS="2443" VPOS="2133" WIDTH="278" HEIGHT="81" CONTENT="adequate" WC="0.99" CC="00053260"/>
						<SP ID="P8_SP00394" HPOS="2721" VPOS="2224" WIDTH="28"/>
						<String ID="P8_ST00470" HPOS="2749" VPOS="2159" WIDTH="14" HEIGHT="37" CONTENT=":" WC="1.00" CC="0"/>
						<SP ID="P8_SP00395" HPOS="2763" VPOS="2224" WIDTH="50"/>
						<String ID="P8_ST00471" HPOS="2813" VPOS="2129" WIDTH="184" HEIGHT="66" CONTENT="others" WC="0.99" CC="100360"/>
					</TextLine>
					<TextLine ID="P8_TL00075" HPOS="1623" VPOS="2219" WIDTH="1375" HEIGHT="88">
						<String ID="P8_ST00472" HPOS="1623" VPOS="2261" WIDTH="93" HEIGHT="37" CONTENT="are" WC="0.97" CC="070"/>
						<SP ID="P8_SP00396" HPOS="1716" VPOS="2298" WIDTH="47"/>
						<String ID="P8_ST00473" HPOS="1763" VPOS="2229" WIDTH="303" HEIGHT="66" CONTENT="admirable" WC="0.99" CC="004420840"/>
						<SP ID="P8_SP00397" HPOS="2066" VPOS="2298" WIDTH="45"/>
						<String ID="P8_ST00474" HPOS="2111" VPOS="2232" WIDTH="55" HEIGHT="59" CONTENT="in" WC="0.60" CC="25"/>
						<SP ID="P8_SP00398" HPOS="2166" VPOS="2298" WIDTH="45"/>
						<String ID="P8_ST00475" HPOS="2211" VPOS="2252" WIDTH="166" HEIGHT="55" CONTENT="every" WC="0.99" CC="03030"/>
						<SP ID="P8_SP00399" HPOS="2377" VPOS="2307" WIDTH="32"/>
						<String ID="P8_ST00476" HPOS="2409" VPOS="2248" WIDTH="150" HEIGHT="56" CONTENT="way." WC="1.00" CC="0002"/>
						<SP ID="P8_SP00400" HPOS="2559" VPOS="2307" WIDTH="95"/>
						<String ID="P8_ST00477" HPOS="2654" VPOS="2220" WIDTH="103" HEIGHT="65" CONTENT="All" WC="0.99" CC="020"/>
						<SP ID="P8_SP00401" HPOS="2757" VPOS="2307" WIDTH="36"/>
						<String ID="P8_ST00478" HPOS="2793" VPOS="2222" WIDTH="17" HEIGHT="62" CONTENT="I" WC="0.28" CC="7"/>
						<SP ID="P8_SP00402" HPOS="2810" VPOS="2307" WIDTH="46"/>
						<String ID="P8_ST00479" HPOS="2856" VPOS="2219" WIDTH="142" HEIGHT="66" CONTENT="wish" WC="0.98" CC="0007"/>
					</TextLine>
					<TextLine ID="P8_TL00076" HPOS="1624" VPOS="2310" WIDTH="1377" HEIGHT="94">
						<String ID="P8_ST00480" HPOS="1624" VPOS="2342" WIDTH="57" HEIGHT="45" CONTENT="to" WC="0.84" CC="03"/>
						<SP ID="P8_SP00403" HPOS="1681" VPOS="2387" WIDTH="47"/>
						<String ID="P8_ST00481" HPOS="1728" VPOS="2326" WIDTH="151" HEIGHT="78" CONTENT="point" WC="0.99" CC="00072"/>
						<SP ID="P8_SP00404" HPOS="1879" VPOS="2404" WIDTH="46"/>
						<String ID="P8_ST00482" HPOS="1925" VPOS="2336" WIDTH="97" HEIGHT="47" CONTENT="out" WC="0.96" CC="622"/>
						<SP ID="P8_SP00405" HPOS="2022" VPOS="2404" WIDTH="45"/>
						<String ID="P8_ST00483" HPOS="2067" VPOS="2321" WIDTH="44" HEIGHT="61" CONTENT="is" WC="0.70" CC="50"/>
						<SP ID="P8_SP00406" HPOS="2111" VPOS="2404" WIDTH="47"/>
						<String ID="P8_ST00484" HPOS="2158" VPOS="2316" WIDTH="119" HEIGHT="66" CONTENT="that" WC="0.99" CC="4001"/>
						<SP ID="P8_SP00407" HPOS="2277" VPOS="2404" WIDTH="46"/>
						<String ID="P8_ST00485" HPOS="2323" VPOS="2314" WIDTH="39" HEIGHT="65" CONTENT="if" WC="0.32" CC="67"/>
						<SP ID="P8_SP00408" HPOS="2362" VPOS="2404" WIDTH="30"/>
						<String ID="P8_ST00486" HPOS="2392" VPOS="2340" WIDTH="112" HEIGHT="56" CONTENT="you" WC="0.98" CC="031"/>
						<SP ID="P8_SP00409" HPOS="2504" VPOS="2404" WIDTH="32"/>
						<String ID="P8_ST00487" HPOS="2536" VPOS="2328" WIDTH="151" HEIGHT="50" CONTENT="want" WC="0.97" CC="0065"/>
						<SP ID="P8_SP00410" HPOS="2687" VPOS="2404" WIDTH="32"/>
						<String ID="P8_ST00488" HPOS="2719" VPOS="2338" WIDTH="34" HEIGHT="36" CONTENT="a" WC="1.00" CC="0"/>
						<SP ID="P8_SP00411" HPOS="2753" VPOS="2404" WIDTH="32"/>
						<String ID="P8_ST00489" HPOS="2785" VPOS="2310" WIDTH="216" HEIGHT="64" CONTENT="theatre" WC="0.99" CC="3020552"/>
					</TextLine>
					<TextLine ID="P8_TL00077" HPOS="1623" VPOS="2399" WIDTH="1378" HEIGHT="96">
						<String ID="P8_ST00490" HPOS="1623" VPOS="2439" WIDTH="110" HEIGHT="56" CONTENT="you" WC="1.00" CC="000"/>
						<SP ID="P8_SP00412" HPOS="1733" VPOS="2495" WIDTH="46"/>
						<String ID="P8_ST00491" HPOS="1779" VPOS="2436" WIDTH="105" HEIGHT="38" CONTENT="can" WC="0.97" CC="007"/>
						<SP ID="P8_SP00413" HPOS="1884" VPOS="2495" WIDTH="45"/>
						<String ID="P8_ST00492" HPOS="1929" VPOS="2410" WIDTH="145" HEIGHT="63" CONTENT="have" WC="1.00" CC="0000"/>
						<SP ID="P8_SP00414" HPOS="2074" VPOS="2495" WIDTH="44"/>
						<String ID="P8_ST00493" HPOS="2118" VPOS="2432" WIDTH="125" HEIGHT="46" CONTENT="one," WC="0.99" CC="0401"/>
						<SP ID="P8_SP00415" HPOS="2243" VPOS="2495" WIDTH="50"/>
						<String ID="P8_ST00494" HPOS="2293" VPOS="2404" WIDTH="111" HEIGHT="64" CONTENT="and" WC="1.00" CC="000"/>
						<SP ID="P8_SP00416" HPOS="2404" VPOS="2495" WIDTH="38"/>
						<String ID="P8_ST00495" HPOS="2442" VPOS="2403" WIDTH="84" HEIGHT="62" CONTENT="for" WC="0.96" CC="730"/>
						<SP ID="P8_SP00417" HPOS="2526" VPOS="2495" WIDTH="48"/>
						<String ID="P8_ST00496" HPOS="2574" VPOS="2429" WIDTH="34" HEIGHT="36" CONTENT="a" WC="1.00" CC="0"/>
						<SP ID="P8_SP00418" HPOS="2608" VPOS="2495" WIDTH="58"/>
						<String ID="P8_ST00497" HPOS="2666" VPOS="2427" WIDTH="134" HEIGHT="55" CONTENT="very" WC="0.98" CC="0070"/>
						<SP ID="P8_SP00419" HPOS="2800" VPOS="2495" WIDTH="46"/>
						<String ID="P8_ST00498" HPOS="2846" VPOS="2399" WIDTH="155" HEIGHT="65" CONTENT="small" WC="0.98" CC="05060"/>
					</TextLine>
					<TextLine ID="P8_TL00078" HPOS="1624" VPOS="2490" WIDTH="1378" HEIGHT="90">
						<String ID="P8_ST00499" HPOS="1624" VPOS="2519" WIDTH="137" HEIGHT="54" CONTENT="cost," WC="0.99" CC="00404"/>
						<SP ID="P8_SP00420" HPOS="1761" VPOS="2573" WIDTH="50"/>
						<String ID="P8_ST00500" HPOS="1811" VPOS="2526" WIDTH="62" HEIGHT="38" CONTENT="so" WC="0.72" CC="05"/>
						<SP ID="P8_SP00421" HPOS="1873" VPOS="2573" WIDTH="46"/>
						<String ID="P8_ST00501" HPOS="1919" VPOS="2498" WIDTH="124" HEIGHT="82" CONTENT="long" WC="0.99" CC="0060"/>
						<SP ID="P8_SP00422" HPOS="2043" VPOS="2580" WIDTH="47"/>
						<String ID="P8_ST00502" HPOS="2090" VPOS="2523" WIDTH="60" HEIGHT="38" CONTENT="as" WC="1.00" CC="00"/>
						<SP ID="P8_SP00423" HPOS="2150" VPOS="2580" WIDTH="47"/>
						<String ID="P8_ST00503" HPOS="2197" VPOS="2521" WIDTH="110" HEIGHT="56" CONTENT="you" WC="0.99" CC="010"/>
						<SP ID="P8_SP00424" HPOS="2307" VPOS="2580" WIDTH="61"/>
						<String ID="P8_ST00504" HPOS="2368" VPOS="2493" WIDTH="157" HEIGHT="65" CONTENT="don't" WC="0.98" CC="00336"/>
						<SP ID="P8_SP00425" HPOS="2525" VPOS="2580" WIDTH="50"/>
						<String ID="P8_ST00505" HPOS="2575" VPOS="2516" WIDTH="183" HEIGHT="57" CONTENT="worry" WC="0.98" CC="00860"/>
						<SP ID="P8_SP00426" HPOS="2758" VPOS="2580" WIDTH="69"/>
						<String ID="P8_ST00506" HPOS="2827" VPOS="2490" WIDTH="175" HEIGHT="64" CONTENT="about" WC="0.98" CC="06500"/>
					</TextLine>
					<TextLine ID="P8_TL00079" HPOS="1628" VPOS="2585" WIDTH="1100" HEIGHT="80">
						<String ID="P8_ST00507" HPOS="1628" VPOS="2589" WIDTH="324" HEIGHT="66" CONTENT="unessential" WC="0.99" CC="07000060460"/>
						<SP ID="P8_SP00427" HPOS="1952" VPOS="2655" WIDTH="45"/>
						<String ID="P8_ST00508" HPOS="1997" VPOS="2585" WIDTH="191" HEIGHT="65" CONTENT="swank" WC="0.98" CC="08025"/>
						<SP ID="P8_SP00428" HPOS="2188" VPOS="2655" WIDTH="46"/>
						<String ID="P8_ST00509" HPOS="2234" VPOS="2587" WIDTH="54" HEIGHT="60" CONTENT="in" WC="0.73" CC="50"/>
						<SP ID="P8_SP00429" HPOS="2288" VPOS="2655" WIDTH="46"/>
						<String ID="P8_ST00510" HPOS="2334" VPOS="2608" WIDTH="394" HEIGHT="57" CONTENT="appearances." WC="1.00" CC="000003000004"/>
					</TextLine>
					<TextLine ID="P8_TL00080" HPOS="1765" VPOS="2669" WIDTH="1240" HEIGHT="85">
						<String ID="P8_ST00511" HPOS="1765" VPOS="2679" WIDTH="127" HEIGHT="63" CONTENT="The" WC="0.94" CC="572"/>
						<SP ID="P8_SP00430" HPOS="1892" VPOS="2742" WIDTH="48"/>
						<String ID="P8_ST00512" HPOS="1940" VPOS="2679" WIDTH="337" HEIGHT="62" CONTENT="Committee" WC="1.00" CC="000143101"/>
						<SP ID="P8_SP00431" HPOS="2277" VPOS="2742" WIDTH="46"/>
						<String ID="P8_ST00513" HPOS="2323" VPOS="2691" WIDTH="55" HEIGHT="46" CONTENT="at" WC="0.81" CC="03"/>
						<SP ID="P8_SP00432" HPOS="2378" VPOS="2742" WIDTH="32"/>
						<String ID="P8_ST00514" HPOS="2410" VPOS="2672" WIDTH="273" HEIGHT="82" CONTENT="Welwyn" WC="0.65" CC="005807"/>
						<SP ID="P8_SP00433" HPOS="2683" VPOS="2754" WIDTH="31"/>
						<String ID="P8_ST00515" HPOS="2714" VPOS="2671" WIDTH="145" HEIGHT="64" CONTENT="have" WC="1.00" CC="0000"/>
						<SP ID="P8_SP00434" HPOS="2859" VPOS="2754" WIDTH="30"/>
						<String ID="P8_ST00516" HPOS="2889" VPOS="2669" WIDTH="116" HEIGHT="64" CONTENT="had" WC="1.00" CC="000"/>
					</TextLine>
					<TextLine ID="P8_TL00081" HPOS="1630" VPOS="2761" WIDTH="1372" HEIGHT="89">
						<String ID="P8_ST00517" HPOS="1630" VPOS="2775" WIDTH="37" HEIGHT="22" CONTENT='"' WC="0.80" CC="1"/>
						<SP ID="P8_SP00435" HPOS="1667" VPOS="2797" WIDTH="33"/>
						<String ID="P8_ST00518" HPOS="1700" VPOS="2793" WIDTH="370" HEIGHT="57" CONTENT="appearances" WC="1.00" CC="00000500310"/>
						<SP ID="P8_SP00436" HPOS="2070" VPOS="2850" WIDTH="33"/>
						<String ID="P8_ST00519" HPOS="2103" VPOS="2765" WIDTH="38" HEIGHT="19" CONTENT='"' WC="0.44" CC="5"/>
						<SP ID="P8_SP00437" HPOS="2141" VPOS="2850" WIDTH="47"/>
						<String ID="P8_ST00520" HPOS="2188" VPOS="2791" WIDTH="74" HEIGHT="36" CONTENT="on" WC="0.90" CC="02"/>
						<SP ID="P8_SP00438" HPOS="2262" VPOS="2850" WIDTH="30"/>
						<String ID="P8_ST00521" HPOS="2292" VPOS="2764" WIDTH="93" HEIGHT="63" CONTENT="the" WC="1.00" CC="000"/>
						<SP ID="P8_SP00439" HPOS="2385" VPOS="2850" WIDTH="47"/>
						<String ID="P8_ST00522" HPOS="2432" VPOS="2763" WIDTH="183" HEIGHT="72" CONTENT="brain;" WC="0.98" CC="620745"/>
						<SP ID="P8_SP00440" HPOS="2615" VPOS="2850" WIDTH="35"/>
						<String ID="P8_ST00523" HPOS="2650" VPOS="2761" WIDTH="112" HEIGHT="65" CONTENT="and" WC="0.98" CC="040"/>
						<SP ID="P8_SP00441" HPOS="2762" VPOS="2850" WIDTH="34"/>
						<String ID="P8_ST00524" HPOS="2796" VPOS="2789" WIDTH="35" HEIGHT="36" CONTENT="a" WC="0.24" CC="7"/>
						<SP ID="P8_SP00442" HPOS="2831" VPOS="2850" WIDTH="29"/>
						<String ID="P8_ST00525" HPOS="2860" VPOS="2764" WIDTH="142" HEIGHT="68" CONTENT="nice," WC="0.99" CC="41002"/>
					</TextLine>
					<TextLine ID="P8_TL00082" HPOS="1627" VPOS="2849" WIDTH="1379" HEIGHT="90">
						<String ID="P8_ST00526" HPOS="1627" VPOS="2859" WIDTH="157" HEIGHT="72" CONTENT="solid," WC="0.98" CC="064400"/>
						<SP ID="P8_SP00443" HPOS="1784" VPOS="2931" WIDTH="50"/>
						<String ID="P8_ST00527" HPOS="1834" VPOS="2854" WIDTH="279" HEIGHT="85" CONTENT="practical," WC="1.00" CC="0020401240"/>
						<SP ID="P8_SP00444" HPOS="2113" VPOS="2939" WIDTH="64"/>
						<String ID="P8_ST00528" HPOS="2177" VPOS="2853" WIDTH="280" HEIGHT="81" CONTENT="stuck-up," WC="0.99" CC="004004502"/>
						<SP ID="P8_SP00445" HPOS="2457" VPOS="2939" WIDTH="74"/>
						<String ID="P8_ST00529" HPOS="2531" VPOS="2851" WIDTH="274" HEIGHT="82" CONTENT="thorough" WC="0.99" CC="56034007"/>
						<SP ID="P8_SP00446" HPOS="2805" VPOS="2939" WIDTH="70"/>
						<String ID="P8_ST00530" HPOS="2875" VPOS="2849" WIDTH="131" HEIGHT="66" CONTENT="kind" WC="0.99" CC="0400"/>
					</TextLine>
					<TextLine ID="P8_TL00083" HPOS="1627" VPOS="2940" WIDTH="1379" HEIGHT="87">
						<String ID="P8_ST00531" HPOS="1627" VPOS="2949" WIDTH="57" HEIGHT="63" CONTENT="of" WC="0.44" CC="37"/>
						<SP ID="P8_SP00447" HPOS="1684" VPOS="3012" WIDTH="44"/>
						<String ID="P8_ST00532" HPOS="1728" VPOS="2947" WIDTH="229" HEIGHT="80" CONTENT="swanky" WC="0.99" CC="006400"/>
						<SP ID="P8_SP00448" HPOS="1957" VPOS="3027" WIDTH="47"/>
						<String ID="P8_ST00533" HPOS="2004" VPOS="2945" WIDTH="151" HEIGHT="79" CONTENT="thing" WC="0.98" CC="00660"/>
						<SP ID="P8_SP00449" HPOS="2155" VPOS="3027" WIDTH="46"/>
						<String ID="P8_ST00534" HPOS="2201" VPOS="2947" WIDTH="39" HEIGHT="59" CONTENT="it" WC="0.59" CC="80"/>
						<SP ID="P8_SP00450" HPOS="2240" VPOS="3027" WIDTH="47"/>
						<String ID="P8_ST00535" HPOS="2287" VPOS="2945" WIDTH="43" HEIGHT="61" CONTENT="is" WC="0.91" CC="01"/>
						<SP ID="P8_SP00451" HPOS="2330" VPOS="3027" WIDTH="29"/>
						<String ID="P8_ST00536" HPOS="2359" VPOS="2971" WIDTH="13" HEIGHT="35" CONTENT=":" WC="1.00" CC="0"/>
						<SP ID="P8_SP00452" HPOS="2372" VPOS="3027" WIDTH="51"/>
						<String ID="P8_ST00537" HPOS="2423" VPOS="2943" WIDTH="96" HEIGHT="63" CONTENT="but" WC="0.95" CC="660"/>
						<SP ID="P8_SP00453" HPOS="2519" VPOS="3027" WIDTH="50"/>
						<String ID="P8_ST00538" HPOS="2569" VPOS="2968" WIDTH="145" HEIGHT="37" CONTENT="none" WC="0.97" CC="5520"/>
						<SP ID="P8_SP00454" HPOS="2714" VPOS="3027" WIDTH="45"/>
						<String ID="P8_ST00539" HPOS="2759" VPOS="2942" WIDTH="96" HEIGHT="63" CONTENT="the" WC="0.97" CC="071"/>
						<SP ID="P8_SP00455" HPOS="2855" VPOS="3027" WIDTH="47"/>
						<String ID="P8_ST00540" HPOS="2902" VPOS="2940" WIDTH="104" HEIGHT="64" CONTENT="less" WC="0.98" CC="0360"/>
					</TextLine>
					<TextLine ID="P8_TL00084" HPOS="1628" VPOS="3038" WIDTH="251" HEIGHT="80">
						<String ID="P8_ST00541" HPOS="1628" VPOS="3038" WIDTH="251" HEIGHT="80" CONTENT="swanky." WC="0.99" CC="0305003"/>
					</TextLine>
					<TextLine ID="P8_TL00085" HPOS="1761" VPOS="3119" WIDTH="1246" HEIGHT="83">
						<String ID="P8_ST00542" HPOS="1761" VPOS="3126" WIDTH="143" HEIGHT="65" CONTENT="And" WC="0.97" CC="070"/>
						<SP ID="P8_SP00456" HPOS="1904" VPOS="3191" WIDTH="44"/>
						<String ID="P8_ST00543" HPOS="1948" VPOS="3125" WIDTH="39" HEIGHT="63" CONTENT="if" WC="0.42" CC="47"/>
						<SP ID="P8_SP00457" HPOS="1987" VPOS="3191" WIDTH="46"/>
						<String ID="P8_ST00544" HPOS="2033" VPOS="3125" WIDTH="156" HEIGHT="63" CONTENT="other" WC="0.99" CC="05004"/>
						<SP ID="P8_SP00458" HPOS="2189" VPOS="3191" WIDTH="47"/>
						<String ID="P8_ST00545" HPOS="2236" VPOS="3122" WIDTH="153" HEIGHT="63" CONTENT="small" WC="0.98" CC="56003"/>
						<SP ID="P8_SP00459" HPOS="2389" VPOS="3191" WIDTH="48"/>
						<String ID="P8_ST00546" HPOS="2437" VPOS="3140" WIDTH="179" HEIGHT="47" CONTENT="towns" WC="1.00" CC="03000"/>
						<SP ID="P8_SP00460" HPOS="2616" VPOS="3191" WIDTH="43"/>
						<String ID="P8_ST00547" HPOS="2659" VPOS="3125" WIDTH="56" HEIGHT="60" CONTENT="in" WC="0.65" CC="60"/>
						<SP ID="P8_SP00461" HPOS="2715" VPOS="3191" WIDTH="33"/>
						<String ID="P8_ST00548" HPOS="2748" VPOS="3119" WIDTH="259" HEIGHT="83" CONTENT="England" WC="0.99" CC="5300000"/>
					</TextLine>
					<TextLine ID="P8_TL00086" HPOS="1627" VPOS="3211" WIDTH="1381" HEIGHT="85">
						<String ID="P8_ST00549" HPOS="1627" VPOS="3245" WIDTH="92" HEIGHT="36" CONTENT="are" WC="0.97" CC="053"/>
						<SP ID="P8_SP00462" HPOS="1719" VPOS="3281" WIDTH="50"/>
						<String ID="P8_ST00550" HPOS="1769" VPOS="3220" WIDTH="160" HEIGHT="76" CONTENT="going" WC="0.98" CC="42060"/>
						<SP ID="P8_SP00463" HPOS="1929" VPOS="3296" WIDTH="46"/>
						<String ID="P8_ST00551" HPOS="1975" VPOS="3231" WIDTH="58" HEIGHT="47" CONTENT="to" WC="0.83" CC="03"/>
						<SP ID="P8_SP00464" HPOS="2033" VPOS="3296" WIDTH="47"/>
						<String ID="P8_ST00552" HPOS="2080" VPOS="3216" WIDTH="132" HEIGHT="63" CONTENT="wait" WC="1.00" CC="0010"/>
						<SP ID="P8_SP00465" HPOS="2212" VPOS="3296" WIDTH="47"/>
						<String ID="P8_ST00553" HPOS="2259" VPOS="3212" WIDTH="131" HEIGHT="64" CONTENT="until" WC="1.00" CC="00210"/>
						<SP ID="P8_SP00466" HPOS="2390" VPOS="3296" WIDTH="47"/>
						<String ID="P8_ST00554" HPOS="2437" VPOS="3212" WIDTH="133" HEIGHT="81" CONTENT="they" WC="0.99" CC="5000"/>
						<SP ID="P8_SP00467" HPOS="2570" VPOS="3296" WIDTH="31"/>
						<String ID="P8_ST00555" HPOS="2601" VPOS="3239" WIDTH="106" HEIGHT="37" CONTENT="can" WC="0.97" CC="006"/>
						<SP ID="P8_SP00468" HPOS="2707" VPOS="3296" WIDTH="31"/>
						<String ID="P8_ST00556" HPOS="2738" VPOS="3211" WIDTH="179" HEIGHT="65" CONTENT="afford" WC="0.98" CC="076070"/>
						<SP ID="P8_SP00469" HPOS="2917" VPOS="3296" WIDTH="33"/>
						<String ID="P8_ST00557" HPOS="2950" VPOS="3229" WIDTH="58" HEIGHT="45" CONTENT="to" WC="0.81" CC="21"/>
					</TextLine>
					<TextLine ID="P8_TL00087" HPOS="1625" VPOS="3301" WIDTH="1385" HEIGHT="85">
						<String ID="P8_ST00558" HPOS="1625" VPOS="3306" WIDTH="220" HEIGHT="80" CONTENT="indulge" WC="0.99" CC="4006600"/>
						<SP ID="P8_SP00470" HPOS="1845" VPOS="3386" WIDTH="45"/>
						<String ID="P8_ST00559" HPOS="1890" VPOS="3309" WIDTH="54" HEIGHT="58" CONTENT="in" WC="0.38" CC="57"/>
						<SP ID="P8_SP00471" HPOS="1944" VPOS="3386" WIDTH="31"/>
						<String ID="P8_ST00560" HPOS="1975" VPOS="3304" WIDTH="105" HEIGHT="63" CONTENT="this" WC="0.99" CC="0030"/>
						<SP ID="P8_SP00472" HPOS="2080" VPOS="3386" WIDTH="34"/>
						<String ID="P8_ST00561" HPOS="2114" VPOS="3305" WIDTH="305" HEIGHT="61" CONTENT="American" WC="0.99" CC="02075007"/>
						<SP ID="P8_SP00473" HPOS="2419" VPOS="3386" WIDTH="47"/>
						<String ID="P8_ST00562" HPOS="2466" VPOS="3301" WIDTH="153" HEIGHT="81" CONTENT="thing" WC="0.99" CC="00460"/>
						<SP ID="P8_SP00474" HPOS="2619" VPOS="3386" WIDTH="31"/>
						<String ID="P8_ST00563" HPOS="2650" VPOS="3305" WIDTH="37" HEIGHT="61" CONTENT="it" WC="0.44" CC="55"/>
						<SP ID="P8_SP00475" HPOS="2687" VPOS="3386" WIDTH="38"/>
						<String ID="P8_ST00564" HPOS="2725" VPOS="3301" WIDTH="111" HEIGHT="66" CONTENT="will" WC="0.97" CC="8500"/>
						<SP ID="P8_SP00476" HPOS="2836" VPOS="3386" WIDTH="33"/>
						<String ID="P8_ST00565" HPOS="2869" VPOS="3301" WIDTH="73" HEIGHT="64" CONTENT="be" WC="0.64" CC="70"/>
						<SP ID="P8_SP00477" HPOS="2942" VPOS="3386" WIDTH="33"/>
						<String ID="P8_ST00566" HPOS="2975" VPOS="3328" WIDTH="35" HEIGHT="37" CONTENT="a" WC="1.00" CC="0"/>
					</TextLine>
					<TextLine ID="P8_TL00088" HPOS="1625" VPOS="3399" WIDTH="134" HEIGHT="77">
						<String ID="P8_ST00567" HPOS="1625" VPOS="3399" WIDTH="134" HEIGHT="77" CONTENT="pity." WC="0.98" CC="25004"/>
					</TextLine>
					<TextLine ID="P8_TL00089" HPOS="1761" VPOS="3481" WIDTH="1244" HEIGHT="80">
						<String ID="P8_ST00568" HPOS="1761" VPOS="3484" WIDTH="104" HEIGHT="63" CONTENT="Let" WC="0.97" CC="303"/>
						<SP ID="P8_SP00478" HPOS="1865" VPOS="3547" WIDTH="49"/>
						<String ID="P8_ST00569" HPOS="1914" VPOS="3511" WIDTH="62" HEIGHT="36" CONTENT="us" WC="0.84" CC="30"/>
						<SP ID="P8_SP00479" HPOS="1976" VPOS="3547" WIDTH="46"/>
						<String ID="P8_ST00570" HPOS="2022" VPOS="3483" WIDTH="143" HEIGHT="63" CONTENT="have" WC="0.98" CC="7000"/>
						<SP ID="P8_SP00480" HPOS="2165" VPOS="3547" WIDTH="46"/>
						<String ID="P8_ST00571" HPOS="2211" VPOS="3481" WIDTH="93" HEIGHT="80" CONTENT="big" WC="0.95" CC="760"/>
						<SP ID="P8_SP00481" HPOS="2304" VPOS="3561" WIDTH="45"/>
						<String ID="P8_ST00572" HPOS="2349" VPOS="3481" WIDTH="164" HEIGHT="65" CONTENT="barns" WC="0.99" CC="00610"/>
						<SP ID="P8_SP00482" HPOS="2513" VPOS="3561" WIDTH="50"/>
						<String ID="P8_ST00573" HPOS="2563" VPOS="3481" WIDTH="125" HEIGHT="66" CONTENT="well" WC="0.97" CC="0075"/>
						<SP ID="P8_SP00483" HPOS="2688" VPOS="3561" WIDTH="33"/>
						<String ID="P8_ST00574" HPOS="2721" VPOS="3498" WIDTH="253" HEIGHT="48" CONTENT="construc" SUBS_TYPE="HypPart1" SUBS_CONTENT="constructed," WC="1.00" CC="00600002"/>
						<HYP HPOS="2974" VPOS="3498" WIDTH="31" CONTENT="-"/>
					</TextLine>
					<TextLine ID="P8_TL00090" HPOS="1625" VPOS="3572" WIDTH="1382" HEIGHT="82">
						<String ID="P8_ST00575" HPOS="1625" VPOS="3573" WIDTH="115" HEIGHT="75" CONTENT="ted," SUBS_TYPE="HypPart2" SUBS_CONTENT="constructed," WC="0.99" CC="5000"/>
						<SP ID="P8_SP00484" HPOS="1740" VPOS="3648" WIDTH="50"/>
						<String ID="P8_ST00576" HPOS="1790" VPOS="3601" WIDTH="84" HEIGHT="43" CONTENT="or," WC="0.98" CC="032"/>
						<SP ID="P8_SP00485" HPOS="1874" VPOS="3648" WIDTH="22"/>
						<String ID="P8_ST00577" HPOS="1896" VPOS="3573" WIDTH="162" HEIGHT="81" CONTENT="finely" WC="0.99" CC="006050"/>
						<SP ID="P8_SP00486" HPOS="2058" VPOS="3654" WIDTH="46"/>
						<String ID="P8_ST00578" HPOS="2104" VPOS="3572" WIDTH="349" HEIGHT="66" CONTENT="constructed" WC="0.99" CC="00400623600"/>
						<SP ID="P8_SP00487" HPOS="2453" VPOS="3654" WIDTH="31"/>
						<String ID="P8_ST00579" HPOS="2484" VPOS="3573" WIDTH="240" HEIGHT="63" CONTENT="theatres" WC="1.00" CC="17001000"/>
						<SP ID="P8_SP00488" HPOS="2724" VPOS="3654" WIDTH="30"/>
						<String ID="P8_ST00580" HPOS="2754" VPOS="3600" WIDTH="14" HEIGHT="45" CONTENT=";" WC="0.56" CC="4"/>
						<SP ID="P8_SP00489" HPOS="2768" VPOS="3654" WIDTH="45"/>
						<String ID="P8_ST00581" HPOS="2813" VPOS="3572" WIDTH="71" HEIGHT="64" CONTENT="all" WC="0.97" CC="070"/>
						<SP ID="P8_SP00490" HPOS="2884" VPOS="3654" WIDTH="33"/>
						<String ID="P8_ST00582" HPOS="2917" VPOS="3600" WIDTH="90" HEIGHT="38" CONTENT="we" WC="1.00" CC="00"/>
					</TextLine>
					<TextLine ID="P8_TL00091" HPOS="1627" VPOS="3662" WIDTH="1380" HEIGHT="82">
						<String ID="P8_ST00583" HPOS="1627" VPOS="3663" WIDTH="143" HEIGHT="66" CONTENT="need" WC="0.99" CC="4000"/>
						<SP ID="P8_SP00491" HPOS="1770" VPOS="3729" WIDTH="45"/>
						<String ID="P8_ST00584" HPOS="1815" VPOS="3668" WIDTH="43" HEIGHT="60" CONTENT="is" WC="0.76" CC="40"/>
						<SP ID="P8_SP00492" HPOS="1858" VPOS="3729" WIDTH="49"/>
						<String ID="P8_ST00585" HPOS="1907" VPOS="3692" WIDTH="35" HEIGHT="35" CONTENT="a" WC="0.24" CC="7"/>
						<SP ID="P8_SP00493" HPOS="1942" VPOS="3729" WIDTH="44"/>
						<String ID="P8_ST00586" HPOS="1986" VPOS="3663" WIDTH="159" HEIGHT="81" CONTENT="place" WC="1.00" CC="01000"/>
						<SP ID="P8_SP00494" HPOS="2145" VPOS="3744" WIDTH="47"/>
						<String ID="P8_ST00587" HPOS="2192" VPOS="3681" WIDTH="58" HEIGHT="47" CONTENT="to" WC="0.75" CC="50"/>
						<SP ID="P8_SP00495" HPOS="2250" VPOS="3744" WIDTH="47"/>
						<String ID="P8_ST00588" HPOS="2297" VPOS="3680" WIDTH="93" HEIGHT="47" CONTENT="act" WC="0.99" CC="030"/>
						<SP ID="P8_SP00496" HPOS="2390" VPOS="3744" WIDTH="44"/>
						<String ID="P8_ST00589" HPOS="2434" VPOS="3666" WIDTH="56" HEIGHT="61" CONTENT="in" WC="0.32" CC="67"/>
						<SP ID="P8_SP00497" HPOS="2490" VPOS="3744" WIDTH="32"/>
						<String ID="P8_ST00590" HPOS="2522" VPOS="3662" WIDTH="113" HEIGHT="65" CONTENT="and" WC="0.97" CC="070"/>
						<SP ID="P8_SP00498" HPOS="2635" VPOS="3744" WIDTH="47"/>
						<String ID="P8_ST00591" HPOS="2682" VPOS="3691" WIDTH="34" HEIGHT="36" CONTENT="a" WC="1.00" CC="0"/>
						<SP ID="P8_SP00499" HPOS="2716" VPOS="3744" WIDTH="49"/>
						<String ID="P8_ST00592" HPOS="2765" VPOS="3663" WIDTH="208" HEIGHT="65" CONTENT="comfor" SUBS_TYPE="HypPart1" SUBS_CONTENT="comfortable" WC="0.98" CC="130706"/>
						<HYP HPOS="2973" VPOS="3663" WIDTH="34" CONTENT="-"/>
					</TextLine>
					<TextLine ID="P8_TL00092" HPOS="1625" VPOS="3753" WIDTH="698" HEIGHT="83">
						<String ID="P8_ST00593" HPOS="1625" VPOS="3754" WIDTH="152" HEIGHT="65" CONTENT="table" SUBS_TYPE="HypPart2" SUBS_CONTENT="comfortable" WC="0.98" CC="40740"/>
						<SP ID="P8_SP00500" HPOS="1777" VPOS="3819" WIDTH="44"/>
						<String ID="P8_ST00594" HPOS="1821" VPOS="3753" WIDTH="161" HEIGHT="83" CONTENT="place" WC="0.99" CC="05031"/>
						<SP ID="P8_SP00501" HPOS="1982" VPOS="3836" WIDTH="47"/>
						<String ID="P8_ST00595" HPOS="2029" VPOS="3770" WIDTH="59" HEIGHT="47" CONTENT="to" WC="0.74" CC="50"/>
						<SP ID="P8_SP00502" HPOS="2088" VPOS="3836" WIDTH="45"/>
						<String ID="P8_ST00596" HPOS="2133" VPOS="3756" WIDTH="70" HEIGHT="61" CONTENT="sit" WC="0.97" CC="044"/>
						<SP ID="P8_SP00503" HPOS="2203" VPOS="3836" WIDTH="46"/>
						<String ID="P8_ST00597" HPOS="2249" VPOS="3756" WIDTH="74" HEIGHT="61" CONTENT="in." WC="0.98" CC="004"/>
					</TextLine>
					<TextLine ID="P8_TL00093" HPOS="1764" VPOS="3842" WIDTH="1241" HEIGHT="81">
						<String ID="P8_ST00598" HPOS="1764" VPOS="3842" WIDTH="141" HEIGHT="65" CONTENT="And" WC="1.00" CC="000"/>
						<SP ID="P8_SP00504" HPOS="1905" VPOS="3907" WIDTH="47"/>
						<String ID="P8_ST00599" HPOS="1952" VPOS="3842" WIDTH="153" HEIGHT="65" CONTENT="there" WC="0.97" CC="27063"/>
						<SP ID="P8_SP00505" HPOS="2105" VPOS="3907" WIDTH="45"/>
						<String ID="P8_ST00600" HPOS="2150" VPOS="3846" WIDTH="44" HEIGHT="61" CONTENT="is" WC="0.74" CC="50"/>
						<SP ID="P8_SP00506" HPOS="2194" VPOS="3907" WIDTH="46"/>
						<String ID="P8_ST00601" HPOS="2240" VPOS="3842" WIDTH="230" HEIGHT="65" CONTENT="another" WC="0.99" CC="0050015"/>
						<SP ID="P8_SP00507" HPOS="2470" VPOS="3907" WIDTH="44"/>
						<String ID="P8_ST00602" HPOS="2514" VPOS="3842" WIDTH="154" HEIGHT="81" CONTENT="thing" WC="0.97" CC="10169"/>
						<SP ID="P8_SP00508" HPOS="2668" VPOS="3923" WIDTH="34"/>
						<String ID="P8_ST00603" HPOS="2702" VPOS="3860" WIDTH="59" HEIGHT="47" CONTENT="to" WC="0.73" CC="04"/>
						<SP ID="P8_SP00509" HPOS="2761" VPOS="3923" WIDTH="57"/>
						<String ID="P8_ST00604" HPOS="2818" VPOS="3842" WIDTH="187" HEIGHT="74" CONTENT="avoid," WC="0.99" CC="000803"/>
					</TextLine>
					<TextLine ID="P8_TL00094" HPOS="1634" VPOS="3932" WIDTH="1150" HEIGHT="66">
						<String ID="P8_ST00605" HPOS="1634" VPOS="3934" WIDTH="181" HEIGHT="64" CONTENT="....the" WC="0.99" CC="2244600"/>
						<SP ID="P8_SP00510" HPOS="1815" VPOS="3998" WIDTH="44"/>
						<String ID="P8_ST00606" HPOS="1859" VPOS="3932" WIDTH="265" HEIGHT="65" CONTENT="influence" WC="1.00" CC="010000000"/>
						<SP ID="P8_SP00511" HPOS="2124" VPOS="3998" WIDTH="45"/>
						<String ID="P8_ST00607" HPOS="2169" VPOS="3934" WIDTH="60" HEIGHT="63" CONTENT="of" WC="0.38" CC="57"/>
						<SP ID="P8_SP00512" HPOS="2229" VPOS="3998" WIDTH="47"/>
						<String ID="P8_ST00608" HPOS="2276" VPOS="3932" WIDTH="250" HEIGHT="65" CONTENT="German" WC="0.98" CC="403076"/>
						<SP ID="P8_SP00513" HPOS="2526" VPOS="3998" WIDTH="47"/>
						<String ID="P8_ST00609" HPOS="2573" VPOS="3932" WIDTH="211" HEIGHT="65" CONTENT="effects." WC="0.99" CC="06703004"/>
					</TextLine>
				</TextBlock>
				<TextBlock ID="P8_TB00006" HPOS="1631" VPOS="4077" WIDTH="1381" HEIGHT="118" STYLEREFS="TXT_0 PAR_LEFT">
					<TextLine ID="P8_TL00095" HPOS="1752" VPOS="4078" WIDTH="1260" HEIGHT="57">
						<String ID="P8_ST00610" HPOS="1752" VPOS="4082" WIDTH="49" HEIGHT="41" CONTENT="(0" WC="0.11" CC="79"/>
						<SP ID="P8_SP00514" HPOS="1801" VPOS="4123" WIDTH="31"/>
						<String ID="P8_ST00611" HPOS="1832" VPOS="4080" WIDTH="91" HEIGHT="43" CONTENT="The" WC="0.96" CC="073"/>
						<SP ID="P8_SP00515" HPOS="1923" VPOS="4123" WIDTH="30"/>
						<String ID="P8_ST00612" HPOS="1953" VPOS="4078" WIDTH="232" HEIGHT="56" CONTENT="population" WC="0.98" CC="0623356477"/>
						<SP ID="P8_SP00516" HPOS="2185" VPOS="4134" WIDTH="29"/>
						<String ID="P8_ST00613" HPOS="2214" VPOS="4079" WIDTH="136" HEIGHT="55" CONTENT="figures" WC="0.98" CC="2254605"/>
						<SP ID="P8_SP00517" HPOS="2350" VPOS="4134" WIDTH="30"/>
						<String ID="P8_ST00614" HPOS="2380" VPOS="4097" WIDTH="66" HEIGHT="26" CONTENT="are" WC="0.97" CC="420"/>
						<SP ID="P8_SP00518" HPOS="2446" VPOS="4134" WIDTH="32"/>
						<String ID="P8_ST00615" HPOS="2478" VPOS="4080" WIDTH="118" HEIGHT="43" CONTENT="taken" WC="0.97" CC="33718"/>
						<SP ID="P8_SP00519" HPOS="2596" VPOS="4134" WIDTH="30"/>
						<String ID="P8_ST00616" HPOS="2626" VPOS="4080" WIDTH="102" HEIGHT="43" CONTENT="from" WC="0.95" CC="7556"/>
						<SP ID="P8_SP00520" HPOS="2728" VPOS="4134" WIDTH="36"/>
						<String ID="P8_ST00617" HPOS="2764" VPOS="4079" WIDTH="129" HEIGHT="44" CONTENT="books" WC="0.96" CC="85747"/>
						<SP ID="P8_SP00521" HPOS="2893" VPOS="4134" WIDTH="46"/>
						<String ID="P8_ST00618" HPOS="2939" VPOS="4096" WIDTH="49" HEIGHT="39" CONTENT="pu" SUBS_TYPE="HypPart1" SUBS_CONTENT="published" WC="0.99" CC="00"/>
						<HYP HPOS="2988" VPOS="4096" WIDTH="24" CONTENT="-"/>
					</TextLine>
					<TextLine ID="P8_TL00096" HPOS="1633" VPOS="4139" WIDTH="1197" HEIGHT="56">
						<String ID="P8_ST00619" HPOS="1633" VPOS="4141" WIDTH="154" HEIGHT="44" CONTENT="blished" SUBS_TYPE="HypPart2" SUBS_CONTENT="published" WC="0.97" CC="6474707"/>
						<SP ID="P8_SP00522" HPOS="1787" VPOS="4185" WIDTH="31"/>
						<String ID="P8_ST00620" HPOS="1818" VPOS="4140" WIDTH="121" HEIGHT="44" CONTENT="about" WC="0.97" CC="46019"/>
						<SP ID="P8_SP00523" HPOS="1939" VPOS="4185" WIDTH="32"/>
						<String ID="P8_ST00621" HPOS="1971" VPOS="4140" WIDTH="66" HEIGHT="44" CONTENT="the" WC="0.92" CC="777"/>
						<SP ID="P8_SP00524" HPOS="2037" VPOS="4185" WIDTH="32"/>
						<String ID="P8_ST00622" HPOS="2069" VPOS="4141" WIDTH="92" HEIGHT="43" CONTENT="time" WC="0.97" CC="0590"/>
						<SP ID="P8_SP00525" HPOS="2161" VPOS="4185" WIDTH="30"/>
						<String ID="P8_ST00623" HPOS="2191" VPOS="4139" WIDTH="67" HEIGHT="45" CONTENT="the" WC="0.97" CC="007"/>
						<SP ID="P8_SP00526" HPOS="2258" VPOS="4185" WIDTH="32"/>
						<String ID="P8_ST00624" HPOS="2290" VPOS="4139" WIDTH="194" HEIGHT="56" CONTENT="buildings" WC="0.98" CC="662493844"/>
						<SP ID="P8_SP00527" HPOS="2484" VPOS="4195" WIDTH="33"/>
						<String ID="P8_ST00625" HPOS="2517" VPOS="4158" WIDTH="107" HEIGHT="27" CONTENT="were" WC="0.94" CC="5686"/>
						<SP ID="P8_SP00528" HPOS="2624" VPOS="4195" WIDTH="31"/>
						<String ID="P8_ST00626" HPOS="2655" VPOS="4141" WIDTH="175" HEIGHT="45" CONTENT="erected." WC="0.98" CC="06055092"/>
					</TextLine>
				</TextBlock>
			</PrintSpace>
		</Page>
	</Layout>
</alto>
