2740 3954
2628 3822 36 46 4

948 369 844 97 Music=Halls

231 785 90 49 Les
350 785 409 65 Folies-Bergères
793 787 261 63 hébergent
1080 803 59 28 en
1167 802 53 29 ce
1239 794 219 37 moment
1484 783 123 45 deux
1635 780 229 64 prodiges.
1889 779 129 48 L'un
2046 793 67 35 est
2141 781 40 47 le
2203 783 227 63 jongleur
2458 783 193 48 Salerno

82 872 79 59 qui
203 873 147 60 paraît
377 873 165 62 guider
569 872 64 48 les
660 873 149 65 objets
834 873 116 46 dans
975 872 199 62 l'espace
1214 887 80 44 par
1322 870 78 46 des
1425 869 191 46 effluves
1644 864 191 47 émanés
1861 865 58 46 de
1947 877 130 35 toute
2104 883 47 31 sa
2183 884 246 45 personne,
2458 886 57 29 en
2545 869 110 46 telle

81 968 124 33 sorte
233 973 93 43 que
353 973 105 31 sans
496 955 269 61 hésitation,
809 955 113 49 d'un
952 966 313 35 mouvement
1292 952 149 63 précis
1466 963 49 34 et
1541 948 256 61 moelleux,
1825 959 124 36 cette
1977 949 159 47 feuille
2164 952 56 45 de
2250 954 158 60 papier
2443 953 123 65 jetée
2594 971 60 29 en

83 1038 102 50 l'air
212 1043 214 46 retombe
454 1060 60 29 en
543 1041 297 63 l'enveloppe
867 1041 25 47 à
920 1042 138 61 peine
1085 1051 211 48 ouverte,
1325 1056 61 28 ou
1413 1048 127 34 cette
1571 1033 135 48 boule
1734 1034 173 45 vienne
1934 1051 47 29 se
2009 1051 131 44 poser
2179 1053 189 29 comme
2397 1054 65 30 un
2498 1039 157 46 oiseau

83 1142 78 31 sur
189 1126 43 45 la
257 1126 206 47 colonne
491 1128 57 45 de
575 1143 175 45 queues
777 1126 56 47 de
862 1124 180 60 billard,
1070 1124 80 61 qui
1193 1141 26 28 a
1258 1140 84 29 son
1371 1122 128 44 front
1541 1136 119 44 pour
1698 1119 119 45 base.
1849 1117 195 48 L'autre
2072 1118 275 50 intéressera
2372 1121 103 62 plus
2513 1122 119 61 parti-

83 1209 315 49 culièrement
444 1211 64 47 les
548 1212 258 46 musiciens
834 1227 10 29 :
892 1207 117 48 c'est
1050 1225 66 29 un
1144 1207 165 46 enfant
1336 1206 77 61 qui
1456 1206 113 63 joue
1599 1203 62 46 du
1706 1202 290 63 xylophone.
2039 1202 94 48 Son
2179 1221 114 28 nom
2330 1206 325 62 cosmopolite,

83 1293 122 49 little
235 1295 229 60 Roberto,
492 1312 150 28 avoue
668 1295 205 45 maintes
900 1291 221 48 tournées
1148 1289 118 65 déjà,
1294 1302 48 34 et
1367 1306 63 29 on
1460 1305 57 29 ne
1558 1287 65 47 lui
1652 1287 251 46 donnerait
1941 1286 144 63 guère
2124 1287 103 61 plus
2253 1286 144 48 d'une
2424 1289 234 49 douzaine

85 1377 240 51 d'années.
372 1378 38 49 Il
454 1380 146 62 prend
647 1378 131 63 place
804 1395 105 30 sans
953 1377 136 64 grâce
1117 1376 174 46 devant
1317 1391 85 29 son
1439 1375 289 45 instrument
1755 1373 80 61 qui
1877 1390 26 28 a
1944 1371 43 47 la
2027 1372 151 46 forme
2207 1371 114 47 d'un
2362 1373 254 64 cymbalon
2642 1397 13 38 ;

86 1466 117 46 mais
245 1482 92 30 aux
383 1466 225 60 premiers
647 1480 108 30 sons
782 1463 57 46 de
880 1461 289 61 l'orchestre,
1216 1477 65 28 un
1320 1460 176 47 sourire
1525 1458 165 46 timide
1729 1456 169 47 éclaire
1943 1474 48 29 sa
2029 1457 100 46 face
2169 1456 184 48 écrasée
2381 1460 54 44 de
2479 1458 179 49 lutteur

87 1549 169 48 forain.
299 1549 40 47 Il
379 1566 47 30 se
470 1549 200 62 penche,
699 1547 188 47 brandit
913 1562 68 31 ses
1023 1546 259 62 baguettes,
1312 1555 47 34 et
1395 1560 78 29 sur
1513 1542 291 47 l'ouverture
1832 1541 56 46 de
1931 1540 258 48 Guillaume
2222 1540 103 48 Tell
2358 1542 198 48 exécute
2595 1543 65 49 les

86 1635 103 62 plus
235 1634 238 48 brillantes
517 1632 254 65 gambades
797 1653 12 38 ;
857 1631 63 47 les
962 1648 108 30 sons
1113 1629 293 62 s'allument,
1451 1627 219 62 pétillent
1710 1644 191 29 comme
1948 1627 79 46 des
2071 1626 243 48 étincelles
2364 1627 295 65 électriques,

85 1717 330 50 s'enchaînent
456 1736 57 28 en
561 1717 135 65 longs
735 1716 207 64 arpèges,
971 1715 325 48 rebondissent
1323 1731 60 30 en
1411 1714 144 45 trilles
1582 1724 46 35 et
1654 1729 60 29 en
1757 1712 219 46 batteries
2010 1711 57 47 de
2107 1712 141 46 haute
2284 1711 272 62 fréquence,
2583 1730 77 31 sur

87 1823 65 29 un
182 1816 312 35 mouvement
520 1804 80 62 qui
646 1801 249 49 s'accélère
922 1799 370 64 régulièrement
1319 1809 46 35 et
1392 1815 191 29 comme
1611 1814 65 30 un
1719 1797 94 46 bon
1854 1808 188 34 moteur
2079 1795 243 48 s'emballe
2361 1814 104 29 sans
2502 1815 160 29 aucun

86 1886 114 50 raté.
233 1886 317 63 L'orchestre,
577 1904 92 45 que
716 1886 107 46 bien
852 1885 79 46 des
975 1883 220 60 théâtres,
1234 1883 25 47 à
1305 1881 127 47 Paris
1478 1881 175 60 même,
1700 1881 274 61 pourraient
2015 1881 161 45 envier
2217 1879 23 48 à
2279 1896 54 31 ce
2371 1879 289 62 music-hall,

86 1989 324 47 accompagne
438 1973 114 47 dans
593 1989 95 28 une
726 1969 207 48 sonorité
960 1969 151 47 douce
1140 1968 117 47 dont
1298 1968 64 47 les
1402 1983 226 44 nuances,
1670 1965 97 47 loin
1808 1963 147 49 d'être
1995 1977 261 49 couvertes,
2297 1963 267 49 s'éclairent
2602 1983 60 29 au

87 2059 132 46 reflet
246 2059 58 46 de
348 2074 76 31 ces
467 2058 130 46 traits
624 2057 55 45 de
725 2055 79 47 feu
833 2070 10 32 :
890 2054 112 47 telle
1046 2065 67 35 est
1158 2053 43 47 la
1229 2064 135 34 vertu
1402 2053 80 45 des
1526 2053 311 45 instruments
1875 2049 27 47 à
1939 2050 287 61 percussion,
2265 2067 92 45 que
2396 2049 126 47 leurs
2557 2067 108 30 sons

89 2156 208 49 peuvent
322 2161 48 29 se
398 2144 284 60 rapprocher
708 2139 336 48 indéfiniment
1070 2157 104 29 sans
1200 2156 47 29 se
1273 2138 252 62 rejoindre,
1548 2149 45 35 et
1615 2153 191 31 comme
1833 2153 96 29 une
1953 2147 148 34 trame
2124 2147 324 49 transparente
2477 2134 187 48 laissent

89 2246 149 44 passer
276 2228 68 47 les
370 2229 253 45 vibrations
661 2225 66 49 les
765 2224 103 64 plus
892 2223 207 48 subtiles.
1131 2223 94 47 Les
1252 2222 218 62 Chinois,
1498 2220 65 47 les
1591 2219 371 65 Cambodgiens,
1992 2218 64 48 les
2098 2219 236 62 Javanais,
2364 2218 235 48 excellent
2639 2218 26 47 à

87 2314 311 47 entrecroiser
425 2330 75 29 ces
527 2312 148 63 lignes
713 2309 266 64 pointillées
1004 2309 78 61 qui
1112 2326 60 28 ne
1198 2309 211 60 risquent
1431 2307 166 63 jamais
1624 2304 359 62 l'empâtement
2009 2326 12 37 ;
2062 2303 102 47 leur
2190 2304 237 46 orchestre
2468 2304 168 61 impres-

87 2399 228 47 sionniste
355 2416 27 28 a
425 2415 117 44 pour
569 2408 237 35 armature
851 2394 41 47 le
934 2394 169 47 chœur
1143 2393 78 46 des
1262 2391 204 60 cloches,
1496 2391 80 47 des
1614 2407 165 47 gongs,
1821 2389 79 46 des
1940 2389 261 60 tambours,
2241 2388 79 46 des
2363 2388 187 61 pierres,
2587 2388 78 47 des

90 2483 197 48 métaux
327 2495 47 34 et
401 2483 80 46 des
522 2482 97 47 bois
657 2497 194 31 sonores
877 2502 12 36 ;
934 2477 116 49 c'est
1092 2477 233 62 pourquoi
1367 2476 125 47 leurs
1531 2473 184 48 oreilles
1755 2486 108 34 sont
1891 2471 193 48 d'abord
2127 2490 91 44 peu
2258 2471 180 48 flattées
2477 2490 82 44 par
2599 2471 66 48 les

89 2567 241 48 filaments
356 2567 357 61 macaroniques
739 2566 77 62 qui
858 2562 215 50 s'étirent
1101 2562 56 47 de
1186 2578 84 30 nos
1296 2559 198 63 violons,
1524 2576 78 46 par
1644 2558 43 46 la
1731 2556 190 48 bouillie
1955 2557 320 47 bitumineuse
2303 2557 58 46 de
2390 2573 82 31 nos
2500 2557 164 60 basses,

90 2672 63 30 ou
179 2653 67 47 les
273 2652 195 62 épaisses
494 2650 349 48 éclaboussures
870 2650 55 45 de
955 2666 85 29 nos
1065 2648 198 47 cuivres.

236 2737 71 48 Ce
348 2749 108 35 sont
496 2735 59 61 là,
584 2735 343 58 évidemment,
956 2733 77 46 des
1074 2747 262 32 ressources
1362 2730 116 47 dont
1519 2745 119 30 nous
1666 2745 58 29 ne
1765 2742 212 46 pouvons
2002 2742 121 31 nous
2150 2742 166 45 passer.
2348 2725 128 47 Mais
2503 2725 164 62 depuis

90 2824 273 63 longtemps
388 2839 87 29 nos
499 2821 256 47 musiciens
781 2830 189 37 sentent
1009 2817 42 47 le
1092 2819 160 45 besoin
1280 2816 56 46 de
1376 2815 216 62 prévenir
1632 2811 409 65 l'agglomération
2068 2811 80 47 des
2173 2827 108 31 sons
2307 2827 10 31 :
2352 2810 66 47 les
2443 2810 220 62 pizzicati

91 2910 81 47 des
199 2909 310 45 instruments
534 2905 27 48 à
586 2905 178 61 cordes,
793 2904 65 48 les
887 2905 287 46 battements
1201 2902 79 46 des
1306 2899 232 62 timbales,
1568 2897 64 49 les
1658 2897 333 64 égrénements
2016 2896 56 46 de
2100 2895 43 47 la
2185 2896 159 60 harpe,
2373 2895 43 45 le
2444 2893 194 49 martèle-

91 3005 137 36 ment
255 2993 65 45 du
363 2993 152 59 piano,
546 2989 137 48 n'ont
725 3006 77 45 pas
829 2987 183 49 d'autre
1052 2987 144 65 objet.
1229 2985 69 47 Le
1324 2984 275 66 xylophone
1634 3000 26 28 a
1686 2980 75 48 été
1788 2979 219 66 employé
2035 2977 193 49 d'abord
2270 2995 118 46 pour
2416 2979 79 47 des
2532 2976 135 50 effets

92 3076 278 64 descriptifs,
400 3092 191 30 comme
619 3075 113 46 dans
759 3073 43 48 la
1578 3074 156 46 Danse
1941 3071 201 47 macabre
1235 3070 56 47 de
1320 3067 301 50 Saint-Saëns
1648 3065 62 47 où
1738 3065 29 46 il
1797 3066 130 45 imite
1955 3064 42 45 le
2020 3064 217 62 cliquetis
2264 3064 79 45 des
2368 3074 259 35 ossements
2649 3084 14 38 ;

94 3165 116 47 mais
237 3163 114 47 c'est
378 3178 103 30 sans
506 3178 188 29 aucune
732 3159 200 48 allusion
985 3159 56 46 de
1080 3174 54 29 ce
1178 3173 145 47 genre
1364 3166 48 35 et
1451 3151 267 49 seulement
1760 3166 117 46 pour
1919 3149 40 47 le
2001 3150 192 46 charme
2222 3149 56 45 de
2320 3165 48 29 sa
2409 3147 255 47 résonance

90 3250 216 57 confuse,
348 3244 114 65 qu'il
509 3245 272 61 intervient,
821 3262 80 44 par
938 3241 236 64 exemple,
1215 3241 114 45 dans
1372 3239 45 46 la
1461 3239 107 46 nuit
1613 3234 280 49 embaumée
2199 3233 88 47 Par
2333 3231 231 61 malheur,
2602 3233 65 47 les

91 3334 304 66 xylophones
421 3329 242 62 d'Europe
689 3342 107 34 sont
824 3330 256 46 construits
1106 3343 115 31 avec
1251 3324 78 47 des
1357 3324 98 46 bois
1482 3337 103 47 trop
1614 3338 137 29 mous
1775 3330 47 36 et
1861 3318 93 48 mal
1999 3318 213 63 prépares
2237 3334 11 31 :
2292 3316 43 47 le
2375 3334 85 29 son
2496 3329 68 34 est
2589 3334 76 29 sec

87 3433 50 36 et
163 3431 116 35 mat.
309 3414 141 51 Celui
481 3414 63 47 du
565 3414 146 64 jeune
732 3415 205 45 virtuose
965 3431 61 29 ne
1054 3413 82 46 fait
1164 3427 78 46 pas
1267 3408 269 61 exception.
1562 3405 178 49 L'Asie
1761 3422 26 29 a
1808 3403 41 47 le
1875 3415 150 36 secret
2047 3403 56 45 de
2131 3419 75 29 ces
2232 3400 148 48 lames
2400 3401 265 46 résistantes

91 3506 80 62 qui
200 3503 188 46 vibrent
410 3516 192 30 comme
627 3497 42 47 le
697 3497 170 48 cristal.
896 3495 88 50 On
1011 3513 47 31 se
1084 3495 220 47 souvient
1331 3490 237 64 peut-être
1596 3488 149 65 qu'un
1773 3487 274 64 xylophone
2072 3504 27 28 a
2124 3484 151 65 figuré
2302 3502 112 30 avec
2442 3485 221 46 honneur

92 3591 117 45 dans
250 3605 67 29 un
363 3596 195 35 concert
604 3583 55 46 de
703 3583 45 46 la
791 3581 185 49 Société
1021 3579 226 50 musicale
1292 3575 368 63 indépendante.
1705 3573 41 48 Il
1788 3573 100 46 faut
1938 3573 148 46 croire
2137 3588 90 45 que
2279 3587 85 30 nos
2414 3569 253 47 fabricants

94 3673 365 48 d'instruments
487 3667 229 47 n'étaient
744 3683 80 45 pas
849 3667 115 46 dans
990 3666 43 47 la
1058 3664 113 49 salle
1197 3680 54 30 ce
1277 3661 175 48 soir-là.
