2740 3954
1122 255 122 67 LE
1313 252 245 70 MOIS

2524 275 99 69 47

210 402 326 60 Aujourd'hui
589 404 202 47 certains
840 420 47 29 se
939 401 248 65 plaignent
1247 402 57 46 de
1352 419 85 29 son
1489 412 160 35 retour
1700 411 103 48 trop
1868 397 232 62 fréquent.
2165 400 38 47 Il
2267 400 148 62 paraît
2476 401 158 46 même

64 505 93 46 que
184 489 226 62 quelques
430 489 168 63 jeunes
625 487 262 63 éprouvent
914 486 25 48 à
965 505 84 29 son
1078 486 140 65 égard
1246 504 94 29 une
1367 484 111 48 telle
1505 485 212 47 aversion
1747 499 90 45 que
1863 499 84 29 son
1975 482 252 50 exécution
2255 485 101 47 leur
2382 503 136 29 cause
2540 503 95 29 une

67 572 227 49 véritable
321 571 281 50 souffrance.

213 658 88 47 Par
346 670 165 35 contre
555 656 53 47 ils
650 656 216 47 auraient
908 654 164 48 décidé
1117 654 256 47 d'adresser
1416 652 78 46 des
1539 651 325 61 témoignages
1908 649 336 50 d'affectueuse
2288 652 285 47 admiration
2611 651 26 48 à

68 741 62 49 M
137 745 14 20 r
186 734 25 72 S
237 734 25 72 1
288 734 127 72 Saëns
456 743 97 63 qui,
583 741 82 61 lui,
705 758 58 29 ne
807 740 65 47 les
918 753 113 49 peut
1075 738 202 60 souffrir,
1305 750 47 35 et
1393 736 265 47 entendent
1684 750 113 31 avec
1822 734 179 47 émotion
2124 738 248 62 (pourquoi
2419 754 52 31 ce
2517 749 118 47 mot,

67 844 61 29 en
157 839 125 34 cette
310 828 237 59 occasion,
576 825 206 62 prend-il
810 842 262 44 apparence
1101 824 56 46 de
1185 823 232 61 paradoxe
1444 820 86 64 ?...)
1653 835 47 30 sa
1724 819 286 62 symphonie
2037 837 58 29 en
2124 833 54 34 ut
2204 821 204 46 mineur.

212 910 90 65 j'ai
346 913 139 61 peine
527 910 24 47 à
595 910 150 47 croire
786 909 268 61 cependant
1080 906 138 63 qu'ils
1262 924 60 28 en
1366 906 181 45 aiment
1591 922 60 28 au
1696 901 159 46 même
1901 903 107 45 titre
2052 903 293 64 l'ingénieux
2390 917 46 34 et
2476 906 161 46 vivant

71 999 202 60 premier
301 1013 223 31 morceau
552 1009 46 33 et
638 995 42 46 le
707 1007 285 49 somptueux
1031 992 156 60 finale,
1216 1009 63 28 ou
1314 990 42 47 le
1392 988 395 48 mendelsohnien
1825 988 197 45 scherzo
2048 999 46 34 et
2133 988 43 47 la
2267 989 119 47 belle
2425 992 162 59 phrase

68 1082 56 45 de
152 1080 217 64 l'adagio.

214 1167 170 54 Quant
425 1183 60 28 au
528 1163 174 62 public,
744 1179 117 44 pour
901 1162 64 45 lui
1008 1178 159 29 aucun
1195 1160 143 45 doute
1381 1176 60 28 ne
1468 1158 211 46 subsiste.
1709 1154 38 47 Il
1778 1155 127 46 vibre
1931 1155 26 46 à
1985 1168 122 48 tout,
2137 1157 267 47 acclamant
2443 1176 111 29 avec
2597 1158 42 47 la

70 1251 158 47 même
270 1249 200 47 frénésie
517 1248 203 58 Franck,
763 1246 61 47 M
829 1249 15 19 r
872 1244 315 59 Saint-Saëns,
1226 1242 46 48 la
1296 1240 141 49 scène
1464 1240 65 47 du
1559 1239 210 50 Vaisseau
1793 1239 206 65 fantôme
2035 1239 202 47 chantée
2279 1258 112 29 avec
2418 1243 100 44 soin
2559 1259 80 44 par

72 1336 76 47 M.
179 1336 188 58 Albers,
396 1352 61 28 ou
484 1351 66 28 un
576 1333 68 45 air
671 1332 55 46 de
757 1329 180 64 Grétry
966 1328 116 47 dont
1108 1327 65 47 les
1201 1326 180 63 paroles
1407 1323 349 50 consolantes...
1787 1341 118 44 pour
1943 1323 66 47 les
2035 1324 139 46 vieux
2203 1327 243 44 messieurs
2474 1343 58 30 ne
2571 1326 66 47 lui

67 1421 251 46 arrachent
346 1418 158 46 même
533 1433 78 45 pas
637 1433 64 30 un
729 1414 177 49 sourire
936 1430 9 30 :

858 1539 134 61 Non,
1019 1554 54 29 ce
1102 1535 121 47 n'est
1251 1535 134 62 point
1412 1552 95 29 une
1538 1533 227 61 chimère,

856 1623 57 62 Je
939 1638 105 30 sens
1072 1637 114 29 mon
1215 1620 131 45 front
1371 1618 301 62 sexagénaire

856 1705 162 49 Encor
1047 1704 190 48 brûlant
1263 1704 57 46 de
1347 1721 84 29 son
1461 1703 160 47 baiser.

216 1842 78 49 De
322 1840 156 47 même
519 1839 29 45 il
588 1836 244 64 applaudit
857 1854 60 29 au
943 1835 176 47 second
1146 1846 196 35 concert
1378 1832 44 47 la
1446 1832 286 65 symphonie
1760 1831 56 47 de
1845 1830 61 47 M
1911 1834 10 19 l
1922 1830 4 70 '
1953 1830 184 48 Dukas.
2168 1830 63 47 Et
2259 1848 52 27 ce
2352 1830 72 45 fut
2457 1831 186 63 justice,

71 1945 192 31 comme
289 1944 62 29 on
381 1926 67 46 dit
475 1925 114 46 dans
627 1922 65 47 les
730 1922 216 61 requêtes
983 1920 25 47 à
1047 1917 66 49 fin
1143 1919 56 45 de
1225 1917 220 61 révision,
1475 1919 106 45 bien
1610 1916 116 64 qu'il
1766 1916 83 65 n'y
1875 1917 65 46 ait
1968 1916 114 47 dans
2123 1915 42 47 le
2192 1933 76 29 cas
2292 1914 156 48 actuel
2486 1931 158 31 aucun

72 2016 245 56 jugement
345 2011 24 46 à
396 2010 244 46 réformer.
669 2006 79 47 M.
778 2005 170 48 Dukas
985 2023 59 28 en
1073 2002 128 63 effet,
1229 2002 218 63 exemple
1487 2019 197 46 presque
1723 2002 178 63 unique
1929 2001 114 47 dans
2081 1999 226 48 l'histoire
2336 2000 55 46 de
2429 1999 121 62 l'art,
2578 2010 70 36 est

71 2117 67 29 un
183 2096 146 56 çrand
369 2095 230 46 musicien
637 2093 80 62 qui
760 2091 73 46 fut
884 2107 195 45 presque
1126 2088 418 47 immédiatement
1588 2104 218 29 reconnu
1850 2103 119 44 pour
2014 2085 80 47 tel.
2150 2084 142 48 Cette
2344 2085 300 63 symphonie,

72 2183 197 48 d'allure
297 2180 169 64 parfois
495 2176 424 50 Beethovénienne
946 2175 25 47 à
998 2192 115 29 mon
1140 2175 97 46 avis
1254 2173 60 63 (le
1345 2171 161 49 thème
1534 2173 63 45 du
1624 2170 141 48 finale
1795 2189 59 28 ne
1883 2188 116 30 vous
2024 2170 130 47 a-t-il
2176 2170 167 65 jamais
2369 2170 83 47 fait
2477 2187 169 45 songer

71 2268 26 47 à
124 2268 288 47 l'ouverture
440 2264 58 46 de
525 2262 220 48 Léonore
773 2279 61 28 ou
861 2278 59 29 au
947 2272 227 35 concerto
1201 2275 59 30 en
1303 2258 64 45 mi
1399 2255 156 48 bémol
1583 2256 33 63 r)
1643 2255 220 48 s'affirme
1903 2268 106 34 tout
2037 2254 209 61 d'abord,
2274 2270 104 31 sans
2405 2253 114 63 qu'il
2557 2254 89 47 soit

72 2353 160 47 besoin
261 2348 256 65 d'analyse,
543 2347 286 47 solidement
856 2344 278 60 construite,
1163 2359 113 31 avec
1303 2353 124 36 cette
1455 2339 155 48 sûreté
1637 2340 57 46 de
1729 2340 153 46 forme
1925 2357 80 44 par
2032 2339 62 46 où
2121 2356 45 29 se
2193 2339 352 46 reconnaissent
2583 2336 65 47 les

71 2452 188 32 œuvres
299 2432 230 48 durables.
578 2430 106 49 Elle
727 2429 121 47 n'est
890 2447 77 44 pas
1007 2428 235 65 cyclique,
1271 2439 48 33 et
1360 2425 269 63 cependant
1672 2442 85 29 son
1798 2423 119 65 style
1961 2423 63 47 lui
2071 2423 191 47 confère
2303 2441 66 29 un
2413 2422 233 48 caractère

73 2518 187 50 d'unité
285 2519 82 63 qui
406 2517 58 47 lie
494 2516 306 47 étroitement
835 2513 65 47 les
925 2531 89 29 uns
1040 2531 93 29 aux
1159 2524 156 35 autres
1341 2528 68 29 ses
1436 2512 112 44 trois
1576 2526 273 43 morceaux,
1877 2524 105 31 sans
2009 2526 89 44 que
2126 2507 219 62 l'épisode
2373 2507 250 47 délicieuse-

75 2617 135 34 ment
237 2601 292 67 mystérieux
556 2613 47 33 et
630 2616 190 30 comme
847 2598 199 47 lointain
1074 2598 64 46 du
1166 2596 172 47 second
1367 2612 60 29 en
1456 2611 164 43 rompe
1648 2593 41 46 le
1717 2590 66 50 fil.

219 2688 154 62 Après
400 2698 122 35 cette
550 2702 162 29 œuvre
741 2683 102 65 déjà
870 2683 169 47 classée
1068 2683 143 46 d'une
1240 2679 210 49 manière
1478 2678 258 61 définitive,
1765 2690 47 34 et
1840 2678 108 46 hors
1975 2677 54 46 de
2068 2677 44 46 la
2150 2674 160 64 portée
2339 2676 79 47 des
2443 2676 206 61 caprices

76 2776 65 46 du
169 2773 130 61 coût,
329 2789 119 29 nous
473 2787 144 31 avons
642 2770 216 45 entendu
885 2786 60 28 en
972 2767 230 62 première
1229 2766 215 47 audition
1473 2766 54 44 les
1554 2763 165 62 Djinns
1747 2762 56 47 de
1831 2761 77 47 M.
1939 2762 62 46 A.
2033 2759 169 63 Philip.

221 2857 120 47 Bien
371 2852 114 65 qu'il
513 2855 63 44 ait
604 2855 89 44 mis
720 2871 58 28 en
807 2853 215 61 musique
1051 2864 104 34 tout
1182 2850 43 47 le
1252 2848 185 49 célèbre
1464 2847 168 62 poème
1662 2847 55 44 de
1747 2846 169 45 Victor
1947 2844 162 64 Hugo,
2138 2843 78 47 M.
2248 2842 155 62 Philip
2430 2860 60 29 ne
2518 2842 64 47 lui
2621 2860 27 29 a

77 2942 145 56 2;uère
249 2937 254 64 emprunté
531 2955 87 44 que
658 2937 41 47 le
741 2937 107 62 plan
877 2937 56 46 de
960 2954 84 29 son
1073 2952 225 30 morceau
1326 2951 8 31 :
1378 2950 66 30 un
1731 2931 118 46 suivi
1878 2928 116 47 d'un
2354 2927 132 48 C'est
2524 2926 122 48 celui

77 3029 80 47 des
203 3025 214 63 préludes
463 3024 55 45 de
1084 3021 252 63 Lohengrin
868 3034 47 35 et
961 3022 56 46 de
2080 3020 204 47 Tristan.
1322 3018 92 47 Les
1465 3018 174 46 formes
1691 3015 267 62 identiques
2006 3013 299 63 engendrent
2356 3012 170 62 parfois
2570 3012 78 46 des

77 3112 243 63 musiques
348 3110 106 46 bien
485 3106 268 48 différentes
782 3105 9 49 !

223 3194 79 48 De
341 3192 304 61 l'expression
674 3204 46 34 et
746 3192 64 46 du
837 3192 191 64 rythme
1055 3190 79 47 des
1160 3205 102 31 vers
1300 3187 29 46 il
1369 3205 26 29 a
1433 3184 190 49 montré
1660 3201 90 45 peu
1778 3185 56 46 de
1860 3184 148 59 souci,
2037 3194 45 34 et
2108 3181 176 48 semble
2311 3180 138 47 s'être
2477 3181 172 61 inspire

78 3283 58 45 de
175 3298 53 29 ce
270 3279 170 62 poème
487 3294 117 44 pour
649 3294 59 28 en
749 3294 245 43 composer
1040 3293 66 29 un
1152 3288 148 47 autre,
1329 3274 79 61 qui
1446 3284 68 34 est
1540 3288 59 29 en
1628 3269 160 48 réalité
1823 3286 66 30 un
1917 3267 168 64 poème
2112 3267 365 64 symphonique.
2507 3266 141 46 Aussi

78 3363 244 49 traite-t-il
362 3361 44 47 la
431 3361 108 46 voix
565 3377 104 29 sans
707 3360 170 62 grands
904 3360 176 64 égards,
1110 3358 216 48 oubliant
1347 3356 56 46 de
1447 3355 41 46 la
1533 3352 218 65 protéger
1793 3366 165 33 contre
2002 3351 65 47 les
2094 3351 232 47 clameurs
2353 3350 79 46 des
2476 3350 149 46 instru-

80 3462 174 48 ments,
283 3464 62 31 ou
372 3446 66 46 lui
467 3446 236 60 imposant
729 3462 111 29 avec
870 3463 92 28 une
990 3445 367 47 déconcertante
1385 3439 267 65 régularité,
1681 3438 26 47 à
1726 3439 43 46 la
1794 3436 66 49 fin
1888 3450 47 35 et
1961 3438 118 47 aussi
2107 3454 59 29 au
2194 3435 163 47 milieu
2385 3435 54 46 de
2467 3435 183 62 chaque

77 3533 208 61 strophe,
316 3532 56 45 de
400 3529 134 63 longs
561 3540 47 35 et
635 3529 170 61 parfois
832 3528 336 63 inexplicables
1193 3526 213 49 silences.

226 3615 95 49 Ces
364 3615 222 61 critiques
631 3613 56 47 de
732 3614 315 61 composition
1098 3610 249 50 accordées
1397 3608 25 48 à
1468 3626 77 29 ma
1588 3609 296 58 conscience,
1926 3604 80 66 j'ai
2055 3605 153 61 plaisir
2251 3604 26 47 à
2316 3615 235 36 constater
2590 3619 60 29 en

82 3702 80 48 M.
194 3699 155 62 Philip
378 3717 65 30 un
472 3699 233 46 musicien
735 3698 107 46 bien
870 3698 139 61 doué,
1039 3698 77 62 qui
1158 3714 60 30 ne
1260 3693 147 65 paraît
1433 3711 78 44 pas
1538 3693 243 61 chercher,
1808 3689 95 50 afin
1931 3690 57 47 de
2015 3707 47 30 se
2090 3689 130 47 créer
2246 3706 96 30 une
2368 3685 282 66 originalité,
