2250 3700
113 148 76 48 284

780 157 52 25 LE
865 156 148 25 CHANT
1048 155 113 26 DANS
1196 155 77 27 LES
1306 147 183 34 ÉGLISES

179 265 19 26 ((
237 251 343 48 Mendelssohn,
605 264 71 39 op.
720 262 36 39 5.
797 247 228 56 Capriccio
1033 282 9 18 ,
1066 262 73 39 op.
1168 263 62 36 14,
1258 262 72 39 op.
1354 261 64 39 54.

181 335 19 26 ((
226 320 326 43 Mendelssohn
567 322 106 38 était
697 333 86 27 une
802 322 98 37 âme
924 317 149 42 noble.
1111 317 205 42 Délaissé
1340 317 307 54 aujourd'hui,
1671 317 29 40 il
1722 319 189 44 revivra,
1933 330 113 28 vous
2059 330 71 27 ver-

125 405 88 37 rez,
236 400 41 32 et
313 392 120 39 vivra
460 389 101 53 plus
578 389 258 51 longtemps
860 400 86 40 que
969 401 108 27 ceux
1101 401 85 39 que
1211 387 89 41 l'on
1326 388 195 40 acclame
1548 386 308 53 aujourd'hui.
1884 385 64 42 Le
1969 386 182 42 scherzo

122 461 58 40 du
204 460 151 53 Songe
383 468 66 32 est
470 473 60 26 un
553 458 79 41 des
655 456 349 42 chefs-d'œuvre
1032 458 54 40 de
1103 458 40 40 la
1167 460 211 51 musique
1400 467 41 31 et
1481 458 53 40 de
1559 455 170 55 l'esprit
1748 457 204 41 humain.

175 543 20 24 «
231 529 128 53 jouer
379 527 327 42 Mendelssohn
724 541 106 27 sans
852 526 197 41 chercher
1076 527 56 41 :il
1157 543 21 25 a
1205 537 96 32 tout
1317 529 123 48 écrit,
1464 527 436 50 méticuleusement,
1928 540 175 27 comme
2123 527 29 40 il

122 599 39 40 le
191 599 187 40 voulait.
404 597 170 40 Pensez
597 602 22 35 à
652 611 81 27 vos
770 596 158 42 basses
1049 598 144 53 jouez,
1221 597 231 42 travaillez
1508 605 192 33 souvent
1737 596 39 40 la
1815 598 123 39 main
1976 597 177 50 gauche

117 667 137 41 seule.
275 667 138 55 Jouez
431 680 107 27 avec
562 667 176 53 rythme
760 681 7 26 :
791 667 39 40 le
846 667 175 53 rythme
1041 666 104 42 c'est
1169 668 39 40 la
1230 668 84 40 vie.
1335 666 130 41 Lisez
1485 666 159 51 Heine,
1665 666 104 41 lisez
1785 665 203 42 Voltaire
2006 665 108 52 (sic).
2131 679 21 26 »

171 736 50 56 Je
244 750 55 27 ne
325 745 206 33 retrouve
560 750 97 39 pas,
689 736 444 42 malheureusement
1160 735 127 55 (hors
1321 737 220 53 quelques
1569 744 118 33 mots
1718 749 76 27 sur
1827 750 71 27 ses
1936 735 215 53 œuvres),

118 814 124 32 autre
275 806 135 40 chose
457 804 118 42 Mais
596 806 62 40 les
682 806 146 51 lignes
851 806 289 52 précédentes
1160 804 207 43 suffisent
1406 820 114 39 pour
1542 805 211 53 indiquer
1783 819 88 38 que
1906 806 63 39 les
2002 806 152 50 leçons

119 875 54 40 de
195 875 150 40 Heller
363 877 165 39 étaient
548 875 322 41 d'admirables
896 875 150 51 leçons
1069 876 53 40 de
1140 877 226 52 musique,
1392 884 42 32 et
1454 889 89 28 non
1568 875 55 41 de
1639 877 173 51 piano.,
1834 874 55 41 Et
1908 875 119 41 voilà
2053 876 101 52 quel

124 946 174 40 devrait
320 950 92 36 être
432 946 148 41 l'idéal
603 946 54 40 de
681 955 95 32 tout
800 944 273 54 professeur.

1845 944 134 42 I.PH.

670 1188 73 40 Le
775 1188 175 41 chant
973 1187 148 42 dans
1153 1187 86 42 les
1272 1187 213 54 églises

1507 1187 79 54 (1).

172 1310 70 42 Au
264 1324 206 26 VILLAGE.
498 1333 52 4 —
567 1309 266 52 Dimanche,
865 1324 12 25 i
887 1315 33 18 er
943 1311 106 47 mai,
1075 1311 38 51 je
1148 1324 70 26 me
1253 1319 156 31 trouve
1446 1310 114 40 dans
1602 1325 59 25 un
1700 1310 167 51 village
1891 1314 161 44 écarté,
2098 1324 56 26 au

117 1380 107 42 fond
242 1380 54 41 de
317 1380 40 40 la
383 1381 226 51 province,
636 1388 56 40 et,
722 1379 102 41 bien
861 1393 87 39 que
970 1393 48 27 ce
1051 1381 86 39 soit
1161 1394 54 26 en
1247 1379 164 41 dehors
1453 1380 52 40 de
1543 1380 38 39 la
1615 1379 126 41 tâche
1779 1393 87 38 que
1893 1380 38 52 je
1961 1393 70 27 me
2062 1382 93 38 suis

118 1453 217 50 imposée,
360 1450 38 52 je
434 1463 55 26 ne
513 1451 157 38 résiste
709 1463 81 38 pas
817 1463 56 26 au
919 1449 121 40 désir
1077 1449 54 40 de
1173 1449 94 40 dire
1310 1458 228 32 comment
1573 1463 57 26 on
1653 1465 28 37 y
1717 1449 163 40 chante
1900 1449 64 40 les
1989 1448 162 41 offices.

173 1519 55 41 Et
245 1518 204 52 d'abord,
470 1533 56 26 on
548 1517 71 54 n'y
641 1527 156 32 trouve
820 1521 42 38 ni
889 1532 142 38 orgue
1054 1521 42 38 ni
1121 1533 146 26 aucun
1286 1521 271 38 instrument
1583 1532 114 39 pour
1721 1521 203 38 soutenir
1943 1519 40 40 le
2003 1519 149 47 chant,

118 1603 58 27 ou
194 1589 209 52 indiquer
420 1589 39 40 le
484 1597 91 32 ton.
604 1588 377 48 Heureusement,
1003 1587 63 41 M.
1095 1589 39 40 le
1156 1594 104 35 curé
1286 1604 21 25 a
1327 1589 38 40 la
1385 1590 100 39 voix
1508 1590 129 52 juste,
1660 1598 57 39 et,
1743 1602 176 27 comme
1935 1589 84 40 elle
2043 1589 113 40 n'est

119 1659 159 51 jamais
303 1658 249 41 influencée
592 1659 44 39 ni
675 1658 154 40 déviée
871 1672 81 38 par
992 1658 76 40 des
1112 1658 308 40 modulations
1460 1662 271 43 traîtresses,
1766 1658 85 40 elle
1891 1667 108 41 sort,
2042 1671 114 39 pour

119 1729 115 39 ainsi
258 1727 110 46 dire,
392 1731 367 48 spontanément,
784 1726 113 40 dans
922 1726 39 40 la
1004 1726 185 41 tonalité
1225 1728 75 50 qui
1322 1727 61 40 lui
1416 1735 66 32 est
1522 1726 265 42 habituelle.
1828 1726 89 42 Les
1946 1728 209 40 chantres

119 1798 191 47 suivent,
348 1806 42 31 et
430 1801 231 36 exécutent
694 1795 424 52 convenablement,
1154 1810 75 26 sur
1273 1810 88 27 une
1400 1797 171 40 édition
1607 1797 54 40 de
1701 1796 304 47 Ratisbonne,
2050 1811 106 26 avec

119 1867 219 52 quelques
360 1867 227 39 variantes
609 1865 182 48 locales,
819 1865 63 40 les
902 1867 168 51 parties
1093 1866 280 40 essentielles
1390 1866 54 40 de
1461 1866 39 40 la
1526 1880 162 27 messe.
1707 1865 31 41 Il
1759 1864 112 43 n'est
1894 1880 81 39 pas
1997 1865 158 42 besoin

119 1937 53 40 de
188 1936 95 40 dire
304 1935 132 53 qu'ils
469 1933 73 55 n'y
571 1935 199 52 ajoutent
786 1937 111 45 rien,
934 1937 44 38 ni
1002 1933 227 43 fioritures
1248 1937 43 38 ni
1310 1949 238 28 morceaux
1570 1940 21 36 à
1611 1935 117 42 effet.
1754 1935 64 42 Le
1842 1937 176 52 rythme
2042 1935 112 42 n'est

120 2019 80 39 pas
217 2014 98 43 trop
334 2004 105 47 lent,
467 2004 62 40 les
549 2006 102 39 voix
675 2013 102 32 sont
795 2005 139 52 justes
957 2013 41 31 et
1021 2018 54 27 ne
1095 2004 248 42 détonnent
1367 2019 81 39 pas
1474 2004 341 42 sensiblement.
1839 2005 119 41 Tout
1990 2020 45 26 ce
2069 2020 87 38 que

121 2075 172 51 l'église
313 2073 221 41 renferme
554 2072 239 49 d'enfants,
817 2074 53 40 de
893 2075 155 51 jeunes
1082 2088 129 37 gens,
1239 2075 54 40 de
1327 2074 190 42 femmes
1557 2084 42 32 et
1635 2079 146 37 même
1822 2074 254 42 d'hommes
2110 2090 46 26 se

121 2145 110 53 joint
256 2158 55 26 au
335 2143 170 40 chœur.
527 2142 252 52 Toutefois,
805 2158 60 25 un
889 2145 169 39 certain
1082 2143 189 41 nombre
1300 2144 55 40 de
1377 2158 70 27 ces
1472 2145 202 40 derniers
1700 2154 166 31 restent
1884 2154 162 42 muets,
2069 2147 87 39 soit

119 2228 82 39 par
221 2213 205 49 timidité,
451 2214 85 39 soit
556 2227 80 38 par
653 2213 39 39 la
712 2214 261 39 conscience
986 2213 54 40 de
1056 2213 217 52 posséder
1297 2227 87 27 une
1399 2216 101 39 voix
1521 2213 444 42 irrémédiablement
1985 2213 165 43 fausse.

118 2281 84 57 J'ai
228 2283 60 40 du
327 2291 114 31 reste
465 2287 254 48 remarqué,
748 2286 21 36 à
804 2283 39 39 la
867 2297 268 38 campagne,
1163 2297 85 39 que
1273 2283 63 40 les
1360 2285 101 40 voix
1486 2283 255 42 d'hommes
1783 2293 102 32 sont
1917 2283 238 55 beaucoup

120 2352 101 53 plus
245 2361 190 31 souvent
455 2352 89 40 mal
564 2356 161 48 posées
750 2366 87 39 que
857 2352 133 40 celles
1022 2352 79 40 des
1125 2351 204 43 femmes.

176 2420 288 42 L'ensemble
486 2421 170 46 choral,
676 2428 57 34 où
751 2421 63 41 les
846 2427 287 46 égarements
1157 2423 54 39 de
1251 2423 330 53 quelques-uns
1621 2424 341 52 disparaissent,
2006 2424 151 41 donne

120 2506 88 27 une
231 2492 232 40 sensation
487 2492 54 40 de
563 2500 334 32 contentement
924 2500 41 32 et
988 2492 54 41 de
1074 2493 86 46 vie,
1181 2501 96 32 tout
1299 2497 21 35 à
1339 2492 79 41 fait
1446 2492 348 42 réconfortante.

176 2560 155 53 Quant
365 2576 82 25 aux
465 2562 167 52 parties
657 2561 53 40 de
734 2561 40 40 la
796 2575 147 27 messe
961 2563 76 52 qui
1054 2563 175 40 varient
1246 2563 176 52 chaque
1446 2563 258 48 dimanche,
1743 2577 177 27 comme
1945 2562 205 51 l'lntroït,

120 2632 38 40 le
179 2630 199 42 Graduel
398 2639 41 32 et
460 2629 289 48 l'Offertoire,
776 2631 268 41 l'exécution
1067 2645 55 27 en
1146 2641 65 31 est
1253 2631 302 42 abandonnée
1598 2648 55 25 au
1685 2633 102 53 plus
1821 2638 255 48 compétent
2100 2647 56 27 ou

119 2700 104 41 bien
249 2715 55 26 au
327 2700 102 53 plus
451 2700 128 40 hardi
616 2700 78 40 des
728 2700 241 40 chanteurs
993 2712 8 36 ;
1028 2701 63 40 les
1129 2710 149 32 autres
1296 2715 47 27 se
1360 2703 181 39 taisent.
1566 2701 213 50 Celui-là,
1805 2702 269 42 débarrassé
2097 2703 59 41 du

122 2772 123 38 souci
268 2770 53 40 de
353 2769 254 41 s'entendre
628 2783 105 27 avec
757 2783 71 27 ses
844 2772 174 38 voisins
1037 2784 57 26 ou
1115 2771 54 39 de
1197 2780 141 32 rester
1357 2771 115 41 dans
1495 2785 88 27 une
1625 2772 186 40 tonalité
1848 2786 85 39 que
1959 2773 60 40 lui
2058 2787 74 39 rap-

118 2839 204 52 pellerait
346 2852 105 27 sans
477 2838 174 41 relâche
675 2854 60 25 un
755 2841 272 39 instrument
1051 2841 246 51 importun,
1322 2853 46 28 se
1390 2841 125 40 lance
1540 2845 202 47 gaîment
1768 2842 114 40 dans
1907 2840 246 50 l'inconnu,

120 2921 175 28 comme
316 2923 58 25 un
399 2921 174 37 nageur
595 2921 54 27 en
670 2908 147 53 pleine
839 2922 99 27 eau.
964 2907 32 42 Il
1021 2923 54 26 ne
1095 2914 180 36 connaît
1298 2909 78 40 des
1413 2919 128 31 notes
1580 2923 87 39 que
1693 2911 40 40 la
1759 2913 198 50 position
1999 2926 131 27 ascen-

122 2977 135 41 dante
277 2991 57 27 ou
358 2977 317 47 descendante,
708 2987 40 31 et
771 2978 28 40 il
823 2979 289 40 accommode
1136 2979 64 40 les
1233 2979 159 40 chants
1414 2983 22 36 à
1461 2993 47 26 sa
1551 2978 146 52 façon,
1738 2994 77 27 sur
1838 2990 111 32 cette
1987 2984 170 50 unique

122 3047 191 48 donnée,
339 3056 95 32 tout
457 3061 54 27 en
533 3057 133 43 ayant
686 3049 99 39 soin
818 3048 55 40 de
896 3049 214 39 terminer
1129 3062 79 38 par
1232 3062 87 26 une
1342 3048 78 41 des
1458 3048 297 43 nombreuses
1794 3051 217 41 cadences
2049 3052 107 52 qu'il

123 3121 196 37 connaît.
346 3116 55 42 Et
425 3118 118 40 voilà
569 3119 75 50 qui
665 3127 66 31 est
752 3116 94 42 fait.

179 3186 37 40 A
255 3190 172 49 vêpres,
470 3191 170 36 mêmes
678 3201 279 39 remarques,
1002 3186 106 41 sauf
1127 3200 86 39 que
1233 3187 64 40 les
1323 3186 156 43 fidèles
1500 3198 223 43 prennent
1746 3204 88 26 une
1874 3199 100 44 part
1997 3204 160 27 encore

123 3255 101 51 plus
245 3258 140 38 active
411 3271 54 25 au
489 3257 134 40 chant
647 3257 53 40 de
724 3254 167 43 l'office.
913 3255 88 42 Les
1022 3257 159 52 petites
1203 3255 115 42 filles
1343 3267 192 42 surtout,
1562 3261 289 51 impatientes
1891 3274 175 27 comme
2104 3261 54 40 de

122 3325 154 50 jeunes
299 3325 249 52 pouliches,
571 3335 193 44 peuvent
780 3331 21 35 à
827 3328 130 51 peine
981 3326 202 41 attendre
1202 3340 86 39 que
1308 3326 61 41 M.
1391 3327 39 41 le
1452 3334 103 34 curé
1576 3330 60 39 ait
1653 3334 199 36 entonné
1877 3330 40 40 le
1937 3344 189 38 psaume
2146 3342 8 36 ;

126 3395 112 38 mais
262 3401 144 45 après,
430 3396 104 40 c'est
558 3411 60 25 un
637 3395 217 41 véritable
874 3396 363 40 déchaînement.
1261 3395 207 52 Chacun,
1496 3398 115 41 dans
1636 3412 46 27 ce
1700 3401 108 51 petit
1825 3400 181 47 monde,
2023 3415 21 25 a
2062 3400 96 40 l'air

169 3526 50 43 (1)
246 3527 116 33 Suite.
392 3528 89 32 Voir
507 3531 32 30 la
563 3529 117 32 Revue
700 3529 46 32 du
777 3540 36 31 15
835 3529 69 33 mai
