2250 3700
115 134 80 37 288

852 145 50 25 LA
934 135 282 35 TÉTRALOGIE
1250 144 23 24 A
1304 142 114 27 LYON

114 252 54 26 en
193 247 134 32 avant
350 238 54 40 de
425 251 47 27 ce
493 237 107 53 qu'il
622 238 101 52 joue
744 238 106 52 qu'il
875 245 66 33 est
969 242 89 36 très
1080 235 178 41 difficile
1282 236 256 41 détourner
1560 236 63 40 les
1647 235 176 42 feuilles
1862 250 116 40 pour
2007 237 79 52 lui,
2119 238 29 40 il

113 306 231 42 embrasse
368 309 102 51 cinq
494 320 202 28 mesures
716 306 103 41 d'un
847 320 113 39 coup
985 306 137 48 d'oeil-,
1145 307 120 39 aussi
1291 306 28 40 il
1343 319 114 27 vous
1475 304 94 42 faut
1592 304 175 42 deviner
1788 307 152 52 quand
1958 306 189 42 ildésire

114 377 136 52 qu'on
276 386 158 32 tourne
458 377 38 40 la
522 389 132 40 page.
677 375 50 55 Je
751 376 72 40 l'ai
845 375 79 41 fait
954 384 99 44 trop
1073 375 96 41 tard
1190 389 89 27 une
1301 374 102 49 fois,
1425 384 95 44 trop
1545 377 64 39 tôt
1629 388 88 28 une
1741 384 125 32 autre
1883 375 102 52 fois,
2011 385 42 32 et
2070 377 28 40 il
2124 391 21 26 a

113 447 187 40 arraché
325 447 39 40 le
388 447 152 40 cahier
563 446 55 39 de
642 459 95 26 mes
758 447 148 39 mains
929 459 117 40 pour
1069 445 39 41 le
1133 454 208 32 remettre
1364 445 163 42 devant
1552 445 77 40 lui.
1655 443 64 42 Ce
1755 446 154 41 n'était
1938 459 82 40 pas
2061 459 87 28 une

113 515 150 41 bonne
283 517 216 39 situation
520 529 115 39 pour
655 517 91 38 moi
771 516 75 52 qui
872 516 93 41 suis
997 516 35 40 si
1058 515 174 48 timide,
1254 516 189 40 n'est-ce
1467 529 81 39 pas
1568 518 16 37 ?

170 600 44 24 21
240 586 105 39 mai.
450 583 121 43 C'est
595 583 288 55 aujourd'hui
919 585 339 41 l'anniversaire
1293 586 54 40 de
1381 598 106 28 mon
1512 586 100 52 jour
1634 584 55 40 de
1712 586 238 40 naissance
1975 596 10 37 ;
2009 588 138 47 aussi,

112 668 114 40 pour
256 654 40 40 le
317 653 199 42 célébrer
538 655 109 51 ai-je
666 655 159 41 décidé
849 655 25 40 d
896 654 110 41 aller
1023 655 104 41 chez
1151 654 138 42 Liszt.
1312 654 50 56 Je
1383 652 159 44 n'étais
1565 656 224 40 vraiment
1813 668 81 40 pas
1917 654 104 42 bien
2046 660 76 48 pré-

113 729 132 48 parée
265 737 115 40 pour
405 724 61 41 lui
491 725 142 52 jouer,
660 726 116 38 mais
800 723 70 54 j'ai
896 726 94 51 pris
1014 738 47 27 sa
1082 725 236 40 deuxième
1341 724 188 41 Ballade
1554 737 104 27 avec
1682 722 129 42 l'idée
1834 725 54 40 de
1925 724 61 41 lui
2016 738 134 39 poser

112 793 256 41 différentes
398 795 234 52 questions
669 808 77 27 sur
785 795 220 51 quelques
1039 808 218 39 passages
1301 793 216 42 difficiles.
1545 792 164 54 Quand
1741 794 38 52 je
1816 796 94 39 suis
1930 799 166 46 entrée,
2121 795 27 40 il

113 864 240 52 paraissait
374 864 250 53 indisposé,
659 877 213 37 nerveux,
896 873 42 31 et
960 864 30 40 il
1013 879 27 38 y
1061 866 120 39 avait
1202 863 234 54 beaucoup
1470 863 226 41 d'artistes

167 932 127 42 Nous
316 947 140 27 avons
477 934 10 39 1
508 932 217 42 habitude
750 934 53 40 de
823 947 133 39 poser
980 942 129 32 notre
1133 936 211 50 musique
1367 947 77 27 sur
1467 934 38 40 la
1529 932 133 49 table,
1702 939 56 35 où
1783 933 28 40 il
1848 934 38 39 la
1912 934 159 53 prend,
2107 934 39 40 la

113 1003 204 51 regarde,
350 1012 41 32 et
424 1007 168 37 énonce
638 1003 39 40 le
718 1004 101 40 titre
858 1003 54 40 de
944 1003 108 40 celle
1077 1017 59 39 qu
1158 1004 27 39 il
1227 1012 104 32 veut
1375 1016 86 40 que
1486 1000 88 44 l'on
1609 1003 101 52 joue
1774 1002 30 40 II
1831 1016 239 40 remarqua
2107 1003 40 40 la

112 1074 180 39 mienne
313 1081 40 31 et
372 1070 152 42 s'écria
546 1088 7 24 :
581 1085 19 26 «
624 1071 90 53 Qui
732 1073 101 51 joue
854 1081 110 31 cette
985 1073 172 50 grande
1177 1081 41 32 et
1239 1073 234 51 puissante
1496 1072 54 39 de
1580 1085 95 26 mes
1701 1071 205 41 ballades
1931 1077 16 35 ?
1971 1084 21 27 ))
2019 1071 32 40 Il
2076 1086 71 26 me

112 1141 210 41 semblait
343 1141 106 52 qu'il
472 1143 119 38 avait
611 1141 222 40 demandé
860 1157 6 24 :
887 1153 19 28 «
927 1139 89 53 Qui
1037 1155 21 26 a
1079 1146 73 35 tué
1175 1140 122 41 Cock
1326 1140 151 41 Robin
1498 1145 15 36 ?
1537 1152 20 27 »
1577 1153 6 30 (
1601 1143 38 47 1)
1660 1150 40 31 et
1722 1155 86 37 que
1826 1139 142 55 j'étais
1986 1141 38 40 le
2042 1155 78 27 cou-

112 1209 149 52 pable,
298 1211 250 39 seulement
571 1211 39 52 je
628 1224 54 27 ne
708 1224 71 26 me
804 1212 168 39 sentais
993 1224 82 39 pas
1096 1211 211 52 disposée
1345 1215 21 35 à
1390 1224 168 27 avouer
1579 1224 105 27 avec
1703 1219 155 32 autant
1894 1211 54 40 de
1981 1209 166 42 facilité

111 1292 87 38 que
222 1279 39 39 le
285 1281 226 40 moineau,
539 1294 73 25 car
631 1278 122 42 Liszt
778 1281 242 51 paraissait
1044 1280 53 40 de
1118 1281 235 39 mauvaise
1377 1280 194 40 humeur
1590 1289 41 31 et
1648 1281 118 39 avait
1788 1280 225 40 malmené
2037 1280 110 40 celle

112 1350 74 50 qui
209 1350 150 39 venait
381 1349 52 40 de
461 1350 138 52 jouer.
638 1349 301 47 Finalement,
979 1350 39 52 je
1055 1348 269 42 rassemblai
1350 1363 106 27 mon
1494 1363 198 37 courage
1731 1358 41 31 et
1806 1350 69 40 dis
1901 1361 7 27 :
1935 1362 21 26 ((
1984 1348 93 42 Moi
2107 1362 35 34 »,

116 1426 204 45 ajoutant
344 1432 86 38 que
451 1419 38 52 je
509 1432 55 27 ne
584 1419 39 39 la
646 1420 149 39 savais
819 1432 81 39 pas
921 1418 335 54 parfaitement.
1282 1431 21 27 ((
1326 1419 94 40 Peu
1458 1421 205 51 importe,
1688 1419 276 53 répondit-il,
1994 1419 126 52 jouez-

111 1487 56 40 la.
197 1499 20 27 »
238 1487 51 55 Je
308 1487 179 41 m'assis
511 1488 130 48 donc,
665 1497 193 44 pensant
884 1503 57 38 qu
963 1489 28 39 il
1018 1489 124 40 allait
1163 1489 272 40 m'arracher
1458 1489 40 40 la
1525 1492 84 37 tète
1631 1503 8 33 ;
1664 1490 131 43 mais,
1828 1488 105 41 c'est
1957 1492 187 47 étrange

113 1561 21 36 à
160 1557 109 43 dire,
298 1557 28 40 il
351 1567 131 42 parut
517 1563 88 35 très
629 1567 181 32 content
841 1566 41 32 et
903 1557 176 41 déclara
1105 1572 87 39 que
1223 1559 38 52 je
1282 1557 156 42 l'avais
1460 1571 19 26 ((
1507 1567 95 32 tout
1628 1562 21 35 à
1675 1556 79 42 fait
1775 1558 163 40 touché
1964 1569 36 28 ».

167 1626 226 51 Imaginez
435 1627 111 48 cela,
584 1628 54 40 de
678 1626 123 42 Liszt
823 1630 5 37 !
856 1636 42 32 et
939 1637 178 31 surtout
1156 1627 207 53 lorsqu'il
1395 1628 132 51 s'agit
1562 1628 25 39 d
1609 1641 87 27 une
1729 1627 54 40 de
1809 1640 72 27 ses
1916 1628 201 52 composi-

111 1697 117 39 tions
251 1699 6 37 !

167 1764 32 40 Il
235 1765 85 41 m'a
348 1771 334 48 accompagnée
712 1770 22 36 à
759 1766 41 40 la
826 1775 128 43 porte
979 1767 150 52 quand
1159 1767 38 52 je
1221 1768 94 39 suis
1341 1767 152 42 sortie,
1520 1781 21 25 a
1564 1768 93 51 pris
1687 1778 87 28 une
1794 1766 54 40 de
1872 1779 95 27 mes
1992 1766 150 39 mains

109 1835 113 40 dans
257 1835 62 40 les
353 1835 114 40 deux
504 1836 180 39 siennes
720 1849 55 26 en
800 1849 70 26 me
912 1835 151 41 disant
1103 1848 8 28 :
1148 1848 21 27 ((
1212 1835 129 42 Vous
1361 1876 7 12 t
1375 1849 114 27 vous
1525 1839 93 37 êtes
1658 1844 209 31 couverte
1903 1835 54 40 de
1980 1834 162 51 gloire,

111 1904 186 52 aujourd
319 1903 93 41 hui.
440 1915 20 28 »
478 1903 49 55 Je
551 1905 61 39 lui
638 1906 39 38 ai
706 1905 201 52 répondu
932 1919 87 38 que
1042 1905 38 52 je
1105 1905 171 40 n'avais
1295 1904 78 42 fait
1398 1918 86 39 que
1508 1918 285 27 commencer
1816 1913 42 32 et
1884 1917 87 39 que
1988 1903 133 54 j'espé-

110 1974 88 39 rais
219 1973 108 52 qu'il
352 1986 71 27 me
447 1973 224 40 laisserait
705 1974 177 52 rejouer
908 1989 71 25 ma
1005 1973 179 41 ballade
1209 1975 151 52 quand
1386 1976 38 51 je
1457 1974 39 40 la
1538 1976 176 38 saurais
1742 1976 163 38 mieux.
1968 1986 20 27 ((
2016 1972 70 41 Ah
2133 1974 7 36 !

108 2041 132 52 dit-il,
259 2055 113 27 vous
393 2042 159 41 voulez
576 2056 86 40 que
685 2043 38 52 je
751 2056 114 28 vous
888 2042 121 42 fasse
1030 2057 160 28 encore
1225 2059 58 25 un
1316 2044 101 52 plus
1440 2044 144 51 grand
1613 2044 308 52 compliment,
1959 2042 182 41 n'est-ce

108 2124 80 38 pas
208 2115 15 35 ?
322 2110 361 42 Naturellement
705 2123 37 37 »,
769 2113 289 53 répliquai-je
1076 2112 59 40 !«
1162 2111 42 41 Il
1224 2113 95 51 faut
1343 2128 103 25 vous
1468 2117 124 50 gâter
1609 2118 15 35 ?
1726 2112 88 43 Oui
1839 2124 36 40 »,
1904 2112 212 53 répondis-

108 2180 38 51 je
170 2194 176 37 encore,
369 2190 41 31 et
435 2181 27 40 il
488 2195 46 26 se
552 2183 80 38 mit
656 2186 21 35 à
701 2183 100 39 rire.

339 2273 204 54 (Traduit
565 2275 51 40 de
639 2275 208 54 /'anglais
865 2283 79 47 par
965 2275 138 55 JIVA.)

1773 2276 52 40 A.
1863 2277 107 40 FAY.

780 2518 74 40 La
891 2518 325 54 Tétralogie
1249 2519 32 41 à
1316 2519 173 53 Lyon.

192 2617 185 44 (Article
399 2618 74 54 qui
508 2633 108 25 nous
639 2625 58 34 est
714 2627 194 44 parvenu
934 2626 94 48 trop
1051 2621 97 39 tard
1159 2629 114 45 pour
1288 2625 193 50 paraître
1500 2621 109 40 dans
1634 2626 122 35 notre
1775 2620 171 41 dernier
1966 2619 88 54 n°.)

162 2751 38 39 A
224 2752 39 39 la
290 2750 60 41 fin
375 2752 54 40 de
451 2752 37 40 la
515 2755 153 37 saison
692 2752 233 50 théâtrale,
953 2752 25 40 Y
982 2752 186 40 Anneau
1190 2753 54 39 du
1269 2752 230 55 Nibelung
1521 2767 21 25 a
1568 2757 68 35 été
1665 2755 256 49 représenté
1945 2755 22 35 à
1989 2749 148 54 Lyon,

105 2835 55 26 en
184 2822 113 39 deux
325 2822 143 47 cycles
496 2821 273 41 consécutifs
812 2820 63 41 La
898 2822 219 40 direction
1143 2836 20 26 a
1185 2827 119 35 tenté
1327 2830 66 32 cet
1413 2821 127 41 effort
1566 2835 54 26 en
1642 2823 152 38 raison
1821 2821 54 39 de
1903 2820 39 40 la
1980 2819 159 41 faveur

106 2895 214 47 marquée
361 2904 84 38 que
491 2891 61 39 les
584 2889 233 54 Lyonnais
849 2891 228 40 attachent
1117 2895 21 35 à
1164 2889 184 42 l'œuvre
1383 2891 54 40 de
1467 2891 233 51 Wagner:
1743 2891 38 39 le
1821 2895 154 35 succès
1998 2890 54 39 de
2096 2889 38 40 la

117 2957 224 56 Walkyrie
348 2992 8 16 ,
384 2964 248 37 montéeen
663 2963 118 49 1894,
807 2962 117 38 avait
950 2969 156 32 ouvert
1129 2960 37 40 la
1191 2962 122 47 voie;
1331 2974 54 26 en
1413 2973 118 36 1901,
1557 2959 284 54 Siegfried,e
1847 2975 26 24 n
1903 2973 119 38 1903,
2043 2956 97 43 YOr

105 3029 55 40 du
202 3028 116 41 Rhin
354 3030 178 40 avaient
569 3034 68 36 été
674 3031 140 39 suivis
837 3030 282 40 assidûment
1139 3044 81 39 par
1237 3045 59 25 un
1334 3036 87 34 très
1443 3030 146 51 grand
1618 3029 190 41 nombre
1831 3028 276 41 d'amateurs
2127 3044 7 33 ;

104 3097 138 52 enfin,
271 3114 55 26 au
353 3098 138 41 début
514 3100 53 40 de
591 3109 112 31 cette
729 3104 156 38 année,
914 3100 38 40 le
977 3098 380 42 Grand-Théâtre
1377 3101 131 39 créait
1533 3100 38 40 le
1598 3098 260 56 Crépuscule
1892 3098 72 40 des
1996 3097 144 40 Dieux

104 3169 114 39 dans
242 3169 78 41 des
343 3169 256 41 conditions
623 3178 229 44 exemptes
875 3169 54 40 de
954 3168 212 41 banalité.
1195 3168 134 41 Aussi
1355 3169 38 40 le
1416 3168 153 54 public
1588 3169 157 41 était-il
1764 3169 236 52 impatient
2020 3167 93 41 d'as-

105 3239 130 39 sister
259 3253 54 26 au
351 3238 375 53 développement
751 3239 193 52 complet
965 3239 59 40 du
1048 3239 158 40 drame
1226 3240 279 50 wagnérien.

162 3306 62 41 De
250 3316 100 32 tous
374 3308 64 40 les
461 3309 217 40 éléments
710 3309 54 40 de
785 3307 281 44 l'exécution,
1096 3308 260 41 l'orchestre
1380 3317 65 32 est
1467 3312 130 43 resté,
1631 3312 20 35 à
1685 3316 171 32 travers
1877 3307 63 39 les
1977 3314 159 44 quatre

103 3377 236 40 soiréesde
362 3377 24 40 Y
391 3377 187 41 Anneau
602 3378 54 39 du
681 3377 224 54 Nibelung
918 3410 8 17 ,
948 3378 39 40 le
1011 3378 101 52 plus
1141 3378 195 52 complet
1359 3387 41 32 et
1420 3378 38 40 le
1486 3378 101 53 plus
1611 3376 293 42 satisfaisant.
1941 3374 120 42 Sous
2092 3374 39 40 la

147 3511 54 43 (1)
225 3512 166 35 Allusion
411 3516 19 31 à
456 3524 72 24 une
544 3514 124 41 poésie
695 3514 230 34 américaine.
