2250 3700
708 155 257 29 SOUVENIRS
1001 143 135 41 D'UNE
1169 148 141 35 ÉLÈVE
1344 157 56 26 DE
1435 156 121 28 LISZT

2068 149 77 49 287

162 246 52 55 Je
240 262 54 27 ne
327 252 287 39 connaissais
640 250 103 54 qu'à
768 253 155 40 moitié
947 251 62 42 les
1035 259 148 33 autres
1201 252 182 52 parties,
1405 265 74 26 car
1502 251 40 40 la
1575 253 221 50 première
1836 253 107 39 était
1995 253 35 38 si
2067 252 61 40 dif-

102 313 121 45 ficile
247 333 87 38 que
355 319 39 53 je
414 319 61 41 lui
498 321 124 39 avais
647 326 214 36 consacré
884 331 96 32 tout
1005 336 107 26 mon
1142 331 160 44 temps.
1327 320 137 56 Jouer
1504 324 21 35 à
1566 319 139 49 Liszt,
1731 318 105 42 c'est
1871 334 182 39 essayer
2093 321 54 40 de

103 389 183 39 nourrir
310 389 245 52 l'éléphant
578 390 59 40 du
662 390 146 52 jardin
829 392 274 52 zoologique
1126 405 106 27 avec
1255 392 78 40 des
1356 404 239 27 morceaux
1618 390 54 40 de
1696 402 129 28 sucre
1851 400 7 38 ;
1882 390 28 40 il
1934 404 112 26 vous
2070 389 78 42 fait

101 461 211 37 exécuter
345 458 80 40 des
445 472 222 39 passages
691 460 167 40 entiers
882 473 176 28 comme
1083 463 36 38 si
1155 475 46 26 ce
1246 461 153 40 n'était
1432 461 111 49 rien,
1589 461 153 51 puis...
1784 458 169 43 s'étend
1990 473 132 38 grave-

102 535 122 32 ment
243 541 115 39 pour
373 540 113 27 vous
507 532 180 36 écouter
706 541 161 28 encore
889 528 6 38 !
922 528 359 42 Heureusement
1303 544 86 38 que
1409 530 90 40 l'un
1523 530 54 39 de
1597 543 95 26 mes
1712 529 151 51 doigts
1886 543 259 38 commença

104 600 22 35 à
149 597 199 50 saigner,
384 611 89 34 car,
510 601 23 36 à
564 596 120 42 force
708 597 54 41 de
785 599 143 52 jouer,
956 598 39 41 la
1018 613 115 38 peau
1150 612 19 27 s
1188 601 106 38 était
1312 599 225 51 soulevée,
1560 608 41 31 et
1625 599 109 52 j'eus
1759 601 113 38 ainsi
1895 613 86 27 une
1999 599 149 41 bonne

102 679 161 27 excuse
286 680 117 40 pour
430 667 249 41 m'arrêter.
702 667 51 55 Je
777 681 55 27 ne
855 668 91 40 sais
990 668 33 40 si
1047 676 112 32 cette
1192 682 167 39 preuve
1402 668 321 53 d'application
1761 668 60 40 lui
1855 668 111 53 plut,
2013 672 132 46 mais,

103 741 131 46 après
260 738 127 38 avoir
410 736 192 51 regardé
628 750 108 27 mon
761 737 144 51 doigt,
928 737 28 39 il
979 734 48 44 fit
1046 737 217 40 entendre
1284 752 60 25 un
1365 749 20 27 «
1410 736 58 40 oh
1495 737 93 39 »de
1627 739 290 50 compassion
1956 747 40 31 et
2043 740 101 51 joua

103 804 64 42 les
189 808 112 39 trois
324 806 231 42 dernières
595 808 188 51 parties,
815 821 48 27 ce
898 808 77 52 qui
999 808 107 40 était
1148 805 235 53 beaucoup
1409 814 41 32 et
1474 814 177 32 montra
1674 814 122 32 toute
1829 819 47 27 sa
1919 805 136 42 force.
2099 807 49 42 Je

101 874 270 42 l'entendais
396 889 116 39 pour
544 875 40 40 la
610 877 223 52 première
848 875 87 42 fois
959 884 42 32 et
1018 877 40 52 je
1075 889 54 27 ne
1147 877 94 40 sais
1265 889 46 27 ce
1337 888 86 40 que
1437 874 73 53 j'ai
1535 879 160 36 trouvé
1713 875 39 40 le
1772 875 102 52 plus
1897 877 225 40 extraordi-

102 945 126 40 naire
249 944 109 41 —le
401 944 200 51 Scherzo,
641 959 105 27 avec
766 959 48 28 sa
858 945 315 41 merveilleuse
1216 945 196 52 légèreté
1464 953 41 32 et
1547 945 205 52 rapidité,
1790 943 26 41 Y
1819 944 182 55 Adagio
2043 961 104 26 avec

103 1027 71 27 ses
197 1013 160 41 basses
374 1014 308 53 pathétiques,
706 1028 56 28 ou
789 1015 39 41 la
851 1015 206 41 dernière
1074 1016 160 52 partie,
1257 1015 200 52 pendant
1477 1013 194 53 laquelle
1692 1014 39 39 le
1753 1013 167 41 clavier
1937 1014 211 42 semblait

101 1095 21 27 ((
150 1092 211 32 tonnerre
388 1093 42 31 et
454 1084 138 40 éclair
617 1096 36 27 )).
680 1084 32 40 Il
731 1100 28 38 y
794 1100 21 24 a
839 1099 88 27 une
951 1085 102 41 telle
1075 1086 71 40 vie
1166 1085 113 41 dans
1313 1093 95 32 tout
1429 1098 48 26 ce
1501 1082 107 54 qu'il
1633 1084 101 53 joue
1768 1084 135 52 qu'on
1947 1098 56 26 ne
2038 1087 110 39 croit

105 1153 101 53 plus
229 1154 218 40 entendre
470 1154 54 40 de
543 1154 38 40 la
609 1155 228 52 musique,
863 1157 116 38 mais
1004 1170 60 25 un
1088 1159 92 36 être
1200 1154 88 41 réel
1313 1156 76 51 qui
1408 1155 183 51 respire,
1612 1155 75 51 qui
1711 1154 139 52 parle,
1877 1155 75 51 qui
1970 1154 173 41 chante.

104 1222 32 40 Il
163 1236 72 27 me
260 1222 190 52 semble,
475 1224 153 51 quand
656 1224 185 53 j'écoute
862 1223 139 51 Liszt,
1029 1238 87 39 que
1130 1225 98 40 l'air
1244 1233 65 32 est
1332 1224 163 52 peuplé
1516 1222 223 54 d'esprits.
1786 1222 121 41 C'est
1944 1239 60 25 un
2029 1226 94 38 véri-

103 1291 122 42 table
246 1294 243 50 magicien,
517 1295 122 40 aussi
681 1295 270 40 intéressant
988 1293 232 42 d'ailleurs
1258 1298 22 36 à
1312 1292 213 51 regarder
1565 1291 102 53 qu'à
1717 1292 232 48 entendre,
1987 1307 73 26 car
2096 1307 48 26 sa

104 1359 146 53 figure
270 1362 177 51 change
467 1361 311 54 d'expression
803 1377 106 27 avec
933 1363 175 53 chaque
1129 1362 284 41 modulation
1446 1370 41 32 et
1512 1360 171 41 semble
1725 1361 172 40 refléter
1929 1361 130 41 l'âme
2092 1362 55 40 de

104 1444 83 28 son
205 1432 86 51 jeu.
319 1430 71 42 En
414 1432 117 52 plus,
555 1432 28 40 il
607 1446 21 26 a
648 1432 196 53 quelque
881 1432 135 41 chose
1041 1432 370 41 d'extrêmement
1431 1432 243 52 captivant,
1721 1431 104 41 c'est
1849 1446 174 26 comme
2060 1446 87 27 une

104 1500 130 40 lueur
257 1500 53 40 de
327 1504 125 47 gaîté
472 1500 188 41 délicate
686 1503 76 50 qui
783 1502 122 40 vient
930 1502 187 40 éclairer
1136 1502 55 40 de
1209 1510 145 43 temps
1372 1514 55 26 en
1442 1509 146 43 temps
1613 1514 47 26 sa
1679 1498 147 53 figure
1859 1509 41 32 et
1937 1503 75 50 qui
2034 1515 113 27 vous

104 1570 130 40 ferait
255 1571 143 39 croire
417 1570 140 52 qu'un
592 1571 137 51 esprit
754 1570 160 53 joyeux
943 1571 191 40 cherche
1178 1575 21 35 à
1225 1571 125 51 jouer
1372 1574 22 36 à
1419 1569 293 41 cache-cache
1743 1583 103 27 avec
1874 1583 130 28 vous.

230 1639 127 40 Liszt
378 1648 66 31 est
464 1653 118 26 venu
607 1653 71 26 me
695 1643 100 36 voir
809 1640 217 40 vendredi
1051 1648 40 33 et
1116 1639 29 41 il
1164 1654 22 25 a
1229 1643 145 36 même
1397 1639 103 52 joué
1539 1652 78 27 sur
1633 1652 107 27 mon
1784 1640 151 51 piano.
1975 1639 171 41 Pensez

104 1709 103 52 quel
230 1709 209 40 honneur
461 1710 7 37 !
497 1707 32 41 Il
552 1709 86 40 m'a
663 1710 127 40 aussi
814 1710 122 52 priée
956 1709 156 40 d'aller
1136 1709 61 40 lui
1218 1710 128 52 jouer
1365 1708 112 40 dans
1502 1707 39 40 le
1565 1716 188 32 courant
1772 1708 55 39 de
1848 1707 298 53 l'après-midi

103 1788 42 31 et
165 1778 86 40 m'a
272 1780 165 39 invitée
463 1782 22 36 à
515 1791 88 27 une
627 1780 196 39 matinée
855 1778 107 54 qu'il
985 1794 23 25 a
1039 1779 177 41 donnée
1255 1777 240 41 dimanche
1527 1790 114 39 pour
1663 1790 86 27 une
1792 1786 219 31 comtesse
2042 1780 85 38 arri-

103 1853 79 37 vée
207 1851 53 39 ici
279 1850 161 52 depuis
464 1848 222 54 quelques
705 1849 300 55 jours.J'étais
1026 1849 39 40 la
1088 1848 123 41 seule
1235 1848 122 40 élève
1378 1848 180 46 invitée,
1578 1855 42 32 et
1644 1846 147 52 quand
1819 1848 38 50 je
1881 1848 92 39 suis
1997 1852 151 36 entrée

104 1917 114 42 dans
242 1918 39 40 le
301 1918 131 41 salon
456 1917 29 40 il
506 1917 74 54 n'y
596 1919 119 39 avait
736 1931 87 40 que
846 1917 123 41 Liszt
989 1926 41 33 et
1055 1919 109 40 trois
1185 1930 251 40 personnes
1466 1928 6 27 :
1494 1916 39 40 le
1557 1914 289 52 Grand-Duc,
1867 1916 38 40 la
1928 1925 220 32 comtesse

102 2001 90 27 von
221 1987 65 40 M.
312 1988 252 53 (princesse
586 2001 127 27 russe
745 1988 55 40 de
823 1987 254 52 naissance)
1099 1996 41 31 et
1174 1987 40 39 la
1252 1985 165 42 femme
1448 1985 106 40 dun
1574 1987 204 38 ministre
1824 1999 140 27 russe.
2003 1985 56 41 Ils
2102 2000 46 27 se

106 2058 202 39 tenaient
333 2065 102 32 tous
458 2057 65 40 les
553 2065 159 44 quatre
736 2070 56 27 en
816 2056 140 41 cercle
992 2064 41 32 et
1071 2055 222 53 parlaient
1335 2055 210 52 français.
1570 2055 50 56 Je
1643 2055 168 42 n'avais
1837 2070 171 27 aucune
2050 2057 98 40 idée

107 2127 75 51 qui
202 2125 54 40 ils
273 2128 247 50 pouvaient
538 2130 107 46 être,
663 2140 74 26 car
759 2125 38 41 le
815 2123 276 43 Grand-Duc
1115 2126 106 39 était
1235 2138 55 27 en
1313 2125 120 41 deuil
1451 2134 42 32 et
1509 2138 55 28 ne
1584 2127 164 51 portait
1770 2139 172 27 aucune
1963 2126 159 40 décora-

104 2196 93 40 tion
222 2204 203 44 pouvant
451 2196 41 40 le
518 2194 112 42 faire
655 2195 269 51 distinguer.
951 2194 50 55 Je
1038 2196 68 38 vis
1140 2194 254 53 cependant
1427 2208 87 40 que
1550 2194 205 41 c'étaient
1792 2203 101 33 tous
1933 2195 79 41 des
2051 2208 72 40 per-

105 2278 168 28 sonnes
293 2265 55 40 de
367 2266 216 40 situation
604 2265 166 49 élevée,
789 2266 121 39 aussi
924 2265 38 53 je
980 2278 54 27 ne
1059 2264 97 41 leur
1172 2265 40 39 ai
1236 2278 82 38 pas
1340 2265 182 40 adressé
1544 2264 38 40 la
1611 2264 169 52 parole,
1803 2278 47 26 ce
1874 2278 86 39 que
1980 2265 39 52 je
2042 2278 79 27 con-

105 2335 146 40 sidère
274 2348 177 27 comme
475 2349 87 26 une
585 2333 169 42 double
777 2334 184 41 chance.
984 2333 195 55 J'aurais
1203 2332 86 41 fort
1310 2332 103 41 bien
1431 2347 59 38 pu
1544 2333 38 40 le
1615 2332 126 52 faire,
1778 2346 54 27 en
1865 2332 117 52 effet,
2034 2346 114 39 pour

104 2406 140 39 éviter
267 2405 39 39 la
331 2405 245 50 gaucherie
594 2405 55 39 de
672 2412 141 32 rester
832 2404 39 39 là
897 2416 175 28 comme
1090 2418 60 25 un
1168 2411 181 44 poteau,
1371 2410 176 33 surtout
1571 2411 135 43 ayant
1723 2403 195 40 entendu
1942 2402 96 40 dire
2061 2415 86 38 que

105 2472 123 42 Liszt
252 2487 55 27 ne
331 2476 248 50 présentait
601 2474 161 52 jamais
779 2485 241 40 personne.
1041 2471 123 41 Liszt
1184 2485 71 27 me
1276 2471 126 41 salua
1428 2471 134 40 d'une
1603 2471 129 50 façon
1772 2476 88 35 très
1898 2471 187 40 amicale
2105 2479 40 32 et

105 2556 71 28 me
197 2547 210 49 présenta
433 2543 252 53 cependant
716 2546 22 36 à
764 2542 41 40 la
830 2550 239 39 comtesse,
1096 2542 76 51 qui
1197 2542 106 39 était
1326 2542 33 39 si
1387 2540 214 40 hautaine
1627 2554 86 38 que
1734 2548 95 32 tout
1851 2553 47 27 ce
1937 2554 87 38 que
2057 2539 89 41 l'on

103 2621 80 44 put
205 2611 180 42 obtenir
402 2611 131 41 d'elle
551 2625 46 27 se
623 2611 188 41 réduisit
830 2615 21 35 à
870 2610 223 53 quelques
1116 2610 181 52 paroles
1319 2609 233 51 glaciales.
1577 2608 50 55 Je
1645 2608 71 41 fus
1733 2608 223 41 heureuse
1972 2609 54 40 de
2048 2610 99 39 voir

105 2682 198 41 d'autres
322 2695 254 40 personnes
601 2683 186 48 arriver,
815 2694 47 27 ce
884 2681 75 52 qui
993 2693 71 27 me
1089 2681 164 51 permit
1288 2679 54 40 de
1360 2692 70 26 me
1465 2679 155 39 retirer
1652 2678 114 40 dans
1806 2692 56 25 un
1903 2679 100 39 coin
2039 2691 107 27 sans

105 2756 92 37 être
226 2756 284 49 remarquée,
531 2766 75 27 car
625 2752 39 52 je
693 2764 72 27 me
787 2751 200 40 trouvais
1008 2749 115 42 dans
1160 2763 88 28 une
1286 2749 216 40 situation
1533 2753 89 35 très
1645 2746 380 50 embarrassante,
2054 2759 69 28 res-

103 2831 96 31 tant
216 2824 115 39 ainsi
350 2820 188 54 debout,
563 2835 56 27 en
640 2826 255 45 étrangère,
920 2825 163 48 auprès
1119 2819 55 41 de
1216 2827 158 46 quatre
1404 2830 333 41 personnages,
1785 2830 106 27 sans
1935 2829 101 28 oser
2052 2816 95 41 leur

101 2892 164 53 parler,
288 2891 241 54 puisqu'ils
552 2904 56 28 ne
631 2890 322 42 s'adressaient
971 2903 82 39 pas
1073 2893 22 36 à
1116 2891 109 39 moi.

160 2959 167 54 Quand
350 2970 97 31 tout
470 2961 38 40 le
533 2960 166 41 monde
738 2959 65 42 fut
843 2961 57 48 là,
940 2972 115 28 nous
1079 2972 117 28 nous
1232 2960 260 38 trouvâmes
1530 2971 56 26 au
1619 2954 191 42 nombre
1843 2955 53 41 de
1932 2955 208 52 dix-huit,

107 3043 200 40 presque
327 3039 101 32 tous
453 3031 125 40 titrés
605 3040 8 37 ;
636 3029 143 54 j'étais
813 3029 40 41 la
879 3028 122 41 seule
1025 3041 105 27 sans
1166 3029 280 51 importance
1485 3026 55 40 de
1563 3026 40 39 la
1632 3026 285 51 compagnie.
1961 3023 123 41 Liszt
2122 3038 22 26 a

105 3104 69 36 été
207 3100 79 40 des
322 3099 103 53 plus
449 3099 239 51 aimables,
711 3099 29 40 il
765 3107 66 33 est
851 3112 118 27 venu
993 3096 230 55 plusieurs
1264 3096 86 41 fois
1381 3109 70 27 me
1491 3103 181 32 trouver
1711 3098 22 36 à
1758 3108 71 26 ma
1867 3094 124 52 place
2033 3106 114 39 pour

105 3182 158 28 causer
287 3182 107 28 avec
413 3170 108 40 moi.
548 3178 42 32 et
615 3168 212 41 semblait
856 3168 181 40 vouloir
1061 3180 71 28 me
1171 3175 160 32 mettre
1351 3169 22 36 à
1395 3165 124 40 l'aise
1544 3179 8 33 ;
1579 3163 28 40 il
1626 3161 85 42 m'a
1737 3164 123 39 aussi
1893 3163 170 52 promis
2086 3177 59 26 un

104 3238 127 42 billet
255 3252 116 39 pour
390 3253 61 26 un
477 3247 177 32 concert
677 3238 260 52 particulier
959 3243 57 35 où
1042 3235 89 42 l'on
1154 3234 279 43 n'exécutera
1459 3247 87 39 que
1570 3246 70 27 ses
1659 3233 341 52 compositions.

160 3307 124 42 Liszt
305 3323 22 25 a
350 3309 102 52 joué
470 3309 103 52 cinq
593 3306 102 50 fois,
715 3309 115 38 mais
850 3321 81 39 pas
946 3307 55 41 de
1023 3306 144 52 grand
1192 3319 229 33 morceau,
1434 3316 48 28 ce
1500 3304 71 51 qui
1594 3301 85 41 m'a
1697 3302 338 52 désappointée,
2052 3314 72 28 sur-

105 3388 96 31 tout
221 3392 133 39 parce
378 3391 87 40 que
489 3378 64 40 les
578 3378 109 40 trois
707 3377 229 40 dernières
960 3375 86 42 fois
1071 3376 29 40 il
1137 3390 22 26 a
1197 3377 102 52 joué
1321 3375 78 40 des
1423 3374 139 40 duetti
1584 3384 104 28 avec
1708 3386 60 26 un
1801 3371 78 41 des
1916 3370 229 42 meilleurs

105 3450 179 39 artistes
301 3448 55 41 de
377 3448 225 51 Weimar,
627 3445 192 50 Lassen,
841 3448 74 51 qui
950 3447 107 40 était
1078 3445 58 40 là.

164 3518 31 40 Il
221 3519 86 39 m'a
332 3518 79 40 fait
446 3518 109 40 aller
579 3526 185 32 tourner
783 3516 64 40 les
867 3515 191 41 feuilles.
1102 3513 111 43 Mon
1236 3513 114 42 Dieu
1375 3512 5 37 !
1410 3511 245 42 Comment
1680 3511 100 40 lit-il
1803 3515 15 36 ?
1845 3509 31 42 Il
1914 3511 47 40 lit
1992 3511 36 40 si
2054 3509 91 41 loin
