2247 3752
898 172 423 29 CORRESPONDANCE

2071 176 79 41 293

103 259 148 51 gines.
277 260 37 41 D
335 262 202 49 ailleurs,
558 264 9 52 j
590 264 256 42 accorderai
865 266 250 42 volontiers
1140 272 21 36 à
1187 267 193 42 l'auteur
1401 281 87 40 que
1509 278 122 32 toute
1649 269 198 41 solution
1867 269 283 54 scientifique

103 334 148 48 paraît
275 332 286 52 impossible.
603 345 20 27 «
646 331 73 42 On
752 347 54 27 ne
831 344 106 43 peut
956 350 82 37 pas
1061 337 113 41 aller
1198 351 55 28 au
1277 336 109 43 fond
1410 338 79 41 des
1518 338 176 52 choses,
1720 339 64 40 dit
1807 337 186 50 Grosse,
2018 354 131 38 parce

105 413 88 39 que
214 400 64 41 les
298 401 161 42 choses
475 401 126 42 n'ont
620 403 147 52 pasde
782 401 125 43 fond.
923 417 21 26 »
1025 405 71 41 Un
1116 420 86 39 peu
1217 407 101 53 plus
1337 407 109 51 loin,
1465 407 204 53 lorsqu'il
1683 406 81 43 fait
1784 408 40 40 la
1847 408 303 53 psychologie

103 469 55 42 de
182 470 11 40 1
215 479 221 41 amateur,
458 471 56 40 de
534 471 267 42 l'exécutant
834 481 41 32 et
897 473 61 40 du
971 475 215 51 virtuose,
1205 475 63 42 M.
1295 476 195 42 Dauriac
1506 479 107 40 écrit
1638 493 8 25 :
1665 490 20 26 «(
1701 476 124 43 L'art
1841 478 54 41 de
1910 492 241 40 composer

105 553 198 39 suppose
343 540 39 40 le
422 546 127 45 goût,
583 554 58 28 on
675 550 107 44 peut
818 546 147 37 même
994 554 191 31 souvent
1217 546 109 40 aller
1350 544 178 56 jusqu'à
1565 547 95 40 dire
1685 559 8 28 :
1737 547 39 40 la
1810 549 187 52 passion
2020 549 55 40 de
2099 548 41 40 la

103 611 228 51 musique.
360 621 20 27 ))
404 609 99 43 Une
523 610 188 53 pareille
735 610 292 43 observation
1045 627 54 26 ne
1119 623 108 43 peut
1243 628 82 39 pas
1342 617 125 39 avoir
1484 629 88 27 une
1590 617 173 50 grande
1780 622 169 47 portée,
1976 633 89 34 car,
2088 631 56 28 en

103 692 48 27 ce
171 681 78 51 qui
272 693 222 28 concerne
517 680 65 41 les
606 681 218 51 origines,
850 681 86 42 elle
955 685 226 39 constitue
1205 699 61 25 un
1289 684 140 41 cercle
1461 687 189 38 vicieux.
1760 685 125 42 Dans
1909 700 82 28 son
2014 688 133 40 étude

104 761 78 28 sur
210 748 321 53 l'intelligence
555 751 234 47 musicale,
823 749 63 42 M.
909 751 198 42 Dauriac
1124 751 153 42 oublie
1301 767 87 39 que
1412 762 102 32 tous
1537 754 64 40 les
1625 754 218 41 éléments
1874 756 273 42 constitutifs

105 817 55 42 de
193 818 41 40 la
258 819 213 52 musique
494 817 126 43 n'ont
642 819 55 41 de
719 819 158 42 valeur
910 835 86 39 que
1018 836 83 38 par
1133 822 120 40 leurs
1291 829 202 49 rapports
1505 834 15 37 ;
1557 837 87 38 que
1684 824 40 40 la
1761 826 211 51 musique
2003 834 66 32 est
2105 826 41 40 la

102 899 170 28 science
288 888 73 40 des
378 888 212 40 relations
609 898 41 32 et
669 887 163 55 qu'elle
849 904 199 38 suppose
1061 905 81 39 par
1156 895 295 48 conséquent,
1472 904 106 27 avec
1591 904 89 28 une
1696 893 217 39 mémoire
1935 892 214 52 spéciale,

103 969 89 28 une
215 955 167 43 faculté
411 957 194 53 spéciale
628 954 342 46 d'abstraction.
1010 959 120 42 Tout
1159 974 47 27 ce
1234 961 78 51 qui
1337 968 68 33 est
1427 960 63 41 dit
1521 958 60 55 (p.
1608 958 72 54 90)
1718 974 76 27 sur
1829 960 39 41 le
1904 974 17 26 «
1962 963 184 40 continu

103 1026 263 53 mélodique
392 1038 38 37 »,
453 1040 78 28 sur
553 1027 41 41 la
618 1027 192 54 quantité
831 1038 42 32 et
893 1029 40 40 la
958 1029 160 55 qualité
1140 1038 66 32 est
1229 1030 117 41 donc
1370 1033 22 37 à
1415 1033 112 47 côté,
1551 1043 57 28 ou
1633 1028 275 48 insuffisant,
1929 1044 116 39 pour
2061 1045 87 27 une

105 1096 174 41 théorie
302 1096 54 41 de
379 1095 171 54 l'esprit
570 1097 208 42 musical.
801 1097 52 42 P.
879 1101 52 49 98
952 1106 41 33 et
1016 1111 72 39 99,
1116 1112 59 27 on
1192 1106 66 33 est
1278 1098 204 41 heureux
1503 1099 55 40 de
1579 1108 181 31 trouver
1784 1114 61 25 un
1869 1099 220 41 correctif.

161 1164 89 42 Les
275 1167 236 52 questions
534 1168 260 40 examinées
893 1182 57 27 ou
980 1167 231 41 effleurées
1312 1182 81 38 par
1418 1168 191 41 l'auteur
1633 1177 102 33 sont
1760 1170 36 39 si
1830 1167 319 54 nombreuses,

106 1249 88 39 que
216 1248 82 29 son
321 1236 111 40 livre
452 1236 202 54 échappe
688 1241 23 36 à
734 1235 235 56 l'analyse.
1004 1236 66 42 La
1094 1237 173 41 théorie
1300 1239 234 51 esquissée
1556 1252 41 38 p.
1635 1242 88 36 6et
1752 1236 179 55 d'après
1952 1238 194 53 laquelle

108 1317 21 27 ((
156 1305 41 40 le
220 1305 168 41 monde
407 1305 79 41 des
508 1319 108 28 sons
639 1308 234 40 musicaux
906 1307 151 41 dérive
1079 1307 54 41 de
1170 1307 116 40 deux
1315 1308 228 52 principes
1569 1307 76 40 :le
1669 1306 205 52 nombre,
1910 1316 41 32 et
1973 1307 174 41 d'autre

108 1384 116 43 part,
251 1375 40 40 la
319 1376 146 52 dyade
488 1376 55 41 de
564 1376 139 51 l'aigu
727 1385 42 32 et
790 1377 60 40 du
874 1390 140 38 grave
1041 1390 38 35 »,
1195 1385 112 32 cette
1331 1377 171 40 théorie
1535 1376 181 41 est-elle
1749 1382 87 35 très
1860 1378 286 39 sérieuse?...

106 1444 53 56 Je
181 1458 114 27 veux
313 1460 28 38 y
364 1447 99 39 voir
485 1460 193 40 granum
700 1446 106 40 salis
812 1478 8 8 .
844 1446 112 41 Bien
981 1460 87 40 que
1092 1447 39 40 la
1154 1446 214 41 méthode
1401 1446 55 40 de
1486 1446 160 41 travail
1671 1447 143 39 suivie
1834 1460 82 38 par
1933 1444 63 42 M.
2023 1444 95 42 Dau-

108 1516 92 39 riac
223 1528 56 27 ne
303 1516 86 40 soit
409 1528 82 39 pas
512 1515 40 40 la
578 1516 197 47 mienne,
801 1524 41 32 et
865 1530 86 38 que
975 1529 71 27 ses
1068 1516 124 40 idées
1218 1528 70 28 me
1311 1516 257 52 paraissent
1587 1515 311 52 incomplètes,
1925 1528 57 28 ou
2006 1514 119 41 insuf-

108 1582 263 43 fisamment
393 1585 330 47 coordonnées,
750 1585 38 53 je
805 1585 103 40 n'en
921 1587 40 38 ai
986 1598 81 40 pas
1087 1586 150 39 moins
1262 1585 45 40 lu
1329 1598 82 27 son
1427 1585 109 39 livre
1554 1598 106 27 avec
1676 1584 234 53 beaucoup
1925 1584 54 40 de
1993 1582 151 54 profit,

108 1662 41 32 et
173 1654 39 52 je
233 1655 95 39 suis
352 1658 157 37 assuré
531 1652 106 55 qu'il
661 1654 144 52 plaira
827 1653 233 54 beaucoup
1085 1668 56 27 au
1161 1654 168 52 public.

1355 1651 79 58 J.
1473 1651 79 58 C.

879 1936 533 53 Correspondance.

1395 2061 117 41 Paris,
1536 2064 33 29 le
1595 2071 35 22 11
1663 2060 72 34 mai
1757 2072 106 32 1904.

1299 2149 34 31 9,
1354 2147 64 23 rue
1437 2137 47 32 du
1510 2137 269 33 Commandant
1803 2137 214 33 Marchand,

336 2241 254 44 MONSIEUR
623 2257 52 26 LE
704 2243 287 50 DIRECTEUR,

162 2337 51 56 Je
237 2338 54 40 lis
318 2338 114 41 dans
458 2337 39 41 le
526 2338 180 40 dernier
728 2343 191 36 numéro
943 2339 54 40 de
1031 2339 39 40 la
1102 2338 146 41 Revue
1283 2339 206 40 musicale
1528 2337 132 54 (page
1694 2342 98 41 268)
1828 2339 40 41 la
1893 2339 127 41 lettre
2058 2353 86 39 que

108 2406 63 41 M.
197 2406 242 42 Théodore
465 2406 205 43 Reinach
686 2420 114 28 vous
826 2422 22 26 a
874 2408 208 40 adressée
1100 2422 56 26 au
1193 2409 115 52 sujet
1340 2408 54 40 de
1428 2409 169 39 certain
1619 2421 196 39 passage
1834 2408 59 40 du
1926 2408 137 40 ballet
2086 2408 59 41 du

109 2475 95 41 Fils
223 2477 51 39 de
291 2474 194 42 VEtoile.

165 2544 314 42 M.Théodore
501 2545 204 42 Reinach
796 2547 76 51 qui
892 2554 105 32 veut
1011 2544 105 42 bien
1136 2558 72 27 me
1226 2545 175 41 donner
1417 2546 79 40 des
1519 2546 222 51 louanges
1764 2544 257 43 infiniment
2034 2546 90 40 déli-

108 2625 120 32 cates
248 2624 42 32 et
314 2624 99 44 trop
440 2615 247 49 flatteuses,
710 2615 111 40 dont
837 2615 39 53 je
900 2615 61 40 lui
985 2616 90 39 sais
1100 2614 39 41 le
1160 2614 101 53 plus
1281 2614 146 52 grand
1446 2619 136 47 gré—
1598 2624 107 43 peut
1729 2628 46 27 se
1792 2628 204 27 rassurer
2017 2628 55 27 en
2096 2629 47 26 ce

109 2688 77 51 qui
210 2699 221 28 concerne
453 2685 40 40 le
516 2685 109 50 long
649 2697 212 28 morceau
878 2698 116 39 pour
1012 2684 140 53 harpe
1169 2693 41 32 et
1232 2683 253 54 saxophone
1503 2686 93 50 qui,
1610 2684 114 41 dans
1740 2685 39 40 la
1797 2685 216 52 partition
2030 2697 115 39 pour

106 2757 155 52 piano,
287 2768 167 39 occupe
477 2755 64 41 les
555 2768 143 39 pages
720 2768 80 38 249
835 2758 21 36 à
882 2767 96 39 255.
996 2753 51 56 Je
1070 2770 28 24 n
1119 2755 39 39 ai
1197 2754 162 53 jamais
1383 2758 145 46 songé
1568 2758 21 35 à
1627 2753 262 41 dissimuler
1912 2753 39 41 la
1983 2767 159 27 source

107 2826 77 52 qui
205 2822 236 56 m'inspira
466 2838 47 27 ce
537 2837 229 28 morceau.
787 2822 156 54 Quant
964 2828 23 36 à
1006 2824 39 40 la
1065 2831 140 34 ((note
1227 2834 21 28 ))
1274 2825 92 51 qui,
1388 2836 55 27 en
1464 2821 305 48 effet,devrait
1785 2821 169 53 figurer
1978 2838 55 26 au
2058 2822 82 42 bas

108 2896 54 41 de
186 2896 40 41 la
245 2909 119 39 page
381 2909 80 37 249
487 2906 9 28 :
599 2893 181 53 d'après
803 2894 114 40 deux
941 2894 192 52 hymnes
1156 2893 271 53 delphiques
1446 2892 223 42 recueillis
1689 2907 80 38 par
1794 2891 65 41 M.
1902 2892 241 42 Théodore

109 2965 222 52 Reinach,
429 2965 85 40 elle
547 2979 22 26 a
595 2965 207 52 toujours
825 2965 139 40 existé
1008 2978 78 27 sur
1121 2977 107 28 mon
1253 2963 261 40 manuscrit.
1543 2961 263 42 Seulement
1830 2962 41 41 le
1902 2976 195 37 graveur
2121 2977 21 25 a

106 3036 186 51 négligé
315 3036 54 40 de
393 3035 40 40 la
459 3036 257 47 transcrire,
742 3043 42 33 et
821 3036 39 52 je
883 3034 100 41 dois
1007 3047 169 28 avouer
1201 3047 87 40 que
1324 3041 111 32 cette
1463 3033 220 40 omission
1709 3031 202 52 échappa
1940 3045 57 26 au
2040 3044 79 27 cor-

105 3115 189 31 recteur.
319 3104 52 56 Je
393 3103 72 42 fus
485 3104 39 40 le
545 3106 196 51 premier
766 3108 22 36 à
812 3104 209 53 déplorer
1060 3109 131 47 après
1226 3104 39 39 le
1291 3104 143 49 tirage
1472 3099 198 42 définitif
1702 3100 225 41 l'absence
1949 3100 54 40 de
2031 3108 111 33 cette

108 3184 106 33 note
235 3188 103 40 que,
362 3173 106 42 bien
492 3182 136 32 avant
651 3174 39 40 la
728 3173 127 41 lettre
894 3174 349 40 revendicatrice
1282 3172 60 40 du
1384 3171 232 50 distingué
1656 3169 322 51 archéologue,
2004 3169 39 52 je
2068 3182 69 27 me

108 3246 174 53 promis
314 3244 55 40 de
392 3242 111 42 faire
526 3241 172 52 figurer
730 3256 77 27 sur
827 3243 40 40 la
889 3242 245 53 prochaine
1165 3242 171 40 édition
1376 3240 54 40 de
1451 3252 108 28 mon
1578 3250 216 39 ouvrage.
1819 3236 64 41 M.
1921 3236 220 51 Reinach,

108 3315 249 47 d'ailleurs,
384 3327 56 27 ne
461 3313 177 41 tardera
660 3326 81 38 pas
762 3317 23 36 à
809 3314 200 39 recevoir
1030 3314 172 39 entière
1237 3309 299 50 satisfaction,
1562 3308 40 40 la
1646 3308 221 52 première
1890 3306 170 41 édition
2086 3306 59 40 du

106 3384 94 42 Fils
233 3386 51 39 de
313 3382 178 42 l'Etoile
522 3387 122 36 étant
679 3386 21 36 à
731 3395 86 39 peu
841 3388 102 46 près
976 3383 201 52 épuisée.

166 3455 191 51 Agréez,
384 3462 83 34 etc.

1484 3515 203 42 CAMILLE
1711 3515 264 41 ERLANGER.
