2242 3671
117 174 80 38 274

797 418 334 42 GEORGES
1168 420 297 42 ENESCO

169 557 104 40 Ala
289 557 105 40 salle
414 555 163 52 Erard,
605 555 36 40 le
661 571 52 39 17
737 554 103 50 ma/,
867 556 154 40 devant
1046 570 81 25 une
1150 555 106 40 salle
1279 559 82 37 très
1400 555 202 41 brillante
1624 555 74 54 qui
1716 555 190 40 entendit
1932 556 58 40 les
2013 556 137 41 élèves

110 630 50 38 de
182 625 53 42 M
235 625 38 24 ne
294 625 157 41 Berthe
474 624 134 50 Kohi,
633 625 227 55 applaudit
884 625 286 51 Rousselière,
1194 632 37 33 e/
1247 625 59 42 W/
1330 624 61 43 Af.
1418 625 189 41 Rabaud
1639 625 169 55 diriger
1844 641 51 24 en
1936 634 214 45 personne

112 695 255 43 texécution
386 696 50 39 de
457 694 199 56 quelques
687 694 146 41 scènes
856 696 50 39 de
930 695 40 40 la
1008 694 111 41 Fille
1143 695 54 40 de
1222 694 196 49 Roland,
1445 695 37 40 /e
1519 694 187 42 virtuose
1727 694 171 41 Enesco
1924 693 96 56 (que
2044 710 107 25 nous

119 781 133 27 avons
291 768 196 38 retrouvé
535 780 54 24 au
634 764 244 41 Trocadéro
914 773 114 47 pour
1059 764 37 40 le
1117 764 185 54 festival
1334 763 311 53 Saint-Saëns)
1690 764 190 40 obtenait
1911 779 58 25 un
2006 766 144 38 succès

111 835 252 57 particulier
398 849 50 25 en
478 834 161 54 jouant
685 834 36 39 le
764 833 163 42 Rondo
977 835 272 51 capriccioso
1292 834 51 39 de
1386 832 306 52 Saint-Saëns,
1734 837 296 51 accompagné
2072 842 79 46 par

114 904 181 42 Vauteur
330 903 238 41 lui-même.
609 903 126 42 Nous
765 902 230 41 saisissons
1037 909 102 34 cette
1180 903 200 40 occasion
1420 911 118 45 pour
1569 902 171 55 publier
1780 903 37 40 le
1859 903 187 55 portrait
2094 903 56 39 du

114 975 159 40 célèbre
294 973 186 43 virtuose
502 979 36 34 et
562 972 62 41 lui
648 987 225 25 consacrer
895 987 82 25 une
993 973 120 52 place
1129 973 109 39 dans
1255 978 121 35 notre
1395 972 167 55 galerie
1590 973 73 39 des
1699 976 175 36 maîtres
1902 971 245 42 musiciens.

113 1044 169 40 Enesco
299 1049 59 33 est
377 1048 91 34 tout
473 1041 135 54 jeune
627 1056 166 35 encore,
838 1041 111 40 mais
985 1041 35 39 il
1039 1056 22 24 a
1086 1041 97 53 déjà
1207 1056 59 24 un
1289 1056 116 26 nom.
1432 1040 93 41 Son
1542 1041 151 54 visage
1729 1041 84 52 fait
1828 1056 162 40 songer
2026 1044 22 36 à
2091 1056 58 25 un

110 1112 243 41 Beethoven
385 1111 257 40 adolescent.
666 1109 110 41 C'est
795 1110 96 54 plus
909 1109 131 55 qu'un
1060 1110 338 40 instrumentiste
1419 1114 21 35 à
1460 1110 25 39 1
1491 1109 143 41 archet
1660 1111 85 39 très
1762 1110 197 55 puissant
1995 1117 37 33 et
2066 1125 85 25 aux

112 1182 147 54 doigts
297 1180 154 55 agiles,
476 1179 296 55 remarquable
799 1187 80 47 par
899 1180 41 39 la
960 1178 253 41 distinction
1237 1185 37 34 et
1291 1179 41 40 la
1355 1183 130 51 grâce
1506 1180 51 38 de
1574 1194 79 26 son
1675 1179 70 53 jeu
1771 1192 7 28 :
1807 1178 96 42 c'est
1925 1195 58 25 un
2013 1182 110 39 musi-

112 1255 96 36 cien
228 1249 452 55 exceptionnellement
723 1249 124 48 doué,
881 1248 88 54 qui,
993 1249 108 39 dans
1133 1255 135 33 toutes
1305 1248 57 40 les
1381 1255 162 48 parties
1578 1249 50 39 de
1651 1249 96 40 l'art
1767 1249 193 51 musical,
1984 1256 166 33 montre

112 1335 58 25 un
194 1319 175 41 instinct
388 1322 73 36 sûr
480 1325 36 34 et
539 1333 82 24 une
644 1319 168 38 adresse
841 1317 264 54 incroyable.
1131 1317 37 40 Il
1200 1324 59 33 est
1281 1318 206 40 excellent
1507 1318 203 55 pianiste,
1735 1334 100 24 sans
1856 1319 123 40 avoir
2001 1319 148 56 appris

111 1390 37 39 le
163 1389 134 55 piano
318 1404 11 33 ;
354 1395 37 33 et
407 1403 104 25 ceux
532 1387 87 55 qui,
643 1388 108 39 dans
776 1387 230 49 l'intimité,
1033 1385 104 42 l'ont
1157 1403 51 26 vu
1223 1387 132 54 jouer
1372 1396 82 46 par
1477 1403 115 24 cœur
1616 1387 68 51 [en
1701 1388 172 40 imitant
1892 1402 79 41 par
1991 1389 39 39 la
2048 1389 102 40 voix

111 1460 59 38 les
186 1458 264 55 principaux
480 1457 278 40 instruments
780 1458 51 39 de
860 1455 259 55 l'orchestre)
1162 1457 95 40 telle
1284 1457 209 55 partition
1518 1458 51 39 de
1609 1456 55 41 R.
1713 1457 213 55 Wagner,
1971 1465 75 33 ont
2087 1461 61 37 été

110 1526 227 57 stupéfaits
369 1528 51 39 de
449 1542 47 24 sa
525 1526 219 40 mémoire.
793 1524 58 42 Ce
892 1526 73 54 qui
999 1533 100 33 vaut
1131 1526 143 40 mieux
1315 1541 168 33 encore,
1509 1526 170 40 Enesco
1701 1534 58 34 est
1777 1542 58 25 un
1860 1528 288 54 compositeur

118 1597 214 54 original,
357 1596 109 40 mais
489 1611 87 25 non
598 1611 102 25 sans
722 1595 121 41 avoir
883 1595 148 55 appris
1053 1598 22 36 à
1096 1598 82 38 très
1197 1596 183 40 sérieuse
1419 1596 113 40 école
1571 1596 41 40 la
1656 1596 304 55 composition.
2003 1597 36 39 Il
2077 1595 70 42 n'a

109 1676 77 45 pas
208 1681 152 25 encore
382 1666 143 39 donné
548 1671 113 34 toute
675 1680 47 25 sa
744 1679 180 32 mesure,
937 1679 108 25 mais
1068 1664 58 40 les
1144 1668 141 37 succès
1309 1665 145 54 acquis
1476 1672 98 33 sont
1601 1681 58 24 un
1684 1672 161 48 garant
1868 1667 73 38 des
1962 1669 141 37 succès
2123 1670 23 35 à

112 1735 136 42 venir.
283 1735 123 41 Voici
424 1735 198 54 quelques
642 1741 120 34 notes
782 1749 73 25 sur
874 1749 48 25 sa
958 1733 260 56 biographie
1240 1735 108 40 dont
1367 1734 38 41 le
1423 1735 188 55 premier
1629 1735 191 55 chapitre
1838 1736 91 39 seul
1950 1736 197 53 pourrait

111 1808 86 37 être
221 1804 118 50 écrit,
367 1819 71 25 car
461 1803 33 40 il
514 1802 68 41 n'a
603 1812 79 46 pas
700 1819 51 38 23»
778 1818 78 25 ans
881 1813 13 31 !

165 1873 70 41 Né
258 1877 21 35 à
300 1872 246 49 Dorohoiû,
573 1887 51 25 en
640 1872 261 47 Roumanie,
921 1872 37 40 le
992 1888 51 40 ig
1084 1876 100 36 août
1211 1872 129 51 1881,
1363 1872 32 40 il
1416 1888 256 36 commence,
1697 1874 72 39 dès
1792 1874 115 54 l'âge
1931 1875 51 39 de
1996 1890 27 38 4
2048 1890 95 34 ans,

111 1948 23 36 à
156 1941 244 57 apprendre
424 1943 36 39 le
496 1942 148 42 violon
670 1956 97 26 avec
805 1956 78 25 son
920 1942 103 55 père
1045 1957 12 33 ;
1099 1946 23 36 à
1167 1956 22 42 5
1233 1957 93 33 ans,
1361 1942 33 40 il
1415 1942 82 40 sait
1521 1943 78 39 lire
1641 1943 39 39 la
1713 1943 207 55 musique,
1947 1951 36 33 et
2022 1947 22 35 à
2071 1944 79 55 7il

110 2019 116 34 entre
250 2028 52 24 au
322 2010 330 42 Conservatoire
674 2011 51 40 de
751 2010 178 50 Vienne,
955 2011 102 40 d'où
1077 2011 32 39 il
1143 2017 103 42 sort,
1273 2015 23 36 à
1324 2027 48 23 11
1400 2027 92 33 ans,
1517 2026 98 26 avec
1639 2011 36 40 le
1706 2028 18 23 i
1732 2020 31 18 er
1781 2013 104 54 prix
1923 2014 51 39 de
1996 2013 147 41 violon

109 2088 36 34 et
162 2082 42 40 la
227 2095 22 26 ((
276 2079 487 57 Gesellschaftmedaille
796 2093 43 36 )),
864 2083 281 51 témoignage
1178 2081 50 38 de
1249 2083 144 38 succès
1430 2081 109 40 dans
1569 2088 135 33 toutes
1727 2081 58 40 les
1822 2082 208 41 branches
2054 2083 67 40 d'é-

108 2152 133 39 tudes.
269 2151 92 40 Son
387 2154 149 36 maître
555 2158 113 47 pour
686 2150 41 39 la
751 2149 286 55 composition
1057 2155 63 34 est
1139 2149 183 40 d'abord
1343 2149 162 41 Robert
1536 2149 139 42 Fachs
1697 2163 12 27 :
1733 2154 22 35 à
1785 2167 18 24 1
1813 2164 24 39 q
1861 2166 93 37 ans,
1974 2152 169 40 Enesco

109 2218 583 43 entreauConservatoirede
711 2218 150 50 Paris,
885 2222 52 37 où
962 2218 34 41 il
1016 2225 85 34 suit
1125 2218 58 41 les
1207 2219 141 52 leçons
1372 2220 50 39 de
1444 2218 210 53 Marsick,
1672 2220 123 40 celles
1818 2221 51 39 de
1887 2220 65 40 M.
1972 2220 140 42 Masse-

110 2296 67 34 net
195 2297 36 33 et
252 2289 117 51 enfin
394 2288 122 41 celles
539 2290 51 38 de
615 2286 60 42 M.
708 2287 177 41 Gabriel
906 2286 158 42 Fauré.
1101 2288 36 40 Il
1158 2288 199 54 poursuit
1388 2303 63 25 ses
1472 2290 142 39 études
1657 2290 51 40 de
1738 2290 271 55 contrepoint
2042 2306 101 25 sous

108 2359 41 40 la
167 2358 212 41 direction
403 2359 51 39 de
475 2357 62 41 M.
578 2356 213 55 Gédalge.
811 2357 71 40 En
913 2357 129 56 iBgg,
1068 2357 33 40 il
1124 2357 163 41 obtient
1311 2358 37 40 le
1368 2358 186 54 premier
1575 2359 104 54 prix
1701 2360 52 39 de
1783 2359 165 42 violon.
1988 2359 156 41 Parmi

108 2429 58 39 les
179 2428 238 40 meilleures
433 2443 162 25 œuvres
615 2427 228 52 d'Enesco,
857 2427 48 53 je
925 2427 149 40 citerai
1094 2441 7 26 :
1118 2426 169 41 Poème
1309 2429 208 40 roumain
1536 2427 8 49 (
1556 2429 218 49 Colonne,
1800 2429 116 56 i8g8
1919 2429 12 54 )
1952 2445 12 33 ;
1983 2429 132 42 Pasto-

109 2499 91 40 rale
222 2500 12 51 (
242 2496 127 53 ibid.,
399 2497 129 56 iBgg)
549 2509 9 35 ;
584 2511 21 26 2
628 2495 196 43 Sonates
847 2496 134 55 piano
1006 2503 36 34 et
1066 2496 147 41 violon
1229 2495 146 56 {petits
1391 2496 206 42 Concerts
1619 2497 213 52 Colonne,
1853 2497 202 56 iBgB-g),
2070 2500 73 40 des

108 2568 259 40 Variations
393 2572 20 35 à
452 2582 20 24 2
509 2568 161 51 pianos
706 2565 144 50 {ibid.,
882 2565 134 57 iBgg)
1041 2580 9 35 ;
1074 2581 58 25 un
1157 2575 157 33 octuor
1343 2575 112 46 pour
1496 2566 280 42 instruments
1799 2572 24 36 à
1856 2568 148 40 cordes
2028 2584 12 33 ;
2060 2584 82 24 une

109 2635 282 55 Symphonie
414 2645 286 32 concertante
715 2643 113 47 pour
847 2635 254 41 violoncelle
1124 2642 37 34 et
1180 2635 235 50 orchestre;
1434 2652 20 24 2
1473 2637 268 53 rhapsodies
1757 2639 259 39 roumaines
2027 2646 114 47 pour

108 2706 263 40 orchestre...
395 2704 167 42 L'hiver
581 2704 229 56 prochain,
835 2704 58 40 les
915 2703 205 42 Concerts
1139 2704 283 42 dominicaux
1443 2721 109 25 nous
1577 2706 265 54 fourniront
1880 2710 81 37 très
1978 2708 135 54 proba-

109 2774 180 40 blement
313 2772 232 42 l'occasion
569 2775 51 38 de
641 2788 95 26 voir
755 2776 135 37 mûrir
911 2788 43 25 ce
965 2773 135 53 jeune
1120 2780 37 34 et
1179 2777 83 37 très
1280 2775 139 39 solide
1441 2775 147 48 talent,
1614 2775 75 54 qui
1707 2791 22 25 a
1753 2776 167 55 grandi
1930 2777 211 54 jusqu'ici

109 2859 53 24 au
196 2843 148 40 milieu
380 2844 71 39 des
490 2843 98 54 plus
628 2842 114 41 vives
776 2842 273 55 sympathies.
1099 2841 67 41 Un
1194 2851 81 46 peu
1300 2847 102 50 gâté
1440 2851 81 47 par
1560 2844 58 40 les
1658 2845 147 40 salons
1844 2845 217 55 parisiens
2102 2853 39 34 et

109 2916 238 51 étrangers,
370 2912 105 54 qu'il
494 2911 170 41 charme
685 2920 79 45 par
784 2925 49 26 sa
856 2911 139 40 bonne
1014 2916 146 50 grâce,
1176 2927 47 24 sa
1244 2912 191 55 parfaite
1458 2913 228 41 éducation
1699 2921 37 33 et
1757 2930 47 24 sa
1825 2916 315 54 complaisance

109 2981 220 55 artistique
361 2981 282 55 inépuisable,
701 2980 194 55 Georges
926 2980 170 41 Enesco
1135 2989 124 47 passe
1297 2982 199 54 quelques
1534 2982 226 51 semaines,
1800 2991 94 34 tous
1941 2985 59 40 les
2034 2988 99 46 étés,

108 3051 71 41 che
182 3066 23 39 1
226 3051 41 40 la
291 3051 118 39 reine
433 3052 50 38 de
499 3050 261 52 Roumanie,
783 3059 110 47 pour
901 3050 124 54 faire
1063 3051 50 39 de
1138 3050 42 40 la
1211 3050 207 55 musique.
1460 3052 157 40 Puisse
1652 3053 40 41 la
1728 3054 224 41 virtuosité
1975 3069 51 26 ne
2052 3062 80 48 pas

108 3121 36 40 le
163 3121 228 40 détourner
414 3121 56 39 du
494 3121 146 53 grand
672 3127 65 34 art
769 3121 51 39 de
842 3120 42 40 la
904 3119 303 55 composition,
1228 3128 111 47 pour
1362 3121 136 54 lequel
1513 3122 33 40 il
1568 3129 58 34 est
1640 3123 39 40 si
1701 3123 95 40 bien
1816 3124 111 40 doué
1953 3128 14 36 !
