2249 3823
820 202 51 27 LA
904 194 280 38 TÉTRALOGIE
1217 205 24 25 A
1275 204 114 28 LYON

2049 196 78 49 289

92 290 221 42 direction
337 292 54 41 de
412 306 83 28 son
518 294 216 42 excellent
757 295 116 51 chef,
894 295 63 41 M.
992 296 212 54 Philippe
1229 298 128 50 Flon,
1386 298 29 40 il
1441 312 20 26 a
1488 303 88 36 très
1601 296 104 43 bien
1727 297 81 42 fait
1834 301 207 39 ressortir
2063 299 64 42 les

92 364 156 49 étapes
274 362 60 40 du
364 362 377 54 développement
778 365 189 41 musical
987 375 42 31 et
1063 366 65 41 les
1169 366 343 43 combinaisons
1534 369 37 39 si
1595 368 338 51 généralement
1954 370 172 40 variées

92 429 80 41 des
198 431 152 41 motifs
373 432 262 41 directeurs.
656 433 69 40 En
748 435 186 49 général
955 435 251 52 cependant
1228 437 29 40 il
1282 438 202 39 couvrait
1503 445 98 45 trop
1623 437 63 41 les
1709 439 117 46 voix,
1849 437 30 41 il
1899 439 229 50 exagérait

94 498 64 42 les
183 499 127 42 effets
333 515 205 28 sonores.
565 501 108 41 Cela
695 510 106 44 peut
820 506 92 37 être
931 503 174 53 imputé
1127 509 22 36 à
1170 505 40 40 la
1230 505 273 53 disposition
1524 506 77 41 des
1626 506 195 42 théâtres
1844 506 210 52 français,
2069 514 56 34 où

95 568 63 42 les
179 572 245 39 musiciens
444 585 55 26 ne
520 579 100 33 sont
644 585 96 38 pas,
767 585 174 27 comme
963 576 22 36 à
1004 572 243 54 Bayreuth,
1275 574 150 52 placés
1448 576 270 41 au-dessous
1742 576 54 41 de
1820 576 40 41 la
1885 582 145 36 scène.
2056 576 70 42 En

95 647 143 42 outre,
266 640 63 40 les
353 642 298 39 instruments
675 644 22 36 à
728 640 175 51 cordes,
929 654 55 28 en
1008 641 189 41 nombre
1218 642 269 50 insuffisant,
1509 647 166 39 étaient
1710 654 97 44 trop
1832 655 190 32 souvent
2044 646 55 41 do-

96 710 163 50 minés,
285 713 178 38 écrasés
483 724 83 39 par
586 710 63 40 les
666 712 192 38 cuivres.
881 708 299 54 Néanmoins,
1206 712 226 52 plusieurs
1453 727 240 27 morceaux
1717 724 76 31 ont
1829 719 67 37 été
1920 715 206 42 conduits

96 778 393 50 magistralement
510 790 7 28 :
551 779 39 40 la
626 778 316 52 Chevauchée,
972 778 331 52 l'lncantation,
1329 781 39 40 le
1406 781 194 42 Prélude
1622 783 55 40 de
1710 781 94 42 YOr
1826 784 56 39 du
1910 783 119 41 Rhin
2037 818 8 16 ,
2085 785 40 40 la

97 846 274 43 Rheinfahrt
393 857 42 32 et
460 849 39 40 le
523 849 151 40 thème
694 846 108 43 final
826 849 54 41 de
905 849 39 40 la
964 849 304 54 Rédemption
1288 865 81 38 par
1388 849 219 42 l'Amour.

152 916 123 41 Pour
318 918 376 53 l'interprétation
730 919 171 50 vocale,
963 919 115 40 deux
1119 920 177 40 artistes
1352 919 183 41 doivent
1576 924 92 36 être
1710 922 86 39 mis
1851 920 106 42 hors
2003 924 121 51 pair:

94 984 46 41 M
148 983 38 24 lle
206 985 195 56 Janssen
425 996 41 32 et
489 986 63 41 M.
579 987 206 41 Verdier.
820 986 47 42 M
872 985 39 26 lle
931 987 195 41 Janssen
1148 990 138 39 tenait
1314 989 63 40 les
1399 988 116 41 rôles
1538 989 55 41 de
1625 988 282 43 Brunnhilde
1942 990 113 42 dans
2092 992 38 40 le

98 1053 260 56 Crépuscule
399 1057 73 39 des
512 1056 146 41 Dieux
693 1066 41 32 et
767 1057 54 41 de
859 1055 235 53 Sieglinde
1132 1058 114 40 dans
1280 1058 39 40 la
1355 1057 239 53 Walkyrie.
1621 1058 136 42 Elève
1793 1060 53 40 de
1882 1060 39 40 la
1958 1060 172 50 grande

96 1123 206 43 Materna
322 1134 42 33 et
378 1126 215 41 chantant
615 1127 351 41 exclusivement
987 1141 55 27 au
1065 1127 172 41 théâtre
1254 1127 63 41 les
1335 1141 177 28 œuvres
1530 1127 53 42 de
1599 1127 223 52 Wagner,
1841 1137 112 33 cette
1978 1131 153 39 artiste

99 1195 194 51 possède
319 1205 148 32 toutes
494 1196 64 41 les
595 1197 241 40 traditions
860 1197 55 40 de
950 1196 257 54 Bayreuth;
1235 1211 47 27 sa
1300 1199 102 39 voix
1423 1206 66 32 est
1512 1197 106 41 d'un
1643 1196 161 42 timbre
1827 1204 88 35 très
1938 1213 97 38 pur,
2062 1212 71 27 ses

98 1273 152 41 gestes
273 1274 42 32 et
339 1279 71 27 ses
441 1265 212 42 attitudes
678 1267 213 52 toujours
912 1266 189 53 amples,
1129 1279 71 28 ses
1225 1275 177 32 accents
1439 1267 479 41 extraordinairement
1951 1267 152 40 drama-

99 1335 148 51 tiques
279 1343 41 32 et
346 1334 259 54 expressifs.

158 1402 184 54 Chargé
361 1405 60 41 du
447 1405 93 41 rôle
560 1409 206 37 écrasant
780 1404 53 42 de
849 1402 225 54 Siegfried
1098 1405 113 40 dans
1232 1404 63 41 les
1319 1404 115 41 deux
1453 1404 228 41 dernières
1702 1406 167 40 soirées
1893 1405 53 40 de
1963 1404 173 53 chaque

102 1473 137 53 cycle,
265 1472 64 42 M.
352 1473 189 42 Verdier
563 1474 105 41 s'est
688 1474 145 41 classé
856 1475 145 51 parmi
1027 1474 64 40 les
1115 1474 218 52 premiers
1357 1477 151 37 ténors
1527 1475 287 49 wagnériens
1837 1474 58 40 du
1919 1482 216 42 moment,

101 1555 56 28 en
180 1542 123 53 dépit
332 1543 107 41 d'un
465 1557 170 37 organe
666 1543 266 41 défectueux
964 1551 42 32 et
1027 1542 135 41 sourd
1187 1542 113 40 dans
1318 1542 39 40 le
1378 1555 153 38 grave.
1560 1540 121 42 C'est
1703 1555 105 28 avec
1838 1555 86 28 une
1949 1544 191 39 autorité

105 1612 332 41 incontestable
466 1621 42 32 et
532 1626 88 27 une
645 1626 97 27 rare
772 1611 289 52 intelligence
1095 1613 213 50 scénique
1333 1609 108 54 qu'il
1476 1625 22 26 a
1529 1612 86 39 mis
1639 1624 54 27 en
1714 1609 129 43 relief
1861 1611 39 41 le
1920 1617 221 35 caractère

104 1682 151 52 jeune,
296 1683 263 39 insouciant
581 1690 42 32 et
666 1681 220 52 héroïque
924 1681 54 40 de
1011 1693 83 28 son
1120 1693 303 40 personnage.
1453 1678 60 43 Sa
1540 1680 169 41 diction
1736 1689 66 32 est
1825 1680 132 41 d'une
1997 1685 146 37 sûreté

111 1750 291 53 impeccable.
426 1748 164 55 Quelle
606 1750 115 41 belle
740 1750 224 40 vaillance
981 1750 114 40 dans
1120 1749 39 41 la
1188 1755 131 35 scène
1341 1749 111 41 delà
1477 1748 129 53 forge
1620 1753 7 37 !
1644 1748 268 54 Cependant
1924 1754 192 48 nouspré-

110 1819 153 42 férons
287 1828 66 33 cet
378 1822 154 39 artiste
555 1834 56 27 en
639 1820 63 41 les
722 1832 222 41 passages
967 1819 54 41 de
1050 1818 201 42 douceur
1272 1827 43 33 et
1338 1819 54 40 de
1413 1816 181 56 finesse,
1622 1819 81 40 tels
1727 1820 63 40 les
1813 1833 256 27 murmures
2091 1819 54 41 de

108 1889 40 41 la
169 1889 115 42 forêt
305 1898 41 33 et
371 1889 38 42 le
434 1888 195 43 récitatif
647 1890 160 53 jamais
832 1898 97 44 trop
951 1889 109 51 long
1084 1889 59 40 du
1169 1887 275 56 Crépuscule.

162 1958 64 42 M.
255 1958 189 55 Sylvain
468 1960 114 40 dans
606 1959 39 41 le
667 1959 93 41 rôle
785 1959 58 40 du
866 1957 218 43 farouche
1103 1957 172 55 Hagen,
1292 1956 63 41 M.
1379 1956 267 42 Cazeneuve
1669 1957 237 41 danscelui
1929 1958 54 40 de
2003 1956 143 53 Loge,

106 2029 63 41 M.
198 2029 155 41 Vialas
374 2043 55 27 en
455 2029 157 48 Mime,
638 2028 63 41 M.
727 2029 186 50 Dangès
937 2029 114 40 dans
1074 2026 246 42 l'Albérich
1344 2027 55 40 de
1419 2026 96 41 l'Or
1542 2027 56 39 du
1620 2025 119 41 Rhin
1768 2036 77 31 ont
1869 2025 78 42 fait
1983 2039 166 40 preuve

106 2099 56 40 de
183 2098 235 54 beaucoup
444 2099 198 51 dégoût,
667 2097 114 42 d'art
804 2107 42 31 et
866 2098 54 40 de
940 2096 131 54 style.
1099 2095 63 41 M.
1190 2095 174 52 Seguin
1385 2110 23 26 a
1427 2100 209 49 présenté
1659 2110 60 26 un
1743 2095 193 53 superbe
1958 2095 188 49 Wotan,

110 2169 116 40 mais
251 2173 22 35 à
299 2168 40 41 la
362 2170 102 39 voix
489 2167 104 42 bien
614 2166 214 52 fatiguée.
852 2166 89 41 Des
963 2175 151 32 autres
1134 2168 265 50 interprètes
1420 2178 115 28 nous
1556 2178 55 28 ne
1634 2165 155 41 dirons
1809 2166 109 39 rien.

167 2237 128 43 Nous
318 2251 56 28 ne
414 2251 116 28 nous
555 2237 285 41 attarderons
866 2250 82 40 pas
980 2236 259 50 davantage
1272 2239 22 36 à
1330 2234 201 51 signaler
1554 2243 146 32 toutes
1723 2233 64 41 les
1809 2247 177 27 erreurs
2009 2243 42 31 et
2087 2234 62 40 les

111 2307 339 54 imperfections
486 2308 55 40 de
577 2307 39 41 la
655 2308 112 39 mise
800 2319 56 28 en
893 2310 156 36 scène:
1078 2304 109 41 elles
1213 2303 148 42 furent
1397 2303 298 42 nombreuses
1732 2303 264 53 cependant.
2029 2302 120 54 Trop

111 2387 194 31 souvent
325 2377 64 41 les
411 2377 162 41 détails
591 2377 143 52 précis
759 2376 211 51 indiqués
994 2387 106 28 avec
1123 2375 100 40 soin
1247 2373 136 53 parle
1404 2377 160 36 maître
1587 2371 148 42 furent
1754 2372 206 51 négligés
1979 2385 57 27 ou
2060 2371 89 40 mal

111 2448 202 51 compris
336 2457 9 38 ;
367 2455 99 43 trop
501 2453 192 33 souvent
713 2445 40 39 la
785 2444 218 40 direction
1028 2458 23 25 a
1079 2442 146 41 reculé
1244 2442 165 40 devant
1433 2441 79 40 des
1535 2439 108 42 frais
1671 2441 54 40 de
1755 2441 313 47 machinisme,
2095 2453 54 28 en

113 2514 271 54 simplifiant
400 2516 228 52 plusieurs
647 2513 143 47 effets,
804 2521 125 32 entre
948 2521 150 31 autres
1117 2525 113 39 pour
1247 2510 40 40 le
1304 2509 250 41 combatdu
1578 2509 175 51 dragon
1771 2509 113 40 dans
1903 2508 244 55 Siegfried,

115 2585 41 41 la
196 2590 132 35 scène
351 2583 136 42 finale
527 2584 59 41 du
627 2582 262 56 Crépuscule
896 2613 9 18 ,
946 2590 120 32 etc...
1107 2580 71 42 En
1204 2589 143 39 outre,
1374 2578 107 42 bien
1503 2592 86 40 que
1612 2578 39 40 le
1673 2577 152 54 public
1848 2577 65 41 fût
1949 2578 200 40 endroit

113 2653 253 42 d'attendre
394 2667 88 28 une
505 2654 234 40 exécution
774 2651 222 52 intégrale
1019 2651 60 40 du
1100 2649 142 55 Ring,
1279 2663 57 27 on
1369 2663 21 26 a
1418 2650 209 51 pratiqué
1658 2647 54 41 de
1745 2647 149 51 larges
1928 2660 221 40 coupures

115 2725 115 40 dans
261 2724 65 40 les
363 2732 160 45 quatre
554 2723 169 53 parties
755 2721 54 41 de
841 2719 202 43 l'œuvre.

170 2793 70 42 En
274 2792 248 49 définitive,
562 2794 36 39 si
633 2792 40 40 la
698 2791 263 51 Tétralogie
987 2794 21 37 à
1044 2788 130 55 Lyon
1197 2797 66 33 est
1291 2792 142 37 restée
1463 2787 93 42 loin
1587 2787 113 41 delà
1726 2785 262 55 perfection,
2015 2799 57 28 on
2095 2800 54 27 ne

115 2872 106 45 peut
245 2877 47 27 se
312 2871 202 33 montrer
538 2871 98 44 trop
661 2865 154 37 sévère
839 2873 115 40 pour
977 2873 88 28 une
1095 2858 213 41 tentative
1328 2856 173 49 hardie,
1527 2861 255 37 couronnée
1805 2857 54 40 de
1877 2862 168 43 succès,
2073 2857 75 52 qui

115 2948 23 26 a
181 2934 169 51 permis
390 2936 21 36 à
447 2931 105 42 bien
578 2931 79 41 des
703 2938 229 33 amateurs
971 2927 254 53 d'acquérir
1248 2940 87 27 une
1370 2940 85 27 vue
1488 2926 279 41 d'ensemble
1801 2926 54 40 de
1897 2925 39 41 la
1978 2925 170 52 grande

117 3015 155 29 œuvre
307 3002 341 50 wagnérienne.
673 2999 33 40 Il
740 2998 113 41 n'est
882 3012 82 40 pas
999 3002 22 37 à
1058 2998 40 40 la
1124 3000 152 50 portée
1311 2996 54 40 de
1403 3003 95 33 tout
1522 2995 38 40 le
1591 2994 166 41 monde
1792 2992 293 53 d'accomplir
2110 2992 39 40 le

117 3072 262 53 pèlerinage
411 3071 54 40 de
501 3069 261 54 Bayreuth!.

171 3140 95 42 Nos
287 3139 289 42 félicitations
597 3154 85 27 aux
705 3138 249 54 Lyonnais.

1618 3235 125 41 PAUL
1763 3234 157 41 ELNIS.

1999 3615 42 34 23

230 3636 42 30 K.
295 3634 50 32 M.
