3040 4282
1270 206 242 40 BRUNO'S
1563 205 253 40 WEEKLY

143 216 69 37 798

147 313 139 60 The
316 312 245 61 Genius
590 310 72 62 of
690 310 210 60 China

142 408 13 15 r
155 407 57 40 T'
235 407 84 40 HE
341 406 108 41 little
470 405 236 48 exhibition,
731 414 42 31 at
793 412 164 41 present
974 401 197 52 gathered
1193 401 41 39 in
1258 399 68 41 the
1347 399 140 41 Metro-

165 465 25 21 *
289 465 158 50 politan
484 463 216 49 Museum,
736 462 81 41 and
853 461 223 49 consisting
1108 458 45 41 of
1188 457 112 51 early
1335 456 177 42 Chinese

144 523 211 50 sculpture
393 522 80 41 and
512 531 174 40 pottery,
724 518 311 51 supplemented
1073 517 51 50 by
1162 533 23 24 a
1221 515 84 42 few
1341 514 169 41 Korean

146 581 148 51 things,
317 581 31 40 is
368 595 76 26 one
465 578 135 42 which
621 578 163 50 nobody
805 578 40 39 in
869 576 111 41 New
997 574 132 49 York,
1152 574 142 50 caring
1314 571 197 50 seriously

145 639 66 41 for
230 649 76 37 art,
327 637 148 42 should
496 636 75 41 fail
589 646 41 31 to
649 651 51 35 go
720 635 80 41 and
820 650 74 25 see.
946 634 50 39 In
1016 633 68 40 the
1102 632 124 47 main,
1248 630 69 42 the
1336 629 174 42 exhibits

143 712 68 26 are
233 695 242 51 artistically
496 694 215 50 arranged,
734 692 158 51 though
913 707 110 26 some
1043 689 44 42 of
1110 689 111 42 them
1242 687 143 43 would
1408 687 102 41 have

145 755 98 41 been
273 769 91 26 seen
395 764 42 30 to
466 762 162 42 greater
658 752 242 48 advantage,
932 747 211 52 certainly,
1174 747 80 41 had
1286 746 94 51 they
1410 745 99 41 been

143 813 120 51 given
287 827 114 26 more
425 809 203 52 carefully
651 809 148 41 chosen
825 806 307 52 backgrounds;
1157 804 125 43 while
1308 803 69 41 the
1403 813 87 31 cata-

143 870 120 52 logue
292 870 32 40 is
350 868 138 43 worth
517 868 153 50 buying
698 867 80 40 and
806 865 138 42 worth
971 865 184 49 keeping,
1186 872 72 31 not
1287 862 51 50 by
1366 875 142 27 reason

143 928 43 41 of
216 928 68 41 the
311 943 98 35 very
438 927 160 40 erudite
626 935 148 31 nature
800 923 44 41 of
874 924 52 40 its
954 931 200 39 contents,
1183 920 75 41 but
1286 920 52 51 by
1366 934 142 26 reason

141 986 44 42 of
212 987 50 40 its
287 986 112 49 quite
424 982 230 53 singularly
679 980 172 43 tasteful
877 994 262 37 appearance.
1197 977 241 49 Moreover,
1467 992 41 25 as

143 1044 92 41 Mr.
268 1042 174 42 Charles
471 1041 186 42 Ricketts
685 1039 197 47 observes,
914 1039 41 40 in
985 1037 61 41 his
1074 1035 192 43 valuable
1297 1036 130 49 Pages
1455 1049 53 26 on

141 1101 95 50 Art,
410 1097 123 44 much
559 1100 31 40 is
613 1098 153 41 known
788 1096 45 42 of
858 1096 148 51 Japan,
1033 1105 68 31 too
1127 1093 109 41 little
1259 1093 44 41 of

141 1160 99 41 And
267 1160 32 39 it
325 1159 31 40 is
383 1168 72 31 not
481 1157 69 41 the
576 1172 87 25 case
690 1155 91 41 that
807 1169 123 36 many
955 1153 44 41 of
1028 1153 113 41 those
1168 1151 158 42 endless
1352 1149 154 52 people,

140 1218 143 50 caring
303 1215 144 52 deeply
466 1215 68 41 for
554 1214 68 42 the
642 1213 225 48 woodcuts,
891 1212 68 41 the
980 1211 259 48 kakemonos,
1263 1209 68 41 the
1352 1208 156 41 faience

139 1275 46 42 of
208 1275 147 51 Japan,
383 1289 68 26 are
475 1288 127 35 prone
626 1282 42 31 to
693 1271 137 51 forget
855 1270 91 41 that
969 1269 200 51 Japanese
1194 1277 66 31 art
1284 1267 31 41 is
1340 1266 75 41 but
1439 1265 71 42 the

141 1333 249 42 descendant
413 1331 45 42 of
486 1329 203 43 Chinese?
744 1329 90 40 Not
859 1327 67 42 till
950 1328 125 40 about
1100 1325 69 42 the
1199 1324 97 42 13th
1322 1333 184 42 century,

139 1391 53 41 A.
219 1391 70 48 D.,
314 1390 70 41 did
409 1389 68 41 the
499 1389 201 50 Japanese
724 1387 119 50 begin
868 1395 42 32 to
935 1385 163 41 achieve
1119 1382 124 43 mtich
1268 1381 239 49 excellence,

140 1449 183 42 whereas
352 1448 68 41 the
439 1446 186 43 -Chinese
652 1460 109 27 were
790 1444 130 42 active
948 1442 141 42 before
1116 1441 69 41 the
1213 1441 124 41 dawn
1364 1439 46 42 of
1439 1439 69 41 the

141 1506 213 43 Christian
381 1520 91 33 era;
498 1505 81 41 and
604 1503 96 42 how
726 1517 91 26 rare
844 1517 50 25 an
921 1501 168 49 artistry
1112 1514 87 28 was
1224 1498 116 42 often
1368 1497 139 49 theirs,

142 1565 41 41 in
216 1564 90 41 that
339 1573 153 31 remote
524 1562 91 51 day,
647 1561 96 41 how
774 1559 143 51 deeply
949 1558 95 51 they
1075 1557 120 42 loved
1227 1557 149 50 beauty
1406 1570 101 27 even

141 1622 110 48 then,
277 1623 30 40 is
331 1620 174 42 testified
530 1618 256 51 abundantly
809 1618 52 51 by
884 1617 70 41 the
976 1625 163 42 present
1162 1614 238 42 exhibition.

139 1681 145 35 Father
308 1680 80 34 and
411 1680 82 34 Son

200 1739 49 40 In
279 1753 110 26 some
418 1752 124 36 ways,
574 1746 82 37 too,
689 1734 149 49 China,
872 1733 68 41 the
971 1732 150 48 father,
1154 1731 31 41 is
1214 1739 177 43 greater*
1406 1728 102 42 than

139 1797 149 52 Japan,
323 1796 69 40 the
421 1809 96 34 son;
549 1794 81 41 and
662 1792 69 42 the
763 1791 220 42 difference
1014 1789 185 42 between
1232 1788 112 42 them
1375 1786 135 52 might

140 1854 48 42 be
212 1853 231 50 compared,
471 1851 184 51 perhaps,
683 1861 42 31 to
753 1850 68 41 the
848 1848 220 42 difference
1095 1847 184 42 between
1308 1844 202 43 Flanders

141 1912 80 42 and
251 1913 169 40 France.
478 1909 159 51 Owing
663 1925 24 25 a
713 1917 116 43 great
856 1906 92 43 deal
974 1904 256 53 throughout
1258 1903 68 42 the
1352 1902 157 43 middle

141 1985 92 37 ages
267 1980 41 31 to
343 1969 213 48 Flanders,
593 1968 158 40 France
783 1966 71 41 has
886 1964 197 51 wrought
1117 1961 248 52 frequently,
1399 1962 110 41 since

141 2028 110 49 then,
280 2027 103 42 with
412 2043 52 25 an
492 2026 189 51 elegance
708 2025 81 40 and
817 2023 141 42 charm
985 2022 146 41 denied
1160 2030 42 32 to
1230 2020 69 41 the
1328 2018 180 42 Flemish

139 2086 152 42 school.
351 2086 96 47 But,
478 2084 32 41 if
539 2084 68 41 the
635 2083 126 41 latter
786 2082 72 41 has
886 2096 124 26 never
1037 2079 209 51 produced
1274 2093 22 26 a
1324 2076 185 51 sculptor

140 2144 79 41 like
259 2144 193 48 Clodion,
494 2158 51 26 an
585 2141 176 42 ebeniste
799 2140 81 40 like
919 2138 207 47 Cressent,
1166 2152 23 26 a
1228 2137 162 50 painter
1428 2134 82 42 like

141 2203 196 41 Francois
367 2200 202 50 Boucher,
599 2198 160 42 neither
786 2197 73 42 has
888 2197 158 41 France
1075 2194 180 52 brought
1284 2192 115 44 forth
1430 2208 78 36 any

140 2261 119 41 artist
281 2275 43 26 so
347 2259 187 51 majestic
558 2273 41 26 as
622 2257 95 42 Van
743 2257 73 41 der
839 2254 123 49 Goes,
990 2253 167 42 Rubens
1180 2268 48 25 or
1251 2252 96 42 Van
1372 2250 135 52 Dyke.

139 2319 112 48 And,
278 2319 41 40 in
345 2317 67 41 the
437 2331 109 27 same
570 2331 104 35 way,
703 2314 138 42 China
865 2313 71 41 has
961 2326 125 27 never
1109 2310 161 53 yielded
1296 2325 44 26 so
1366 2309 143 50 dainty

140 2377 80 41 and
247 2375 188 52 graceful
463 2391 23 25 a
511 2384 152 31 master
689 2388 42 26 as
758 2372 220 47 Utamaro,
1006 2370 115 41 there
1148 2368 122 51 being
1296 2366 191 43 neverthe-

141 2435 87 49 less,
263 2435 40 39 in
336 2434 68 40 the
435 2433 88 41 best
552 2431 45 42 of
628 2431 71 41 old
732 2430 176 42 Chinese
940 2427 132 50 work,
1105 2443 23 26 a
1159 2425 108 52 lofty
1298 2425 210 52 grandeur

141 2491 241 52 apparently
410 2491 158 51 beyond
597 2489 69 41 the
694 2488 183 50 alchemy
904 2485 44 43 of
978 2486 69 41 the
1073 2485 213 51 Japanese,
1317 2483 191 42 Hokusai

141 2550 164 42 himself
338 2560 73 31 not
444 2549 207 49 excepted.
714 2547 176 47 Besides,
926 2544 69 42 the
1027 2544 121 41 finest
1181 2542 178 43 Chinese
1390 2540 120 43 work

139 2610 33 41 is
190 2624 113 26 more
322 2606 190 52 spiritual
532 2606 101 42 than
654 2605 68 41 the
741 2605 222 50 Japanese:
985 2603 32 40 it
1036 2601 84 49 has,
1143 2601 42 41 in
1205 2600 137 52 larger
1363 2599 147 51 degree

141 2667 99 42 than
266 2666 69 42 the
360 2665 137 49 latter,
524 2664 91 41 that
639 2678 112 27 sense
775 2662 45 42 of
845 2671 190 41 mystery,
1063 2659 92 42 that
1180 2659 62 41 air
1266 2658 44 41 of
1336 2667 150 32 remote-

141 2740 100 33 ness,
272 2723 137 43 which
438 2739 68 26 are
536 2737 151 36 among
715 2720 69 42 the
813 2720 132 50 prime
973 2718 175 52 insignia
1176 2717 45 41 of
1251 2716 70 42 the
1349 2714 161 43 noblest

141 2794 78 31 art.
272 2782 148 48 What,
447 2781 110 48 then,
583 2781 32 41 is
638 2789 42 32 to
704 2779 48 41 be
776 2777 136 43 learnt
936 2777 110 42 from
1070 2775 81 42 this
1174 2775 133 52 grand
1333 2773 177 43 Chinese

141 2841 167 43 school?
360 2839 160 44 Where
546 2839 72 41 lies
643 2837 69 42 the
738 2838 264 49 importance,
1031 2834 67 42 for
1122 2833 223 42 American
1372 2832 139 42 artists

143 2900 152 51 to-day,
329 2899 41 41 in
401 2898 82 41 this
513 2907 235 40 temporary
778 2894 219 52 gathering
1027 2902 42 32 at
1100 2892 69 41 the
1201 2889 309 52 Metropolitan

143 2956 231 42 Museum?

144 3016 84 35 The
257 3016 95 35 Cult
380 3014 43 35 of
448 3013 221 42 Simplicity

200 3073 163 43 Whoso
390 3071 143 43 would
562 3071 116 50 paint
706 3086 24 25 a
757 3078 117 42 great
901 3068 160 51 picture
1088 3075 111 33 must
1226 3065 164 42 become
1419 3079 42 27 as
1490 3079 24 26 a

144 3132 109 42 little
287 3131 124 42 child.
474 3129 136 49 Thus,
647 3128 33 41 if
714 3137 73 32 not
821 3125 161 52 exactly
1016 3126 42 40 in
1094 3124 111 42 these
1238 3123 151 48 words,
1423 3122 89 42 said

144 3190 107 42 Paul
288 3189 201 51 Ganguin
526 3203 53 26 on
617 3186 165 51 leaving
819 3185 158 41 France
1013 3183 69 42 for
1115 3181 163 51 Tahiti,
1316 3181 115 42 there
1468 3190 43 31 to

140 3265 119 35 carry
282 3247 68 42 the
373 3257 117 40 quest
513 3246 68 41 for
604 3246 69 41 the
695 3243 145 51 simple
864 3253 42 31 to
932 3242 69 42 the
1024 3240 149 43 ultima
1196 3239 129 50 thule,
1351 3254 138 35 espous-

143 3308 82 51 ing,
260 3317 42 31 to
335 3305 69 42 the
435 3305 87 42 best
553 3303 45 42 of
631 3303 63 42 his
725 3301 156 52 ability,
915 3300 69 41 the
1017 3299 74 42 life
1122 3298 45 42 of
1201 3298 68 42 the
1302 3297 209 51 primitive

141 3364 142 52 people
320 3364 133 42 round
488 3362 126 42 about
647 3361 99 41 him.
810 3359 101 42 And
945 3373 95 27 ever
1072 3358 108 42 since
1213 3356 51 43 he
1297 3355 98 43 took
1429 3354 82 43 this

140 3434 101 40 step,
273 3422 193 52 quixotic,
500 3418 187 54 possibly,
720 3419 52 51 by
803 3434 52 25 no
887 3432 139 27 means
1057 3414 214 52 resulting,
1304 3414 205 49 however,

144 3482 110 42 from
292 3496 111 27 mere
440 3480 132 42 desire
610 3478 68 42 for
716 3473 486 54 notorietysimplicity
1238 3473 72 42 has
1349 3472 100 42 been
1490 3487 23 27 a

144 3540 172 51 positive
338 3548 133 32 motto
496 3552 151 36 among
670 3534 70 44 the
762 3533 228 54 generality
1014 3532 45 42 of
1085 3530 266 53 aspirational
1374 3545 140 38 young

142 3599 182 50 painters
363 3595 81 44 and
485 3594 216 52 sculptors,
744 3593 107 42 alike
890 3593 42 41 in
975 3592 166 49 Europe
1182 3590 80 42 and
1303 3587 206 44 America.

139 3656 133 49 Well,
297 3655 113 43 those
433 3654 95 43 who
552 3668 68 27 are
643 3652 179 50 inspired
845 3651 52 51 by
921 3649 80 42 this
1024 3649 87 42 cult
1134 3647 90 44 will
1248 3647 100 49 find,
1375 3647 42 41 in
1442 3646 69 42 the

142 3715 178 43 Chinese
348 3713 239 48 exhibition,
619 3728 22 25 a
669 3710 214 51 plenitude,
910 3708 45 42 of
986 3707 138 52 things
1151 3706 99 42 well
1279 3705 138 43 worth
1447 3720 43 27 ac-

143 3773 166 51 cepting
336 3787 42 27 as
406 3786 52 27 an
486 3769 231 51 exemplar;
747 3768 81 42 and
857 3766 112 43 these
995 3766 139 42 words
1161 3764 100 42 hold
1289 3764 120 52 good,
1440 3771 73 33 not

140 3833 90 51 just
251 3831 44 42 of
319 3830 68 42 the
410 3828 223 51 sculpture,
658 3827 74 42 but
753 3826 45 42 of
824 3825 68 42 the
916 3825 170 42 faience.
1142 3824 83 41 For
1249 3822 69 42 the
1341 3822 172 51 pristine

142 3889 254 52 Mongolian
433 3897 156 41 potters
624 3886 122 42 knew
781 3883 109 43 little
926 3899 48 26 or
1008 3882 177 51 nothing
1219 3881 44 44 of
1301 3881 69 41 the
1409 3879 99 50 rich,

141 3949 191 41 intricate
373 3946 232 42 harmonies
645 3942 257 48 wherewith,
946 3942 42 41 in
1030 3940 69 43 the
1139 3940 137 42 minds
1315 3938 45 43 of
1403 3947 106 34 most

1578 302 154 50 people,
1765 302 176 41 Chinese
1972 312 65 30 art
2067 302 31 40 is
2128 300 156 51 mainly
2313 299 244 49 associated;
2588 299 81 41 and
2699 297 117 42 often
2849 297 94 51 they

1578 361 232 49 compassed
1845 360 160 50 beauty,
2038 359 88 51 just
2157 358 50 51 by
2240 358 108 41 their
2377 356 240 43 wonderful
2647 355 96 42 skill
2775 356 41 40 in
2849 370 71 26 con-

1577 419 160 50 ceiving
1757 419 79 40 and
1857 417 217 50 moulding
2094 432 23 25 a
2136 415 81 42 fine
2237 415 134 50 shape,
2393 415 69 41 the
2483 413 136 43 actual
2639 412 190 43 material
2849 412 94 51 they

1577 477 110 48 used,
1732 476 121 50 being
1894 474 237 51 frequently
2172 473 334 41 monocromatic.
2580 472 239 41 Sometimes
2863 470 80 41 this

1576 532 189 43 material
1790 534 31 40 is
1845 533 194 41 destitute
2061 532 45 41 of
2130 532 188 41 intrinsic
2340 530 154 49 charm,
2519 530 75 41 but
2618 539 41 32 at
2683 529 119 41 other
2825 528 118 42 times

1577 592 68 41 the
1671 591 131 51 single
1828 591 143 41 colour
1997 590 212 51 employed
2238 590 32 41 is
2296 605 53 25 no
2377 588 75 42 less
2478 587 240 43 wonderful
2745 586 101 41 than
2874 586 69 41 the

1576 649 133 50 shape,
1739 650 51 40 its
1816 648 136 42 choice
1980 648 157 41 reflects
2165 663 51 25 no
2244 647 76 41 less
2346 645 195 52 masterly
2569 661 51 25 an
2649 644 293 49 aestheticism;

1577 708 80 41 and
1689 707 80 40 this
1798 707 110 50 pink,
1940 706 111 41 these
2079 706 175 50 varying
2283 704 143 42 shades
2455 704 44 41 of
2531 704 181 40 irisdo
2743 702 96 51 they
2868 711 74 32 not

1576 775 182 39 compete
1786 780 114 25 more
1928 763 103 42 with
2061 764 161 40 flowers
2252 762 100 41 than
2381 761 103 42 with
2515 761 200 51 anything
2743 760 119 41 made
2891 760 52 50 by

1576 823 68 41 the
1670 823 109 41 hand
1806 822 44 41 of
1876 821 124 41 man?
2057 821 68 41 Or
2151 820 94 42 look
2272 831 42 31 at
2341 820 110 40 these
2477 834 125 34 vases,
2629 818 137 42 which
2793 817 150 52 belong

1575 892 42 30 to
1639 897 23 24 a
1683 880 140 41 rather
1842 879 106 42 later
1968 880 154 49 period,
2145 879 125 41 hence
2291 878 154 50 having
2465 893 53 25 on
2541 876 111 42 them
2674 875 127 52 slight
2822 874 121 43 floral

1576 939 278 47 decorations;
1894 938 81 41 and
2014 937 169 41 observe
2219 935 105 43 with
2362 935 117 42 what
2517 934 206 42 infallible
2760 944 98 38 tact,
2899 934 42 40 in

1576 996 141 51 nearly
1746 1012 120 35 every
1894 1011 99 32 case,
2024 994 69 42 the
2122 994 109 41 little
2258 1009 120 36 spray
2406 993 72 41 has
2506 992 100 42 been
2636 992 142 50 placed
2806 1007 54 26 on
2889 991 52 42 its

1576 1054 240 50 repoussoir.
1877 1054 128 47 Here,
2037 1053 158 48 indeed,
2225 1052 33 41 is
2285 1051 108 42 ideal
2422 1051 234 51 designing:
2688 1066 22 25 a
2738 1049 131 42 lesson
2899 1049 42 41 in

1576 1112 68 41 the
1679 1112 109 41 craft
1823 1111 44 41 of
1903 1111 281 49 composition,
2222 1109 91 42 that
2348 1109 109 42 craft
2491 1108 137 43 which
2664 1109 31 40 is
2731 1107 69 42 the
2834 1116 108 32 most

1575 1170 174 41 difficult
1772 1170 44 40 of
1842 1169 55 41 all
1922 1168 113 42 those
2058 1168 136 42 which
2219 1167 68 41 the
2313 1168 118 40 artist
2454 1176 111 32 must
2589 1176 164 31 master.

1573 1240 209 41 Sculpture

1630 1307 99 42 And
1765 1308 173 50 turning
1972 1307 110 41 from
2117 1306 69 42 the
2221 1306 156 41 faience
2412 1315 42 31 to
2490 1304 69 42 the
2591 1315 199 40 statuary,
2826 1303 115 42 there

1576 1382 68 25 are
1680 1366 144 49 found,
1862 1366 41 40 in
1940 1380 222 26 numerous
2196 1364 150 49 works,
2382 1378 184 36 passages
2600 1361 46 42 of
2682 1361 69 42 the
2785 1371 156 32 utmost

1574 1424 269 49 incisiveness,
1866 1423 69 41 the
1957 1423 118 41 artist
2096 1422 235 51 expressing
2350 1436 109 26 some
2480 1421 121 50 given
2623 1420 120 51 thing
2764 1421 42 40 in
2826 1419 116 42 what

1570 1483 31 40 is
1619 1481 223 51 seemingly
1861 1481 69 41 the
1948 1480 168 42 briefest
2134 1479 172 51 possible
2324 1494 184 33 manner,
2529 1494 42 26 as
2588 1478 167 42 witness
2773 1476 169 53 notably

1574 1540 80 41 this
1677 1539 110 42 little
1809 1549 134 32 statue
1965 1539 44 40 of
2035 1537 232 52 Narayuin.
2323 1537 70 41 He
2416 1537 32 40 is
2472 1553 22 25 a
2518 1536 122 51 deity,
2666 1536 199 50 regarded
2890 1535 52 51 by

1574 1598 69 41 the
1669 1597 176 42 Chinese
1871 1613 41 25 as
1939 1596 68 42 the
2033 1606 209 40 protector
2266 1595 44 41 of
2338 1594 201 49 Buddha;
2566 1595 81 40 and
2673 1593 50 42 he
2750 1594 31 41 is
2809 1609 111 34 repre-

1574 1656 154 48 sented,
1763 1654 274 52 accordingly,
2073 1670 41 26 as
2148 1670 22 26 a
2199 1669 97 27 man
2328 1653 44 41 of
2403 1663 91 31 vast
2525 1651 181 52 physical
2737 1651 202 51 strength.

1576 1714 84 41 But
1682 1713 188 42 whether
1892 1712 166 41 himself
2082 1729 22 24 a
2129 1713 152 40 devout
2306 1710 207 42 Buddhist
2536 1726 48 25 or
2607 1720 84 38 not,
2718 1709 69 42 the
2809 1709 111 51 sculp-

1576 1781 66 31 tor
1672 1772 41 40 in
1744 1771 81 41 this
1855 1772 183 40 instance
2066 1770 73 41 has
2167 1770 147 49 stated,
2346 1768 164 51 clearly,
2542 1767 62 42 his
2633 1777 211 40 contempt
2873 1767 69 42 for

1574 1829 120 42 brute
1719 1829 112 41 force
1857 1829 81 41 and
1965 1828 91 41 lack
2080 1828 45 41 of
2151 1826 273 52 intelligence,
2451 1827 155 50 stating
2631 1826 80 41 this
2736 1825 104 43 with
2867 1825 75 42 but

1574 1904 23 25 a
1631 1887 96 49 few,
1763 1887 234 51 significant
2031 1885 178 49 touches,
2247 1885 218 41 trenchant
2500 1885 81 40 and
2616 1883 249 42 economical
2900 1899 42 26 as

1574 1962 23 25 a
1625 1946 191 50 drawing
1842 1945 52 50 by
1920 1944 134 52 Goya,
2085 1960 23 26 a
2134 1944 145 50 phrase
2307 1943 51 51 by
2385 1941 248 52 Thackeray
2660 1957 48 26 or
2736 1941 204 51 Fielding.

1574 2003 139 42 Other
1737 2003 216 49 sculptors,
1981 2002 137 42 whose
2144 2002 160 50 subject
2331 2002 32 40 is
2389 2000 126 42 Kuan
2540 2000 100 49 Yin,
2669 1999 69 42 the
2766 1999 176 42 Chinese

1574 2062 111 51 deity
1715 2061 43 41 of
1791 2061 264 49 compassion,
2088 2059 116 42 show
2234 2058 241 42 themselves
2506 2057 164 52 equally
2701 2057 167 42 fearless
2899 2073 42 26 as

1575 2120 167 50 regards
1776 2119 235 50 criticising,
2047 2118 69 41 the
2150 2117 167 41 natural
2352 2117 252 49 assumption
2638 2116 122 51 being
2793 2115 91 42 that
2918 2131 24 26 a

1573 2177 137 42 model
1748 2193 85 26 was
1871 2177 122 48 used;
2032 2176 81 41 and
2152 2176 196 50 studying
2385 2174 166 42 various
2590 2174 149 51 effigies
2776 2173 45 42 of
2861 2173 81 42 this

1573 2236 184 51 goddess,
1779 2236 31 40 it
1830 2235 221 50 transpires
2071 2233 91 42 that
2182 2233 69 42 the
2270 2244 116 30 stone
2405 2248 86 26 was
2510 2231 221 52 originally
2752 2231 189 52 glorified

1574 2294 50 50 by
1659 2294 156 41 diverse
1850 2292 98 42 hues
2012 2292 103 42 Like
2148 2291 244 51 everything
2424 2290 80 42 else
2537 2290 136 42 which
2708 2291 32 40 is
2773 2290 169 51 waning

1574 2351 242 51 everything
1862 2350 239 52 suggesting
2146 2349 197 42 vanished
2391 2348 237 50 splendour,
2675 2347 110 42 these
2833 2347 109 42 faint

1572 2411 173 50 vestiges
1768 2409 44 42 of
1838 2409 143 41 colour
2005 2424 69 26 are
2098 2424 23 25 a
2145 2407 109 42 little
2278 2407 201 51 pathetic;
2503 2416 68 42 yet
2595 2407 41 39 in
2663 2422 23 25 a
2710 2421 112 27 sense
2846 2405 96 52 they

1575 2468 138 42 reflect
1733 2467 166 42 further
1919 2467 80 41 and
2020 2476 117 41 great
2157 2466 130 41 credit
2306 2480 52 26 on
2380 2464 69 42 the
2468 2464 70 42 old
2560 2464 176 42 Chinese
2756 2473 184 40 masters,

1574 2526 68 41 for
1669 2525 96 42 how
1793 2524 249 51 beautifully
2069 2524 107 41 their
2202 2522 137 43 works
2368 2538 69 26 are
2464 2522 166 52 ageing!

1570 2597 89 40 Art,
1687 2596 78 34 Not
1790 2595 173 42 Egotism

1627 2654 39 41 Is
1686 2654 32 40 it
1737 2652 171 51 possible
1928 2652 90 41 that
2038 2652 110 41 these
2165 2651 158 51 bygone
2343 2650 176 42 Chinese
2536 2659 183 40 masters,
2741 2648 201 52 realizing

1570 2712 91 41 that
1680 2713 99 40 time
1797 2710 142 43 would
1961 2710 105 42 alter
2086 2710 69 41 the
2174 2710 113 50 guise
2306 2708 44 42 of
2371 2708 108 42 their
2497 2707 250 49 handicraft,
2768 2706 171 43 worked

1570 2786 94 25 ever
1685 2769 104 42 with
1813 2769 90 42 that
1925 2769 86 41 fact
2034 2769 41 40 in
2098 2768 128 48 mind,
2251 2767 165 51 seeking
2437 2776 42 31 to
2502 2776 134 31 create
2657 2765 116 42 what
2794 2764 144 43 would

1570 2828 94 42 look
1686 2844 41 25 as
1748 2827 135 52 lovely
1903 2826 121 43 when
2045 2826 70 42 old
2138 2842 41 25 as
2198 2825 122 43 when
2342 2824 121 42 new?
2513 2823 119 42 That
2654 2825 32 40 is
2708 2840 22 25 a
2752 2823 186 50 question

1569 2886 136 43 which
1726 2885 90 42 will
1838 2901 124 26 never
1983 2885 47 41 be
2052 2884 223 49 answered,
2299 2884 42 40 in
2364 2882 245 49 likelihood;
2633 2882 80 42 and
2734 2892 68 41 yet
2824 2881 115 42 there

1570 2946 32 40 is
1625 2960 77 26 one
1727 2954 165 39 matter,
1918 2943 249 50 concerning
2191 2942 111 41 these
2327 2941 137 42 artists
2489 2940 44 42 of
2561 2940 69 42 the
2656 2950 155 31 remote
2835 2949 102 41 past,

1570 3002 136 43 which
1739 3002 150 42 admits
1917 3001 45 42 of
1993 3017 52 25 no
2076 2999 244 52 hypothesis,
2353 2999 68 41 for
2450 2999 69 41 the
2548 2998 137 42 whole
2715 3008 148 32 nature
2892 2997 46 42 of

1572 3061 108 42 their
1713 3061 118 42 work
1866 3060 198 41 indicates
2098 3058 153 52 clearly
2285 3058 92 41 that
2411 3057 95 51 they
2542 3056 56 42 all
2634 3056 120 42 loved
2790 3056 150 51 beauty

1571 3118 271 52 passionately
1868 3119 67 40 for
1960 3119 51 40 its
2035 3133 95 26 own
2156 3117 106 41 sake.
2316 3115 182 52 To-day,
2525 3131 114 26 more
2665 3115 100 41 than
2792 3115 42 40 in
2861 3129 80 37 any

1570 3178 120 42 other
1719 3192 85 36 age,
1836 3176 115 42 what
1982 3176 32 41 is
2044 3174 132 43 called
2207 3171 293 54 individuality
2531 3174 31 40 is
2593 3172 233 52 constantly
2857 3172 82 42 and

1570 3235 147 52 noisily
1748 3235 160 51 praised
1941 3234 52 52 by
2024 3234 181 51 painters
2238 3233 81 41 and
2352 3232 225 50 sculptors;
2611 3232 80 41 and
2726 3246 136 36 many,
2896 3231 42 41 in

1570 3294 107 42 their
1709 3293 171 52 longing
1912 3303 41 31 to
1987 3292 48 41 be
2065 3291 189 52 original,
2289 3306 69 27 are
2390 3301 69 39 apt
2492 3300 41 31 to
2566 3290 180 50 produce
2778 3289 159 42 instead

1572 3353 68 41 the
1672 3352 250 51 aggressive;
1955 3351 95 51 they
2082 3366 68 26 are
2183 3348 177 43 inclined
2393 3359 42 31 to
2468 3348 137 51 forget
2638 3348 91 41 that
2760 3347 115 43 what
2907 3347 34 41 is

1571 3421 74 31 not
1677 3411 140 41 before
1852 3409 56 42 all
1942 3408 81 43 else
2056 3407 217 52 reposeful,
2310 3407 81 42 and
2426 3405 232 53 essentially
2692 3406 246 49 decorative,

1570 3470 31 41 is
1628 3484 51 26 no
1705 3468 118 42 work
1847 3467 45 42 of
1920 3477 78 40 art,
2024 3467 194 44 however
2243 3465 189 51 personal
2458 3465 81 42 and
2567 3463 122 43 novel
2716 3479 23 26 a
2765 3478 174 27 manner

1571 3529 31 40 it
1624 3527 220 42 enshrines.
1899 3526 125 49 Now,
2049 3526 41 40 in
2113 3524 69 42 the
2204 3524 69 42 old
2298 3523 177 43 Chinese
2496 3522 132 51 work,
2651 3522 115 42 there
2788 3522 33 41 is
2844 3536 73 38 any-

1570 3586 120 51 thing
1717 3585 73 42 but
1818 3601 22 25 a
1868 3584 90 42 lack
1985 3583 45 42 of
2056 3581 307 53 individuality,
2392 3597 53 26 on
2473 3581 69 42 the
2569 3591 93 41 part
2689 3580 45 41 of
2762 3580 69 41 the
2858 3579 60 43 dif-

1571 3644 136 42 ferent
1730 3644 151 41 artists.
1936 3643 87 41 But
2044 3641 97 42 each
2164 3656 127 27 seems
2315 3651 42 31 to
2381 3640 103 42 have
2507 3639 192 42 achieved
2724 3638 80 42 this
2827 3638 113 52 quite

1570 3701 324 51 unconsciously,
1924 3717 125 25 seems
2078 3710 41 31 to
2148 3700 103 41 have
2279 3699 121 42 taken
2429 3714 53 26 no
2510 3698 179 50 thought
2717 3696 68 42 for
2811 3697 45 48 it,
2884 3712 55 26 on

1570 3761 68 41 the
1671 3770 193 41 contrary
1894 3760 154 50 setting
2078 3757 166 43 himself
2277 3773 22 26 a
2331 3755 202 44 technical
2565 3756 195 42 criterion
2791 3754 45 43 of
2869 3754 69 44 the

1570 3818 161 52 highest
1764 3819 135 48 order,
1935 3816 203 52 eternally
2171 3816 177 51 striving
2382 3815 109 41 after
2525 3815 32 41 it
2590 3813 105 43 with
2730 3813 91 42 love
2856 3813 82 43 and

1572 3893 226 26 reverence.
1859 3876 100 42 And
1991 3875 138 50 hence,
2161 3874 147 42 salient
2340 3873 32 42 if
2404 3883 73 31 not
2509 3882 249 41 paramount
2789 3887 151 37 among

1571 3935 68 42 the
1670 3935 137 51 things
1840 3934 68 44 the
1939 3934 177 42 Chinese
2147 3932 225 43 exhibition
2404 3931 262 51 emphasizes,
2699 3931 33 41 is
2762 3929 92 42 that
2885 3945 54 27 no
