3040 4282
165 177 71 37 794

1295 177 242 39 BRUNO'S
1588 176 252 39 WEEKLY

169 275 71 42 list
266 276 103 41 have
395 276 186 41 brilliant
607 276 207 50 positions.
873 277 70 41 He
970 277 143 41 knows
1140 276 96 42 how
1263 287 42 31 to
1331 276 116 42 show
1474 276 62 41 his

170 333 81 42 fist.
303 334 100 41 And
426 334 50 41 he
499 334 71 41 has
592 349 110 26 some
725 333 87 42 fist!
865 334 42 41 A
929 333 82 43 fine
1032 349 97 27 man
1155 334 19 41 I
1200 334 73 41 tell

374 419 66 33 no,
469 419 53 25 no
583 436 9 8 .
655 436 8 8 .
727 436 9 9 .
794 403 96 52 they
915 419 70 36 say
1014 403 91 42 that
1133 403 69 42 the
1229 413 128 32 secret
1383 403 153 42 service

168 476 96 26 men
296 461 112 50 whip
442 461 106 41 their
579 462 203 49 prisoners
843 494 8 8 .
914 494 9 8 .
985 494 10 9 .
1055 462 144 50 maybe
1230 461 51 41 he
1312 461 142 42 would
1486 461 50 41 be

170 518 140 42 brutal
336 529 42 31 to
403 534 77 34 me,

375 577 171 49 dearest,
565 577 115 42 what
699 577 51 41 do
768 592 80 36 you
866 587 128 32 want.
1056 609 10 10 .
1128 609 10 9 .
1199 610 10 9 .
1268 575 154 43 That's
1440 576 97 43 how

170 649 94 27 men
296 650 80 26 are.
437 633 70 43 He
536 634 136 52 surely
700 634 131 42 won't
861 635 92 41 beat
981 650 81 35 you
1093 650 120 36 every
1242 635 92 51 day.
1392 634 144 42 There

169 692 92 42 will
290 692 49 42 be
367 693 99 51 days
494 692 50 42 he
572 692 131 42 won't
732 707 101 27 even
863 692 123 42 touch
1014 708 95 36 you,
1140 692 75 42 but
1244 692 34 42 if
1305 708 82 36 you
1417 692 117 42 don't

168 760 118 32 want
311 749 100 51 him,
438 766 65 26 we
529 749 106 43 shall
662 749 96 42 look
785 749 68 42 for
880 750 173 41 another
1079 765 90 28 one.
1228 751 84 41 For
1338 751 195 47 instance,

170 807 21 42 I
216 807 111 42 can't
351 807 120 42 think
495 808 44 41 of
565 824 24 25 a
613 808 134 41 better
771 823 76 26 one
873 807 101 42 than
999 807 151 43 Vassili

324 865 49 42 he
400 881 51 26 an

362 923 50 42 he
434 923 32 42 is
487 923 42 44 in
552 923 69 42 the
643 923 345 42 administration.
1041 923 86 42 But
1147 923 97 53 why
1267 923 51 42 do
1341 939 80 36 you
1444 923 90 51 pull

166 997 25 27 a

332 1038 68 42 the
426 1038 352 42 administration!
835 1038 126 42 Then
986 1038 51 43 he
1063 1049 111 32 must
1199 1039 48 42 be
1273 1055 23 25 a

397 1097 33 40 is
456 1112 23 26 a
505 1106 93 41 part
623 1096 46 41 of
695 1096 62 42 his

386 1153 33 42 if
454 1153 51 43 he
538 1169 134 27 comes
706 1164 42 31 to
783 1169 78 27 our
893 1154 126 42 house
1053 1155 42 41 in
1128 1155 124 41 order
1287 1164 44 32 to
1364 1165 69 41 get
1468 1170 42 27 ac-

162 1212 212 51 quainted,
395 1212 50 42 he
464 1228 94 35 may
577 1212 173 51 perhaps
770 1212 93 42 take
882 1212 233 52 something
1134 1211 124 53 along
1277 1212 105 43 with

358 1270 148 51 surely,
532 1270 91 41 that
644 1270 135 51 might
802 1270 158 50 happen
984 1270 99 52 only
1105 1285 42 26 as
1171 1270 99 52 long
1293 1286 43 27 as
1357 1286 80 36 you
1463 1285 68 28 are

163 1337 74 32 not
257 1328 180 41 married
459 1338 42 31 to
522 1327 99 42 him.
671 1327 267 42 Afterwards
959 1328 50 41 he
1029 1327 91 43 will
1142 1344 119 36 carry
1281 1328 139 52 things
1442 1329 88 42 into

162 1384 71 42 the
256 1385 125 42 house
402 1384 111 53 only.
565 1385 207 52 Anyhow,
798 1385 33 41 if
854 1385 51 42 he
927 1385 148 43 should
1100 1402 126 34 come,
1250 1402 65 26 we
1338 1401 76 27 can
1439 1386 92 42 lock

162 1457 56 36 up
240 1443 56 41 all
318 1443 210 42 valuables
550 1444 80 41 and
654 1453 73 31 not
750 1459 69 26 use
840 1443 123 42 silver
985 1459 146 35 spoons
1153 1454 43 31 at

391 1501 103 42 have
514 1501 121 50 sharp
657 1517 100 35 eyes,
781 1501 167 51 alright,
971 1503 81 40 and
1075 1501 33 42 if
1129 1501 50 43 he
1199 1501 149 43 should
1369 1502 160 51 happen

163 1569 44 31 to
240 1569 70 41 get
343 1558 99 42 hold
476 1558 45 42 of
555 1559 244 51 something,
833 1559 117 42 what
985 1560 94 42 does
1113 1560 33 41 it
1179 1559 181 42 matter?
1425 1560 104 42 Isn't

162 1616 51 42 he
240 1616 69 42 the

374 1674 96 43 how
493 1675 123 42 much
642 1675 134 51 salary
802 1676 94 41 does
921 1674 51 43 he

359 1732 134 52 salary
521 1734 32 40 is
580 1734 128 50 good:
737 1731 53 43 47
821 1732 162 43 roubles
1011 1734 81 41 and
1120 1731 54 45 52

361 1806 53 26 on
442 1790 91 42 that
559 1790 146 52 salary,
733 1807 65 26 we
823 1790 108 42 shall

374 1865 68 25 are
470 1864 41 26 so
540 1848 163 51 foolish,
734 1850 171 41 dearest.
964 1848 118 53 Only
1108 1850 225 51 yesterday,
1362 1849 50 43 he
1440 1849 89 43 told

162 1922 88 26 me:
287 1906 176 51 'Fjokla,
499 1916 69 41 get
600 1922 65 26 me
700 1923 23 25 a
756 1906 100 42 wife
888 1906 96 42 who
1018 1922 75 27 can
1129 1906 88 43 talk
1251 1907 162 42 French
1447 1908 82 42 and

162 1963 203 43 German.
428 1997 8 9 .
499 1997 9 9 .
570 1997 9 9 .
642 1964 70 42 I'll
750 1964 94 42 take
880 1964 75 42 her
991 1980 121 36 every
1146 1980 98 37 year
1281 1965 68 42 for
1386 1982 23 25 a
1447 1967 82 50 trip

162 2032 43 31 to
229 2021 161 52 foreign
414 2022 241 42 countries!'

313 2080 50 42 he

296 2138 87 42 told
405 2151 81 38 you
510 2138 50 42 he
582 2138 72 42 has
678 2155 23 25 a
723 2138 190 52 monthly
934 2138 136 53 salary
1092 2139 45 42 of
1160 2137 54 44 47

372 2212 68 25 are
466 2196 161 51 talking
652 2212 209 27 nonsense.
916 2197 161 42 Whom
1102 2197 81 42 else
1207 2197 105 43 have

428 2255 33 41 is
495 2253 346 43 Tschitschikow.
910 2255 70 41 He
1015 2255 138 43 works
1189 2256 43 41 in
1268 2256 70 42 the
1373 2266 159 32 custom

165 2312 159 42 House.
389 2312 71 42 He
491 2312 137 52 surely
661 2312 96 42 isn't
790 2329 22 25 a
846 2312 118 43 thief.
1028 2313 138 52 Every
1198 2314 80 52 day
1309 2313 50 43 he
1391 2314 141 53 brings

163 2369 120 42 home
308 2387 23 24 a
354 2371 178 50 package
555 2370 104 42 with
685 2371 88 41 nice
797 2387 96 34 soap
917 2387 49 26 or
989 2370 83 44 fine
1094 2371 192 43 material
1310 2372 68 42 for
1402 2388 24 26 a
1450 2373 83 42 suit

161 2444 51 25 or
237 2428 67 41 for
327 2429 257 41 underwear-
640 2428 98 53 'My
761 2428 128 51 wife,'
914 2428 51 43 he
987 2430 100 49 said,
1113 2445 100 27 once
1238 2440 42 32 to
1305 2446 77 34 me,
1409 2430 125 43 'must

164 2501 113 27 wear
297 2486 97 41 silks
416 2487 80 41 and
518 2486 184 42 velvets.'
755 2487 70 41 He
847 2487 32 41 is
901 2503 23 26 a
946 2488 133 51 grand

353 2555 111 31 must
494 2545 104 42 have
629 2561 23 25 a
682 2545 160 50 private

367 2602 135 52 salary
537 2613 190 32 amounts
762 2613 43 31 to
839 2601 52 44 37
929 2603 174 50 roubles,
1140 2604 55 43 82
1228 2604 187 52 kopecks.
1482 2605 51 42 In

166 2661 200 49 addition,
404 2660 50 42 he
489 2671 89 41 gets
614 2661 26 42 2
678 2661 173 49 roubles,
896 2661 45 41 11
983 2661 174 51 kopecks
1192 2661 69 44 for
1296 2663 71 42 the
1402 2664 106 41 main-

165 2728 171 32 tenance
363 2719 44 41 of
435 2719 62 42 his
524 2729 200 40 quarters.
783 2719 69 42 He
881 2719 130 52 really
1037 2721 33 41 is
1096 2736 24 26 a
1146 2721 241 42 wonderful
1413 2721 119 43 man!

164 2775 143 43 There
327 2777 32 41 is
377 2778 88 50 just
483 2792 79 26 one
581 2777 120 52 thing
721 2778 20 41 I
763 2777 104 42 have
887 2778 160 51 against
1064 2778 101 43 him.
1217 2779 72 42 He
1308 2780 33 41 is
1360 2780 174 52 keeping

164 2850 24 26 a
211 2834 327 43 Frenchwoman
560 2836 80 41 and
662 2835 115 51 plays
797 2836 118 41 cards
936 2835 142 43 rather

364 2892 115 43 what
508 2894 31 41 is
565 2893 51 42 he
642 2894 127 51 doing
796 2893 81 42 this

416 2951 135 41 didn't
585 2952 19 40 I
638 2951 75 42 tell
743 2968 82 34 you
858 2952 91 42 that
980 2952 51 42 he
1062 2952 73 43 has
1167 2951 53 44 37
1255 2954 163 42 roubles
1450 2955 82 42 and

167 3008 52 43 82
251 3007 173 51 kopecks
454 3009 190 52 monthly
676 3010 81 41 and
790 3009 90 43 that
911 3009 51 43 he
992 3011 174 42 receives
1196 3012 43 41 in
1270 3013 187 42 addition
1489 3023 44 32 to

164 3065 93 51 this,
283 3083 23 25 a
328 3068 304 49 compensation
658 3067 67 42 for
749 3067 69 43 the
839 3069 286 42 maintenance
1148 3069 45 43 of
1216 3069 63 43 his

416 3125 19 41 I
468 3125 117 41 don't
615 3126 255 42 understand
903 3126 103 43 that.
1065 3127 162 43 Whom
1258 3128 80 43 else
1368 3129 53 42 do
1450 3145 83 37 you

336 3256 153 35 course,
511 3241 33 41 if
564 3258 80 35 you
665 3242 117 41 don't
804 3241 80 43 like
904 3242 331 51 Tschitschikov,
1258 3245 94 41 take
1372 3246 135 42 Winti-

162 3298 108 42 kow.
332 3299 70 41 He
431 3300 32 41 is
494 3315 51 26 an
576 3300 207 52 employee
812 3300 45 42 of
888 3300 69 42 the
986 3302 83 51 city
1099 3302 172 52 railway
1303 3336 9 9 .
1344 3303 71 42 He
1445 3305 33 41 is
1507 3320 24 26 a

161 3357 133 51 grand
319 3373 111 34 man,
456 3357 76 42 but
557 3359 19 40 I
601 3368 116 32 want
743 3368 42 31 to
809 3375 118 26 warn
952 3375 81 36 you
1059 3359 91 43 that
1174 3360 53 43 he
1250 3362 32 41 is
1308 3378 23 25 a
1355 3361 173 52 grafter,

162 3424 73 31 not
264 3415 99 51 only
391 3431 101 25 once
521 3416 41 40 in
594 3432 23 25 a
645 3416 138 49 while,
816 3417 75 41 but
920 3434 120 35 every
1070 3419 80 51 day
1177 3435 79 26 our
1285 3420 99 42 dear
1413 3421 115 42 Lord

160 3472 112 51 gives
301 3489 58 25 us.
421 3474 19 41 I
471 3474 126 42 heard
628 3490 162 27 rumors
817 3476 226 51 yesterday,
1075 3476 92 42 that
1194 3477 50 42 he
1273 3478 33 41 is
1334 3478 194 43 included

160 3531 42 40 in
233 3546 51 26 an
315 3531 245 42 indictment
589 3532 44 41 of
665 3532 172 52 railway

372 3589 100 51 fool,
501 3590 98 51 why
628 3591 52 41 do
708 3607 81 35 you
818 3590 106 44 offer
952 3608 65 26 me
1045 3608 94 26 men
1167 3593 96 43 who
1293 3610 69 26 are
1389 3596 137 42 mixed

158 3662 55 35 up
242 3647 41 41 in
312 3647 189 42 criminal

367 3706 256 50 sweetheart,
648 3723 43 26 so
713 3707 33 42 it
769 3708 31 41 is
823 3709 234 51 nowadays.
1112 3710 135 51 Every
1268 3726 141 37 young
1430 3728 97 26 man

157 3763 96 41 who
287 3764 143 41 would
465 3764 47 42 be
546 3780 23 26 a
602 3766 89 40 nice
724 3765 145 43 fellow
900 3776 43 32 to
976 3783 151 36 marry,
1165 3768 32 42 is
1230 3769 130 42 either
1393 3771 134 41 under

157 3820 247 44 indictment
433 3837 48 27 or
511 3822 143 43 locked
685 3839 56 35 up

363 3880 96 41 how
482 3881 126 43 about
631 3881 112 42 those
869 3884 237 42 mentioned

1866 282 81 38 too,
1975 287 68 26 are
2070 271 130 42 either
2225 271 143 42 locked
2394 286 55 35 up
2474 285 49 26 or
2547 270 134 43 under
2707 269 258 42 indictment.

1601 330 248 42 Krutilow's
1870 345 89 26 case
1980 330 32 41 is
2032 339 61 31 set
2114 330 124 40 down
2260 328 68 42 for
2349 339 98 31 next
2468 328 127 42 week.
2646 326 320 42 Tschitschikov

1601 388 90 42 will
1722 388 48 41 be
1802 388 106 41 tried
1940 386 113 52 early
2084 388 41 40 in
2158 387 69 41 the
2258 386 79 42 fall
2368 386 205 49 calendar,
2608 386 81 41 and
2719 382 245 52 Wintikoff,

1601 445 290 51 immediately.
1960 445 85 41 But
2079 443 301 52 Amposhejev!
2434 442 287 52 Immeditaely
2759 442 110 41 after
2903 442 63 41 his

1590 504 110 41 -time
1721 504 33 41 is
1775 518 67 35 up,
1866 502 50 42 he
1936 502 91 42 will
2049 502 47 42 be
2120 503 123 51 ready
2266 512 43 32 to
2331 511 69 42 get
2421 502 179 41 married
2624 501 81 41 and
2728 500 50 42 he
2801 501 33 41 is
2854 514 112 27 some

1599 562 133 50 grand

1740 618 127 51 really
1895 617 143 43 would
2069 617 81 42 like
2180 628 42 31 to
2251 617 126 42 know
2404 617 97 51 why
2528 632 82 37 you
2637 625 131 33 waste
2797 614 58 43 all
2883 614 82 43 this

1602 677 99 41 time
1733 676 148 51 telling
1911 690 66 28 me
2009 675 128 42 about
2166 690 94 27 men
2293 675 96 42 who
2422 690 69 26 are
2523 674 193 51 grafters.
2779 671 188 44 Haven't

1599 750 80 36 you
1700 744 72 42 got
1792 749 77 27 one
1889 749 54 26 on
1962 748 106 36 your
2088 733 70 42 list
2177 733 96 42 who
2296 734 32 40 is
2350 748 23 26 a
2394 733 146 42 decent
2560 732 103 51 chap
2674 731 17 42 ?
2744 730 67 44 Or
2833 730 133 43 aren't

1600 792 115 42 there
1746 807 79 36 any
1856 801 43 32 at

1779 864 154 35 course,
1963 848 115 42 there
2105 863 91 34 are;
2224 847 142 53 plenty
2392 847 45 43 of
2467 847 124 49 them,
2620 847 145 51 honey.
2822 845 144 44 There

1597 908 33 41 is
1662 908 70 41 the
1764 908 168 41 student
1967 905 165 43 Ivanoff
2164 907 82 41 and
2280 906 70 42 the
2381 906 167 51 lawyer,
2584 904 161 43 Petroff
2778 904 82 43 and
2894 903 70 43 the

1601 966 146 48 editor,
1781 963 353 53 Wassiljeff-all
2168 964 45 41 of
2247 963 112 42 them
2392 962 96 52 fine,
2523 962 168 43 reliable

1843 1023 111 48 then,
1982 1021 97 53 why
2107 1031 75 32 not
2206 1022 122 50 speak
2356 1021 125 42 about
2508 1021 111 42 these

1808 1080 75 42 but
1908 1096 82 36 you
2017 1080 126 42 know
2203 1112 10 10 .
2274 1112 10 10 .
2346 1111 10 11 .

1837 1212 69 25 are
1934 1195 144 42 locked
2106 1211 69 34 up,

1598 1279 252 42 Translated
1873 1280 49 48 by
1951 1277 140 43 Guido
2114 1277 144 41 Bruno

1599 1554 83 62 O.
1707 1554 280 72 Henry's
2010 1554 134 61 Wit

1594 1647 137 94 AN
1766 1647 192 42 editorial
1990 1648 145 41 writer
2166 1662 54 26 on
2255 1663 22 25 a
2312 1646 288 50 Philadelphia
2634 1646 175 49 evening
2842 1658 125 36 paper

1744 1706 157 41 related
1931 1721 51 26 an
2011 1706 197 40 anecdote
2235 1720 54 26 on
2319 1703 57 43 O.
2408 1704 161 51 Henry,
2600 1713 42 31 to
2670 1718 79 34 me,
2777 1701 138 43 which
2945 1700 19 43 I

1596 1764 119 41 think
1743 1764 72 41 has
1842 1774 73 31 not
1943 1764 101 41 been
2072 1762 89 42 told
2189 1762 153 42 before.

1653 1822 42 41 A
1723 1822 156 41 certain
1910 1822 134 41 editor
2074 1821 42 41 in
2149 1818 111 45 New
2288 1819 132 50 York,
2451 1819 174 42 ordered
2657 1834 22 26 a
2707 1828 115 43 story
2851 1817 112 42 from

1596 1879 57 43 O.
1677 1880 160 51 Henry,
1860 1880 82 42 and
1961 1879 50 42 he
2031 1879 204 50 promised
2256 1887 42 32 to
2319 1877 104 42 have
2443 1878 33 41 it
2495 1876 171 43 written
2686 1891 55 27 on
2763 1892 23 25 a
2806 1875 156 42 certain

1601 1938 106 41 date.
1764 1937 225 49 However,
2015 1936 123 43 when
2164 1936 69 42 the
2258 1936 99 41 time
2382 1934 177 51 arrived,
2585 1934 70 42 the
2679 1944 113 41 story
2817 1932 149 43 didn't.

1598 1995 98 42 The
1717 1995 135 42 editor
1870 1995 167 42 waited.
2089 1994 70 42 No
2179 2004 126 42 story.
2357 1993 72 42 He
2448 1993 163 42 became
2633 1992 229 50 impatient,
2885 1991 82 42 and

1593 2063 134 33 wrote
1748 2063 42 31 to
1813 2052 57 43 O.
1894 2053 161 50 Henry,
2078 2051 97 43 who
2196 2051 203 51 promised
2423 2061 43 32 to
2488 2050 103 42 have
2614 2050 69 41 the
2704 2059 113 42 story
2839 2049 125 52 ready

1601 2127 111 26 soon.
1771 2110 165 52 Finally
1965 2110 70 42 the
2062 2110 135 42 editor
2225 2109 183 43 received
2437 2108 70 43 the
2533 2118 127 41 story,
2690 2108 81 42 and
2799 2107 51 43 he
2876 2117 91 33 sent

1600 2186 23 25 a
1644 2180 96 31 note
1759 2169 104 42 with
1885 2185 24 26 a
1930 2168 78 52 boy
2029 2178 43 32 to
2095 2167 57 43 O.
2177 2167 170 52 Henry:
2693 2165 33 42 if
2746 2181 82 37 you
2851 2164 116 43 don't

1720 2242 105 37 your
1846 2227 132 50 word,
2006 2227 19 41 I
2049 2225 91 43 will
2162 2225 94 42 kick
2277 2240 81 37 you
2381 2234 75 33 out
2478 2224 45 42 of
2546 2240 69 35 my
2637 2223 115 42 office
2776 2223 70 42 the
2869 2232 98 33 next

1599 2286 99 41 time
1719 2300 82 36 you
1824 2294 128 32 enter.
2004 2283 100 43 And
2130 2284 19 41 I
2173 2283 100 51 keep
2298 2299 68 35 my

1654 2342 71 43 To
1754 2342 137 43 which
1922 2341 58 44 O.
2012 2341 150 52 Henry
2191 2340 176 52 replied:
2523 2338 143 45 would
2697 2338 85 43 lif
2814 2339 20 42 I
2864 2338 99 43 used

1597 2417 70 36 my

2121 2436 145 49 Harry
2293 2434 73 42 M.
2393 2434 116 46 East,
2535 2434 65 41 Jr.

1600 2706 212 61 Music

1599 2790 174 92 THE
1800 2790 107 41 little
1931 2790 80 51 girl
2034 2806 85 26 was
2141 2791 228 51 practicing
2392 2790 69 42 the
2484 2790 134 51 piano.

1790 2847 80 44 She
1892 2863 87 28 was
2002 2848 152 43 twelve
2175 2864 117 37 years
2314 2848 71 43 old
2410 2849 82 42 and
2516 2848 82 43 had
2622 2848 242 43 wonderful
2886 2848 84 43 soft

1599 2922 101 36 eyes.

1660 2964 71 42 He
1764 2964 164 43 walked
1962 2963 156 53 quietly
2152 2980 54 36 up
2241 2965 82 42 and
2357 2965 125 43 down
2517 2964 70 43 the
2621 2980 117 27 room
2738 2981 115 35 up
2887 2965 83 43 and

1601 3022 139 43 down.
1803 3022 72 43 He
1905 3023 120 42 stood
2056 3022 230 43 stilland
2319 3023 174 42 listened
2526 3023 83 42 and
2640 3038 87 28 was
2759 3023 211 52 strangely

1597 3081 163 41 moved.

1655 3137 145 44 There
1834 3154 110 27 were
1980 3154 23 27 a
2037 3138 145 52 couple
2216 3138 46 43 of
2295 3138 242 44 wonderful
2571 3139 102 43 bars-
2698 3138 138 44 which
2871 3139 97 51 kept

1599 3212 53 25 on
1680 3197 164 51 coming
1871 3197 113 42 back.

1655 3254 100 42 And
1781 3254 68 42 the
1872 3254 110 42 little
2004 3255 82 52 girl
2110 3255 180 52 brought
2313 3265 74 33 out
2411 3255 44 42 of
2481 3255 113 42 them
2618 3255 58 42 all
2700 3255 92 43 that
2813 3271 87 27 was
2926 3256 42 42 in

1599 3312 125 42 them.

1654 3370 61 42 As
1743 3370 157 52 though
1929 3387 23 26 a
1979 3370 110 44 child
2117 3371 82 42 had
2225 3371 205 52 suddenly
2456 3371 165 42 become
2648 3387 235 36 grown-up.

1838 3430 32 40 is
1888 3429 91 42 that
1994 3445 81 36 you
2094 3445 69 26 are
2425 3430 87 42 said
2531 3430 70 42 the
2618 3446 111 26 man.
2791 3462 10 10 .
2862 3462 10 10 .
2934 3430 32 43 .!

1656 3487 8 16 4
1672 3487 129 51 'Why
1825 3488 51 41 do
1899 3503 82 36 you
2006 3486 97 43 ask?
2156 3487 120 43 That
2301 3488 32 42 is
2355 3503 70 37 my
2447 3488 152 42 Albert
2622 3488 344 52 studyBertini

1598 3545 83 42 No.
1714 3545 72 49 18;
1811 3545 123 42 when
1961 3545 20 42 I
2009 3545 96 52 play
2129 3546 33 41 it
2190 3546 19 42 I
2237 3545 112 43 can't
2373 3545 95 52 help
2495 3546 193 52 thinking
2712 3546 46 43 of

1860 3637 8 8 .
1931 3637 9 8 .
2176 3604 117 42 don't
2319 3604 136 49 know,
2484 3604 33 42 it
2542 3605 88 52 just
2656 3605 32 41 is

1651 3662 61 41 As
1737 3662 159 51 though
1923 3678 24 26 a
1973 3662 111 42 child
2110 3661 82 43 had
2220 3662 203 52 suddenly
2450 3662 163 43 become
2641 3679 23 26 a
2690 3662 187 43 woman!

1651 3719 97 43 The
1783 3719 109 42 little
1925 3719 82 52 girl
2039 3730 115 32 went
2186 3736 54 26 on
2275 3721 236 51 practising.
2577 3721 160 42 Bertini
2773 3721 85 43 No.
2898 3721 63 51 19,

1596 3778 159 41 Bertini
1778 3777 83 43 No.
1882 3778 68 42 20.
2002 3778 161 42 Bertini
2185 3778 84 43 No.
2290 3778 67 51 21,
2380 3779 67 50 22,
2469 3780 53 42 23
2585 3813 9 8 .
2657 3813 9 9 .
2729 3813 9 8 .
2799 3779 75 42 but
2895 3779 69 43 the

1594 3836 90 42 soul
1710 3836 70 42 did
1805 3846 74 32 not
1902 3852 114 26 come
2040 3837 100 42 back
2165 3838 133 50 again.

2191 3908 126 41 Peter
2338 3908 230 50 Altenberg
2602 3906 209 52 (Vienna)
