3040 4282
1265 169 241 37 BRUNO'S
1558 168 250 38 WEEKLY

2868 170 70 38 797

113 2422 141 37 Letter
280 2424 108 38 from
414 2427 137 37 Home

100 2536 67 40 the
193 2538 183 49 grounds
400 2554 53 25 on
479 2538 185 51 pleasant
691 2539 224 52 Saturdays
941 2540 80 42 and
1050 2540 198 51 Sundays.

98 2605 124 30 sweet
611 2598 110 41 knits
759 2598 68 41 the
865 2598 181 41 ravelled
1083 2598 130 42 sleeve
1249 2598 44 41 of

98 2652 139 51 brings
260 2663 234 42 temporary
514 2655 182 41 oblivion
720 2656 81 42 and
823 2671 183 27 surcease
1029 2656 109 41 from
1161 2670 170 28 sorrow.
1368 2655 97 43 The

98 2710 304 52 all-pervading
460 2714 108 49 topic
624 2714 44 40 of
726 2715 298 49 conversation,
1083 2714 33 41 if
1174 2731 23 25 a
1253 2716 210 41 one-sided

96 2768 233 52 harrangue
358 2786 74 25 can
462 2771 48 41 be
538 2771 132 42 called
700 2773 296 49 conversation,
1028 2773 32 41 is
1358 2773 105 42 with

96 2827 57 40 all
191 2828 52 40 its
279 2828 52 41 ifs
369 2829 80 41 and
487 2830 114 48 ands,
639 2830 52 41 its
728 2846 93 35 pros
859 2831 81 41 and
977 2846 108 35 cons,
1124 2832 52 40 its
1213 2831 130 51 rights
1380 2832 80 41 and

94 2900 179 36 wrongs.

151 2943 98 42 And
283 2943 95 42 how
410 2945 32 40 it
474 2946 31 40 is
538 2945 155 51 pushed
727 2957 42 30 at
801 2947 69 41 the
903 2963 101 34 poor
1035 2947 101 50 chap
1169 2947 95 42 who
1298 2949 32 40 is
1363 2948 41 41 in
1438 2964 23 26 a

94 3016 145 27 corner
280 3003 80 41 and
401 3004 111 40 can't
551 3020 151 35 escape.
774 3005 84 42 But
899 3006 114 40 there
1053 3022 68 25 are
1161 3021 123 36 many
1323 3022 138 36 weary

93 3058 125 43 hours
247 3060 121 42 when
400 3061 114 42 there
545 3063 31 40 is
841 3074 41 31 to
914 3065 52 40 do
995 3063 75 42 but
1279 3065 80 40 and
1391 3065 69 41 the

1531 2554 92 25 men
1650 2539 51 41 sit
1726 2539 125 41 about
1876 2540 80 40 and
1982 2550 65 30 eat
2072 2539 108 42 their
2204 2540 137 41 hearts
2365 2549 86 33 out.
2505 2538 127 43 Then
2659 2539 95 52 they
2779 2554 116 37 grow

1531 2597 89 39 thin
1643 2598 80 40 and
1745 2597 166 50 peaked,
1935 2598 103 41 have
2059 2613 52 26 no
2134 2599 177 49 appetite
2333 2599 80 40 and
2415 2613 110 36 —go
2549 2608 42 31 to
2615 2597 68 42 the
2705 2598 189 51 hospital.

1530 2653 125 43 Then
1689 2670 77 26 one
1799 2666 243 31 encounters
2074 2656 70 41 the
2175 2656 70 42 old
2279 2656 143 42 crooks
2453 2656 96 42 who
2581 2656 104 42 have
2718 2656 100 42 been
2851 2667 44 32 at

1530 2714 31 40 it
1590 2729 22 25 a
1639 2713 204 42 life-time.
1902 2714 7 16 4
1916 2713 109 43 'The
2052 2714 70 42 old
2503 2715 109 42 after
2640 2715 114 53 forty
2779 2731 116 37 years

1530 2772 41 39 in
1599 2772 150 49 prison,
1777 2771 60 42 off
1864 2773 81 40 and
1971 2788 67 33 on,
2066 2772 151 51 mostly
2242 2789 67 34 on,
2337 2773 73 42 has
2435 2773 145 52 finally
2606 2774 169 42 decided
2803 2774 91 42 that

1530 2830 68 40 the
1622 2845 117 35 game
1763 2831 32 40 is
1818 2841 73 31 not
1914 2831 138 42 worth
2078 2832 69 42 the
2170 2832 158 42 candle.

2043 2891 99 41 And
2168 2891 68 42 the
2260 2892 78 41 last
2362 2909 116 26 scene
2500 2893 44 42 of
2570 2893 68 50 all,
2663 2895 69 41 the
2756 2896 137 49 prison

1528 2947 177 52 burying
1730 2950 177 49 ground,
1933 2950 161 42 outside
2120 2950 69 42 the
2216 2952 68 51 big
2309 2951 112 50 wall,
2627 2956 263 47 reservation,

1526 3006 167 42 whence
1734 3022 67 26 are
1841 3008 157 42 carried
2040 3008 114 42 those
2192 3010 95 41 who
2328 3011 153 41 receive
2521 3027 23 26 a
2583 3013 158 49 pardon
2781 3013 110 42 from

1527 3064 90 41 that
1646 3064 143 52 higher
1818 3067 184 41 tribunal
2031 3068 80 41 and
2142 3067 109 42 from
2279 3068 140 42 whom
2447 3069 114 42 there
2590 3071 32 41 is
2649 3086 53 25 no
2732 3072 156 49 appeal.
