2250 3787
620 227 77 26 LES
731 227 194 26 OEUVRES
961 219 267 36 RÉCEMMENT
1261 218 161 41 JOUÉES
1454 226 23 25 A
1511 226 125 26 PARIS

2046 223 69 38 545

129 325 40 32 et
193 328 112 27 nous
324 327 197 28 sommes
546 312 174 51 obligés
743 314 54 39 de
816 314 61 39 lui
898 327 53 26 en
973 316 188 39 vouloir.
1184 315 30 39 Il
1236 324 65 31 est
1329 327 172 28 comme
1534 327 69 27 ces
1625 314 167 50 grands
1826 322 199 31 orateurs
2049 315 72 51 qui

129 383 242 42 s'amusent
395 386 21 35 à
436 383 95 38 voir
554 378 250 42 s'escrimer
827 381 62 39 les
906 390 146 31 autres
1075 391 42 31 et
1140 385 74 48 qui
1234 397 53 25 ne
1308 390 199 33 montent
1547 386 21 35 à
1588 383 40 38 la
1650 382 173 40 tribune
1844 383 162 50 qu'une
2041 381 83 40 fois

129 462 99 31 tous
252 452 62 39 les
338 451 112 40 deux
470 463 94 26 ans.
586 447 62 41 Ce
686 446 110 41 n'est
828 461 80 38 pas
951 462 122 27 assez
1099 449 8 38 !
1133 449 61 40 M.
1232 449 231 40 Paladilhe
1505 450 220 50 dédaigne
1757 463 104 28 sans
1895 450 134 40 doute
2060 450 63 39 les

127 526 149 35 succès
296 519 231 52 bruyants.
548 515 118 52 Qu'il
690 530 114 27 nous
825 518 142 37 écrive
985 517 76 38 des
1076 517 159 50 fugues
1251 516 9 51 (
1268 517 162 40 vocales
1437 517 10 51 )
1468 517 7 38 !
1501 515 102 43 c'est
1624 533 57 25 un
1698 533 136 36 genre
1853 517 246 41 admirable
2113 522 6 35 !

128 589 48 54 Je
198 590 91 38 suis
313 593 75 35 sûr
411 585 106 54 qu'il
539 600 26 37 y
585 584 161 41 excelle
772 588 6 35 !
801 583 49 54 Je
873 585 315 39 recommande
1207 590 21 35 à
1265 598 69 27 ses
1359 585 231 40 réflexions
1609 600 45 26 ce
1689 600 101 26 vœu
1813 587 106 39 d'un
1955 588 168 38 sincère

131 659 102 38 ami.

333 654 53 41 X.

186 748 194 42 SOCIÉTÉ
399 761 81 27 DES
500 759 230 28 CONCERTS
748 758 59 27 DU
824 743 393 44 CONSERVATOIRE.
1229 767 45 4 —
1290 744 63 40 LA
1372 743 296 42 «SYMPHONIE
1684 743 44 47 EN
1750 743 80 47 MI»
1850 761 54 25 DE
1924 746 62 41 M.
2003 743 120 47 GUYROPARTZ.

381 839 50 5 —
450 814 63 41 La
538 815 213 39 direction
768 813 77 40 des
862 810 291 49 Beaux-Arts,
1175 813 291 50 interprétant
1482 813 247 49 largement
1749 814 61 40 les
1835 815 287 52 dispositions

129 886 353 40 testamentaires
505 883 53 39 de
578 881 70 41 feu
673 880 228 47 Crescent,
936 882 158 38 estima
1125 879 28 40 il
1175 894 27 37 y
1232 893 20 25 a
1278 881 107 38 trois
1408 893 80 26 ans
1522 894 85 37 que
1640 881 62 39 les
1746 880 129 41 fonds
1913 885 84 37 mis
2027 887 20 35 à
2083 884 39 38 la

128 954 266 52 disposition
417 952 58 40 du
500 953 200 38 ministre
725 964 111 38 pour
856 954 312 47 récompenser
1184 962 60 26 un
1262 952 132 47 opéra
1428 950 203 49 comique
1649 962 53 26 en
1720 964 59 24 un
1803 962 55 27 ou
1879 950 112 40 deux
2009 959 115 31 actes

129 1023 255 51 pourraient
415 1024 91 36 être
530 1019 175 41 affectés
729 1023 22 35 à
785 1018 406 49 l'encouragement
1226 1016 51 39 de
1304 1015 38 39 la
1368 1016 207 51 musique
1607 1016 52 39 de
1687 1025 187 39 concert,
1903 1026 40 30 et
1971 1018 153 39 décida

130 1105 85 38 que
237 1091 39 39 le
297 1102 215 28 concours
536 1090 74 50 qui
643 1089 121 39 vient
784 1087 170 39 d'avoir
976 1086 87 39 lieu
1083 1086 132 39 serait
1240 1093 153 31 ouvert
1419 1098 82 25 aux
1534 1083 346 52 symphonistes.
1904 1083 62 41 Le
1986 1086 96 50 jury
2101 1100 22 24 a

130 1162 224 37 couronné
389 1158 40 39 la
453 1155 264 56 Symphonie
739 1170 50 24 en
814 1154 57 40 mi
891 1154 122 51 (avec
1035 1152 196 52 chœurs)
1252 1153 53 39 de
1325 1152 61 40 M.
1411 1151 38 55 J.
1475 1149 335 55 Guy-Ropartz.
1850 1151 63 40 La
1944 1166 156 38 person-

130 1228 135 39 nalité
281 1227 58 39 du
358 1227 169 38 lauréat
546 1233 64 32 est
625 1224 102 40 bien
746 1237 172 26 connue
934 1223 58 39 du
1009 1222 163 39 monde
1189 1220 200 41 musical.
1414 1218 71 42 On
1502 1221 82 39 sait
1606 1233 83 38 que
1706 1218 61 42 M.
1788 1218 336 55 Guy-Ropartz,

132 1300 53 35 né
210 1299 21 36 à
257 1293 257 52 Guingamp
549 1307 53 26 en
646 1291 121 51 1864,
793 1291 62 40 fut
878 1291 120 40 élève
1031 1291 53 39 de
1108 1289 110 40 MM.
1243 1288 237 41 Théodore
1502 1288 172 40 Dubois
1697 1296 40 32 et
1760 1288 241 50 Massenet,
2023 1291 99 50 puis

129 1364 53 39 de
203 1362 138 40 César
377 1362 186 39 Franck.
591 1360 228 40 Directeur
838 1360 58 39 du
921 1359 344 40 Conservatoire
1287 1357 54 40 de
1375 1355 155 53 Nancy
1555 1357 156 51 depuis
1740 1360 116 48 1894,
1897 1357 61 39 M.
2000 1356 124 53 Guy-

133 1431 192 53 Ropartz
354 1430 143 50 dirige
520 1430 62 39 les
615 1436 199 33 concerts
838 1427 353 54 symphoniques
1229 1427 52 38 de
1302 1434 110 31 cette
1434 1425 119 45 ville,
1577 1434 40 31 et
1640 1425 28 39 il
1692 1434 65 31 est
1796 1427 141 38 arrivé
1977 1440 79 37 par
2079 1440 46 26 sa

129 1501 187 38 ténacité
337 1507 40 31 et
401 1511 80 27 son
502 1498 221 39 érudition
744 1501 21 35 à
791 1500 184 36 rénover
998 1496 38 39 le
1059 1500 108 45 goût
1186 1495 184 40 musical
1389 1495 112 38 dans
1535 1507 86 26 une
1645 1495 153 48 région
1821 1495 54 38 de
1892 1494 38 39 la
1956 1494 168 40 FVance

132 1575 57 33 où
213 1567 208 52 l'apathie
451 1568 187 48 régnait.
664 1564 115 40 Mais
807 1564 39 40 là
877 1562 109 42 n'est
1009 1577 79 38 pas
1112 1576 81 27 son
1218 1562 93 40 seul
1342 1563 170 39 mérite.
1542 1561 62 40 M.
1640 1561 193 52 Ropartz
1868 1576 21 25 a
1913 1564 104 38 écrit
2039 1576 88 26 une

130 1637 199 51 quantité
351 1634 221 42 d'œuvres
591 1634 107 40 dont
723 1632 230 52 beaucoup
975 1641 75 31 ont
1074 1636 67 36 été
1161 1632 96 52 déjà
1282 1635 227 36 exécutées
1532 1630 111 40 dans
1668 1630 61 40 les
1754 1639 197 31 concerts
1985 1631 112 39 domi-

129 1705 156 39 nicaux
308 1704 53 39 de
392 1703 142 40 Paris.
568 1701 82 41 Ses
687 1702 153 39 Lieder
861 1710 41 31 et
932 1715 45 26 sa
1003 1702 207 50 musique
1243 1700 52 40 de
1329 1698 213 41 chambre
1570 1698 211 40 dénotent
1819 1714 59 24 un
1912 1700 214 39 musicien

130 1774 168 39 sincère
321 1780 41 31 et
381 1771 253 52 personnel.
677 1769 232 41 Certaines
932 1771 145 51 pièces
1107 1770 179 39 intimes
1311 1768 54 40 de
1397 1766 62 40 M.
1483 1766 336 53 Guy-Ropartz,
1846 1769 74 49 qui
1963 1776 75 32 ont
2061 1772 66 36 été

128 1841 164 40 éditées
316 1841 103 39 chez
439 1839 61 40 M.
526 1837 423 54 Dupont-Metzner,
977 1843 21 34 à
1019 1836 172 54 Nancy,
1217 1837 300 39 mériteraient
1537 1834 134 42 d'être
1692 1840 265 48 propagées.

180 1909 51 54 Je
253 1910 199 47 connais,
467 1923 79 38 par
565 1907 212 52 exemple,
797 1920 84 39 peu
905 1907 53 40 de
978 1919 235 27 morceaux
1235 1918 110 39 pour
1363 1904 260 40 violoncelle
1644 1905 119 39 aussi
1781 1903 155 41 nobles
1958 1917 84 39 que
2061 1913 64 32 cet

127 1977 179 46 Adagio
325 1988 11 26 :

229 2017 24 13 o

183 2281 62 40 La
271 2283 207 50 musique
514 2281 53 39 de
598 2279 62 41 M.
703 2279 325 53 Guy-Ropartz
1053 2288 64 31 est
1155 2279 103 40 d'un
1297 2279 110 52 style
1449 2284 189 40 austère,
1675 2287 41 31 et
1752 2282 21 35 à
1811 2279 38 38 la
1874 2277 83 40 fois
1998 2277 130 40 d'une

131 2350 170 49 grande
335 2349 244 40 hardiesse.
604 2349 64 40 De
706 2357 100 32 tous
839 2349 62 40 les
943 2349 207 51 disciples
1173 2349 53 38 de
1246 2347 139 40 César
1409 2347 185 40 Franck,
1617 2347 102 40 c'est
1742 2348 315 38 certainement
2089 2347 39 39 le

130 2419 314 39 continuateur
467 2417 39 40 le
529 2417 99 52 plus
652 2415 129 42 fidèle
816 2417 53 40 de
905 2417 181 40 l'oeuvre
1121 2417 58 40 du
1216 2420 171 36 maître.
1411 2415 49 55 Je
1483 2415 67 40 dis
1571 2415 38 40 le
1644 2417 311 38 continuateur
1976 2423 40 31 et
2039 2428 87 27 non

129 2486 272 47 l'imitateur,
426 2500 73 25 car
522 2487 35 38 si
596 2484 62 40 M.
686 2485 194 52 Ropartz
900 2498 79 27 use
1017 2486 77 39 des
1119 2485 210 52 procédés
1353 2483 265 42 franckistes
1642 2482 171 53 (basses
1835 2489 86 34 très
1950 2497 147 26 mouve-

131 2559 214 42 mentées,
366 2555 331 50 superposition
717 2554 52 39 de
793 2554 185 43 thèmes,
996 2554 257 40 harmonies
1275 2558 86 35 très
1385 2561 204 31 savantes
1615 2566 102 26 avec
1738 2552 163 52 emploi
1924 2550 202 52 fréquent

127 2623 53 39 de
203 2620 184 42 l'accord
408 2622 53 40 de
481 2624 247 45 neuvième,
755 2622 333 47 chromatisme,
1112 2622 322 40 orchestration
1451 2626 86 35 très
1557 2619 178 53 pleine),
1762 2632 79 27 son
1860 2621 265 51 inspiration

127 2705 21 25 a
169 2704 85 27 une
273 2691 270 50 originalité,
569 2703 87 27 une
676 2703 157 27 saveur
851 2691 340 51 mélancolique,
1215 2705 59 25 un
1295 2690 178 40 charme
1489 2687 336 42 indéfinissable
1839 2697 40 30 et
1895 2692 230 48 pénétrant

127 2759 212 53 auxquels
369 2773 47 26 se
448 2768 220 43 prennent
707 2768 99 31 tous
840 2772 105 27 ceux
986 2761 74 51 qui
1085 2764 203 35 écoutent
1311 2767 110 31 cette
1444 2759 207 51 musique
1674 2770 102 26 avec
1818 2757 94 39 leur
1942 2769 120 27 cœur
2084 2765 40 30 et

128 2841 103 26 avec
249 2828 94 39 leur
366 2831 113 36 âme.

181 2895 63 40 La
271 2911 18 36 3
296 2901 14 17 e
329 2895 263 55 Symphonie
600 2925 7 13 ,
633 2900 204 37 exécutée
858 2897 37 39 le
927 2911 39 26 11
997 2895 242 42 novembre
1263 2911 78 37 par
1362 2897 39 39 la
1427 2895 173 42 Société
1627 2896 75 39 des
1726 2893 211 40 Concerts
1961 2906 54 26 en
2039 2905 85 27 une

126 2969 157 36 séance
306 2965 173 40 donnée
502 2977 54 27 en
588 2965 161 40 dehors
776 2965 52 40 de
851 2963 332 43 l'abonnement
1205 2974 40 31 et
1268 2970 235 35 consacrée
1532 2979 82 26 aux
1635 2975 173 28 œuvres
1831 2962 53 39 de
1924 2959 61 40 M.
2005 2959 118 53 Guy-

127 3033 209 52 Ropartz,
363 3041 65 32 est
448 3045 164 38 conçue
635 3031 174 54 d'après
832 3048 59 25 un
915 3033 104 52 plan
1056 3032 284 41 absolument
1364 3046 218 27 nouveau.
1620 3030 62 41 Le
1721 3031 152 38 chœur
1893 3044 26 37 y
1942 3029 99 51 joue
2063 3043 58 24 un

126 3102 91 40 rôle
240 3102 329 51 prépondérant
592 3109 41 31 et
656 3102 76 40 dès
757 3101 38 40 le
830 3100 136 42 début
995 3102 52 39 de
1065 3102 195 40 chacune
1280 3102 77 39 des
1381 3103 108 37 trois
1508 3101 164 51 parties
1695 3101 73 50 qui
1792 3105 258 44 composent
2083 3097 39 38 la

125 3170 281 52 symphonie,
432 3170 62 39 les
533 3171 99 39 voix
666 3179 211 43 exposent
915 3171 62 39 les
1000 3171 120 39 idées
1145 3184 85 38 que
1253 3170 38 39 le
1323 3170 299 50 compositeur
1639 3182 21 24 a
1683 3167 134 40 voulu
1853 3173 270 33 commenter

125 3253 79 38 par
223 3237 269 42 l'orchestre.
518 3238 122 40 Dans
661 3253 59 25 un
744 3248 123 31 court
891 3239 200 51 prélude,
1117 3239 61 39 les
1201 3240 100 38 voix
1320 3238 173 39 saluent
1517 3238 40 38 la
1581 3235 61 40 fin
1661 3236 53 38 de
1738 3236 38 38 la
1801 3236 95 38 nuit
1919 3242 40 31 et
1989 3233 105 40 chan-

125 3316 89 31 tent
237 3307 39 40 le
296 3307 118 40 lever
437 3307 57 39 du
519 3307 140 40 soleil.
687 3307 63 40 La
777 3308 185 39 lumière
983 3307 242 53 resplendit
1249 3320 76 26 sur
1348 3306 38 39 la
1405 3305 110 46 Mer,
