2250 3787
619 208 77 27 LES
730 203 193 30 OEUVRES
955 195 275 35 RÉCEMMENT
1261 190 167 43 JOUÉES
1461 198 24 25 A
1515 197 128 27 PARIS

124 209 80 43 544

124 304 255 52 mélodique
410 304 127 39 unies
555 301 113 40 dans
701 311 86 28 une
818 297 121 52 pièce
963 299 87 36 très
1073 292 225 50 brillante,
1323 291 191 46 diverse,
1540 289 191 47 colorée,
1772 292 313 51 empanachée,
2107 301 20 38 à

123 375 40 41 la
187 374 197 40 manière
409 372 53 39 de
493 370 121 40 Liszt
636 373 16 36 ?
676 367 148 47 Alors,
850 366 124 53 jouez
998 363 40 40 le
1076 370 204 33 concerto
1314 360 54 40 de
1411 356 303 44 Saint-Saëns
1747 371 54 27 en
1838 364 44 34 ut
1924 362 171 42 mineur
2122 366 7 40 !

123 442 120 42 C'est
266 455 87 28 une
372 453 151 29 œuvre
545 438 53 40 de
621 441 160 36 maître
803 436 131 40 écrite
956 447 115 40 pour
1093 432 62 41 les
1191 435 199 36 maîtres.
1417 428 124 42 Vous
1562 442 28 38 y
1623 435 228 32 trouverez
1885 442 86 26 une
1994 437 109 38 musi-

125 525 85 40 que
227 511 321 44 éblouissante,
570 520 87 28 non
685 514 179 32 retenue
896 511 41 33 et
972 503 190 46 concise,
1188 513 90 28 non
1301 499 113 40 mise
1434 511 55 27 en
1518 496 127 41 bride
1679 510 79 38 par
1781 496 77 40 des
1883 498 246 55 traditions,

123 582 113 39 mais
262 578 127 48 libre,
415 576 172 53 souple,
628 574 286 47 exubérante,
941 585 46 27 se
1025 571 163 40 livrant
1223 583 82 26 aux
1339 568 101 53 plus
1480 566 101 53 jolis
1612 564 143 48 ébats,
1885 575 42 31 et
1965 569 163 50 parfois

123 647 223 43 recueillie
381 647 111 40 dans
535 658 84 27 une
662 649 87 34 très
788 642 116 40 belle
943 640 265 41 méditation
1244 644 56 34 où
1354 637 39 40 le
1447 650 122 27 cœur
1602 635 124 52 parle
1776 635 109 40 seul.
1927 635 117 43 Ecrit
2078 654 52 28 en

128 723 96 47 1575
245 715 91 55 (op.
361 713 88 55 44),
474 728 47 27 ce
545 721 203 33 concerto
777 711 162 41 débute
963 724 80 38 par
1066 722 85 28 une
1177 710 113 38 série
1313 707 53 40 de
1399 706 248 40 variations
1672 710 57 34 où
1755 703 255 43 l'orchestre
2032 716 40 32 et
2094 710 37 41 le

123 788 133 51 piano
278 798 45 28 se
347 784 243 53 répondent
612 796 54 27 en
704 781 162 41 faisant
904 787 152 32 assaut
1077 776 329 53 d'ingéniosité.
1426 774 230 54 Composé
1685 773 25 40 d
1731 786 87 27 une
1841 772 289 47 Introduction

123 861 36 34 et
179 854 197 41 Andante
382 887 9 17 ,
429 852 104 41 d'un
558 851 181 41 Scherzo
763 859 41 32 et
843 850 103 41 d'un
984 847 154 42 Finale
1146 880 7 15 ,
1176 847 28 40 il
1248 855 66 32 est
1350 844 131 41 d'une
1522 857 141 39 coupe
1707 842 286 42 absolument
2016 859 84 28 nou-

121 924 127 50 velle,
274 936 171 27 comme
469 922 39 40 la
533 922 178 52 plupart
732 920 77 41 des
833 919 290 53 symphonies
1149 917 237 40 modernes
1403 915 107 40 dont
1532 914 28 39 il
1580 922 82 38 est,
1688 917 20 34 à
1743 913 191 39 certains
1954 916 173 49 égards,

121 1007 58 27 un
205 1000 231 45 prototype
462 1007 8 33 ;
496 991 103 41 c'est
620 1004 87 27 une
727 1003 151 27 œuvre
902 987 235 51 originale,
1167 993 290 44 somptueuse
1492 991 41 32 et
1567 981 85 41 fort
1681 990 250 41 amusante,
1962 989 55 34 où
2041 983 72 43 l'in-

125 1066 106 37 térêt
254 1075 54 27 ne
342 1060 145 41 faiblit
521 1074 80 38 pas
634 1075 58 25 un
719 1059 94 40 seul
837 1060 183 38 instant.
1044 1056 55 40 Et
1136 1056 38 52 je
1206 1067 112 27 vous
1353 1054 207 52 préviens
1584 1066 59 38 qu
1661 1051 28 40 il
1712 1066 27 37 y
1769 1064 22 26 a
1815 1064 60 26 un
1898 1051 132 41 motif
2049 1068 81 38 que

124 1130 179 40 Diémer
325 1151 43 5 —
395 1127 303 53 l'impeccable
721 1129 197 37 virtuose
944 1147 45 5 —
1020 1125 103 50 joue
1147 1136 104 27 avec
1273 1137 59 25 un
1356 1121 92 41 seul
1469 1121 125 49 doigt
1617 1122 46 37 !..

1780 1117 129 41 P.L.

180 1251 20 24 «
226 1236 339 41 KOMARINSKAIA
584 1247 38 36 »,
649 1249 54 24 DE
725 1232 174 42 GLINKA
925 1232 250 51 (CONCERTS
1198 1228 256 52 SECHIARI).
1559 1228 123 40 Dans
1706 1240 48 28 ce
1778 1232 174 48 poème,
1971 1230 73 50 qui
2070 1230 60 42 fut

123 1309 177 37 exécuté
323 1317 112 39 pour
455 1303 38 40 la
514 1304 215 51 première
751 1301 84 41 fois
860 1306 21 35 à
903 1301 144 47 Paris,
1072 1300 28 39 il
1118 1315 27 37 y
1169 1313 21 25 a
1216 1312 87 27 une
1327 1299 220 39 trentaine
1572 1296 228 50 d'années,
1828 1310 82 26 aux
1936 1309 194 31 concerts

123 1373 270 52 Pasdeloup,
414 1371 165 41 Glinka
600 1371 277 52 (1804-1857)
900 1378 173 32 montre
1088 1368 103 41 bien
1210 1367 62 40 les
1289 1367 113 40 deux
1423 1368 126 39 traits
1567 1367 388 51 caractéristiques
1976 1367 52 40 de
2052 1381 78 28 son

123 1444 130 50 génie
279 1457 7 25 :
323 1440 194 41 habileté
539 1444 301 42 consommée,
876 1447 93 32 tout
995 1442 19 36 à
1052 1437 78 40 fait
1162 1437 238 52 classique,
1427 1437 112 39 dans
1574 1435 38 40 le
1646 1436 297 51 contrepoint,
1965 1435 146 43 c'est-à-

122 1512 94 39 ----dire
238 1510 110 41 dans
382 1508 96 41 l'art
513 1508 240 40 d'associer
775 1523 59 25 un
871 1508 148 39 thème
1042 1506 148 40 donné
1224 1510 21 36 à
1276 1520 60 26 un
1365 1505 149 40 thème
1538 1506 205 48 inventé;
1771 1506 112 38 mise
1906 1517 54 27 en
1984 1519 147 28 œuvre

122 1581 77 39 des
222 1581 87 38 airs
330 1578 270 53 populaires.
628 1576 118 41 C'est
770 1577 39 39 là
843 1590 47 26 ce
913 1578 76 50 qui
1015 1574 77 41 fait
1117 1576 39 39 le
1185 1576 155 38 mérite
1373 1574 53 40 de
1465 1587 70 27 ses
1578 1578 160 48 opéras
1761 1572 61 50 (la
1863 1572 73 40 Vie
1957 1582 109 44 pour
2096 1576 33 39 le

126 1647 107 42 Czar
239 1679 9 15 ,
289 1650 101 47 1836
416 1658 8 38 ;
450 1646 165 40 Ruslan
640 1652 36 34 et
699 1644 213 42 Ludmilla
920 1679 9 17 ,
954 1646 136 49 1842),
1130 1653 56 33 et,
1210 1644 132 40 d'une
1377 1642 129 52 façon
1529 1642 226 51 générale,
1782 1642 103 40 c'est
1913 1642 39 40 là
1977 1651 93 33 tout
2092 1644 37 41 le

123 1725 137 32 secret
278 1716 57 39 du
360 1720 150 35 succès
530 1714 166 41 obtenu
723 1729 80 37 par
836 1713 151 40 l'école
1011 1726 140 27 russe.
1173 1711 71 42 On
1268 1722 206 31 retrouve
1493 1726 71 26 ces
1596 1712 113 40 deux
1732 1713 253 51 précieuses
2021 1726 81 38 qua-

122 1785 98 40 lités
248 1785 112 39 dans
383 1783 337 40 Komarinskaia
727 1816 7 15 ,
763 1797 74 37 qui
861 1791 66 32 est
960 1795 85 27 une
1081 1790 117 31 sorte
1233 1781 54 40 de
1321 1781 241 52 rhapsodie
1595 1779 133 54 (suite
1750 1781 54 39 de
1840 1780 171 41 thèmes
2044 1795 84 27 non

122 1852 285 53 développés)
432 1853 147 51 pleine
598 1852 53 40 de
674 1865 161 27 saveur
854 1860 40 31 et
917 1851 53 40 de
993 1851 197 40 couleur.

178 1958 245 42 CONCERTO
447 1972 118 27 POUR
580 1973 117 26 DEUX
719 1971 191 27 VIOLONS
935 1972 51 25 ET
1009 1971 309 27 INSTRUMENTS
1340 1972 24 24 A
1388 1970 193 35 CORDES,
1608 1971 86 25 PAR
1715 1954 113 57 J.-S.
1851 1956 124 40 BACH
2011 1954 108 57 (CONCERTS

123 1954 2008 44 TOUCHE).

557 2050 15 3 -
609 2026 189 40 Comme
821 2027 112 39 dans
958 2027 61 39 les
1045 2035 147 31 autres
1214 2027 324 51 compositions
1562 2026 54 40 de
1636 2025 140 45 Bach,
1801 2025 29 41 il
1850 2040 26 38 y
1903 2040 20 25 a
1950 2026 111 41 dans
2087 2041 44 26 ce

122 2104 203 33 concerto
347 2109 86 26 une
457 2094 160 41 beauté
637 2095 54 40 de
711 2095 237 52 technique
970 2097 89 50 qui,
1087 2108 105 27 sans
1215 2095 159 52 jamais
1398 2095 213 40 chercher
1628 2107 19 25 «
1673 2093 134 42 l'effet
1831 2106 39 36 )),
1898 2094 38 40 le
1957 2095 172 52 rythme

126 2179 112 36 rare,
261 2165 37 38 la
325 2164 265 50 singularité
607 2164 58 39 du
686 2165 149 38 dessin
860 2164 257 51 mélodique
1141 2177 56 26 ou
1217 2165 54 38 de
1308 2164 39 39 la
1382 2164 182 40 couleur
1586 2163 361 48 instrumentale,
1992 2166 138 40 arrive

127 2247 104 26 sans
250 2233 127 40 effort
394 2247 54 26 au
471 2234 179 39 charme
673 2234 252 39 souverain.
954 2231 119 41 C'est
1093 2233 53 39 de
1171 2233 37 39 la
1233 2232 142 41 forme
1400 2247 123 38 pure,
1548 2247 86 26 une
1676 2235 113 38 série
1812 2231 317 56 d'arabesques

123 2304 347 50 systématisées,
512 2323 46 7 —
584 2304 115 37 mais
724 2315 103 26 avec
868 2314 87 27 une
990 2314 130 27 verve
1153 2310 40 31 et
1217 2315 86 26 une
1335 2302 263 50 spontanéité
1622 2304 75 50 qui
1722 2311 101 31 sont
1860 2303 38 39 la
1949 2317 180 39 marque

125 2370 291 52 authentique
435 2370 57 40 du
516 2372 150 49 génie.
690 2370 69 40 En
792 2371 209 39 insistant
1023 2383 74 27 sur
1120 2370 38 39 le
1177 2369 278 42 formalisme
1480 2372 53 39 de
1550 2371 137 51 Bach,
1708 2372 39 52 je
1767 2372 100 40 dois
1906 2371 110 41 faire
2047 2387 83 26 une

123 2440 228 51 exception
370 2452 110 38 pour
497 2438 24 40 Y
527 2438 162 54 adagio
713 2440 53 38 de
790 2452 46 26 ce
869 2447 203 32 concerto
1115 2440 92 50 qui,
1253 2452 103 27 sans
1390 2440 346 51 préméditation
1773 2442 283 51 romantique
2090 2451 39 31 et

123 2522 79 38 par
226 2521 84 26 une
326 2511 305 47 conséquence
649 2515 94 32 tout
764 2508 231 51 artistique
1018 2507 286 53 delapensée
1324 2509 230 47 musicale,
1580 2513 202 48 apparaît
1796 2522 333 28 commeœuvre

122 2577 53 38 de
198 2577 237 38 sentiment
456 2575 206 52 profond.
682 2574 71 41 On
777 2577 241 51 comprend
1045 2578 146 38 mieux
1209 2577 63 39 les
1292 2577 187 54 adagios
1513 2577 272 41 admirables
1808 2579 78 40 des
1913 2588 214 42 quatuors

122 2645 53 39 de
195 2644 255 40 Beethoven
473 2652 41 31 et
554 2644 95 40 leur
668 2650 163 44 genèse
872 2643 266 54 historique,
1168 2647 150 50 quand
1357 2659 56 28 on
1467 2661 21 25 a
1514 2647 195 40 entendu
1750 2648 196 39 celui-là.
1966 2648 87 40 Dès
2089 2648 37 40 la

122 2714 215 51 première
354 2726 191 34 mesure,
568 2725 56 27 on
657 2722 64 31 est
746 2727 75 26 sur
844 2713 62 40 les
924 2715 152 46 cimes,
1102 2723 40 31 et
1167 2727 56 27 on
1248 2715 99 40 n'en
1382 2715 192 41 descend
1599 2716 162 52 plus...
1788 2715 107 41 Cela
1936 2717 191 53 rappelle

123 2779 216 42 Yandante
363 2794 101 27 avec
494 2782 245 39 variations
775 2782 53 39 de
857 2782 39 39 la
921 2781 161 41 Sonate
1109 2785 24 37 à
1152 2782 203 42 Kreutzer
1361 2815 10 20 ,
1395 2784 55 40 de
1480 2784 276 51 Beethoven,
1782 2799 113 38 pour
1918 2788 133 49 piano
2087 2795 39 33 et

122 2849 166 49 violon,
311 2865 59 25 un
390 2850 76 40 des
501 2858 124 45 types
659 2851 58 40 du
741 2850 192 41 sublime
956 2853 200 40 musical.

1180 2851 179 56 J.C.

178 2978 174 40 BALLET
373 2993 55 25 DE
454 2979 262 47 «PATRIE»,
740 2978 97 42 D'E.
864 2979 259 42 PALADILHE
1147 2980 250 53 (CONCERTS
1416 2982 228 55 TOUCHE).

1663 3007 50 5 —
1729 2984 30 41 Il
1772 2994 65 32 est
1856 2985 101 41 bien
1979 2985 123 41 sédui-

123 3055 99 32 sant
244 3055 41 31 et
305 3045 100 41 bien
428 3046 225 52 agréable,
672 3060 47 27 ce
736 3046 135 42 ballet
894 3049 57 39 du
971 3051 302 51 compositeur
1301 3055 20 34 à
1346 3053 74 50 qui
1442 3065 115 27 nous
1578 3053 168 40 devons
1771 3054 78 40 des
1876 3068 177 26 œuvres
2074 3054 51 40 de

123 3117 192 51 premier
334 3116 129 39 ordre
475 3114 79 54 (un
569 3120 131 48 opéra
723 3116 54 41 de
790 3116 134 42 haute
946 3117 169 50 valeur,
1136 3120 77 39 des
1236 3120 215 41 mélodies
1471 3121 107 41 dont
1603 3121 234 55 beaucoup
1849 3133 101 31 sont
1970 3124 154 50 dignes

122 3183 55 41 de
202 3182 337 55 Schumann...)
565 3199 11 34 ;
612 3186 115 39 mais
760 3188 221 50 pourquoi
1021 3186 149 42 faut-il
1197 3187 134 54 qu'un
1364 3199 145 42 regret
1533 3204 47 26 se
1614 3191 115 41 mêle
1757 3195 20 37 à
1814 3206 82 27 nos
1937 3194 150 50 éloges
2111 3192 14 40 ?

122 3251 61 40 M.
202 3251 235 42 Paladilhe
456 3266 55 27 ne
530 3266 113 28 nous
664 3253 149 41 donne
835 3267 78 38 pas
939 3267 122 28 assez
1086 3256 437 43 souventl'occasion
1543 3260 55 39 de
1616 3260 244 40 l'entendre
1879 3270 41 31 et
1943 3262 54 39 de
2020 3260 84 54 l'ap-

123 3319 191 54 plaudir.
341 3319 71 42 On
431 3322 92 40 doit
543 3331 174 44 compte
739 3322 55 40 de
816 3336 80 28 son
917 3323 149 42 talent.
1087 3324 31 41 Il
1142 3326 171 42 devrait
1335 3342 27 38 y
1386 3329 124 40 avoir
1529 3343 60 26 un
1604 3329 141 52 impôt
1766 3343 77 28 sur
1865 3331 63 39 les
1950 3343 146 40 compo-

127 3389 162 39 siteurs
311 3390 88 51 qui,
424 3394 120 37 étant
576 3390 208 54 capables
808 3392 53 40 de
880 3393 211 51 produire
1108 3394 77 41 des
1205 3394 364 48 chefs-d'œuvre,
1597 3411 47 28 se
1684 3401 181 39 retirent
1886 3413 106 27 sous
2034 3399 92 41 leur

125 3464 132 43 tente,
281 3469 173 29 comme
471 3458 235 49 Achille,et
724 3473 53 27 ne
794 3470 217 42 prennent
1029 3461 100 53 plus
1150 3472 96 43 part
1261 3468 21 35 à
1308 3464 40 39 la
1363 3463 193 43 bataille.
1580 3464 62 41 M.
1670 3465 235 43 Paladilhe
1926 3481 54 27 ne
2013 3479 111 28 nous

123 3524 146 40 donne
301 3539 79 38 pas
400 3534 93 33 tout
512 3540 47 27 ce
582 3542 58 38 qu
659 3528 28 40 il
705 3530 197 51 pourrait
918 3543 113 28 nous
1048 3530 188 42 donner.
1264 3531 29 41 Il
1319 3542 64 31 est
1405 3543 96 42 trop
1526 3548 133 28 avare
1700 3535 54 41 de
1796 3549 70 28 ses
1890 3536 231 47 richesses,
