4018 3807
424 342 270 38 POESIA

418 478 35 36 la
484 490 71 24 sua
586 476 153 39 avidità
770 477 42 37 di
851 478 309 38 commerciante
1198 478 40 37 in
1274 479 104 38 versi
1411 492 21 25 e

418 533 40 38 di
491 535 234 47 postulante
771 535 41 36 in
852 535 131 48 gloria
1022 535 32 38 si
1094 535 137 38 studia
1269 536 41 37 di
1349 549 64 24 ren-

418 590 102 38 dersi
552 590 240 39 universale.
826 592 156 48 Questo
1023 604 191 36 processo
1253 592 155 38 ammini-

416 648 172 36 strativo
633 648 52 36 da
730 648 187 45 barbaro,
950 649 73 37 che
1064 662 83 24 non
1192 650 168 48 rispetta
1390 662 43 26 se

418 717 79 25 non
530 703 26 38 il
587 703 185 39 risultato
813 705 163 47 pratico,
1010 705 40 37 di
1091 706 155 37 Ya7ikee
1275 707 75 37 che
1381 706 52 38 ha

416 760 194 45 adottato,
642 774 80 24 non
753 761 169 38 l'azione
952 762 138 37 diritta
1120 776 21 23 e
1174 763 162 45 diretta,
1368 776 64 25 ma

418 817 26 36 il
475 817 113 48 bluff
610 830 21 24 e
647 817 247 39 tenderebbe
915 818 53 38 ad
990 818 161 39 imitare
1171 819 90 38 lord
1282 821 149 48 Byron,

416 886 75 25 con
522 874 130 37 minor
684 874 149 50 grazia,
866 888 76 24 con
973 876 156 37 minore
1160 876 166 45 nobiltà,
1357 890 76 26 con

417 930 209 48 maggiore
676 931 285 49 soperchieria,
1013 933 50 37 ed
1113 933 260 38 emulerebbe
1421 933 11 37 i

418 987 186 49 peggiori
636 987 130 39 difetti
797 988 41 37 di
882 989 143 38 Victor
1070 990 139 48 Hugo,
1240 1003 106 36 vago
1392 989 40 38 di

416 1043 42 38 sè
488 1051 128 30 stesso
647 1057 21 24 e
698 1045 138 48 gonfio
866 1044 95 39 delli
992 1046 150 38 incensi
1174 1046 103 38 della
1317 1046 97 38 clien-

418 1100 75 37 tela
524 1100 73 37 che
627 1101 39 36 lo
698 1102 153 45 sfrutta,
884 1100 22 40 è
945 1109 154 43 quanto
1143 1104 179 46 ammira,
1355 1116 60 25 sar-

416 1156 292 48 casticamente,
728 1158 53 38 da
809 1158 147 48 vicino,
979 1159 27 37 il
1028 1159 223 39 Marinetti.
1274 1160 95 49 Egli
1390 1173 44 25 sa

418 1227 19 23 e
469 1213 90 37 dice
590 1227 115 25 come
736 1228 50 24 ne
816 1214 57 38 sia
902 1224 213 40 composto
1129 1229 7 24 :
1157 1239 51 5 —
1230 1216 33 38 ci
1285 1223 149 31 mostra

418 1271 10 36 i
461 1272 215 46 pezzettini
708 1272 42 37 di
781 1272 179 38 mosaico
990 1273 247 38 variamente
1253 1274 182 45 colorati;

416 1328 222 47 sorprende
684 1328 26 37 il
755 1328 170 49 proprio
969 1342 93 25 eroe
1106 1330 64 37 nel
1200 1342 73 25 suo
1313 1342 120 36 paese

418 1385 147 44 natale,
598 1392 157 30 mentre
785 1385 196 38 conciona
1000 1386 39 37 la
1070 1399 72 25 sua
1172 1386 145 38 omelia
1336 1386 80 38 ales-

417 1440 190 38 sandrina
638 1441 67 38 del
735 1455 70 24 coir
805 1442 283 50 fine-meeting,
1111 1443 179 38 sfarzoso
1311 1443 104 37 uccel-

417 1498 128 37 latore
576 1497 39 37 di
648 1498 84 37 voti
751 1511 8 32 ;
781 1521 55 4 —
856 1498 205 49 l'imposta
1081 1499 163 38 davanti
1265 1500 38 37 ai
1324 1499 111 38 fischi

418 1553 105 38 delle
554 1554 142 47 platee,
730 1563 142 29 contro
903 1556 28 37 il
966 1568 73 25 suo
1077 1556 163 37 Brando
1279 1556 156 49 piccolo

417 1624 21 23 e
468 1611 80 36 vile
578 1611 222 45 assassino;
834 1634 50 5 —
916 1612 39 38 lo
985 1612 40 38 fa
1046 1612 269 49 ancheggiare
1336 1612 100 38 sulla

418 1666 200 49 bigoncia,
644 1681 41 23 se
705 1667 125 39 recita
848 1668 65 38 La
942 1668 182 39 Canzone
1136 1669 47 37 di
1206 1669 227 47 Garibaldi,

418 1736 89 24 esca
537 1723 37 36 ai
605 1724 218 39 sovversivi
854 1724 147 49 perchè
1040 1725 39 38 lo
1122 1725 200 38 accettino
1339 1739 9 33 ;
1382 1748 51 6 —

417 1780 38 37 10
486 1793 127 35 segue
642 1794 23 23 a
696 1780 251 38 rivendicare
976 1782 40 36 la
1046 1789 130 30 morte
1220 1782 40 37 di
1312 1783 99 48 Grey-

418 1838 144 42 hound,
597 1837 170 37 levriere
797 1838 116 36 ladro
934 1837 41 37 di
997 1838 163 48 galline,
1181 1838 41 37 in
1244 1838 191 48 pubblica

418 1893 264 48 pagliacciata
699 1893 260 49 giudiziaria;
982 1918 51 4 —
1054 1895 40 38 lo
1115 1901 123 32 mette
1254 1895 41 37 in
1315 1908 96 36 guar-

418 1950 67 36 dia
517 1949 63 37 nel
611 1963 72 24 suo
716 1951 133 47 primo
880 1951 156 45 duello;
1075 1974 51 6 —
1171 1951 40 38 lo
1238 1951 196 50 dettaglia

418 2006 77 37 alla
541 2005 129 49 prima
715 2008 383 49 rappresentazione
1133 2008 41 37 di
1204 2008 64 37 La
1300 2009 130 38 Nave.

473 2062 203 38 Marinetti
722 2063 57 49 gli
819 2064 89 47 gira
949 2064 41 36 in
1025 2071 130 38 torno,
1186 2063 39 39 lo
1254 2064 106 46 loda,
1392 2065 40 38 lo

417 2119 217 48 applaude,
666 2120 56 48 gli
753 2133 141 25 scocca
924 2127 141 31 contro
1094 2134 56 24 un
1181 2120 123 46 lazzo,
1335 2121 39 39 lo
1394 2121 38 39 fa

416 2175 222 38 sorridere:
671 2175 92 47 due,
794 2182 75 40 tre,
899 2176 40 38 lo
969 2177 159 46 annoia,
1160 2176 40 39 lo
1232 2178 122 45 irrita,
1390 2177 42 39 lo

416 2232 212 37 confonde.
681 2233 32 37 Il
757 2232 236 49 giocattolo,
1044 2233 74 39 che
1162 2247 69 35 per
1276 2234 156 39 interne

417 2288 122 40 molle
569 2295 168 32 cantava
767 2290 84 37 così
889 2290 116 47 bene,
1037 2298 108 30 tace:
1176 2290 38 38 la
1253 2291 155 38 macchi-

416 2352 111 30 netta
558 2347 22 35 è
610 2353 252 41 scomposta:
894 2353 115 31 tanto
1039 2347 39 37 di
1117 2346 67 38 filo
1228 2347 41 37 di
1309 2347 121 46 ferro,

416 2408 113 32 tanto
560 2401 41 38 di
629 2402 177 47 elastico,
838 2408 114 33 tanto
981 2403 41 37 di
1053 2410 173 45 cartone,
1250 2411 112 30 tanto
1390 2403 42 39 di

416 2458 113 48 pelle,
564 2465 111 32 tanto
706 2459 40 37 di
782 2472 112 26 cera:
926 2459 69 49 poi
1035 2459 38 38 la
1113 2460 202 39 chiavetta
1358 2461 74 38 che

414 2514 88 49 gira
532 2521 58 32 tre
621 2515 110 38 volte
760 2516 105 37 nella
896 2524 128 41 toppa
1054 2530 21 25 e
1096 2516 165 39 ricarica
1281 2517 27 38 il
1331 2530 76 25 mec-

413 2572 179 37 canismo
623 2572 106 38 delle
759 2579 116 31 ruote
906 2573 163 38 dentate
1082 2586 8 24 :
1109 2581 167 41 quattro
1307 2574 103 39 ruoti-

414 2640 62 33 ne,
508 2628 73 38 che
611 2628 31 38 si
674 2629 212 48 prendono
922 2629 101 38 bene
1063 2629 59 38 sul
1163 2631 211 38 tamburo:
1405 2631 27 37 il

414 2697 126 35 perno
586 2687 21 35 è
652 2685 39 37 di
738 2686 163 42 bronzo,
933 2686 149 49 perchè
1122 2699 48 24 su
1216 2687 41 37 di
1303 2687 56 38 lui
1409 2690 23 36 è

414 2741 24 37 11
473 2741 185 49 maggior
689 2742 146 38 sforzo.
870 2743 108 38 Ecco
999 2742 25 38 il
1047 2742 219 39 fantoccio:
1287 2744 120 38 ricom-

413 2798 200 48 ponetelo.
647 2800 34 35 E
712 2807 154 30 mentre
896 2798 40 38 lo
968 2800 116 43 svita,
1117 2800 39 37 lo
1186 2814 112 35 apre,
1320 2814 50 24 ne
1390 2801 38 38 fa

412 2855 37 37 la
480 2855 304 39 nomenclatura
813 2855 170 39 ridicola
1003 2870 21 24 e
1044 2856 148 47 sottile,
1215 2870 81 24 non
1317 2871 112 25 cessa

412 2911 40 38 di
484 2911 217 38 ammirare
730 2913 37 36 la
799 2912 228 49 perfezione
1056 2913 103 38 colla
1190 2914 118 48 quale
1337 2927 70 25 ven-

412 2981 97 25 nero
539 2969 201 48 preparati
772 2969 11 36 i
815 2969 184 49 dettagli,
1031 2970 37 37 le
1098 2971 119 46 parti,
1244 2970 10 38 i
1287 2971 143 39 minuti

412 3024 262 50 ingredienti:
725 3026 171 38 «Come
940 3026 128 38 bello!
1111 3026 316 41 Ottimamente!

412 3082 38 36 A
501 3080 236 50 meraviglia
755 3083 7 36 !
814 3083 198 37 Bambino
1061 3083 217 47 prediletto
1322 3084 107 39 della

412 3137 141 38 Gloria
583 3151 21 24 e
635 3137 64 39 del
731 3138 152 38 Genio!
908 3152 21 25 »
964 3162 50 5 —
1047 3138 185 40 Un'altra
1251 3141 108 38 volta
1388 3142 40 39 lo

412 3195 94 36 sìiob
537 3202 105 30 resta
687 3194 280 48 imbarazzato,
1000 3209 42 25 se
1086 3196 130 39 debba
1261 3199 167 37 credere

412 3250 62 37 sul
505 3250 103 38 serio
638 3251 78 37 alla
746 3252 105 51 lode,
884 3265 36 32 o,
957 3252 69 49 più
1068 3261 120 37 tosto,
1220 3254 76 38 alla
1336 3255 73 38 insi-

413 3308 196 38 nuazione
640 3308 73 37 che
743 3309 161 48 sguscia
928 3316 60 30 tra
1018 3309 36 38 le
1083 3310 105 38 linee
1204 3324 21 24 e
1256 3311 172 49 qualche

412 3363 108 38 volta
552 3364 188 38 trabocca
769 3365 65 37 dal
865 3365 184 49 perìodo:
1075 3367 204 38 Marinetti
1310 3368 40 39 lo
1370 3368 38 37 in-

413 3419 109 45 trica,
555 3421 40 37 lo
626 3421 134 48 coglie
790 3421 40 38 in
861 3422 107 46 fallo,
990 3423 40 38 lo
1059 3423 124 38 rende
1203 3424 222 49 perplesso.

414 3488 21 24 €
458 3476 110 49 Puff
582 3491 19 22 »
628 3478 285 47 (pronunciate
934 3478 226 51 all'inglese
1185 3494 18 22 «
1223 3480 144 50 Peuffì
1383 3482 43 49 »)

1539 480 178 39 Codesto
1749 479 21 40 è
1799 480 26 38 il
1855 480 132 50 sigillo
2018 480 207 49 profondo
2255 480 74 39 che
2359 482 33 38 si
2421 481 113 49 impri-

1538 550 63 24 me
1632 538 99 38 sulla
1761 550 89 25 cera
1879 550 112 25 rossa
2036 551 21 23 e
2101 538 123 38 molle
2269 538 106 38 della
2419 546 136 30 nostra

1538 593 172 49 curiosa,
1742 595 205 44 insaziata,
1980 594 193 39 malevole
2214 593 51 40 ed
2302 594 254 39 indifferente

1536 651 161 38 società.
1729 652 146 37 Volete
1907 651 243 49 ingannarvi
2172 651 176 39 un'altra
2378 653 122 45 volta,
2532 666 22 24 e

1536 708 164 38 credere
1729 707 249 51 all'inganno
2008 722 22 23 e
2060 708 211 38 venerarlo
2302 722 22 24 e
2354 709 200 49 stringere

1537 766 109 45 nubi,
1698 766 124 46 fumo,
1875 765 123 37 fiato?
2047 778 22 24 «
2092 766 128 48 Piiff/
2241 780 21 21 »
2312 766 157 49 Questo
2513 766 39 38 vi

1537 822 124 48 giovi.
1695 823 110 48 Ogni
1836 822 136 38 civiltà
2002 821 52 38 ha
2086 822 10 36 i
2127 822 176 38 letterati
2324 823 75 37 che
2419 823 34 37 si
2475 835 52 25 me-

1537 879 94 45 rita;
1664 879 10 36 i
1707 879 175 49 migliori
1912 879 185 37 sferzano
2126 879 37 37 la
2194 886 137 31 nostra
2370 879 40 37 in
2441 879 110 39 volto

1537 935 100 38 colle
1668 936 152 49 verghe
1849 935 72 38 che
1952 935 52 37 ha
2034 936 119 47 pòrto
2194 936 88 37 loro
2323 948 114 25 come
2477 936 56 39 fos-

1537 1004 91 25 sero
1659 992 167 49 giunchi
1858 992 52 37 da
1941 993 229 49 passeggio,
2194 1005 24 24 o
2239 992 39 38 la
2300 999 249 46 trascurano,

1535 1049 141 45 severi,
1708 1048 199 38 racchiusi
1938 1048 40 37 in
2005 1049 87 38 loro
2131 1049 126 45 stessi,
2299 1049 229 50 meraviglio-

1536 1114 183 29 samente
1748 1105 242 49 incompresi
2022 1106 65 37 dai
2119 1106 345 48 contemporanei.

1593 1162 119 45 Ecco,
1745 1162 146 49 perchè
1934 1162 139 49 doppo
2118 1169 120 39 tutto,
2285 1163 79 38 Les
2408 1164 144 37 Dieux

1536 1219 84 37 s'en
1667 1223 103 41 vont,
1817 1218 54 38 D*
1878 1220 219 37 Annunzio
2141 1224 100 33 reste
2285 1218 22 39 è
2352 1233 55 23 un
2446 1219 105 38 libro

1535 1282 142 31 onesto
1709 1289 20 23 e
1757 1275 266 49 coraggioso;
2056 1275 256 50 s'aggiunge,
2335 1276 112 49 oggi,
2474 1275 77 39 alla

1536 1331 163 38 Lettera
1752 1332 40 37 di
1843 1333 226 37 Francesco
2119 1333 227 45 Pastonchi,
2398 1334 154 36 insorta

1536 1387 133 40 l'anno
1700 1401 138 26 scorso
1869 1396 142 31 contro
2043 1389 27 38 il
2099 1397 126 30 vanto
2264 1390 103 37 della
2407 1390 122 47 Prefa-

1534 1446 115 37 zione
1679 1445 41 37 di
1751 1444 81 38 Più
1862 1446 68 37 che
1958 1444 184 40 VAmore
2154 1459 9 32 ;
2184 1460 125 35 segue
2329 1446 76 38 alle
2426 1459 100 36 gene-

1535 1514 89 25 rose
1658 1502 138 48 parole
1827 1501 41 37 di
1909 1502 233 50 Arcangelo
2183 1500 196 41 Ghisleri:
2412 1503 120 38 Istrio-

1535 1559 129 36 nismo
1693 1571 21 25 e
1735 1558 318 50 pusillanimità.
2086 1552 33 45 È
2152 1560 224 37 necessario
2401 1567 129 41 sgreto-

1537 1614 95 46 lare,
1663 1627 23 26 o
1716 1615 62 38 col
1810 1615 182 46 ridicolo,
2015 1629 23 24 o
2060 1616 299 46 coll'invettiva,
2387 1616 164 39 codesta

1537 1671 189 38 artefatta
1756 1672 356 39 cristallizzazione
2142 1673 41 37 di
2206 1673 153 39 illustre
2375 1673 154 49 superio-

1537 1728 75 37 rità
1643 1728 184 38 mentita:
1864 1736 196 30 mostrare
2098 1729 25 38 1'
2142 1730 137 38 artista
2323 1743 20 24 e
2387 1730 164 38 l'uomo

1537 1784 110 38 nudo
1677 1785 78 37 alla
1785 1785 108 38 folla,
1926 1786 155 49 Questo
2111 1789 22 34 è
2163 1787 26 37 il
2209 1794 138 31 vostro
2368 1785 180 39 idoletto!

1539 1841 126 38 Come
1697 1849 135 30 amato
1849 1843 15 36 ?
1896 1843 165 48 Quanto
2092 1845 22 35 è
2144 1851 134 30 amato
2292 1843 15 38 ?
2339 1843 142 38 Costui
2513 1843 38 38 vi

1537 1898 195 38 riassume
1762 1911 21 25 e
1813 1898 38 37 vi
1883 1898 37 38 fa
1942 1899 202 53 divertire,
2167 1900 145 49 perchè
2329 1900 37 37 vi
2389 1912 139 37 rappre-

1536 1961 126 31 senta.
1695 1954 77 47 Oh,
1805 1968 115 24 come
1952 1956 165 48 piccolo,
2149 1957 65 46 oh,
2238 1970 114 24 come
2384 1970 165 34 povero,

1536 2010 65 46 oh,
1633 2024 114 26 come
1778 2011 125 39 nullo!
1935 2011 45 39 E'
2014 2020 105 31 tutto
2150 2013 91 49 qui:
2274 2012 113 50 bluff
2398 2026 20 24 e
2429 2012 99 50 puff
2540 2027 7 24 \

1538 2135 21 24 «
1582 2124 132 37 Arma
1745 2125 39 36 la
1809 2128 100 45 posa
1938 2138 21 24 e
1987 2138 51 25 va
2058 2138 26 25 a
2097 2126 179 47 gabbare
2297 2126 37 37 il
2350 2125 142 38 mondo
2513 2142 33 22 y.

2057 2228 55 47 G.
2156 2228 59 47 P.
2258 2225 215 51 Lucini.

1544 2416 109 44 Dal
1686 2435 19 23 «
1935 2417 61 48 Piccolo
1997 2434 161 28 »
2555 2416 1 49 d

1592 2573 33 38 Il
1655 2573 179 39 secondo
1864 2575 166 38 volume
2061 2576 65 38 del
2158 2576 227 39 Marinetti:
2419 2591 22 22 «
2466 2577 80 38 Les

1534 2630 124 38 dieux
1801 2635 95 34 vont
1896 2662 8 15 f
1935 2632 36 37 d?
1985 2634 221 37 Annu?izio
2236 2638 101 33 reste
2360 2647 36 31 »,
2418 2636 34 42 è,
2475 2646 48 25 co-

1535 2700 63 25 me
1627 2687 111 46 dissi,
1770 2686 158 40 difficile
1958 2702 23 24 a
2011 2688 261 40 classificarsi.
2304 2690 71 38 Sta
2419 2690 59 36 fra
2521 2689 27 38 il

1533 2744 104 38 libro
1677 2744 40 38 di
1759 2744 139 38 critica
1938 2758 22 24 e
1999 2745 28 37 il
2069 2759 21 25 «
2115 2746 206 50 pamphlet
2344 2762 37 21 ».
2414 2746 133 50 Quale

1538 2815 21 21 «
1580 2800 210 50 pamphlet
1815 2816 39 32 »,
1899 2805 23 34 è
1967 2801 227 40 divertente
2238 2816 21 25 e
2304 2803 243 38 stuzzicante

1533 2857 104 38 nella
1681 2871 73 24 sua
1797 2858 187 49 elegante
2027 2860 221 45 cattiveria,
2289 2872 114 26 come
2448 2860 98 49 ogni

1533 2914 141 37 scritto
1695 2914 74 38 che
1791 2915 193 50 ritragga,
2006 2928 77 26 con
2105 2916 220 39 intenzioni
2346 2916 199 46 satiriche,

1531 2970 38 38 la
1598 2970 83 39 vita
1711 2972 143 37 intima
1885 2972 41 38 di
1957 2985 55 25 un
2053 2986 122 26 uomo
2214 2972 168 40 celebre.
2415 2974 45 37 Io
2492 2974 54 38 mi

1531 3028 214 49 guarderei
1776 3028 103 38 bene
1909 3028 109 39 dallo
2050 3030 282 50 incoraggiare
2361 3030 26 37 il
2418 3030 104 37 Mari-

1531 3085 100 38 netti
1671 3085 54 38 od
1764 3085 89 38 altri
1896 3085 41 38 in
1975 3086 131 40 simile
2144 3100 149 36 genere
2332 3086 213 46 letterario,

1530 3141 123 50 pieno
1684 3140 187 40 d'insidie
1901 3156 22 24 e
1953 3142 41 38 di
2025 3144 151 39 cattive
2203 3144 221 39 tentazioni
2456 3158 22 24 e
2509 3144 38 38 la

1531 3198 64 38 cui
1625 3198 279 39 efflorescenza
1933 3201 23 35 è
1987 3213 72 35 per
2088 3215 42 24 se
2160 3208 127 31 stessa
2316 3201 148 38 viziata
2494 3201 52 38 ed

1530 3255 187 38 effimera.
1750 3256 276 47 Nondimeno,
2058 3261 21 34 è
2110 3257 154 50 d'uopo
2293 3259 254 37 riconoscere

1531 3312 75 38 che
1635 3311 131 39 anche
1796 3313 80 49 qui,
1908 3313 76 38 che
2013 3313 42 39 lo
2085 3314 186 39 scrittore
2302 3315 171 49 dispone
2503 3314 43 39 di

1531 3368 157 49 spirito,
1723 3369 41 38 di
1795 3370 173 38 vivacità
1999 3384 22 24 e
2051 3370 42 39 di
2124 3372 206 49 eleganza,
2353 3386 22 24 e
2395 3372 73 37 che
2488 3385 56 32 sa,

1531 3425 115 49 quasi
1677 3438 172 37 sempre,
1879 3427 180 39 fermarsi
2090 3428 41 38 in
2170 3436 139 42 tempo
2354 3428 87 39 sull'
2460 3429 87 38 orlo

1530 3481 105 40 della
1664 3482 212 49 volgarità.

2713 482 130 49 Quale
2873 482 104 38 libro
3009 482 41 38 di
3081 482 136 38 critica
3247 484 34 43 è,
3314 494 116 25 verso
3463 480 27 38 il
3521 480 38 37 d'
3579 480 61 37 An-

2655 539 162 45 nunzio,
2850 539 39 37 di
2931 553 77 24 una
3050 539 171 38 severità
3261 538 116 50 quasi
3417 537 251 50 aggressiva,

2655 595 284 38 nell'evidente
2969 597 212 48 proposito
3202 595 40 38 di
3263 595 211 49 dipingere
3495 593 40 39 lo
3557 594 95 38 scrit-

2655 660 87 30 tore
2773 653 154 38 famoso
2960 653 117 50 quale
3108 653 159 37 artefice
3288 651 108 39 della
3416 651 166 50 propria
3612 663 39 25 ce-

2655 709 153 46 lebrità,
2843 710 120 49 quale
2984 718 132 30 attore
3137 709 140 39 esimio
3299 708 106 38 della
3428 707 242 49 complicata

2654 766 226 38 commedia
2910 767 105 37 della
3045 767 167 49 propria
3241 766 85 38 vita
3356 765 40 37 di
3434 764 186 39 scrittore
3650 777 20 25 e

2655 823 41 37 di
2728 830 143 31 autore
2893 823 276 38 drammatico.
3193 822 188 39 Secondo
3402 821 26 38 il
3449 821 221 45 Marinetti,

2654 880 26 37 il
2711 880 261 39 d'Annunzio
3003 880 170 39 sarebbe
3203 893 55 24 un
3279 879 192 49 signorile
3492 879 50 37 ed
3566 877 104 38 abile

2653 936 234 39 sfruttatore
2918 938 39 36 di
2987 938 98 49 ogni
3115 937 201 37 tendenza
3352 935 230 46 snobistica,
3614 947 55 25 un

2654 994 335 49 impareggiabile
3024 1008 21 22 «
3067 994 163 38 fumiste
3254 1007 36 31 »,
3323 1006 54 24 un
3417 994 118 36 dotto
3567 1004 78 25 mae-

2654 1058 85 30 stro
2779 1051 90 36 nell'
2888 1051 233 38 affascinare
3160 1050 36 38 le
3236 1049 95 39 folle
3361 1049 58 38 co'
3452 1049 91 38 suoi
3574 1061 72 37 pre-

2653 1107 171 38 tenziosi
2868 1107 310 50 atteggiamenti
3222 1105 180 40 calcolati
3443 1119 21 24 e
3502 1105 167 39 studiati

2654 1176 73 37 per
2756 1164 233 38 assicurarsi
3015 1164 12 37 i
3048 1164 211 38 clamorosi
3279 1162 186 46 successi,
3489 1175 74 36 pur
3585 1174 84 26 non

2653 1221 261 37 concedendo
2959 1221 74 37 che
3077 1234 81 24 una
3202 1220 252 48 produzione
3489 1220 181 38 artistica

2655 1290 101 35 poco
2787 1277 229 38 accessibile
3046 1277 78 37 alla
3156 1277 108 38 folla.
3296 1277 36 37 E
3360 1290 50 24 va
3451 1276 71 48 più
3560 1277 42 36 in
3633 1275 37 38 là

2653 1335 26 36 il
2711 1334 247 38 nuovissimo
3000 1347 21 24 e
3061 1333 190 38 mordace
3290 1333 137 38 critico
3467 1333 65 38 del
3574 1333 95 37 divo

2654 1390 200 39 Gabriele.
2887 1391 159 50 Questi,
3093 1404 72 35 per
3208 1390 28 38 il
3281 1389 221 46 Marinetti,
3548 1392 21 34 è
3614 1402 55 25 un

2655 1464 19 18 «
2700 1447 200 38 ineffabile
2932 1447 260 39 discendente
3213 1446 41 38 di
3276 1448 226 45 Casanova,
3525 1446 41 36 di
3588 1446 55 38 Ca-

2653 1503 171 50 gliostro
2854 1517 22 23 e
2906 1504 39 37 di
2977 1503 101 39 tanti
3099 1503 89 39 altri
3208 1503 273 39 avventurieri
3504 1502 165 46 italiani,

2652 1561 153 37 rimasti
2851 1561 145 37 celebri
3041 1573 73 35 per
3160 1560 37 37 la
3227 1560 87 37 loro
3344 1560 162 46 finezza,
3539 1572 73 36 per
3644 1559 26 38 il

2652 1618 87 37 loro
2770 1618 193 48 coraggio
2993 1616 224 46 vittorioso,
3239 1629 73 36 per
3342 1616 38 38 la
3409 1617 87 37 loro
3516 1616 132 37 instan-

2652 1674 126 38 cabile
2799 1674 193 49 strategia
3012 1673 258 48 diplomatica
3290 1687 39 32 »;
3353 1686 64 24 ma
3438 1673 230 48 dopotutto,

2653 1731 27 37 il
2711 1731 207 37 Marinetti
2948 1730 196 38 conviene
3175 1730 73 38 che
3279 1730 26 37 il
3335 1729 275 39 D'Annunzio
3633 1730 37 38 fa

2653 1787 218 38 benissimo
2902 1801 23 24 a
2954 1788 137 37 vivere
3120 1800 22 24 e
3172 1800 23 24 a
3215 1786 241 50 glorificarsi
3477 1799 114 24 come
3611 1786 58 48 gli

2652 1843 125 50 piace,
2809 1842 148 51 perchè
2986 1851 143 42 questo
3150 1843 57 48 gli
3238 1844 117 48 piace
3370 1844 5 37 !
3399 1844 54 37 Se
3483 1856 71 36 per
3574 1843 77 38 l'au-

2652 1908 87 30 tore
2782 1901 78 37 tale
2906 1902 21 36 è
2971 1900 26 37 il
3047 1914 20 21 «
3092 1898 273 40 D'Annunzio
3396 1900 75 37 che
3502 1907 107 30 resta
3632 1915 36 31 »,

2653 1970 21 24 «
2699 1957 57 49 gli
2787 1957 65 38 dei
2883 1957 74 37 che
2987 1969 43 25 se
3062 1969 49 24 ne
3141 1970 134 25 vanno
3296 1972 22 21 »
3353 1970 102 24 sono
3486 1956 130 38 Verdi
3647 1970 22 24 e

2652 2013 212 46 Carducci,
2897 2013 64 37 dei
2993 2012 109 50 quali
3134 2013 27 37 il
3193 2013 206 38 Marinetti
3440 2013 185 38 descrive
3657 2013 11 37 i

2652 2070 184 46 funerali,
2869 2070 41 37 in
2941 2083 82 24 una
3054 2081 121 36 prosa
3203 2070 285 38 vivacemente
3518 2083 127 25 croma-

2652 2127 92 44 tica,
2776 2126 168 49 plastica
2982 2139 21 24 e
3043 2126 160 38 duttile.

2707 2182 275 39 L'umorismo
3012 2181 106 39 dello
3139 2183 190 37 scrittore
3350 2195 83 25 non
3454 2181 22 39 è
3506 2195 163 36 sempre

2650 2239 225 49 simpatico,
2901 2239 125 38 anche
3047 2239 166 49 quando
3234 2242 21 34 è
3286 2239 149 45 sobrio,
3458 2239 150 49 perchè
3629 2239 41 38 di

2651 2309 79 24 una
2760 2296 210 39 causticità
3001 2302 150 42 troppo
3190 2295 224 49 personale,
3446 2302 112 31 tanto
3598 2294 71 51 più

2649 2359 137 32 strana
2825 2353 40 37 in
2899 2365 55 25 un
2976 2352 174 49 giovane
3181 2359 131 41 poeta,
3335 2364 117 27 come
3482 2352 27 37 il
3541 2352 100 38 Mari-

2650 2409 113 45 netti,
2781 2408 38 38 al
2833 2409 119 49 quale
2973 2410 69 47 più
3064 2408 120 46 volte,
3207 2411 22 35 è
3250 2409 297 48 precisamente
3562 2417 106 31 stato

2651 2478 136 26 mosso
2817 2472 183 42 appunto
3031 2465 41 37 di
3101 2465 111 38 voler
3243 2465 92 38 farsi
3367 2465 162 38 innanzi
3562 2465 107 39 nella

2650 2523 200 37 notorietà
2869 2521 213 45 letteraria,
3104 2535 76 24 con
3197 2521 318 38 un'esuberanza
3536 2535 111 26 ecces-

2649 2578 85 39 siva
2755 2592 21 24 e
2795 2578 219 38 frettolosa.
3047 2578 37 37 A
3104 2578 56 37 lui
3182 2577 110 50 però,
3316 2578 32 38 si
3371 2579 103 38 deve
3497 2579 59 38 far
3578 2592 61 25 me-

2649 2636 77 37 rito
2745 2635 40 37 di
2801 2643 143 41 questa
2960 2647 92 25 acre
3068 2634 266 50 divagazione
3351 2635 315 47 frammentaria,

2651 2692 40 37 in
2724 2700 152 41 quanto
2906 2704 88 25 essa
3024 2693 23 35 è
3076 2692 111 45 tolta,
3211 2704 76 26 con
3318 2705 54 25 un
3395 2700 113 31 certo
3529 2705 116 37 corag-

2649 2749 67 48 gio
2748 2762 21 24 e
2800 2749 63 37 del
2894 2756 106 29 resto
3032 2760 81 25 non
3145 2761 119 25 senza
3284 2749 209 38 coscienza
3516 2749 149 52 critica,

2649 2805 106 38 dalla
2775 2806 84 37 vita
2880 2812 359 40 contemporanea.
3263 2805 32 38 Il
3317 2819 145 36 grosso
3482 2805 66 39 del
3570 2806 74 49 pub-

2650 2862 105 37 blico
2800 2864 168 47 gusterà
3014 2862 161 48 meglio,
3207 2862 65 38 nel
3318 2862 118 47 libro,
3468 2862 38 38 le
3541 2870 127 41 punte

2649 2918 279 45 umoristiche,
2961 2918 12 37 i
3005 2918 232 48 particolari
3269 2919 147 38 inediti
3448 2918 107 40 della
3584 2920 84 37 vita

2650 2975 64 38 del
2746 2983 133 41 poeta,
2911 2974 74 39 che
3015 2988 82 25 non
3127 2975 57 50 gli
3221 2974 186 39 elementi
3448 2976 165 48 positivi
3645 2989 21 25 e

2649 3032 39 37 di
2720 3031 374 45 documentazione,
3117 3031 109 50 quali
3257 3045 100 36 pure
3386 3032 27 38 il
3443 3033 105 38 libro
3570 3046 72 25 con-

2649 3088 119 39 tiene.
2801 3088 132 39 L'alto
2963 3089 138 38 valore
3132 3088 179 38 artistico
3341 3089 109 37 della
3477 3090 191 38 massima

2651 3153 114 41 parte
2809 3145 90 39 dell'
2915 3158 126 36 opera
3085 3144 37 39 d'
3142 3147 255 37 annunziana
3435 3149 23 35 è
3492 3146 151 49 amplia-

2651 3209 134 31 mele
2815 3213 202 27 ammesso
3047 3215 22 25 e
3099 3202 249 49 proclamato
3369 3203 67 38 dal
3459 3203 208 38 Marinetti

2648 3273 21 24 e
2691 3259 178 38 davvero
2891 3259 169 38 sarebbe
3081 3273 166 25 enorme
3267 3261 75 37 che
3362 3273 57 25 un
3442 3260 77 39 fine
3540 3267 127 32 esteta

2649 3330 171 36 negasse
2850 3316 36 38 le
2917 3316 174 38 bellezze
3131 3317 41 37 di
3212 3317 64 38 cui
3318 3330 101 25 sono
3457 3317 135 38 ricche
3630 3316 37 39 le

2649 3373 151 50 pagine
2820 3372 64 39 del
2916 3387 19 24 «
2952 3373 171 39 Trionfo
3146 3373 106 39 della
3273 3382 132 30 morte
3426 3389 38 31 »,
3487 3375 36 37 le
3546 3386 121 26 scene

2648 3429 41 38 di
2724 3444 18 22 «
2768 3429 106 39 Città
2906 3438 132 31 morta
3062 3446 17 21 »
3114 3443 23 25 e
3167 3433 83 36 così
3280 3432 80 37 via.
3406 3431 80 45 Ma,
3520 3431 145 50 ripeto,

2648 3486 53 39 ad
2732 3494 95 31 onta
2858 3486 298 41 dell'ostentata
3187 3487 258 40 obbiettività
3474 3487 27 38 il
3532 3500 112 36 perso-

1926 3630 227 37 14
