4018 3807
460 341 265 38 POESIA

1333 549 246 135 Le
1686 540 1081 167 Coquillage

454 878 89 45 Sur
577 878 44 45 la
656 878 141 60 plage
830 880 240 51 bretonne,
1110 876 165 47 étroite
1310 887 47 35 et
1392 875 321 52 sablonneuse,

453 958 77 44 Au
567 957 107 60 pied
709 958 58 44 de
802 956 45 46 la
882 956 160 46 falaise
1075 956 61 46 où
1172 955 205 46 blanchit
1411 955 43 45 le
1488 955 191 54 brisant,

455 1035 173 58 Quand
663 1032 226 48 Thorizon
925 1036 157 59 rougit
1116 1051 79 29 sur
1230 1034 43 45 la
1308 1050 98 28 mer
1440 1042 313 49 somptueuse,

454 1142 63 4 —
556 1111 218 47 Couchée
809 1129 57 29 en
903 1130 85 28 son
1024 1114 176 52 hamac,
1241 1129 90 28 une
1366 1112 168 45 femme
1569 1108 191 47 rèveuse

456 1192 181 44 Bercait
672 1209 58 27 au
767 1202 111 35 vent
912 1192 62 44 du
1011 1192 93 44 soir
1138 1207 85 29 son
1259 1192 118 43 beau
1414 1205 135 43 corps
1582 1186 304 61 languissant.

455 1325 101 45 Elle
591 1323 170 62 prètait
794 1324 191 46 l'oreille
1021 1327 28 42 à
1083 1325 44 45 la
1162 1325 107 44 voix
1303 1324 222 58 fatidique

455 1404 100 45 Des
589 1404 146 45 lames
770 1402 143 61 qu'on
948 1404 173 44 entend
1157 1400 194 47 déferler
1386 1411 46 34 et
1468 1400 162 51 courir,

454 1483 319 44 Bruissement
809 1482 186 52 éternel,
1035 1482 138 44 chant
1208 1496 204 43 sauvage
1447 1489 46 35 et
1528 1476 274 61 rythmique,

454 1562 139 59 Long
627 1561 153 44 baiser
815 1559 263 46 frémissant
1113 1560 60 42 du
1211 1559 199 59 superbe
1445 1556 277 58 Atlantique

454 1640 46 44 A
535 1638 44 46 la
614 1639 145 45 Terre
794 1666 64 5 —
893 1638 153 45 baiser
1080 1638 78 58 qui
1195 1652 58 29 ne
1287 1645 109 35 veut
1430 1652 85 42 pas
1551 1633 185 45 mourir.

454 1773 73 52 Et,
567 1788 79 28 sur
680 1771 42 45 le
760 1771 295 59 Crépuscule,
1096 1786 61 28 un
1194 1770 150 60 grand
1379 1784 154 44 nuage
1569 1783 166 29 mauve

454 1849 318 45 Entr'ouvrait
807 1866 74 28 ses
917 1849 191 45 rideaux
1143 1849 116 43 dans
1294 1847 198 59 l'espace
1527 1854 221 52 voguant.

455 1928 134 46 Nous
625 1927 145 45 vìmes
806 1928 117 44 dans
958 1927 43 44 le
1037 1926 82 45 ciel
1157 1942 91 29 une
1284 1925 232 44 fournaise
1552 1924 135 44 fauve
1705 1939 8 36 ;

454 2005 135 46 L'oeil
624 2005 156 46 ébloui
817 2004 238 61 plongeait
1090 2004 115 44 dans
1241 2012 120 35 cette
1396 2003 190 44 ardente
1622 2000 158 46 alcòve

455 2085 108 58 Que
598 2100 119 44 pour
751 2084 44 44 le
824 2084 112 59 Jour
970 2083 120 44 lasse
1125 2082 233 59 préparait
1393 2081 256 58 l'ouragan.

452 2218 194 61 Jusq'au
682 2216 152 47 zénith
870 2226 160 35 monta
1065 2216 44 45 la
1143 2216 192 44 lumière
1370 2215 138 53 ravie,

455 2298 61 43 Et
551 2296 104 60 plus
690 2297 188 44 sombre
913 2296 158 44 devint
1106 2294 44 44 la
1185 2294 168 44 femme
1388 2309 59 28 au
1484 2293 122 44 front
1641 2291 162 60 pensif.

455 2374 101 46 Elle
591 2374 179 59 plissait
805 2390 51 28 sa
890 2373 193 52 bouche,
1124 2371 167 52 amère,
1332 2371 266 44 inassouvie
1618 2386 8 37 ;

454 2453 102 45 Elle
590 2452 215 45 semblait
840 2452 144 44 aimer
1019 2460 46 35 et
1102 2451 208 43 maudire
1344 2449 44 45 la
1423 2449 84 52 vie,

457 2532 72 44 La
563 2531 170 45 femme
768 2547 92 27 aux
894 2530 247 44 bandeaux
1178 2529 136 52 noirs,
1353 2544 92 28 aux
1478 2543 121 44 yeux
1633 2526 170 61 d'aigle
1837 2526 152 60 captif.

454 2667 73 52 Et,
568 2666 239 44 marchant
843 2666 116 44 dans
995 2663 43 46 le
1072 2663 141 54 sable,
1253 2661 60 46 où
1350 2662 42 45 le
1428 2663 82 44 flot
1545 2661 140 61 glisse
1719 2671 47 36 et
1800 2677 154 44 passe,

450 2745 51 59 Je
536 2760 75 28 me
646 2744 194 59 penchai
876 2759 79 28 sur
989 2741 87 46 elle
1111 2759 58 27 en
1205 2757 63 29 un
1305 2741 227 59 poignant
1567 2740 141 53 souci,

452 2822 54 61 Je
541 2821 63 46 lui
639 2822 71 45 dis
727 2839 8 27 :
776 2839 24 28 «
829 2821 352 51 Souffrez-vous,
1220 2835 61 30 ou
1318 2820 107 43 bien
1462 2818 233 47 ètes-vous
1729 2816 150 47 lasse?
1905 2834 22 27 »

456 2899 113 53 Elle,
608 2915 108 30 sans
752 2915 196 38 remuer,
986 2897 216 60 répondit
1237 2899 27 43 à
1299 2898 107 43 voix
1442 2898 165 43 basse:

464 2995 22 27 «
513 2978 123 52 Non,
675 2976 257 46 seulement
960 2976 84 61 j'ai
1068 2976 134 45 soif...
1236 2985 46 36 et
1317 2975 131 59 point
1484 2975 57 44 de
1576 2989 164 29 source
1777 2973 80 46 ici!
1886 2993 18 22 »

457 3112 134 45 Dans
626 3112 44 45 le
704 3128 139 29 creux
879 3112 61 44 du
976 3111 167 52 vallon,
1184 3111 79 59 qui
1299 3110 202 45 descend
1536 3124 104 30 vers
1675 3108 44 45 la
1755 3108 150 61 plage,

449 3191 51 59 Je
536 3191 151 44 savais
723 3206 91 29 une
849 3206 177 38 source,
1065 3206 61 28 un
1164 3189 108 45 clair
1309 3188 95 44 filet
1440 3187 229 61 d'argent.

453 3268 72 61 J'y
560 3285 168 29 courus
763 3269 218 44 chercher
1015 3265 59 47 l'è
1077 3284 57 28 au
1172 3268 79 59 qui
1287 3266 118 45 filtre
1440 3282 111 28 sous
1586 3265 251 61 l'herbage,

456 3347 63 47 Et
548 3348 50 60 je
632 3347 44 46 la
711 3348 237 59 rapportai
983 3347 117 45 dans
1136 3363 62 27 un
1235 3347 150 59 grand
1421 3344 275 61 coquillage,

457 3426 307 52 Ruisselante,
805 3426 28 44 à
868 3425 43 45 la
946 3425 181 45 bouche
1163 3441 58 28 au
1258 3425 178 44 sourire
1472 3423 277 59 changeant.

2125 868 100 46 Elle
2260 870 85 43 but
2379 868 299 46 lentement...
2717 877 48 36 et
2799 884 119 28 nous
2953 883 119 29 nous
3107 865 314 61 regardàmes.

2125 948 88 52 Oh,
2253 948 169 59 regard
2457 947 210 52 anxieux,
2707 945 195 60 étrange
2937 945 350 45 flamboiement
3304 943 7 45 !

2119 1027 50 58 Je
2205 1042 58 28 ne
2298 1026 91 44 sais
2425 1042 84 43 pas
2544 1025 107 59 quel
2686 1024 169 60 philtre
2888 1023 124 46 alors
3048 1039 119 29 nous
3204 1039 119 28 nous
3358 1021 249 53 versàmes,

2126 1105 134 52 Mais,
2299 1105 117 44 dans
2452 1120 51 28 ce
2537 1103 113 60 long
2685 1103 180 60 regard,
2904 1119 51 28 se
2990 1101 300 46 cherchèrent
3327 1117 86 28 nos
3448 1099 141 53 àmes,

2125 1182 234 45 Fouillant
2394 1183 117 43 dans
2544 1181 100 45 leur
2678 1179 183 47 tréfond
2896 1179 219 61 Pénigme
3151 1178 321 61 éperdument.

2126 1329 126 44 L'air
2285 1327 113 46 était
2432 1338 156 34 sature
2623 1328 59 43 de
2716 1326 139 45 lande
2890 1336 47 35 et
2972 1327 58 44 de
3067 1325 220 61 genièvre

2127 1407 61 44 Et
2223 1407 116 44 dans
2376 1422 84 28 nos
2495 1421 148 30 cceurs
2678 1404 182 61 gonflés
2895 1402 106 62 déjà
3036 1404 220 59 grondait
3290 1402 44 45 le
3369 1403 121 44 dieu.

2128 1486 101 43 Nos
2265 1484 244 61 paupières
2544 1482 304 52 tremblaient,
2889 1499 85 28 nos
3008 1499 122 42 yeux
3166 1482 233 44 brulaient
3428 1481 59 45 de
3511 1480 154 46 fièvre.

2128 1564 122 43 Mais
2287 1580 60 27 un
2385 1562 196 59 pouvoir
2616 1561 103 60 plus
2755 1562 90 44 fort
2879 1577 91 43 que
3006 1561 93 45 moi
3135 1560 177 45 scellait
3347 1576 77 28 ma
3458 1557 173 48 lèvre...

2123 1643 50 58 Je
2208 1640 244 46 détournai
2487 1640 44 45 la
2565 1639 95 46 tète
2695 1656 54 28 en
2788 1639 64 45 lui
2887 1640 154 44 disant
3076 1640 150 44 adieu.

2128 1788 71 51 Et,
2241 1803 78 27 sur
2354 1802 51 28 sa
2441 1786 97 44 face
2573 1784 116 60 pale,
2730 1801 90 28 une
2856 1785 163 43 ombre
3055 1781 204 47 défiante

2128 1864 243 60 S'épandit
2387 1881 9 36 ;
2434 1865 117 43 dans
2586 1880 75 28 ses
2695 1879 136 43 yeux,
2869 1879 61 28 un
2967 1862 135 45 fauve
3139 1860 139 46 éclair
3313 1860 146 54 brilla,

2131 1944 107 44 Puis
2274 1942 87 45 elle
2396 1959 74 28 me
2504 1943 149 44 tendit
2688 1941 44 45 la
2766 1957 149 43 coupé
2950 1938 324 48 étincelante...

2131 2022 176 52 Douce,
2348 2021 86 44 elle
2469 2035 262 30 murmura:
2780 2039 19 21 «
2824 2020 153 43 Toute
3012 2018 44 44 la
3093 2034 99 28 mer
3226 2034 29 43 y
3291 2019 214 44 chante...

2130 2101 48 44 Si
2214 2117 116 28 vous
2366 2100 143 43 aimez
2544 2098 43 45 le
2622 2098 131 45 triste
2791 2095 206 47 Océan...
3038 2096 303 60 gardez-là!>

2128 2246 78 45 Ah
2223 2246 7 44 !
2269 2245 165 58 depuis
2469 2253 120 36 cette
2624 2244 186 44 sombre
2845 2252 47 35 et
2927 2241 243 60 splendide
3207 2239 163 54 soirée,

2125 2325 51 58 Je
2212 2324 90 44 n'ai
2338 2322 103 60 plus
2477 2339 59 28 vu
2573 2321 44 46 la
2653 2337 98 29 mer
2786 2331 47 35 et
2867 2336 85 29 son
2989 2320 185 60 gouffre
3210 2317 156 53 béant,

2132 2402 134 53 Mais,
2306 2402 116 44 dans
2457 2401 45 44 la
2537 2400 200 45 solitude
2771 2408 47 36 et
2852 2398 45 45 la
2932 2397 125 45 foule
3093 2396 201 60 affairée,

2129 2481 246 59 Toujours,
2415 2481 212 59 toujours
2656 2477 238 61 j'entends
2929 2476 43 45 la
3008 2476 199 59 coquille
3245 2474 165 47 nacrée

2133 2559 206 45 Chanter
2373 2560 28 44 à
2436 2575 110 28 mon
2582 2557 157 46 oreille
2774 2557 116 44 ainsi
2927 2571 91 42 que
3054 2552 213 49 TOcéan.

2132 2706 60 44 Et
2221 2705 49 59 je
2305 2705 152 44 revois
2493 2705 211 59 toujours
2739 2703 188 51 l'heure,
2968 2702 177 44 l'heure
3184 2700 228 54 indicible,

2135 2784 43 44 O
2217 2783 168 45 femme
2420 2799 91 28 aux
2545 2783 248 44 bandeaux
2828 2781 137 51 noirs,
3006 2797 58 28 au
3102 2780 179 44 sourire
3316 2778 202 47 blessé...

2128 2862 50 59 Je
2213 2862 132 59 puise
2380 2862 117 43 dans
2532 2870 70 35 tes
2636 2876 122 43 yeux
2791 2869 49 36 ta
2875 2858 93 45 soif
2998 2857 350 60 inextinguible,

2135 2940 206 59 Croyant
2375 2940 131 44 boire
2540 2956 79 28 sur
2653 2949 49 35 ta
2737 2938 181 45 bouche
2954 2937 42 44 le
3032 2937 75 44 feu
3145 2935 187 46 terrible

2133 3018 122 57 Que,
2292 3019 116 43 dans
2446 3034 84 29 nos
2560 3032 162 43 coeurs,
2746 3026 107 36 tous
2888 3017 123 43 deux
3051 3031 118 29 nous
3206 3031 146 28 avons
3388 3013 200 48 terrassé
3610 3015 9 45 !

3088 3160 260 48 Edouard
3380 3160 224 48 Schuré.

1962 3569 218 33 26
