3009 3048
1507 2499 73 73 10

653 1119 62 18 von
726 1108 95 29 selber
830 1108 81 29 ohne
923 1109 192 35 Regulirung
1125 1119 62 17 von
1197 1111 94 26 seiten
1302 1108 50 29 des
1364 1109 117 36 Kopfes
1493 1121 38 20 zu

652 1147 105 29 laufen
784 1147 117 33 schien,
931 1147 80 36 glich
1043 1147 68 28 dem
1142 1147 213 36 geschwinden
1384 1148 147 37 Tröpfeln

653 1186 51 29 des
731 1186 135 29 Wassers
893 1191 79 24 etwa
994 1197 54 17 aus
1077 1189 82 26 einer
1188 1187 103 29 Rinne
1323 1187 46 30 bei
1397 1190 134 29 starkem

653 1226 127 36 Regen,
816 1225 63 29 und
909 1225 53 29 das
988 1225 78 29 stille
1092 1225 155 30 Mädchen
1277 1238 63 18 war
1365 1229 84 29 nicht
1474 1241 57 18 nur

653 1267 86 26 weiss
765 1267 57 26 wie
849 1267 66 26 eine
937 1264 235 35 Schneeflocke,
1194 1266 129 29 sondern
1345 1267 84 30 hatte
1451 1270 79 29 auch

653 1309 93 23 etwas
773 1315 40 17 an
840 1304 76 32 sich,
942 1304 44 28 als
1012 1304 118 28 könnte
1157 1307 43 27 sie
1225 1305 86 35 jeden
1337 1307 192 37 Augenblick

652 1343 171 29 schmelzen
850 1342 62 29 und
941 1343 239 29 verschwinden*
1216 1345 77 29 Man
1323 1346 55 29 rief
1402 1350 41 27 sie
1465 1349 63 29 also

652 1381 180 35 Tröpfchen
868 1382 62 29 und
963 1382 222 30 Schneeflocke
1221 1384 71 30 oder
1328 1386 101 30 Vikus
1465 1389 63 29 und

653 1421 101 33 Vika,
785 1421 39 29 da
846 1421 46 29 die
918 1421 172 30 feierlichen
1112 1423 126 29 Namen
1260 1424 179 31 Ludovikus
1465 1428 62 29 und

652 1460 179 34 Ludovifca,
866 1460 55 29 auf
954 1461 48 28 die
1036 1464 42 26 sie
1112 1463 119 35 getauft
1265 1475 116 23 waren,
1412 1477 96 26 augen-

651 1500 165 29 scheinlich
841 1500 85 28 nicht
961 1500 48 29 für
1036 1503 42 27 sie
1107 1507 131 29 passten*
1273 1504 49 29 Sie
1344 1516 102 18 waren
1468 1506 59 30 fast

651 1539 175 35 jedermann
849 1539 138 29 bekannt
1002 1540 62 29 und
1084 1540 78 30 doch
1184 1552 79 26 ganz
1285 1544 80 29 ohne
1379 1545 148 36 Freunde,

650 1578 85 29 nicht
757 1579 67 28 weil
846 1581 42 26 sie
909 1579 155 29 unbeliebt
1086 1592 139 24 gewesen
1246 1585 113 32 wären,
1381 1585 145 29 vielmehr

650 1618 68 29 weil
733 1617 48 30 die
797 1618 105 29 Natur
916 1621 41 26 sie
971 1630 33 17 so
1020 1619 97 29 neben
1133 1620 143 30 einander
1298 1624 118 35 gestellt
1431 1624 95 34 hatte,

650 1658 74 28 kam
757 1668 30 18 es
816 1657 93 29 ihnen
940 1661 50 26 nie
1019 1661 30 26 in
1081 1658 58 29 den
1171 1659 73 29 Sinn
1277 1664 87 27 einen
1395 1663 130 30 anderen

650 1697 147 37 Umgang
812 1708 39 19 zu
866 1697 124 29 suchen*
1013 1697 83 30 Aber
1112 1698 121 29 obwohl
1249 1703 41 26 sie
1308 1702 63 28 sich
1386 1702 67 29 sehr
1468 1704 57 28 lieb

648 1737 118 34 hatten,
788 1739 29 33 ja
838 1737 86 29 nicht
946 1737 81 29 ohne
1048 1737 143 30 einander
1213 1738 142 31 bestehen
1377 1741 148 35 konnten,

649 1776 119 30 fühlten
791 1779 42 27 sie
854 1777 64 29 sich
944 1776 78 31 doch
1047 1777 85 29 nicht
1153 1777 158 38 befriedigt
1333 1780 62 29 und
1417 1792 90 26 ausge-

648 1815 70 29 füllt
738 1819 31 25 in
791 1816 79 30 ihrer
891 1816 100 35 Liebe,
1013 1820 42 26 im
1071 1817 184 37 Gegentheil
1277 1819 44 28 als
1343 1819 47 29 die
1412 1820 113 30 Kunde

648 1865 72 18 vom
739 1855 275 38 Weltuntergänge
1035 1857 85 34 kam,
1142 1857 52 28 fiel
1215 1868 30 18 es
1267 1857 93 30 ihnen
1382 1859 142 35 plötzlich

648 1896 63 31 ein,
740 1896 31 27 in
797 1906 63 18 was
889 1896 48 29 für
968 1899 81 27 einer
1079 1896 235 30 fürchterlichen
1335 1898 190 30 Einsamkeit

648 1935 41 26 sie
712 1932 98 30 bisher
832 1935 99 35 gelebt
945 1936 119 34 hatten,
1078 1936 135 30 nämlich
1227 1948 59 18 nur
1300 1940 55 27 mit
1370 1938 153 35 einander,

648 1971 48 29 die
725 1972 63 28 sich
818 1973 79 30 doch
928 1976 147 29 innerlich
1107 1987 32 18 so
1176 1976 124 30 ähnlich
1330 1989 101 18 waren
1466 1982 57 26 wie

648 2011 172 28 äusserlich*
849 2013 58 29 Die
923 2014 180 36 Nachricht,
1119 2015 68 29 dass
1208 2028 30 17 es
1260 2016 68 30 bald
1350 2017 48 30 für
1418 2020 105 27 immer

647 2049 103 29 vorbei
765 2053 63 26 sein
843 2053 113 34 würde,
970 2054 156 31 schreckte
1140 2058 42 26 sie
1196 2058 58 28 wie
1275 2060 56 26 mit
1345 2057 158 30 Posaunen-

647 2091 115 26 stössen
777 2100 54 18 aus
846 2091 94 29 ihrem
955 2093 277 37 Halbschlummer,
1247 2097 61 28 und
1328 2100 40 26 sie
1390 2103 132 24 wussten

646 2130 32 25 in
704 2127 78 29 ihrer
805 2129 101 37 Angst
928 2133 62 27 und
1012 2133 165 37 Ungeduld
1205 2147 53 24 gar
1280 2136 84 29 nicht
1392 2148 63 18 was
1481 2140 40 26 sie

646 2166 78 29 thun
746 2168 119 34 sollten,
887 2181 53 17 um
961 2170 53 30 das
1033 2172 101 30 Leben
1155 2177 32 25 in
1208 2174 47 29 die
1277 2174 113 30 Hände
1412 2185 38 20 zu
1472 2176 33 28 be-

646 2206 156 29 kommen*
836 2207 48 29 Sie
905 2219 103 19 waren
1029 2210 91 30 bereit
1141 2213 73 29 alles
1235 2224 38 18 zu
1295 2213 79 29 thun
1395 2225 63 17 was
1479 2217 42 25 sie

646 2257 56 17 nur
738 2245 106 29 fühlen
879 2247 134 35 machte,
1042 2249 66 30 dass
1143 2254 42 26 sie
1219 2251 110 30 lebten.
1384 2252 55 28 Als
1474 2252 47 29 die

646 2284 192 30 Weltfcinder
873 2285 148 37 begriffen
1056 2288 126 35 hatten,
1220 2302 53 17 um
1304 2302 63 18 was
1397 2302 30 17 es
1458 2291 63 29 sich

645 2323 160 35 handelte,
840 2324 102 30 schien
978 2326 94 29 ihnen
1107 2327 53 29 das
1196 2332 47 25 ein
1265 2330 192 35 Hauptspass
1482 2340 38 19 zu

644 2367 82 31 sein;
751 2367 42 26 sie
819 2364 176 37 empfingen
1021 2365 47 29 die
1095 2366 162 38 Zwillinge
1286 2368 64 30 voll
1375 2368 129 30 Zärtlich-

643 2404 82 33 keit,
755 2403 47 30 die
832 2405 120 27 Frauen
981 2404 227 37 bemächtigten
1241 2407 62 28 sich
1329 2407 51 29 des
1408 2406 94 36 Tröpf-

644 2443 91 29 chens
764 2442 62 30 und
858 2442 48 30 die
934 2443 133 29 Männer
1096 2444 51 29 der
1179 2445 230 35 Schneeflocke,
1440 2446 79 30 denn

1588 487 157 34 zunächst,
1760 494 108 31 sagten
1884 492 51 31 sie,
1952 492 133 27 müssten
2107 492 41 27 sie
2170 489 47 30 die
2233 489 91 30 Liebe
2339 490 122 29 kennen

1587 526 117 35 lernen,
1734 527 83 30 dann
1846 528 103 30 würde
1974 528 53 29 das
2053 529 101 30 Leben
2184 529 62 30 sich
2276 540 62 18 von
2369 529 93 30 selber

1587 566 144 30 aufthun*
1773 568 39 29 Es
1843 571 98 33 zeigte
1973 568 63 29 sich
2062 568 83 35 aber,
2171 569 67 30 dass
2270 568 69 30 dem
2360 569 102 30 Vifeus

1586 605 49 30 die
1663 607 92 29 Liebe
1789 608 83 29 nicht
1903 607 214 37 beizubringen
2153 620 80 23 war,
2268 609 67 29 weil
2371 620 30 18 er
2431 620 30 18 es

1586 645 150 30 durchaus
1765 648 83 28 nicht
1870 652 80 24 ernst
1977 646 94 30 damit
2096 649 131 28 nehmen
2250 648 127 35 konnte,
2398 659 63 19 was

1585 684 80 30 denn
1691 686 78 29 doch
1792 686 53 29 das
1870 686 185 30 betreffende
2080 687 169 36 Mädchen,
2280 691 180 34 wenigstens

1585 725 54 28 auf
1664 725 230 37 Augenblicke,
1916 726 167 38 verlangte*
2124 727 157 30 Während
2308 728 51 29 der
2383 731 62 27 zärt-

1585 764 126 29 lichsten
1741 765 231 30 Wechselreden
1997 766 61 29 und
2088 766 237 38 Liebkosungen
2351 767 109 30 dachte

1585 814 29 18 er
1648 815 40 17 an
1723 804 131 30 hundert
1883 805 111 29 andere
2028 806 115 36 Dinge,
2174 807 186 29 namentlich
2390 807 70 29 aber

1584 845 55 26 mit
1664 844 136 29 welchen
1822 845 128 29 Worten
1976 856 30 18 er
2027 848 96 26 seiner
2145 845 166 30 Schwester
2333 846 53 29 das
2409 858 34 25 ge-

1584 881 92 30 habte
1707 883 176 30 Abenteuer
1912 884 253 30 wiedererzählen
2201 885 116 34 würde,
2347 897 112 18 wovon

1584 922 65 27 eine
1680 932 99 25 grosse
1801 923 326 29 Unaufmerksamkeit
2154 923 63 29 und
2243 924 215 31 Zerstreutheit

1584 958 47 29 die
1646 960 94 36 Folge
1759 972 73 23 war,
1847 962 47 28 die
1910 962 46 29 die
1972 962 136 29 Geliebte
2123 962 171 37 beleidigte*
2316 964 127 30 Schliess-

1584 997 59 29 lich
1676 998 58 36 gab
1765 1011 30 17 er
1824 1011 30 18 es
1882 1011 77 26 ganz
1987 1001 54 28 auf
2068 1001 61 28 und
2155 1002 76 28 hielt
2256 1002 63 29 sich
2340 1013 38 19 zu
2400 1004 58 28 den

1583 1038 113 36 jungen
1726 1038 166 35 Männern,
1923 1039 47 29 die
2000 1051 43 22 er,
2077 1040 188 29 namentlich
2297 1052 89 19 wenn
2417 1046 41 26 sie

1580 1087 98 25 gross,
1708 1078 84 28 stark
1818 1078 63 29 und
1908 1084 93 23 etwas
2026 1079 56 28 roh
2108 1090 117 23 waren,
2254 1081 84 28 nicht
2358 1085 100 34 wenig

1582 1115 203 36 bewunderte,
1807 1117 138 30 würfelte
1967 1118 63 28 und
2051 1118 105 30 zechte
2177 1121 55 27 mit
2253 1119 102 35 ihnen,
2378 1121 80 30 ohne

1582 1154 143 38 übrigens
1747 1159 47 27 ein
1818 1157 125 30 anderes
1963 1157 143 30 Interesse
2129 1158 87 29 dabei
2237 1169 38 19 zu
2291 1159 100 30 haben
2414 1161 44 28 als

1582 1195 52 29 das
1657 1195 50 29 des
1719 1201 159 24 munteren
1894 1197 180 34 Aeffchens,
2096 1197 53 30 das
2171 1198 47 29 die
2238 1198 219 38 Hantirungen

1581 1234 50 29 der
1665 1235 170 30 Menschen
1871 1237 196 29 nachmacht*
2116 1237 203 30 Unterdessen
2356 1239 100 30 wehte

1581 1274 86 29 Vika
1693 1275 91 30 leicht
1809 1276 62 29 und
1898 1277 192 37 geräuschlos
2117 1288 54 18 aus
2198 1280 97 27 einem
2317 1278 77 29 Arm
2424 1282 31 26 in

1579 1314 59 29 den
1659 1314 125 34 andern,
1806 1316 102 29 indem
1929 1319 42 26 sie
1996 1316 142 36 jedesmal
2160 1317 119 35 dachte,
2302 1317 51 30 der
2374 1318 81 30 Kuss

1578 1353 50 30 des
1654 1366 99 17 neuen
1776 1355 160 30 Geliebten
1962 1356 103 29 würde
2090 1356 46 29 ihr
2158 1356 47 30 die
2227 1357 228 30 Lebenswonne

1579 1392 136 38 bringen,
1737 1395 80 29 nach
1839 1394 51 30 der
1911 1397 43 27 sie
1975 1395 64 29 sich
2060 1396 117 29 sehnte*
2212 1397 50 28 Da
2283 1397 65 29 ihre
2370 1397 85 30 Seele

1578 1433 163 36 eigentlich
1757 1445 53 25 gar
1820 1434 85 29 nicht
1918 1434 89 29 dabei
2022 1446 73 22 war,
2105 1446 90 18 wenn
2211 1438 41 27 sie
2266 1436 64 29 sich
2341 1436 113 30 küssen

1577 1472 67 29 liess
1726 1472 80 30 denn
1826 1475 42 27 sie
1890 1473 126 29 horchte
2043 1474 63 28 und
2128 1480 125 24 wartete
2274 1478 106 26 immer
2402 1477 53 28 auf

1578 1510 52 30 das
1657 1512 228 33 Wundervolle,
1912 1523 63 18 was
2001 1513 63 28 sich
2090 1524 64 17 nun
2181 1517 141 34 ereignen
2351 1515 103 29 würde

1636 1550 99 30 fühlte
1760 1554 42 26 sie
1828 1551 63 29 sich
1917 1551 84 29 nicht
2023 1551 109 37 gerade
2155 1554 183 36 entwürdigt
2360 1554 94 29 durch

1577 1589 58 29 den
1657 1590 149 37 häufigen
1829 1590 150 34 Wechsel,
2000 1602 57 17 nur
2078 1591 68 29 dass
2167 1594 56 31 sie,
2245 1592 38 29 da
2305 1593 45 28 ihr
2372 1593 81 30 Herz

1576 1634 77 25 trotz
1682 1630 91 29 allem
1800 1641 62 18 von
1888 1629 69 30 dem
1983 1630 181 29 heimlichen
2191 1631 167 35 Schauder,
2384 1632 68 30 dem

1576 1668 259 38 Frühlingsbeben
1861 1669 62 29 und
1946 1669 296 29 Blüthenschwellen
2267 1671 99 29 nichts
2388 1683 48 18 ver-

1576 1709 114 33 spürte,
1721 1711 106 27 immer
1858 1711 148 34 trauriger
2032 1708 103 29 wurde
2165 1709 62 28 und
2254 1721 51 17 am
2326 1710 125 30 liebsten

1575 1746 85 29 ihren
1679 1747 115 30 Bruder
1815 1748 173 33 aufsuchte,
2009 1759 52 17 um
2080 1753 87 24 unter
2188 1748 70 30 dem
2279 1749 172 31 harmlosen

1576 1786 183 35 Geplauder,
1780 1787 54 29 das
1856 1799 61 18 von
1937 1790 101 26 seinen
2054 1787 115 35 Lippen
2190 1788 190 36 plätscherte,
2397 1802 55 17 vor

1575 1825 62 29 sich
1659 1826 53 28 hin
1734 1836 38 21 zu
1794 1830 151 26 träumen*

1634 1864 157 30 Während
1814 1866 95 30 dieser
1930 1866 67 29 Zeit
2023 1866 145 29 arbeitete
2190 1866 50 30 der
2262 1868 188 37 Bildgiesser,

1574 1903 79 29 Herr
1671 1905 205 35 Brausewein,
1898 1905 112 37 fleissig
2032 1916 38 18 an
2094 1906 68 29 dem
2185 1907 132 36 goldnen
2339 1908 110 35 Kalbe,

1573 1942 53 29 das
1642 1954 30 18 er
1694 1946 31 26 in
1740 1945 39 29 all
1795 1948 95 26 seiner
1907 1945 152 37 gottlosen
2074 1945 112 30 Pracht
2205 1946 62 30 und
2283 1948 166 29 Schönheit

1573 1981 199 32 darzustellen
1793 1985 201 34 versprochen
2016 1985 95 29 hatte*
2146 1985 104 31 Dieser
2272 1987 99 29 Mann
2399 1999 34 25 ge-

1573 2033 69 18 noss
1671 2023 196 36 allgemeines
1894 2024 187 34 Vertrauen,
2106 2025 128 29 welches
2260 2026 79 30 auch
2368 2030 81 26 seine

1572 2061 90 33 feste,
1688 2062 143 38 knorrige
1858 2063 134 35 Gestalt,
2017 2067 64 26 sein
2109 2064 108 30 breites
2244 2066 124 29 Gesicht
2394 2068 55 26 mit

1572 2100 51 29 der
1644 2102 174 29 stattlichen
1841 2103 87 29 Nase
1954 2103 62 29 und
2043 2104 58 29 den
2122 2104 120 30 kleinen
2264 2104 184 29 blinkenden

1572 2140 114 36 Augen
1707 2141 260 34 herausforderte;
1996 2142 79 30 dazu
2101 2154 63 18 war
2186 2155 30 17 er
2237 2144 43 28 als
2303 2145 127 33 uneigen-

1571 2181 106 34 nützig
1700 2179 152 33 bekannt,
1882 2181 79 28 denn
1984 2192 30 17 er
2035 2181 86 29 hatte
2143 2183 62 28 sich
2227 2188 71 23 stets
2320 2184 55 26 mit
2397 2192 34 25 ge-

1570 2219 117 34 ringem
1709 2218 107 28 Lohne
1836 2218 49 28 für
1907 2218 48 29 die
1976 2219 190 30 zahlreichen
2182 2220 266 36 Brunnenfiguren

1572 2255 61 28 und
1656 2255 331 35 Kirchenornamente,
2008 2258 47 29 die
2077 2270 30 18 er
2129 2259 50 29 der
2202 2259 88 30 Stadt
2311 2258 137 37 geliefert

1571 2293 100 34 hatte,
1698 2294 137 37 begnügt
1861 2296 62 28 und
1955 2297 52 28 das
2034 2297 129 36 goldene
2195 2298 83 29 Kalb
2310 2297 136 30 vollends

1571 2342 80 25 ganz
1666 2333 80 28 ohne
1762 2334 123 36 Entgelt
1900 2345 38 20 zu
1953 2335 99 30 bilden
2069 2343 247 23 unternommen*
2338 2336 87 30 Nach-

1571 2370 68 29 dem
1671 2371 53 29 das
1750 2372 81 29 Vieh
1857 2373 88 37 fertig
1974 2385 79 24 war,
2084 2375 104 29 wurde
2219 2376 80 28 nach
2330 2375 116 31 kurzen

1570 2410 219 36 Berathungen
1812 2411 204 36 beschlossen,
2038 2424 30 18 es
2090 2417 31 25 in
2144 2414 68 29 dem
2234 2414 83 28 Park
2338 2415 90 30 aufzu-

1570 2448 117 34 slellcn,
1709 2461 48 18 wo
1781 2450 47 29 die
1849 2451 190 30 Weltkinder
2066 2453 64 28 ihre
2153 2453 117 36 Orgien
2293 2463 37 20 zu
2351 2454 94 29 feiern

517 531 27 24 In
562 531 43 24 der

466 570 169 24 Herbstsonne.
