3055 4384
169 58 61 42 36

226 149 91 43 The
363 147 113 56 place
527 149 176 43 wherein
750 147 93 57 they
890 166 116 26 move
1038 150 31 42 is

165 208 458 44 London—sometimes
674 208 111 43 Paris
832 208 80 43 and
962 208 106 46 New

165 268 110 44 York
282 268 125 44 —but
440 268 174 44 London
647 269 31 43 is
708 268 68 43 the
807 267 139 45 Babel.

223 329 134 43 These
390 331 30 40 is
452 347 23 24 a
496 347 117 24 scene
644 328 44 43 of
719 328 66 43 the
817 328 120 43 death
970 328 43 43 of
1044 347 23 24 a

164 406 158 26 woman
355 388 135 44 which
522 388 31 43 is
585 406 77 25 one
692 388 44 42 of
766 387 68 44 the
865 406 95 37 very
981 388 87 44 best

163 449 125 53 things
320 448 69 43 Mr
435 449 183 42 Cournos
659 448 70 43 has
776 448 121 48 done,
929 448 81 43 and
1042 467 24 24 a

162 508 120 54 figure
315 516 25 15 44
361 507 147 55 Judith,
593 508 93 43 who
719 526 124 25 seems
880 507 183 45 destined

164 579 42 31 to
236 586 88 37 pass
355 569 84 42 into
470 568 164 43 another
665 567 108 45 book
795 567 80 44 and
898 568 165 43 become

163 645 23 25 a
217 645 95 37 very
341 627 153 43 famous
524 628 187 43 creation.

220 687 30 44 It
282 689 31 41 is
345 705 24 24 a
398 688 147 43 human
576 687 107 43 book
714 687 80 43 and
827 686 72 45 full
929 688 44 42 of
993 705 48 26 no-

160 746 65 44 ble
255 747 140 55 things.
458 747 149 44 Above
639 747 52 43 all
721 748 126 54 things
870 766 93 36 very
981 766 63 24 rea-

162 806 177 45 dable....
372 806 81 44 and
499 809 106 41 since
636 806 125 45 books
793 825 66 25 are
906 809 156 42 written

162 878 41 31 to
235 866 50 43 be
316 867 96 43 read
443 869 28 41 it
503 869 31 41 is
567 866 197 44 fortunate
786 867 61 43 for
870 867 69 44 Mr
961 867 77 44 Hei-

160 945 171 25 nemann
381 938 40 31 to
472 927 102 44 have
625 926 125 44 found
803 927 106 44 what
961 939 100 32 must

160 1004 122 37 prove
312 999 41 31 to
385 986 51 43 be
473 1005 77 25 one
598 985 44 44 of
673 987 65 43 the
785 987 86 43 best
924 987 136 55 selling

161 1046 137 45 novels
328 1048 50 42 he
414 1047 70 43 has
515 1064 94 26 ever
653 1046 190 50 handled,
877 1046 82 44 and
989 1048 48 42 be-

160 1106 84 44 fore
275 1106 92 55 long
398 1118 41 32 to
477 1118 109 32 enter
633 1109 48 41 its
721 1107 95 43 15th
847 1107 211 45 thousand.

161 1257 41 42 A
228 1255 336 45 VALUABLE
583 1255 393 46 CATALOGUE,
998 1257 57 57 (a)

157 1345 252 99 THERE
439 1365 66 25 are
536 1364 108 26 some
665 1346 128 55 things
815 1346 131 46 which
968 1348 90 44 take

273 1407 129 43 rather
440 1406 134 56 longer
615 1406 95 44 than
750 1407 130 43 others
922 1408 135 43 before

157 1484 76 26 one
280 1485 74 25 can
400 1467 109 44 learn
550 1467 92 44 how
682 1466 103 54 good
844 1468 90 56 they
976 1486 79 28 are.

155 1526 102 44 And
288 1545 24 25 a
358 1527 104 55 good
508 1527 218 53 Catalogue
766 1526 43 44 of
850 1529 133 44 Books
1028 1531 31 42 is

156 1586 77 45 like
264 1587 97 44 that.

214 1646 93 44 The
329 1647 115 44 value
465 1646 43 44 of
528 1648 67 43 the
619 1649 220 55 Catalogue
861 1649 43 44 of
924 1650 108 43 Thea-

154 1718 58 33 tre
244 1707 134 44 Books
400 1707 131 44 which
553 1726 82 26 was
658 1710 196 56 prepared
877 1711 40 41 in
946 1710 110 44 1922

154 1766 54 56 by
255 1766 70 44 Mr
377 1768 57 43 G.
467 1768 59 43 H.
580 1768 159 45 Palmer
790 1769 162 45 assisted
1004 1769 53 56 by

154 1827 70 44 Mr
254 1827 59 45 A.
346 1845 78 26 van
456 1827 52 44 de
531 1828 78 44 Put
632 1848 127 35 grows
781 1848 52 26 on
858 1848 63 25 me
938 1848 119 37 every

153 1888 94 42 lime
279 1886 15 44 I
329 1905 68 27 use
428 1888 89 44 it....
571 1890 79 42 and
699 1909 155 36 anyone
901 1890 92 43 who
1025 1892 31 41 is

153 1947 182 56 studying
365 1948 67 43 the
478 1949 174 43 Theatre
698 1951 81 43 will
825 1951 81 43 find
953 1952 28 41 it
1013 1949 43 44 of

153 2007 65 43 the
249 2019 142 32 utmost
424 2010 148 42 service
604 2021 40 31 to
675 2010 96 45 him.

209 2067 83 44 Not
323 2067 95 56 only
462 2067 124 45 books
639 2069 159 56 dealing
844 2070 97 45 with
987 2071 67 42 the

149 2126 106 45 New
287 2127 237 45 Movement
572 2147 67 25 are
685 2131 246 54 catalogued,
984 2130 69 43 but

149 2187 112 43 those
313 2187 159 56 dealing
522 2190 98 43 with
673 2191 66 42 the
783 2192 175 43 Theatre
1011 2190 43 43 of

148 2259 85 42 past
267 2266 103 36 ages.

206 2308 15 42 I
253 2308 55 43 do
339 2320 68 32 not
439 2309 120 44 know
590 2309 31 44 if
651 2309 68 44 the
766 2311 222 54 Catalogue
1020 2312 31 42 is

146 2367 76 43 still
254 2368 243 55 procurable,
531 2369 69 44 but
633 2370 31 43 if
692 2372 28 41 it
744 2370 49 44 be
814 2389 44 25 so
880 2371 14 43 I
915 2372 137 42 advise

147 2445 196 38 everyone
385 2430 93 43 who
529 2429 115 44 reads
697 2431 86 43 The
830 2431 130 52 Mask
992 2431 61 43 for

147 2505 189 38 purposes
367 2489 44 43 of
442 2489 116 57 study
589 2502 41 31 to
662 2491 115 43 make
809 2509 87 26 sure
928 2492 43 43 of
992 2510 41 25 se-

147 2550 136 53 curing
315 2568 24 25 a
370 2567 117 40 copy.

143 2697 129 44 DAS
297 2697 296 46 INDISCHE
619 2699 236 46 DRAMA
879 2701 52 53 by
952 2702 98 44 Slen

148 2758 167 46 Konow.
376 2759 183 55 Leipzig.
632 2760 271 56 Vereinigung
946 2761 79 45 Wis-

141 2819 334 52 senschaftlicher
512 2821 193 54 Veileger.
746 2823 145 43 1920.
924 2823 76 57 5-j

204 2909 41 44 In
266 2928 78 25 one
364 2909 43 44 of
427 2911 111 43 those
561 2911 88 44 able
673 2913 220 44 Brochures
916 2913 131 45 which

142 2970 67 43 the
241 2971 218 44 Continent
491 2973 31 42 is
553 2972 148 56 always
722 2972 178 56 yielding
920 2991 44 26 us
987 2974 60 43 for

141 3031 67 42 the
239 3033 107 52 price
386 3031 44 44 of
459 3050 25 24 a
536 3032 79 44 few
668 3051 127 37 pence
842 3033 205 45 Professor

139 3090 164 45 Konow
355 3092 219 44 condenses
621 3095 40 40 in
703 3095 79 42 138
829 3111 118 38 pages
995 3113 51 26 an

139 3168 209 26 enormous
396 3165 160 30 amount
590 3153 43 43 of
663 3153 189 55 learning,
886 3155 66 43 the
985 3174 41 24 re-

138 3211 73 43 sult
243 3211 43 43 of
340 3213 94 56 (one
482 3214 204 57 imagines)
735 3232 113 37 years
894 3215 44 42 of
987 3234 40 25 re-

138 3271 149 44 search.

196 3331 30 44 It
248 3334 31 41 is
301 3351 24 24 a
345 3332 107 45 book
473 3344 41 32 to
536 3334 50 43 be
608 3334 96 43 read
727 3334 96 45 with
847 3336 60 43 Dr
937 3337 82 42 Coo-

137 3393 292 54 maraswamy's
477 3402 26 15 44
525 3394 148 43 Mirror
721 3395 43 43 of
804 3395 185 52 Gesture,

136 3452 79 43 and
246 3452 78 44 like
355 3453 83 43 that
488 3453 107 45 book
626 3457 30 40 it
687 3455 243 54 emphasizes
977 3457 68 44 the

135 3514 111 53 point
278 3513 96 50 that,
409 3526 141 43 except
581 3515 110 46 these
723 3516 112 55 plays
871 3517 52 43 be
955 3535 68 37 per-

136 3572 154 44 formed
323 3576 41 40 in
400 3574 112 43 India
545 3574 80 44 and
673 3575 138 44 before
842 3595 23 26 a
897 3578 147 55 special

134 3633 195 43 audience
362 3633 43 43 of
435 3635 113 43 those
578 3635 183 44 initiated
793 3638 41 42 in
864 3638 68 44 the
954 3656 67 37 pre-

134 3695 79 41 cise
245 3696 183 53 meaning
459 3695 43 42 of
533 3708 184 42 gestures,
751 3697 67 43 the
856 3716 113 25 sense
1000 3698 44 45 of

134 3753 68 44 the
234 3754 93 55 play
358 3754 82 44 will
472 3774 142 37 escape
647 3774 58 28 us.

196 3814 206 44 Professor
433 3814 165 46 Konow
630 3819 130 53 points
781 3830 67 31 out
871 3819 81 44 that
974 3819 68 44 the

134 3873 195 45 audience
351 3875 141 45 should
515 3879 143 41 consist
681 3877 45 43 of
748 3896 105 26 none
873 3878 70 45 but
974 3881 68 43 the

200 4097 51 41 (a)
275 4099 24 15 '•
317 4095 88 34 List
426 4096 54 40 of
501 4097 135 34 IVorfcs
659 4108 49 23 on
733 4099 64 32 the
824 4101 77 32 Art
917 4099 54 41 of
976 4101 64 32 the

138 4141 167 33 Theatre
329 4140 40 34 in
394 4141 64 33 the
490 4143 172 33 Victoria
686 4145 82 32 and
793 4147 137 31 Albert
953 4147 58 34 Mu-

130 4195 105 24 seum
261 4186 181 42 Library.
507 4190 62 40 (no
594 4190 102 41 date)
723 4190 131 34 issued
874 4191 43 33 in
933 4202 103 31 1922.

1116 160 98 32 most
1237 148 240 56 intelligent;
1526 167 50 27 an
1608 151 121 45 awful
1748 151 107 45 blow
1875 152 60 45 for
1954 154 65 43 the

1115 208 79 44 low
1227 208 189 46 brows....
1449 209 69 44 but
1551 221 38 33 at
1622 229 77 38 any
1730 223 83 31 rate
1837 230 52 26 no
1912 232 81 24 com-

1115 267 75 43 fort
1223 267 59 44 for
1313 270 111 42 those
1456 287 52 26 on
1539 270 105 55 high,
1688 271 61 43 for
1780 274 29 41 it
1841 274 32 41 is
1905 291 24 24 a
1950 292 47 36 pe-

1113 328 121 43 culiar
1266 329 258 54 intelligence,
1560 336 49 38 ie.
1643 349 24 24 a
1698 331 146 44 Hindu
1875 333 126 44 intelli-

1114 405 134 37 gence,
1283 388 130 44 which
1446 392 31 40 is
1509 390 198 54 required.

1172 448 115 43 With
1319 466 71 25 our
1426 450 213 54 European
1688 452 118 54 Stage
1839 470 42 25 as
1912 455 28 41 it
1973 455 44 48 is,

1112 507 80 43 and
1225 525 71 26 our
1327 508 165 55 English
1524 510 122 55 Stage
1683 511 136 44 where
1850 514 29 41 it
1910 514 45 48 is,
1990 515 28 42 it

1163 579 67 32 not
1263 586 24 25 a
1317 568 107 45 book
1457 569 130 44 which
1620 588 74 26 can
1725 571 95 56 help
1852 590 44 26 us
1920 591 91 39 very

1117 627 132 44 much.

1172 687 69 43 Mr
1263 687 164 44 Horace
1449 688 190 55 Hayman
1670 689 194 46 Wilson's
1899 700 27 16 44
1945 693 49 43 Se-

1111 745 76 44 lect
1218 747 233 55 Specimens
1484 749 44 43 of
1558 750 67 42 the
1656 750 176 44 Theatre
1864 752 46 43 of
1950 753 68 43 the

1112 806 162 44 Hindus
1366 809 108 42 1827
1497 810 44 48 is,
1565 827 77 26 one
1666 811 135 43 would
1834 812 181 54 imagine,

1109 881 109 28 more
1263 879 41 31 to
1351 885 72 26 our
1470 886 183 38 purpose,
1702 870 57 44 till
1808 889 78 25 one
1933 890 63 25 rea-

1109 926 93 43 lizes
1234 927 82 42 that
1349 945 77 26 one
1458 928 70 43 has
1569 929 80 44 had
1692 931 28 42 it
1762 942 40 31 to
1835 949 53 25 no
1926 950 68 36 pur-

1108 1004 97 37 pose
1237 986 61 44 for
1329 988 106 43 close
1477 1006 108 38 upon
1618 1008 23 24 a
1672 990 185 44 hundred
1889 1010 126 38 years.

1109 1157 41 43 A
1183 1157 286 45 HISTORY
1498 1158 85 44 OF
1608 1160 139 44 ART
1771 1161 54 52 by
1858 1161 77 45 Dr.
1963 1162 50 44 G.

1110 1218 165 44 Carotti.
1315 1218 92 44 Vol.
1439 1220 74 43 111.
1554 1220 252 44 Translated
1824 1222 53 53 by
1895 1222 123 51 Janet

1107 1278 106 43 Ross
1230 1297 16 31 ;
1279 1280 92 42 with
1406 1280 106 43 357
1542 1281 283 45 Illustrations.
1869 1282 117 53 Duck-

1105 1340 120 42 worth
1260 1338 43 43 &
1338 1339 71 44 Co.
1442 1340 185 45 London.
1662 1342 120 43 Price
1816 1343 52 58 8/
1871 1368 75 19 —.

1108 1457 329 99 HISTORIES
1469 1460 43 44 of
1543 1462 79 43 Art
1660 1479 66 26 are
1773 1481 42 25 as
1861 1481 24 24 a
1930 1463 83 44 rule

1239 1519 140 45 lifeless
1410 1521 137 54 things,
1580 1523 79 43 and
1703 1540 68 26 are
1816 1524 194 55 generally

1105 1578 120 56 bulky
1257 1580 156 45 affairs:
1446 1582 80 43 and
1559 1582 15 43 I
1608 1582 77 43 like
1727 1583 74 44 this
1845 1584 168 55 History

1104 1639 43 42 of
1178 1643 79 40 Art
1289 1640 167 44 because
1489 1643 28 41 it
1548 1644 30 40 is
1609 1661 77 25 one
1717 1643 43 43 of
1790 1643 68 43 the
1893 1644 94 44 smal-

1104 1698 70 44 lest
1219 1700 43 43 of
1308 1701 125 43 books
1479 1702 153 57 (barely
1679 1703 120 55 larger
1846 1703 96 46 than
1988 1723 23 24 a

1104 1759 222 45 Tauchnitz
1358 1761 173 58 volume)
1566 1764 80 43 and
1679 1775 68 32 not
1777 1763 152 46 lifeless.

1164 1820 78 44 For
1274 1839 62 25 me
1368 1822 67 43 the
1465 1822 68 43 life
1563 1824 44 41 of
1637 1823 165 56 History
1832 1825 31 42 is
1883 1827 41 41 in
1944 1825 67 44 the

1101 1892 162 33 amount
1294 1881 44 43 of
1368 1881 122 52 dates,
1524 1883 217 45 references
1787 1884 80 43 and
1915 1886 95 44 bare

1101 1952 147 44 reports
1278 1942 44 43 of
1352 1942 109 43 what
1491 1945 181 43 remains.
1746 1945 16 25 n
1785 1944 179 57 Perhaps
1988 1946 16 26 11

1100 2001 81 43 and
1220 2003 15 24 n
1260 2002 31 43 it
1322 2020 124 26 seems
1468 2004 16 25 n
1521 2021 66 25 are
1608 2003 132 44 words
1761 2022 24 24 a
1806 2004 203 45 Historian

1100 2060 141 46 should
1274 2063 132 49 avoid,
1441 2064 78 44 and
1553 2063 77 46 Dr.
1666 2065 152 42 Carotti
1849 2065 80 44 and
1950 2066 58 43 his

1099 2121 229 45 Translator
1359 2123 122 44 avoid
1519 2124 123 45 them.

1159 2182 67 44 To
1256 2182 119 55 judge
1408 2183 100 44 from
1542 2184 74 44 this
1649 2184 158 45 volume
1853 2185 155 56 dealing

1100 2242 97 44 with
1227 2242 67 44 the
1325 2255 57 31 art
1415 2244 43 42 of
1489 2244 143 56 Upper
1679 2245 81 43 and
1808 2246 198 44 Southern

1099 2302 98 56 Italy
1214 2304 40 42 in
1274 2303 67 43 the
1363 2303 147 44 middle
1527 2323 101 36 ages,
1646 2305 82 44 Art
1745 2306 136 44 would
1902 2325 106 25 seem

1099 2374 41 32 to
1171 2363 52 43 be
1254 2362 50 44 all
1346 2365 211 43 contained
1603 2367 40 41 in
1689 2365 190 45 churches
1926 2368 80 44 and

1098 2422 172 56 palaces.

1157 2483 102 45 Was
1291 2483 188 45 mankind
1511 2485 43 44 of
1583 2485 84 44 that
1700 2504 71 37 age
1793 2487 148 55 always
1964 2489 39 42 in

1097 2561 23 25 a
1152 2544 146 44 church
1329 2546 80 45 and
1442 2545 61 44 for
1548 2563 93 26 ever
1688 2546 162 56 holding
1896 2566 83 25 com-

1097 2606 133 41 mittee
1261 2607 187 53 meetings
1477 2607 40 42 in
1547 2624 109 26 some
1688 2607 173 43 Palazzo
1902 2608 104 44 della

1097 2664 210 56 Ragione?
1361 2666 101 44 Was
1493 2668 27 41 it
1552 2666 51 44 all
1635 2667 67 44 the
1735 2669 92 42 time
1860 2687 52 24 on
1934 2687 47 36 pa-

1096 2725 94 43 rade
1206 2730 19 38 ?
1257 2744 77 26 one
1364 2726 87 43 asks
1481 2726 165 46 oneself.
1713 2727 34 44 If
1768 2739 80 39 not,
1872 2728 134 44 where

1095 2803 66 25 are
1192 2786 66 44 the
1288 2788 104 52 signs
1425 2786 43 44 of
1498 2789 80 42 Art
1608 2789 40 41 in
1694 2788 68 43 the
1802 2790 201 54 everyday

1096 2846 153 50 houses,
1287 2849 96 41 ...in
1416 2847 66 43 the
1514 2848 56 43 off
1599 2847 117 45 hours
1747 2850 222 55 especially.

1155 2907 63 43 Or
1249 2925 105 26 were
1384 2908 110 43 there
1524 2926 103 25 none
1644 2914 19 37 ?

1155 2967 35 43 If
1221 2968 108 43 there
1360 2986 83 26 was
1474 2969 80 43 Art
1587 2981 40 31 at
1657 2969 95 44 such
1785 2971 110 43 times
1925 2970 81 44 and

1093 3028 40 41 in
1163 3028 95 43 such
1291 3028 130 54 places
1451 3028 96 55 why
1578 3029 98 44 does
1707 3041 69 32 not
1816 3029 72 45 Dr.
1923 3031 54 42 Ca-

1092 3088 89 43 rotti
1211 3088 115 44 show
1355 3107 45 25 us
1429 3108 111 25 some
1570 3089 224 56 examples?
1817 3090 76 44 His
1916 3091 86 43 357

1093 3149 83 53 tiny
1207 3148 245 45 illustrations
1484 3151 87 52 give
1608 3167 44 27 us
1698 3151 144 55 superb
1888 3151 92 44 chur-

1092 3208 105 50 ches,
1230 3228 160 31 crosses,
1425 3210 170 50 thrones,
1630 3210 169 56 pulpets,
1822 3212 118 44 doors
1961 3212 44 43 of

1092 3268 202 52 churches,
1313 3270 250 50 candelabre,
1575 3270 170 45 cloisters
1761 3273 80 43 and
1860 3273 141 44 tombs:

1093 3329 71 43 but
1195 3330 44 43 of
1268 3342 59 32 art
1358 3333 41 41 in
1430 3333 70 41 the
1531 3331 224 57 every-day
1796 3331 66 44 life
1893 3333 110 43 there

1091 3407 66 26 are
1188 3407 53 26 no
1272 3391 139 44 visible
1441 3393 116 53 signs.

1151 3450 102 46 And
1284 3469 57 32 so,
1374 3450 30 44 if
1435 3464 70 32 not
1535 3452 153 50 lifeless,
1726 3452 74 44 this
1836 3452 167 57 History

1091 3512 29 41 is
1154 3523 68 32 not
1254 3513 109 53 quite
1393 3512 81 44 real
1503 3513 175 54 anough.

1152 3571 14 44 I
1189 3589 170 37 suppose
1381 3591 24 25 a
1427 3573 147 55 plough
1596 3591 45 26 or
1656 3591 53 26 an
1729 3591 106 26 oven
1857 3586 144 31 cannot

1089 3631 52 44 be
1171 3632 127 44 called
1329 3652 25 24 a
1384 3633 112 43 work
1527 3634 44 43 of
1600 3645 71 38 art,
1705 3634 80 43 and
1816 3646 42 31 to
1889 3652 82 26 men-

1090 3694 83 42 tion
1205 3711 77 25 one
1312 3693 80 44 and
1414 3694 114 44 show
1549 3713 43 25 us
1615 3713 77 25 one
1717 3695 47 58 (if
1785 3713 77 25 one
1884 3696 115 56 exist)

1090 3753 136 44 would
1250 3753 51 44 be
1322 3753 159 57 playing
1502 3767 39 31 at
1564 3755 165 55 History
1750 3756 119 42 when
1893 3756 108 42 there

1088 3831 67 25 are
1176 3814 85 55 fifty
1283 3814 232 50 cathedrals,
1536 3817 99 54 sixty
1652 3816 175 55 bishop's
1843 3816 159 43 thrones

1089 3875 78 43 and
1201 3887 163 42 seventy
1395 3875 131 43 tombs
1557 3877 165 55 pushing
1744 3888 41 32 to
1815 3878 65 42 the
1902 3877 97 43 fore.

1150 3934 82 44 Yet
1264 3946 40 32 to
1336 3936 205 44 introduce
1573 3955 24 25 a
1628 3937 80 43 few
1740 3936 121 55 lowly
1890 3939 111 42 items

1086 3994 77 44 like
1194 3995 180 56 ploughs,
1411 4015 134 34 ovens,
1580 3997 144 44 barrels
1765 3997 79 44 and
1888 3998 114 44 other

1086 4056 97 43 such
1213 4056 161 44 humble
1404 4057 127 56 things
1569 4058 122 55 might
1736 4059 170 54 perhaps
1936 4061 66 41 stir

1085 4117 223 55 something
1340 4117 44 43 of
1414 4136 45 25 us
1491 4118 134 44 which
1657 4118 96 44 does
1785 4131 70 33 not
1876 4120 65 43 stir
1961 4131 40 31 at

1087 4178 66 43 the
1184 4178 307 55 overwhelming
1521 4178 99 56 sight
1642 4178 80 45 and
1743 4190 105 45 story
1870 4180 43 43 of
1934 4180 67 43 the

2067 155 270 46 ecclesiastical
2369 158 78 44 and
2477 158 101 44 civic
2608 159 66 44 life
2695 159 96 45 with
2813 160 68 44 the
2911 160 67 44 life

2068 216 171 55 plucked
2271 228 68 33 out
2371 219 44 42 of
2446 221 40 41 it.

2128 276 75 45 Dr.
2239 279 150 42 Carotti
2420 280 30 41 is
2482 297 22 24 a
2549 279 103 55 ucky
2684 298 89 26 man
2803 292 41 32 to
2874 281 103 44 have

2067 336 163 44 enlisted
2253 336 86 44 Mrs
2370 338 146 55 Strong
2539 340 79 43 and
2641 340 193 43 Madame
2857 341 118 55 Beryl

2066 397 53 43 de
2149 397 131 43 Zoete
2311 416 41 25 as
2385 399 218 43 translators
2634 400 43 42 of
2707 401 59 42 his
2794 401 76 43 first
2892 413 80 31 two

2066 456 175 44 volumes
2272 457 80 44 and
2384 476 92 27 now
2512 470 40 32 to
2584 460 102 43 have
2728 460 86 43 Mrs
2859 461 114 54 Janet

2066 516 133 45 Ross's
2215 517 149 44 erudite
2382 521 78 43 and
2477 520 258 55 sympathetic
2750 522 220 44 assistence.

2370 667 180 45 POUR
2596 669 261 44 MESURE
2901 684 74 38 par

2076 726 181 44 William
2309 728 305 52 Shakespeare:
2666 730 224 43 traduction
2938 740 37 33 et

2063 786 164 52 preface
2250 788 50 42 de
2324 787 94 54 Guy
2440 789 50 42 de
2513 790 208 50 Pontales,
2747 799 221 35 ornernenis

2065 862 140 38 graves
2236 865 66 26 sur
2333 848 85 42 hois
2448 863 75 37 par
2548 849 251 51 Jean-Louis
2845 851 95 42 Gam-

2063 915 97 42 pert.
2185 907 131 43 Paris.
2337 908 154 44 Societe
2508 909 208 45 Litteraire
2733 911 49 43 de
2801 911 168 43 France.

2072 968 146 42 1921.
2251 968 86 43 Frs.
2371 969 77 44 30.
2483 977 79 36 net,

2123 1058 94 43 One
2249 1058 195 43 thousand
2476 1061 132 53 copies
2639 1060 102 43 have
2773 1060 102 44 been
2916 1063 33 40 is-

2062 1120 96 42 sued
2191 1117 43 44 of
2265 1119 75 42 this
2371 1118 117 56 finely
2520 1121 155 52 printed
2698 1121 120 49 book,
2846 1122 105 56 (prin-

2062 1178 67 42 ted
2162 1177 54 55 by
2250 1178 63 44 M.
2347 1178 101 44 Paul
2481 1180 186 54 Herissey
2698 1192 38 31 at
2777 1181 190 57 Evreux).

2123 1238 90 43 The
2245 1237 156 56 preface
2433 1241 31 41 is
2495 1240 200 55 charming
2726 1241 79 43 and
2858 1241 90 43 char-

2062 1300 103 52 ming
2211 1309 68 32 too
2310 1316 66 26 are
2406 1299 67 43 the
2507 1300 119 42 wood
2658 1302 227 53 engravings
2916 1301 54 55 by

2062 1358 66 45 M.
2166 1359 207 54 Garnpert,
2407 1360 152 53 designs
2591 1371 67 32 not
2690 1361 39 42 in
2761 1361 68 43 the
2871 1360 97 44 least

2060 1430 144 43 stagey,
2239 1419 69 43 but
2340 1430 99 32 most
2471 1420 200 44 dramatic.

2121 1479 90 43 The
2243 1491 83 31 cuts
2357 1498 105 25 seem
2493 1491 42 32 to
2556 1481 103 43 have
2683 1481 101 43 been
2812 1481 156 55 printed

2060 1538 99 44 from
2190 1539 67 43 the
2288 1540 122 43 wood
2444 1540 147 49 blocks,
2624 1559 43 25 so
2699 1540 85 44 that
2820 1541 122 43 collec-

2059 1610 76 32 tors
2168 1599 102 44 have
2293 1618 108 25 more
2424 1601 93 42 than
2540 1600 80 43 half
2641 1620 24 24 a
2686 1601 130 43 dozen
2838 1603 130 53 pieces

2058 1659 43 43 of
2131 1660 162 54 original
2323 1659 123 51 work,
2480 1660 79 44 and
2582 1660 61 44 for
2664 1661 68 44 the
2752 1661 110 44 small
2883 1679 83 26 sum

2058 1719 43 44 of
2132 1720 118 55 thirty
2279 1719 140 45 francs.

2062 1848 341 44 CATALOGO
2433 1849 122 43 DEL
2577 1849 220 44 MUSEO
2825 1851 104 42 TEA-

2065 1909 205 43 TRALE
2297 1909 163 43 ALLA
2495 1910 213 44 SCALA.
2741 1911 36 43 II
2799 1911 167 43 Piccolo

2060 1970 189 42 Cicerone
2281 1970 212 43 Moderno.
2528 1970 85 51 No,
2650 1972 75 43 12.
2749 1972 151 51 Alfieri
2926 1977 40 38 &

2055 2030 189 44 Lacroix.
2279 2030 178 44 Milano.

2057 2119 69 99 IT
2156 2122 31 41 is
2218 2120 67 44 the
2316 2119 83 44 rule
2430 2119 80 45 aud
2542 2132 69 32 not
2644 2120 67 45 the
2757 2123 208 54 exception

2121 2180 84 44 that
2236 2181 50 43 all
2317 2180 67 44 the
2417 2180 193 44 historical
2652 2180 112 45 work
2808 2182 158 54 dealing

2055 2241 96 44 with
2186 2241 65 44 the
2283 2241 135 44 Italian
2450 2241 175 44 Theatre
2647 2243 31 42 is
2700 2242 120 54 good.
2886 2243 78 43 But

2055 2301 66 44 the
2152 2302 204 55 catalogue
2387 2301 43 43 of
2461 2301 66 43 the
2550 2301 146 45 Museo
2716 2302 185 44 Teatrale
2922 2302 44 44 of

2056 2362 66 43 the
2143 2361 152 44 Teatro
2317 2362 118 44 Scala
2456 2363 40 40 in
2519 2361 156 44 Milano
2697 2364 31 42 is
2749 2380 96 38 very
2867 2363 94 43 bad.

2056 2422 74 44 Let
2164 2441 62 24 me
2258 2440 68 38 say
2357 2434 39 32 at
2418 2439 104 25 once
2543 2422 84 44 that
2648 2424 30 42 it
2698 2441 82 25 was
2803 2424 156 54 printed

2055 2482 136 44 before
2209 2483 142 54 Signor
2368 2483 216 43 Scandiani
2600 2501 111 25 came
2728 2485 82 42 into
2826 2502 136 37 power

2056 2543 124 44 there.

2114 2604 92 43 The
2238 2602 207 45 collection
2477 2602 101 44 itself
2610 2605 30 42 is
2671 2622 23 25 a
2718 2622 94 37 very
2831 2615 134 45 pretty

2054 2682 89 32 one,
2178 2663 93 56 only
2303 2664 14 43 I
2351 2664 103 43 have
2492 2663 148 56 always
2690 2664 125 43 found
2860 2664 89 44 diffi-

2053 2725 105 55 culty
2189 2726 40 42 in
2260 2725 143 54 getting
2424 2734 41 33 to
2488 2742 64 25 see
2573 2726 29 41 it
2622 2724 119 44 when
2764 2725 14 43 I
2799 2725 164 43 wanted

2051 2796 55 33 to.
2171 2787 62 42 So
2264 2786 59 42 far
2354 2803 41 24 as
2427 2784 14 42 I
2474 2803 74 25 can
2580 2784 134 56 gather
2744 2787 29 42 it
2804 2787 30 42 is
2855 2804 108 37 open

2055 2857 41 31 to
2128 2845 113 43 those
2272 2845 96 43 who
2398 2862 66 25 are
2494 2857 215 43 spectators
2740 2857 38 32 at
2810 2847 67 43 the
2898 2846 41 43 af-

2053 2918 165 31 ternoon
2248 2906 80 43 and
2360 2906 166 54 evening
2556 2906 301 55 performances,
2879 2908 80 43 and

2053 2977 42 32 to
2125 2984 53 26 no
2210 2984 76 26 one
2317 2965 101 50 else;
2453 2967 79 41 and
2564 2984 41 26 as
2637 2967 66 43 the
2735 2969 111 42 waits
2888 2968 48 43 be-

2053 3039 129 32 tween
2206 3028 67 43 the
2295 3039 81 31 acts
2407 3043 66 26 are
2504 3044 121 27 never
2648 3045 106 25 more
2777 3028 94 43 than
2892 3040 66 31 ten

2051 3106 44 24 or
2126 3088 134 43 fifteen
2291 3088 178 48 minutes,
2505 3087 14 43 I
2551 3105 83 27 was
2664 3105 119 27 never
2805 3088 89 44 able
2917 3101 45 30 to

2050 3150 88 52 give
2170 3165 142 39 proper
2342 3149 93 42 time
2466 3148 80 43 and
2591 3149 165 54 thought
2804 3160 41 32 to
2893 3149 66 42 the

2050 3208 208 44 collection
2288 3226 42 26 as
2353 3208 13 44 I
2389 3207 141 45 should
2552 3208 75 44 like
2650 3220 40 32 to
2712 3209 102 43 have
2837 3208 119 44 done.

2112 3269 15 44 I
2143 3268 142 45 should
2302 3268 80 44 also
2403 3268 77 43 like
2502 3280 42 31 to
2565 3269 81 43 find
2668 3271 39 42 in
2728 3269 66 44 the
2812 3270 151 44 Museo

2051 3329 122 45 tables
2194 3341 40 32 at
2255 3329 132 43 which
2410 3328 14 44 I
2447 3329 119 43 could
2588 3332 110 41 write
2719 3348 42 24 as
2784 3329 14 43 I
2820 3332 132 53 study.

2050 3389 77 45 But
2162 3391 109 42 there
2302 3407 65 26 are
2399 3407 52 26 no
2483 3389 135 51 tables,
2653 3389 80 44 and
2766 3409 117 36 many
2914 3391 44 42 of

2050 3451 67 43 the
2149 3452 120 54 prints
2301 3468 66 25 are
2399 3450 106 54 hung
2536 3462 68 31 too
2635 3450 93 54 high
2751 3450 59 44 for
2832 3469 61 25 me
2916 3463 42 31 to

2048 3530 64 25 see
2143 3514 40 40 in
2215 3510 132 45 detail.
2411 3511 81 42 Yet
2535 3529 23 24 a
2604 3509 134 57 design
2783 3511 60 44 for
2892 3512 65 43 the

2048 3573 151 43 theatre
2231 3583 99 32 must
2363 3570 51 44 be
2446 3570 155 45 studied
2632 3570 105 45 close
2766 3584 39 32 at
2848 3571 106 45 hand

2048 3633 80 43 and
2159 3643 70 33 not
2261 3632 58 43 far
2349 3631 70 45 off.

2109 3694 58 43 So
2198 3692 119 44 when
2350 3692 14 44 I
2397 3692 140 44 visited
2571 3692 66 44 the
2683 3692 207 44 collection
2940 3693 14 43 I

2048 3772 82 25 was
2150 3753 295 56 disappointed.
2511 3753 79 44 But
2614 3753 13 43 I
2650 3753 95 49 said,
2771 3763 25 15 44
2821 3753 15 44 I
2858 3753 97 44 shall

2048 3814 90 43 take
2170 3814 67 43 the
2267 3817 9 39 1
2297 3814 50 43 16
2370 3831 99 38 page
2490 3813 202 55 catalogue
2714 3831 115 38 away
2858 3815 104 43 with'

2049 3894 63 24 me
2143 3875 80 43 and
2254 3877 28 40 it
2312 3874 96 44 shall
2441 3873 66 45 tell
2540 3892 64 25 me
2635 3874 50 44 all
2707 3875 84 43 that
2814 3875 15 43 I
2852 3875 102 43 need

2048 3948 42 31 to
2123 3936 119 43 know

2109 3996 15 43 I
2157 4008 65 44 got
2253 3997 30 43 it
2314 3996 130 49 home,
2477 3995 71 43 but
2580 3994 138 51 found,
2751 4013 41 25 as
2815 3995 14 45 I
2853 3995 101 44 have

2047 4058 100 48 said,
2181 4058 82 42 that
2296 4057 29 42 it
2357 4075 82 25 was
2472 4074 94 38 very
2597 4056 94 44 bad.

2108 4118 15 44 I
2159 4117 78 45 like
2269 4129 41 31 to
2340 4136 66 24 see
2438 4117 66 43 the
2535 4134 115 26 name
2683 4116 42 45 of
2745 4116 210 44 Adrienne

2049 4178 254 43 Lecouvreur
2334 4197 41 24 as
2404 4179 30 42 it
2466 4179 31 42 is
2528 4179 169 42 written.
2763 4177 13 44 1
2810 4179 55 42 do
2886 4189 76 32 not
