3055 4384
2842 57 51 47 41

184 151 100 44 MR
313 148 277 47 HUNTLY
619 149 253 44 CARTER
903 149 44 43 &
980 148 66 44 M.
1086 147 276 45 TAIROFF.

84 271 138 98 ON
253 270 126 56 April
429 270 70 44 7th
554 270 110 44 1923
713 268 202 56 appeared
962 270 42 42 in
1054 277 24 15 44
1100 268 93 43 The
1223 267 183 44 Outlook

226 330 190 50 London,
471 330 68 43 the
593 329 204 54 following
847 330 191 42 incorrect
1091 339 207 32 statement
1350 328 120 43 about

85 391 63 45 M.
172 390 155 44 Tairoff
358 390 80 44 and
473 389 59 44 his
564 389 207 55 Kamerny
791 388 195 45 Theatre.
1048 388 29 44 It
1094 406 83 26 was
1199 390 41 40 in
1263 406 51 25 an
1336 388 135 43 article

85 451 139 54 signed
256 449 54 57 by
342 450 70 45 Mr
445 448 159 57 Huntly
635 450 141 42 Carter
793 468 11 25 :

178 519 25 16 44
226 510 139 44 Soviet
412 510 145 44 Russia
590 511 31 42 is
652 509 138 54 wisely
821 507 168 56 sending
1036 507 168 55 samples
1235 507 44 43 of
1310 508 46 43 its
1387 507 85 43 best

90 581 23 14 44
137 570 178 56 spiritual
362 570 125 54 goods
533 570 69 43 the
648 569 148 43 rounds
826 569 44 43 of
915 569 162 53 Europe
1110 567 80 43 and
1222 568 250 43 America....

89 641 24 15 44
138 632 66 42 the
236 630 112 44 latest
380 629 45 45 of
470 630 110 43 these
626 628 207 55 travelling
880 628 170 44 exhibits
1096 629 32 42 is
1174 627 67 43 the
1287 628 186 43 Moscow

91 700 22 15 44
138 691 207 54 Kamerny
365 690 178 43 Theatre
576 691 271 53 Company,...
871 688 69 44 the
960 689 237 54 conception
1220 688 80 43 and
1321 689 132 53 organi-

91 761 23 14 -44
138 752 131 42 zation
301 750 44 43 of
375 750 67 44 the
473 750 176 44 Theatre
680 749 146 53 belong
856 759 43 33 to
921 749 64 44 M.
1007 747 236 45 Alexander
1263 748 151 44 Tairov

91 821 24 15 44
142 811 79 54 (M.
256 811 152 43 Tairov
440 811 103 54 signs
573 809 60 44 his
665 827 116 26 name
820 809 190 53 Tairoff.,
1046 808 54 54 by
1131 808 67 43 the
1228 809 124 54 way).

179 872 58 42 So
250 870 70 49 far,
340 882 140 43 except
498 870 60 43 for
575 870 66 43 the
658 870 220 54 suggestion
895 869 82 43 that
997 868 64 44 the
1077 868 207 55 Kamerny
1300 868 175 43 Theatre

92 930 190 45 followed
305 930 153 43 instead
480 930 44 43 of
545 929 214 56 preceding
790 929 68 44 the
889 929 138 43 Soviet
1059 928 291 49 Government,
1373 928 51 43 all
1446 929 31 42 is

90 1003 163 36 correct,
259 1016 48 6 —
317 990 100 43 after
448 989 215 55 deducting
713 990 66 42 the
812 990 220 54 suggestion
1063 988 82 43 that
1178 988 67 42 the
1278 995 200 49 Kamerny

92 1054 30 41 is
155 1069 23 24 a
210 1050 290 56 revolutionary
531 1050 109 43 affair
671 1068 54 25 on
755 1050 68 43 the
854 1048 211 57 war-path.

183 1110 28 44 It
244 1126 82 28 was
357 1109 218 45 conceived
607 1109 138 44 before
781 1110 67 43 the
880 1126 96 27 war.
1038 1109 65 44 As
1134 1107 70 44 Mr
1236 1107 139 56 Sayler
1408 1107 71 43 has

96 1170 85 44 said
215 1188 94 38 very
339 1170 146 54 clearly
517 1172 41 41 in
589 1170 60 43 his
680 1170 108 43 book
833 1187 54 26 on
936 1169 67 44 the
1050 1169 174 43 Russian
1270 1168 178 44 Theatre
1467 1187 10 26 :

96 1240 25 16 44
144 1231 199 56 Contrary
374 1243 42 31 to
447 1230 66 44 the
545 1241 84 32 vast
661 1231 179 55 majority
872 1229 43 43 of
945 1229 202 48 Russians,
1197 1230 48 42 its
1283 1228 196 43 members

94 1291 135 44 would
263 1291 129 43 rather
423 1290 148 43 discuss
603 1290 94 55 light
730 1290 81 43 and
844 1289 134 44 colour
1009 1288 82 45 and
1114 1300 158 44 posture
1293 1288 96 43 than
1411 1288 68 43 the

97 1351 127 43 future
256 1351 43 43 of
329 1351 67 44 the
428 1351 111 43 State

185 1411 71 44 Mr
302 1412 152 48 Carter,
487 1412 42 41 in
576 1411 217 54 suggesting
825 1428 23 24 a
889 1411 236 42 connection
1173 1409 185 44 between
1405 1409 76 42 this

95 1471 175 43 Theatre
303 1471 80 43 and
406 1471 64 44 M.
493 1471 164 43 Lenin's
679 1470 142 55 policy,
846 1472 31 41 is
900 1469 192 56 probably
1113 1488 42 24 as
1178 1471 189 41 incorrect
1388 1486 42 25 as
1453 1470 28 42 it

96 1531 135 44 would
253 1531 51 43 be
335 1543 41 32 to
408 1542 151 43 suggest
579 1531 82 43 that
683 1530 67 43 the
771 1530 78 43 late
872 1530 68 43 Mr
963 1531 130 42 Lovat
1115 1530 139 44 Fraser
1275 1528 81 45 had
1378 1528 103 45 been

101 1591 205 45 somehow
338 1592 67 43 the
437 1591 82 43 tool
550 1590 43 43 of
625 1591 69 43 Mr
726 1590 133 56 Lloyd
893 1591 175 53 George.

189 1652 109 43 Such
330 1652 105 55 slips,
469 1651 201 49 however,
705 1650 54 43 do
791 1662 68 31 not
892 1650 116 44 much
1040 1667 170 26 concern
1242 1667 58 26 us.

187 1712 155 43 Where
390 1712 68 44 Mr
489 1712 141 42 Carter
679 1713 31 41 is
757 1711 207 55 positively
1011 1712 192 43 incorrect
1249 1711 33 42 is
1329 1710 40 42 in
1416 1710 67 43 the

108 1771 203 56 following
341 1789 162 38 passage
522 1791 10 24 :

198 1840 25 16 44
245 1832 67 44 To
344 1832 65 45 M.
456 1832 155 43 Tairoff
657 1832 68 44 the
771 1843 109 32 actor
927 1848 133 26 comes
1105 1830 78 44 first
1298 1832 18 53 (
1321 1831 160 54 correct)

102 1900 23 15 44
150 1892 70 43 He
252 1892 146 44 refuses
430 1904 40 31 to
501 1892 103 43 have
640 1910 77 37 any
748 1892 112 43 truck
892 1891 96 45 with
1032 1892 67 43 the
1130 1892 164 53 opinion
1327 1908 135 37 expres-

102 1960 23 14 -44
149 1952 70 43 sed
271 1953 54 55 by
372 1952 195 44 Madame
619 1952 113 45 Duse
794 1952 83 43 that
926 1951 67 44 the
1054 1951 178 44 Theatre
1282 1963 99 31 must
1434 1950 52 43 be

104 2020 24 15 44
153 2012 214 56 destroyed
390 2013 80 43 and
489 2012 66 44 the
588 2024 128 32 actors
748 2012 158 44 thrown
938 2029 54 26 on
1023 2012 67 43 the
1113 2011 248 56 scrap-heap,
1383 2028 45 26 or
1443 2010 44 43 of

104 2081 23 14 44
151 2072 70 44 her
268 2073 165 56 disciple
482 2073 70 43 Mr
583 2072 173 45 Gordon
804 2074 121 52 Craig
956 2072 94 44 who
1097 2072 70 43 has
1213 2090 94 24 seen
1338 2073 41 41 in
1411 2071 75 43 this

104 2141 23 14 44
150 2132 177 45 outburst
359 2152 24 25 a
405 2132 176 45 demand
614 2132 60 43 for
696 2152 24 24 a
750 2151 116 36 super
909 2133 231 42 marionette
1239 2133 248 56 (Incorrect).

192 2194 64 44 M.
289 2193 152 45 Tairoff
487 2192 201 44 considers
719 2211 119 37 every
870 2194 164 53 opinion
1080 2191 94 45 held
1206 2191 54 56 by
1292 2191 194 45 Madame

102 2252 112 44 Duse
246 2254 155 55 worthy
441 2253 43 44 of
515 2253 66 43 the
614 2265 143 32 utmost
807 2265 151 43 respect
991 2252 81 43 and
1104 2252 291 44 consideration
1414 2272 10 25 :

101 2313 75 43 this
208 2333 77 25 one
334 2314 121 44 about
486 2314 67 43 the
599 2325 125 32 actors
755 2314 51 43 he
837 2313 405 43 understands—and
1289 2313 98 43 does
1418 2324 68 32 not

101 2373 93 43 take
226 2378 28 41 it
288 2375 177 52 literally
496 2392 42 25 as
570 2373 55 44 do
655 2374 112 44 those
799 2374 93 44 who
924 2384 107 33 want
1063 2385 54 38 to,
1166 2373 80 44 and
1293 2374 93 43 who
1432 2373 55 44 do

101 2445 67 31 not
202 2436 89 44 take
322 2435 68 44 the
421 2434 153 45 trouble
606 2446 41 32 to
679 2434 241 44 understand
953 2435 41 48 it,

202 2499 64 41 As
288 2496 60 43 for
369 2496 60 43 his
463 2503 25 15 44
511 2495 173 54 refusing
714 2507 42 32 to
778 2495 101 44 have
913 2513 77 37 any
1013 2493 111 45 truck
1149 2494 97 44 with
1314 2493 66 44 the
1402 2494 65 55 opi-

103 2562 113 41 nions
248 2556 44 44 of
325 2556 69 44 Mr
425 2555 175 45 Gordon
632 2556 132 54 Craig,
799 2573 63 27 we
903 2555 163 55 happen
1098 2566 42 32 to
1172 2555 119 43 know
1323 2554 83 44 that
1437 2554 51 43 he

101 2623 31 40 is
165 2617 175 47 devoted
373 2628 41 32 to
446 2616 107 43 them
586 2615 81 44 and
699 2627 41 32 to
771 2616 67 43 the
870 2633 92 26 man
993 2615 170 50 himself,
1197 2615 81 44 and
1301 2614 96 44 does
1420 2626 68 31 not

102 2682 82 43 fear
216 2691 40 32 to
288 2695 157 37 express
477 2678 43 42 it.

191 2739 62 44 Of
284 2755 137 27 course
452 2754 64 27 we
548 2735 52 45 all
631 2738 119 43 know
781 2736 83 44 that
897 2736 69 44 Mr
999 2736 141 43 Carter
1160 2747 144 32 cannot
1327 2735 73 54 just
1423 2746 64 44 yet

102 2813 61 43 get
216 2817 115 37 away
378 2797 100 44 from
530 2798 60 43 his
635 2796 208 58 particular
889 2797 239 55 sympathies
1174 2795 80 44 and
1307 2796 66 42 the
1425 2813 43 25 ac-

102 2861 263 55 companying
395 2858 209 44 outbursts.
667 2857 112 44 Well
812 2857 80 44 and
924 2856 104 55 good
1048 2876 9 25 :
1063 2868 99 31 —to
1194 2856 98 43 each
1313 2856 60 43 his
1394 2873 94 26 own

103 2923 179 54 opinion.
346 2920 77 43 But
456 2921 28 40 it
516 2920 70 42 has
618 2918 148 56 always
797 2918 118 49 been,
948 2917 80 43 and
1061 2917 82 44 will
1175 2917 148 54 always
1354 2916 50 43 be
1436 2934 51 24 an

102 2999 119 33 error,
256 2979 80 45 and
370 2998 23 24 a
425 2998 94 37 very
552 2991 105 44 great
691 2996 106 25 error
829 2989 79 39 too,
943 2989 40 32 to
1016 2979 79 42 mix
1127 2995 54 38 up
1213 2977 163 44 Politics
1407 2977 80 43 and

101 3043 92 49 Art,
227 3040 79 45 and
338 3052 43 31 to
412 3051 119 32 assert
562 3040 82 43 that
691 3039 169 43 because
892 3057 24 24 a
945 3038 177 43 Theatre
1153 3038 180 56 happens
1364 3048 42 33 to
1436 3036 52 44 be

102 3103 173 43 Russian
306 3103 28 41 it
366 3102 32 42 is
430 3101 157 53 making
621 3108 25 15 44
668 3099 225 43 Bolchevist
941 3097 266 56 Propaganda
1238 3100 41 41 in
1311 3097 112 44 Paris

102 3181 56 32 or,
193 3162 120 44 when
345 3160 175 55 English,
555 3160 163 54 English
751 3159 257 56 propaganda
1039 3161 41 41 in
1110 3158 242 44 Timbuctoo

191 3222 109 44 That
334 3221 51 43 all
416 3222 68 42 the
515 3221 196 43 Theatres
741 3222 41 40 in
814 3221 144 43 Russia
990 3237 40 25 as
1063 3219 92 44 well
1187 3237 41 24 as
1259 3219 66 43 the
1347 3219 139 49 books,

101 3301 155 37 papers,
291 3280 356 57 picture-galleries,
681 3292 160 32 concert
862 3280 98 43 halls
983 3279 80 44 and
1085 3280 67 43 the
1174 3290 77 33 rest
1273 3297 65 25 are
1361 3279 126 44 under

102 3362 23 24 a
158 3344 138 42 Soviet
329 3342 83 44 rule
444 3344 31 41 is
507 3341 257 45 understood.
826 3341 117 43 With
974 3341 68 43 the
1064 3358 152 26 success
1237 3339 43 43 of
1301 3340 83 43 that
1405 3339 83 44 rule

101 3404 93 55 they
226 3421 91 38 may
349 3420 163 37 prosper
531 3421 10 31 ;
574 3412 40 33 at
644 3403 48 42 its
724 3401 241 44 destruction
995 3401 95 56 they
1122 3400 82 45 will
1237 3412 67 31 not
1327 3400 50 43 be
1400 3400 66 43 des-

101 3464 154 54 troyed.
320 3464 79 43 For
430 3465 28 41 it
489 3464 31 42 is
553 3480 23 25 a
597 3462 176 57 spiritual
793 3462 122 55 thing,
951 3463 31 41 is
1013 3463 28 41 it
1074 3473 81 37 not,
1188 3461 75 43 this
1294 3461 110 55 thing
1425 3478 64 27 we

102 3524 76 43 call
198 3525 94 49 Art,
316 3523 81 44 and
420 3534 67 32 not
510 3523 122 56 really
653 3523 225 43 concerned
912 3522 97 44 with
1043 3522 97 43 likes
1162 3521 80 44 and
1266 3521 159 43 dislikes
1446 3520 43 45 of

102 3596 163 44 systems
296 3583 44 43 of
372 3583 103 44 local
506 3595 271 43 government.

191 3645 101 43 This
306 3644 177 43 Theatre
505 3643 191 56 performs
719 3643 188 44 Racine's
941 3650 25 17 44
991 3642 186 44 Phaedre
1230 3643 102 42 —in
1354 3642 135 43 which

102 3722 63 26 we
198 3722 66 25 are
285 3704 84 44 told
402 3704 54 55 by
479 3722 197 38 everyone
699 3703 195 44 Madame
926 3704 176 42 Koonen
1134 3704 107 54 gives
1272 3721 52 25 an
1356 3702 112 44 unfor-

103 3765 169 53 gettable
305 3764 289 55 performance.
661 3764 84 44 We
767 3783 74 24 can
873 3764 91 43 well
987 3763 243 44 understand
1261 3763 96 43 that.
1412 3763 77 44 But

101 3825 134 43 where
267 3824 55 44 do
351 3826 156 54 politics
538 3843 113 25 come
673 3826 122 43 in?,.,
828 3824 108 44 what
971 3826 31 42 is
1035 3824 171 44 Russian
1237 3825 42 41 in
1302 3823 188 44 Racine's

103 3893 24 15 44
150 3885 186 44 Phaedre
402 3890 19 39 ?
430 3885 140 45 —Did
602 3897 69 31 not
704 3884 175 45 London
902 3884 80 44 and
1006 3885 110 42 Paris
1138 3884 122 44 adore
1282 3884 68 43 the
1371 3885 100 42 inter-

99 3947 195 53 pretation
325 3944 54 58 by
411 3946 195 44 Madame
638 3946 126 43 Sarah
797 3944 223 46 Bernhardt
1053 3945 107 54 night
1184 3944 99 44 after
1305 3944 183 54 night?...

98 4005 73 44 did
204 4018 67 31 not
304 4024 119 38 every
455 4008 299 48 Conservative,
790 4005 161 45 Liberal
983 4005 81 44 and
1087 4005 171 44 Radical
1280 4007 40 41 in
1341 4005 149 53 Queen

98 4066 219 44 Victoria's
349 4078 83 32 two
465 4066 163 44 Houses
674 4085 69 37 say
774 4067 82 43 that
890 4068 27 42 it
950 4066 81 44 and
1063 4066 69 43 she
1164 4084 107 26 were
1304 4064 150 56 perfect
1471 4070 19 38 ?

97 4125 126 46 What
255 4127 68 44 the
354 4127 163 55 English
558 4127 243 44 Parliament
832 4144 196 38 approves
1077 4127 97 44 with
1207 4144 23 25 a
1261 4144 86 25 rare
1378 4125 109 44 burst

95 4186 43 44 of
159 4186 239 46 enthusiasm
418 4206 74 25 can
515 4188 141 56 hardly
673 4188 51 43 be
745 4190 41 41 in
807 4188 67 43 the
893 4188 95 43 least
1012 4186 215 58 politically
1257 4186 232 54 disturbing.

1612 159 25 14 44
1659 150 63 44 La
1754 150 100 44 Fille
1896 151 54 43 de
1983 151 195 44 Madame
2227 152 138 54 Angot
2446 154 31 40 is
2509 150 162 44 another
2718 152 111 54 piece
2860 149 44 43 of

1517 209 121 44 theirs
1656 228 10 25 :
1702 219 24 15 44
1750 211 158 43 Romeo
1930 211 81 43 and
2027 211 116 55 Juliet
2225 211 178 44 another.
2451 212 68 43 Do
2540 211 109 43 these
2671 223 81 31 two
2774 212 131 53 pieces

1517 269 81 44 hail
1629 269 101 45 from
1762 270 185 45 Moscow
1964 275 19 39 ?
2044 272 84 42 We
2150 272 147 55 always
2317 271 164 54 thought
2502 289 78 25 one
2601 288 82 26 was
2704 270 52 55 by
2778 287 127 38 merry

1519 329 97 44 little
1648 329 137 56 Lecoq
1818 331 44 43 of
1893 331 111 43 Paris
2036 331 81 43 and
2148 331 67 43 the
2246 332 111 42 other
2388 331 54 55 by
2473 349 131 38 young
2634 331 272 54 Shakespeare

1518 389 43 44 of
1592 389 427 46 Stratford-on-Avon.
2053 391 214 44 Bolchevic
2284 397 68 39 !!!
2373 397 9 38 !
2399 396 19 39 ?

1609 450 121 43 Then
1761 468 134 27 comes
1928 460 26 16 44
1969 451 94 44 The
2095 451 102 44 Man
2220 452 94 43 who
2337 468 81 27 was
2439 449 214 58 Thursday
2736 468 23 25 a
2780 451 125 54 piece,

1520 528 63 26 we
1605 510 211 54 imagined,
1835 511 84 43 that
1941 510 72 45 did
2035 510 126 44 sound
2185 529 23 25 a
2229 511 56 43 bit
2307 511 231 55 shattering:
2549 528 116 27 —we
2682 528 101 26 even
2800 528 88 36 gues-

1520 569 71 44 sed
1623 570 82 43 that
1727 570 172 57 Trotsky
1916 571 120 54 might
2053 571 51 43 be
2124 570 68 44 the
2214 571 149 49 author,
2388 571 98 43 until
2507 588 63 27 we
2592 588 106 27 were
2719 570 85 44 told
2825 570 82 44 that

1522 630 251 50 Chesterton,
1823 648 72 26 our
1926 649 96 26 own
2058 632 251 49 Chesterton,
2344 631 80 43 had
2472 633 157 41 written
2660 633 42 42 it.
2765 630 143 56 Really

1522 690 82 43 folk
1638 708 66 25 are
1750 693 127 41 comic
1924 691 94 44 who
2065 691 83 44 find
2196 693 40 42 in
2267 692 110 43 these
2425 690 87 45 four
2559 693 132 54 pieces
2734 692 102 54 signs
2867 690 42 44 of

1521 761 123 33 terror
1675 750 80 44 and
1788 750 167 45 trouble.

1612 811 67 42 To
1725 813 186 41 continue
1959 811 68 44 the
2074 811 89 44 list:
2168 836 57 7 —
2230 818 25 17 44
2278 810 218 44 Sakuntala
2570 811 85 56 (the
2686 810 77 44 first
2795 812 114 55 piece

1522 870 94 56 they
1648 870 223 56 produced)
1905 873 31 41 is
1968 883 69 31 not
2069 871 54 56 by
2154 871 144 49 Lenin,
2305 873 87 41 —it
2413 873 31 41 is
2465 871 53 55 by
2540 889 51 25 an
2613 871 150 43 Indian.
2825 872 84 43 Not

1524 929 84 45 Mr.
1641 930 170 44 Ghandi
1843 931 70 44 but
1945 949 77 25 one
2055 930 195 45 Kalidasa
2281 931 81 44 and
2392 931 215 44 translated
2639 933 84 42 into
2745 931 165 54 English

1525 992 41 40 in
1606 991 112 43 1789
1750 990 52 56 by
1834 1009 71 25 our
1936 1009 95 26 own
2063 992 65 43 Sir
2159 991 181 43 William
2390 991 131 55 Jones.
2614 992 30 43 It
2691 994 32 40 is
2770 1003 69 31 not
2887 1009 24 25 a

1524 1049 188 57 Tragedy
1731 1069 10 31 ;
1776 1059 25 15 44
1823 1051 66 44 the
1922 1051 164 44 Hindus
2117 1053 40 42 in
2190 1051 77 43 fact
2301 1052 101 43 have
2434 1069 53 26 no
2507 1051 188 56 Tragedy
2779 1053 132 42 writes

1526 1110 162 44 Horace
1719 1110 191 56 Hayman
1950 1111 160 44 Wilson
2143 1114 40 42 in
2215 1112 60 43 his
2308 1121 25 15 44
2351 1111 132 44 Select
2513 1112 232 54 Specimens
2780 1111 44 43 of
2844 1112 67 43 the

1526 1171 177 44 Theatre
1734 1170 43 43 of
1808 1171 67 44 the
1907 1171 166 44 Hindus
2178 1173 125 44 1827.

1617 1230 121 44 Then
1754 1249 113 25 came
1890 1241 25 16 44
1925 1232 91 43 The
2034 1232 181 56 Playboy
2232 1231 42 43 of
2290 1232 67 42 the
2373 1232 188 43 Western
2780 1232 131 44 which

1528 1292 30 41 is
1577 1302 67 31 not
1667 1291 53 56 by
1742 1291 217 44 Chicherin
1980 1310 10 32 ;
2013 1291 61 44 'tis
2096 1310 24 24 a
2136 1292 97 44 little
2255 1292 96 43 trifle
2373 1292 53 55 by
2447 1292 67 43 the
2536 1292 77 44 late
2634 1303 93 44 poet
2749 1293 132 55 Synge
2900 1311 10 31 ;

1526 1351 194 55 —Synge
1752 1351 42 43 of
1825 1352 167 50 Ireland,
2025 1364 68 31 not
2126 1371 23 24 a
2170 1352 186 57 mythical
2396 1352 118 53 being
2554 1352 101 43 from
2697 1353 214 43 Caucasus.

1618 1411 106 44 Next
1775 1420 24 15 44
1823 1412 93 43 Life
1946 1414 32 42 is
2009 1430 25 26 a
2081 1413 149 44 Dream
2331 1412 54 56 by
2432 1412 204 43 Calderon
2683 1412 43 43 of
2772 1413 137 55 Spain,

1531 1472 323 56 (1600-1681):
1897 1484 92 33 next
2038 1481 24 14 44
2079 1473 92 43 The
2387 1484 68 32 not
2487 1472 53 56 by
2586 1472 326 44 Tchekov—but

1528 1531 53 55 by
1615 1531 67 43 the
1715 1531 97 44 mild
1844 1532 80 44 and
1957 1533 135 55 happy
2123 1533 136 43 Italian
2305 1533 233 56 playwright
2571 1532 123 43 Carlo
2730 1532 183 45 Goldoni

1533 1592 309 56 (1707-1793).
1905 1593 108 44 Next
2046 1601 26 16 44
2095 1593 61 43 Le
2190 1593 181 54 Mariage
2403 1592 52 44 de
2478 1593 140 53 Figaro
2700 1592 54 57 by
2785 1594 103 43 Beau-

1529 1651 191 44 marchais
1768 1653 308 57 (1732-1799).
2136 1653 101 44 This
2258 1671 63 26 we
2343 1652 122 44 admit
2498 1658 32 37 is
2562 1653 127 43 rather
2721 1671 23 24 a
2771 1653 120 42 blood-

1529 1711 166 55 curding
1726 1714 170 52 piece....
1929 1712 82 44 and
2043 1731 64 25 we
2137 1712 102 44 have
2271 1731 120 25 never
2413 1712 148 44 known
2582 1713 93 43 how
2706 1714 29 42 it
2766 1731 74 25 can
2862 1713 50 43 be

1530 1771 192 45 tolerated
1755 1771 53 56 by
1839 1791 79 36 any
1949 1773 69 43 but
2050 1773 137 44 Latins
2219 1775 41 41 in
2281 1773 67 43 the
2370 1772 310 44 south—where
2701 1772 67 43 the
2790 1772 123 43 blood

1532 1832 114 44 don't
1678 1832 151 46 curdle.
1892 1832 218 45 Rostand's
2145 1842 25 15 44
2193 1833 163 57 Cyrano
2388 1833 52 43 de
2472 1834 194 52 Bergerac
2762 1833 126 43 Shake-

1532 1892 172 55 speare's
1755 1901 25 15 44
1802 1893 140 56 Merry
1992 1893 143 44 Wives
2292 1892 80 44 and
2418 1911 25 24 a
2490 1892 79 45 few
2617 1892 170 43 Russian
2833 1892 80 43 and

1532 1953 180 43 German
1745 1954 131 54 pieces
1907 1953 195 56 complete
2133 1954 68 44 the
2232 1971 246 37 programme
2508 1952 44 44 of
2584 1952 64 44 M.
2679 1952 166 44 Tairoff.

1623 2013 78 44 But
1724 2014 169 54 enough.
1945 2014 160 50 Artists,
2130 2013 212 56 especial.y
2363 2013 112 44 those
2496 2013 93 44 who
2613 2012 123 44 abhor
2758 2012 156 55 gloomy

1532 2072 298 45 realism—that
1862 2076 33 42 is
1925 2085 42 33 to
1999 2092 68 38 say
2099 2092 94 38 very
2225 2076 108 52 quiet
2366 2073 80 43 and
2479 2090 94 38 very
2606 2072 70 43 sad
2707 2072 81 44 and
2820 2090 94 36 very

1533 2133 149 56 deadly
1713 2135 328 54 representations
2072 2135 44 42 of
2147 2133 136 44 sordid
2314 2151 45 26 or
2405 2132 267 45 middle-class
2719 2133 195 43 life—are

1533 2205 68 32 not
1635 2193 79 44 and
1748 2212 121 26 never
1900 2212 75 26 can
2005 2194 52 44 be
2106 2203 25 16 44
2154 2194 175 56 political
2457 2211 72 26 nor
2562 2192 96 44 tend
2690 2205 41 31 to
2764 2204 148 32 unrest.

1533 2254 64 44 It's
1630 2254 177 44 Realism
1839 2255 132 44 which
2004 2255 135 43 makes
2172 2254 60 44 for
2263 2253 169 46 trouble.

1625 2314 147 50 Callot,
1807 2315 180 50 Rubens,
2035 2314 242 56 Fragonard,
2311 2315 207 43 Giovanni
2564 2313 160 50 Bellini,
2775 2313 137 49 Blake,

1533 2374 169 45 because
1733 2375 110 44 these
1875 2374 164 57 painted
2072 2387 100 32 must
2204 2376 94 55 they
2317 2375 53 43 be
2401 2375 177 55 painting
2611 2373 61 44 for
2704 2392 110 25 some
2845 2392 48 37 po-

1531 2435 120 45 litical
1682 2453 170 38 purpose
1869 2441 19 39 ?

1624 2496 166 55 Slightly
1820 2496 181 43 different
2048 2497 31 42 is
2111 2497 28 42 it
2188 2495 118 45 when
2353 2513 63 26 we
2457 2513 113 25 come
2617 2505 41 32 to
2708 2511 92 26 men
2839 2492 78 43 like

1534 2555 153 57 Gilray,
1733 2556 80 44 and
1861 2556 200 50 Leandre,
2096 2556 59 44 for
2188 2555 194 56 example.
2445 2555 135 43 There
2613 2572 63 26 we
2718 2554 102 43 have
2851 2553 66 42 the

1533 2616 207 57 obviously
1761 2616 94 56 paid
1879 2616 280 57 propagandist
2180 2616 43 43 of
2243 2615 222 57 yesterday.
2530 2616 69 44 Do
2627 2633 78 36 any
2737 2613 159 54 English-

1535 2695 90 25 men
1658 2677 118 44 recall
1806 2678 68 42 the
1905 2677 187 44 Leandre
2124 2676 148 44 touch?
2364 2674 204 45 Ah—but
2614 2674 167 44 modern
2828 2690 68 38 pro-

1535 2737 183 56 paganda
1738 2739 33 42 is
1792 2756 24 24 a
1836 2737 196 44 thousand
2054 2739 112 42 times
2188 2754 109 26 more
2328 2735 180 44 subtle—
2517 2735 126 44 subtle
2664 2752 252 26 nonsense—

1535 2816 43 25 so
1609 2798 129 43 subtle
1769 2798 82 43 that
1899 2798 62 43 it's
1993 2809 68 32 not
2098 2815 108 25 seen.
2269 2797 80 49 No,
2384 2796 266 56 Propaganda
2693 2795 71 43 has
2794 2805 42 32 to
2868 2793 50 42 be

1535 2858 124 44 direct
1681 2870 42 32 to
1745 2858 50 44 be
1817 2859 43 42 of
1882 2858 114 44 value
2014 2876 11 27 :
2030 2857 182 45 —direct
2217 2856 210 56 —vividly
2456 2857 107 44 what
2586 2858 28 41 it
2637 2858 43 41 is.
2735 2855 41 42 In
2798 2854 117 48 short,

1535 2918 267 56 Propaganda
1832 2930 101 32 must
1964 2918 52 43 be
2047 2937 94 25 seen
2173 2917 80 44 and
2286 2916 124 45 heard
2430 2934 45 26 or
2497 2917 67 43 the
2586 2916 100 44 fools
2708 2915 60 43 for
2785 2914 133 44 whom

1536 2979 63 43 it's
1631 2979 193 45 intended
1858 2978 124 46 won't
2021 2991 62 42 get
2116 2979 255 54 it.—Again,
2406 2977 169 54 enough.

1751 3127 185 45 TWO
2011 3125 250 45 MORE
2328 3123 378 45 ERRORS.

1535 3274 26 16 44
1585 3264 172 51 \Y/E
1786 3282 65 26 are
1883 3265 145 55 getting
2069 3280 95 39 very
2213 3262 97 44 tired
2342 3261 44 45 of
2432 3261 71 45 Mr
2550 3259 171 45 Gordon
2768 3257 151 56 Craig's

1609 3313 83 50 VV
1748 3327 137 42 notion
1917 3325 84 44 that
2032 3342 115 27 scene
2178 3324 200 55 designing
2409 3340 133 27 comes
2562 3321 139 43 before
2722 3319 66 44 the
2809 3318 112 44 work

1535 3387 43 43 of
1609 3386 68 45 the
1707 3386 214 49 dramatist,
1954 3387 75 53 just
2062 3385 168 43 because
2260 3402 116 26 scene
2408 3383 199 55 designing
2627 3382 31 43 is
2679 3381 69 43 Mr
2769 3381 119 52 Craig
2904 3397 18 24 s

1535 3448 81 55 job.
1702 3447 113 44 How
1846 3447 71 48 far,
1952 3446 58 43 far
2041 3447 114 43 wiser
2185 3447 32 42 is
2250 3444 69 45 Mr
2352 3443 130 44 Frank
2512 3443 170 44 Vernon
2792 3451 76 33 etc.

1899 3523 47 32 L.
1976 3520 174 42 Godfrey
2180 3522 154 33 Turner
2357 3519 41 34 in
2424 3522 24 15 44
2471 3518 78 35 The
2577 3518 287 35 Gentlewoman

1986 3578 44 23 II
2055 3568 159 40 August
2237 3576 103 33 1923.

1598 3636 93 44 The
1722 3636 191 44 incorrect
1944 3634 109 56 thing
2073 3634 123 44 about
2220 3633 73 45 this
2313 3635 31 42 is
2366 3632 83 44 that
2470 3634 28 41 it
2520 3633 31 42 is
2571 3641 68 34 not
2662 3629 69 46 Mr
2751 3629 170 44 Gordon

1537 3697 151 55 Craig's
1720 3697 151 44 notion.
1934 3696 33 43 Is
1997 3697 28 42 it
2058 3696 70 44 Mr
2159 3693 189 45 Turner's
2381 3692 169 56 perhaps
2566 3697 19 39 ?

1596 3759 149 53 Again,
1777 3759 42 41 in
1850 3755 68 45 the
1948 3774 108 26 same
2096 3773 136 39 paper,
2281 3772 53 27 on
2383 3753 238 56 September
2668 3751 72 46 Bth
2794 3753 127 49 1923,

1537 3819 83 44 Mr.
1651 3819 157 43 Turner
1839 3835 133 26 comes
2002 3828 68 32 out
2103 3816 97 44 with
2230 3815 103 44 this:

1599 3889 26 15 44
1646 3880 94 43 The
1759 3896 157 26 rumour
1939 3877 42 43 of
2002 3896 23 25 a
2050 3878 85 43 visit
2157 3877 101 43 from
2280 3876 70 44 Mr
2371 3874 169 44 Gordon
2561 3875 119 53 Craig
2697 3884 40 33 to
2753 3871 169 58 sprinkle

1538 3958 71 26 our
1640 3951 107 45 stage
1778 3939 98 44 with
1907 3937 158 56 angular
2095 3937 187 45 shadows
2312 3936 70 44 has
2413 3935 164 56 happily
2607 3934 154 56 proved
2797 3934 70 43 but
2898 3951 24 26 a

1537 4000 95 45 false
1914 3998 198 46 ....which
2157 3997 112 45 looks
2313 3996 79 44 like
2437 3997 179 54 currying
2655 3994 139 44 favour
2823 3994 99 44 with

1538 4061 71 45 Mr
1641 4062 133 55 Craig.
1834 4059 94 45 The
1958 4077 106 38 copy
2095 4058 43 45 of
2171 4059 65 44 the
2267 4075 105 38 press
2417 4058 148 53 cutting
2610 4067 84 32 sent
2740 4066 41 33 to
2834 4055 88 44 The

1540 4124 131 51 Mask
1700 4140 83 27 was
1813 4120 135 56 signed
1980 4120 50 44 L.
2063 4119 115 46 God.
2241 4119 83 45 We
2355 4117 91 46 take
2476 4120 28 42 it
2538 4129 40 33 to
2613 4117 53 43 be
2712 4115 94 57 only
2852 4115 69 45 Mr

1539 4183 187 47 Turner's
1756 4200 116 28 name
1904 4183 41 43 in
1975 4180 110 46 little.
