3015 4287
165 216 101 37 1126

1276 221 240 41 BRUNO'S
1562 223 231 40 WEEKLY

154 315 142 41 bridge.
342 316 120 35 There
482 318 47 33 he
549 318 162 35 climbed
732 328 103 32 upon
853 320 64 34 the
937 324 171 38 parapet,
1129 321 187 42 exploded
1338 332 22 24 a
1379 322 115 41 pistol

154 376 37 30 at
217 373 60 33 his
306 373 97 42 face,
430 374 72 34 and
532 374 67 35 fell
629 375 164 34 forward
821 375 76 35 into
925 377 64 34 the
1016 381 128 31 water.

327 440 74 31 you
428 440 66 25 see
518 431 81 34 that
856 442 91 33 says
975 433 13 34 I
1015 437 38 31 to
1079 434 63 35 the
1168 433 215 43 policeman
1409 435 83 34 who

152 495 107 25 came
281 487 162 42 running
465 497 63 32 up.

467 544 197 35 answered
695 545 64 34 the
791 555 99 33 man,
925 546 189 43 fumbling
1148 547 61 35 for
1238 548 60 34 his
1330 547 162 37 whistle.

269 600 73 34 had
369 600 156 42 nothing
551 605 36 30 to
614 602 47 34 do
687 602 88 34 with
802 602 38 42 it,
867 603 74 34 had

205 656 59 34 He
295 657 160 42 stopped
487 658 105 34 short
623 659 72 33 and
727 659 136 34 looked
895 663 37 31 at
962 669 60 25 me
1052 660 200 43 narrowly.
1309 661 13 35 I
1355 661 69 36 fell
1453 665 38 32 to

152 713 218 42 examining
397 724 64 31 my
488 715 182 41 cigarette
698 719 37 30 to
767 725 65 25 see
862 715 32 35 if
922 716 27 35 it
977 727 80 24 was
1085 716 164 43 burning
1278 717 98 36 well.
1431 718 61 35 He

151 780 78 23 was
255 780 21 23 a
300 781 127 31 young
452 781 100 33 man,
576 781 84 25 new
683 776 37 29 to
744 773 64 34 the
833 772 123 42 police
981 772 160 51 service,
1168 774 13 35 I
1207 774 139 35 should
1370 775 121 35 think.

153 826 206 36 Doubtless
388 828 13 33 I
428 828 213 42 impressed
668 829 168 35 him—in
862 840 63 32 my
952 831 149 42 favour,
1128 831 13 34 I
1169 840 130 26 mean:
1330 832 14 34 I
1372 832 48 35 do
1447 842 43 25 so

148 883 165 42 impress
341 885 137 41 people
506 885 233 36 sometimes.

468 942 47 34 he
541 942 224 44 exclaimed,
791 944 73 33 and
892 944 121 34 shook
1037 943 60 36 his
1123 944 110 35 head.
1398 946 92 35 dear

147 1007 61 32 no,

196 1053 154 36 "That's
375 1055 51 34 all
612 1056 14 34 I
651 1056 95 35 said.

196 1110 84 36 And
306 1112 90 35 then
424 1112 14 34 I
465 1112 178 42 laughed.

149 1191 163 59 Two
341 1191 248 71 People

147 1275 85 34 The
255 1276 202 33 Romance
481 1276 46 33 of
550 1276 88 34 One
662 1276 121 41 Night

145 1333 60 39 By
227 1332 133 34 Guido
381 1334 136 32 Bruno

151 1386 235 42 (Continued
416 1388 99 34 from
541 1388 74 35 last
641 1388 125 42 issue)

356 1459 46 39 of
542 1460 74 38 she
638 1459 157 40 started
817 1458 135 51 again,
1104 1465 113 34 must
1237 1472 51 38 go
1312 1465 72 35 out
1405 1460 81 39 and

142 1516 82 49 buy
245 1528 67 26 me
334 1528 117 28 some
474 1516 172 40 clothes.
695 1517 14 38 I
735 1528 65 28 am
824 1529 23 27 a
869 1517 166 49 perfect
1055 1515 271 51 thirty-eight,
1351 1517 80 39 and
1455 1517 32 40 it

140 1571 125 41 won't
286 1573 52 39 be
359 1573 103 39 hard
485 1578 40 33 to
549 1578 70 45 get
639 1573 88 51 just
748 1573 111 40 what
882 1574 15 39 I
920 1578 123 36 want.
1097 1575 91 49 Buy
1209 1585 68 28 me
1302 1585 23 28 a
1346 1572 138 43 tailorr

142 1631 122 39 made
298 1629 95 49 suit,
428 1630 70 39 the
532 1630 182 49 plainest
745 1642 82 38 you
861 1642 76 28 can
972 1636 81 45 get.
1115 1632 90 49 Buy
1238 1643 68 27 me
1342 1642 23 28 a
1401 1632 83 39 few

142 1686 258 49 shirtwaists,
431 1688 82 39 and
541 1688 101 40 here
673 1688 36 40 is
739 1700 22 27 a
791 1688 70 39 list
889 1688 46 38 of
964 1688 55 40 all
1048 1688 70 39 the
1148 1688 121 40 other
1296 1688 139 50 things
1466 1688 14 39 I

139 1744 121 39 need.
310 1744 14 38 I
348 1744 123 40 made
493 1744 88 40 that
603 1744 70 40 list
694 1750 73 34 out
788 1745 164 39 several
976 1746 100 48 days
1099 1756 92 39 ago.
1243 1744 104 41 Now
1371 1744 113 40 don't

138 1802 52 39 be
215 1799 148 41 afraid.
414 1801 64 40 Go
503 1801 40 40 in
570 1813 23 27 a
615 1801 71 50 big
709 1801 264 50 department
995 1807 125 34 store.
1174 1802 64 40 Go
1264 1808 41 34 at
1328 1802 89 39 first
1440 1808 41 35 to

139 1858 69 39 the
238 1858 184 40 transfer
453 1858 263 49 department
759 1859 82 39 and
884 1859 108 41 have
1037 1858 113 40 them
1195 1857 95 52 give
1330 1870 84 39 you
1457 1870 25 28 a

138 1916 184 38 transfer
344 1914 90 51 slip.
485 1914 115 40 Then
626 1928 50 38 go
701 1921 40 34 to
764 1916 71 40 the
858 1916 124 39 trunk
1007 1916 264 50 department
1296 1916 80 39 and
1399 1917 83 49 buy

138 1984 23 28 a
190 1973 81 49 big,
302 1973 136 49 heavy
466 1973 136 39 trunk.
662 1972 89 40 Tell
795 1973 71 39 the
908 1984 203 38 manager
1151 1984 84 39 you
1276 1972 104 42 wish
1425 1973 55 40 all

137 2029 228 51 purchases
394 2042 82 37 you
508 2042 71 27 are
610 2029 126 51 going
765 2036 42 33 to
838 2030 124 40 make
993 2031 148 49 placed
1171 2029 41 40 in
1244 2031 83 40 this
1356 2030 124 41 trunk

137 2087 80 38 and
238 2092 94 34 sent
351 2092 41 33 to
412 2099 104 38 your
537 2087 185 39 address.
770 2088 63 38 Do
855 2086 94 49 this,
972 2088 158 49 please,
1153 2088 42 40 in
1217 2099 105 39 your
1341 2099 139 28 name.

135 2142 90 42 Teiil
251 2144 112 38 them
390 2144 32 40 it
445 2145 35 39 is
507 2145 67 38 for
596 2144 71 40 the
692 2144 113 40 maid
830 2145 47 39 of
900 2156 105 39 your
1030 2150 112 43 aunt,
1169 2156 48 28 or
1242 2144 238 50 something

136 2201 46 38 of
211 2201 88 39 that
327 2201 113 48 kind,
472 2203 82 38 and
584 2201 98 51 they
711 2201 85 40 will
827 2201 95 51 give
950 2213 83 40 you
1063 2202 72 40 the
1163 2201 112 52 right
1301 2200 103 44 kind
1431 2201 49 42 of

191 2315 14 38 I
236 2313 183 41 realized
446 2316 67 38 for
539 2315 70 39 the
638 2316 89 40 first
752 2315 101 40 time
882 2316 88 40 that
996 2316 76 40 she
1100 2317 131 49 really
1260 2316 69 41 did
1355 2317 124 39 know

133 2372 110 39 what
270 2372 75 40 she
372 2385 85 27 was
485 2373 126 39 about
638 2379 40 33 to
708 2373 64 39 do.
828 2373 34 39 It
889 2373 142 39 struck
1056 2386 68 27 me
1154 2386 44 29 as
1226 2373 249 42 wonderful.

132 2427 106 42 That
264 2429 77 49 girl
368 2431 179 49 brought
572 2442 54 38 up
655 2431 41 39 in
726 2431 159 49 luxury,
913 2431 83 38 had
1024 2431 179 50 actually
1230 2431 70 39 the
1329 2429 80 52 grit
1434 2436 42 35 to

132 2492 103 34 start
262 2499 23 27 a
311 2499 94 28 new
432 2486 89 49 life,
550 2488 132 49 really
709 2499 23 28 a
760 2500 93 27 new
880 2486 90 41 life.
1028 2487 85 41 She
1140 2488 166 40 wanted
1332 2493 40 35 to
1402 2488 50 40 im-

130 2556 129 37 prove
290 2544 70 39 the
390 2544 131 40 world
550 2544 82 40 and
661 2545 158 39 started
850 2550 73 34 out
951 2546 54 50 by
1035 2544 235 51 improving
1299 2545 174 41 herself.

130 2601 35 39 It
182 2612 86 29 was
286 2601 219 40 Hercules'
523 2601 126 49 work,
669 2602 183 50 planned
871 2603 67 39 for
954 2602 142 40 weeks
1114 2602 147 49 ahead,
1280 2602 193 51 perhaps,

130 2659 118 39 down
273 2664 41 33 to
340 2659 70 39 the
435 2664 109 33 most
567 2657 160 41 minute
755 2658 139 41 detail.

186 2715 84 40 She
293 2716 167 40 handed
481 2728 68 28 me
572 2723 78 33 two
674 2716 191 40 hundred
887 2716 155 40 dollars
1065 2718 81 39 and
1170 2729 23 27 a
1216 2717 99 50 long
1336 2718 71 38 list
1428 2717 46 39 of

128 2772 138 50 things
294 2773 13 39 I
336 2773 151 39 should
512 2773 218 49 purchase.
784 2773 90 39 Her
897 2774 136 39 hands
1058 2774 173 40 seemed
1257 2786 46 28 so
1330 2780 145 44 strong

128 2830 82 39 and
236 2842 46 27 so
310 2841 96 28 sure
435 2830 15 39 I
480 2830 123 39 could
629 2836 72 34 not
728 2831 166 49 explain
922 2831 94 39 how
1042 2831 31 40 it
1098 2831 236 50 happened,
1362 2832 112 39 what

128 2887 178 40 induced
327 2899 67 26 me
415 2893 40 33 to
477 2899 73 38 say
572 2887 43 48 it,
635 2889 74 39 but
730 2888 13 38 I
767 2888 195 39 believed
982 2888 32 40 it
1033 2900 85 28 was
1140 2889 70 40 the
1232 2889 93 39 best
1346 2888 59 40 bit
1426 2888 47 40 of

126 2943 246 50 inspiration
399 2944 14 39 I
440 2944 81 40 had
547 2956 100 28 ever
669 2945 82 39 had
775 2944 40 40 in
842 2957 69 38 my
935 2945 90 40 life.

516 3002 14 39 I
711 3003 14 38 I
751 3014 74 28 see
848 3014 82 38 you
954 3003 131 50 really
1108 3015 125 28 mean
1257 3003 111 40 what
1389 3014 83 40 you

125 3070 86 38 say.
268 3059 14 38 I
312 3059 85 40 feel
423 3071 81 38 you
532 3071 70 28 are
629 3060 126 49 going
780 3066 41 33 to
849 3061 50 38 do
924 3060 112 39 what
1058 3071 83 39 you
1165 3061 145 40 intend
1336 3066 40 34 to
1405 3060 65 40 do.

126 3116 14 39 I
163 3116 114 40 don't
294 3116 123 40 know
434 3116 111 40 what
563 3116 192 40 vocation
775 3128 82 38 you
876 3117 85 40 like
981 3122 41 34 to
1045 3117 154 48 follow,
1219 3119 74 39 but
1313 3117 14 39 I
1349 3118 122 40 know

125 3185 79 27 one
230 3173 137 50 thing!
394 3174 119 39 there
539 3173 35 39 is
601 3188 22 27 a
649 3174 59 39 lot
734 3174 45 38 of
805 3174 162 39 trouble
994 3174 81 40 and
1103 3173 365 51 disappointment,

123 3229 263 41 humiliation
410 3231 81 39 and
512 3231 103 38 hard
636 3231 114 39 work
773 3231 41 39 in
838 3236 111 35 store
974 3232 66 38 for
1061 3243 92 39 you.
1205 3232 16 39 I
1244 3232 123 41 know
1387 3243 83 39 you

124 3300 70 27 are
215 3288 208 49 prepared
445 3288 65 39 for
530 3288 70 39 the
621 3293 137 35 worst.
805 3289 106 49 Why
932 3294 73 35 not
1026 3289 50 38 do
1098 3290 32 39 it
1151 3287 318 52 immediately?

125 3345 15 39 I
171 3344 119 41 think
320 3345 14 39 I
365 3346 123 38 know
517 3357 24 27 a
568 3356 91 40 way
687 3346 141 40 where
855 3358 82 38 you
967 3346 123 39 could
1118 3357 118 39 carry
1265 3352 72 34 out
1364 3358 105 39 your

121 3403 134 49 plans.
306 3402 167 40 Instead
492 3403 47 39 of
556 3403 144 50 giving
718 3408 40 34 to
779 3403 70 40 the
868 3403 131 40 world
1018 3414 80 30 one
1117 3404 144 39 useful
1280 3405 190 39 member

122 3460 46 38 of
191 3459 158 51 society
370 3471 83 39 you
476 3460 123 39 could
621 3461 159 39 bestow
801 3471 112 39 upon
939 3459 31 41 it
993 3461 71 39 the
1089 3459 80 52 gift
1191 3461 47 40 of
1261 3466 93 35 two.

372 3515 88 41 me!
500 3516 91 40 You
615 3517 85 40 will
725 3518 109 39 have
861 3518 55 39 all
942 3518 70 39 the
1040 3518 188 40 troubles
1251 3530 81 39 you
1358 3518 109 40 have

123 3586 100 27 ever
254 3574 151 40 looked
437 3575 67 39 for
534 3574 40 40 in
605 3586 105 38 your
739 3574 90 40 life.
885 3574 91 40 You
1007 3574 85 41 will
1124 3575 95 41 face
1251 3574 217 42 economic

121 3632 212 49 problems
360 3643 83 39 you
469 3643 132 28 never
630 3631 199 40 dreamed
858 3632 46 39 of
932 3632 82 39 and
1042 3631 83 41 still
1155 3633 118 40 there
1301 3631 84 42 will
1413 3633 53 40 be

121 3689 143 50 plenty
291 3689 46 39 of
363 3687 101 41 time
491 3689 80 40 left
596 3694 40 34 to
665 3689 52 40 be
744 3689 139 50 happy
911 3689 83 40 and
1019 3694 40 35 to
1089 3689 127 52 enjoy
1242 3689 77 41 life
1320 3690 146 40 —real

120 3745 90 48 life,
240 3746 66 39 far
331 3758 116 38 away
475 3746 107 39 from
610 3744 157 53 society
795 3747 81 39 and
904 3747 108 39 from
1040 3752 91 34 teas
1159 3747 81 39 and
1266 3747 89 40 that
1379 3753 87 35 sort

120 3804 47 38 of
187 3803 129 49 thing.
367 3802 97 41 Will
485 3815 82 39 you
589 3815 138 39 marry
902 3804 82 39 and
1007 3803 15 40 I
1048 3804 122 41 could
1193 3810 73 35 not
1287 3803 178 43 restrain

120 3861 107 40 from
252 3859 200 52 grasipng
473 3860 76 41 her
570 3861 125 40 hand.

1556 1615 167 43 Gossips
1750 1617 46 34 of
1823 1618 136 40 Spoon
1984 1619 121 34 River

1821 1775 38 73 In
1878 1775 58 73 Our
1955 1775 135 73 Village

1602 1889 188 35 Harrison
1819 1891 98 35 Hale
1944 1891 143 43 Schaff,
2113 1893 65 34 the
2204 1894 85 34 soul
2317 1894 42 34 of
2383 1894 101 42 John
2510 1896 56 38 W.
2593 1896 101 36 Luce
2722 1896 30 35 &
2779 1897 85 36 Com-

1553 1955 101 33 pany
1685 1946 204 44 (Boston),
1913 1958 79 24 was
2016 1949 38 34 in
2079 1949 93 35 New
2197 1950 99 35 York
2322 1952 74 33 last
2420 1952 106 35 week
2552 1953 73 34 and
2651 1954 174 43 stopped,
2851 1964 44 26 as

1551 2002 61 35 his
1644 2004 125 34 father
1800 2005 72 34 and
1904 2006 251 41 grandfather
2183 2007 96 35 used
2309 2012 50 39 to,
2390 2008 38 34 in
2457 2010 63 35 the
2552 2010 183 36 Brevoort
2767 2012 126 36 Hotel.

1553 2060 59 35 He
1642 2061 71 33 has
1743 2066 106 37 great
1878 2063 112 40 plans
2022 2063 60 34 for
2110 2064 64 35 the
2204 2068 89 31 next
2323 2075 140 25 season
2495 2067 72 34 and
2599 2077 21 24 a
2652 2068 75 35 few
2759 2069 41 34 of
2828 2069 64 36 the

1548 2117 121 35 books
1692 2119 47 33 he
1764 2119 275 42 contemplates
2063 2120 221 46 publishing
2307 2122 76 35 will
2406 2123 46 34 be
2477 2134 21 24 a
2521 2124 178 36 valuable
2724 2125 169 36 addition

1548 2179 37 30 to
1608 2175 64 34 the
1697 2175 120 34 books
1843 2176 202 41 published
2072 2177 38 35 in
2136 2177 187 44 America,
2350 2181 236 35 worthwhile
2611 2182 169 43 reading.
2818 2183 73 36 Mr.

1548 2231 132 35 Schaff
1704 2232 33 34 is
1764 2242 47 25 an
1837 2233 152 35 idealist
2015 2235 72 33 and
2113 2235 93 34 does
2232 2240 64 30 not
2321 2236 88 36 take
2435 2237 55 34 off
2513 2237 63 36 his
2599 2238 177 36 idealism
2800 2240 91 35 with

1548 2288 60 34 his
1642 2294 84 29 coat
1760 2289 31 34 if
1824 2291 47 33 he
1905 2291 160 35 buckles
2099 2292 110 35 down
2243 2293 37 33 in
2316 2294 248 35 shirtsleeves
2597 2300 38 30 to
2672 2296 80 35 real
2786 2297 104 36 work

1548 2346 38 34 in
1614 2346 59 34 his
1702 2347 222 43 publishing
1953 2348 116 35 office.
2126 2349 58 35 He
2214 2349 33 34 is
2279 2359 70 26 one
2379 2351 43 34 of
2450 2352 110 35 those
2590 2353 186 43 nowaday
2804 2363 86 27 rare

1548 2402 219 42 publishers
1796 2404 42 33 of
1865 2404 120 35 books
2013 2406 85 34 who
2126 2416 86 25 care
2241 2416 103 25 more
2374 2408 61 34 for
2463 2418 21 24 a
2511 2409 105 35 work
2643 2410 43 34 of
2714 2415 56 31 art
2795 2411 94 36 than

1549 2460 61 34 for
1634 2461 64 35 the
1725 2461 126 42 artist;
1881 2461 83 35 who
1992 2472 87 24 care
2105 2472 106 26 more
2239 2464 59 34 for
2325 2465 63 34 the
2415 2465 113 36 value
2554 2467 43 34 of
2622 2468 64 34 the
2713 2472 175 32 contents

1546 2517 42 34 of
1606 2517 97 35 their
1724 2518 120 34 books
1865 2519 91 34 than
1979 2519 61 35 for
2060 2520 64 35 the
2146 2520 233 44 advertising
2401 2522 113 36 value
2536 2523 42 35 of
2597 2524 99 35 their
2717 2525 169 37 authors.

1593 2642 106 35 Alice
1730 2642 161 44 Palmer,
1919 2644 84 35 who
2032 2655 93 24 runs
2154 2646 64 35 the
2247 2648 202 34 renowned
2481 2648 227 36 Greenwich
2737 2650 150 43 Village

1543 2699 121 42 Store,
1689 2710 78 24 was
1792 2701 63 34 the
1879 2701 82 34 first
1986 2701 126 34 victim
2136 2703 42 33 of
2202 2703 64 35 the
2289 2713 84 26 new
2381 2731 7 14 .
2398 2705 244 43 compulsory
2667 2707 72 34 law
2764 2707 123 36 which

1543 2757 177 34 declared
1773 2758 64 34 the
1887 2758 185 35 Benedict
2120 2758 226 43 Apartment
2397 2761 134 36 House
2583 2764 146 42 strictly
2781 2775 78 24 men-

1543 2814 214 34 bachelor's
1798 2819 187 37 quarters.
2052 2815 76 36 She
2171 2817 71 34 and
2285 2818 67 34 her
2392 2818 309 38 multi-coloured
2743 2821 143 44 library

1543 2881 146 31 occupy
1715 2881 127 24 rooms
1868 2872 96 35 back
1990 2872 43 34 of
2057 2874 67 33 her
2150 2878 113 31 store.

1590 2996 94 35 Mrs.
1704 2995 232 45 Thompson,
1958 2997 182 44 formerly
2161 2999 43 34 of
2222 2999 220 43 Thompson
2462 3001 136 43 Street,
2619 3002 99 42 right
2739 3004 146 35 around

1541 3053 63 35 the
1631 3062 134 26 corner
1792 3054 99 34 from
1918 3055 164 34 Bruno's
2109 3056 165 43 Garrett,
2301 3058 148 40 opened
2477 3069 21 24 a
2524 3068 84 25 new
2635 3060 96 43 shop
2759 3060 38 36 in
2822 3060 63 36 the

1543 3110 199 35 basement
1766 3111 43 34 of
1830 3111 48 34 64
1900 3112 253 42 Washington
2178 3112 158 44 Square.
2385 3114 78 36 The
2487 3116 194 36 elaborate
2706 3127 158 34 prepara-

1542 3167 101 35 tions
1670 3168 88 34 with
1786 3178 80 25 saw
1892 3169 73 34 and
1993 3169 119 35 brush
2139 3170 123 35 which
2289 3181 100 25 were
2416 3173 113 42 going
2557 3183 49 24 on
2634 3174 60 34 for
2721 3175 63 34 the
2812 3175 75 36 last

1543 3225 74 34 few
1642 3225 127 34 weeks
1793 3226 167 41 promise
1986 3236 47 24 an
2058 3228 240 41 exceptional
2322 3229 151 42 display
2498 3230 42 34 of
2564 3230 128 43 things
2717 3232 169 35 unusual
2904 3261 11 20 (1

1540 3281 37 34 in
1604 3282 68 35 her
1698 3292 84 25 new
1808 3282 177 37 location.

1590 3407 219 46 Thompson
1851 3408 47 35 H.
1938 3408 106 43 Rich,
2084 3409 138 35 known
2261 3414 37 30 to
2338 3411 64 35 the
2442 3412 156 36 readers
2638 3414 42 34 of
2719 3414 165 36 Bruno's

1539 3464 160 42 Weekly
1722 3475 42 23 as
1787 3469 88 38 poet
1896 3465 42 34 of
1958 3476 111 25 verse
2091 3466 94 35 libre
2209 3467 42 34 of
2272 3468 62 35 the
2358 3478 91 33 very
2470 3479 84 26 new
2577 3470 102 43 kind,
2703 3473 181 41 accepted

1540 3521 74 35 last
1642 3522 106 35 week
1776 3531 21 25 a
1825 3523 167 41 position
2019 3533 44 24 as
2091 3524 191 36 associate
2309 3525 121 36 editor
2458 3527 43 34 of
2527 3526 79 37 The
2633 3528 151 37 Forum.

1591 3579 96 34 Ezra
1719 3579 168 35 Pound's
1917 3585 158 36 parents
2104 3591 100 25 were
2233 3582 212 42 sightseers
2477 3584 37 34 in
2546 3584 227 37 Greenwich
2804 3586 59 36 Vil-

1539 3636 85 41 lage
1645 3636 77 35 last
1745 3636 107 35 week
1873 3637 122 34 under
2016 3637 64 36 the
2104 3638 84 34 able
2211 3639 188 42 guidance
2424 3641 42 34 of
2487 3640 137 37 Alfred
2647 3642 237 44 Kreymborg

1547 3692 283 43 (Mushroom).
1878 3693 105 44 They
2005 3694 145 36 viewed
2176 3696 50 34 all
2249 3697 64 34 the
2338 3697 136 43 purple
2500 3698 73 35 and
2598 3708 143 34 orange
2765 3700 119 44 shops

1539 3750 37 34 in
1600 3751 63 34 the
1687 3750 166 44 vicinity,
1875 3752 90 42 they
1988 3752 113 35 dined
2125 3752 39 35 in
2189 3763 69 24 our
2282 3763 117 33 queer
2423 3755 280 43 eating-places
2729 3757 73 36 and
2827 3768 57 26 we

1538 3808 100 42 hope
1664 3808 82 35 that
1772 3808 99 35 their
1897 3813 128 37 report
2051 3813 38 31 to
2120 3810 96 35 Ezra
2246 3820 132 26 across
2405 3812 63 36 the
2496 3813 113 42 pond,
2638 3814 76 35 will
2743 3818 66 32 not
2835 3814 48 37 be

1537 3869 61 30 too
1622 3865 267 36 unfavorable.

901 3870 71 43 (To
1005 3870 49 37 be
1087 3871 224 43 continued)
