3436 4368
1692 232 99 49 311

238 355 329 65 Berechtigung
589 357 286 63 absprechen.
906 361 151 48 Sicher
1078 363 52 46 ist
1153 364 124 46 mehr
1299 381 261 46 gewonnen,
1576 383 128 31 wenn

234 429 85 47 den
338 430 309 47 Bedürfnissen
671 432 86 47 und
775 434 221 64 Mängeln,
1015 437 67 47 die
1105 438 117 46 nicht
1243 439 77 46 mit
1344 439 152 47 Einem
1522 442 152 47 Athem-

233 522 110 46 zuge
366 507 312 62 wegzuwehen
701 508 111 54 sind,
842 512 245 63 Rechnung
1109 521 212 54 getragen
1339 514 123 55 wird,
1492 517 61 45 als
1576 533 127 31 wenn

234 595 103 32 man
365 588 137 39 etwas
537 597 80 30 von
648 581 98 49 dem
777 585 179 56 fordert,
998 587 79 47 der
1113 588 138 46 nichts
1293 588 107 47 oder
1439 589 111 47 doch
1588 592 118 47 nicht

234 654 77 48 das
339 655 240 62 Verlangte
608 656 88 49 hat.

343 729 238 48 Jedenfalls
608 733 54 47 ist
688 749 45 31 es
762 742 93 54 gut,
892 752 81 30 von
1011 736 187 47 banalen
1228 738 367 62 Machtsprüchen
1624 740 52 47 ab-

230 806 212 46 zulassen.
494 808 128 47 Diese
649 809 94 47 sind
772 810 284 64 ohnmächtig
1092 811 88 47 und
1219 814 249 55 verrathen,
1510 814 98 48 dass
1636 816 67 47 die

233 880 287 65 vertheidigte
546 884 142 45 Sache
724 885 234 64 eigentlich
993 886 79 46 auf
1108 888 101 45 sehr
1247 888 261 48 schwachen
1537 891 166 47 Füssen

229 955 138 56 stehe,
407 955 57 48 da
490 957 60 46 sie
579 957 78 47 der
685 959 299 47 Donnerkeile
1015 960 166 47 bedarf.
1236 962 89 46 Das
1358 964 171 47 Wahre
1560 964 142 49 bricht

230 1030 90 47 sich
348 1032 144 54 Bahn,
526 1049 44 30 es
600 1034 52 47 ist
680 1050 77 31 aus
786 1036 120 53 Gott,
935 1035 90 47 und
1054 1037 104 46 Gott
1184 1037 204 49 schreitet
1416 1040 146 63 ruhig,
1591 1041 112 47 sanft

229 1105 91 47 und
348 1106 95 56 fest,
473 1106 108 48 aber
607 1124 74 30 um
711 1125 47 31 so
785 1110 193 47 sicherer
1006 1128 89 30 vor.
1136 1112 81 46 Die
1257 1112 309 50 Leidenschaft
1605 1131 70 31 ver-

231 1178 168 65 dränge
427 1199 127 38 man;
583 1183 113 46 auch
727 1185 52 45 ist
807 1200 44 30 es
879 1185 119 47 nicht
1026 1186 211 56 rathsam,
1264 1205 51 29 zu
1344 1189 77 47 viel
1450 1205 83 32 von
1556 1191 142 47 einem

229 1255 223 48 einzelnen
480 1257 266 47 Indviduum
766 1276 52 29 zu
841 1260 161 48 hoffen.
1031 1262 83 46 Die
1137 1262 162 47 Kirche
1329 1263 108 47 wird
1466 1266 111 46 auch
1608 1266 94 47 hier

229 1331 70 46 ihr
324 1333 244 63 segnendes
598 1335 192 47 Wirken
818 1336 227 54 entfalten;
1075 1354 116 30 zwar
1219 1338 108 47 wird
1350 1340 60 47 sie
1431 1341 119 47 nicht
1569 1342 107 46 zwin-

226 1406 117 62 gend
365 1407 235 56 auftreten,
630 1408 109 47 aber
766 1411 286 63 gleichgültig
1078 1412 138 47 bleibt
1242 1415 59 45 sie
1330 1415 112 45 auch
1470 1416 128 46 nicht.
1628 1417 73 46 Sie

227 1481 117 48 kann
374 1498 44 31 es
445 1483 139 55 nicht;
626 1484 43 46 in
697 1484 99 49 dem
827 1493 437 58 entgegengesetzten
1293 1491 146 62 Lager
1466 1491 105 62 geht
1598 1509 101 30 man

226 1558 193 62 mächtig
447 1573 151 32 voran.
652 1561 94 45 Der
786 1561 212 63 Organist
1035 1564 234 63 Herzog,
1311 1581 73 29 um
1425 1582 84 29 nur
1548 1566 149 47 diesen

227 1632 144 47 Einen
409 1634 174 46 Namen
629 1652 51 28 zu
718 1652 189 39 nennen,
949 1637 107 48 baut
1091 1639 118 46 seine
1240 1639 316 49 Choralwerke
1590 1657 108 47 ganz

224 1707 124 47 recht
377 1708 89 47 und
494 1711 249 63 verständig
765 1712 78 46 auf
860 1712 67 47 die
950 1714 114 46 alten
1087 1716 239 45 Tonarten.
1355 1716 82 45 Ein
1461 1717 108 46 altes
1589 1717 108 47 Lied

225 1782 53 49 ist
300 1783 115 47 ohne
437 1783 118 48 diese
578 1785 132 47 kaum
733 1785 216 58 denkbar,
978 1805 45 30 es
1050 1789 211 47 verflacht
1287 1791 89 45 sich
1398 1791 229 62 jedenfalls
1654 1792 42 46 in

222 1858 239 48 moderner
475 1860 272 65 Auffassung
765 1863 245 48 unendlich.
1039 1864 128 47 Eben
1190 1881 64 40 so,
1278 1865 80 47 wie
1373 1867 117 45 seine
1508 1867 157 47 Choral-

222 1933 215 58 arbeiten,
464 1937 321 48 veröffentlicht
805 1938 201 49 derselbe
1028 1940 113 47 auch
1166 1942 241 62 Vorspiele,
1437 1940 67 49 die
1531 1943 90 46 sich
1647 1943 42 46 in

222 2008 85 48 den
335 2010 116 47 alten
480 2013 226 47 Tonarten
734 2014 238 64 bewegen;
1015 2032 48 30 er
1099 2015 134 49 bietet
1271 2015 138 49 damit
1435 2017 84 47 den
1547 2018 117 62 Orga-

219 2085 142 46 nisten
390 2086 316 49 unschätzbare
729 2089 170 48 Gaben.
927 2090 85 47 Ein
1034 2092 319 45 Präambulum
1381 2109 52 30 zu
1461 2093 143 46 einem
1631 2094 41 46 al-

225 2166 72 40 ten
328 2160 164 47 Choral
527 2161 117 47 kann
681 2163 90 47 sich
798 2164 44 46 in
869 2165 140 46 nichts
1036 2165 225 47 Anderem
1289 2165 233 64 bewegen,
1562 2168 61 44 als
1650 2168 42 44 in

220 2232 82 49 der
328 2235 117 47 alten
474 2238 184 54 Tonart,
687 2238 43 47 in
758 2238 82 47 der
866 2255 47 31 er
940 2246 163 56 gesetzt
1128 2240 65 47 ist.
1221 2240 105 47 Dies
1348 2241 86 46 will
1457 2258 100 30 man
1577 2258 120 30 zwar

220 2326 86 31 nur
332 2311 104 46 sehr
462 2313 172 46 schwer
661 2314 222 63 zugeben;
923 2316 110 46 aber
1059 2332 45 30 es
1133 2315 110 48 wird
1270 2316 139 47 nichts
1437 2316 160 57 helfen,
1624 2318 69 47 die

219 2386 96 47 Zeit
341 2385 160 65 drängt
527 2389 388 48 unwiderstehlich
941 2390 148 48 dahin.

332 2462 59 47 So
421 2461 128 57 eben,
578 2464 56 47 da
659 2465 70 46 ich
758 2465 149 48 diesen
936 2466 170 47 Artikel
1134 2466 234 47 schliessen
1395 2467 102 56 will,
1527 2467 166 49 erhalte

217 2535 70 48 ich
328 2537 96 46 eine
464 2539 255 57 Nachricht,
765 2540 70 47 die
874 2540 240 48 denselben
1155 2541 149 47 besser
1344 2542 62 47 als
1445 2544 217 62 Erwägun-

219 2627 86 47 gen
341 2612 200 48 beenden
572 2613 129 49 kann.
753 2616 85 47 Die
873 2616 398 64 Orgelbegleitung
1307 2635 52 29 zu
1397 2617 99 47 dem
1527 2616 141 51 Enchi-

216 2687 150 48 ridion
603 2688 73 49 Chorale
677 2690 75 48 des
753 2692 149 64 seligen
935 2694 101 46 Joh.
1075 2695 149 62 Georg
1252 2694 292 48 Mettenleiter
1584 2694 110 48 wird

217 2762 145 48 sicher
399 2763 89 47 und
518 2765 104 47 bald
655 2766 265 65 fortgesetzt.
967 2770 113 44 Dass
1120 2767 117 48 diese
1278 2768 280 65 Mittheilung
1598 2770 95 47 eine

217 2838 201 65 freudige
447 2841 68 56 ist,
544 2841 110 47 wird
677 2842 127 64 jeder
832 2860 108 47 gern
968 2843 216 64 zugeben,
1227 2843 79 47 der
1332 2845 69 47 die
1429 2845 263 62 Bedeutung

217 2913 75 47 des
320 2922 252 55 genannten
602 2917 194 47 Werkes
822 2936 52 28 zu
904 2918 230 64 würdigen
1162 2920 203 47 versteht.
1404 2920 285 47 Bekanntlich

217 2988 165 50 beruht
403 2991 473 67 dieHarmonisirung,
899 2994 70 47 die
992 2994 94 49 hier
1108 2994 266 64 angewandt
1395 2997 66 53 ist,
1490 2996 79 47 auf
1590 2996 99 47 dem

214 3066 170 63 System
414 3066 75 48 des
517 3068 151 46 reinen
697 3069 266 64 Dreiklangs
1005 3069 89 47 und
1136 3071 52 47 ist
1228 3087 108 46 ganz
1364 3071 89 47 und
1481 3088 80 46 gar
1588 3088 75 31 con-

214 3139 113 49 form
367 3141 84 47 den
479 3142 215 48 Arbeiten
730 3143 79 48 der
846 3144 394 47 mittelalterlichen
1268 3146 194 56 Meister,
1504 3147 180 56 welche,

214 3215 83 49 wie
325 3215 211 58 bekannt,
577 3218 82 48 fast
699 3218 222 50 durchaus
949 3222 126 47 ihren
1110 3222 577 63 Kirchen-Compositionen

211 3290 86 49 den
328 3292 166 49 Canius
516 3293 176 65 Gregor,
719 3312 52 29 zu
795 3295 182 47 Grunde
1006 3297 160 62 legten.
1194 3297 160 47 Leider
1382 3298 75 46 hat
1485 3297 77 47 der
1588 3315 71 30 ver-

214 3367 147 49 diente
388 3369 180 47 Meister
596 3369 67 48 die
692 3370 159 47 Arbeit
878 3389 85 30 nur
992 3372 64 47 bis
1083 3389 78 30 zur
1189 3372 160 47 dritten
1378 3374 173 46 Section
1581 3374 85 46 fort-

214 3450 185 55 gesetzt;
441 3461 44 30 es
527 3444 202 65 erübrigt
767 3447 113 47 noch
917 3447 76 47 das
1033 3444 249 67 Proprium
1321 3447 88 47 und
1456 3447 233 48 Commune

221 3515 287 64 iSanctorum,
530 3537 90 30 was
649 3522 183 47 weitaus
859 3522 70 47 die
950 3523 149 46 Hälfte
1120 3522 75 47 des
1218 3524 177 46 Ganzen
1416 3524 90 46 sein
1529 3523 158 48 dürfte.

211 3594 85 47 Die
319 3595 376 65 Unterbrechung
723 3596 75 49 des
822 3598 193 48 Werkes
1039 3602 118 43 wäre
1177 3616 74 29 um
1280 3614 49 32 so
1355 3599 333 47 schmerzlicher

211 3685 222 49 gewesen,
462 3671 58 47 da
548 3688 44 32 es
622 3673 159 47 bereits
809 3674 42 47 in
880 3674 102 47 sehr
1009 3674 135 47 vielen
1167 3675 143 47 Orten
1339 3675 255 64 eingeführt
1619 3675 68 56 ist,

211 3746 84 46 wie
321 3763 33 29 z.
384 3746 47 46 B.
462 3746 42 47 in
532 3749 184 56 Passau,
756 3746 313 68 Regensburg,
1109 3750 42 46 in
1183 3749 232 48 mehreren
1444 3750 141 47 Orten
1616 3767 71 30 am

208 3821 188 57 Rheine,
434 3821 44 47 in
508 3824 343 65 Würtemberg,
893 3825 77 47 der
998 3826 196 47 Schweiz
1235 3843 40 30 u.
1304 3842 31 30 s.
1365 3843 54 30 w.
1472 3825 215 48 Dasselbe

207 3905 99 56 sagt
334 3914 102 30 man
465 3897 84 47 mir
575 3914 83 32 von
687 3899 101 48 dem
815 3900 239 48 kostbaren
1076 3901 347 49 Sammelwerke
1444 3901 75 47 des
1543 3901 114 49 Cano-

207 3972 123 47 nicus
358 3975 79 46 Dr.
466 3974 183 54 Proske,
677 3972 184 52 Musica
888 3975 171 61 divina,
1106 3994 85 32 von
1231 3977 212 47 welchem
1485 3976 79 47 der
1590 3993 72 30 ver-

207 4049 161 64 ewigte
395 4050 296 48 Mettenleiter
730 4050 70 48 die
831 4051 240 48 Correctur
1108 4051 88 48 und
1232 4052 451 63 Stimmen-Ausgabe

1779 371 217 64 besorgte.
2036 375 89 46 Das
2148 376 265 50 Erscheinen
2437 381 73 47 des
2531 382 156 50 dritten
2707 387 171 48 Bandes
2901 388 329 66 (Vesper-Band

1779 455 76 38 mit
1881 449 199 45 Psalmen
2112 451 87 45 und
2228 453 267 65 Magnificat)
2534 458 51 45 ist
2613 459 184 65 baldigst
2822 481 52 29 zu
2902 474 232 48 erwarten,
3176 469 54 48 da

1778 538 83 31 nur
1888 524 110 45 noch
2029 525 192 47 einzelne
2249 528 211 47 Stimmen
2500 548 50 29 zu
2585 535 220 48 vollenden
2839 540 106 46 sind.
2998 542 124 47 Auch
3153 543 77 47 der

1778 597 131 46 vierte
1939 599 122 45 Band
2091 600 105 46 wird
2227 602 41 45 in
2296 604 217 47 schnellen
2542 607 178 63 Angriff
2741 627 257 46 genommen
3035 618 87 45 und
3152 619 51 46 da-

1778 679 76 38 mit
1881 672 76 47 der
1986 682 111 38 erste
2123 676 230 64 Jahrgang
2386 679 135 47 dieses
2555 682 390 52 verdienstvollsten
2978 692 220 48 Unterneh-

1776 762 121 30 mens
1926 749 71 45 auf
2026 748 96 47 dem
2155 750 179 48 Gebiete
2364 752 76 47 der
2467 755 333 51 Kirchenmusik
2839 761 42 46 in
2908 773 199 39 neuester
3133 769 94 45 Zeit

1776 822 286 60 geschlossen.
2110 826 162 61 Mögen
2299 827 98 47 dem
2426 837 141 39 ersten
2593 832 253 66 Jahrgange
2874 839 109 45 noch
3013 841 103 46 viele
3145 859 50 29 an-

1775 895 103 48 dere
1906 897 164 64 folgen!
2100 901 89 44 Das
2211 901 249 49 Bedürfniss
2487 907 110 44 nach
2620 908 168 46 solcher
2809 911 139 46 Musik
2974 914 107 46 wird
3103 917 124 46 mehr

1774 971 89 45 und
1903 973 125 45 mehr
2066 977 246 54 entstehen;
2364 978 89 46 und
2493 980 78 45 der
2610 982 194 61 gelehrte
2852 986 240 49 Canonicus
3141 992 79 47 Dr.

1773 1046 164 47 Proske
1978 1048 74 46 hat
2085 1049 47 62 ja
2167 1050 126 46 einen
2336 1052 79 46 fast
2449 1056 405 63 unerschöpflichen
2882 1063 259 48 Reichthum
3171 1082 55 30 an

1774 1120 201 48 Werken
2016 1122 78 47 der
2135 1126 392 49 mittelalterlichen
2555 1131 176 46 Meister
2769 1132 63 47 bis
2871 1135 134 48 herab
3047 1140 77 45 auf
3158 1140 67 47 die

1771 1195 92 47 Zeit
1891 1213 180 31 unserer
2098 1215 180 44 grossen
2307 1200 237 49 deutschen
2574 1205 228 48 Classiker.

2866 1284 77 46 Dr.
2972 1286 54 47 D.
3054 1287 57 46 M.

1923 1516 227 51 Tages-
2184 1521 129 40 und
2346 1521 707 57 Unterhaltungs-Blatt.

1842 1615 55 33 Im
1922 1615 156 35 berliner
2095 1617 215 36 Hoftheater
2337 1619 129 36 kamen
2492 1633 82 23 vom
2604 1622 54 37 18.
2687 1626 145 44 August
2859 1625 94 39 1858
2980 1629 56 34 bis
3058 1628 59 37 30.
3133 1631 92 35 Juni

1769 1672 94 37 1859
1895 1673 67 37 100
1991 1678 117 31 ernste
2137 1675 131 45 Opern,
2312 1676 47 36 40
2386 1679 186 36 komische
2600 1681 119 45 Opern
2751 1685 74 33 und
2854 1684 45 36 12
2926 1686 203 47 Singspiele
3157 1702 65 22 zur

1767 1731 246 47 Aufführung.
2053 1735 183 34 Darunter
2262 1747 77 23 war
2364 1737 133 35 Mozart
2523 1741 64 32 mit
2614 1739 60 45 20,
2701 1742 211 45 Meyerbeer
2937 1747 65 31 mit
3031 1746 55 41 18,
3115 1749 81 45 Wag-

1765 1801 64 24 ner
1856 1792 64 32 mit
1949 1791 43 36 15
2021 1793 73 33 und
2119 1794 125 35 Auber
2276 1798 65 31 mit
2370 1798 45 34 14
2441 1798 279 47 Vorstellungen
2759 1806 189 33 vertreten.
2995 1806 79 33 Neu
3100 1818 121 24 waren

1766 1851 90 33 zwei
1882 1861 127 33 grosse
2037 1851 130 45 Opern,
2194 1854 79 34 eine
2299 1854 187 36 komische
2515 1857 95 45 Oper
2637 1859 74 34 und
2738 1862 56 32 ein
2823 1861 192 47 Singspiel.

1837 1961 94 33 Dem
1957 1961 49 33 im
2032 1961 104 45 April
2165 1960 94 39 1858
2286 1965 253 35 verstorbenen
2564 1967 187 36 Professor
2778 1970 128 34 Dehn
2946 1973 48 32 ist
3028 1974 93 43 jetzt
3155 1978 67 33 auf

1765 2017 80 34 dem
1873 2018 372 46 Sophien-Kirchhofe
2271 2022 37 33 in
2334 2022 122 35 Berlin
2484 2025 56 34 ein
2566 2027 181 44 würdiges
2774 2028 269 37 Grabdenkmal
3082 2039 140 38 gesetzt

1765 2076 154 42 worden,
1961 2087 104 24 wozu
2094 2077 61 34 der
2183 2078 197 36 Bildhauer
2406 2081 130 35 Heidel
2576 2083 56 35 die
2660 2085 255 46 Zeichnungen
2955 2092 167 41 gemacht
3148 2093 74 33 und

1765 2145 84 22 zum
1875 2134 106 34 Theil
2009 2137 216 44 ausgeführt
2250 2137 75 37 hat.
2376 2140 73 33 Der
2477 2140 130 35 Sockel
2632 2142 143 35 besteht
2802 2156 65 23 aus
2895 2145 138 45 Granit,
3068 2149 89 35 eben
3184 2163 39 23 so

1766 2192 62 34 der
1856 2193 85 33 fünf
1962 2194 96 33 Fuss
2094 2194 93 34 hohe
2224 2196 204 45 Grabstein,
2472 2210 46 22 an
2556 2199 175 35 welchem
2771 2203 77 33 eine
2887 2203 176 36 bronzene
3089 2207 111 36 Bekrö-

1764 2261 101 34 nung
1890 2252 58 41 ist,
1976 2255 181 31 worunter
2185 2253 78 34 sich
2289 2255 37 33 in
2352 2255 138 35 Bronze
2518 2257 64 35 das
2605 2258 291 46 wohlgetroffene
2914 2263 155 34 Portrait
3087 2267 135 35 Dehn's

1762 2310 38 34 in
1826 2309 290 36 Medaillenform
2143 2312 167 36 befindet.
2339 2314 68 34 Die
2433 2316 175 34 Inschrift
2633 2323 105 29 unter
2764 2318 205 36 demselben
2995 2323 47 33 ist
3068 2325 36 33 in
3121 2325 99 35 Stein

1762 2368 166 45 gehauen
1955 2370 75 33 und
2055 2371 79 44 gibt
2162 2371 63 34 das
2254 2373 176 34 Geburts-
2456 2374 75 34 und
2559 2375 63 34 das
2651 2377 206 44 Sterbejahr
2884 2390 56 24 an.

1837 2480 122 33 Hans
1996 2490 88 23 von
2119 2481 161 35 Bülow
2306 2483 202 35 bearbeitet
2534 2485 68 35 den
2630 2486 311 48 Clavier-Auszug
2968 2502 69 23 von
3064 2492 156 36 Richard

1764 2539 190 44 Wagner's
1982 2539 170 41 „Tristan
2179 2542 74 33 und
2470 2547 75 32 und
2587 2546 61 33 hat
2687 2558 40 22 so
2762 2547 88 34 eben
2878 2549 67 33 den
2972 2552 150 34 zweiten
3147 2553 72 34 Act

1763 2596 164 35 beendet.
1964 2597 127 34 Bülow
2119 2599 140 44 spricht
2285 2600 78 34 sich
2390 2601 88 34 über
2508 2603 63 33 das
2599 2604 109 33 Werk
2736 2605 115 34 selbst
2875 2607 37 32 in
2940 2608 182 44 folgender
3148 2622 48 23 em-

1761 2655 210 45 phatischer
1997 2656 122 34 Weise
2148 2667 85 24 aus:
2263 2659 94 42 „Mit
2383 2659 80 34 dem
2489 2660 217 35 Erscheinen
2732 2674 70 23 von
2830 2664 144 35 Tristan
3001 2667 73 33 und
3100 2669 120 36 Isolde

1761 2714 79 33 tritt
1867 2714 55 33 die
1950 2714 224 34 äusserliche
2194 2715 181 36 Situation
2404 2717 61 34 der
2490 2719 286 34 neu-deutschen
2798 2721 131 35 Schule
2956 2725 35 32 in
3019 2727 79 33 eine
3125 2738 92 33 ganz

1760 2784 93 23 neue
1879 2773 130 34 Phase.
2063 2774 57 33 Da
2162 2773 57 34 die
2245 2774 227 46 Nibelungen
2510 2788 66 23 vor
2601 2777 61 34 der
2687 2778 105 34 Hand
2818 2780 35 32 in
2882 2781 188 45 Wagner's
3105 2785 111 35 Pulte

1759 2832 115 34 ruhen
1901 2832 157 45 bleiben,
2087 2843 40 23 so
2153 2833 80 33 tritt
2260 2833 96 34 diese
2385 2834 235 46 einabendige
2646 2837 95 43 Oper
2767 2849 43 22 an
2838 2839 55 34 die
2909 2840 119 37 Stelle.
3056 2843 88 35 Hier
3170 2847 47 32 ist

1762 2890 56 34 die
1845 2890 319 46 Verwirklichung
2190 2902 71 23 von
2287 2892 192 43 Wagner's
2507 2894 212 34 Tendenzen
2745 2897 74 32 und
2846 2909 95 23 zwar
2966 2900 35 33 in
3030 2912 91 33 ganz
3150 2914 44 23 un-

1758 2949 174 45 geahnter
1958 2950 133 34 Weise.
2136 2949 132 34 Solche
2294 2951 126 33 Musik
2461 2951 63 34 hat
2550 2953 174 35 Niemand
2759 2967 69 22 von
3040 2965 174 33 erwartet.

1759 3008 76 33 Das
1862 3007 133 45 knüpft
2024 3007 113 34 direct
2164 3019 45 21 an
2237 3008 68 33 den
2331 3008 132 34 letzten
2489 3010 205 35 Beethoven
2721 3012 36 46 (!)
2787 3024 43 22 an
2910 3015 104 34 keine
3040 3017 176 46 Analogie

1759 3067 100 34 mehr
1886 3078 46 21 zu
1959 3066 132 35 Weber
2119 3066 84 35 oder
2230 3066 132 35 Gluck.
2414 3069 91 33 Zum
2532 3069 204 46 Lohengrin
2772 3073 142 33 verhält
2950 3075 77 33 sieh
3055 3076 156 37 Tristan,

1758 3126 68 33 wie
1852 3125 140 35 Fidelio
2021 3137 64 22 zur
2112 3125 231 46 Entführung
2369 3138 65 22 aus
2463 3128 78 33 dem
2568 3128 124 45 Serail,
2727 3132 65 32 wie
2820 3132 62 33 das
2913 3134 280 43 Cis-moll-Quar-

1758 3187 68 30 tett
1854 3195 82 22 zum
1964 3188 117 31 ersten
2108 3185 38 32 in
2335 3184 67 45 Op.
2432 3183 57 38 18.
2540 3185 62 34 Ich
2629 3189 161 43 gestehe,
2827 3202 65 21 aus
2919 3192 95 33 einer
3040 3193 154 35 Ueberra-

1757 3243 144 45 schung
1939 3243 61 34 des
2027 3243 231 33 Entzückens
2298 3243 37 32 in
2375 3243 56 33 die
2471 3244 129 34 andere
2633 3247 172 43 gerathen
2832 3260 44 21 zu
2903 3251 87 32 sein.
3043 3252 169 35 Welcher

1757 3302 165 35 Musiker
1958 3302 77 34 hier
2073 3302 93 33 noch
2200 3302 101 33 nicht
2338 3313 44 22 an
2410 3302 65 33 den
2503 3304 217 35 Fortschritt
2746 3306 157 44 glauben
2931 3309 82 41 will,
3060 3309 59 35 der
3147 3311 64 33 hat

1755 3363 106 33 keine
1889 3362 131 36 Ohren.
2048 3362 80 32 Auf
2146 3361 102 44 jeder
2275 3362 94 33 Seite
2396 3361 144 45 schlägt
2566 3363 156 44 Wagner
2753 3364 110 34 durch
2891 3367 75 32 sein
2995 3368 213 44 gewaltiges

1757 3420 370 34 rein-musicalisches
2156 3421 155 34 Wissen.
2348 3421 78 33 Von
2456 3422 115 34 dieser
2596 3422 288 42 Architektonik,
2913 3424 114 34 dieser
3053 3428 134 33 musica-

1754 3480 140 35 lischen
1920 3479 270 34 Detail-Arbeit
2229 3480 144 33 können
2401 3480 59 33 Sie
2486 3480 85 34 Sich
2604 3481 129 34 keinen
2762 3493 44 21 zu
2834 3482 115 33 hohen
2978 3484 138 45 Begriff
3139 3496 50 23 ma-

1756 3539 100 35 chen.
1882 3538 57 33 An
1967 3537 200 46 Erfindung
2193 3539 49 33 ist
2270 3539 145 32 Tristan
2444 3539 186 45 Wagner's
2665 3542 218 42 potentestes
2914 3542 120 34 Werk.
3084 3543 127 34 Nichts

1755 3596 48 35 ist
1829 3608 39 23 so
1896 3596 166 43 erhaben,
2103 3596 54 33 als
2193 3609 28 20 z.
2251 3596 38 35 B.
2332 3596 117 35 dieser
2484 3599 124 32 zweite
2635 3598 82 37 Act.
2768 3599 101 33 Nach
2897 3601 145 34 Tristan
3067 3603 80 43 gibt
3173 3614 36 22 es

1756 3667 69 22 nur
1849 3656 93 33 noch
1983 3656 88 33 zwei
2098 3655 188 34 Parteien:
2330 3655 55 34 die
2421 3656 126 42 Leute,
2588 3656 55 34 die
2683 3663 111 27 etwas
2834 3658 149 46 gelernt,
3028 3661 74 33 und
3142 3661 68 45 die,

1756 3715 136 33 welche
1918 3715 120 33 nichts
2066 3715 139 44 gelernt
2232 3714 130 34 haben.
2388 3715 89 33 Wen
2505 3715 96 33 diese
2625 3715 95 45 Oper
2745 3716 102 34 nicht
2874 3718 160 45 bekehrt,
3065 3719 59 34 der
3149 3719 62 34 hat

1755 3773 106 34 keine
1889 3772 124 34 Musik
2039 3773 49 32 im
2115 3772 122 34 Leibe.
2292 3772 45 35 So
2364 3773 129 43 reiche,
2535 3774 102 33 klare
2674 3775 76 33 und
2787 3776 174 43 originale
2987 3777 221 44 Polyphonie

1756 3832 78 45 gibt
1861 3843 36 22 es
1925 3833 35 33 in
1988 3831 102 35 nicht
2116 3832 95 34 allzu
2239 3833 116 33 vielen
2383 3833 167 33 früheren
2580 3833 217 38 Partituren»
2823 3836 157 44 Populär
3006 3836 94 32 kann
3127 3836 59 32 Tri-

1758 3896 82 30 stan
1867 3891 74 34 und
1966 3891 120 34 Isolde
2113 3891 112 33 kaum
2252 3891 150 43 werden,
2447 3891 84 34 aber
2552 3892 103 44 jeder
2692 3895 136 44 einiger
2854 3895 166 32 Maassen
3044 3893 162 44 poetisch

1757 3951 153 46 begabte
1937 3951 88 33 Laie
2051 3952 89 34 wird
2167 3951 159 46 gepackt
2352 3953 143 34 werden
2522 3956 145 32 müssen
2695 3967 70 22 von
2794 3955 60 33 der
2872 3951 235 37 Erhabenheit
3133 3950 73 34 und

1757 4011 142 35 Gewalt
1926 4010 61 34 des
2014 4011 143 45 Genies,
2187 4011 57 34 die
2271 4012 77 33 sich
2376 4013 36 32 in
2440 4012 134 35 diesem
2595 4014 132 33 Werke
2755 4014 200 33 offenbaren
2994 4011 211 45 Abgesehen

1757 4083 68 24 von
1854 4071 106 33 allem
1987 4071 193 45 Uebrigen,
2225 4072 58 33 ich
2310 4072 224 34 versichere:
2575 4073 55 33 die
2670 4073 94 44 Oper
2801 4073 46 33 ist
2885 4072 60 33 der
2971 4070 236 46 Gipfelpunkt
