2458 4381
2053 352 93 49 401

745 365 321 51 BRUNO'S
1215 358 325 56 WEEKLY

145 478 173 62 proud
355 484 54 43 to
447 475 154 51 think
639 474 89 51 the
766 471 195 51 Prison
1002 466 449 55 Commissioners
1490 465 137 51 have
1665 463 197 52 chosen
1902 460 246 56 Reading

146 544 136 52 Gaol
327 559 56 34 as
428 541 89 51 the
562 557 101 34 one
709 546 141 44 most
896 535 225 53 suitable
1169 532 90 52 for
1303 531 106 52 this
1455 548 121 33 man
1623 538 55 43 to
1726 544 151 35 serve
1924 525 89 52 the
2063 538 55 35 re-

146 609 242 50 mainder
425 607 59 51 of
524 606 81 51 his
644 612 247 45 sentence
927 601 86 51 in.'

418 689 269 44 governor
743 685 164 35 never
966 666 113 51 told
1134 682 64 33 us
1254 663 94 52 the!
1400 676 170 44 name,
1626 661 95 49 but
1777 657 225 61 directly
2059 662 90 43 tne

145 739 245 63 prisoner
428 737 229 60 arrived,
696 753 80 35 we
817 752 109 34 saw
961 733 116 51 that
1115 731 54 52 'C
1169 731 82 52 33'
1292 728 174 52 which
1502 743 109 38 was
1649 725 81 53 his
1769 724 183 64 prison
1990 722 157 49 letter

146 805 105 51 and
289 804 237 59 number,
567 802 324 50 afterwards
930 799 156 50 made
1127 797 213 49 famous
1377 795 69 57 by
1481 793 126 59 him,
1645 793 122 49 thus
1808 788 213 62 signing
2058 786 90 51 the

146 870 205 51 'Ballad
386 869 61 51 of
484 868 245 61 Reading
766 865 165 55 Gaol,'
967 880 110 35 was
1110 879 140 33 none
1287 860 155 52 other
1479 859 127 51 than
1642 856 171 52 Oscar
1848 855 182 52 Wilde
2031 894 13 35 ;

393 934 253 62 probable
676 941 160 44 cause;
865 930 61 53 of
961 929 82 52 his
1077 925 242 54 transfer
1355 926 144 48 from
1529 921 389 53 Wandsworth
1954 919 194 50 Prison

148 1019 108 35 was
303 1001 81 51 his
432 1000 243 61 inability
717 1007 56 44 to
817 996 211 61 comply
1072 995 131 51 with
1248 993 90 50 the
1385 988 301 63 regulation
1733 988 144 51 tasks
1926 985 221 52 allotted

149 1076 53 43 to
237 1067 82 51 his
356 1066 136 51 class
529 1065 61 50 of
625 1065 262 61 prisoner.
955 1061 87 52 On
1079 1077 100 35 one
1216 1076 62 34 or
1314 1067 106 42 two
1458 1054 275 54 occasions
1773 1054 65 50 he
1874 1053 105 51 had
2016 1053 132 50 been

145 1132 236 62 brought
425 1150 68 43 up
536 1131 192 50 before
773 1131 88 49 the
903 1142 271 48 governor
1220 1124 149 50 there
1418 1123 87 51 for
1552 1119 230 51 idleness
1830 1128 53 42 at
1928 1119 185 50 oakum-

145 1198 217 63 picking
402 1214 62 35 or
503 1195 221 61 talking.

303 1264 297 51 refmember
632 1279 88 43 my
748 1261 120 50 first
898 1259 143 61 sight
1071 1259 60 51 of
1164 1256 90 51 the
1286 1254 166 51 fallen
1485 1254 222 59 literary
1738 1251 109 50 idol
1876 1250 60 53 of
1969 1250 178 52 whom

148 1331 70 51 all
252 1330 89 51 the
374 1329 172 51 world
578 1344 111 34 was
724 1327 125 51 then
884 1324 207 62 talking
1124 1324 54 49 in
1212 1331 164 42 terms
1413 1320 59 52 of
1510 1317 225 63 infamy.

337 1395 94 51 tall
474 1393 172 61 figure
687 1392 131 52 with
861 1409 31 34 a
934 1391 147 60 large
1126 1388 135 50 head
1307 1388 104 50 and
1458 1386 96 56 fat,
1599 1382 297 64 pendulous
1941 1381 207 58 cheeks,

148 1462 131 52 with
327 1460 118 50 hair
494 1461 119 49 that
660 1458 181 51 curled
889 1453 331 61 artistically,
1269 1454 104 50 and
1423 1470 29 31 a
1499 1451 246 61 hopeless
1794 1447 125 52 look
1966 1448 54 50 in
2068 1446 82 50 his

148 1527 307 62 eyes—that
488 1541 109 35 was
635 1524 172 52 Oscar
842 1522 182 53 Wilde
1060 1538 58 35 as
1156 1522 24 48 I
1215 1520 119 51 first
1368 1526 108 43 met
1510 1517 127 50 him.

403 1608 131 34 even
578 1590 90 51 the
709 1590 226 51 hideous
978 1585 183 65 prison
1206 1587 147 60 garb,
1400 1602 61 33 or
1507 1584 58 51 'C
1608 1581 90 60 33,'
1742 1581 90 51 the
1871 1578 178 62 badge?
2091 1578 59 49 of

148 1656 279 64 ignominy
469 1656 67 51 he
580 1658 130 49 bore
755 1654 157 53 could
958 1651 298 61 altogether
1303 1649 124 51 hide
1472 1649 89 51 the
1609 1647 79 51 air
1735 1649 60 49 of
1842 1642 310 54 distinction

149 1725 105 51 and
304 1730 369 53 ever-present
718 1719 326 52 intellectual
1094 1717 151 51 force
1291 1716 115 51 that
1453 1715 158 51 lifted
1660 1712 111 52 him
1818 1712 198 60 always
2065 1711 89 51 far

149 1792 168 50 above
361 1790 104 51 'the
506 1788 132 51 hefrd
681 1787 62 52 of
783 1786 214 60 brutes,'
1042 1802 56 36 as
1142 1785 66 49 he
1253 1801 57 33 so
1354 1782 216 61 bitterly
1613 1778 323 54 afterwards
1982 1776 171 62 styled

148 1857 81 50 his
279 1856 184 51 fellow
508 1853 239 52 convicts
792 1852 105 52 and
941 1849 238 52 himself.

455 1921 91 53 the
595 1919 117 52 first
760 1919 40 51 it
847 1935 110 34 was
1007 1924 257 54 apparent
1312 1924 54 41 to
1415 1932 61 33 us
1526 1913 115 52 that
1689 1912 67 50 he
1805 1928 109 34 was
1965 1908 189 62 totally

148 1987 227 53 unfitted
411 1985 90 52 for
533 1984 217 53 manual
779 1983 165 62 work,
980 2001 62 34 or
1076 1980 285 62 hardships
1395 1979 61 53 of
1490 1995 104 46 any
1623 1976 146 63 kind,
1804 1978 105 52 and
1941 1976 70 51 he
2043 1989 110 38 was

148 2054 207 51 treated
393 2050 359 64 accordingly.

389 2135 110 36 was
553 2135 70 33 no
677 2117 144 61 good
878 2116 89 51 for
1024 2112 516 64 anything—except
1592 2108 228 61 writing,
1877 2110 106 51 and
2039 2107 115 51 that

149 2204 58 34 as
239 2202 31 35 a
301 2183 131 63 rule,
461 2185 97 50 has
591 2182 154 52 small
775 2183 147 61 place
954 2180 174 52 inside
1159 2197 30 33 a
1220 2178 199 64 prison.
1479 2178 108 51 But
1616 2195 71 34 on
1720 2183 226 45 account
1977 2173 62 54 of
2070 2173 83 51 his

152 2252 209 51 former
392 2257 276 53 greatness
705 2266 31 33 a
771 2247 154 53 small
959 2244 313 54 concession
1306 2261 110 34 was
1451 2243 160 51 made!
1641 2242 126 62 him,
1803 2241 106 53 and
1942 2241 69 50 he
2045 2255 109 36 was

149 2317 227 52 allowed
409 2323 57 43 to
498 2316 127 50 read
660 2314 104 51 and
797 2312 155 53 write
983 2328 59 36 as
1075 2310 160 52 much
1265 2327 59 34 as
1357 2309 67 52 he
1458 2308 158 52 liked.

417 2380 105 54 this
564 2382 143 50 boon
747 2388 95 43 not
882 2380 133 50 been
1058 2379 229 60 granted
1329 2375 110 51 him
1480 2376 66 51 he
1589 2374 196 60 would,
1830 2374 26 51 I
1899 2389 88 36 am
2029 2388 96 37 con-

149 2449 182 58 fident,
364 2446 135 51 have
533 2445 158 62 pined
726 2463 152 43 away
908 2444 103 51 and
1049 2443 138 50 died.
1251 2441 89 51 He
1373 2459 109 34 was
1519 2459 60 36 so
1612 2439 182 52 unlike
1827 2437 155 54 other
2017 2446 137 42 mtfn.

150 2516 121 60 Just
306 2530 31 33 a
370 2511 197 52 bundle
604 2511 61 52 of
701 2511 181 51 brains
886 2509 171 50 —and
1094 2507 115 52 that
1242 2509 45 50 is
1325 2506 84 52 all.

470 2580 69 49 he
582 2578 213 51 arrived
841 2576 83 52 his
967 2575 117 50 hair
1128 2591 111 36 was
1284 2573 127 63 long
1455 2575 104 49 and
1603 2572 163 62 curly,
1814 2573 104 50 and
1963 2571 40 51 it
2048 2586 109 36 was

154 2644 229 54 ordered
425 2652 54 42 to
519 2644 64 50 be
624 2651 89 43 cut
750 2651 56 43 at
844 2657 147 37 once.

337 2710 94 51 fell
464 2718 56 43 to
554 2727 89 43 my
677 2709 76 51 lot
787 2726 57 33 as
880 2707 211 52 warder
1126 2705 54 52 in
1215 2707 195 59 charge
1446 2713 56 43 to
1537 2722 156 44 carry
1726 2712 96 44 out
1856 2703 105 52 this
1997 2703 161 52 order

152 2778 105 51 and
291 2785 88 44 cut
414 2777 83 50 his
533 2777 132 57 hair,
700 2777 104 49 and
840 2790 162 35 never
1039 2773 137 52 shall
1213 2774 24 48 I
1275 2771 182 63 forget
1491 2771 55 51 it.

364 2841 171 52 Oscar
563 2840 182 52 Wilde
775 2840 41 51 it
849 2839 209 52 seemed
1088 2857 57 33 as
1174 2837 207 59 though
1410 2837 89 51 the
1528 2835 233 62 clipping
1791 2835 62 52 of
1881 2835 84 51 his
1996 2835 163 58 locks,

154 2909 104 50 and
303 2910 122 48 thus
469 2906 213 62 placing
724 2906 111 50 him
879 2923 70 34 on
994 2905 88 51 the
1128 2920 144 34 same
1316 2902 136 51 level
1498 2920 56 33 as
1601 2901 88 51 the
1734 2901 199 61 closely
1979 2901 179 57 shorn,

153 2973 401 54 bullet-headed
590 2972 273 62 prisoners
901 2971 174 52 round
1112 2970 111 50 him
1259 2987 109 35 was
1404 2970 89 50 the
1532 2970 103 49 last
1672 2970 134 61 drop
1843 2967 55 51 in
1935 2967 90 51 the
2062 2982 99 47 cup

154 3042 62 49 of
256 3058 207 33 sorrow
499 3039 106 51 and
644 3037 355 62 degradation
1035 3036 176 52 which
1248 3036 64 50 he
1349 3036 106 50 had
1494 3043 55 43 to
1589 3034 155 51 drain
1781 3043 55 43 to
1875 3034 91 51 thd
1999 3033 160 52 bitter

154 3107 175 59 dregs.

219 3171 216 51 "'Must
470 3171 41 50 it
543 3171 63 50 be
643 3170 220 59 cut,''he
900 3168 144 52 cried
1079 3166 266 64 piteously
1380 3175 54 43 to
1472 3184 99 33 me.
1642 3166 138 52 'You
1818 3165 148 52 don't
1999 3165 163 52 know

154 3239 142 51 what
334 3238 40 49 it
411 3253 182 33 means
630 3244 55 43 to
722 3236 114 59 me,'
875 3235 105 51 and
1019 3235 89 50 the
1146 3241 141 44 tears
1326 3232 172 51 rolled
1538 3234 158 49 down
1733 3231 82 54 his
1853 3231 209 52 cheeks.

336 3320 124 43 may
494 3319 141 34 seem
672 3300 297 53 somewhat
1004 3297 273 54 ludicrors
1315 3307 54 44 to
1408 3315 147 36 some
1592 3297 120 52 who
1750 3298 72 53 do
1856 3305 96 46 not
1984 3296 177 60 know,

157 3387 57 35 as
265 3370 24 49 I
339 3370 84 54 do,
474 3368 145 51 what
667 3385 32 34 a
747 3366 273 62 curiously
1071 3366 325 51 constituted
1444 3365 279 50 character
1772 3382 109 36 was
1935 3365 114 49 that
2098 3363 63 52 of

158 3436 171 52 Oscar
365 3434 197 54 Wilde?,
601 3434 94 50 but
734 3434 25 49 I
795 3433 162 50 know
997 3432 40 49 it
1075 3441 89 43 cut
1202 3448 84 33 me
1322 3438 55 45 to
1416 3431 92 53 the
1545 3431 155 50 heart
1738 3437 53 44 to
1832 3429 136 52 have
2006 3437 56 44 to
2096 3429 65 51 be

155 3500 89 52 the
289 3517 195 46 person
529 3507 56 44 to
630 3514 158 36 cause
831 3498 110 51 him
986 3497 84 52 his
1114 3494 278 64 crowning
1435 3495 199 54 shame.
1719 3495 263 54 Warders
2027 3497 135 50 have

159 3566 245 63 feelings,
459 3565 259 62 although
770 3564 138 52 their
959 3565 132 60 duty
1141 3563 108 52 will
1301 3572 96 41 not
1448 3563 200 61 always
1700 3563 156 52 allow
1909 3564 142 51 them
2106 3570 55 45 to

157 3632 151 55 show
350 3631 56 52 it.

157 3716 110 60 (To
313 3716 63 50 be
427 3713 357 60 Continued).
