2133 2814
184 335 51 24 und
247 336 96 30 Pfeifen
360 342 104 34 klangen
482 344 92 25 darein.
600 344 38 24 Da
650 351 25 17 es
687 351 54 16 nun
752 349 61 25 ganz
824 339 86 26 Nacht

184 375 73 30 ward,
279 379 92 34 gingen
393 382 34 25 sie
451 382 88 26 abseits
563 382 45 25 mit
631 381 50 26 den
704 381 97 25 Dirnen
821 380 25 23 in
869 377 39 25 die

183 412 68 27 Zelte
269 418 63 25 oder
348 420 72 33 lagen
432 421 124 30 draufsen,
574 420 70 25 denn
656 429 25 16 es
694 428 50 16 war
756 418 73 25 milde
842 416 66 25 Luft.

231 452 57 27 Nur
310 457 45 25 der
378 459 140 26 Fähndrich
541 459 122 26 Heinrich
684 456 138 34 Burghardt
843 454 65 25 blieb

184 486 70 30 allein
277 495 86 27 sitzen.
403 499 52 24 Der
478 507 51 16 war
549 498 67 25 ohne
634 497 79 25 Weib
735 496 54 25 und
808 493 101 26 mochte

183 524 38 27 die
244 531 127 30 Mädchen
393 537 80 30 nicht,
500 536 40 25 die
564 536 44 25 der
632 533 179 28 Hurenweibel
834 539 75 18 unter

183 570 33 19 SIC
216 566 17 25 h
249 571 49 25 sah.
326 574 34 25 Er
377 575 76 26 strich
469 575 52 26 sich
538 575 51 25 den
600 574 126 30 Schenkel,
738 582 41 16 wo
790 573 51 24 ihm
854 570 54 25 eine

183 610 11 15 a
196 602 32 27 he
244 608 87 29 Narbe
349 613 117 31 brannte,
488 614 40 25 die
545 614 52 25 ihm
614 614 41 25 ein
672 612 137 26 Schweizer
827 609 68 32 beige-

183 640 93 38 bracht,
296 651 53 25 und
372 652 89 26 dachte
479 662 30 16 an
527 652 41 26 die
586 651 155 26 Türkenzeit
758 658 47 17 vor
822 647 85 29 Wien,

182 679 28 26 da
223 692 26 17 er
266 688 46 25 mit
323 691 95 25 andern
430 691 139 26 deutschen
581 691 132 25 Knechten
724 689 45 25 der
780 687 114 26 Christen-

182 717 49 29 heit
252 725 41 26 das
311 728 99 27 Zittern
431 739 160 24 genommen.
626 730 75 24 Dann
720 727 76 26 strich
812 733 28 17 er
856 723 52 26 sich

183 756 47 28 den
248 762 89 36 langen
354 769 147 34 struppigen
512 770 57 24 Bart
586 768 53 26 und
657 767 106 26 streckte
775 765 51 25 sich
838 762 70 26 allein

183 803 36 19 am
235 800 79 29 Feuer
331 814 57 18 zum
407 807 87 26 Schlaf.

230 916 46 27 Die
294 922 142 27 Kartaunen
457 924 85 26 hüben
563 933 31 16 an
615 933 32 16 zu
665 923 117 25 donnern
798 917 52 27 und
868 917 39 24 die

182 948 66 38 lange
259 957 117 37 Schlange
387 963 110 25 schwarz
506 963 51 25 und
567 970 42 17 rot
618 961 97 30 bemalt,
724 957 168 32 der„Schnurr-

335 1001 109 25 schickte
463 1001 66 25 seine
546 1001 96 32 Kugeln
661 1007 79 26 gegen
756 998 40 24 die
808 994 86 27 Reichs-

182 1031 68 26 stadt.
287 1037 77 27 Auch
386 1040 75 25 einen
478 1040 190 34 Hauptmörser,
684 1038 50 25 den

181 1064 84 33 hatten
283 1076 34 24 sie
335 1078 51 30 mit,
405 1078 45 25 der
467 1077 66 27 warf
541 1079 68 25 hoch
620 1078 34 25 im
665 1078 87 32 Bogen
764 1074 53 25 sein
828 1071 66 26 Stein-

182 1110 111 28 geschofs
311 1116 33 24 als
358 1116 78 26 Grufs
454 1126 32 16 zu
504 1117 52 25 den
567 1118 121 31 Bürgern,
706 1114 51 25 dafs
775 1114 76 24 ihnen
866 1110 40 25 das

265 1154 102 26 mochte
385 1165 131 23 verzagen.

230 1187 73 29 Dann
320 1195 105 24 rückten
443 1195 40 24 die
495 1195 114 25 Knechte
624 1203 37 15 an.
690 1191 60 26 Und
762 1190 39 25 die
814 1189 74 25 Trom-

181 1223 65 27 meln
270 1232 53 23 und
346 1232 96 26 Pfeifen
465 1234 117 24 machten
607 1232 73 25 einen
703 1229 101 35 grofsen
827 1228 79 24 Lärm.

182 1257 85 33 Voran
288 1268 46 26 lief
353 1271 39 24 die
413 1271 129 26 Blutfahne
565 1280 31 16 an
617 1270 150 26 verlorenen
789 1265 118 27 Gesellen

182 1303 28 18 Zu
213 1308 11 16 r
236 1303 88 35 Sühne,
342 1309 40 25 die
400 1310 57 24 eine
474 1310 59 25 üble
546 1310 74 25 Sache
639 1309 89 33 gehabt
745 1306 52 25 und
815 1303 92 27 wieder

182 1333 38 28 die
245 1342 56 28 Ehr'
327 1348 114 25 frumber
466 1348 133 26 deutscher
624 1348 113 24 Knechte
760 1342 146 28 verstofsen.

295 1385 68 26 dann
392 1387 40 25 die
462 1387 109 32 gevierte
597 1386 126 32 Ordnung
749 1384 45 24 mit
817 1382 89 31 langen

196 1418 103 34 piefsen,
316 1424 203 28 Hakenbüchsen
535 1425 53 25 und
606 1425 108 24 Fahnen.

230 1456 60 30 Und
302 1463 68 26 Herr
382 1464 60 34 Eyfs
461 1473 52 17 von
525 1463 140 26 Simmbach
682 1461 99 26 wandte
796 1458 52 27 sich
864 1465 43 17 um

181 1494 34 21 Un
216 1493 14 25 d
249 1502 87 30 sprach
354 1503 62 25 also:

231 1548 30 5 —
278 1538 97 28 Lieben
392 1541 114 25 Freunde
523 1541 73 25 lasset
612 1549 46 17 uns
677 1539 85 25 beten!

230 1572 37 27 Da
284 1580 91 25 sanken
393 1580 40 25 die
446 1581 113 24 Knechte
576 1580 87 25 nieder
681 1579 43 25 auf
733 1578 40 24 ein
784 1575 61 26 Knie
858 1574 36 24 ins-

182 1611 94 28 gemein
292 1618 54 25 und
364 1619 80 25 riefen
462 1619 45 25 mit
524 1619 78 25 lauter
620 1618 111 25 Stimme:

229 1663 33 7 —
273 1654 68 27 Herr
353 1658 75 30 Gott,
444 1658 43 25 der
500 1659 41 23 Du
555 1657 73 26 einen
640 1657 146 25 Deutschen
804 1654 39 25 nie
855 1652 51 25 hast

182 1687 120 31 Erlassen
323 1695 34 26 im
378 1697 130 25 Stündlein
530 1696 45 25 der
592 1697 69 29 Not,
679 1696 67 25 Herr
764 1695 66 23 Gott
850 1690 56 34 gieb

182 1725 44 23 Uns
238 1729 83 29 Glück
339 1735 52 25 und
403 1736 62 32 Sieg,
483 1735 52 25 dafs
554 1735 46 25 wir
613 1735 38 24 die
664 1734 69 25 Stadt
745 1736 90 28 mögen
847 1729 45 25 neh-

182 1765 37 24 me
219 1765 19 24 n
255 1772 52 24 und
324 1781 47 17 uns
391 1774 97 25 bezahlt
505 1774 105 24 machen
628 1781 30 16 an
674 1779 101 18 unsenn
793 1768 80 27 Solde.

231 1803 112 33 Worauf
357 1813 35 24 sie
408 1813 27 25 in
449 1812 40 25 die
502 1812 65 25 Erde
579 1811 89 33 griffen
679 1811 54 25 und
745 1810 54 24 eine
811 1806 95 26 Scholle

288 1849 52 27 sich
365 1851 104 31 warfen,
497 1851 41 25 ein
560 1851 86 31 Jeder,
672 1849 51 25 dafs
747 1848 54 25 eine
825 1844 81 34 grofse

197 1882 139 31 taubwolke
358 1891 115 25 entstand
491 1890 53 25 und
561 1899 57 16 man
635 1889 80 25 schier
732 1887 68 25 nicht
817 1883 89 27 wufste

182 1919 23 18 w
207 1924 15 16 °
234 1919 98 33 Freund
351 1930 68 24 noch
430 1928 85 26 Feind.
545 1927 95 27 Darauf
648 1927 104 33 klangen
764 1925 39 24 die
814 1923 75 26 Trom-

182 1955 66 53 mln
260 1965 53 24 und
325 1966 45 25 der
381 1967 64 25 helle
455 1966 101 26 Haufen
568 1974 79 18 setzte
659 1966 53 25 sich
723 1966 27 24 in
759 1965 148 30 Bewegung.

207 2000 21 17 le
249 2003 136 28 verlornen
403 2005 120 26 Gesellen
543 2014 89 17 voraus
653 2005 116 25 machten
790 2003 58 24 aber
868 1999 40 25 ein

298 2043 46 24 mit
366 2044 89 32 langen
473 2043 113 34 Spiefsen
603 2052 53 16 von
673 2043 44 24 der
734 2041 95 25 Brücke
847 2039 60 25 über

201 2076 31 19 en
252 2076 103 30 Graben
379 2082 44 25 auf
441 2082 40 25 die
504 2083 96 24 Mauer.
637 2083 37 24 Da
698 2082 129 32 begannen
847 2077 61 25 auch

201 2114 20 17 le
238 2111 94 38 Bürger
355 2121 52 25 sich
428 2130 31 16 zu
480 2129 86 25 regen.
600 2121 48 24 Die
667 2120 116 25 Glocken
799 2118 109 25 läuteten

198 2150 39 22 tUr
239 2159 24 17 m
283 2158 53 24 und
359 2159 43 25 auf
419 2160 50 24 den
486 2160 104 25 Wällen
610 2160 42 25 sah
673 2167 57 17 man
750 2157 95 32 Reisige
867 2162 41 17 zu-

184 2187 24 18 Sa
210 2192 172 31 mmenlaufen.
411 2199 58 24 Nur
487 2202 54 30 spät
558 2207 51 16 war
627 2207 24 16 es
668 2198 53 24 und
739 2197 39 24 die
795 2193 112 27 Knechte

184 2225 101 54 fanden
303 2234 73 32 oben,
395 2237 46 25 ehe
458 2237 69 25 denn
545 2237 39 25 die
602 2237 69 25 Stadt
687 2235 89 33 richtig
793 2232 114 28 erwacht,

201 2262 33 24 als
258 2268 38 25 die
318 2273 94 34 Bürger
436 2275 40 25 ein
498 2275 156 26 furchtbarer
674 2274 139 25 Schrecken
836 2269 72 27 befiel

201 2304 34 21 nd
253 2306 33 24 sie
303 2310 160 29 davonliefen
481 2314 45 25 mit
544 2314 109 33 grofsem
671 2311 129 27 Geschrei.

1024 335 47 24 Die
1088 334 116 25 frumben
1220 334 116 24 Knechte
1353 335 57 24 aber
1429 335 95 33 stiegen
1541 335 118 26 hinunter
1675 335 26 25 in

975 373 39 26 die
1032 373 107 28 Gassen,
1161 372 79 24 rissen
1260 380 53 16 von
1330 372 78 25 innen
1426 373 42 24 das
1485 373 75 25 Thor
1577 373 50 30 auf,
1649 373 52 26 dafs

974 412 45 25 der
1041 411 63 24 helle
1125 409 81 25 Haufe
1224 410 95 24 konnte
1336 410 170 33 nachdringen
1523 412 54 24 und
1594 412 107 25 schrien:

1024 464 30 4 —
1071 449 64 24 Nun
1155 447 57 25 lafst
1231 456 47 16 uns
1301 447 41 25 die
1364 448 85 25 sieben
1470 449 82 25 fetten
1565 450 73 30 Jahre
1659 458 28 16 an-

973 495 89 18 treten.

1022 524 60 26 Und
1099 524 78 25 lauter
1194 523 105 33 klangen
1317 523 41 25 die
1370 524 151 25 Trommeln
1535 525 50 24 den
1596 525 90 25 Fünfer-

974 565 90 32 schlag,
1087 562 62 25 nach
1170 561 45 25 der
1235 561 169 25 Marschweis:
1435 562 72 29 „Hut
1527 563 63 24 Dich
1612 564 87 29 Bauer,

972 605 40 23 ich
1171 600 63 24 Nun
1256 599 102 24 heulten
1382 599 39 24 die
1443 600 117 24 Glocken
1582 601 52 25 und
1658 602 41 24 die

972 643 94 30 Bürger
1082 641 112 23 stürzten
1211 636 45 26 auf
1269 637 50 24 den
1332 637 88 24 Markt.
1448 638 48 23 Die
1510 639 113 24 Knechte
1641 640 58 24 aber

972 679 76 26 liefen
1056 677 91 26 stracks
1160 676 77 25 durch
1249 675 39 24 die
1298 674 107 25 Strafsen
1418 675 101 24 dorthin
1530 677 53 23 und
1596 677 102 25 stiefsen

972 718 94 29 nieder,
1080 724 50 17 was
1143 715 33 24 sie
1188 713 99 25 fanden.
1316 713 37 24 Da
1365 713 51 24 hub
1429 713 40 24 ein
1481 714 96 31 grofses
1588 715 110 24 Morden

973 766 30 16 an
1019 755 53 25 und
1089 754 67 25 ward
1174 752 40 25 ein
1227 751 151 32 jämmerlich
1390 751 122 25 Geschrei
1523 760 173 17 vernommen.

972 796 52 24 Der
1041 792 193 34 Bürgermeister
1254 789 58 25 aber
1328 789 52 24 und
1398 789 45 24 der
1460 790 134 25 Ratsherrn
1611 792 85 23 mehre

972 841 80 17 traten
1074 839 47 17 vor
1143 831 50 23 den
1209 828 171 33 Hauptmann,
1403 826 94 26 warfen
1520 827 52 26 sich
1596 828 44 25 auf
1656 829 39 25 die

972 872 62 26 Knie
1051 870 52 26 und
1120 869 101 25 flehten:

1071 908 150 32 Gnädigster
1232 906 66 25 Herr
1309 904 210 33 Feldhauptmann
1536 904 60 25 habt
1608 905 73 24 Erbar-

972 958 58 17 men
1055 948 44 25 mit
1121 953 86 17 unsrer
1230 952 84 17 armen
1337 942 75 25 Stadt.
1451 942 61 24 Wie
1536 942 90 25 sollten
1649 942 46 25 wir

972 988 99 28 wissen,
1094 985 52 24 dafs
1170 992 25 16 es
1216 989 69 18 ernst
1305 981 43 29 sei,
1372 980 52 25 dafs
1441 981 41 24 Ihr
1503 981 98 24 wolltet
1619 989 75 16 unsre

972 1028 104 25 Mauern
1099 1024 135 26 berennen,
1258 1028 27 16 so
1308 1020 41 23 Ihr
1372 1019 36 24 bis
1429 1019 74 24 heute
1525 1019 60 24 habt
1606 1027 88 16 unsrer

972 1064 127 35 geschont.

1020 1102 38 25 Da
1080 1100 33 24 sie
1131 1098 50 25 also
1203 1096 162 34 gesprochen,
1386 1094 76 33 gebot
1481 1094 66 25 Herr
1565 1093 59 34 Eyfs
1641 1103 54 16 von

972 1138 138 29 Simmbach
1131 1136 95 26 Einhalt
1248 1135 49 24 den
1316 1134 141 27 Knechten,
1480 1132 50 25 dafs
1552 1132 33 25 sie
1607 1133 88 25 liefsen

972 1180 39 26 die
1031 1176 101 26 Waffen
1158 1174 95 29 sinken,
1279 1173 58 24 aber
1360 1172 34 24 sie
1416 1179 112 17 murrten
1551 1171 144 32 insgeheim,

972 1219 68 25 denn
1063 1216 33 24 sie
1113 1213 112 26 meinten
1242 1212 70 24 nicht
1328 1210 96 30 anders,
1441 1210 32 24 als
1491 1209 34 25 sie
1544 1209 90 26 sollten
1651 1218 43 17 um

972 1257 39 26 die
1028 1257 76 24 Beute
1123 1254 120 30 betrogen
1263 1251 59 24 sein.
1357 1250 51 24 Der
1425 1249 162 32 Hauptmann
1603 1248 91 32 jedoch

972 1295 57 26 fand
1052 1301 76 26 guten
1144 1292 57 27 Rat,
1222 1289 81 33 zeigte
1324 1288 134 24 rückwärts
1475 1286 45 25 auf
1533 1286 50 25 den
1600 1287 78 25 Brand-

972 1334 109 28 meister,
1099 1330 44 25 der
1160 1329 79 24 schon
1256 1327 44 24 mit
1318 1326 44 25 der
1379 1325 85 25 Fackel
1482 1334 31 16 zu
1530 1324 89 26 Pferde
1637 1325 55 31 safs,

972 1374 42 25 das
1035 1373 96 31 Sengen
1154 1367 52 26 und
1226 1367 116 24 Brennen
1364 1364 70 25 recht
1457 1363 160 31 anzustellen,
1640 1364 53 25 und

972 1412 44 33 gab
1035 1409 98 26 zurück:

1022 1464 29 4 —
1074 1447 80 25 Meint
1175 1445 50 29 Ihr,
1242 1444 40 24 Ihr
1305 1442 57 25 sollt
1385 1440 83 26 davon
1488 1440 117 25 kommen
1625 1441 67 26 ohne

972 1488 52 26 dafs
1045 1486 70 25 Euch
1133 1485 39 25 ein
1194 1482 103 26 Härlein
1320 1479 86 26 würde
1428 1479 85 24 kraus?
1541 1478 82 25 Meint
1643 1480 48 30 Ihr,

971 1528 45 26 wir
1040 1525 66 25 seien
1128 1522 103 29 Hunde,
1257 1520 39 24 die
1320 1517 81 26 laufen
1423 1517 52 25 und
1496 1516 68 26 nicht
1583 1517 108 25 beifsen?

971 1566 58 26 Wir
1049 1563 93 26 wollen
1161 1569 46 17 uns
1228 1558 111 26 schadlos
1358 1556 83 26 halten
1457 1555 41 25 für
1515 1563 92 17 unsern
1625 1556 67 31 Sold,

971 1604 53 27 und
1044 1602 46 25 soll
1110 1600 79 26 nichts
1209 1605 103 24 vorweg
1330 1603 150 25 genommen
1496 1594 114 30 werden,
1632 1603 45 17 son-

972 1644 61 25 dern
1059 1639 69 27 Gold
1153 1638 51 25 und
1231 1633 164 27 Geschmeide
1421 1633 32 24 ist
1477 1640 81 17 unser.
1598 1633 78 25 Brand-

972 1682 98 26 meister
1087 1678 51 26 sieh
1154 1685 39 21 zu,
1209 1674 52 25 dafs
1279 1673 39 26 die
1335 1671 86 26 Fackel
1437 1671 105 25 brennt!

1021 1720 44 25 Als
1088 1725 51 17 nun
1159 1715 39 24 die
1215 1713 133 25 Ratsherrn
1369 1711 43 24 ihn
1432 1710 50 25 also
1503 1710 77 24 reden
1601 1710 91 25 hörten

971 1759 53 26 und
1045 1757 75 25 sahen
1140 1754 66 25 seine
1225 1753 89 31 Augen
1335 1749 126 29 leuchten,
1484 1748 30 25 da
1535 1748 63 25 wird
1616 1748 76 26 ihnen

972 1798 55 26 sehr
1044 1797 78 31 bange
1139 1793 52 25 und
1209 1792 43 24 der
1264 1790 119 29 Aelteste,
1402 1788 40 25 ein
1454 1787 74 26 Greis
1546 1787 44 25 mit
1602 1787 77 26 Silber-

972 1838 61 28 haar,
1050 1834 51 33 fing
1118 1841 30 17 an
1165 1840 30 17 zu
1212 1830 91 25 zittern
1319 1827 51 26 und
1387 1826 55 25 rief:

1071 1871 148 32 Gnädigster
1236 1868 66 25 Herr
1319 1865 216 34 Feldhauptmann,
1553 1865 57 26 hört
1628 1867 66 25 mich

972 1923 30 17 an
1028 1913 45 25 ehe
1088 1912 39 24 Ihr
1139 1908 114 34 Unglück
1271 1906 82 32 bringt
1369 1905 62 24 über
1448 1912 73 17 unsre
1540 1913 66 17 arme
1618 1906 75 25 Stadt.

972 1953 59 26 Wir
1053 1950 90 26 wollen
1160 1947 68 25 Euch
1245 1946 56 24 alles
1319 1944 80 33 geben
1419 1952 50 16 was
1491 1952 73 16 unser
1585 1945 38 30 ist,
1641 1945 54 25 und

972 1992 70 27 mehr
1063 1988 66 26 noch
1150 1986 73 29 dazu,
1245 1992 46 17 nur
1309 1984 91 24 brennt
1417 1982 68 25 nicht
1502 1991 75 17 unsre
1596 1984 98 24 Häuser

972 2030 92 28 nieder.
1098 2027 43 25 Ich
1157 2025 61 25 habe
1237 2022 66 26 Geld
1320 2021 84 26 aufsen
1422 2021 87 26 stehen
1527 2021 118 26 draufsen
1661 2023 34 25 im

972 2069 70 27 Land
1057 2067 40 25 bei
1109 2065 92 25 meiner
1213 2060 177 26 Freundschaft
1403 2060 38 25 die
1454 2061 92 32 Menge
1558 2062 54 23 und
1623 2062 72 24 keine

973 2109 82 26 Erben
1076 2106 67 24 dazu.
1177 2102 44 25 Ich
1242 2100 60 25 wills
1323 2099 77 25 holen
1422 2100 90 32 gehen,
1534 2100 100 25 wofern
1654 2102 42 24 Ihr

972 2149 72 25 lasset
1061 2143 89 26 Gnade
1166 2140 98 26 walten.
1298 2138 44 25 Bei
1358 2147 78 16 ioooo
1454 2139 164 33 Goldgülden
1634 2159 61 6 ....

973 2185 109 27 Behaltet
1100 2180 111 30 Geiseln,
1229 2178 75 25 damit
1320 2178 41 24 Ihr
1378 2177 91 25 wissen
1485 2182 81 29 mögt,
1588 2178 52 26 dafs
1657 2179 40 25 ich

972 2222 187 29 wiederkomm!

1022 2262 38 25 Da
1076 2258 86 36 sprach
1179 2257 44 25 der
1241 2256 169 34 Hauptmann:

1024 2315 28 4 —
1071 2298 94 25 Lieben
1182 2295 113 26 Freunde
1312 2295 53 24 und
1382 2295 117 25 frumben
1516 2295 124 32 Knechte,
1658 2295 40 26 Ihr

1008 2454 0 0 165
