2133 2814
190 334 33 23 der
239 338 45 23 ihm
299 344 132 28 gewohnten
444 344 97 23 Technik
556 344 35 23 des
608 342 150 32 Kupferstichs.
781 342 41 22 Die
835 342 84 30 Kopien

190 374 88 21 gerieten
295 384 23 12 so
335 383 51 23 gut,
404 378 45 22 dass
466 379 67 21 Dürer
549 378 44 22 sich
607 376 112 24 veranlafst
731 375 50 26 sah,
797 384 67 22 gegen
878 375 41 22 den

190 404 98 29 falscher,
300 408 36 23 der
349 418 26 14 an
387 411 34 22 die
433 411 62 22 Stelle
507 411 36 22 des
555 411 133 22 Dürerschen
699 411 164 28 Monogramms
875 409 44 21 sein

190 440 78 25 eigenes
278 442 92 23 Zeichen
379 450 77 24 gesetzt
466 444 65 25 hatte,
543 444 89 30 klagbar
640 451 26 15 zu
678 442 93 23 werden.
792 444 26 20 Er
827 450 92 22 gewann

190 470 53 22 auch
255 472 32 23 die
300 477 72 22 Sache.
395 477 125 26 Vielleicht,
535 477 46 22 dafs
593 477 55 22 diese
660 477 185 28 Nachahmungen
858 474 49 22 über-

190 501 64 33 haupt
266 506 45 24 ihm
324 509 42 23 den
378 510 165 23 unmittelbaren
554 509 75 24 Anlafs
641 518 25 14 zu
681 511 57 28 jener
749 508 171 24 venezianischen

189 533 59 26 Reise
260 538 71 30 boten,
344 543 34 22 die
390 552 21 14 er
424 544 57 22 Ende
497 552 58 21 1505
570 549 75 17 antrat.

239 638 39 22 Die
290 640 85 28 Blätter,
388 643 33 22 die
432 645 67 20 Dürer
511 650 36 22 151
554 652 13 13 o
580 642 134 31 hinzufügte,
727 650 37 14 um
776 641 55 23 diese
840 641 78 31 Folgen

190 672 23 10 ZU
232 673 123 9 U8..,„it..»._
367 676 14 6 1-

190 675 10 11 z
201 675 14 12 u
232 675 203 31 vervollständigen,
452 684 36 14 so-

261 704 34 23 die
321 708 74 23 Kleine
422 709 56 22 Holz-

190 733 162 36 schnittpassion
369 742 71 31 zeigen
458 742 33 23 die

190 765 94 32 Manier,
297 773 34 23 die
344 783 21 14 er
378 776 114 22 weiterhin

191 801 58 23 mehr
263 805 52 23 oder
333 809 95 30 weniger
447 809 34 22 bei-

192 832 82 27 behielt.
305 842 42 21 Das
370 842 121 22 technische

191 864 90 29 Können
296 873 27 22 ist
334 874 61 23 darin
408 875 31 22 bis
456 883 36 14 zur

191 898 64 27 Höhe
272 905 104 25 virtuoser
394 908 86 22 Meister-

191 932 68 26 schaft
284 941 136 22 entwickelt:
442 941 48 22 klar

192 967 43 22 und
242 969 150 27 übersichtlich
400 974 48 22 sind
457 974 33 22 die

192 996 169 40 Darstellungen,
366 1007 75 23 sauber
444 1007 46 23 und

191 1030 145 40 durchsichtig
356 1040 33 23 die
411 1041 69 22 Strich-

191 1063 60 33 'agen
261 1073 137 28 angeordnet,
409 1074 34 22 die
453 1075 25 21 Er-

191 1096 115 38 findungen
333 1106 82 23 fliefsen
442 1107 49 22 dem

191 1129 99 30 Künstler
317 1140 41 22 mit
384 1140 94 31 ungehin-

190 1162 66 28 derter
278 1171 62 23 Kraft
366 1182 31 13 zu.
435 1175 55 21 Was

191 1195 47 27 aber
252 1202 46 24 hier
313 1206 120 30 gegenüber
449 1206 41 23 den

190 1228 99 31 früheren
293 1239 155 31 Schöpfungen
454 1248 25 13 zu-

190 1266 61 41 meist
268 1268 65 30 fehlt,
355 1272 35 23 das
411 1273 27 22 ist
457 1273 34 22 die

191 1301 142 26 mnreifsende
344 1306 96 26 Wucht,
455 1306 37 22 der

191 1328 144 32 Bestrickende
350 1339 93 26 Zauber,
455 1339 37 22 der

190 1361 121 31 glückliche
321 1372 45 22 und
375 1372 52 23 feste
435 1372 60 23 Griff

190 1401 22 16 111
232 1400 35 23 das
284 1405 86 22 Bereich
390 1405 36 22 des
444 1414 36 23 per-

190 1431 83 26 sönlich
285 1438 98 22 Erlebten
395 1439 45 21 und
454 1441 25 19 Er-

191 1463 106 29 schauten.
323 1471 54 22 Man
389 1471 57 22 fühlt
463 1480 28 18 es,

192 1493 43 27 dafs
245 1508 21 14 er
278 1503 41 23 den
328 1504 164 23 Holzschnitten

192 1527 71 28 fortan
286 1537 59 23 nicht
372 1538 60 22 mehr
458 1538 34 22 die

191 1561 82 28 gleiche
288 1570 62 23 Kraft
367 1571 125 22 zuwendete

251 1601 40 23 den
309 1604 119 22 Gemälden
445 1604 46 23 und

192 1626 21 22 Sf
214 1629 68 28 ichen.
310 1638 23 21 In
352 1637 37 22 der
405 1637 75 23 Beherr-

191 1662 82 36 schung
285 1668 36 24 der
333 1670 147 32 Darstellungs-

192 1696 67 46 juittel
274 1702 38 23 hat
328 1712 22 13 er
364 1703 63 23 dafür
441 1703 41 23 frei-

191 1726 43 26 lich
265 1736 137 23 wesentliche
431 1739 48 20 Fort-

191 1761 85 28 schritte
299 1771 106 28 gemacht.
449 1773 42 19 Der

191 1793 70 28 Kaum
269 1801 37 23 hat
313 1803 45 22 hier
365 1803 46 22 eine
419 1803 72 23 solche

190 1825 59 27 Tiefe
260 1835 89 32 erlangt,
359 1837 26 21 ist
394 1845 44 14 von
449 1837 41 22 den

190 1858 134 33 handelnden
350 1870 89 31 Figuren
466 1879 23 13 so

191 1895 153 29 Vollkommen'
367 1902 121 32 ausgefüllt,

191 1934 62 37 rjetet
269 1933 65 25 daher
350 1937 55 22 auch
421 1937 34 22 ein
469 1937 81 22 solches
565 1935 128 24 Hilfsmittel
709 1935 34 23 für
759 1936 34 22 die
809 1935 110 31 plastische

191 1961 192 39 Werausarbeitung
400 1970 37 22 der
454 1970 119 26 Gestalten,
591 1969 46 23 dafs
655 1970 56 22 diese
727 1969 148 22 Holzschnitte
892 1976 28 15 an

202 1996 87 32 arbiger,
299 2003 56 22 reich
368 2003 129 30 abgestufter
505 2003 112 30 Wirkung
627 2002 41 23 fast
676 2003 41 22 mit
728 2002 116 23 Gemälden
856 2008 52 16 wett-

191 2029 65 24 eifern
271 2033 97 30 können;
381 2037 81 21 Beweis
479 2036 36 22 der
526 2036 49 22 Tod
592 2036 35 22 der
639 2036 70 22 Maria
721 2036 34 30 (B.
769 2036 55 30 93),
836 2043 38 15 wo
886 2036 34 22 die

200 2064 149 32 eidtragenden
369 2070 87 30 Apostel
473 2070 23 22 in
516 2078 23 14 so
561 2069 210 30 verschiedenartiger
789 2069 74 22 Weise
885 2069 24 22 be-

201 2097 89 32 chaftigt
307 2102 57 26 sind,
386 2097 46 28 dafs
452 2103 30 22 sie
498 2103 45 22 sich
559 2111 54 22 ganz
630 2103 118 30 ungesucht
765 2103 23 21 in
809 2101 54 23 fünf
874 2110 35 15 ver-

201 2130 99 25 miedene
318 2137 102 30 Gruppen
441 2136 111 26 auflösen,
571 2136 103 22 während
694 2136 37 22 der
747 2135 174 23 Zusammenhalt

206 2166 19 14 es
245 2166 86 25 Ganzen
352 2169 57 22 doch
428 2169 150 22 vollkommen
598 2169 98 31 gewahrt
715 2169 72 22 bleibt.
817 2169 103 30 Zugleich

206 2198 33 18 Der
256 2199 116 25 verkündet
389 2203 34 21 die
439 2208 71 25 streng
525 2202 158 30 symmetrische
698 2202 45 22 und
760 2202 160 22 konzentrische

353 2235 46 22 dass
416 2235 44 22 hier
472 2236 47 21 eine
530 2244 65 18 neue,
611 2235 48 22 dem
671 2235 115 22 deutschen
798 2236 82 21 Wesen
891 2235 29 22 im

212 2263 66 23 runde
290 2265 82 25 fremde
380 2269 222 30 Anschauungsweise
611 2269 60 22 ihren
679 2269 82 30 Einzug
769 2268 98 31 gehalten
875 2268 44 22 hat.

212 2298 55 20 'esen
274 2299 52 24 Sinn
334 2301 36 23 für
379 2302 36 22 das
422 2302 164 31 Regelmässige,
595 2302 56 22 nach
660 2301 114 23 aufserlich
783 2301 137 23 dekorativen

987 340 193 32 Gesichtspunkten
1192 340 62 23 wohl
1265 339 152 31 Abgewogene
1428 338 57 22 hatte
1496 338 67 20 Dürer
1574 341 43 15 von
1628 334 76 21 seinem

986 375 90 23 zweiten
1091 374 172 23 venezianischen
1278 372 138 23 Aufenthalte
1432 368 167 32 heimgebracht,
1617 366 35 22 der
1667 365 38 22 ihr.

986 408 85 23 Bellinis
1084 407 41 23 auf
1131 407 159 23 monumentale
1299 405 111 31 Wirkung
1421 404 120 23 berechnete
1550 398 156 25 Kirchenbilder

987 443 57 21 hatte
1060 442 83 22 kennen
1159 441 77 23 lehren.
1262 439 47 24 Auf
1322 439 33 22 die
1369 438 35 23 für
1420 438 33 22 die
1465 436 140 28 Betrachtung
1619 441 37 14 aus
1670 431 36 22 der

986 475 65 22 Nähe
1074 473 147 33 geschaffenen
1240 473 161 31 Darstellungen
1422 471 56 22 ohne
1497 471 46 21 Not
1563 465 143 33 angewendet,

988 508 77 23 mufste
1082 508 72 22 solche
1166 508 74 22 Weise
1255 516 26 13 zu
1296 507 56 22 einer
1363 504 197 28 Veräufserlichung
1571 500 85 26 führen,
1673 497 33 22 die

987 542 40 22 den
1039 542 70 22 Inhalt
1121 540 93 24 vielfach
1225 542 97 29 einengte
1333 539 44 23 und
1389 537 175 29 zurückdrängte;
1580 534 54 22 denn
1646 532 45 22 wäh-

988 575 50 22 rend
1054 575 33 22 die
1102 575 109 22 heroische
1223 576 62 20 Form
1300 574 45 22 sich
1360 572 40 23 mit
1413 571 91 22 reichem
1519 568 69 23 Leben
1604 564 102 24 ausfüllen

987 608 62 26 läfst,
1066 610 91 28 verträgt
1174 608 36 22 das
1230 608 64 22 intim
1310 606 119 24 Geschaute
1446 604 50 22 kein
1512 600 153 25 Aufbauschen
1683 605 23 15 zu

986 640 186 30 wohlgefälliger,
1189 640 132 23 dekorativer
1336 639 114 29 Wirkung.
1485 638 67 21 Dürer
1569 633 48 23 aber
1633 630 74 24 wurde

1423 671 5 6 i
1461 670 18 7 _i_
1501 669 17 8 J:
1582 668 63 9 U,.««-
1660 671 46 6 711
1706 668 1 9 m

1416 670 67 23 durch
1498 670 70 21 diesen
1582 670 63 26 Hang
1660 672 47 15 zum

1417 701 164 25 Ornamentalen
1600 700 51 22 dazu
1673 705 23 23 ge-

1416 738 85 29 drängt,
1529 733 102 25 nunmehr
1653 731 55 22 beim

1415 771 100 22 Ersinnen
1546 768 65 22 seiner
1642 764 67 23 Bilder

1415 812 52 15 vom
1489 800 90 25 Aufbau
1605 798 44 24 und
1674 797 35 22 der

1416 836 130 29 Gliederung
1568 834 33 22 des
1624 834 85 20 Ganzen

1415 869 132 31 auszugehen
1568 871 49 18 statt
1639 864 70 23 solche

1415 902 125 30 Gestaltung
1556 908 36 15 aus
1611 899 39 22 den
1665 897 34 22 ein-

1415 936 71 23 zelnen
1504 932 150 25 Bestandteilen
1673 930 36 22 der

1415 968 134 30 Darstellung
1559 963 137 26 hervorwach-

1415 1012 36 13 sen
1463 1011 24 13 zu
1499 1001 74 24 lassen,
1585 999 43 23 wie
1639 1006 22 13 er
1673 996 34 22 das

1416 1035 72 23 früher
1511 1034 83 30 gethan.
1639 1030 69 23 Dieser

1415 1066 186 29 Gesamtwirkung
1617 1072 25 14 zu
1656 1062 53 23 liebe

1414 1103 82 30 begann
1512 1109 20 14 er
1550 1100 53 22 auch
1620 1098 21 21 in
1657 1095 51 23 weit

1413 1136 102 21 höherem
1524 1132 68 24 Mafse
1604 1131 29 22 als
1641 1128 67 23 bisher

1414 1167 71 33 grofse
1500 1167 73 30 ruhige
1584 1163 87 24 Flächen
1686 1162 22 21 in

1414 1203 56 21 seine
1487 1199 159 29 Darstellungen
1663 1195 34 22 ein-

1414 1234 114 25 zuführen,
1554 1229 104 26 wodurch
1680 1228 28 21 sie

1414 1268 98 22 manches
1524 1274 43 15 von
1583 1264 48 22 dem
1641 1261 56 23 zeich-

1413 1301 109 22 nerischen
1539 1298 61 23 Reize
1617 1293 80 25 einbüfs-

1414 1340 45 20 ten,
1488 1333 40 22 den
1553 1331 33 22 die
1612 1328 96 23 früheren

1414 1367 76 23 Blätter
1515 1365 66 23 durch
1606 1362 33 22 die
1664 1360 33 22 ein-

1413 1399 94 33 gehende
1513 1395 137 30 Behandlung
1659 1393 49 23 aller

1435 1432 140 24 Einzelheiten
1596 1428 90 31 geboten

1413 1467 78 22 hatten.
1540 1464 45 21 Wo
1626 1460 80 22 solches

1413 1499 85 23 Streben
1512 1497 55 23 nach
1578 1496 112 21 Monumen-

1413 1533 68 22 talität
1498 1529 44 24 und
1559 1526 87 25 Plastik,
1664 1524 42 22 wie

1413 1566 33 22 bei
1458 1565 41 22 den
1512 1565 92 29 späteren
1616 1559 90 22 Blättern

1414 1599 36 22 der
1462 1596 89 24 Grofsen
1562 1592 94 24 Passion,
1669 1590 24 21 be-

1413 1631 83 23 sonders
1509 1625 120 26 entwickelt
1638 1624 33 24 ist,
1680 1621 26 22 da

1413 1664 83 23 erweist
1512 1661 44 23 sich
1571 1657 70 24 weder
1656 1657 38 20 Ver-

1413 1697 122 28 kleinerung
1568 1691 56 23 noch
1656 1689 38 21 Ver-

1413 1730 124 32 gröfserung
1553 1725 35 22 für
1605 1723 32 22 die
1654 1723 39 20 Dar-

1413 1763 116 29 stellungen
1535 1759 29 22 als
1570 1756 96 32 günstig:
1673 1753 33 22 die

1413 1795 140 28 Ausführung
1590 1797 44 15 war
1666 1793 40 15 nur

1414 1829 74 31 gerade
1499 1826 35 23 für
1543 1825 35 21 das
1590 1821 115 23 bestimmte

1414 1864 82 21 Format
1505 1857 115 24 berechnet,
1626 1854 22 21 in
1657 1852 48 22 dem

1415 1896 59 22 einen
1496 1890 42 24 Fall
1557 1891 55 21 wäre
1632 1886 28 22 sie
1679 1891 26 15 zu

1396 1929 16 6 r.
1418 1929 12 6 ii

987 1935 58 25 wirr,
1057 1935 23 22 in
1091 1934 48 23 dem
1152 1934 78 22 andern
1242 1942 25 13 zu
1279 1933 41 22 leer
1331 1929 132 32 ausgefallen.

1037 1970 24 20 In
1077 1968 37 22 der
1131 1967 89 22 Kleinen
1237 1966 83 23 Passion
1338 1965 47 22 aber
1401 1958 135 32 ermöglichte
1555 1956 45 21 ihm
1616 1956 33 18 die
1666 1956 26 16 Be-

987 2001 144 23 schränktheit
1142 2001 35 22 des
1186 2002 94 21 Formats
1292 1997 91 24 vielfach
1395 1996 59 21 eben
1463 1989 97 25 wirklich
1568 1987 83 30 grolsen
1661 1987 43 18 und

987 2043 53 21 ganz
1052 2033 112 24 einfachen
1173 2034 46 25 Stil,
1230 2033 41 22 den
1282 2032 74 22 echten
1364 2026 109 26 Reliefstil,
1486 2020 149 26 anzuwenden.
1652 2020 52 18 Hier

987 2068 78 22 mufste
1080 2076 21 14 er
1116 2067 44 23 sich
1176 2066 41 23 auf
1231 2065 115 31 möglichst
1357 2061 72 30 wenig
1445 2059 86 29 Figuren
1549 2052 147 24 einschränken

987 2101 45 26 die,
1045 2109 37 14 um
1094 2101 95 22 deutlich
1201 2109 23 13 zu
1237 2098 92 24 bleiben,
1344 2096 60 21 einen
1415 2091 84 32 grofsen
1511 2087 45 23 Teil
1568 2086 34 22 des
1614 2086 89 20 Raumes

987 2133 133 24 auszufüllen
1136 2134 83 25 hatten,
1241 2131 34 23 für
1291 2125 182 28 Räumlichkeiten
1491 2120 43 23 und
1549 2114 154 32 Hintergründe

987 2169 44 21 also
1043 2176 40 14 nur
1094 2168 74 29 wenig
1179 2166 56 22 Platz
1247 2165 65 21 lassen
1324 2162 100 21 konnten.
1448 2158 52 20 Hier
1511 2159 72 16 erwies
1594 2150 44 21 sich
1650 2148 52 21 auch

987 2202 34 21 die
1043 2201 75 25 breite,
1139 2197 140 25 flächenhafte
1301 2192 136 27 Behandlung
1456 2189 36 21 der
1512 2185 55 23 reich
1589 2182 112 30 drapierten

987 2235 88 30 Figuren
1092 2234 29 22 als
1139 2232 103 23 durchaus
1258 2233 131 25 angemessen
1418 2224 48 20 Nur
1477 2220 46 21 sehr
1534 2217 62 22 selten
1608 2213 56 23 noch
1683 2215 18 17 st

987 2268 33 22 die
1037 2266 97 23 einfache
1149 2263 153 28 Profilstellung
1318 2254 136 27 anzutreffen,
1471 2257 60 18 meist
1547 2247 119 24 verteikns
1676 2243 24 21 eh

987 2302 34 21 die
1039 2300 118 24 Gestalten,
1177 2298 22 21 in
1219 2296 40 22 den
1279 2290 176 25 verschiedensten
1474 2283 114 24 Ansichten
1607 2280 92 29 gesehen,

1021 2463 0 0 183
