2133 2814
911 1348 113 39 AUS
1062 1347 370 38 MUENCHEN

1017 1455 189 27 LUDWIG
1233 1455 102 27 DILL

1130 1535 45 14 UND
1190 1534 35 15 DIE

554 1600 165 25 NEUEREN
738 1598 276 25 BESTREBUNGEN
1032 1598 68 23 DER
1118 1595 248 26 MUENCHENER
1384 1592 418 27 LANDSCHAFTERSCHULE

585 1735 26 19 IE
623 1731 174 30 Vorstellungen,
813 1730 33 22 die
862 1730 21 22 in
896 1730 40 22 den
948 1730 100 22 weiteren
1060 1729 85 21 Kreisen

647 1766 37 21 der
710 1765 124 22 Gebildeten
862 1771 42 14 von
936 1763 110 22 moderner
1077 1764 70 19 Kunst

647 1798 119 24 herrschen,
773 1797 68 22 haben
851 1796 135 22 bekanntlich
995 1796 74 30 wenig
1075 1795 57 21 Aehn-

648 1831 88 22 lichkeit
748 1832 39 20 mit
799 1831 40 25 ihr,
849 1830 41 21 wie
903 1830 29 21 sie
944 1829 51 21 heut
1007 1828 140 22 thatsächlich

647 1865 33 21 ist.
708 1865 61 21 Denn
784 1865 46 28 jene
845 1864 77 20 rühren
940 1862 88 22 zumeist
1045 1870 44 13 von
1105 1860 42 22 den

648 1898 39 21 mit
707 1895 144 32 pöbelhaftem
875 1895 101 31 Gepolter
1000 1893 146 23 auftretenden

648 1929 123 23 kunstlosen
784 1929 147 30 Erzeugnissen
946 1929 55 21 einer
1013 1929 120 28 Programm-

420 1960 84 23 maierei
516 1962 43 26 her,
574 1964 43 21 wie
629 1964 29 21 sie
673 1964 44 21 sich
733 1964 22 20 in
767 1963 41 21 den
820 1962 164 30 Ausstellungen
1000 1961 52 22 breit
1068 1961 78 22 macht.

420 1993 54 20 Was
490 1994 46 22 aber
548 2004 37 13 vor
597 1997 57 21 sechs
666 1997 74 28 Jahren
753 1996 57 21 noch
822 1995 28 22 als
863 1994 36 22 das
911 1990 116 34 unbedingt
1039 1994 107 29 Richtige,

421 2024 114 29 gleichsam
546 2028 28 22 als
589 2035 65 16 etwas
671 2029 84 22 endlich
767 2027 125 23 Entdecktes
908 2027 44 22 und
965 2027 114 22 Erkanntes
1095 2026 51 30 galt,

422 2057 100 23 erscheint
538 2068 38 14 uns
591 2062 64 21 heute
670 2062 30 22 im
716 2063 73 20 Lichte
806 2062 55 21 eines
877 2060 150 31 Zeitproblems
1045 2067 44 14 von
1107 2067 40 14 nur

422 2089 206 32 vorübergehendem
642 2096 108 24 Interesse,
767 2094 72 22 dessen
854 2096 87 28 Lösung
957 2093 58 22 nicht
1031 2093 40 22 den
1083 2093 64 21 Wert

424 2121 54 22 einer
495 2124 102 28 positiven
614 2126 177 32 Errungenschaft
809 2127 85 25 besitzt,
915 2126 90 22 sondern
1026 2126 60 22 mehr
1106 2125 41 22 den

425 2160 54 14 einer
488 2156 114 29 Negation,
615 2159 53 22 eines
679 2161 161 21 Frontmachens
854 2168 67 22 gegen
930 2159 33 23 die
976 2159 74 30 gerade
1064 2158 83 22 übliche

426 2184 213 36 handwerksmäfsige
670 2193 118 22 Schablone
818 2207 29 2 —
877 2191 207 30 handwerksmäfsig
1117 2192 30 20 im

425 2218 81 22 ldiosen
515 2220 50 22 Sinn
576 2235 27 2 —
614 2223 62 23 deren
687 2226 121 22 definitiven
818 2227 125 29 Untergang
955 2226 29 22 sie
996 2224 149 23 herbeiführte.

474 2252 126 30 Leistungen
612 2264 41 13 von
668 2257 80 23 hohem
764 2259 165 22 künstlerischen
942 2260 62 28 Rang
1015 2258 85 22 brachte
1113 2257 33 22 die

426 2282 159 25 Pleinairschule
596 2287 58 21 nicht
666 2289 74 22 hervor
756 2292 44 21 und
812 2300 38 14 wo
864 2292 130 30 gleichzeitig
1006 2291 58 22 doch
1076 2290 71 22 solche

1213 1728 131 26 entstanden,
1355 1727 104 23 erkennen
1468 1728 42 22 wir
1518 1727 64 22 heute
1592 1726 39 22 den
1641 1734 40 14 nur
1689 1725 59 22 losen
1755 1723 185 25 Zusammenhang

1213 1762 40 22 mit
1269 1763 56 28 jener
1342 1762 130 28 Bewegung.
1500 1760 41 21 Die
1555 1759 127 26 Thatsache,
1701 1758 27 22 ob
1747 1759 44 21 eine
1809 1757 73 22 Fläche
1898 1752 41 24 hell

1213 1795 51 22 oder
1281 1794 80 22 dunkel
1378 1794 114 29 gestimmt,
1512 1793 102 22 erscheint
1634 1800 38 14 uns
1693 1792 62 22 heute
1773 1800 40 13 nur
1832 1789 59 23 noch
1910 1787 27 20 als

1213 1827 149 25 Unterschied,
1379 1827 60 21 nicht
1456 1826 58 22 mehr
1526 1826 29 21 als
1567 1828 90 27 Vorzug.
1680 1824 113 22 Ueberdies
1806 1824 57 21 hatte
1874 1823 20 28 ja
1906 1817 33 23 für

1213 1861 41 21 den
1270 1859 150 23 Landschafter
1440 1859 36 22 das
1493 1859 99 21 Studium
1609 1864 62 16 unter
1688 1857 73 22 freiem
1779 1855 96 24 Himmel
1892 1855 46 20 stets

1213 1894 47 22 eine
1272 1894 97 22 conditio
1381 1893 44 21 sine
1437 1900 42 22 qua
1488 1900 44 13 non
1544 1892 103 24 bedeutet,
1660 1891 36 21 das
1709 1890 34 22 die
1754 1888 184 24 Fontainebleauer

1213 1927 67 22 schon
1292 1934 26 14 zu
1329 1927 56 21 einer
1394 1926 92 22 Feinheit
1499 1924 135 31 ausgebildet,
1647 1924 34 21 die
1693 1932 73 13 unsere
1778 1923 85 29 heutige
1873 1920 66 22 Kunst

1213 1960 65 22 kaum
1290 1959 81 22 wieder
1383 1959 93 22 erreicht.

1263 1993 113 21 Nachdem
1389 1992 33 22 die
1434 1993 123 28 Bewegung
1569 1999 25 13 zu
1607 1990 40 21 den
1660 1989 174 22 dankenswerten
1844 1984 94 26 Resultat

1213 2027 56 21 eines
1281 2033 70 14 neuen
1360 2024 108 23 vertieften
1478 2024 108 21 Studiums
1599 2023 117 31 überhaupt
1728 2022 44 22 und
1785 2022 66 21 damit
1863 2027 25 15 zu
1897 2021 42 18 von

1213 2066 77 15 neuem
1304 2058 141 29 beginnender
1461 2056 176 31 Selbständigkeit
1653 2055 85 31 geführt
1753 2055 67 26 hatte,
1837 2054 47 29 läge
1896 2054 42 18 nun

1214 2092 35 22 das
1263 2092 49 22 Heil
1330 2091 104 22 durchaus
1452 2090 59 22 nicht
1529 2090 59 21 mehr
1606 2089 30 21 im
1651 2089 157 30 konsequenten
1825 2084 113 29 Verfolgen

1212 2126 56 28 jener
1285 2125 101 29 einstigen
1399 2126 106 28 Dogmen.
1528 2124 33 27 Ja,
1577 2122 33 21 die
1626 2131 37 12 uns
1679 2120 127 23 anhaftende
1818 2120 78 22 Scheu,
1911 2119 27 17 sie

1213 2157 150 22 rücksichtslos
1380 2165 26 14 zu
1417 2155 168 26 durchbrechen,
1603 2155 34 21 die
1649 2155 87 21 Früchte
1752 2154 56 22 einer
1820 2154 34 21 der
1867 2150 57 23 mäch-

1213 2192 77 28 tigsten
1308 2189 217 22 Kunstrevolutionen
1546 2187 107 32 praktisch
1671 2187 80 22 wieder
1768 2185 129 28 vollständig
1914 2187 8 14 z
1925 2185 12 13 u

1213 2224 104 29 negieren,
1327 2224 25 21 ist
1360 2223 47 21 dem
1414 2224 106 28 Fortgang
1529 2221 36 22 der
1573 2220 164 31 Entwickelung
1747 2220 68 22 direkt
1825 2215 111 26 schädlich-

1213 2258 62 21 Denn
1287 2256 34 22 die
1333 2255 275 31 Begleiterscheinung
1621 2254 34 21 der
1667 2253 115 22 modernen
1794 2254 79 21 Kunst:
1886 2249 41 21 Frei-

1214 2290 51 24 heit,
1279 2288 70 23 offene
1361 2289 58 21 Bahn
1431 2286 103 33 geschafft
1546 2295 25 13 zu
1584 2286 78 26 haben,
1675 2287 25 21 ist
1713 2286 32 22 ihr
1757 2286 90 30 gröfster
1859 2279 77 28 Erfolg-

1248 2453 0 0 174
