2301 2923
310 159 142 27 lenscheren
467 160 52 27 und
539 161 144 29 koketteren
697 167 244 37 Strophengebilden,
956 174 64 26 nach
1033 175 125 35 Häufung

310 198 40 26 des
372 201 97 25 Reimes
490 200 52 26 und
563 201 147 38 vielfältiger
730 207 165 38 Ausnutzung
920 212 78 26 seiner
1018 215 140 28 sinnlichen

309 237 241 38 Klangwirkungen.
572 243 49 24 Das
636 243 182 29 Künstlerische
833 249 94 36 springt
941 261 45 16 uns
1002 253 106 28 vielfach
1122 256 34 26 als

309 282 77 20 etwas
401 278 156 26 Künstliches
572 280 25 25 in
612 281 39 26 die
665 284 98 35 Augen.

635 381 12 13 *
820 385 13 13 *

728 402 12 13 *

368 473 63 24 Man
444 472 43 26 hat
502 483 50 16 von
566 474 81 27 einem
660 478 214 30 naturalistischen
888 485 212 32 Romantieismus
1116 502 28 20 ge-

310 511 121 35 sprochen
453 512 51 26 und
524 522 26 16 in
564 513 41 26 der
619 515 66 26 That
705 518 58 34 geht
778 519 64 27 diese
856 523 129 38 Richtung
999 530 160 28 unmittelbar

310 551 44 23 auf
372 551 40 24 die
426 551 116 26 deutsche
557 554 138 26 Romantik
715 565 30 17 zu
759 557 103 39 Anfang
875 571 97 19 unseres
983 567 174 32 Jahrhunderts

310 589 100 31 zurück,
425 590 95 26 welche
535 591 39 26 die
587 601 66 17 reine
667 595 51 25 und
729 598 122 37 mächtige
862 602 145 29 ästhetische
1015 607 91 28 Kultur
1116 610 44 27 der

310 629 141 25 Weimarer
465 629 100 27 Periode
580 632 66 25 noch
663 643 30 16 zu
707 635 138 29 verfeinern
858 641 53 26 und
925 652 30 16 zu
970 645 186 34 übertrumpfen

310 668 94 25 suchte.
431 670 49 25 Das
498 679 82 25 grosse
597 671 99 31 ideelle,
717 675 162 34 gedankliche
898 682 94 33 Leben,
1011 685 42 27 das
1072 688 24 25 in
1114 690 42 26 der

311 706 214 28 Goethe-Schiller
535 710 54 24 Zeit
602 719 27 17 in
642 711 42 27 der
697 714 129 39 Dichtung
840 718 98 29 daheim
951 723 39 31 ist,
1002 723 97 30 kriecht
1113 739 29 17 zu-

311 754 123 22 sammen,
454 746 52 27 und
528 747 39 26 die
585 750 193 30 Sinnlichkeiten
802 756 41 27 der
864 761 81 26 Kunst
967 766 134 30 gewinnen
1126 778 31 17 an

311 785 83 25 Raum
430 787 27 24 In
475 789 83 23 süssen
571 789 89 27 Tönen
674 800 29 17 zu
718 792 110 36 denken,
847 797 40 27 die
901 803 255 31 verschwimmenden

311 823 109 26 Gefühle
440 825 52 25 und
506 828 185 36 Stimmungen,
713 832 42 27 das
769 835 142 37 Unsagbare
924 842 51 25 und
990 844 167 30 Unbewusste

312 872 26 16 in
352 863 167 37 Erscheinung
533 875 30 16 zu
576 867 109 37 bringen,
699 870 69 28 lockt
783 874 39 26 die
833 878 98 28 Poeten.
956 883 58 26 Und
1029 884 39 27 die
1083 889 73 25 Verse

312 900 91 37 fangen
424 904 63 25 auch
507 904 93 28 damals
620 917 32 16 an
666 918 29 17 zu
709 910 112 39 klingeln
833 917 51 27 und
895 919 51 26 sich
961 923 45 25 mit
1021 933 119 20 onomato-

312 942 143 35 poetischen
465 943 143 29 Elementen
618 956 29 17 zu
659 948 143 33 überlasten.
823 956 71 27 Diese
905 960 252 33 Sinnlichkeitskunst

315 979 89 36 pflanzt
431 983 52 25 sich
510 982 51 28 fort
587 995 27 16 in
637 987 55 27 dem
715 990 127 37 eleganten
864 998 174 30 Formalismus
1059 1014 98 18 unserer

313 1021 153 26 Münchener
481 1023 186 30 Dichterschule
677 1029 51 26 und
743 1032 42 25 der
799 1032 180 34 französischen
994 1043 153 28 Parnassiens

313 1068 26 15 in
360 1060 79 26 ihrem
453 1060 102 28 tieferen
569 1066 92 27 Wesen
683 1068 56 28 aber
756 1073 52 26 und
827 1074 25 27 in
867 1076 63 28 ihrer
945 1081 83 26 vollen
1042 1055 115 65 EigenS

312 1098 38 26 bei
361 1099 46 26 den
419 1100 125 28 radikalen
551 1104 186 31 Aestheticisten
749 1110 40 27 des
799 1117 169 27 neunzehnten
972 1121 185 34 Jahrhunderts,

312 1147 26 16 w
363 1139 44 26 ehe
425 1139 56 27 dem
504 1151 89 19 immer
614 1147 69 26 mehr
702 1148 228 35 überwuchernden
948 1160 150 28 Prosaismus
1116 1164 30 26 de

311 1179 132 26 Litteratur
459 1190 51 17 von
530 1184 205 36 jungdeutschem
748 1192 94 28 Wesen
856 1197 153 38 wohlthätig
1023 1209 120 26 entgegen-

313 1217 96 27 wirken
433 1220 97 27 freilich
544 1223 64 26 auch
623 1226 40 26 ein
676 1229 157 30 Verständnis
848 1244 47 17 nur
909 1236 39 27 bei
961 1238 49 27 den
1023 1212 135 57 Künstlern

347 1256 40 27 ber
400 1258 91 28 finden.
514 1263 180 29 Unmittelbare
705 1269 100 28 Schüler
819 1272 42 27 der
874 1275 134 29 deutschen
1019 1281 140 27 Romantik

315 1298 53 25 sind
381 1298 130 38 Colendge
525 1303 50 26 und
590 1305 56 31 Poe,
661 1316 40 17 ein
714 1311 187 29 unmittelbarer
912 1317 100 27 Schüler
1027 1321 60 26 Poes
1102 1320 57 27 aber

311 1342 30 19 ist
352 1337 151 34 Baudelaire,
514 1341 50 27 und
575 1344 143 29 Baudelaire
729 1348 42 27 der
781 1352 111 28 Urheber
902 1356 51 26 und
965 1358 139 34 Begründer
1117 1361 43 26 der

311 1375 174 29 Dekadenten-
508 1382 50 26 und
583 1385 233 39 Symbolistenlyrik
840 1393 137 34 Verlames,
1006 1398 153 33 Mallarmes,

311 1415 174 30 Maeterlincks
501 1430 24 16 u.
539 1430 9 16 s
572 1432 27 16 w
634 1425 92 27 Unsere
746 1430 203 35 zeitgenössische
963 1438 184 28 naturalistisch-

311 1454 201 31 astheticistische
540 1462 76 34 Lyrik
636 1463 67 28 hatte
723 1467 75 27 daher
822 1471 132 36 eigentlich
982 1476 69 26 nicht
1077 1480 81 33 nötig,

311 1494 140 27 Baudelaire
475 1497 48 27 auf
539 1500 47 27 den
606 1503 83 27 Schild
709 1515 31 17 zu
758 1507 87 34 heben,
857 1513 49 25 wie
922 1524 59 16 man
995 1516 80 36 einige
1088 1490 72 61 Jahfc

311 1529 84 32 früher
406 1535 61 27 Zola
478 1537 47 26 auf
533 1539 46 26 den
587 1541 82 27 Schild
680 1544 61 32 hob,
752 1549 64 24 nach
827 1550 74 27 altem
912 1552 144 29 deutschem
1063 1558 97 26 Brauch

311 1580 43 17 aus
373 1573 40 26 der
428 1576 97 26 Fremde
549 1589 30 15 zu
599 1580 128 35 beziehen,
746 1596 54 16 was
819 1589 34 25 im
873 1591 101 36 eigenen
989 1595 84 27 Hause
1088 1597 72 26 wohl

312 1609 192 39 aufgespeichert
523 1616 41 36 lag
596 1621 48 24 Das
669 1621 105 29 formale
798 1628 128 28 Bestreben
950 1632 41 26 der
1015 1635 145 27 Decadence

314 1647 113 30 bedeutet
448 1654 55 25 sehr
525 1656 49 26 viel
597 1656 40 28 für
661 1661 39 25 die
719 1662 164 32 französische
897 1672 120 34 Sprache,
1038 1674 39 26 die
1098 1685 48 23 gan

314 1688 83 26 anders
416 1700 71 17 einen
508 1695 201 31 Prosacharakter
723 1706 77 33 trägt,
825 1706 34 26 als
879 1695 128 43 die\nser
1035 1714 53 25 und
1098 1685 16 26 &
1107 1725 9 15 s
1129 1716 31 26 eh

315 1727 48 25 viel
374 1728 121 28 schwerer
565 1735 71 26 einen
657 1737 192 33 künstlerischen

314 1765 78 27 druck
405 1776 111 20 umsetzt.
542 1773 40 25 Ber
596 1774 47 26 den
658 1777 159 30 Dekadenten
833 1785 52 26 und
899 1788 168 34 Symbolisten
1126 1804 34 15 se

314 1813 52 16 nun
377 1815 61 25 ganz
449 1816 71 18 unter
531 1814 166 30 germanische
708 1818 118 29 Einflüsse
840 1832 99 27 geraten
953 1829 52 26 und
1019 1832 62 25 such
1106 1833 54 25 eine

315 1842 270 32 deutschromanusche
600 1853 91 25 Kunst-
705 1857 52 26 und
770 1861 218 38 Künstlersprache
1006 1878 29 16 zu
1050 1872 100 26 werden

317 1958 81 26 Bilder
412 1961 51 25 und
477 1964 199 38 Vorstellungen,
684 1932 249 84 %£££
939 1948 220 68 ÄÄ

316 2005 40 16 ein
366 1999 209 29 verdämmerndes
587 2006 50 25 und
649 2010 170 30 verwebendes
826 2018 155 30 Seelenleben
991 2033 30 16 zu
1032 2027 120 30 g«taken

317 2036 38 24 Da
370 2046 44 16 wo
431 2048 85 17 unsere
530 2043 396 41 naturahstisch-ästheticistische
940 2062 48 34 Lyr
1000 2063 17 25 k
1030 2074 36 16 un
1078 2076 24 16 er
1113 2066 48 27 den

319 2074 136 28 Einflüssen
470 2077 42 26 der
529 2078 183 34 französischen
729 2090 160 31 Dekadenten
911 2100 63 26 steht
1006 2103 29 25 ist
1055 2114 33 16 sie
1107 2106 53 26 eine

317 2111 203 41 lebensunfähige
538 2119 52 25 und
609 2123 126 28 modische
752 2109 215 50 vorübergehend
968 2109 45 50 V
1028 2117 35 42 V

317 2151 53 25 und
383 2153 65 26 wird
467 2155 90 27 ebenso
577 2161 69 25 rasch
666 2163 128 28 abwelken
858 2143 15 33 B.vß
893 2175 69 16 .v
984 2142 18 49 f
1005 2142 129 28 rSchelnun
1137 2155 24 26 8>

317 2190 241 37 zählungslitteratur
580 2197 26 26 in

318 2230 83 25 Etwas
421 2232 141 37 Wichtiges
581 2238 52 26 und
654 2242 98 27 Grosses
774 2216 56 57 Lr
851 2249 100 30 bedeute
988 2257 39 26 die

319 2268 149 38 erweckung
479 2271 40 27 des
531 2274 159 31 elementaren
702 2286 180 29 romantischen
890 2261 107 55 AeLti
1149 2302 11 14 a

318 2305 40 26 die
379 2307 113 37 Aufgabe
518 2312 75 28 dieser
613 2317 88 27 Schule
725 2291 63 55 E
801 2334 34 18 M
836 2291 136 63 dft

319 2344 83 32 darin,
422 2347 47 27 den
488 2357 76 21 etwas
586 2354 113 28 derberen
720 2332 54 50 ~„f
831 2364 35 18 ffr
866 2332 14 50 '■
887 2368 13 14 u
957 2332 123 32 Formalen

320 2383 41 26 der
373 2355 235 71 Objektivität^
608 2366 43 54 Z
651 2362 149 65 Tverftmtn

321 2432 29 16 -
365 2424 117 36 gestalten
501 2402 118 55 und'ihn
636 2435 47 25 auf
696 2408 113 60 TSI

319 2470 63 18 msse
395 2470 107 31 strenger
515 2468 174 32 hinzuweisen.
843 2454 33 16 un
878 2454 139 24 stlerischen
1036 2454 128 29 Erforder-

1294 182 81 27 Ihrem
1390 184 102 27 inneren
1506 187 95 25 Wesen
1616 187 65 26 nach
1695 186 73 27 kehrt
1781 188 35 26 sie
1830 188 94 26 reicher
1938 188 52 27 und
2004 187 95 27 stärker

1237 220 40 26 die
1297 222 208 36 Subjektivitäten
1522 225 105 32 hervor,
1648 227 52 26 und
1720 227 110 26 bekennt
1849 227 53 27 sich
1923 237 58 17 zum
2000 228 85 26 Aristo-

1237 259 146 34 kratismus,
1401 265 121 26 während
1543 265 40 26 die
1597 272 78 20 etwas
1689 266 75 27 ältere
1778 267 131 36 Richtung
1924 267 71 26 mehr
2009 266 72 27 demo-

1236 298 124 29 kratische
1374 304 69 35 Züge
1461 313 44 17 zur
1518 305 82 26 Schau
1621 309 74 32 trägt.
1737 308 81 24 Deren
1832 308 92 24 Poeten
1939 306 95 36 gingen
2054 304 49 28 auf

1237 338 40 27 die
1292 342 108 26 Strassen
1417 343 52 26 und
1489 345 94 25 Gassen
1603 345 103 31 hinaus,
1726 346 104 25 suchten
1849 345 43 26 das
1911 344 69 27 Volk
1998 345 39 26 bei
2057 345 42 26 der

1237 378 100 32 Arbeit,
1356 381 39 26 bei
1413 382 85 26 seinen
1511 382 139 38 Kämpfen,
1670 384 93 26 Leiden
1780 384 52 26 und
1851 384 109 26 Freuden
1982 383 48 27 auf
2046 384 53 26 und

1237 417 180 31 beobachteten
1435 422 40 26 die
1494 422 73 26 Welt
1588 423 44 25 der
1648 424 183 35 Aussendinge.
1869 424 59 25 Und
1946 430 78 20 etwas
2044 433 42 17 ver-

1236 459 110 27 ächtlich
1358 461 119 36 sprachen
1491 462 34 25 sie
1536 462 124 26 zuweilen
1674 472 52 16 von
1736 463 48 26 den
1795 462 177 37 Liebespoeten
1983 463 52 26 und
2050 463 50 25 den

1237 497 100 28 kleinen
1358 500 188 35 jämmerlichen
1566 502 145 26 Schmerzen
1732 502 40 26 des
1792 502 67 30 Ichs,
1877 503 51 25 wie
1950 501 150 37 umgekehrt

1237 547 87 17 unsere
1341 540 191 26 Aestheticisten
1552 541 122 35 spöttisch
1695 540 48 27 auf
1760 541 40 26 die
1819 541 96 36 groben
1932 541 93 26 Volks-
2047 541 53 26 und

1237 578 235 36 Massenbeglücker
1494 579 177 27 herabblicken
1693 580 52 26 und
1767 580 95 27 wieder
1885 580 137 36 sorgfältig
2047 580 53 27 ihre

1237 618 95 25 Fenster
1346 628 79 26 gegen
1439 619 48 26 den
1502 621 75 24 Lärm
1591 619 41 26 des
1643 621 78 34 Tages
1737 620 52 26 und
1800 619 112 27 Marktes
1926 619 174 31 zuschliessen,

1234 665 45 17 um
1313 658 27 25 in
1378 658 49 26 den
1461 658 199 36 Entzückungen
1696 658 41 27 des
1773 658 262 27 Geistesaristokraten
2069 669 32 16 zu

1235 696 143 36 schwelgen
1398 698 52 26 und
1471 698 192 26 Nietzschesche
1677 700 110 24 Träume
1804 707 31 17 zu
1855 701 122 23 träumen.

1235 735 106 27 schreibt
1364 736 42 27 der
1426 738 173 29 Aestheticist,
1618 737 43 26 der
1680 738 131 29 Phantast,
1834 737 43 26 der
1897 737 132 26 Dekadent
2047 736 54 27 und

1235 774 140 38 Symbolist
1389 777 95 25 wieder
1503 777 47 25 mit
1567 786 103 26 grossen
1688 776 157 27 Buchstaben
1862 777 52 25 und
1936 776 124 36 schwelgt
2074 777 26 24 in

1235 814 83 26 seinen
1339 818 129 23 Genüssen
1489 816 52 26 und
1563 818 265 33 Nervenerregungen.
1878 817 47 24 Die
1944 825 85 26 grosse
2049 815 52 26 und

1235 852 97 27 düstere
1346 856 190 34 pessimistische
1547 855 114 26 Melodie
1675 855 41 26 des
1737 866 7 15 i
1754 865 22 16 o.
1785 855 177 34 Jahrhunderts
1977 854 82 36 klingt
2074 856 27 24 in

1235 893 55 25 eine
1309 893 363 37 bacchantisch-orgiastische
1686 895 88 25 Weise
1789 904 56 20 aus,
1864 895 39 25 die
1922 894 114 35 zugleich
2051 904 50 16 von

1235 932 263 38 Lebensvernichtung
1508 934 53 26 und
1572 934 148 35 Lebensgier
1730 934 67 35 singt
1807 934 54 25 und
1872 934 42 26 der
1928 934 49 25 alte
1991 934 98 25 Satanis-

1235 981 56 16 mus
1319 972 53 27 und
1400 973 211 30 Immoralismus,
1637 972 109 27 welcher
1770 973 39 26 die
1837 973 194 36 Emancipation
2058 972 42 27 des

1235 1010 119 28 Fleisches
1367 1011 175 37 verkündigte,
1555 1012 74 26 endet
1640 1012 26 26 in
1678 1012 81 26 einem
1767 1012 147 36 brünstigen
1922 1011 179 28 Sexualismus.

1236 1051 75 26 Auch
1332 1051 31 26 da
1382 1051 51 26 lebt
1450 1052 110 26 Aelteres
1577 1050 64 27 fort:
1666 1051 39 26 die
1727 1051 229 26 Nacktheitskunst
1975 1051 43 26 der
2036 1051 52 26 sieb-

1235 1090 66 36 ziger
1332 1091 85 34 Jahre,
1444 1090 127 31 Makarts,
1599 1091 160 36 Hamerlings
1791 1090 54 26 und
1872 1090 162 31 Grisebachs,
2062 1090 40 26 die

1237 1130 144 36 Stimmung
1395 1130 41 26 des
1451 1130 203 26 Dranmorschen

1296 1171 50 24 Der
1360 1170 70 26 Geist
1444 1170 42 26 des
1497 1170 188 25 Naturalismus
1701 1170 57 26 aber
1772 1176 54 29 regt
1840 1170 53 26 sich
1907 1170 26 25 in
1948 1169 78 26 dieser
2037 1169 49 26 Sub-

1236 1208 203 36 jektivitätslyrik
1463 1208 94 27 ebenso
1582 1208 113 27 deutlich
1721 1209 51 26 wie
1793 1209 27 25 in
1844 1208 44 26 der
1908 1209 132 34 Dichtung
2060 1208 43 26 der

1237 1247 160 36 Objektiven.
1440 1250 49 24 Der
1499 1247 197 30 Naturalismus,
1712 1247 43 26 der
1764 1247 90 26 immer
1865 1258 30 15 an
1908 1248 47 25 den
1966 1247 137 36 Anfängen

1238 1287 68 26 einer
1331 1297 83 16 neuen
1435 1286 169 27 literarischen
1628 1286 198 36 Entwickelung
1851 1286 76 31 steht,
1953 1290 66 32 trägt
2044 1293 58 20 stets

1238 1333 78 19 etwas
1331 1326 135 26 Tastendes
1480 1325 53 26 und
1549 1325 141 26 Suchendes
1705 1335 31 16 an
1750 1325 61 27 sich.
1852 1327 31 24 Er
1898 1325 56 26 will
1968 1326 53 25 und
2035 1335 67 17 muss

1237 1366 54 25 sich
1306 1366 26 25 in
1353 1365 42 26 der
1409 1374 82 17 neuen
1505 1363 74 27 Welt
1593 1370 47 19 erst
1660 1364 101 26 zurecht
1782 1363 93 31 finden,
1896 1374 26 16 er
1943 1364 159 32 beobachtet,

1238 1404 125 30 sammelt,
1375 1404 103 25 studiert
1492 1403 52 26 und
1560 1402 141 27 reflektiert.
1736 1402 59 26 Und
1806 1413 77 16 wenn
1898 1403 40 26 die
1949 1403 153 36 Objektiven

1238 1444 65 26 nach
1321 1443 43 26 der
1379 1442 122 27 Kenntnis
1518 1442 53 26 und
1585 1441 149 27 Erkenntnis
1753 1441 42 27 der
1809 1442 159 26 Aussenwelt
1989 1443 54 26 und
2061 1444 42 25 des

1238 1482 232 27 Aussenmenschen
1494 1481 118 30 suchten,
1636 1490 28 16 so
1689 1480 96 27 wollen
1812 1480 40 27 die
1877 1481 160 36 Subjektiven
2061 1483 43 26 das

1238 1522 152 26 Innenleben
1407 1521 41 25 des
1468 1529 82 17 neuen
1568 1520 139 25 Menschen
1725 1530 41 16 am
1780 1522 122 34 Ausgang
1922 1531 98 16 unseres
2033 1523 57 33 Jahr-

1238 1561 120 26 hunderts
1367 1559 152 30 erforschen,
1529 1560 66 24 seine
1603 1560 229 29 Nervenzustände,
1844 1561 66 25 seine
1918 1562 186 35 Stimmungen,

1239 1601 66 25 seine
1320 1599 118 27 Gefühle.
1472 1598 60 26 Und
1551 1598 42 26 der
1606 1599 188 26 Naturalismus
1813 1599 44 26 hat
1877 1610 52 16 von
1950 1601 67 34 jeher
2031 1601 73 25 einen

1238 1638 142 28 schärferen
1401 1638 71 27 Blick
1499 1636 42 28 für
1565 1638 41 26 die
1626 1639 164 26 Nachtseiten
1817 1639 40 26 des
1878 1640 104 26 Daseins
2003 1639 101 37 gehabt.

1239 1678 75 27 Auch
1332 1678 41 27 bei
1393 1678 48 26 den
1456 1677 192 27 Aestheticisten
1667 1678 141 36 überwiegt
1822 1678 40 27 die
1877 1679 117 26 Vorliebe
2009 1678 41 27 für
2065 1679 39 26 die

1239 1718 165 26 Brutalitäten
1419 1717 40 27 des
1474 1716 94 27 Lebens
1582 1716 52 27 und
1653 1716 42 28 für
1708 1718 54 26 eine
1777 1717 253 38 Elendsdarstellung.
2065 1719 39 25 Sie

1239 1758 118 36 sprechen
1371 1757 72 26 mehr
1458 1766 49 17 von
1523 1756 57 27 dem
1590 1756 262 28 Allzumenschlichen
1867 1758 34 26 als
1916 1758 57 26 dem
1984 1759 100 25 Mensch-

1239 1797 84 26 lichen
1337 1796 53 27 und
1412 1796 40 26 ihr
1472 1795 221 32 aristokratischer,
1714 1798 36 25 im
1767 1799 83 24 Luxus
1872 1797 167 27 erstickender
2054 1799 34 24 De-

1240 1836 94 26 kadent
1347 1838 32 24 ist
1397 1837 40 25 ein
1458 1836 89 26 ebenso
1567 1837 183 34 jammervoller
1764 1838 174 29 Tiermensch,
1957 1838 52 25 wie
2023 1836 40 27 die
2077 1837 27 25 in

1239 1876 118 26 Schmutz
1371 1876 54 26 und
1439 1877 81 25 Unrat
1540 1875 177 27 verkommene
1736 1877 79 26 Bestie
1828 1876 75 26 Zolas
1917 1877 54 25 und
1984 1876 118 35 Tolstojs.

1295 2072 46 26 Die
1369 2073 85 25 Poesie
1488 2072 41 26 des
1556 2072 166 26 Sexualismus
1756 2072 86 27 erfuhr
1874 2073 40 25 bei
1940 2072 47 27 den
2016 2070 74 37 objek-

1240 2110 76 31 tiven,
1331 2112 51 25 wie
1397 2111 40 26 bei
1451 2112 48 26 den
1514 2111 156 37 subjektiven
1681 2112 173 26 Naturalisten
1866 2113 54 24 eine
1935 2111 81 36 gleich
2028 2110 64 27 liebe-

1241 2149 67 26 volle
1329 2150 88 36 Pflege.
1452 2152 75 25 Auch
1550 2152 27 25 in
1601 2151 49 25 den
1671 2153 86 33 Tagen
1781 2152 43 25 der
1848 2151 155 30 „modernen
2025 2150 64 26 Dich-

1467 2191 61 25 trieb
1553 2191 33 25 sie
1608 2190 128 26 allerhand
1759 2190 100 26 krauses
1884 2189 151 27 Blattwerk:
2064 2190 41 25 bei

1241 2228 132 26 Hermann
1384 2230 119 30 Conradi,
1518 2230 48 26 den
1581 2230 43 25 der
1633 2229 56 25 Tod
1704 2227 188 37 hinwegraffte,
1907 2228 77 27 bevor
1997 2239 26 15 er
2037 2230 67 24 noch

1242 2276 43 16 aus
1295 2267 41 26 der
1345 2269 101 26 Periode
1454 2269 42 26 der
1501 2268 237 38 Anempfindungen
1748 2268 78 35 völlig
1833 2269 199 35 herausgetreten
2040 2278 63 20 war,

1242 2306 26 25 in
1283 2307 48 26 den
1341 2317 234 28 unausgegorenen,
1588 2308 164 27 wirbelichen
1763 2309 91 24 Versen
1869 2308 127 26 Wilhelm
2006 2309 97 28 Arents,

1242 2346 27 24 in
1280 2346 80 27 denen
1370 2347 34 27 sie
1414 2348 27 26 in
1451 2348 175 36 wollüstigem
1637 2347 112 26 Stöhnen
1760 2357 30 16 zu
1803 2346 121 27 ersticken
1935 2348 93 26 schien.
2057 2347 47 26 Die

1242 2385 75 25 rand-
1329 2386 50 27 und
1388 2386 78 27 band-
1475 2388 52 25 und
1535 2387 146 26 sehnenlose
1688 2387 66 26 Freie
1760 2386 248 35 Rhythmen-Erotik
2015 2388 89 25 Arents

1243 2424 60 35 ging
1309 2424 66 27 dann
1383 2429 79 33 später
1468 2426 39 26 bei
1515 2427 57 25 dem
1579 2427 107 25 Wiener
1693 2426 65 25 Felix
1766 2428 139 29 Dörmann,
1917 2427 81 25 einem
2007 2426 82 26 Baude-

1244 2461 184 29 laire-Schüler
1449 2466 26 25 in
1495 2467 55 24 eine
1570 2465 102 36 glattere
1692 2465 52 26 und
1759 2464 187 28 herkömmlich
1961 2465 142 26 korrektere

1243 2502 171 36 Verssprache,
1423 2505 40 25 ich
1472 2506 100 25 möchte
1580 2514 83 26 sagen,
1671 2505 28 25 in
1708 2505 53 25 eine
1770 2504 187 27 Sonettenform
1965 2506 48 25 ein.
2029 2505 75 26 Doch

1273 2689 0 0 38
