2301 2923
341 261 105 28 dualität
457 275 50 15 von
522 267 80 34 gleich
617 270 173 39 selbständiger
805 278 115 37 Prägung
933 280 76 29 kennt
1025 285 38 27 die
1077 289 117 28 moderne

340 302 233 36 Kunstgeschichte:
595 309 96 26 Arnold
706 313 104 27 Böcklin
1096 300 98 17 loaerne

339 389 84 16 waren
472 384 39 24 An
541 384 57 27 dem
622 387 127 29 Idealisten
775 394 107 28 Böcklin
906 399 43 26 hat
974 401 41 26 der
1040 406 82 27 Strom
1153 410 40 24 des

338 419 183 28 Naturalismus
543 425 203 37 vorübergetobt,
766 433 66 27 ohne
852 436 43 26 ihn
917 448 28 16 zu
970 441 84 28 erschü
1077 455 53 18 ern-
1153 449 14 25 d

338 457 93 26 Realist
453 460 95 28 Menzel
574 463 64 27 blieb
662 467 135 30 unberührt
821 483 50 18 von
893 477 41 26 der
954 481 138 29 Romantik
1117 468 49 46 sein

335 496 144 36 Jugendzeit
495 510 51 17 wxe
565 511 50 19 von
633 505 56 27 dem
707 510 200 31 Neuidealismus
928 518 75 26 seines
1020 522 31 26 AI
1059 532 40 18 „
1136 529 26 24 N
1165 538 14 16 u

448 538 5 71 s
453 538 111 68 tr
567 552 12 15 e
571 591 31 17 na
594 553 11 15 e
605 583 29 26 ch
641 546 113 27 NatUren
775 550 86 28 **»
883 554 45 28 3lle
949 560 242 39 «'«

334 651 32 26 flä
368 616 610 88 chtx^Snti^:^r
992 637 47 28 auf
1056 641 41 27 der
1111 644 79 60 °^

335 694 193 33 unterscheiden,
545 698 24 26 in
584 699 39 27 die
936 685 42 56 £
992 687 131 51 ZuZ™

333 731 151 36 Thätigkeit.
505 737 28 24 In
544 712 183 57 Menzefwirkt
742 745 41 26 das

333 769 144 34 deutschen,
499 775 41 26 der
554 778 79 26 Basler
646 782 101 26 Meister
771 785 83 25 besitzt
875 791 5 19 ;
884 800 22 10 m
965 794 14 16 n
1011 768 15 25 g
1053 802 9 8 ,

331 810 126 34 po«Uche
721 792 42 59 £
1149 803 39 29 *

330 847 96 28 Memel
450 859 51 19 von
521 854 105 29 Böcklin
648 859 39 26 ein
709 863 125 28 Gelehrtet
854 854 109 39 ee,,a„„7
1031 876 13 17 j

331 886 76 27 dieser
421 890 54 27 dem
490 893 90 27 andern
595 898 73 26 „oM
683 900 34 25 als
733 903 37 24 ein
788 907 28 20 re
821 917 10 10 r
834 878 36 46 l?
953 880 8 8 '
1031 876 17 27 J
1051 898 8 12 -
1080 890 28 17 so
1129 893 57 27 ™S

330 935 40 17 ™
372 932 44 54 f
419 935 58 21 ante
501 932 77 29 Liebli
580 944 15 17 „
597 946 17 25 g
636 898 81 75 jlf
727 905 403 73 STfei
1139 924 47 62 f

330 964 64 27 hoe.,
399 976 8 15 s
411 974 37 19 ,e„
460 969 63 27 p™,
533 973 67 34 giebt
600 995 7 5 .
636 978 85 27 Dllreh
733 981 167 39 Mkngläw
900 959 15 17 »
912 988 12 27 fi
925 951 63 67 ;£;
1015 958 99 67 ag.
1137 961 49 29 *.

1274 298 81 26 Detail
1376 301 78 26 seiner
1475 304 163 37 Umgebung,
1664 307 39 25 die
1725 309 76 25 Hand
1825 310 32 25 ist
1879 310 81 27 allzeit
1981 311 89 33 bereit,
2093 315 46 24 mit

1273 337 175 29 wunderbarer
1475 344 78 25 Treue
1584 344 41 27 das
1654 349 126 25 Gesehene
1809 359 29 16 zu
1862 351 86 35 Papier
1971 361 29 15 zu
2028 352 110 36 bringen.

1272 376 132 28 Scheinbar
1419 382 94 36 müssig
1527 384 139 27 schlendert
1680 386 42 26 der
1733 387 89 27 andere
1837 388 78 27 durch
1930 390 40 26 die
1986 391 152 27 italienische

1273 416 159 34 Landschaft,
1445 420 56 27 aber
1516 424 51 24 sein
1579 425 181 37 Künstlerauge
1776 426 85 27 erfasst
1877 429 41 25 das
1931 431 154 34 Organische
2097 431 41 26 der

1272 456 177 39 Erscheinung,
1465 460 41 27 das
1518 464 193 36 Gesetzmassige
1725 466 26 26 in
1766 466 47 26 den
1824 468 88 25 Linien
1927 468 40 26 des
1978 469 105 31 Bodens,
2098 470 40 26 die

1272 496 232 37 Stimmungswerte
1515 511 51 16 von
1574 503 73 26 Farbe
1659 504 50 26 und
1719 505 181 37 Beleuchtung;
1909 517 53 16 was
1973 518 25 16 er
2009 510 127 33 geschaut,

1272 541 30 18 ist
1316 544 46 17 nur
1377 536 39 27 die
1428 537 60 27 feste
1500 542 145 35 Grundlage
1657 542 41 27 für
1709 543 42 26 das
1763 543 61 27 freie
1835 547 65 34 Spiel
1911 547 77 26 seiner
1999 549 136 26 Phantasie.

1330 577 48 25 Das
1393 579 194 28 Interessanteste
1603 591 30 17 an
1648 584 118 24 Menzel's
1782 584 97 27 Bildern
1893 586 55 26 sind
1962 586 40 26 die
2017 588 117 33 Studien;

1270 612 39 27 die
1323 616 136 27 Wahrheit
1477 619 41 25 des
1532 620 131 27 Einzelnen
1683 623 30 24 ist
1728 628 104 30 grösser,
1851 625 33 25 als
1905 625 40 26 die
1966 627 40 25 des
2024 629 110 24 Ganzen.

1270 654 57 25 Von
1338 655 107 27 Böcklin
1457 657 78 27 kennt
1546 669 58 16 man
1616 660 78 26 kaum
1706 662 170 31 Vorarbeiten,
1891 664 40 26 die
1942 665 191 32 Landschaften,

1269 691 40 27 die
1329 703 25 16 er
1376 695 122 33 aufbaut,
1522 699 66 25 wird
1607 710 59 15 man
1684 701 26 25 in
1728 702 42 25 der
1788 702 185 28 Wirklichkeit
1993 705 140 36 vergeblich

1268 733 102 31 suchen,
1385 735 40 26 die
1439 736 165 32 Fabelwesen,
1619 740 48 25 mit
1681 740 78 26 denen
1776 752 24 15 er
1814 742 33 26 sie
1863 742 138 32 bevölkert,
2016 745 44 25 hat
2070 746 48 24 Nie-

1267 773 76 25 mand
1354 775 114 34 gesehen,
1481 786 32 15 an
1525 777 47 26 den
1583 779 222 37 Verzeichnungen
1815 781 78 26 seiner
1904 782 104 36 Figuren
2019 783 59 26 liebt
2094 784 39 26 die

1268 811 234 30 Dilettantenkritik
1517 817 40 25 ihr
1567 818 142 26 Müthchen
1725 829 29 16 zu
1764 819 104 32 kühlen,
1884 821 56 26 aber
1955 832 52 16 was
2022 833 25 15 er
2061 823 71 30 malt,

1267 851 65 26 steht
1347 862 27 16 so
1394 852 94 38 fraglos
1510 856 51 25 und
1581 858 169 36 nothwendig
1768 859 39 31 da,
1826 861 52 24 wie
1892 860 41 26 die
1946 863 84 24 Natur
2049 862 80 27 selbst.

1266 891 70 26 Seme
1347 892 80 26 Bilder
1441 894 54 26 sind
1509 895 41 26 nie
1564 896 98 36 witzig,
1676 897 85 26 weder
1774 899 66 25 nach
1853 899 58 26 dem
1924 901 83 25 Inhalt
2022 903 67 25 noch
2105 902 25 25 in

1266 928 41 27 der
1323 932 101 31 Mache,
1443 933 57 27 aber
1517 937 54 33 jene
1591 936 122 35 göttliche
1731 937 140 27 Heiterkeit
1888 939 61 35 liegt
1968 939 60 28 über
2044 940 86 32 ihnen,

1265 967 39 28 die
1319 970 42 26 das
1376 972 113 27 Höchste
1509 974 38 31 ist,
1564 984 53 16 was
1638 985 44 15 uns
1702 976 39 26 die
1758 979 81 24 Kunst
1858 988 29 15 zu
1902 978 104 36 bringen
2020 989 109 27 vermag.

1865 1038 34 26 H.
1915 1047 52 16 von
1980 1039 109 25 Tschudi

1261 2801 0 0 44
