2301 2923
789 943 113 46 EIN
940 928 410 56 RINGKAMPF

195 1155 161 77 UNSER
378 1160 152 40 Gespräch
550 1171 57 19 war
631 1161 30 29 in
685 1161 93 28 bester
797 1158 89 28 Fahrt.
926 1154 36 28 So
983 1151 45 28 ein

282 1201 160 40 Gespräch,
462 1206 56 28 wie
539 1216 29 18 es
589 1206 75 28 beim
685 1205 153 38 Schoppen
852 1199 89 29 Wein
961 1205 66 19 vom

196 1238 30 27 St
227 1244 60 35 apel
303 1245 78 37 läuft,
396 1260 87 18 wenn
494 1250 136 29 draussen
643 1250 51 28 der
707 1249 133 35 Frühling
853 1245 70 28 über
933 1239 94 31 Nacht

195 1281 58 32 den
272 1287 120 33 Winter
412 1294 155 38 verdrängt
592 1295 56 28 hat.
687 1295 85 27 Dann
790 1292 58 28 hält
867 1288 45 28 die
933 1286 94 28 Sonne

194 1335 80 27 gross
289 1334 219 34 Reinemachen.
544 1340 47 28 Ihr
605 1337 232 31 Flammenbesen
857 1332 108 30 stöbert
984 1337 43 19 am

193 1370 127 36 Himmel
342 1381 57 28 den
420 1392 105 28 grauen
546 1381 258 31 Wolkenkehricht
824 1377 51 30 auf
889 1374 58 30 und
966 1381 46 20 zer-

193 1413 28 29 fe
223 1425 31 28 gt
280 1423 50 28 auf
345 1425 69 29 Feld
435 1428 59 28 und
514 1429 106 28 Strasse
641 1428 48 29 das
710 1422 175 33 Gemantsch
904 1428 59 20 von
983 1416 43 29 Eis

193 1462 60 27 und
273 1464 78 33 Koth
376 1471 60 28 und
460 1473 118 28 Schnee.
619 1473 54 28 Die
699 1471 108 37 Kneipe
834 1467 65 29 aber
926 1461 100 31 breitet

193 1507 78 29 »och
291 1511 109 38 einmal,
419 1515 38 29 als
472 1517 71 29 ahne
568 1517 39 28 sie
628 1518 44 27 die
687 1512 196 32 sommerliche
897 1509 129 28 Untreue

192 1547 74 32 ihrer
280 1553 140 40 Freunde,
440 1560 52 29 alle
510 1562 112 28 Zauber
641 1562 76 29 ihrer
731 1553 221 35 Gemütlichkeit
972 1559 53 21 aus.

193 1590 68 32 Und
276 1597 49 30 das
340 1602 151 40 Gespräch
503 1606 115 29 flackert
632 1613 93 29 erregt
744 1602 60 30 und
817 1608 105 23 unstet;
944 1606 28 19 es
991 1595 36 29 ist

192 1643 60 23 von
262 1641 159 35 Sehnsucht
432 1648 170 31 durchweht
612 1651 60 28 und
679 1650 127 35 Ahnung
816 1645 59 29 und
885 1643 140 31 Inbrunst,

192 1679 33 28 ab
228 1690 30 20 er
278 1696 29 17 es
327 1689 37 29 ist
383 1693 72 29 auch
475 1694 66 29 wirr
562 1695 59 28 und
638 1691 185 31 dämmerhaft
842 1688 59 30 und
921 1685 104 31 ziellos.

248 1728 68 31 Wir
340 1734 99 31 hatten
458 1748 54 19 uns
537 1738 31 30 in
588 1738 141 29 allerhand
750 1734 189 36 Kunstfragen
962 1738 48 20 ver-

190 1769 71 30 tieft.
309 1777 85 30 Dann
425 1782 138 38 plötzlich
596 1792 142 30 sprangen
772 1780 51 29 wir
856 1777 50 29 auf
931 1774 76 30 Welt-

191 1810 189 51 betrachtung
409 1827 72 28 über
510 1828 61 28 und
603 1827 141 29 verirrten
773 1834 54 19 uns
857 1817 169 33 schliesslich

188 1864 31 21 *n
246 1861 45 29 die
315 1866 116 32 Bezirke
456 1872 80 36 jener
561 1872 162 28 modernen
746 1867 115 40 Mystik,
889 1865 44 29 die
959 1863 66 29 eher

190 1909 78 24 «ner
287 1909 132 41 Neugier
439 1915 52 29 der
511 1916 157 34 Vernunft,
696 1916 38 28 als
760 1914 51 28 der
830 1913 120 26 Brunst
976 1907 48 28 des

190 1943 186 44 Empfindens
414 1961 174 34 entwächst,
622 1961 67 28 eher
721 1959 30 28 in
783 1955 157 39 Abgründe
974 1952 48 28 des

189 1987 145 46 Denkens,
365 2002 37 28 als
433 2004 50 29 des
511 2005 146 28 Glaubens
684 2002 183 31 hinabstrebt.
911 1997 96 30 Seelen-

189 2039 185 43 wanderung,
389 2048 361 38 Gedankenübertragung,
763 2044 209 36 Fernwirkung,
986 2057 37 4 —

189 2077 50 29 alle
254 2082 83 34 Welt
358 2092 139 29 schwatzt
510 2094 104 34 davon,
636 2092 132 29 niemand
783 2090 94 38 glaubt
890 2098 32 18 so
942 2085 81 30 recht

189 2122 93 41 daran,
300 2132 166 35 jedermann
480 2138 67 28 aber
559 2138 164 33 versichert,
745 2136 70 33 dass,
835 2142 87 20 wenn
937 2138 85 21 etwas

210 2176 63 23 aran
293 2182 84 32 wäre,
403 2182 44 27 die
469 2183 84 28 Sache
575 2182 141 29 natürlich
735 2189 70 29 ganz
824 2176 138 31 natürlich
987 2182 35 20 zu

188 2210 127 38 erklären
333 2223 48 29 sei.

244 2258 82 34 Eben
346 2267 83 41 klang
449 2281 30 18 es
496 2282 60 18 von
576 2271 51 29 der
647 2270 84 28 einen
745 2269 73 29 Ecke
839 2267 49 28 des
901 2263 120 29 Tisches

188 2298 61 30 her:
271 2307 89 33 „Was
381 2324 74 29 sagst
475 2316 55 28 du?
558 2317 88 27 Was?
686 2314 53 28 Ein
759 2313 107 28 blosser
885 2309 119 28 Willens-

188 2342 44 29 akt
255 2350 76 31 ohne
354 2356 130 32 leibliche
504 2360 197 37 Vermittlung
939 2351 81 36 „Hab

187 2392 25 20 lc
213 2386 19 30 h
250 2392 26 36 ja
295 2407 47 27 gar
362 2402 80 29 nicht
600 2422 32 3 —
646 2402 171 30 unterbrach
837 2399 61 28 eine
919 2395 100 30 zweite

1103 1144 114 30 Stimme
1237 1140 44 28 die
1302 1146 80 20 erste.
1420 1133 120 39 „Irgend
1560 1132 60 28 eine
1640 1123 186 36 Vermittlung
1845 1117 69 31 wird

1102 1186 165 32 vorhanden
1294 1182 72 34 sein;
1393 1189 53 20 nur
1472 1179 35 27 ist
1531 1177 37 27 sie
1595 1182 51 20 uns
1672 1170 73 29 noch
1770 1175 68 29 ganz
1863 1172 34 19 un-

1103 1233 122 29 bekannt
1244 1228 59 28 und

1157 1275 86 28 Diese
1270 1270 142 29 Weisheit
1436 1276 56 20 war
1516 1273 52 20 uns
1590 1271 36 20 zu
1651 1258 57 30 tief.
1746 1258 41 26 Sie
1811 1259 102 22 musste

1102 1329 56 21 erst
1169 1316 152 39 ergründet
1331 1314 123 29 werden.
1475 1311 36 28 So
1525 1316 54 21 trat
1593 1306 44 29 ein
1647 1305 95 27 kurzes
1753 1299 158 33 Schweigen

1101 1365 53 29 ein.
1193 1362 71 28 Von
1290 1360 49 28 der
1363 1358 83 28 Thür
1471 1355 49 28 her
1543 1353 71 31 aber,
1641 1347 43 29 die
1711 1344 56 29 sich
1791 1342 122 38 geöffnet

1100 1411 84 31 hatte,
1211 1407 75 28 ohne
1312 1403 60 29 dass
1397 1401 78 29 einer
1502 1407 59 20 von
1585 1403 52 20 uns
1662 1387 97 32 darauf
1779 1385 126 40 geachtet

1101 1452 88 31 scholl
1215 1451 61 28 eine
1303 1447 78 34 tiefe,
1413 1452 84 21 etwas
1524 1440 83 29 rauhe
1634 1436 122 28 Stimme:
1785 1431 126 34 „Horch.

1100 1497 114 31 Horch!
1253 1495 44 27 Da
1320 1491 104 29 komm'
1446 1488 45 28 ich
1514 1487 22 35 ja
1557 1485 71 27 eben
1646 1480 85 29 recht.
1768 1476 33 29 In
1825 1476 86 26 dieses

1101 1541 169 31 Geschwätz
1290 1537 69 39 pass
1379 1535 45 28 ich
1442 1530 102 34 hinein,
1563 1527 53 30 wie
1634 1525 49 29 der
1696 1519 118 42 Hopfen
1825 1526 29 20 in
1867 1517 44 26 die

1100 1589 119 28 Würze.
1239 1585 70 28 Nun
1323 1579 70 30 wird
1407 1578 46 28 das
1464 1575 114 30 Gebräu
1589 1579 55 21 erst
1653 1567 88 37 süffig,
1770 1574 19 20 n
1800 1566 111 27 Abend,

1157 1677 58 27 Der
1230 1673 46 28 das
1295 1669 106 42 sprach,
1421 1667 46 28 das
1481 1673 55 21 war
1551 1671 36 24 er,
1607 1667 83 21 unser
1702 1657 99 27 Anton
1816 1650 76 29 Oden-

1100 1722 70 29 dahl.
1215 1718 50 29 Ein
1300 1715 93 30 halbes
1422 1710 64 36 Jahr
1514 1717 57 19 war
1605 1714 29 19 er
1668 1701 62 29 dem
1760 1697 150 35 „Goldnen

1267 1762 64 28 fern
1352 1756 152 40 geblieben.
1542 1746 141 34 Niemand
1705 1745 73 28 hatte
1797 1740 47 29 ihn
1863 1746 31 29 ge-

1101 1812 93 32 sehen,
1205 1804 129 33 niemand
1345 1809 110 24 wusste,
1465 1796 98 31 wohin
1576 1804 30 18 er
1616 1785 220 36 entschwunden
1845 1790 64 21 war.

1100 1858 71 26 Tetzt
1192 1851 79 31 stand
1292 1859 29 19 er
1335 1858 30 18 so
1381 1843 134 42 plötzlich
1529 1839 103 30 wieder
1646 1836 40 33 da,
1706 1842 52 19 wie
1776 1839 30 19 er
1818 1828 91 27 davon

1100 1907 151 29 gegangen.
1282 1893 70 29 Und
1372 1900 30 19 er
1420 1897 58 19 war
1497 1894 69 30 ganz
1585 1883 50 28 der
1651 1880 60 28 alte.
1747 1874 87 30 Selbst
1850 1878 59 21 sein

1099 1908 106 67 tTJ
1222 1941 86 31 Flaus,
1337 1936 59 29 sein
1421 1930 168 40 Schlapphut
1625 1925 59 30 sein

1098 1999 94 20 waren
1225 1994 64 22 sute
1318 1982 148 28 Bekannte.
1513 1976 53 28 Mit
1594 1966 136 41 Jubelruf,
1762 1971 49 21 mit
1839 1962 55 26 Um

1098 1996 154 73 ZZngL
1264 2027 59 29 und
1342 2025 50 29 mit
1405 2021 145 30 manchem
1563 2012 164 34 liebevollen
1740 2005 66 33 Puff
1812 2002 95 31 wurde

1098 2088 29 19 er
1147 2087 35 18 an
1202 2076 56 28 den
1278 2071 89 30 Tisch
1386 2075 127 31 gezogen
1530 2061 59 30 und
1608 2064 150 33 gestossen.

1153 2120 68 30 Und
1234 2112 220 35 durcheinander
1470 2108 126 30 schrieen
1607 2112 66 24 vier,
1687 2098 67 31 fünf
1762 2098 143 27 Stimmen.

1097 2165 130 38 „Woher
1247 2162 48 28 des
1314 2159 128 36 Wegs?.
1457 2177 6 6 .
1483 2154 62 27 Wo
1565 2155 81 23 warst
1666 2146 45 32 du,
1732 2138 150 32 Mensch?.
1900 2155 5 9 .

1097 2209 113 34 Erzähl',
1230 2215 56 21 was
1307 2204 37 28 du
1364 2200 127 40 gemacht

1153 2254 35 28 Er
1215 2251 100 30 beeilte
1340 2248 57 27 sich
1419 2244 78 29 nicht
1521 2240 50 29 mit
1594 2237 50 28 der
1666 2234 134 28 Antwort
1845 2225 61 28 Erst

1095 2311 16 19 Z
1113 2309 37 27 og
1171 2308 29 18 er
1224 2305 45 20 aus
1295 2293 49 28 der
1364 2289 110 30 Tasche
1497 2286 45 28 die
1565 2284 83 27 kurze
1668 2275 85 31 Pfeife
1786 2270 103 31 zündet

1114 2311 17 18 °
1134 2309 16 28 g
1160 2352 40 24 an,
1226 2340 78 29 trank
1330 2336 49 29 mit
1398 2334 99 29 vielem
1517 2326 123 32 Bedacht
1662 2323 44 28 ein
1730 2319 65 28 Glas
1815 2316 50 28 Mo
1881 2311 24 29 d

1094 2388 60 31 und
1180 2386 74 29 dann
1280 2390 74 29 sagte
1381 2389 43 19 er:
1451 2375 78 37 „Wo
1554 2372 45 28 ich
1624 2369 72 28 war?
1734 2360 109 31 Weder
1867 2366 37 19 im

1780 2510 11 16 2

1116 2565 0 0 9
