2301 2923
340 223 118 31 vorfand,
483 229 73 20 unter
579 223 111 35 Ludwig
710 224 65 25 XIV.
801 223 143 36 geschaffen
968 225 53 25 und
1046 226 26 25 in
1096 226 58 26 dem
1175 237 29 16 so

339 263 117 37 gänzlich
476 262 174 34 unlyrischen,
671 261 49 27 viel
737 263 222 31 räsonnierenden,
982 265 222 37 philosophischen

344 303 42 26 18.
400 301 167 34 Jahrhundert
593 300 167 36 ausgebildet,
782 302 68 26 hatte
864 303 35 25 im
919 313 39 25 19.
975 305 65 26 auch
1059 312 73 20 unter
1147 306 58 26 dem

340 344 122 23 Ansturm
483 340 43 26 der
544 340 184 26 romantischen
750 341 89 25 Schule
860 342 71 26 ihren
942 343 138 28 Charakter
1094 345 52 27 und
1161 345 43 27 das

340 381 90 24 eherne
445 377 99 37 Gefüge
559 379 64 26 ihrer
635 380 191 26 Konvenienzen
841 382 52 25 und
908 383 95 35 Regeln
1019 394 48 16 nur
1080 385 109 26 unerheb-

340 419 52 26 lich
406 417 158 27 modifiziert.
590 420 54 24 Erst
655 419 114 26 Verlaine
783 420 43 26 hat
840 421 52 26 dies
903 420 194 38 festgeschnürte
1109 427 96 33 System

340 456 130 37 gelockert
483 457 53 25 und
550 466 24 16 es
589 467 30 15 zu
633 459 82 24 einem
728 460 195 35 schmiegsamen
937 463 131 26 Gewände
1082 463 42 27 für
1137 466 67 25 seine

340 499 83 23 Kunst
434 497 123 35 gemacht.
585 499 63 24 Man
662 499 64 25 steht
741 505 110 21 erstaunt
864 510 46 17 vor
925 501 77 27 dieser
1016 504 114 36 Sprache,
1145 514 58 16 man

340 535 79 26 kennt
434 535 76 25 dieses
524 536 93 35 gelöste
631 538 156 27 Französisch
804 538 78 28 kaum
897 542 104 30 wieder,
1022 543 42 26 das
1079 544 50 26 wie
1149 544 55 26 eine

340 575 171 34 germanische
532 576 105 35 Sprache
661 577 27 26 in
708 578 177 28 wunderbarer
905 582 230 37 Geschmeidigkeit
1155 582 49 27 den

340 613 106 27 feinsten
461 615 343 36 Stimmungsunterschieden
817 620 53 25 sich
884 628 113 29 anpasst,
1019 623 52 25 und
1085 623 31 25 ist
1131 623 58 25 über-

340 653 83 26 rascht
442 652 59 27 über
515 654 84 26 diesen
610 655 149 36 plötzlichen
771 659 136 27 Reichtum
919 660 41 27 der
970 662 115 36 Sprache,
1100 662 41 25 der
1152 672 52 16 von

341 692 66 26 allen
424 693 81 26 Seiten
525 703 74 17 neues
618 695 81 26 Leben
721 702 127 23 zuströmt.
887 702 74 24 Denn
975 701 115 26 Verlaine
1112 702 92 25 nimmt

341 733 93 24 Worte
452 742 43 16 aus
511 732 64 26 allen
583 733 195 35 Vokabularien,
793 737 74 27 selbst
881 748 44 17 aus
936 740 171 31 technischen,
1121 750 26 16 er
1161 750 29 26 ge-

343 769 105 28 braucht
459 772 71 25 Töne
544 772 59 26 aller
616 775 165 27 Instrumente
794 778 53 25 und
860 779 92 26 nimmt
967 780 91 26 Farben
1072 790 51 16 von
1138 780 66 25 allen

341 809 122 29 Paletten:
483 812 54 25 eine
554 813 119 37 wichtige
687 816 147 36 Neuerung,
857 818 40 26 die
918 819 40 25 die
978 819 81 31 alten,
1081 818 124 36 baufällig

341 850 169 35 gewordenen
530 853 106 26 Dämme
660 853 44 27 der
727 854 150 29 klassischen
898 858 160 27 Grammatik
1082 858 53 27 und
1163 858 40 26 des

342 890 171 26 Dictionnaire
524 891 42 26 der
574 891 138 28 Akademie
722 894 94 28 überall
827 896 195 28 unaufhaltsam
1033 897 171 27 durchbricht.

398 929 60 26 Und
469 936 48 20 erst
528 930 40 27 der
579 933 70 25 Vers!
675 935 63 25 Was
754 945 24 16 er
793 934 40 28 für
847 937 66 26 seine
923 939 82 24 Kunst
1019 935 118 33 forderte,
1149 946 56 17 war

345 967 66 26 auch
424 968 64 28 hier:
503 972 37 24 De
554 970 23 27 la
592 973 114 36 musique
720 981 73 20 avant
808 981 71 20 toute
894 976 83 26 chose.
1005 977 47 25 Ein
1066 976 138 36 möglichst

344 1008 151 36 suggestiver
505 1009 83 38 Klang
602 1019 92 20 müsste
705 1014 41 26 ein
756 1014 216 37 hauptsächliches
983 1016 85 25 Mittel
1080 1016 60 30 sein,
1155 1015 49 25 den

341 1048 159 35 suggestiven
513 1051 82 26 Inhalt
614 1052 156 27 ausdrücken
788 1063 30 17 zu
838 1053 94 28 helfen.
964 1053 116 27 Vielfach
1097 1055 45 26 hat
1158 1055 46 25 ihn

342 1086 54 26 hier
410 1086 39 26 die
463 1089 208 28 mittelalterliche
684 1091 166 29 französische
864 1095 100 29 Poesie,
981 1094 133 26 besonders
1129 1095 61 24 Fran-

342 1126 51 25 cois
402 1127 87 26 Villon
497 1137 124 30 angeregt,
631 1131 39 26 die
677 1134 82 24 Kunst
768 1134 67 25 einer
842 1134 55 25 Zeit
904 1150 38 3 —
951 1134 27 25 in
985 1134 43 25 der
1036 1134 107 36 Sprache
1151 1133 52 26 und

340 1166 60 25 Vers
417 1167 67 26 noch
505 1167 47 28 frei
571 1170 52 26 und
641 1172 173 36 ungebändigt
835 1172 134 27 aufwuchs
984 1173 53 26 und
1051 1173 68 26 noch
1133 1173 71 25 nicht

340 1214 33 17 an
387 1206 41 26 das
443 1208 162 35 Gängelband
621 1211 41 25 der
677 1211 90 36 vierzig
781 1211 192 27 Unsterblichen
991 1211 134 37 gebunden
1140 1221 64 17 war.

401 1247 32 25 So
445 1246 43 26 hat
500 1248 113 27 Verlaine
623 1250 44 26 der
677 1251 106 36 Sprache
794 1250 166 27 wunderbare
971 1251 158 34 Rhythmen,
1140 1261 63 16 neue

343 1284 41 26 nie
406 1286 104 35 gehörte
533 1289 182 27 Mollakkorde
739 1290 125 32 entlockt,
891 1290 54 26 und
969 1291 67 25 auch
1059 1290 40 26 die
1118 1289 87 27 früher

340 1330 201 32 strengverpönte
551 1329 129 26 Assonanz
694 1330 94 25 wieder
799 1328 151 38 eingeführt.
980 1328 47 27 Oft
1038 1330 44 25 hat
1093 1339 60 16 man
1163 1329 41 26 die

340 1364 184 37 Empfindung,
545 1366 35 27 als
599 1369 61 25 höre
680 1379 58 15 man
759 1370 26 25 in
806 1370 86 25 seinen
907 1371 93 24 Versen
1017 1370 54 24 eine
1090 1368 114 26 Melodie

339 1403 53 26 und
400 1404 41 26 das
447 1407 187 26 Träumerische
642 1409 51 25 und
703 1408 155 26 Helldunkle
866 1408 41 26 des
915 1408 93 26 Inhalts
1017 1408 65 27 wird
1091 1407 112 27 dadurch

340 1442 98 28 seltsam
459 1445 114 36 gehoben
594 1447 51 26 und
667 1449 139 34 gesteigert.
841 1450 30 23 Es
892 1449 56 25 sind
969 1448 88 26 Lieder
1078 1447 126 29 darunter,

340 1481 40 26 die
393 1482 27 27 in
434 1483 77 27 dieser
521 1486 140 36 Beziehung
675 1487 72 26 einen
758 1487 133 35 Vergleich
904 1487 48 26 mit
963 1487 100 27 Goethe
1074 1486 130 27 aushalten

340 1520 52 27 und
406 1523 124 26 zuweilen
544 1525 81 26 direkt
639 1536 32 16 an
685 1526 45 26 ihn
744 1526 123 31 erinnern,
882 1527 51 26 wie
946 1529 67 32 jenes
1027 1526 62 27 Lied
1103 1536 43 16 aus
1162 1525 43 26 der

339 1560 100 30 „bonne
619 1565 43 27 das
683 1566 49 26 mir
751 1566 52 26 wie
823 1566 41 26 ein
883 1566 70 26 Echo
974 1576 30 16 zu
1018 1565 100 32 „Ueber
1140 1565 65 26 allen

489 1601 94 39 klingt:

651 1647 31 17 La
699 1642 49 22 lune
765 1642 87 23 blanche

653 1676 51 21 Luit
721 1676 54 21 dans
793 1675 28 22 les
838 1675 48 26 bois,

652 1712 31 18 De
700 1708 82 30 chaque
798 1708 91 22 blanche

651 1745 55 18 Part
722 1749 39 14 une
779 1742 50 21 voix

652 1777 51 19 Sous
720 1774 23 22 la
760 1782 77 17 ramee,

652 1809 18 19 O
687 1806 129 23 bien-aimee.

654 1852 90 31 Vetang
762 1852 78 31 reflete,

654 1885 94 30 Profond
765 1885 82 25 miroir,

654 1920 32 19 La
703 1917 110 23 Silhouette

655 1952 35 20 Du
706 1950 58 22 saule
781 1951 48 22 noir

654 1985 33 19 Ott
704 1982 18 22 le
739 1989 51 16 vent
801 1983 77 29 pleure
890 2000 60 5 ....

653 2017 87 23 Revons,
759 2017 47 21 c'est
822 2015 85 26 Fheure,

655 2063 32 18 Un
704 2066 58 17 vaste
778 2067 21 17 et
817 2062 73 22 tendre

655 2094 133 28 Äpaisement

653 2125 79 22 Sentble
749 2127 110 22 descendre

653 2161 36 18 Du
701 2158 129 30 firmatnent

655 2194 43 22 Que
714 2190 73 23 fastre
804 2192 48 22 irise
864 2209 64 5 ....

654 2222 53 22 C'est
723 2222 78 24 l'heure
817 2225 90 30 exquise.

402 2262 63 26 Nun
479 2264 32 25 ist
525 2263 97 30 freilich
638 2268 55 34 jede
706 2270 78 34 Lyrik
803 2271 27 26 in
843 2271 93 26 diesem
952 2271 74 26 Sinne
1041 2270 164 27 musikalisch

344 2300 52 26 und
416 2302 64 25 auch
497 2303 40 26 die
556 2304 166 29 französische
738 2319 55 17 war
812 2320 24 16 es
855 2321 46 16 vor
915 2310 123 27 Verlaine.
1075 2310 67 27 Aber
1160 2320 45 17 um

344 2338 52 27 hier
410 2340 40 26 die
464 2343 89 26 Grösse
567 2343 40 27 des
622 2347 154 27 Fortschritts
791 2358 30 17 zu
837 2359 133 22 ermessen,
991 2359 67 17 muss
1075 2360 60 16 man
1152 2360 53 16 von

345 2377 114 27 Verlaine
472 2379 147 34 kommend,
632 2386 105 30 Musset,
752 2388 146 27 Baudelaire
911 2389 53 26 und
979 2389 74 26 selbst
1063 2390 143 25 Lamartine

345 2415 77 28 lesen:
440 2420 50 24 wie
510 2430 43 17 aus
570 2422 66 26 Holz
655 2425 135 34 geschnitzt
808 2428 142 26 erscheinen
969 2429 67 25 dann
1054 2429 53 26 ihre
1120 2431 84 29 Verse,

345 2455 52 26 und
409 2458 65 33 jenes
489 2460 103 33 gewisse
603 2463 94 29 Etwas,
711 2463 42 27 das
765 2465 50 26 wie
830 2467 40 25 ein
881 2466 103 27 Parfüm
995 2467 61 27 über
1066 2468 48 26 den
1125 2468 64 26 Dich-

345 2499 94 29 tungen
456 2498 125 26 Verlames
604 2501 123 31 schwebt,
753 2505 65 32 jenes
837 2512 63 19 zarte
918 2506 129 27 Vibrieren
1066 2508 42 26 der
1128 2508 75 29 Seele,

345 2531 95 28 scheint
455 2534 58 27 aller
528 2538 210 34 präverlainesken
754 2542 77 34 Lyrik
844 2553 31 17 zu
889 2543 92 28 fehlen.

1345 230 49 24 Das
1414 228 31 26 ist
1464 228 43 26 der
1526 227 115 27 Verlaine
1659 229 79 25 seiner
1756 229 46 25 Art
1824 229 131 36 poetique,
1973 227 44 27 der
2034 226 114 28 Verlaine

1284 267 79 26 seiner
1377 267 190 26 Meisterwerke
1588 267 42 26 der
1643 269 65 24 Fetes
1724 268 122 36 galantes,
1863 267 44 26 der
1925 270 87 23 Bonne
2028 268 119 25 chanson,

1284 307 43 25 der
1338 309 141 24 Romances
1493 317 55 16 sans
1560 307 104 36 paroles,
1680 317 50 16 von
1742 309 101 34 Sagesse
1857 307 51 25 und
1919 317 51 16 von
1981 307 65 34 Jadis
2058 313 25 19 et
2093 306 36 26 Na-

1283 356 84 26 guere.
1392 348 29 24 In
1435 347 92 25 andern
1539 345 115 27 Werken
1669 346 44 26 hat
1724 356 25 16 er
1759 346 90 26 andere
1860 347 80 25 Seiten
1952 347 77 24 seines
2041 347 107 24 Wesens

1284 387 104 35 gezeigt,
1404 386 91 26 andere
1503 386 67 25 Ziele
1581 385 116 36 verfolgt,
1714 385 57 26 aber
1785 386 98 29 immer,
1897 395 45 16 um
1956 385 65 26 auch
2035 386 26 25 in
2072 385 76 25 ihnen

1284 426 94 26 wieder
1393 425 47 27 auf
1451 426 65 25 diese
1531 426 83 34 Wege
1628 424 257 28 zurückzukommen.

1343 467 31 24 Er
1388 464 99 37 begann
1500 465 66 25 seine
1581 464 161 26 litterarische
1757 463 137 27 Laufbahn
1912 464 27 25 in
1956 464 49 26 den
2024 462 124 35 sechziger

1282 505 89 33 Jahren
1391 505 47 25 mit
1458 504 47 26 den
1526 513 120 27 „poemes
1851 503 81 26 einem
1950 503 101 26 kleinen
2066 500 82 28 Bande

1284 544 131 31 Gedichte,
1428 544 26 25 in
1465 543 57 26 dem
1534 553 25 16 er
1570 543 53 26 sich
1633 543 69 26 noch
1713 542 71 26 nicht
1794 541 129 36 gefunden
1934 542 75 26 hatte.
2031 538 116 29 Ueberall

1283 583 85 36 klingt
1382 584 54 24 hier
1449 582 67 26 noch
1532 582 42 26 das
1589 582 163 26 litterarische
1767 581 105 31 Milieu,
1888 582 26 25 in
1928 581 57 26 dem
2001 591 24 16 er
2039 581 52 26 sich
2106 580 29 25 be-

1284 622 71 30 fand,
1370 623 54 25 mit.
1449 624 30 23 Es
1491 622 32 25 ist
1533 628 79 19 etwas
1625 623 96 23 Musset
1736 621 50 25 und
1799 621 48 25 viel
1858 620 153 31 Baudelaire,
2026 620 65 26 auch
2105 619 43 26 das

1283 662 71 26 Echo
1368 662 90 25 Victor
1475 661 151 35 Hugoscher
1643 659 142 27 Romantik
1807 661 133 24 vernimmt
1959 670 59 15 man
2038 659 51 26 und
2109 658 39 26 die

1284 701 92 26 Schule
1397 701 42 25 der
1460 701 154 25 Parnassiens
1636 702 78 23 verrät
1735 699 53 26 sich
1808 699 27 26 in
1857 699 176 36 Dichtungen,
2055 699 40 25 die
2117 706 31 17 an

1283 740 116 28 Francois
1410 741 102 35 Coppee
1524 739 51 25 und
1585 741 109 24 Leconte
1709 739 30 25 de
1756 738 63 26 l'lsle
1834 739 123 29 erinnern,
1973 748 48 15 nur
2034 738 41 26 hie
2095 735 52 27 und

1284 779 32 27 da
1331 779 101 26 kommt
1451 779 54 25 eine
1524 778 129 27 verlorene
1666 778 114 25 Melodie
1799 778 104 34 eigenen
1918 780 124 33 Gepräges
2061 775 86 28 durch.

1284 821 50 24 Der
1345 818 148 36 eigentliche
1504 818 116 26 Verlaine
1631 818 121 25 erscheint
1763 823 47 19 erst
1825 818 27 24 in
1863 817 46 26 den
1920 816 79 31 „fetes

1343 858 114 27 Francois
1476 856 104 31 Villon,
1603 856 44 27 der
1667 866 85 26 grosse
1770 856 93 26 Pariser
1881 856 206 35 Balladensänger
2106 854 41 26 des

1288 907 42 25 15.
1344 896 178 35 Jahrhunderts
1542 906 55 16 war
1616 906 24 16 es
1659 895 73 27 wohl
1752 895 144 30 besonders,
1915 895 43 26 der
1973 895 114 26 Verlaine
2109 893 39 26 die

1283 939 84 33 Wege
1378 937 71 30 wies,
1460 936 54 25 sich
1525 935 73 26 selbst
1609 945 30 16 zu
1651 934 91 27 finden.
1768 936 84 25 Etwas
1863 934 43 27 der
1918 934 231 33 Grundstimmung

1283 976 77 25 seines
1374 976 102 35 eigenen
1487 976 106 24 Wesens
1605 974 163 26 Verwandtes
1780 980 93 19 müsste
1887 983 25 17 er
1927 974 26 25 in
1963 973 118 26 Balladen
2094 978 41 21 ent-

1283 1014 95 27 decken
1399 1016 51 24 wie
1468 1024 19 16 z.
1499 1016 27 24 B.
1541 1014 27 25 in
1584 1014 48 25 den
1647 1013 102 31 „dames
1769 1013 34 26 du
1823 1020 78 30 temps
2016 1013 46 26 mit
2082 1011 65 27 ihrer

1283 1054 184 29 berückenden,
1482 1053 229 26 mittelalterlichen
1726 1055 70 23 Süsse
1811 1052 52 26 und
1877 1050 102 28 Einfalt.
2007 1052 60 25 Und
2080 1054 67 34 jener

1283 1093 93 26 Hauch
1391 1103 52 16 von
1456 1091 170 31 unfassbarer,
1645 1092 83 29 leiser,
1743 1091 147 36 abgetönter
1905 1091 184 30 Melancholie,
2105 1090 42 26 der

1283 1133 27 26 in
1325 1132 83 27 diesen
1421 1134 92 24 Versen
1528 1131 163 26 schlummert
1711 1131 51 26 und
1780 1132 51 24 wie
1851 1131 39 25 ein
1906 1129 98 27 Seufzer
2023 1130 44 26 der
2080 1128 67 27 Seele

1283 1171 93 37 klingt,
1391 1171 40 26 die
1445 1171 26 26 in
1486 1171 80 26 ihrem
1581 1169 99 27 tiefsten
1695 1171 91 25 Innern
1801 1170 52 25 und
1868 1170 60 25 halb
1943 1169 149 26 unbewusst
2106 1168 43 26 der

1283 1212 104 35 eigenen
1401 1209 224 37 Vergänglichkeit
1639 1210 54 25 sich
1708 1210 57 25 inne
1780 1209 80 29 wird,
1879 1210 71 25 weht
1968 1209 66 25 auch
2049 1219 45 15 um
2109 1207 39 26 die

1283 1250 88 26 Lieder
1390 1249 42 27 der
1451 1249 62 27 fetes
1531 1249 119 36 galantes.
1687 1250 71 32 Jener
1776 1248 26 26 in
1819 1248 80 26 seiner
1917 1247 159 27 Einfachheit
2095 1245 53 28 und

1283 1290 79 25 seiner
1380 1288 196 27 musikalischen
1592 1288 160 27 Schwermut
1770 1298 28 15 so
1817 1286 152 37 ergreifende
1984 1286 104 27 Refrain
2106 1286 43 26 der

1283 1329 103 30 „dames
1406 1328 36 26 du
1460 1335 78 29 temps
1667 1327 63 26 mais
1747 1327 35 26 oü
1802 1333 57 20 sont
1878 1326 33 27 les
1930 1326 84 36 neiges
2034 1324 114 29 d'autan!

1283 1368 98 26 könnte
1395 1367 35 26 als
1444 1370 89 23 Motto
1548 1367 60 25 über
1623 1366 46 26 den
1685 1366 60 26 fetes
1759 1365 110 37 galantes
1884 1365 94 27 stehen.

1342 1408 113 25 Trianon
1470 1408 35 24 im
1515 1406 214 25 Mondenschein!
1745 1405 40 26 die
1794 1405 157 36 Erinnerung
1966 1414 31 17 an
2012 1404 39 27 die
2063 1410 72 20 unter-

1283 1456 154 27 gegangene,
1451 1455 84 26 grosse
1549 1444 156 27 Kulturwelt
1719 1445 42 25 des
1776 1445 98 25 Ancien
1888 1445 105 35 Regime
2007 1444 47 25 mit
2069 1444 81 25 ihrem

1283 1486 221 27 aristokratischen
1518 1487 127 33 Gepräge,
1664 1484 44 26 das
1727 1484 75 26 allem
1820 1484 81 25 ihrem
1915 1483 80 27 Glanz
2009 1483 53 25 und
2078 1484 71 25 ihren

1283 1524 110 28 Freuden
1411 1524 54 26 eine
1485 1524 98 35 eigene,
1607 1523 124 26 köstliche
1751 1524 86 26 Grazie
1857 1523 61 35 gab,
1942 1523 40 25 die
2000 1522 149 36 Impression

1283 1566 66 25 eines
1365 1563 235 27 halbverwilderten
1614 1562 188 37 Rokokoparks
1818 1572 13 16 a
1846 1562 23 26 la
1884 1564 106 23 Lenotre
2005 1563 46 24 mit
2066 1562 84 25 seinen

1283 1605 107 25 weissen
1404 1605 113 27 Statuen,
1531 1604 55 33 jene
1600 1602 172 26 Melancholie
1786 1602 42 25 des
1842 1601 159 26 herrenlosen
2016 1601 133 28 Schlosses,

1284 1653 67 16 zwar
1366 1642 120 30 erhalten,
1501 1641 56 27 aber
1570 1641 67 26 doch
1649 1642 93 29 Ruine,
1757 1641 60 26 weil
1832 1640 42 26 das
1886 1640 82 27 Leben
1984 1650 42 16 aus
2042 1640 53 26 ihm
2106 1648 30 26 ge-

1283 1683 104 26 wichen
1402 1682 42 30 ist,
1464 1680 61 27 weil
1544 1680 40 27 die
1598 1681 69 30 Zeit,
1688 1680 40 27 die
1742 1690 25 16 es
1781 1679 88 31 baute,
1890 1679 142 27 verrauscht
2051 1679 32 26 ist
2097 1676 52 29 und

1284 1722 43 26 das
1339 1720 103 27 Parfüm
1457 1727 64 19 toter
1530 1720 109 25 Freuden
1650 1719 174 26 verstorbenen
1835 1719 210 36 Lebensgenusses
2057 1729 24 15 es
2093 1727 38 18 um-

1284 1761 68 36 giebt
1360 1777 39 3 —
1407 1760 42 26 das
1461 1760 55 25 sind
1529 1759 39 26 die
1579 1757 59 28 fetes
1647 1758 118 37 galantes.
1780 1759 39 25 Sie
1829 1758 163 26 beschwören
2005 1757 40 27 die
2054 1758 96 26 Geister

1283 1801 44 26 der
1346 1799 141 30 Gestalten,
1512 1799 39 26 die
1571 1798 40 26 die
1630 1799 127 25 einsamen
1774 1798 127 26 Schlüsser
1919 1796 86 27 früher
2023 1797 125 28 belebten,

1284 1839 96 28 wieder
1401 1837 98 29 herauf.
1532 1839 58 25 Und
1609 1847 31 16 zu
1661 1839 67 24 einer
1741 1839 46 24 Art
1802 1836 139 27 Halbleben
1956 1837 133 25 erwachen
2110 1835 39 26 die

1284 1880 106 35 Figuren
1404 1878 42 27 des
1461 1878 65 26 alten
1542 1876 290 37 Rokokopuppenspiels
1847 1875 132 31 Harlekin,
1995 1875 155 27 Colombine

1284 1918 54 26 und
1349 1919 102 29 Pierrot,
1463 1928 33 20 „a
1509 1916 127 27 shadow's
1796 1916 39 25 die
1846 1915 197 36 Verkörperung
2054 1914 83 36 gleich-

1284 1967 54 16 sam
1352 1957 42 26 der
1408 1957 173 29 Schwermut,
1602 1956 26 26 in
1647 1955 40 27 die
1705 1965 46 16 uns
1770 1955 40 26 die
1824 1955 157 34 Erinnerung
1995 1963 32 17 an
2041 1955 40 25 die
2095 1962 42 18 ver-

1285 1995 126 37 klungene
1426 1999 74 27 Lust,
1522 2005 31 16 an
1574 1995 43 26 das
1636 2005 85 26 grosse
1740 1994 157 26 verrauschte
1912 1995 51 24 Fest
1978 1994 41 25 des
2034 1992 115 27 Rokoko

1284 2035 122 27 versenkt.
1442 2035 58 26 Und
1526 2035 114 36 langsam
1665 2033 82 27 belebt
1772 2033 53 27 sich
1846 2033 40 26 die
1907 2032 242 27 mondbeschienene

1284 2077 89 24 Scene:

1679 2127 32 20 Vft
1724 2130 94 24 paysage
1834 2123 64 23 cboisi

1403 2163 43 22 Que
1463 2164 51 16 vont
1530 2157 124 23 cbarmants
1671 2164 93 23 masques
1781 2162 21 16 et
1818 2156 159 31 bergamasques

1401 2195 81 19 Jouant
1498 2192 30 21 du
1544 2190 48 23 luth
1609 2196 22 16 et
1646 2191 95 21 dansant
1756 2195 21 16 et
1794 2190 62 29 quasi

1404 2225 75 22 Tristes
1494 2231 45 15 sous
1556 2223 56 22 leurs
1628 2223 151 30 deguisements
1790 2224 135 29 fantasques.

1402 2294 54 18 Tout
1471 2297 25 14 en
1514 2288 106 23 chantant
1635 2297 38 13 sur
1689 2287 19 22 le
1724 2287 58 22 mode
1799 2287 83 22 mineur

1402 2323 100 22 L'amour
1519 2322 121 30 vainqueur
1656 2326 21 16 et
1692 2320 23 22 la
1733 2320 32 22 vie
1782 2325 115 24 opportune

1402 2355 29 22 Ils
1447 2355 59 22 n'ont
1517 2360 43 24 pas
1575 2354 52 22 l'air
1643 2354 26 21 de
1686 2353 67 22 eroire
1769 2361 14 14 a
1801 2353 46 22 leur
1864 2352 92 23 bonheur

1402 2391 32 19 Et
1449 2387 48 23 leur
1513 2387 90 22 chanson
1619 2395 20 13 se
1656 2386 52 22 mele
1724 2394 29 14 au
1770 2385 56 23 clair
1844 2386 24 21 de
1885 2385 56 22 lune.

1402 2457 34 18 Au
1452 2452 67 23 calme
1535 2452 57 22 clair
1608 2452 25 22 de
1650 2452 49 22 lune
1716 2452 61 21 triste
1793 2456 21 17 et
1830 2450 59 26 beau,

1404 2486 41 27 Qui
1456 2485 50 31 fait
1523 2494 62 13 rever
1601 2485 28 22 les
1645 2485 85 22 oiseaux
1746 2485 53 22 dans
1816 2483 27 23 les
1860 2483 71 23 arbres

1401 2523 31 17 Et
1447 2518 107 31 sangloter
1570 2518 93 22 d'extase
1679 2517 28 23 les
1717 2523 46 23 jets
1778 2517 70 24 d'eau,

1402 2556 37 18 Les
1453 2551 84 31 grands
1548 2550 44 31 jets
1609 2551 60 23 d'eau
1686 2550 73 23 sveltes
1770 2550 77 29 parmi
1864 2548 28 23 les
1908 2547 101 24 marbres.

1316 2740 0 0 72
