2301 2923
338 195 49 16 von
403 187 86 33 Jahren
509 191 67 25 noch
593 192 34 26 als
643 195 116 26 Künstler
775 206 108 27 genannt
897 202 114 34 werden;
1026 205 39 27 die
1086 208 104 32 übrigen

337 225 53 25 sind
411 226 176 34 Illustratoren,
602 232 125 33 Zeichner,
742 237 192 39 Photographen
953 243 50 26 und
1018 247 171 29 Retoucheure

337 274 49 15 von
397 265 201 39 Photographien
610 272 144 34 geworden,
769 275 39 27 die
819 279 127 28 Mehrzahl
961 285 179 30 verschwindet
1154 289 35 26 im

336 304 143 27 Proletariat
500 307 50 25 und
574 310 72 26 nährt
670 313 86 35 gerade
781 315 77 28 durch
878 319 40 27 die
937 322 179 37 eingebildeten
1135 330 36 25 An-

336 343 111 34 sprüche,
466 344 39 27 die
523 347 75 28 ihnen
616 349 39 27 die
674 353 127 28 staatliche
818 358 156 38 Vorbildung
995 365 124 27 verliehen
1135 368 45 26 hat

336 380 214 32 denKlassenhass
592 390 67 26 Dazu
674 390 105 35 kommt,
795 395 52 28 dass
863 398 38 27 die
912 401 141 39 Stimmung
1068 376 104 58 deZahl-

335 421 98 26 reichen
450 425 70 26 nicht
537 426 58 27 oder
612 433 163 35 ungenügend
795 435 178 40 beschäftigten
988 444 116 28 Künstler
1117 447 71 28 einen

336 460 131 28 ähnlichen
486 470 201 30 pessimistischen
703 473 134 28 Charakter
857 478 62 36 zeigt
956 482 45 26 Die
1016 484 103 28 Malerei
1148 487 40 27 die

334 501 130 65 hallet
474 514 100 52 AnTh
584 509 62 34 Patri
648 519 16 16 °
666 510 62 27 tisch
730 522 12 36 ?
744 523 15 15 n
770 513 69 28 Erfol
841 525 16 26 §
858 526 12 15 e
880 527 29 16 zu
920 520 180 31 verherrlichen
1110 526 77 32 hatte,

334 541 44 22 hat
397 541 63 26 diese
474 542 114 38 Aufgabe
604 554 56 28 jetzt
674 559 32 16 an
725 551 39 27 die
781 554 132 29 Bildhauer
931 558 152 37 abgegeben,
1101 564 39 27 die
1160 567 27 25 in

334 576 48 27 den
393 580 152 29 zahlreichen
555 586 257 38 Kriegsdenkmälern,
823 595 46 26 den
880 597 85 27 Kaiser
974 601 149 29 Wilhelms-
1135 606 51 25 und

334 657 50 25 und
383 628 9 15 S
396 657 51 27 ind
449 630 10 15 r
449 663 54 22 erD
500 632 20 15 n
521 624 59 61 ;f-
585 626 175 36 Denkmälern,
779 633 26 24 in
819 633 47 27 den
880 636 306 35 Bismarckmonument»

334 659 50 23 und
405 668 16 16 n
433 659 40 26 der
481 662 162 34 Dekoration,
654 671 151 26 namentlich
817 673 41 26 der
866 676 104 28 Berliner
979 680 208 31 Kolossalbauten

333 705 45 17 vor
389 697 66 37 aufig
466 702 78 26 reiche
554 705 191 40 Beschäftigung
755 710 89 29 finden.
870 716 86 27 Wenn
967 718 55 28 aber
1033 721 25 25 in

350 784 26 16 us
394 775 41 27 der
452 748 53 56 Sil
515 743 23 25 A
539 752 16 52 ;;
568 753 30 26 ga
592 785 17 19 R
600 744 15 25 b
621 784 40 20 U,
663 747 79 35 gelÜSt
764 760 50 44 T
831 754 99 27 W£rden
935 777 8 10 '
964 768 53 16 ™
1035 771 27 16 -
1064 762 37 25 ird
1119 762 44 28 da-

333 784 43 16 aus
394 776 41 26 der
452 779 66 27 Fülle
537 781 41 27 der
592 784 130 29 Bildhauer
735 790 112 33 werden,
867 793 40 27 die
920 795 129 30 besonders
1065 801 26 25 in
1105 802 80 26 Berlin

333 823 188 31 gross-gczogen
537 822 49 25 und
600 833 250 33 zusammengezogen
863 833 69 27 sind'

333 891 61 26 liner
391 856 22 23 D
415 894 36 23 Ak
447 866 23 16 ai
470 867 11 50 !l
482 867 6 16 S
561 862 177 30 Hintansetzun
741 878 15 26 g
776 868 41 27 der
830 873 224 41 Grundprinzipien
1073 878 42 28 der
1128 882 44 25 Ber-

333 894 157 66 ,rossfä
431 894 19 66 e
450 894 46 66 e
496 908 69 52 r-,
574 911 50 17 Wle
642 914 32 16 Sle
685 945 12 15 u
694 907 120 28 FdedHch
946 914 65 28 diese
1029 918 50 26 und
1098 919 89 27 andere

333 970 75 28 daher
416 937 133 61 mifd?
764 947 66 35 **»
852 950 30 27 da
902 954 54 25 ebe
975 957 211 36 Reorganisation

333 1010 60 24 lohn
411 1022 13 12 n
582 990 14 16 U
588 1020 10 14 J
599 986 178 35 numgängHch
788 988 10 26 i
798 988 21 26 5t
820 1010 7 10 '
836 991 72 27 SoUte
919 1003 22 16 eS
953 994 52 27 sich
1013 995 31 27 da
1052 1006 39 17 ™
1094 998 15 25 h
1112 1005 10 18 t
1132 1008 41 17 ver-

333 1013 106 31 lohnen,
459 1015 46 26 auf
516 1020 87 25 Grund
616 1024 65 33 jener
695 1025 191 32 Kabinetsordre
904 1033 51 25 und
972 1035 46 25 mit
1035 1035 47 27 den
1096 1037 75 27 Erfah-

333 1060 104 27 rungen,
449 1055 94 28 welche
626 1062 6 25 j
636 1071 16 17 n
665 1072 99 20 neu£rer
775 1069 33 24 Ze
808 1055 11 48 .
819 1076 10 18 t
842 1070 54 26 hkr
909 1082 27 16 w
936 1055 11 48 .
947 1082 12 17 e
970 1073 48 26 auf
1083 1086 39 16 me
1125 1077 5 5 .
1133 1083 51 20 sten

331 1093 48 58 in
456 1104 28 47 rT
488 1134 12 17 f
493 1105 17 26 8
514 1138 13 13 L
525 1099 84 27 maCht
619 1100 43 27 hat
674 1102 48 37 (im
733 1107 107 28 Grossen
851 1110 51 26 und
913 1114 100 25 Ganzen
1024 1115 114 27 wichen
1152 1117 34 26 sie

331 1138 50 17 von
396 1131 46 27 den
455 1134 170 41 Erfahrungen
638 1141 42 26 der
695 1142 115 30 früheren
824 1149 85 27 Zeiten
923 1152 69 26 nicht
1006 1154 54 26 sehr
1074 1155 54 35 ab),
1143 1155 42 27 das

333 1170 45 25 alte
389 1172 98 28 Institut
497 1177 92 27 wieder
599 1189 48 17 neu
657 1192 29 16 zu
698 1182 99 29 beleben
808 1197 29 16 zu
848 1190 104 27 suchen?
980 1194 38 24 Da
1029 1193 42 27 der
1082 1195 103 31 Mangel

331 1218 31 17 an
379 1218 70 27 guter
463 1215 144 40 Zeichnung
625 1220 39 27 ein
675 1223 164 36 Hauptfehler
859 1238 95 18 unserer
968 1231 135 28 deutschen
1117 1234 52 26 Aka-

331 1254 95 22 demien
440 1259 38 24 ist,
493 1265 27 16 so
534 1260 67 24 wäre
615 1260 132 28 Friedrichs
760 1266 141 37 Forderung
914 1270 66 26 einer
993 1281 101 24 grossen
1109 1273 65 32 allge-

329 1297 98 19 meinen
444 1294 189 31 Ze.chenschule
651 1300 35 26 als
703 1303 127 33 Vorstufe,
851 1317 28 16 so
897 1316 46 27 gut
962 1310 41 26 für
1024 1311 39 26 die
1084 1322 101 25 grossen

330 1329 93 27 Künste
446 1342 49 17 wie
520 1334 40 27 für
583 1337 42 27 das
649 1342 209 36 Kunstgewerbe,
883 1346 41 27 für
948 1350 159 36 Ausbildung
1134 1362 50 16 von

329 1369 210 36 Zeichenlehrern,
560 1376 166 31 Illustratoren
747 1390 45 20 etc.
814 1386 90 34 Gewiss
926 1397 51 17 von
997 1392 189 26 wesentlichem

328 1413 107 28 mutzen,
447 1414 80 25 zumal
541 1425 75 17 wenn
632 1428 57 17 man
701 1420 154 40 gleichzeitig
869 1425 42 27 das
923 1428 124 26 Zeichnen
1062 1430 47 26 auf
1120 1430 66 28 allen

328 1451 105 23 Schulen
451 1451 34 26 als
504 1461 94 20 ernsten
616 1458 199 40 Bildungszweig
829 1463 83 28 lehren
932 1467 50 25 und
1002 1469 70 26 nicht
1090 1470 33 26 als
1141 1472 30 24 Er-

328 1490 212 33 nolungsstunden
554 1504 55 17 zum
620 1498 224 31 „Unsinnmachen
857 1504 42 26 der
1042 1508 143 27 betrachten

328 1535 78 49 Zaa
446 1531 59 53 £**
514 1531 9 53 -
523 1534 32 24 Ze
558 1534 7 47 !
567 1535 48 25 chn
616 1573 12 11 r
618 1545 29 16 en
653 1557 6 9 '
680 1537 39 26 die
737 1540 72 27 richti
811 1552 16 25 g
830 1552 11 16 e
855 1544 171 38 Anschauung
1043 1547 42 27 der
1101 1550 85 24 Natur

329 1565 50 25 und
394 1565 40 27 das
446 1570 157 29 Verständnis
615 1573 41 27 für
666 1578 168 37 Wiedergabe
848 1581 133 34 derselben,
993 1585 101 27 kommt
1105 1588 80 25 einem

327 1608 72 27 jeden
413 1616 29 15 zu
463 1616 70 26 nutz;
553 1612 67 33 Jeder
634 1613 69 28 kann
716 1618 53 26 sich
782 1618 81 34 darin,
883 1623 88 34 gerade
985 1635 28 16 so
1028 1627 51 25 wie
1099 1628 26 24 in
1144 1627 42 26 der

328 1649 86 20 Musik
438 1656 52 17 eine
501 1659 103 25 gewisse
615 1655 131 35 Fertigkeit
760 1660 133 35 erwerben,
906 1662 73 27 selbst
989 1674 75 16 wenn
1076 1675 25 16 er
1112 1665 74 27 dafür

328 1684 68 24 nicht
411 1684 127 30 besonders
554 1690 89 37 begabt
655 1694 38 26 ist.
722 1698 86 25 Durch
819 1700 53 25 eine
886 1701 85 27 solche
982 1713 51 16 von
1042 1704 48 26 den
1101 1705 85 27 besten

328 1725 105 23 Lehrern
446 1725 112 34 geleitete
568 1731 120 27 Zeichen-
703 1734 50 26 und
766 1738 220 29 Modellierschule
1000 1744 106 26 würden
1121 1745 64 26 auch

328 1763 39 21 die
381 1763 294 36 Kunstgewerbeschulen
692 1773 51 26 und
764 1778 143 27 verwandte
926 1782 122 31 Institute,
1069 1784 40 25 die
1129 1786 56 31 jetzt

328 1800 58 59 St
391 1810 7 15 1
398 1810 11 49 !
438 1811 32 48 Z
472 1842 5 4 -
481 1804 86 28 Akade
570 1817 46 42 T
619 1819 16 15 n
648 1812 67 26 noch
883 1819 80 26 Maler
983 1822 50 25 und
1053 1822 133 28 Bildhauer

328 1843 58 19 statt
400 1841 122 36 tüchtiger
533 1846 171 31 Handwerker
718 1853 137 33 ausbilden,
869 1858 112 27 entlastet
996 1861 50 26 und
1058 1864 127 32 reorgani-

329 1883 105 56 TZI
462 1921 19 18 V
624 1925 12 14 A
634 1889 57 26 Nm
701 1889 47 27 den
759 1894 118 27 Wirklkh
888 1903 24 19 ta
915 1897 135 29 'entvollen
1058 1902 126 31 Schülern,

329 1916 79 62 stÜ
425 1966 9 12 r
444 1960 78 18 WM
527 1932 14 15 U
538 1961 13 17 ,
543 1933 10 15 S
564 1933 33 26 gU
594 1966 10 12 r
622 1926 76 28 durch
701 1939 16 26 g
718 1933 85 24 emach
806 1939 9 19 t
826 1934 93 32 hätten,
931 1938 88 27 würde
1030 1939 76 32 dann,
1118 1943 67 24 nach

329 1992 31 24 M
376 1965 34 53 k?
424 1960 91 60 odlt
527 1961 34 59 ,i
562 1971 18 16 6r
594 1965 87 26 LChrer
683 1987 7 9 '
706 1968 39 26 diC
759 1971 127 28 Erkubnis
900 1985 41 16 ™
956 1977 104 27 Vorbild
1065 1989 49 27 -S
1128 1990 57 16 ™*

329 1996 81 22 Maler
424 1996 58 25 oder
497 1999 129 29 Bildhauer
643 2014 28 16 zu
689 2008 100 28 erteilen
806 2012 63 31 sein,
887 2016 121 26 während
1027 2017 40 27 die
1081 2020 104 27 übrieen

330 2029 185 69 iSdTS
588 2078 15 22 k
608 2041 24 26 M
635 2053 32 47 T
670 2054 16 25 g
710 2046 48 26 aUf
777 2051 42 24 Ku
821 2054 256 29 -—beschulen
1101 2030 84 56 fiX

330 2106 78 27 Üben
425 2082 47 51 J
515 2077 36 56 J
637 2082 33 26 ah
689 2086 75 26 Zeich
765 2087 121 34 enlehrer,
907 2094 120 27 Zeichner
1040 2107 25 17 u.
1080 2107 18 17 s.
1112 2097 18 27 f.
1145 2099 39 26 ins

331 2146 72 25 Akn
413 2158 29 19 ge
444 2151 66 25 rht
758 2134 61 43 l»™
917 2142 53 17 WaS
985 2134 15 25 d
1002 2144 47 16 ™
1063 2137 16 25 h
1082 2137 42 31 ier,
1140 2148 44 16 um

1269 223 45 17 uns
1336 214 67 28 doch
1423 226 48 16 nur
1491 218 210 27 ausnahmsweise
1722 218 123 32 darstellt,
1868 220 51 26 und
1940 220 90 27 ebenso
2051 220 85 35 wenig

1269 253 107 28 braucht
1393 256 34 25 sie
1446 266 51 16 von
1516 258 67 25 einer
1601 259 130 26 Phantasie
1750 258 140 28 beherrscht
1908 270 30 16 zu
1956 260 64 31 sein,
2035 259 41 28 die
2089 269 32 17 un-

1269 293 73 27 wahr
1357 294 59 26 oder
1429 296 136 35 hysterisch
1579 298 39 25 ist.

1327 335 28 24 In
1369 334 49 26 den
1428 336 111 26 höheren
1550 336 161 27 Lehrklassen
1724 336 42 27 für
1776 336 105 27 Malerei
1894 337 53 27 und
1962 338 92 26 Plastik
2068 341 68 23 wäre

1268 371 65 27 diese
1343 375 81 25 Kunst
1438 375 89 35 gerade
1541 385 27 16 so
1580 375 134 36 allgemein
1728 376 27 26 in
1766 375 123 28 direktem
1900 377 136 26 Anschluss
2051 387 31 16 an
2097 377 39 26 die

1268 414 83 24 Natur
1364 414 37 25 im
1414 414 130 26 weitesten
1557 415 75 26 Sinne
1647 425 30 16 zu
1696 414 78 31 üben,
1788 416 51 25 wie
1854 416 26 25 in
1894 416 42 25 der
1949 416 120 26 Vorstufe
2084 415 51 27 und

1267 451 53 26 hier
1337 452 50 27 wie
1407 452 56 27 dort
1483 456 68 24 wäre
1570 454 42 26 das
1628 455 125 25 Zeichnen
1771 455 65 25 nach
1855 456 93 35 Gipsen
1966 466 63 25 ganz
2048 465 74 17 auszu-

1267 491 138 28 schliessen.
1430 494 54 24 Vor
1497 493 83 26 Allem
1595 496 67 23 wäre
1673 493 47 26 den
1733 493 117 26 Schülern
1863 494 92 36 völlige
1966 495 170 26 Vertrautheit

1266 531 48 25 mit
1321 531 42 26 der
1368 531 113 26 Technik
1487 532 66 25 ihrer
1558 534 90 29 Kunst,
1654 534 47 24 mit
1707 532 57 26 dem
1770 533 209 31 Farbenbereiten,
1986 535 86 25 Malen
2080 541 55 22 etc.,

1266 568 42 28 der
1327 570 163 37 Behandlung
1509 571 40 26 des
1569 574 141 28 Marmors,
1731 572 57 26 dem
1807 573 102 26 Giessen
1929 573 53 26 und
2003 574 132 26 Ciselieren

1267 608 184 38 beizubringen,
1472 610 40 26 die
1531 612 57 34 jetzt
1609 611 48 26 den
1677 612 104 26 meisten
1801 621 52 17 von
1871 612 42 26 der
1930 612 139 27 Akademie
2083 612 36 27 Ab-

1265 649 130 35 gehenden
1421 649 36 26 bis
1485 659 31 16 zu
1543 651 80 25 ihrem
1650 650 93 36 seligen
1769 651 69 26 Ende
1870 651 147 27 böhmische
2045 651 91 27 Dörfer

1266 687 105 27 bleiben.
1399 690 54 24 Vor
1466 689 84 26 Allem
1571 694 93 21 müsste
1683 690 54 34 jede
1755 691 138 35 Trennung
1913 691 26 25 in
1960 691 90 26 Fächer
2070 691 65 26 nach

1265 727 49 25 den
1326 728 117 25 Motiven
1462 728 42 26 der
1518 728 113 31 Malerei,
1650 729 81 26 sowie
1750 728 43 27 der
1811 730 143 26 Unterricht
1975 731 27 25 in
2020 731 101 25 Meister-

1265 766 95 26 ateliers
1374 766 143 32 fortfallen;
1532 767 99 27 keinem
1642 768 126 31 Künstler,
1779 778 76 17 wenn
1870 778 24 17 er
1909 769 64 26 auch
1987 773 80 33 später
2081 770 54 25 sich

1265 805 58 26 dem
1336 806 88 26 Malen
1437 817 52 16 von
1503 806 128 27 Stillleben
1645 807 61 26 oder
1717 806 183 27 Landschaften
1914 808 139 32 zuwendet,
2069 807 65 28 wird

1266 854 24 17 es
1311 844 119 32 schaden,
1452 845 67 27 volle
1533 847 121 25 Kenntnis
1676 847 36 25 im
1730 846 137 27 Aktmalen
1888 857 29 15 zu
1937 847 118 32 besitzen;
2078 857 38 16 um-

1265 883 105 37 gekehrt
1385 884 65 27 wird
1462 885 56 26 aber
1532 886 64 25 auch
1608 885 42 26 der
1660 886 181 36 Figurenmaler
1855 896 43 16 aus
1914 886 41 27 der
1966 888 168 25 Vertrautheit

1266 923 47 26 mit
1332 923 42 26 der
1388 923 161 32 Landschaft,
1568 925 48 25 mit
1634 923 61 28 Luft
1714 925 50 26 und
1783 926 73 26 Licht
1875 924 41 27 für
1933 927 65 25 seine
2017 927 116 26 Portraits

1266 962 59 26 oder
1340 964 214 35 Kompositionen
1568 963 47 26 den
1628 968 112 32 grössten
1754 966 101 24 Nutzen
1868 966 92 25 ziehen.

1325 1003 48 25 Die
1387 1002 142 36 Förderung
1545 1003 153 26 bestimmter
1711 1004 160 36 Richtungen
1888 1004 27 26 in
1934 1004 43 26 der
1991 1007 89 27 Kunst,
2095 1004 39 26 die

1265 1041 27 25 in
1306 1040 42 26 der
1363 1042 77 35 Regel
1455 1043 35 24 im
1505 1042 190 26 konservativen
1706 1043 137 26 Festhalten
1861 1053 32 16 an
1913 1043 66 27 alten
1994 1043 51 26 und
2060 1043 73 27 selbst

1266 1080 143 26 überlebten
1417 1082 161 35 Richtungen
1594 1082 116 26 bestehen
1717 1082 75 31 wird,
1808 1082 72 26 sollte
1894 1093 51 16 von
1957 1083 65 26 einer
2031 1082 104 27 solchen

1265 1120 101 26 Anstalt
1380 1120 127 27 natürlich
1522 1121 136 36 möglichst
1672 1120 172 37 ferngehalten
1858 1121 109 27 werden.
1993 1123 83 25 Daher
2090 1123 44 25 hat

1266 1159 65 26 auch
1346 1159 41 26 der
1402 1160 131 36 Rompreis
1548 1160 60 26 oder
1626 1170 43 26 gar
1686 1160 40 27 die
1739 1161 165 36 Einrichtung
1918 1162 65 25 einer
1998 1161 136 26 deutschen

1265 1198 140 27 Akademie
1419 1199 27 25 in
1459 1201 77 28 Rom,
1551 1209 51 16 von
1617 1199 42 26 der
1672 1200 69 25 noch
1755 1200 89 25 immer
1862 1200 40 25 die
1915 1200 70 26 Rede
1998 1201 44 30 ist,
2062 1200 72 26 keine

1267 1238 194 36 Berechtigung;
1476 1238 40 26 die
1528 1237 200 27 urkonservative
1736 1239 91 25 Pariser
1835 1238 139 27 Akademie
1982 1240 31 25 ist
2021 1239 114 26 kürzlich

1265 1277 81 26 damit
1366 1286 221 27 vorangegangen,
1612 1277 54 26 dass
1687 1279 34 24 sie
1741 1277 49 26 den
1811 1279 137 25 Gewinner
1972 1279 41 26 des
2034 1288 101 27 grossen

1265 1317 90 25 Preises
1369 1316 71 26 nicht
1453 1316 71 26 mehr
1540 1326 30 15 an
1581 1319 68 23 Rom
1660 1316 93 31 bindet,
1767 1317 108 26 sondern
1885 1318 55 26 ihm
1954 1318 39 26 die
2007 1319 114 26 Entschei-

1265 1355 70 36 dung
1354 1355 131 31 überlässt,
1506 1365 44 16 wo
1571 1355 51 26 und
1640 1356 51 26 wie
1708 1366 25 15 er
1751 1356 46 26 ihn
1816 1355 41 27 für
1877 1357 65 26 seine
1960 1358 104 26 Studien
2081 1367 41 17 ver-

1265 1394 108 27 wenden
1387 1395 65 26 will.
1479 1395 75 25 Auch
1568 1395 31 24 ist
1613 1405 59 16 man
1687 1395 52 26 sich
1753 1396 27 25 in
1790 1396 65 25 Paris
1870 1395 42 27 der
1922 1396 104 37 Mängel
2040 1396 41 27 des
2094 1398 28 26 In-

1265 1435 95 24 stitutes
1376 1435 26 24 in
1414 1433 42 26 der
1466 1433 184 27 Mediceervilla
1666 1434 80 35 längst
1761 1435 121 33 bewusst;
1902 1445 89 17 neuere
2002 1436 132 30 Versuche,

1265 1474 51 26 wie
1337 1473 40 25 die
1396 1472 42 26 der
1456 1473 146 36 spanischen
1615 1473 147 30 Akademie,
1781 1474 55 25 sind
1855 1474 69 31 aber,
1943 1475 123 26 nachdem
2081 1476 54 25 sich

1265 1512 41 26 die
1324 1512 89 26 Schule
1433 1512 63 25 ihres
1516 1512 165 35 eigentlichen
1694 1512 150 36 Begründers
1863 1515 109 34 Fortuny
1987 1514 147 26 allmählich

1265 1551 112 26 überlebt
1391 1551 53 30 hat,
1458 1551 219 34 augenscheinlich
1691 1551 152 36 gescheitert.

1325 1590 42 26 Ob
1386 1590 54 26 eine
1457 1590 85 26 solche
1556 1590 105 26 Reform
1680 1590 42 26 der
1736 1590 152 33 Akademie,
1908 1592 41 26 für
1969 1593 39 26 die
2026 1594 41 25 ich
2081 1593 53 26 hier

1265 1639 48 16 nur
1332 1629 81 36 einige
1430 1628 98 27 Punkte
1545 1639 61 26 ganz
1624 1630 107 36 flüchtig
1748 1631 170 27 hervorheben
1935 1632 107 31 konnte,
2064 1634 70 24 einen

1265 1668 166 37 gründlichen
1442 1667 88 37 Erfolg
1544 1669 81 26 haben
1637 1669 97 31 würde,
1746 1669 42 27 das
1800 1671 77 35 hinge
1888 1671 83 27 davon
1982 1672 39 30 ab,
2033 1673 51 25 wie
2095 1671 39 25 die

1265 1706 167 38 Ausführung
1446 1708 116 36 gemacht
1576 1708 97 31 würde,
1694 1719 45 16 vor
1753 1709 82 27 Allem
1849 1711 66 26 auch
1929 1711 92 31 davon,
2041 1711 32 26 ob
2094 1710 41 26 die

1265 1748 72 25 mehr
1357 1747 51 25 und
1426 1747 70 26 mehr
1511 1757 51 17 von
1579 1747 75 27 allem
1667 1748 98 27 Idealen
1783 1749 156 28 abtreibende
1953 1750 181 35 Entwicklung

1265 1786 42 27 des
1327 1787 108 25 sozialen
1449 1787 93 26 Lebens
1562 1797 98 16 unserer
1673 1789 62 29 Zeit,
1754 1789 82 26 zumal
1855 1789 26 26 in
1899 1789 56 27 dem
1972 1789 80 27 durch
2069 1789 66 26 seine

1265 1836 94 26 ganzen
1373 1826 166 26 Verhältnisse
1557 1827 36 25 als
1612 1827 148 27 Kunststadt
1777 1828 86 36 wenig
1881 1828 158 37 veranlagten
2053 1828 82 27 Berlin

1265 1866 72 26 einen
1352 1866 150 26 wirklichen
1515 1865 180 38 Aufschwung
1711 1866 43 27 der
1767 1869 95 24 Künste
1879 1868 27 25 in
1920 1867 144 27 absehbarer
2078 1868 55 25 Zeit

1265 1904 168 27 aufkommen
1444 1905 78 26 lassen
1529 1905 97 27 würde.
1641 1905 116 37 Aufgabe
1765 1906 40 26 des
1815 1909 77 23 Staats
1900 1907 65 26 wird
1975 1917 23 15 es
2008 1907 56 26 aber
2071 1908 60 29 sein,

1266 1943 42 28 das
1323 1944 123 36 Wenige,
1465 1954 54 17 was
1534 1954 25 17 er
1578 1945 64 26 thun
1656 1941 60 35 soll,
1736 1956 43 15 um
1794 1945 39 27 die
1848 1946 174 36 empfindliche
2037 1946 95 26 Pflanze

1265 1982 43 27 der
1328 1986 82 23 Kunst
1429 1984 71 25 nicht
1518 1983 80 27 durch
1613 1984 235 27 bureaukratischen
1868 1987 99 34 Zwang
1992 1986 82 35 gleich
2095 1986 37 25 im

1264 2023 88 26 Keime
1368 2033 28 16 zu
1408 2022 128 35 ersticken,
1547 2024 133 35 gründlich
1693 2024 50 26 und
1755 2024 155 36 konsequent
1921 2023 209 28 durchzuführen.

1264 2063 61 25 Eine
1340 2063 85 26 solche
1431 2061 107 27 Reform
1549 2063 90 26 würde
1647 2063 152 36 keineswegs
1815 2064 46 25 den
1869 2066 57 24 Etat
1940 2064 42 26 der
1991 2064 140 26 Akademie

1265 2102 133 32 entlasten;
1413 2102 58 26 aber
1482 2102 119 31 dadurch,
1617 2103 54 25 dass
1685 2103 53 26 hier
1752 2103 36 25 im
1802 2113 100 25 grossen
1913 2103 59 26 Stile
1995 2110 79 20 etwas
2087 2113 30 26 ge-

1264 2140 112 27 schaffen
1394 2141 103 31 würde,
1516 2142 90 26 würde
1628 2152 32 16 an
1684 2142 93 26 andern
1798 2142 157 27 Akademien
1982 2143 46 26 mit
2052 2143 78 26 reiner

1264 2181 210 29 Scheinexistenz,
1500 2191 31 16 an
1552 2181 186 26 Kunstschulen
1761 2181 51 26 und
1831 2181 299 37 Kunstgewerbeschulen

1264 2219 149 27 mindestens
1424 2219 138 28 ebensoviel
1573 2221 138 36 eingespart
1718 2220 103 27 werden
1828 2219 109 28 können.
1952 2221 74 26 Auch
2034 2220 96 27 könnte

1264 2258 48 26 auf
1319 2258 92 27 diesem
1422 2261 82 34 Wege
1518 2259 40 26 die
1569 2259 208 37 Selbständigkeit
1792 2259 50 26 und
1854 2260 222 37 Unabhängigkeit
2088 2260 43 25 der

1264 2300 81 24 Kunst
1358 2308 61 16 vom
1434 2301 93 28 Staate,
1546 2299 51 26 wie
1612 2300 33 25 sie
1659 2299 45 25 seit
1717 2299 73 36 lange
1808 2299 27 25 in
1849 2299 113 36 England
1976 2300 51 25 und
2041 2309 75 16 neuer-

1264 2337 72 36 dings
1356 2338 27 25 in
1402 2337 121 26 Amerika
1548 2345 70 18 unter
1639 2339 132 35 günstigen
1791 2338 183 26 Verhältnissen
1997 2339 55 26 sehr
2072 2348 58 17 zum

1264 2377 115 25 Vortheil
1403 2377 42 25 der
1468 2379 82 23 Kunst
1573 2377 54 26 sich
1651 2373 171 40 eingebürgert
1848 2378 55 30 hat,
1929 2379 66 25 auch
2018 2379 41 25 bei
2083 2386 45 18 uns

1264 2416 156 26 Fortschritte
1435 2417 112 25 machen.
1876 2438 38 9 ~..
2021 2438 16 3 _

1876 2440 131 22 Wilhelm
2021 2440 67 22 Bode

1294 2722 0 0 48
