3576 4396
1721 162 68 47 27

183 293 113 50 wird
328 310 46 31 es
401 294 94 46 ihm
527 293 123 48 nicht
680 294 166 64 gehen,
889 297 85 46 wie
1011 313 48 31 so
1103 298 223 49 manchen
1360 300 238 55 Cafetiers,
1642 301 71 48 die

182 374 59 46 im
285 371 110 48 Gate
435 371 312 49 vortreffliche
794 373 240 48 Geschäfte
1081 374 212 50 machten
1337 377 91 47 und
1473 378 59 47 im
1576 378 137 49 Hötel

181 448 359 64 zurückgingen.

301 526 175 47 Unsere
523 524 341 65 Operndichter
912 526 91 48 und
1056 527 323 66 Componisten
1439 529 150 49 haben
1641 531 50 48 be-

183 603 230 47 kanntlich
446 603 70 47 ein
549 603 127 47 Filial
709 603 42 47 in
785 602 342 51 Baden-Baden
1160 607 232 54 errichtet,
1424 608 76 46 für
1524 609 194 49 welches

182 679 61 47 im
267 696 320 47 vergangenen
611 679 145 47 Jahre
788 688 132 38 unter
950 682 216 48 Anderen
1199 683 114 47 auch
1341 686 262 48 Rosenhain
1627 686 90 47 und

182 757 162 48 Litolff
367 757 207 64 geliefert
605 757 166 48 haben.
804 758 85 47 Die
918 758 103 48 dort
1049 777 79 31 zur
1152 762 305 65 Aufführung
1482 763 202 48 kommen-

183 833 86 48 den
304 833 332 48 französischen
663 833 182 49 Werke
875 834 151 50 haben
1058 837 128 47 ihren
1212 839 117 54 Tasr,
1359 838 112 48 oder
1500 841 222 48 vielleicht

1284 884 26 17 n
1517 884 207 17 7

186 912 118 48 auch
334 912 139 56 zwei;
509 912 42 47 in
583 910 83 49 der
694 912 414 64 Naturgeschichte
1138 932 155 30 waren
1326 917 71 47 die
1428 918 290 64 Ephemeren

184 989 149 64 längst
375 988 220 57 bekannt,
638 989 44 47 in
729 989 81 48 der
838 992 416 63 Musikgeschichte
1297 993 98 48 sind
1440 997 63 47 sie
1546 1003 90 39 erst
1678 997 43 47 in

184 1065 158 50 Baden
374 1067 373 62 aufgekommen.

305 1144 46 46 In
384 1144 151 65 Bezug
567 1144 75 48 aul
672 1161 156 47 grosse
857 1145 365 68 Aufführungen
1254 1164 83 32 von
1372 1149 349 59 Vocalwerken,

186 1219 72 50 die
301 1219 295 50 bekanntlich
640 1220 99 49 hier
781 1222 104 48 sehr
927 1223 143 48 selten
1111 1224 116 55 sind,
1270 1225 56 47 ist
1362 1243 52 31 zu
1456 1227 264 57 erwähnen,

187 1298 103 49 dass
330 1299 266 48 Mozart's
636 1300 277 66 Requiem
959 1302 42 47 in
1044 1300 83 50 der
1162 1303 170 48 Kirche
1372 1303 152 49 Notre
1565 1304 159 50 Dame

189 1375 275 65 aufgeführt
504 1376 162 49 wurde
708 1378 81 48 auf
823 1379 361 65 Veranstaltung
1223 1380 78 49 des
1331 1383 177 47 Barons
1537 1383 184 65 Taylor,

184 1451 79 50 des
306 1453 385 49 hochverdienten
736 1454 92 48 und
871 1456 242 64 allgemein
1156 1458 239 48 verehrten
1424 1459 297 50 Präsidenten

186 1530 78 48 des
295 1530 193 50 Vereins
518 1531 82 49 der
629 1533 325 48 Tonkünstler.
998 1534 225 48 Derselbe
1254 1536 158 49 Mäcen
1445 1538 276 48 veranlasste

186 1609 118 48 auch
328 1627 80 29 zur
435 1610 132 48 Feier
591 1610 77 47 des
697 1610 383 50 Cäcilien-Festes
1103 1613 143 48 durch
1277 1613 87 49 den
1388 1615 332 48 Tonkünstler-

187 1686 168 49 Verein
388 1688 91 48 und
508 1705 102 31 zum
644 1689 161 47 Besten
837 1689 81 47 der
949 1689 137 49 Casse
1127 1690 236 51 desselben
1402 1709 73 32 am
1508 1693 87 49 23.
1626 1695 64 47 No-

186 1764 188 48 vember
415 1765 72 48 die
531 1766 175 47 Messe
749 1766 51 47 in
1528 1765 184 50 C-dur
1068 1784 85 32 von
1194 1770 333 48 Beethoven
1566 1771 42 47 in
1641 1770 81 48 der

187 1841 170 49 Kirche
389 1844 65 47 St.
479 1844 244 47 Eustache.
755 1844 139 48 Sollte
926 1862 104 30 man
1063 1846 42 47 in
1137 1846 331 56 Deutschland,
1499 1865 71 31 wo
1600 1848 122 49 diese

184 1935 50 32 so
257 1928 231 57 genannte
515 1920 147 48 kleine
686 1923 146 47 Messe
856 1923 300 48 Beethoven's
1186 1924 42 48 in
1254 1925 115 47 allen
1393 1925 329 57 Landstädten,

179 1998 66 66 ja,
285 1999 44 47 in
367 1999 179 63 einigen
579 1999 249 65 Gegenden
873 2001 138 47 selbst
1056 2001 43 49 in
1137 2006 241 60 grösseren
1409 2004 313 49 Dorfkirchen

184 2093 238 48 gesungen
455 2076 132 56 wird,
629 2078 129 48 sollte
798 2095 105 31 man
948 2095 45 32 es
1031 2079 105 49 dort
1176 2081 219 64 glauben,
1438 2081 101 49 dass
1569 2083 42 47 in
1644 2083 80 48 der

186 2152 289 50 Kaiserstadt
512 2155 142 56 Paris,
699 2155 172 48 welche
915 2155 80 48 der
1042 2158 297 64 Mittelpunkt
1376 2159 81 47 der
1496 2160 201 48 musicali-

184 2231 136 48 schen
356 2231 129 48 Welt
513 2232 96 49 sein
640 2232 106 58 will,
776 2232 122 49 diese
922 2234 306 67 Aufführung
1252 2253 72 32 am
1351 2235 88 51 23.
1461 2238 263 48 November

192 2307 142 51 1863
362 2309 73 49 die
465 2318 151 40 erste
644 2328 86 31 von
756 2310 169 48 diesem
950 2312 347 50 Meisterwerke
1321 2315 126 48 war?
1478 2314 102 49 Und
1605 2315 116 48 doch

184 2387 56 47 ist
269 2387 102 47 dem
407 2389 202 47 wirklich
643 2390 108 47 also.
802 2389 182 49 Gerade
1016 2390 217 66 fünfzig
1264 2394 179 47 Jahre
1472 2394 116 48 nach
1619 2394 102 48 dem

184 2465 281 48 Erscheinen
509 2465 82 48 der
634 2466 324 50 C-clur-Messe
1002 2466 219 67 (Leipzig,
1270 2469 163 57 1813,
1476 2470 70 48 bei
1576 2472 124 47 Breit-

187 2542 110 65 kopf
318 2542 89 49 und
435 2544 177 64 Härtel)
645 2545 160 48 wurde
833 2545 64 48 sie
927 2563 101 30 zum
1061 2554 148 42 ersten
1240 2549 122 48 Male
1392 2549 42 47 in
1467 2550 127 48 Paris
1625 2550 75 48 auf-

184 2621 209 65 geführt,
438 2622 92 47 und
573 2640 102 31 zum
719 2630 150 41 ersten
912 2624 122 48 Male
1083 2624 284 50 berichteten
1419 2627 305 49 französische

184 2699 317 49 musicalische
544 2701 174 47 Blätter
760 2700 91 48 und
885 2702 278 49 Feuilletons
1193 2702 204 51 darüber
1438 2705 93 48 und
1569 2705 152 66 gaben

186 2776 242 50 förmliche
454 2779 228 64 Analysen
708 2777 259 57 derselben,
997 2780 86 49 wie
1111 2798 86 31 von
1227 2782 147 49 einem
1406 2799 48 33 so
1485 2782 115 50 eben
1631 2791 91 41 erst

182 2853 284 65 gedruckten
503 2856 202 48 Werke!
762 2857 135 49 Diese
926 2859 231 64 Analysen
1200 2860 99 48 sind
1340 2869 81 57 gut
1458 2861 92 48 und
1589 2862 110 47 theil-

183 2932 133 47 weise
341 2932 349 51 enthusiastisch
715 2935 319 63 geschrieben,
1064 2937 116 47 auch
1214 2937 79 50 hat
1316 2937 72 50 die
1412 2939 146 48 Messe
1589 2940 129 47 einen

182 3010 475 50 ausserordentlichen
701 3012 235 48 Eindruck
993 3015 83 47 auf
1111 3015 73 48 die
1227 3017 150 47 Masse
1419 3034 82 32 von
1546 3017 144 49 Musik-

182 3086 221 51 freunden
435 3090 229 63 gemacht,
696 3091 173 47 welche
898 3091 72 48 die
995 3092 170 49 Kirche
1195 3094 191 58 füllten;
1416 3095 113 48 aber
1558 3096 163 47 immer

179 3165 145 49 bleibt
352 3184 47 31 es
429 3167 116 50 doch
578 3168 99 49 eine
708 3168 345 66 merkwürdige
1083 3172 288 51 Geschichte.
1425 3175 119 47 Sehr
1574 3175 120 48 schla-

179 3243 118 65 gend
343 3252 102 59 sagt
483 3246 213 66 Adolph«
727 3247 133 48 Botte
903 3247 42 48 in
986 3247 82 48 der
1108 3247 190 52 Gazette
1326 3254 43 47 et
1393 3251 163 51 Revue
1595 3251 122 65 (vom

181 3322 83 50 29.
297 3323 266 50 November
606 3341 37 33 v.
683 3325 87 64 J.):
828 3326 102 57 „Da
970 3326 227 67 beklagen
1240 3330 91 47 sich
1377 3328 71 50 die
1492 3330 224 49 lebenden

181 3401 346 66 Componisten,
578 3402 104 50 dass
725 3420 106 33 man
876 3405 97 48 ihre
1016 3406 179 49 Sachen
1240 3407 123 48 nicht
1407 3407 69 50 bei
1522 3425 193 32 unseren

178 3480 350 50 Kirchenfesten
562 3482 242 48 aufführe!
851 3483 158 49 Wenn
1040 3483 64 50 sie
1133 3485 142 49 daran
1307 3486 179 49 denken
1517 3487 199 56 wollten,

177 3558 87 49 wie
301 3560 160 64 langer
501 3561 450 66 Vernachlässigung
1002 3562 73 50 bei
1123 3581 82 31 uns
1233 3566 196 47 Männer
1476 3582 84 31 von
1611 3565 101 48 dem

177 3637 180 48 Maasse
398 3638 301 49 Beethoven's
739 3640 92 47 und
873 3640 218 48 Weber's
1134 3642 311 48 unterworfen
1485 3659 230 48 gewesen,

175 3730 50 32 so
271 3716 191 49 würden
506 3717 62 48 sie
614 3718 172 55 lernen,
829 3718 93 49 sich
965 3736 54 31 zu
1063 3720 243 64 gedulden.
1374 3721 214 48 Schreibt
1628 3739 88 30 nur

179 3792 179 51 Werke
403 3796 86 48 wie
527 3796 259 49 Beethoven
828 3796 92 48 und
953 3797 195 56 Weber,
1193 3798 91 49 und
1324 3816 109 31 eure
1471 3800 99 48 Zeit
1599 3798 112 49 wird

175 3871 164 62 gewiss
371 3871 245 51 kommen!
666 3873 127 49 Aber
822 3873 71 50 die
925 3873 179 50 Geduld
1136 3876 54 48 ist
1219 3876 117 48 eben
1367 3876 124 49 nicht
1520 3876 70 49 die
1621 3878 61 46 Tu-

174 3947 122 65 gend
327 3966 190 33 unserer
549 3953 302 49 Generation:
898 3952 70 48 bei
1001 3953 85 49 den
1118 3955 233 48 Musikern
1383 3955 221 48 vielleicht
1632 3971 81 32 aus

174 4026 103 48 dem
311 4028 207 59 Grunde,
563 4031 99 48 weil
706 4031 63 48 sie
814 4031 178 59 fühlen,
1030 4031 102 49 dass
1171 4032 80 48 mit
1287 4032 136 50 ihnen
1468 4033 116 49 auch
1616 4033 97 47 ihre

177 4103 179 50 Werke
385 4106 185 49 sterben
603 4108 200 50 werden.
859 4110 123 54 Nun,
1023 4110 64 49 bis
1119 4110 80 49 der
1231 4111 312 48 musicalische
1578 4112 106 47 Fort-

1816 302 172 55 schritt,
2038 304 80 46 der
2162 306 168 47 freilich
2378 311 238 61 Iraglicher
2665 313 68 54 ist,
2779 315 62 44 als
2886 315 216 46 mancher
3150 315 183 58 andere,

1818 396 81 30 uns
1929 380 107 47 alles
2066 381 78 47 das
2169 382 167 65 bringt,
2369 401 91 31 was
2496 403 47 30 er
2573 388 177 48 diesseit
2785 390 89 46 und
2903 391 162 62 jenseit
3098 391 76 48 des
3199 393 109 47 Rhei-

1818 473 76 30 nes
1925 458 230 56 verheisst,
2187 462 161 46 wollen
2380 463 81 45 wir
2492 465 269 64 wenigstens
2788 467 259 56 bekunden,
3079 468 99 47 dass
3204 470 104 46 Beet-

1819 534 141 46 hoven
1993 538 218 45 trotzdem
2242 538 110 47 oder
2383 540 214 48 vielmehr
2628 542 280 65 desswegen,
2939 546 98 46 weil
3064 562 48 30 er
3136 547 90 45 sich
3249 545 84 49 den

1818 611 176 63 ewigen
2028 613 214 48 Gesetzen
2273 614 80 48 der
2382 618 149 47 Kunst
2562 621 306 46 unterworfen
2901 621 92 53 hat,
3026 623 82 46 wie
3139 623 77 47 das
3249 624 58 46 Ge-

1819 688 70 47 nie
1919 689 93 47 sich
2044 689 134 49 ihnen
2212 694 303 46 unterwerfen
2549 712 138 36 muss,
2727 698 68 45 ein
2830 699 252 62 prächtiges
3114 700 146 48 Werk
3294 701 41 46 in

1819 766 145 47 dieser
1995 768 144 46 Messe
2171 769 297 62 geschrieben
2500 772 92 48 hat.
2604 781 17 16 44

1934 844 87 46 Uie
2052 846 308 64 Ausführung
2392 864 94 31 war
2516 857 97 54 gut,
2651 850 115 47 auch
2799 850 68 48 bei
2900 851 85 49 den
3018 853 198 54 Chören,
3247 871 93 31 was

1819 920 42 46 in
1895 921 278 48 Frankreich
2206 924 138 47 selten
2375 924 80 47 der
2486 927 94 45 Fall
2625 927 54 46 ist
2721 928 90 47 und
2851 928 142 48 dieses
3023 931 89 46 Mal
3145 935 162 48 vorzüg-

1819 995 87 49 lieh
1937 995 88 50 den
2055 998 334 65 Bemühungen
2420 1001 311 67 Pasdeloup's,
2762 1004 196 49 welcher
2988 1004 78 50 das
3098 1008 148 47 Ganze
3277 1009 42 46 di-

1820 1074 173 62 rigirte,
2037 1075 90 47 und
2172 1077 77 47 des
2279 1078 190 47 Vereins
2512 1078 82 48 der
2638 1081 306 49 Tonkünstler
2987 1101 50 29 zu
3084 1084 255 50 verdanken

1819 1152 91 47 sein
1945 1154 193 47 mochte.
2197 1155 90 47 Das
2318 1157 352 57 Solo-Quartett
2713 1176 94 32 war
2851 1161 127 48 recht
3014 1162 137 48 schön
3197 1163 142 48 durch

1819 1228 71 48 die
1918 1229 183 48 Damen
2134 1230 349 51 Wertheimber
2527 1234 92 47 und
2661 1236 54 48 de
2756 1237 132 66 Taisy
2933 1237 90 48 und
3061 1238 70 50 die
3160 1241 179 48 Herren

2022 1308 93 47 und
2145 1309 153 48 Faure
2329 1310 183 49 besetzt.

1939 1384 97 47 Ehe
2078 1384 68 48 ich
2193 1385 115 49 über
2348 1387 72 48 die
2451 1388 417 49 Concert-Vereine
2911 1389 216 60 berichte,
3165 1394 177 49 schicke

1820 1460 69 47 ich
1913 1460 71 49 die
2008 1463 130 47 Notiz
2163 1462 116 49 über
2301 1463 86 49 den
2423 1465 338 50 Ullmarrschen
2799 1468 150 57 Stern,
2981 1469 199 50 Carlotta
3207 1472 132 57 Patti,

1819 1556 157 39 voran,
2008 1540 170 49 welche
2207 1542 58 47 im
2299 1543 259 48 December
2594 1545 97 47 hier
2729 1562 112 39 war,
2886 1545 111 49 aber
3027 1547 119 49 nicht
3176 1548 139 49 öffent-

1820 1617 84 46 lich
1931 1633 233 50 gesungen
2190 1619 89 47 hat.
2310 1620 74 49 Sie
2416 1622 77 48 hat
2524 1641 85 29 nur
2641 1623 71 48 bei
2734 1623 178 49 Rossini
2945 1624 92 48 und
3068 1625 69 49 bei
3165 1628 145 63 Meyer-

1821 1693 110 48 beer
1960 1710 251 49 gesungen,
2253 1704 123 41 sonst
2407 1698 239 65 nirgends;
2693 1700 152 49 weder
2875 1700 293 68 Pasdeloup's
3198 1705 116 46 Aner-

1821 1770 150 50 bieten
2011 1789 83 32 von
2127 1773 149 49 -3000
2310 1777 168 47 Francs
2522 1779 75 45 lur
2641 1778 69 48 die
2750 1779 108 47 Arie
2896 1778 81 48 der
3018 1780 198 54 Königin
3262 1782 80 47 der

1820 1850 151 47 Nacht
1998 1850 43 47 in
2070 1851 170 49 seinem
2750 1851 193 51 Concert
2957 1853 263 70 populaire,
2771 1857 115 48 noch
2917 1858 220 48 Pereire's
3164 1859 178 65 Antrag

1821 1944 85 31 von
1953 1928 146 49 5000
2146 1931 169 46 Francs
2361 1933 76 47 für
2479 1933 99 47 eine
2621 1934 158 47 Soiree
2822 1933 147 49 haben
3013 1935 63 49 sie
3121 1935 219 66 bewegen

1825 2005 194 48 können.
2077 2006 86 49 Die
2196 2006 290 51 Directionen
2526 2010 111 48 aller
2667 2010 347 65 Opernbühnen
3058 2013 148 48 haben
3250 2014 92 48 sich

1825 2083 274 57 überboten,
2141 2085 64 47 sie
2233 2103 51 29 zu
2315 2088 259 62 gewinnen,
2618 2088 113 48 aber
2773 2089 273 63 vergebens:
3088 2090 137 48 selbst
3267 2090 77 50 das

1823 2168 184 58 strenge
2056 2161 221 50 Tribunal
2327 2164 80 48 der
2450 2165 776 51 Conservatoire-Concerte
3269 2170 76 48 hat

1824 2238 110 57 sich,
1965 2239 114 47 allen
2111 2239 295 51 Traditionen
2436 2259 99 31 zum
2569 2244 150 53 Trotz,
2757 2244 322 57 entschlossen,
3121 2245 221 50 nachdem

1825 2333 104 32 man
1952 2315 71 50 die
2046 2318 263 48 Künstlerin
2338 2318 70 49 bei
2433 2320 177 48 Rossini
2634 2320 179 65 gehört,
2842 2321 70 47 ihr
2941 2321 86 49 den
3057 2321 286 51 ehrenvollen

1824 2394 180 65 Antrag
2033 2412 51 30 zu
2119 2395 207 57 machen,
2366 2396 59 49 im
2459 2398 344 49 Conservatoire
2839 2406 147 41 zuerst
3015 2400 42 47 in
3089 2401 126 47 Paris
3245 2401 73 47 auf-

1821 2480 221 48 zutreten,
2088 2472 89 49 und
2221 2474 153 49 diesen
2404 2476 179 65 Antrag
2628 2476 76 49 hat
2746 2478 201 48 Carlotta
2991 2494 352 48 angenommen,

1824 2550 112 47 wird
1965 2550 93 48 ihm
2089 2550 112 48 aber
2232 2559 90 40 erst
2347 2554 206 63 Anfangs
2585 2555 125 64 April
2740 2558 226 61 genügen.
3015 2555 104 48 Ihre
3154 2556 155 65 Weige-

1824 2645 132 47 rung,
1989 2629 156 47 früher
2173 2629 92 48 sich
2296 2630 141 48 hören
2468 2649 51 29 zu
2550 2631 162 59 lassen,
2742 2633 156 63 hängt,
2929 2633 84 48 wie
3043 2633 69 48 ich
3142 2650 83 32 von
3256 2652 56 47 gu-

1821 2714 69 39 ter
1918 2706 138 48 Hand
2084 2707 197 59 erfahre,
2312 2709 78 47 mit
2418 2710 146 47 einem
2588 2710 445 48 Uebereinkommen
3062 2728 276 44 zusammen,

1821 2784 80 48 das
1923 2785 220 47 zwischen
2168 2784 161 49 beiden
2352 2785 289 49 Schwestern
2667 2787 192 56 besteht,
2889 2789 186 48 niemals
3104 2805 57 31 zu
3195 2790 115 63 glei-

1821 2861 135 48 cher
1993 2862 122 49 Zeit
2155 2862 45 47 in
2238 2864 124 48 einer
2406 2864 91 48 und
2526 2864 239 49 derselben
2795 2865 131 48 Stadt
2953 2883 52 30 zu
3035 2866 172 64 singen.
3269 2870 67 46 Da

1820 2958 93 30 nun
1945 2940 242 48 Adelina
2216 2956 101 32 vom
2355 2941 42 48 1.
2426 2944 175 47 Januar
2632 2942 64 49 bis
2727 2944 129 48 Ende
2887 2944 119 48 März
3037 2944 68 48 bei
3137 2944 80 48 der
3248 2945 68 48 hie-

1819 3017 126 65 sigen
1975 3017 306 50 italiänischen
2308 3019 127 64 Oper
2475 3022 209 63 engagirt
2726 3021 69 57 ist,
2837 3038 49 31 so
2925 3021 112 48 wird
3077 3021 262 50 Carlotta

1820 3104 90 40 erst
1952 3096 59 48 im
2055 3097 128 64 April
2226 3097 58 47 im
2332 3097 597 51 Conservatoire-Concerte
2971 3100 238 48 auftreten.
3265 3101 73 47 Ich

1819 3175 173 63 gehöre
2032 3191 52 31 zu
2125 3175 86 48 den
2254 3177 205 63 wenigen
2500 3176 312 57 Glücklichen,
2863 3177 170 49 welche
3074 3177 62 49 sie
3174 3177 165 65 gehört

1819 3251 176 57 haben;
2039 3252 71 47 ich
2140 3252 120 49 halte
2282 3252 167 65 jedoch
2480 3255 119 47 mein
2634 3255 174 48 Urtheil
2836 3255 186 56 zurück,
3062 3255 99 47 weil
3193 3255 69 47 ich
3293 3271 46 32 es

1818 3330 141 48 dieses
1981 3330 92 48 Mal
2103 3346 145 49 gegen
2279 3330 147 48 meine
2449 3331 303 48 Gewohnheit
2781 3332 41 47 in
2853 3348 48 31 so
2931 3331 201 50 lebhafte
3157 3332 181 49 Farben

1818 3407 176 48 kleiden
2026 3407 175 57 würde,
2251 3407 100 48 dass
2380 3410 75 45 Du
2501 3408 115 49 mich
2661 3426 71 32 am
2765 3408 128 49 Ende
2936 3410 111 48 eher
3091 3410 74 47 für
3204 3410 131 48 einen

1816 3486 320 49 verblendeten
2164 3486 339 58 Enthusiasten,
2534 3487 63 50 als
2629 3488 76 47 für
2734 3488 130 49 einen
2896 3487 279 48 nüchternen
3197 3488 115 47 Kriti-

1818 3565 80 48 ker
1927 3565 152 48 halten
2111 3565 230 48 möchtest.
2385 3565 127 48 Aber
2541 3565 69 49 fch
2641 3566 127 47 stelle
2798 3566 128 48 einen
2959 3566 376 56 Gewährsmann,

1816 3642 85 48 den
1945 3643 120 47 seine
2108 3642 310 48 musicalische
2465 3643 383 66 Welterfahrung
2898 3642 90 48 und
3032 3643 120 49 seine
3193 3642 142 48 Jahre

1818 3721 129 48 mehr
1976 3720 63 49 als
2068 3720 117 48 mich
2215 3736 79 31 vor
2323 3720 102 48 dem
2453 3721 257 48 Verdachte
2740 3721 80 48 der
2849 3720 339 64 leichtsinnigen
3220 3721 86 47 Hin-

1815 3800 119 64 gabe
1971 3816 56 32 an
2065 3798 78 49 das
2172 3798 179 49 Schöne
2394 3798 230 58 schützen,
2671 3798 88 49 und
2790 3798 93 49 dies
2912 3798 54 47 ist
2996 3798 99 49 kein
3129 3797 206 50 Anderer

1814 3877 63 47 als
1908 3875 283 67 Meyerbeer,
2235 3891 83 32 von
2350 3875 157 49 dessen
2549 3876 301 65 begeisterten
2881 3876 351 63 Aeusserungen
3264 3875 69 48 ich

1812 3957 155 64 Zeuge
1998 3971 112 41 war,
2153 3955 42 47 in
2225 3953 146 50 denen
2412 3972 49 31 er
2497 3962 135 42 unter
2661 3955 230 49 Anderem
2931 3955 261 64 aussprach,
3234 3952 101 50 dass

1814 4035 189 63 gewisse
2047 4031 367 51 überraschende
2455 4032 365 50 Stimm-ElTecte
2868 4033 42 47 in
2959 4031 80 49 der
3090 4031 215 63 Vortrags-

1815 4112 133 48 weise
1971 4111 79 48 der
2074 4110 203 49 Carlotta
2303 4110 114 49 eben
2442 4127 49 32 so
2515 4110 178 48 reizend
2724 4110 89 48 und
2839 4108 299 50 unerklärbar
3164 4112 169 52 wären,

2959 4184 62 67 [1
