4871 6654
105 6553 55 43 76

48 80 121 46 tum.
238 78 173 51 Meine
446 79 183 51 beiden
664 80 169 60 Neger
871 83 191 51 trillern
1100 83 141 51 ihren
1278 84 267 58 gellenden

47 146 370 63 Kriegsschrei,
462 152 180 48 immer
685 167 152 35 wenn
879 156 135 47 mein
1059 153 161 58 Speer
1267 155 79 48 die
1389 155 156 49 Brust

50 219 140 49 eines
237 218 193 56 Ritters
478 221 325 51 durchbohrt.
883 222 104 50 Der
1035 223 313 50 Großvesier
1395 224 151 50 treibt

51 288 79 49 die
173 288 351 57 Spaßmacher
595 305 98 36 vor
734 294 220 48 meinem
996 293 285 50 Dromedar
1323 294 106 57 her,
1472 295 74 48 sie

50 357 242 59 schlagen
321 362 91 48 mit
440 360 140 50 ihren
608 360 205 50 Zähnen
842 362 146 49 harte
1012 363 321 49 betäubende
1359 362 186 58 Musik,

51 427 100 49 und
184 431 185 48 tanzen
403 430 151 49 dazu:
592 430 305 60 Abbarebbi,
930 432 290 58 abbarebbi,
1256 432 289 56 abbarebbi,

53 497 293 59 abbarebbi,
369 499 276 55 lachajare!
703 500 554 50 Huhuuuuuuuu
1292 516 30 34 u

177 567 88 50 Als
303 566 257 52 Conradin
596 570 90 49 der
721 573 152 54 junge
908 570 163 55 Ritter
1109 571 99 48 und
1245 570 178 56 Kaiser
1458 570 58 50 be-

52 637 194 55 graben
272 652 128 44 war,
429 637 118 50 kam
576 641 140 48 seine
744 639 194 49 Mutter
966 653 90 35 zur
1083 639 307 58 Pilgerfahrt
1417 639 129 49 nach

54 705 302 60 Jerusalem,
394 708 101 49 und
529 710 101 48 wie
665 710 74 48 sie
773 709 200 49 meinen
1008 708 202 57 Negern
1247 709 299 57 begegnete,

53 775 167 49 lachte
248 779 75 46 sie
351 776 123 50 über
504 778 79 48 die
609 776 244 50 Unnatur.
914 777 85 49 Ich
1027 777 154 49 küßte
1208 778 76 48 ihr
1315 778 231 49 Gewand

250 845 276 51 abbarebbi
564 845 269 59 lachajare,
872 846 254 55 lachajare

55 913 324 51 abbarebbi!!

58 1116 596 134 Gespräche
732 1118 189 112 mit
996 1118 454 136 Kalypso

53 1276 215 71 Ueber
312 1278 105 69 die
464 1278 224 69 Musik

52 1385 120 58 Von
224 1387 197 54 Alfred
471 1387 209 56 Döblin

55 1482 239 56 Fünftes
322 1483 332 70 Gespräch:
695 1485 107 56 Die
830 1485 397 71 Fischpredigt
1244 1489 23 69 /
1286 1489 125 55 Von
1450 1490 104 54 der

52 1565 298 57 Tonleiter

1422 1586 129 33 Schluß

181 1664 104 50 Der
314 1665 248 59 Schöpfer
592 1669 89 48 der
706 1669 172 50 Musik
905 1669 87 50 hat
1020 1671 122 49 aber
1170 1671 135 49 nicht
1331 1672 100 48 viel
1459 1685 58 43 ge-

56 1748 236 45 wonnen,
323 1750 153 35 wenn
509 1752 55 33 er
597 1741 138 45 etwa
799 1752 57 36 so
891 1753 91 36 aus
1016 1741 89 48 der
1137 1740 288 50 Ueberfülle
1459 1741 87 48 der

55 1802 461 60 Tonbeziehungen
608 1807 140 50 diese
854 1811 233 55 wenigen
1195 1810 350 56 herausgreift.

56 1872 216 51 Worauf
307 1889 55 34 es
396 1875 100 48 ihm
529 1876 200 58 ankam,
761 1891 112 35 war
909 1880 78 47 ein
1020 1879 244 50 tonliches
1300 1878 218 51 Einheits-

56 1942 115 48 maß
208 1958 62 34 zu
304 1944 184 58 finden,
555 1946 91 49 das
680 1946 97 49 alle
808 1964 8 8 •
840 1961 93 34 nur
999 1947 283 57 möglichen
1346 1948 166 48 Tonbe-

57 2011 281 58 ziehungen
371 2014 86 48 auf
489 2014 140 49 ihren
662 2013 147 51 Wert
842 2030 63 35 zu
937 2016 312 57 bestimmte;
1288 2031 57 36 so
1379 2017 166 55 Kraft-

57 2082 99 47 und
198 2080 508 53 Wertunterschiede
749 2085 98 48 und
890 2083 300 52 Herrschaft
1235 2088 310 55 ermöglicht.

182 2151 173 49 Indem
384 2153 115 48 dem
525 2153 231 50 Musiker
783 2155 163 50 nichts
974 2157 150 52 zuteil
1153 2158 144 57 wird,
1324 2172 111 34 was
1465 2157 81 48 ihn

56 2220 299 59 berechtigt,
424 2237 63 34 zu
524 2224 233 49 urteilen:
829 2225 167 49 dieser
1032 2225 109 49 Ton
1210 2228 65 47 ist
1312 2228 77 47 ein
1425 2226 121 57 Fuß,

57 2290 167 49 dieser
286 2293 131 47 zwei
446 2291 105 49 Fuß
612 2307 104 35 von
745 2294 166 53 jenem
942 2294 233 59 entfernt,
1203 2326 62 5 —
1294 2297 167 47 indem
1494 2310 52 34 er

57 2359 108 48 sich
196 2360 313 59 entschließt,
537 2376 63 34 zu
628 2363 295 49 verzichten
953 2364 84 49 auf
1066 2366 109 49 eine
1205 2365 341 56 abgezogene,

56 2442 103 34 von
190 2428 105 50 Fall
325 2445 63 34 zu
418 2430 106 50 Fall
584 2446 94 34 nur
739 2433 344 49 anwendbare
1117 2434 185 58 Größe,
1333 2435 129 48 wird
1494 2448 53 35 er

58 2497 158 50 schon
280 2513 96 34 vor
411 2500 79 48 die
521 2499 207 59 Lösung
793 2504 167 48 seiner
990 2503 231 56 Aufgabe
1281 2504 266 57 gedrängt,

57 2568 197 48 welche
287 2568 174 59 lautet,
495 2573 126 46 statt
655 2572 139 48 eines
831 2573 227 56 einzigen
1091 2572 181 51 Maßes
1310 2575 76 47 ein
1420 2573 94 49 Ver-

54 2636 409 60 gleichsgebilde,
535 2641 111 47 eine
684 2639 342 60 Stufenleiter,
1098 2644 110 47 eine
1247 2642 158 54 Reihe
1443 2657 103 34 von

55 2705 189 50 Maßen
276 2722 63 34 zu
371 2711 190 46 setzen.
625 2708 54 49 In
713 2711 137 47 einer
882 2709 251 51 Tonreihe
1165 2713 129 47 wird
1326 2713 88 47 der
1446 2713 66 48 Ab-

55 2777 151 47 stand
227 2779 137 47 eines
384 2776 167 51 Tones
577 2792 62 35 zu
665 2780 162 47 einem
846 2779 270 57 folgenden
1142 2783 46 46 in
1209 2782 338 50 anerkannter

56 2843 176 52 Weise
259 2845 293 58 festgelegt;
586 2847 140 52 diese
754 2847 272 60 Tonleiter,
1054 2880 63 6 —
1143 2849 155 51 deren
1329 2866 54 34 es
1413 2853 132 48 viele

55 2914 166 56 geben
247 2913 149 60 kann,
421 2945 64 7 —
510 2917 195 49 erlaubt
730 2917 81 50 die
840 2917 319 52 Gesamtheit
1188 2921 88 47 der
1305 2923 206 47 anwend-

56 2983 158 50 baren
241 2984 141 49 Töne
410 2986 318 50 einzureihen
754 2989 98 47 und
879 2988 107 49 ihre
1010 2989 325 50 wechselnde
1363 2990 146 49 Bewe-

55 3055 328 55 gungsgröße
409 3070 63 34 zu
498 3069 219 36 messen.
743 3055 148 51 Nicht
916 3057 107 58 gibt
1051 3060 79 47 die
1157 3059 255 50 Tonleiter
1440 3075 70 35 we-

55 3123 215 49 sentlich
300 3125 80 48 die
408 3126 407 50 verwendbaren
844 3127 370 57 musikfähigen
1244 3128 156 59 Töne,
1430 3144 88 35 son-

58 3193 123 48 dern
216 3194 75 49 sie
324 3197 77 46 tut
435 3195 106 48 dies
574 3210 109 43 nur,
714 3210 85 34 um
833 3198 110 47 eine
976 3197 448 57 Meßmöglichkeit
1459 3199 88 49 der

57 3261 142 49 Töne
223 3277 63 35 zu
308 3263 376 58 gewähren,—
723 3265 64 48 da
811 3280 71 43 es,
906 3268 100 47 wie
1032 3267 78 48 ich
1136 3267 157 49 schon
1320 3273 161 53 sagte,
1500 3271 47 52 ja

54 3331 83 50 bei
156 3333 89 48 der
263 3332 172 49 Musik
461 3332 136 49 nicht
616 3334 85 48 auf
729 3335 78 48 die
826 3334 156 58 Töne,
1002 3337 219 47 sondern
1251 3338 78 47 die
1348 3337 165 49 Tonbe-

58 3400 281 58 ziehungen
375 3402 274 50 ankommt.
716 3403 84 50 Sie
833 3404 108 56 gibt
975 3404 280 58 überhaupt
1289 3406 111 49 blos
1437 3408 110 47 eine

59 3469 471 58 Meßmöglichkeit;
584 3473 299 56 ermöglicht
932 3488 92 34 nur
1073 3475 91 49 das
1213 3475 332 57 Vergleichen

57 3554 104 34 von
193 3539 303 58 Tonfolgen;
533 3556 53 35 es
618 3542 130 49 wird
778 3541 323 59 keineswegs
1137 3545 168 57 damit,
1341 3546 94 48 daß
1470 3548 76 46 ein

59 3608 109 49 Ton
193 3623 84 34 um
303 3612 158 56 einen,
488 3613 77 47 ein
588 3613 214 47 anderer
827 3626 82 35 um
934 3616 131 47 zwei
1090 3613 140 49 Töne
1254 3629 103 33 von
1384 3618 162 45 einem

60 3679 183 49 dritten
273 3679 218 50 entfernt
518 3682 47 47 in
593 3681 88 48 der
706 3680 171 50 Leiter
904 3682 150 58 steht,
1081 3688 197 53 gesagt,
1306 3685 140 53 jener
1473 3687 73 47 sei

60 3748 115 48 dem
214 3748 183 49 dritten
1155 3756 74 46 sei

59 3818 74 49 als
198 3818 187 57 dieser;
453 3818 207 51 solchen
693 3820 266 57 Anspruch
1024 3823 177 49 erhebt
1266 3824 78 47 die
1377 3823 170 49 Leiter

59 3886 338 58 keineswegs.
463 3888 93 50 Die
587 3889 489 59 Bewegungsgröße
1111 3894 129 48 wird
1275 3894 158 49 durch
1468 3896 79 47 die

58 3955 256 51 Tonleiter
346 3972 93 34 nur
472 3972 287 45 gemessen,
794 3961 136 49 nicht
963 3961 267 50 bewertet.
1300 3964 245 57 Sondern,

57 4040 112 36 was
208 4027 184 57 macht,
431 4027 95 49 daß
567 4027 459 61 Tonbeziehungen
1064 4032 172 56 näher,
1276 4033 270 58 ähnlicher,

58 4095 540 53 übereinstimmender
637 4099 99 48 und
789 4101 100 47 wie
959 4107 144 43 sonst
1173 4101 215 58 klingen,
1458 4103 58 48 be-

59 4168 193 47 stimmt
345 4165 107 50 sich
546 4168 386 57 anderswoher;
1031 4171 98 48 und
1225 4172 106 48 dies
1425 4173 121 55 geht

59 4234 124 49 über
250 4236 80 48 die
367 4236 361 58 Grundlegung
797 4237 89 49 der
921 4238 171 50 Musik
1127 4240 193 50 hinaus.
1393 4241 153 49 Diese

60 4303 171 50 Größe
273 4307 65 46 ist
379 4304 146 49 keine
566 4305 132 50 feste
742 4307 185 58 Größe,
970 4311 73 47 sie
1085 4310 262 58 wechselt,
1392 4312 65 48 ist
1498 4313 48 51 ja

60 4375 79 47 ein
165 4372 176 58 Urteil,
371 4375 91 49 das
491 4389 104 35 von
622 4376 167 48 vielen
818 4375 211 52 Werten
1060 4380 242 56 abhängt;
1340 4383 76 46 ein
1447 4381 99 48 und

60 4442 222 50 dieselbe
311 4443 246 59 Tonfolge
585 4446 99 47 und
711 4445 299 59 Bewegung
1037 4448 157 56 klingt
1221 4450 136 48 nicht
1384 4449 162 56 gleich

58 4515 47 45 in
128 4512 420 50 verschiedenem
571 4513 455 61 Zusammenhang,
1049 4518 241 50 bedeutet
1315 4520 231 56 anderes,

60 4581 158 56 klingt
245 4580 88 49 Dir
361 4582 135 50 nicht
524 4597 59 36 so
612 4585 99 48 wie
739 4586 74 48 sie
839 4587 94 47 mir
961 4585 178 59 klingt:
1203 4589 160 49 vieles
1395 4590 151 49 wirkt

60 4650 107 49 hier
614 4651 67 51 Es
717 4653 107 57 gibt
861 4656 176 49 weder
1075 4662 76 44 ein
1190 4658 355 57 abgezogenes

60 4719 121 48 Maß
207 4721 78 47 für
310 4722 78 47 die
415 4720 170 50 Größe
611 4723 89 48 der
724 4723 313 60 Bewegung,
1061 4728 131 48 noch
1218 4731 227 54 weniger
1469 4729 76 50 für

60 4790 96 48 den
195 4789 147 50 Wert
380 4791 89 48 der
507 4791 313 59 Bewegung.

183 4861 212 50 Welche
436 4863 144 54 Rolle
623 4866 148 55 spielt
812 4866 124 55 jetzt
979 4869 130 48 noch
1153 4871 89 48 der
1288 4871 257 50 herrische

60 4931 123 57 Ton,
222 4932 90 48 der
352 4932 278 59 Grundton,
686 4935 89 48 der
842 4936 317 57 Königston?
1232 4938 65 50 Er
1368 4942 178 47 wurde

60 5001 272 49 entthront.
405 5002 94 48 Die
540 5003 394 51 Gesetzlichkeit
989 5009 99 47 und
1159 5007 195 52 Einheit
1425 5011 121 55 liegt

59 5071 204 48 verteilt
297 5071 125 48 über
457 5072 95 48 den
586 5087 196 42 ganzen
832 5075 195 57 Ablauf,
1094 5080 74 46 sie
1233 5081 64 47 ist
1364 5093 151 42 unper-

59 5140 194 48 sönlich
293 5142 296 56 geworden,
645 5142 260 51 bestimmt
978 5146 108 49 sich
1159 5148 73 49 als
1308 5149 78 48 die
1457 5164 58 42 ge-

58 5223 239 35 messene
337 5209 489 58 Bewegungsgröße
900 5215 137 49 eines
1079 5215 137 52 Tons
1291 5218 85 47 auf
1450 5220 95 47 den

60 5278 205 58 andern,
297 5308 62 6 —
388 5278 163 58 König
582 5280 64 50 ist
680 5281 106 49 dies
822 5281 203 51 Gesetz.
1089 5285 191 50 Besser
1313 5288 121 48 rede
1468 5289 77 47 ich

60 5348 177 47 darum
270 5362 104 34 von
408 5350 136 47 einer
574 5348 353 57 Tonrepublik.
992 5352 164 50 Wenn
1190 5355 107 48 hier
1330 5359 77 46 ein
1444 5360 76 47 ein-

59 5416 171 49 zelner
263 5417 109 48 Ton
435 5418 429 58 hervorspringen
929 5423 117 57 will,
1111 5439 57 34 so
1203 5425 132 49 kann
1402 5441 53 34 er
1491 5442 54 35 es

54 5486 255 51 vielleicht
339 5487 74 50 als
444 5487 444 57 Mittelpunktston
919 5493 123 48 oder
1071 5494 316 56 Anfangston
1420 5496 124 49 oder

54 5552 212 60 Endton,
330 5587 64 6 —
457 5556 123 50 aber
612 5558 122 50 alles
772 5560 166 50 dieses
973 5562 64 49 ist
1072 5565 210 47 wertlos
1318 5566 99 46 und
1454 5580 58 33 un-

59 5626 319 57 wesentlich;
421 5628 116 49 weil
577 5628 107 49 sich
721 5631 49 52 ja
838 5630 137 48 nicht
1014 5632 88 47 der
1174 5634 222 49 einzelne
1437 5634 108 49 Ton

58 5700 199 53 wertet,
321 5698 220 48 sondern
574 5700 141 47 seine
745 5698 229 58 Stellung
1006 5701 48 48 in
1086 5702 89 48 der
1203 5702 171 59 Folge,
1407 5707 139 48 seine

55 5764 489 59 Bewegungsgröße
576 5769 46 47 in
656 5768 115 48 dem
802 5768 196 50 Ablauf.

181 5835 143 49 Ganz
351 5836 291 51 unsachlich
670 5838 64 50 ist
762 5838 156 50 damit
946 5839 79 49 die
1052 5839 170 52 Musik
1252 5845 293 56 geworden,

55 5917 147 43 ganz,
240 5919 59 35 so
340 5908 210 48 seltsam
592 5922 54 36 es
689 5907 172 58 klingt,
901 5910 100 50 löst
1043 5912 72 47 sie
1158 5911 106 49 sich
1304 5926 103 35 von
1449 5914 93 48 den

56 5973 190 48 Tönen.
305 5973 93 51 Die
424 5975 255 51 Tonleiter
704 5979 130 48 wird
861 5993 58 35 so
945 5993 115 35 zum
1086 5980 322 57 wichtigsten
1435 5997 72 34 mu-

54 6042 305 50 sikalischen
391 6045 222 51 Gebilde.
673 6047 191 57 Folgen
894 6053 147 45 unter
1072 6051 88 47 der
1192 6050 218 59 Geltung
1440 6053 78 48 die-

54 6125 86 36 ses
181 6112 365 60 Tongesetzes,
586 6116 165 51 dieser
789 6118 304 51 Musikform
1135 6120 140 49 Töne
1317 6123 46 46 in
1407 6125 137 45 einer

55 6181 159 54 Reihe
255 6182 340 59 aufeinander,
638 6200 58 35 so
736 6188 90 55 gilt
866 6189 74 49 als
980 6191 327 49 musikalisch
1349 6205 62 34 an
1455 6192 89 49 der

54 6252 158 52 Reihe
241 6252 78 49 die
347 6252 329 57 Möglichkeit
706 6257 88 48 der
822 6258 316 59 Aufstellung
1170 6263 136 46 einer
1335 6262 206 48 solchen

54 6320 329 51 Wertformel
419 6324 138 50 eines
592 6323 506 62 Tonmittelpunktes,
1136 6330 114 49 dem
1286 6331 78 48 die
1398 6330 145 55 Kraft

55 6385 320 55 innewohnt,
407 6385 78 51 die
507 6385 144 52 Töne
679 6390 88 48 auf
786 6390 88 50 ihn
898 6404 61 36 zu
982 6392 266 53 beziehen.
1294 6393 251 53 Damitsie

53 6462 79 48 die
168 6461 290 59 Grundlage
496 6463 88 49 der
619 6462 172 52 Musik
827 6467 285 57 vollzogen.

1816 82 127 52 Was
1977 83 109 51 sich
2120 83 143 58 reiht,
2298 83 134 58 muß,
2468 95 84 37 um
2587 81 75 51 als
2696 78 172 51 Musik
2904 90 62 37 zu
3000 75 186 59 gelten,

1688 167 58 35 so
1777 156 171 55 geeint
1980 153 312 50 erscheinen.
2356 152 263 50 Demnach
2651 153 65 48 ist
2749 148 158 50 durch
2937 148 80 48 die
3048 145 101 50 Ton-

1688 225 143 48 leiter
1854 223 137 49 nicht
2015 224 91 50 das
2131 222 420 51 Hintereinander
2576 222 89 49 der
2688 220 144 49 Töne
2854 215 330 52 musikalisch

1689 294 282 57 gebunden,
1996 323 64 6 —
2083 294 248 49 vielmehr
2356 292 217 57 betätigt
2599 290 108 51 sich
2733 289 107 49 hier
2869 289 79 48 die
2974 285 175 51 Fremd-

1683 363 276 58 willigkeit,
1978 363 80 49 die
2079 362 219 50 Freiheit
2315 389 42 10 —
2379 362 221 49 sondern
2624 360 75 49 ihr
2718 358 329 51 Zueinander.
3084 355 68 48 Da-

1690 436 90 46 mit
1812 433 122 49 aber
1955 435 109 47 eine
2083 432 158 55 Reihe
2274 430 326 52 musikalisch
2619 430 146 56 wird,
2783 430 109 47 tritt
2924 427 136 49 nicht
3080 428 107 46 erst

1692 518 61 33 zu
1787 504 88 47 der
1909 503 115 49 bloß
2059 503 262 57 gereihten
2354 499 349 58 nachträglich
2736 496 334 51 auswählend
3107 495 79 48 die

1693 570 835 59 Wertbeziehungszauberformel
2556 570 171 55 hinzu;
2760 568 78 48 die
2866 565 158 55 Reihe
3053 565 134 48 kann

1693 642 136 50 nicht
1853 645 90 47 mit
1966 642 89 49 der
2080 642 200 49 Formel
2307 640 277 57 gesondert
2608 638 101 49 und
2733 637 201 58 gesiebt
2960 635 226 50 werden.

1691 712 169 49 Schon
1894 712 81 48 bei
1998 712 88 48 der
2108 711 243 50 Auswahl
2377 711 88 47 der
2489 709 155 57 Töne,
2669 708 198 50 welche
2892 707 78 49 die
2994 704 193 55 Reihen

1694 781 180 58 bilden,
1898 780 117 50 muß
2041 783 73 47 sie
2137 783 49 52 ja
2210 793 230 44 zugegen
2467 780 100 48 und
2590 778 246 49 wirksam
2861 779 123 48 sein.
3040 775 148 49 Nicht

1694 853 45 46 in
1775 852 166 48 dieser
1975 850 174 49 Weise
2215 852 65 48 ist
2314 850 81 48 die
2428 848 256 49 Tonleiter
2719 846 153 50 Form
2907 861 63 34 zu
3003 859 184 36 neuem

1692 921 156 56 völlig
1887 920 387 56 fremdwilligen
2314 918 182 56 Stoffe;
2541 918 222 49 sondern
2804 930 56 35 es
2901 916 130 48 wird
3071 915 115 49 kein

1915 993 230 53 erzeugt;
2182 988 90 51 tief
2303 990 47 47 in
2385 989 79 48 die
2495 986 304 57 Erzeugung
2833 984 166 50 hinein
3033 984 152 58 greift

1694 1062 78 46 die
1806 1060 370 49 musizierende
2211 1058 217 49 Gewalt.
2494 1056 93 50 Die
2619 1055 158 56 Reihe
2813 1055 255 50 erscheint
3102 1068 56 36 so-

1692 1130 101 48 fort
1814 1132 46 46 in
1886 1130 191 48 diesem
2101 1127 231 50 Hinblick
2356 1128 73 48 als
2452 1125 187 51 Musik.
2694 1125 53 48 In
2772 1125 89 49 der
2885 1123 139 51 Welt
3047 1126 139 47 eines

1693 1198 248 57 Denkers,
1969 1199 90 47 der
2084 1200 101 47 wie
2212 1199 168 55 wenig
2409 1197 188 48 andere
2623 1194 172 51 scharf
2822 1210 61 33 zu
2912 1194 274 50 schneiden

1693 1269 260 56 verstand,
1992 1266 151 50 fallen
2180 1266 320 58 gestaltende
2539 1265 220 49 Formen
2798 1265 100 48 und
2938 1266 77 46 ein
3057 1263 132 49 Stoff

1694 1338 356 55 auseinander;
2089 1338 88 47 der
2211 1337 135 49 Stoff
2378 1338 107 47 tritt
2517 1349 94 34 nur
2645 1335 73 49 als
2752 1335 301 57 gestalteter
3088 1333 98 56 auf,

1694 1422 58 34 so
1786 1407 96 49 daß
1916 1421 116 33 man
2066 1406 85 48 auf
2182 1408 107 47 sein
2320 1404 418 50 Vorhandensein
2803 1418 94 35 nur
2930 1403 255 50 schließen

1694 1477 154 55 kann;
1887 1476 89 50 das
2012 1476 209 49 sinnlich
2257 1475 285 49 Gestaltete
2575 1474 87 49 hat
2695 1474 96 48 alle
2823 1474 99 48 und
2957 1474 231 55 alleinige

1696 1544 365 58 Wirklichkeit,
2093 1544 319 57 wenngleich
2444 1544 90 48 das
2567 1542 131 58 Ding
2730 1557 63 35 an
2826 1543 106 49 sich
2967 1545 77 47 ein
3077 1547 84 44 not-

1694 1616 204 55 wendig
1963 1629 62 34 zu
2092 1614 293 48 denkendes
2452 1614 79 48 ist.
2628 1611 122 51 Dies
2784 1613 91 56 gilt
2909 1612 77 49 für
3022 1614 166 47 meine

1691 1685 174 55 Kunst.
1932 1682 165 49 Wenn
2133 1683 80 48 ich
2247 1686 162 53 sagte,
2445 1696 55 34 es
2534 1681 165 49 bliebe
2736 1682 90 48 der
2861 1696 288 34 zusammen-

1689 1753 402 57 hangbildenden
2134 1752 202 49 Gewalt
2378 1750 146 50 keine
2566 1753 213 47 weitere
2820 1751 245 56 Aufgabe,
3108 1752 75 47 als

1694 1824 78 47 die
1804 1823 321 56 fremdwillig
2157 1822 272 56 bewegten
2462 1820 143 49 Töne
2636 1835 63 34 zu
2733 1821 208 57 ordnen,
2975 1835 59 34 so
3067 1820 117 48 muß

1696 1893 78 48 ich
1839 1896 124 51 jetzt
2031 1892 78 48 die
2148 1890 474 58 Geringschätzung
2689 1904 104 36 von
2832 1890 88 50 der
2959 1890 230 57 Aufgabe

1695 1962 231 49 nehmen.

1692 2045 105 51 Das
1829 2045 420 49 Hintereinander
2283 2046 90 48 der
2404 2045 142 49 Töne
2578 2046 66 48 ist
2674 2045 108 48 hier
2812 2044 115 49 bloß
2963 2043 191 50 musika-

1693 2116 125 49 lisch
1852 2116 136 48 nicht
2022 2115 283 57 gebunden,
2341 2114 137 50 nicht
2515 2116 64 48 ist
2617 2115 89 47 der
2743 2113 444 56 Zusammenhang

1694 2186 88 48 der
1813 2184 612 57 Aufeinanderfolgenden
2456 2184 244 57 geregelt,
2733 2184 220 49 sondern
2986 2197 93 35 nur
3113 2183 74 48 ihr

1692 2255 310 56 Ineinander,
2022 2254 74 49 ihr
2118 2253 386 50 überzeitliches
2524 2253 329 50 Zueinander.
2878 2252 113 48 Und
3016 2266 58 35 so
3098 2252 60 49 be-

1693 2325 150 55 greift
1872 2338 54 35 es
1956 2324 122 57 sich,
2108 2323 95 48 daß
2234 2324 106 48 hier
2368 2323 129 48 auch
2527 2323 90 49 das
2647 2321 420 50 Nebeneinander
3098 2322 89 48 der

1693 2394 155 57 Töne,
1880 2394 88 48 der
1998 2393 317 57 gleichzeitig
2345 2392 383 56 anklingenden,
2759 2392 106 48 ihre
2896 2392 157 56 Regel
3087 2392 98 48 und

1694 2463 243 57 Ordnung
1968 2462 168 50 finden
2167 2462 148 49 kann.

1694 2532 79 48 Ihr
1810 2532 417 49 Nebeneinander
2266 2535 46 45 in
2351 2531 324 58 Harmonien,
2715 2531 79 49 die
2832 2531 354 55 Bestimmung

1694 2603 165 49 dieser
1893 2602 309 50 Harmonien
2268 2602 73 50 als
2376 2601 389 57 Konsonanzen,
2832 2600 353 51 Dissonanzen

1691 2672 401 50 verschiedenen
2125 2672 214 57 Grades,
2370 2671 192 57 spricht
2594 2672 91 49 das
2719 2684 128 44 enge
2880 2671 272 48 Gebunden-

1692 2745 107 45 sein
1864 2757 62 33 an
1961 2742 78 48 die
2072 2741 271 57 Tonleiter,
2409 2742 96 48 den
2569 2741 301 57 jeweiligen,
2902 2740 283 50 fließenden

1691 2811 147 49 Wert
1871 2812 88 48 der
1992 2810 248 50 Tonstufe
2305 2811 400 56 augenblicklich
2771 2811 111 50 aufs
2920 2810 265 50 Schärfste

1693 2895 106 44 aus,
1863 2881 215 49 arbeitet
2110 2882 80 47 die
2221 2880 196 50 Einheit
2480 2881 91 50 des
2605 2880 208 50 Ablaufs
2848 2880 190 49 Schritt
3102 2895 83 33 um

1693 2950 189 50 Schritt
1915 2950 199 58 heraus,
2146 2981 62 5 —
2239 2954 185 53 mögen
2457 2950 108 50 sich
2600 2951 78 49 die
2711 2950 309 49 Harmonien
3056 2950 129 49 auch

1692 3021 73 48 oft
1790 3020 240 57 befreien,
2057 3021 107 49 sich
2193 3022 332 55 eigenwertig
2551 3020 275 57 gebärden,
2855 3021 176 48 weder
3060 3021 93 48 kon-

1692 3094 183 45 sonant
1915 3092 106 48 sein
2061 3090 131 49 noch
2232 3091 263 48 dissonant
2534 3091 99 48 und
2672 3092 100 48 wie
2812 3089 245 50 Schatten
3101 3104 82 34 um

1694 3160 79 49 die
1801 3160 257 49 Tonleiter
2087 3161 148 48 irren.
2296 3160 86 50 Sie
2411 3160 330 50 überwinden
2770 3161 63 47 da
2860 3160 215 50 beinahe
3107 3161 78 48 die

1692 3229 271 58 Tonleiter,
1991 3229 195 50 scheint
2214 3243 70 36 es.
2341 3229 257 49 Vielmehr
2625 3229 107 50 seh*
2760 3230 100 48 ich:
2924 3232 73 47 sie
3025 3229 158 49 feiern

1692 3299 96 48 den
1816 3298 240 55 Triumph
2085 3299 90 48 der
2204 3298 259 57 Ordnung,
2495 3300 88 47 der
2612 3299 339 56 unbedingten
2981 3299 174 49 Sicher-

1692 3368 102 48 heit
1859 3368 99 48 und
2022 3369 110 48 sind
2166 3367 225 58 Krieger,
2459 3369 79 48 die
2572 3369 47 48 in
2652 3368 335 50 Feindesland
3053 3369 131 49 ohne

1691 3436 200 49 Waffen
1962 3436 334 58 Siegestänze
2397 3441 198 45 tanzen.
2696 3436 89 51 Ein
2858 3438 325 50 Schwanken

1691 3506 195 49 kommt
1915 3506 123 49 über
2068 3507 138 57 alles,
2237 3507 347 57 Schwelgerei
2646 3508 99 49 und
2773 3508 306 57 Ueppigkeit
3108 3513 76 45 tut

1693 3575 106 49 sich
1827 3576 99 57 auf,
1953 3577 115 48 weil
2094 3577 49 53 ja
2171 3578 89 47 der
2287 3577 177 49 Boden
2493 3578 89 48 der
2609 3578 192 57 großen
2828 3578 133 49 Erde
2989 3580 107 49 sich
3125 3594 58 35 so

1693 3646 453 49 unerschütterlich
2170 3646 231 57 gründet

1692 3714 70 49 Ist
1801 3715 180 49 einmal
2022 3717 89 47 der
2148 3716 213 56 gröbste
2399 3715 314 52 Tatbestand
2754 3718 89 49 der
2883 3717 171 50 Musik
3095 3732 58 43 ge-

1692 3784 178 58 geben,
1896 3786 108 48 tritt
2028 3785 79 49 die
2131 3785 171 50 Musik
2325 3788 47 46 in
2399 3785 140 49 ihren
2565 3786 372 51 äußerlichsten
2966 3788 218 51 Zeichen

1690 3853 203 58 hervor,
1932 3868 60 36 so
2029 3856 107 48 tritt
2173 3869 100 35 nun
2312 3856 317 57 gleichzeitig
2667 3859 91 47 mit
2795 3856 249 60 Tonfolge
3083 3860 99 47 und

1691 3922 289 59 Harmonie,
2022 3925 47 47 in
2112 3925 75 47 ihr
2230 3925 79 49 die
2351 3923 451 60 Eigenwertigkeit
2847 3928 88 48 der
2978 3928 174 49 Aufein-

1692 3991 293 58 anderfolge
2022 3993 204 50 hervor.

1691 4060 114 50 Wie
1837 4063 89 49 das
1959 4061 146 50 Meer
2137 4063 108 50 sich
2278 4064 137 49 wirft
2448 4066 100 48 und
2583 4066 273 49 aufstöhnt.
2923 4066 144 49 Habe
3103 4068 79 48 ich

1691 4130 139 51 Euch
1857 4145 298 45 vergessen,
2184 4135 165 47 meine
2379 4133 246 59 Freunde,
2656 4135 81 49 Ihr
2766 4137 163 48 lieben
2960 4137 220 50 Fische?

1693 4200 59 58 O,
1779 4201 81 49 Ihr
1886 4201 250 58 schwiegt
2162 4217 58 35 so
2247 4204 283 55 andächtig.
2589 4204 129 50 Laßt
2745 4206 129 48 auch
2900 4208 132 47 mich
3059 4209 123 51 jetzt

1692 4271 308 58 schweigen,
2064 4286 84 34 wo
2182 4272 79 48 ich
2295 4286 62 35 an
2391 4274 78 48 die
2502 4273 464 59 Fremdwilligkeit,
3000 4275 150 58 Eigen-

1691 4340 304 57 wertigkeit,
2027 4342 90 49 das
2148 4341 220 50 Jenseits
2400 4343 89 48 der
2514 4342 163 55 Kunst
2707 4344 184 50 rühren
2921 4347 118 48 will.
3102 4347 80 49 Ihr

1691 4408 155 50 kennt
1877 4411 165 48 dieses
2070 4410 238 58 Jenseits,
2335 4412 80 49 ich
2443 4413 102 49 will
2572 4412 140 51 Euch
2741 4414 122 49 aber
2893 4430 92 33 nur
3013 4416 168 50 Neues

1692 4492 172 43 sagen.
1963 4480 141 49 Auch
2141 4480 119 49 ahnt
2295 4480 95 59 Ihr,
2457 4483 95 48 daß
2591 4498 55 35 es
2713 4498 93 35 nur
2844 4486 77 47 ein
2959 4486 222 49 Jenseits

1691 4549 303 49 scheint.
2093 4549 80 49 Ihr
2208 4550 154 50 kennt
2429 4551 90 50 das
2556 4553 127 57 Alte,
2749 4555 317 56 wenngleich
3102 4559 80 45 nie

1689 4618 313 56 Vollendete,
2048 4618 90 51 das
2185 4618 202 52 ruhelos
2433 4622 107 49 sich
2584 4623 171 56 wälzt,
2802 4624 202 48 Sehnen
3051 4625 130 49 ohne

1690 4687 140 49 Ende
1866 4690 79 55 ist,
1981 4688 266 57 Begehren
2285 4690 130 49 ohne
2452 4690 118 58 Ziel,
2609 4693 79 47 die
2724 4692 340 52 Brandfackel
3103 4697 79 47 die

1691 4757 157 49 durch
1913 4757 96 50 alle
2041 4757 197 55 Räume
2301 4760 179 57 lodert,
2514 4761 156 49 kennt
2735 4763 90 48 das
2860 4763 188 58 Singen
3082 4766 98 48 und

1691 4826 180 57 Zirpen
1903 4828 89 48 der
2021 4826 209 59 Möven,
2261 4828 90 50 das
2383 4828 177 50 Toben
2592 4831 89 49 des
2712 4830 222 51 Meeres.

1689 4924 76 48 An
1796 4923 217 59 Masten,
2044 4924 225 58 Giebeln,
2330 4925 235 50 scharfen
2595 4926 215 51 Halmen
2872 4930 198 58 hängen
3102 4933 79 48 die

1691 4993 320 50 Schwalben.
2076 4993 93 50 Die
2202 4995 184 57 riesige
2416 4993 277 52 Wanderin
2726 4998 121 56 geht
2877 5003 89 45 mit
2997 5001 183 49 bloßen

1689 5063 185 58 Füßen,
1937 5063 98 50 naß
2100 5063 374 57 schleppenden
2509 5065 325 52 Gewändern
2898 5070 125 49 über
3089 5073 91 48 das

1687 5132 161 49 Meer.

1688 5332 249 115 Eine
2008 5332 460 115 Vorrede

1684 5500 127 54 Von
1852 5500 142 56 Otto
2031 5500 221 57 StoessI

1687 5598 95 45 Aus
1813 5599 105 44 dem
1946 5600 290 55 Manuskript
2266 5600 130 46 eines
2427 5600 200 48 Romans
2661 5604 377 54 „Morgenrot”

1811 5703 139 50 Höre
1971 5701 175 62 Leser,
2171 5707 77 48 ein
2271 5719 125 43 paar
2417 5705 181 52 Worte
2622 5722 78 44 an,
2723 5710 163 50 bevor
2909 5711 80 50 Du
3014 5716 166 46 meine

1689 5771 286 59 Erzählung
2010 5774 380 59 mißverstehst,
2429 5776 130 49 denn
2596 5778 80 48 ich
2711 5782 246 47 wünsche
2993 5781 187 51 Deiner

1689 5841 208 52 Torheit
1924 5844 277 55 gleichsam
2233 5847 142 48 einen
2406 5844 133 59 Weg
2567 5861 63 34 zu
2658 5849 193 57 zeigen,
2881 5865 83 33 wo
2996 5853 73 46 sie
3102 5854 78 47 die

1688 5914 217 55 meinige
1926 5912 122 50 trifft
2072 5915 98 47 und
2196 5917 77 46 ein
2297 5928 125 43 paar
2445 5915 227 51 Stunden
2699 5917 127 49 eben
2851 5921 90 47 mit
2965 5920 73 48 ihr
3064 5936 87 35 aus-

1689 5981 167 50 halten
1921 5982 148 58 kann,
2131 5986 101 46 wie
2262 5987 51 52 ja
2375 5999 153 36 unser
2561 5987 123 48 aller
2716 5986 171 50 Leben
2924 5991 109 46 eine
3066 5995 85 46 not-

1689 6052 235 56 wendige
1954 6051 502 60 Narrenbegegnung
2521 6056 79 57 ist,
2663 6058 48 46 in
2777 6058 79 48 die
2889 6072 117 35 man
3073 6062 107 49 sich

1689 6121 237 49 schicken
1966 6121 134 49 muß.

1811 6189 127 51 Was
1968 6190 80 49 Du
2078 6191 157 50 hören
2265 6193 169 57 willst,
2466 6193 133 49 kann
2630 6194 79 49 ich
2739 6195 88 49 Dir
2859 6197 155 49 leider
3043 6200 137 48 nicht

1688 6274 159 42 sagen
1879 6261 100 47 und
2010 6275 112 35 was
2154 6262 80 48 ich
2264 6261 89 50 Dir
2385 6276 159 43 sagen
2576 6263 149 59 kann,
2758 6266 154 50 willst
2944 6267 79 50 Du
3053 6273 102 46 viel-

1687 6329 151 50 leicht
1873 6329 137 51 nicht
2045 6330 174 49 hören.
2286 6330 70 50 So
2393 6331 205 51 besteht
2635 6335 258 49 zwischen
2933 6352 92 34 uns
3064 6339 116 50 kein

1688 6401 216 49 anderes
1969 6399 305 59 Verhältnis,
2372 6401 74 50 als
2544 6407 146 45 sonst
2755 6406 260 49 zwischen
3083 6410 97 48 den

1686 6468 281 56 Menschen
1998 6471 66 48 im
2091 6468 172 55 Leben
2292 6470 102 53 und
2420 6485 200 40 warum
2647 6473 182 52 sollten
2859 6477 94 47 wir
2985 6491 55 36 es
3070 6479 110 48 also

3339 68 137 52 nicht
3504 68 268 58 eingehen!
3804 68 81 50 Du
3911 68 268 57 verlangst
4207 68 501 62 himmelschreiende
4734 84 61 52 Be-

3343 140 355 57 gebenheiten,
3779 138 321 50 zuckersüße
4148 137 380 63 Einbildungen,
4609 151 186 60 wohlge-

3341 210 275 51 schraubte
3659 208 198 59 Worte,
3928 209 297 57 großartige
4267 208 398 64 Empfindungen
4736 229 89 48 und

3341 282 169 56 willst,
3538 281 101 47 wie
3667 278 80 50 Du
3776 293 59 35 so
3864 279 160 49 schön
4052 294 63 34 zu
4145 292 161 44 sagen
4334 279 199 60 pflegst,
4561 286 120 50 über
4709 290 116 56 Dich

3340 351 225 49 erhoben
3594 351 122 48 sein.

3465 434 84 49 Ich
3590 433 131 50 habe
3761 434 235 59 irdische,
4039 433 272 59 einfältige,
4350 436 349 55 gewöhnliche
4737 445 59 50 Zu-

3339 505 197 57 stände,
3572 504 285 50 Menschen
3924 505 100 49 und
4057 504 293 57 Ereignisse
4416 519 102 35 von
4554 508 147 51 heute
4735 520 90 46 und

3335 579 209 53 gestern
3570 576 100 47 und
3695 576 233 55 alletage,
3953 576 93 48 das
4072 575 136 55 Spiel
4234 588 104 35 von
4365 575 329 63 Geschicken,
4719 585 106 51 dem

3336 645 80 49 Du
3441 659 59 36 so
3527 658 125 44 gern
3677 644 165 48 fremd
3869 648 120 54 tust,
4016 645 117 48 weil
4159 643 80 49 Du
4264 644 162 48 selbst
4452 659 54 35 es
4533 649 176 50 treibst
4733 659 92 47 und

3337 716 131 48 dann
3493 714 128 50 Dich
3646 715 185 49 dessen
3858 714 244 50 schämst.
4162 714 84 49 Ich
4268 714 103 49 will
4397 714 127 49 Dich
4550 731 60 34 zu
4634 718 86 51 Dir
4744 739 53 35 zu-

3339 785 328 50 rückführen:
3733 784 167 57 Siehe,
3930 783 79 50 Du
4039 784 101 49 bist
4168 784 129 48 Dein
4328 783 239 52 höchstes
4596 786 229 59 Wunder.

3338 854 66 50 Es
3434 857 66 48 ist
3527 857 166 46 meine
3722 854 190 49 Schuld
3942 854 151 57 nicht,
4156 868 152 34 wenn
4339 852 78 51 Du
4449 855 90 50 das
4571 858 131 51 nicht
4731 865 71 48 ein-

3338 924 156 49 sehen
3531 924 199 50 kannst.

3458 1016 85 48 Ich
3580 1028 133 45 mag,
3753 1014 134 50 beim
3927 1013 359 58 allmächtigen
4343 1014 139 58 Gott,
4537 1018 159 51 nichts
4750 1037 47 36 er-

3337 1085 185 49 finden.
3620 1085 139 49 Mein
3797 1085 123 49 Hirn
3988 1087 64 47 ist
4089 1084 206 58 stumpf,
4362 1087 132 47 mein
4532 1084 145 53 Wort
4713 1093 84 49 ohn-

3338 1156 239 56 mächtig,
3610 1170 151 34 wenn
3793 1156 79 48 ich
3903 1155 189 49 Fabeln
4126 1155 268 56 auftragen
4428 1156 99 47 und
4559 1156 266 57 Menschen

3338 1225 337 48 hervorrufen
3705 1225 110 58 soll,
3848 1226 79 48 die
3960 1225 133 50 beim
4124 1223 450 59 Maskenhändler,
4606 1228 65 47 im
4703 1230 92 54 Kon-

3335 1294 516 58 versationslexikon,
3924 1297 66 46 im
4063 1294 338 49 historischen
4474 1294 228 51 Seminar
4769 1317 55 35 zu

3336 1364 185 49 kaufen
3554 1365 126 56 sind,
3745 1365 122 48 aber
3900 1365 136 49 nicht
4100 1365 85 48 auf
4214 1365 142 53 jeder
4389 1364 183 49 Straße
4637 1367 155 53 herum-

3336 1434 183 57 laufen,
3586 1448 112 36 was
3734 1434 78 49 ich
3878 1435 255 48 durchaus
4167 1448 104 34 von
4304 1433 205 58 Fabeln,
4543 1435 280 65 Menschen,

3335 1503 254 50 Trachten
3621 1504 261 56 verlange.

3337 1574 202 49 Gerade
3575 1575 91 48 das
3699 1574 118 48 muß
3854 1575 124 47 aber
4011 1575 90 47 der
4121 1574 230 49 Dichter:
4389 1576 88 47 mit
4499 1575 94 49 den
4626 1578 168 51 erhabe-

3333 1658 97 33 nen
3452 1643 325 55 Geschöpfen
3809 1646 138 45 einer
3976 1644 290 56 gebildeten
4285 1642 278 50 Phantasie
4593 1646 89 50 das
4702 1663 90 35 arm-

3335 1713 159 56 selige
3526 1713 173 48 Leben
3764 1713 312 49 übertreffen
4143 1714 99 48 und
4276 1713 283 49 bevölkern
4625 1719 95 46 und
4755 1722 68 47 ein

3336 1782 218 49 höheres
3591 1782 190 50 Dasein
3819 1784 123 47 über
3979 1785 115 46 dem
4130 1785 269 54 gemeinen
4434 1784 259 58 großartig
4728 1788 72 49 hin-

3335 1853 195 48 stellen.
3555 1883 62 4 —
3641 1851 166 50 Wenn
3836 1867 53 34 er
3916 1853 91 48 das
4033 1852 134 58 muß,
4191 1853 226 48 bedaure
4443 1854 77 47 ich
4547 1853 79 49 ihn
4653 1871 169 42 wegen

3334 1924 168 47 seiner
3536 1922 317 57 Bemühung,
3890 1922 143 57 Dich,
4070 1923 117 48 weil
4223 1922 80 49 Du
4341 1923 156 49 derlei
4534 1924 289 60 schwierige

3336 1992 265 48 Gestalten
3632 1992 279 49 verstehen
3941 1993 161 57 sollst,
4131 1992 175 58 Leser,
4338 1994 89 46 der
4458 1993 77 48 Du
4568 1995 132 50 nicht
4731 2000 69 46 ein-

3333 2062 99 49 mal
3463 2061 126 50 Dich
3619 2062 168 49 selber
3817 2062 279 57 verstehst,
4128 2064 145 47 einen
4302 2063 385 55 gewöhnlichen
4706 2066 118 50 Hinz

3335 2133 99 47 und
3465 2131 156 55 Kunz.
3655 2132 137 48 Aber
3824 2133 96 47 wir
3953 2133 187 48 wollen
4174 2146 93 35 uns
4301 2134 66 46 im
4401 2132 421 55 Mißverständnis

3336 2203 210 55 einigen.
3579 2201 85 49 Ich
3693 2202 246 48 wandere
3969 2202 159 48 durch
4158 2202 80 48 die
4267 2202 201 49 Gassen
4500 2204 99 47 und
4629 2204 168 50 feldein-

3334 2275 177 53 wärts,
3546 2272 213 57 gesellig
3795 2272 99 48 und
3930 2271 130 49 doch
4126 2286 59 35 so
4256 2274 209 55 einsam,
4532 2275 98 46 wie
4693 2276 129 52 jeder

3332 2340 230 58 Mensch,
3583 2355 93 35 nur
3700 2341 95 48 daß
3822 2342 78 47 ich
3925 2342 133 48 mich
4081 2341 82 49 bei
4186 2343 95 48 mir
4306 2342 161 49 selbst
4488 2343 97 47 und
4605 2343 106 49 fern
4729 2359 94 34 von

3334 2411 94 48 den
3466 2410 282 49 Menschen
3786 2426 81 33 am
3908 2411 457 56 allergeselligsten
4405 2412 148 57 weiß,
4590 2413 232 51 während

3333 2480 93 56 Du,
3454 2482 133 47 mein
3614 2480 175 57 Leser,
3817 2481 274 48 Alleinsein
4120 2481 130 49 auch
4278 2481 72 49 als
4379 2481 324 59 Einsamkeit,
4732 2484 60 48 Ge-

3333 2550 261 49 sellschaft
3630 2551 130 48 auch
3795 2551 75 49 als
3907 2550 385 49 Gemeinschaft
4327 2551 155 49 fühlst
4518 2553 98 47 und
4651 2555 171 47 meinst

3334 2620 98 49 und
3467 2619 128 50 Dich
3628 2619 286 56 überhaupt
3947 2622 90 47 mit
4070 2620 91 49 der
4195 2620 303 58 Bedeutung
4534 2622 87 48 der
4654 2621 167 52 Worte

3332 2691 107 48 eins
3467 2689 171 58 weißt,
3667 2704 114 35 was
3811 2690 188 48 Deiner
4027 2691 264 55 gesunden
4311 2691 248 49 Vernunft
4591 2692 92 48 alle
4702 2691 119 51 Ehre

3333 2759 185 49 macht.
3587 2759 84 49 Ich
3708 2760 123 48 aber
3900 2760 113 56 lege
4052 2761 95 47 den
4186 2759 215 49 Worten
4470 2774 157 43 gerne
4694 2762 126 50 ihren

3334 2829 222 49 anderen
3588 2829 122 49 Sinn
3740 2829 80 49 bei
3851 2831 98 47 und
3980 2829 177 58 bringe
4189 2832 73 47 sie
4294 2845 62 33 zu
4386 2845 180 43 neuen,
4598 2833 191 47 wunder-

3332 2899 162 48 lichen
3533 2898 138 49 Ehen
3711 2900 100 47 und
3850 2899 638 50 Nachkommenschaften.
4560 2900 141 50 Doch
4739 2903 81 48 das

3332 2968 135 49 führt
3500 2983 61 34 zu
3594 2972 124 46 weit
3782 2970 100 47 und
3915 2984 62 34 zu
4011 2970 260 49 allerhand
4305 2971 338 49 moralischen
4676 2972 116 56 Frag-

3323 3039 371 56 würdigkeiten
3719 3041 193 47 meiner
3934 3038 182 50 Worte
4140 3041 100 47 und
4260 3040 201 49 Deiner.
4517 3039 109 50 Wir
4649 3043 171 48 wollen

3332 3122 93 35 uns
3447 3111 50 51 ja
3520 3110 66 47 im
3610 3109 439 51 Mißverständnis
4076 3111 213 56 einigen.
4314 3110 144 50 Also:
4489 3111 77 48 ich
4592 3112 228 48 wandere

3333 3178 157 49 durch
3519 3181 167 46 meine
3716 3179 142 57 Tage
3889 3181 99 47 und
4018 3180 163 48 werfe
4213 3181 92 49 das
4335 3180 128 49 Netz
4493 3182 189 47 meiner
4711 3182 82 47 Auf-

3333 3248 367 50 merksamkeit
3766 3251 47 47 in
3848 3250 96 48 den
3980 3248 173 50 Strom
4221 3250 90 48 der
4346 3249 163 57 Dinge
4543 3251 96 47 und
4674 3251 146 49 fische

3331 3316 433 51 Wirklichkeiten.
3797 3318 71 50 Ist
3897 3320 90 47 der
4019 3319 109 57 Tag
4159 3322 219 54 günstig,
4410 3320 130 48 dann
4572 3320 119 55 liegt
4720 3323 100 45 eine

3331 3387 296 58 zappelnde,
3693 3388 401 59 vielschuppige,
4162 3389 278 58 herzhafte,
4540 3390 280 48 eratmende

3330 3456 425 51 Menschlichkeit
3789 3460 66 46 im
3890 3458 129 50 Netz
4055 3459 99 49 und
4190 3462 78 46 ein
4303 3459 188 57 großes
4527 3459 260 49 Menschen-

3331 3540 130 43 auge
3498 3527 156 49 blickt
3690 3528 201 49 bebend
3926 3530 47 47 in
4013 3530 91 48 das
4142 3531 239 55 meinige:
4455 3530 259 49 verstehst
4748 3529 71 48 Du

3330 3596 132 50 mich
3498 3598 145 57 auch,
3677 3596 78 50 Du
3789 3597 209 50 Fischer
4032 3613 104 34 von
4171 3603 256 46 stummen
4463 3598 354 51 Schicksalen?

3331 3666 84 49 Ich
3445 3667 138 48 hoffe
3615 3668 77 49 es!
3759 3666 110 51 Wir
3901 3669 96 49 alle
4029 3669 111 49 sind
4173 3669 83 49 auf
4289 3685 184 33 unsere
4504 3671 89 47 Art
4626 3670 193 49 Fischer

3330 3737 99 47 und
3460 3737 196 58 Fische,
3688 3740 94 47 wir
3814 3751 229 43 spannen
4074 3739 206 55 Reusen
4312 3740 99 49 und
4444 3740 183 57 fangen
4659 3755 88 34 uns
4778 3742 40 46 in

3330 3806 220 55 Reusen.

3455 3889 157 55 Kurz:
3682 3892 91 50 das
3808 3894 64 48 ist
3904 3894 165 48 meine
4102 3892 173 59 Ware,
4342 3895 90 49 das
4466 3894 133 49 kann
4634 3894 75 49 ich
4739 3894 79 47 Dir

3328 3959 190 50 bieten!
3587 3961 299 59 Menschen,
3950 3963 507 58 Menschlichkeiten,
4522 3964 297 55 Schicksale,

3329 4032 181 56 meine,
3546 4030 175 58 Deine,
3794 4048 153 34 unser
3986 4034 124 48 aller
4179 4034 221 57 tägliche
4439 4034 284 50 Erlebnisse
4759 4036 59 46 im

3329 4099 173 49 Strom
3533 4101 90 48 der
3653 4100 151 50 Welt.
3868 4103 136 49 Aber
4036 4104 140 49 diese
4207 4104 163 57 Dinge
4401 4104 124 50 sehe
4557 4105 76 49 ich
4665 4103 126 50 strah-

3329 4169 129 57 lend,
3489 4171 385 58 tausendfarbig
3905 4175 66 45 im
4002 4174 406 49 verschiedenen
4439 4175 144 48 Licht
4615 4175 84 48 der
4729 4174 58 47 Be-

3327 4238 352 56 gebenheiten.
3776 4241 99 50 Mir
3906 4245 65 47 ist
4036 4244 106 49 dies
4174 4243 278 49 Wirkliche
4515 4246 89 47 das
4638 4245 179 53 einzige

3329 4307 243 60 Wunder,
3611 4310 80 49 ich
3731 4314 200 47 träume
3972 4314 97 48 den
4107 4314 190 49 Traum
4338 4316 89 47 der
4465 4314 352 54 Wirklichkeit,

3329 4379 95 47 den
3458 4378 79 49 Du
3571 4382 133 47 mein
3737 4380 184 50 Lieber
3955 4384 252 48 wachend
4240 4385 325 49 verschläfst.
4632 4385 81 47 Ich
4748 4397 45 33 er-

3328 4447 134 49 finde
3491 4449 180 58 nichts,
3700 4451 78 48 ich
3808 4450 133 51 kann
3970 4468 94 34 nur
4093 4454 185 49 finden.
4339 4453 168 50 Willst
4535 4455 78 48 Du
4643 4452 174 50 Fabeln

3329 4518 99 48 und
3475 4533 286 35 ersonnene
3806 4521 466 60 Großartigkeiten,
4317 4539 58 35 so
4420 4525 151 56 begib
4614 4524 121 48 Dich
4775 4523 40 46 in

3329 4590 144 46 einen
3544 4590 223 49 anderen
3804 4590 191 60 Laden,
4066 4609 54 35 es
4159 4596 130 47 wird
4328 4598 178 45 immer
4574 4595 97 48 viel
4737 4593 80 47 mit

3328 4657 316 58 Katzengold
3719 4661 288 56 gehandelt.
4084 4664 84 49 Ich
4211 4665 131 48 habe
4417 4665 181 48 keinen
4640 4663 175 49 andern

3328 4728 137 56 Sinn,
3498 4729 74 49 als
3607 4730 97 48 den
3736 4731 79 48 für
3848 4731 128 51 Dich
4010 4735 100 48 und
4142 4735 149 57 mich,
4324 4736 98 47 und
4457 4750 184 34 unsere
4674 4745 141 41 arme,

3328 4798 219 56 tägliche
3585 4799 242 51 Existenz
3897 4803 65 48 ist
4000 4806 95 47 mir
4134 4805 91 50 das
4296 4807 209 55 einzige,
4545 4802 270 51 wahrhafte

3326 4866 297 51 Fabelreich
3649 4869 89 49 der
3763 4870 244 52 Wunder.
4064 4874 211 58 Täglich
4301 4875 177 49 ziehen
4504 4878 72 46 sie
4601 4877 87 45 mit
4712 4873 102 48 dem

3326 4936 303 58 Morgenrot
3663 4940 85 49 auf
3782 4943 99 47 und
3915 4943 148 49 leben
4098 4947 66 46 im
4196 4944 187 57 Mittag
4418 4946 98 47 und
4551 4942 262 57 verglühen

3328 5021 82 34 am
3448 5008 193 59 Abend,
3681 5013 425 58 unerschöpflich,
4146 5015 277 49 unzählbar
4462 5016 98 47 und
4599 5010 215 53 herrlich.

3453 5077 226 52 Diesmal
3704 5082 103 49 will
3833 5083 79 48 ich
3938 5083 89 49 Dir
4052 5084 129 49 Dein
4207 5085 303 57 Morgenrot
4536 5083 277 50 vorstellen.

3328 5145 121 50 Eine
3486 5148 307 53 Geschichte
3859 5153 90 49 der
3984 5154 201 57 Jugend
4251 5156 103 56 fing
4389 5156 108 49 sich
4532 5158 46 46 in
4612 5156 200 47 meinem

3324 5214 129 52 Netz
3485 5220 99 47 und
3617 5221 81 48 die
3729 5222 358 58 treuherzigen
4123 5226 497 57 erwartungsvollen
4653 5225 159 52 Augen

3327 5290 191 46 zweier
3553 5289 210 54 Knaben
3830 5292 222 50 blickten
4088 5297 133 47 mich
4290 5310 84 35 an:
4444 5295 267 50 Verstehst
4745 5291 67 46 Du

3327 5370 93 36 uns
3446 5358 145 58 auch,
3619 5359 79 49 Du
3724 5361 210 50 Fischer
3959 5378 104 35 von
4091 5369 255 45 stummen
4374 5360 363 54 Schicksalen?

3451 5427 85 50 Ich
3574 5429 164 50 kenne
3775 5430 161 52 Deine
3973 5434 568 58 literarisch-gebildete
4578 5432 236 51 Antwort,

3327 5496 368 60 mißgünstiger
3729 5500 184 52 Leser:
3985 5505 123 57 Ach,
4146 5507 194 47 wieder
4378 5506 180 48 einmal
4599 5507 72 45 ein
4707 5500 81 49 Ent-

3326 5566 491 58 wicklungsroman!

3450 5635 141 59 Nein,
3628 5642 135 47 mein
3814 5641 502 63 Neunmaldummer,
4372 5647 105 48 dies
4532 5645 126 49 wird
4711 5639 103 50 kein

3327 5705 201 50 solcher
3560 5707 213 54 Roman.
3836 5712 234 52 Sondern
4100 5715 117 49 bloß
4249 5719 111 46 eine
4393 5715 302 50 Geschichte
4722 5720 92 38 von

3329 5776 162 47 einem
3530 5777 518 65 Menschenmorgen,
4119 5786 80 48 die
4234 5800 123 34 vom
4428 5780 385 60 nachfolgenden

3326 5843 186 58 Mittag
3535 5849 100 47 und
3658 5863 124 36 vom
3807 5852 359 52 schließlichen
4190 5856 177 48 Abend
4393 5871 90 41 gar
4508 5855 160 49 nichts
4693 5846 121 53 weiß

3327 5915 131 48 noch
3499 5919 191 48 wissen
3731 5922 119 49 will.
3922 5922 107 52 Das
4069 5925 412 55 Knabenfrührot
4522 5927 135 46 eines
4695 5930 120 46 ganz

3325 5985 405 62 gewöhnlichen,
3798 5992 178 50 darum
4043 6009 132 43 ganz
4210 5997 375 48 wunderbaren
4620 5987 167 55 Schick-

3328 6054 119 57 sals,
3473 6057 66 47 ist
3564 6058 139 58 alles,
3730 6075 112 37 was
3869 6064 79 48 ich
3971 6064 90 50 Dir
4087 6069 179 54 zeigen
4292 6067 118 48 will.

3452 6138 158 54 Keine
3634 6141 357 64 Entwicklung
4019 6164 116 34 zum
4162 6150 194 57 großen
4381 6150 222 53 Dichter,
4629 6144 159 50 Staats-

3326 6219 167 46 mann,
3526 6208 196 52 Helden
3756 6216 125 47 oder
3913 6217 332 52 Schwärmer
4278 6221 125 48 oder
4436 6212 378 57 Selbstmörder.

3452 6276 93 50 Die
3581 6280 213 61 Jugend,
3832 6286 80 49 die
3946 6303 62 33 zu
4044 6291 108 47 sich
4188 6291 160 49 selbst
4384 6289 220 56 aufgeht,
4639 6299 59 34 an
4735 6280 80 48 der

3326 6343 131 59 Luft,
3494 6350 66 46 im
3593 6351 164 50 hellen
3793 6353 295 59 Tageslicht
4124 6362 107 47 sich
4267 6359 300 51 aufschließt
4603 6355 92 51 und
4731 6351 82 47 das

3325 6412 173 52 Leben
3536 6421 90 47 mit
3663 6422 223 52 offenem
3924 6427 378 54 Kindermunde
4341 6433 256 52 einatmet,
4635 6426 85 48 das
4757 6419 56 48 ist

3324 6486 133 48 mein
3494 6487 346 58 Gegenstand.
