<?xml version="1.0" encoding="UTF-8"?>
<alto xmlns:xsi="http://www.w3.org/2001/XMLSchema-instance" xmlns="http://www.loc.gov/standards/alto/ns-v2#" xsi:schemaLocation="http://www.loc.gov/standards/alto/ns-v2# http://www.loc.gov/standards/alto/alto-v2.0.xsd" xmlns:xlink="http://www.w3.org/1999/xlink">
	<Description>
		<MeasurementUnit>mm10</MeasurementUnit>
		<sourceImageInformation>
			<fileName>//fileserver7/IN2/Princeton/jp2/pudl0097/2980652/001/19100505_01/00000077.jp2</fileName>
		</sourceImageInformation>
		<OCRProcessing ID="OCRPROCESSING_1">
			<preProcessingStep>
				<processingSoftware>
					<softwareCreator>CCS Content Conversion Specialists GmbH, Germany</softwareCreator>
					<softwareName>CCS docWORKS</softwareName>
					<softwareVersion>6.6-0.29</softwareVersion>
				</processingSoftware>
			</preProcessingStep>
			<ocrProcessingStep>
				<processingSoftware>
					<softwareCreator>ABBYY (BIT Software), Russia</softwareCreator>
					<softwareName>FineReader</softwareName>
					<softwareVersion>10.0</softwareVersion>
				</processingSoftware>
			</ocrProcessingStep>
		</OCRProcessing>
	</Description>
	<Styles>
		<TextStyle ID="TXT_0" FONTSIZE="10" FONTFAMILY="Times New Roman"/>
		<ParagraphStyle ID="PAR_RIGHT" ALIGN="Right"/>
		<ParagraphStyle ID="PAR_LEFT" ALIGN="Left"/>
		<ParagraphStyle ID="PAR_CENTER" ALIGN="Center"/>
		<ParagraphStyle ID="PAR_BLOCK" ALIGN="Block"/>
	</Styles>
	<Layout>
		<Page ID="P1" PHYSICAL_IMG_NR="1" HEIGHT="6654" WIDTH="4871" PRINTED_IMG_NR="73" PC="0.968">
			<TopMargin ID="P1_TM00001" HPOS="0" VPOS="0" WIDTH="4871" HEIGHT="5"/>
			<LeftMargin ID="P1_LM00001" HPOS="0" VPOS="5" WIDTH="4" HEIGHT="6577"/>
			<RightMargin ID="P1_RM00001" HPOS="4865" VPOS="5" WIDTH="6" HEIGHT="6577"/>
			<BottomMargin ID="P1_BM00001" HPOS="0" VPOS="6582" WIDTH="4871" HEIGHT="72">
				<TextBlock ID="P1_TB00001" HPOS="4726" VPOS="6585" WIDTH="53" HEIGHT="44" STYLEREFS="TXT_0 PAR_RIGHT">
					<TextLine ID="P1_TL00001" HPOS="4727" VPOS="6587" WIDTH="52" HEIGHT="42">
						<String ID="P1_ST00001" HPOS="4727" VPOS="6587" WIDTH="52" HEIGHT="42" CONTENT="73" WC="0.35" CC="66"/>
					</TextLine>
				</TextBlock>
			</BottomMargin>
			<PrintSpace ID="P1_PS00001" HPOS="4" VPOS="5" WIDTH="4861" HEIGHT="6577">
				<TextBlock ID="P1_TB00002" HPOS="30" VPOS="20" WIDTH="807" HEIGHT="75" STYLEREFS="TXT_0 PAR_LEFT">
					<TextLine ID="P1_TL00002" HPOS="30" VPOS="20" WIDTH="807" HEIGHT="75">
						<String ID="P1_ST00002" HPOS="30" VPOS="20" WIDTH="303" HEIGHT="75" CONTENT="Umfang" WC="0.97" CC="727337"/>
						<SP ID="P1_SP00001" HPOS="333" VPOS="95" WIDTH="45"/>
						<String ID="P1_ST00003" HPOS="378" VPOS="20" WIDTH="170" HEIGHT="66" CONTENT="acht" WC="0.99" CC="0050"/>
						<SP ID="P1_SP00002" HPOS="548" VPOS="95" WIDTH="49"/>
						<String ID="P1_ST00004" HPOS="597" VPOS="22" WIDTH="240" HEIGHT="64" CONTENT="Seiten" WC="0.98" CC="706007"/>
					</TextLine>
				</TextBlock>
				<TextBlock ID="P1_TB00003" HPOS="3881" VPOS="25" WIDTH="934" HEIGHT="79" STYLEREFS="TXT_0 PAR_RIGHT">
					<TextLine ID="P1_TL00003" HPOS="3882" VPOS="27" WIDTH="933" HEIGHT="77">
						<String ID="P1_ST00005" HPOS="3882" VPOS="27" WIDTH="481" HEIGHT="76" CONTENT="Binzelbezug:" WC="0.99" CC="740015004074"/>
						<SP ID="P1_SP00003" HPOS="4363" VPOS="103" WIDTH="47"/>
						<String ID="P1_ST00006" HPOS="4410" VPOS="33" WIDTH="63" HEIGHT="56" CONTENT="10" WC="0.32" CC="85"/>
						<SP ID="P1_SP00004" HPOS="4473" VPOS="103" WIDTH="49"/>
						<String ID="P1_ST00007" HPOS="4522" VPOS="30" WIDTH="293" HEIGHT="74" CONTENT="Pfennig" WC="0.98" CC="6720170"/>
					</TextLine>
				</TextBlock>
				<TextBlock ID="P1_TB00004" HPOS="30" VPOS="228" WIDTH="4783" HEIGHT="980" STYLEREFS="TXT_0 PAR_LEFT">
					<TextLine ID="P1_TL00004" HPOS="51" VPOS="228" WIDTH="4762" HEIGHT="779">
						<String ID="P1_ST00008" HPOS="51" VPOS="228" WIDTH="1544" HEIGHT="779" CONTENT="DER" WC="0.95" CC="623"/>
						<SP ID="P1_SP00005" HPOS="1595" VPOS="1007" WIDTH="271"/>
						<String ID="P1_ST00009" HPOS="1866" VPOS="249" WIDTH="2947" HEIGHT="758" CONTENT="STURM" WC="0.98" CC="02607"/>
					</TextLine>
					<TextLine ID="P1_TL00005" HPOS="30" VPOS="1024" WIDTH="4782" HEIGHT="183">
						<String ID="P1_ST00010" HPOS="30" VPOS="1041" WIDTH="1687" HEIGHT="160" CONTENT="WOCHENSCHRIFT" WC="1.00" CC="0000400000140"/>
						<SP ID="P1_SP00006" HPOS="1717" VPOS="1201" WIDTH="85"/>
						<String ID="P1_ST00011" HPOS="1802" VPOS="1024" WIDTH="359" HEIGHT="177" CONTENT="FÜR" WC="0.98" CC="202"/>
						<SP ID="P1_SP00007" HPOS="2161" VPOS="1201" WIDTH="98"/>
						<String ID="P1_ST00012" HPOS="2259" VPOS="1052" WIDTH="758" HEIGHT="152" CONTENT="KULTUR" WC="0.99" CC="061320"/>
						<SP ID="P1_SP00008" HPOS="3017" VPOS="1204" WIDTH="129"/>
						<String ID="P1_ST00013" HPOS="3146" VPOS="1052" WIDTH="393" HEIGHT="149" CONTENT="UND" WC="0.96" CC="603"/>
						<SP ID="P1_SP00009" HPOS="3539" VPOS="1204" WIDTH="112"/>
						<String ID="P1_ST00014" HPOS="3651" VPOS="1055" WIDTH="311" HEIGHT="142" CONTENT="DIE" WC="0.98" CC="021"/>
						<SP ID="P1_SP00010" HPOS="3962" VPOS="1204" WIDTH="102"/>
						<String ID="P1_ST00015" HPOS="4064" VPOS="1035" WIDTH="748" HEIGHT="172" CONTENT="KÜNSTE" WC="1.00" CC="000004"/>
					</TextLine>
				</TextBlock>
				<TextBlock ID="P1_TB00005" HPOS="113" VPOS="1364" WIDTH="1593" HEIGHT="241" STYLEREFS="TXT_0 PAR_LEFT">
					<TextLine ID="P1_TL00006" HPOS="115" VPOS="1382" WIDTH="1591" HEIGHT="56">
						<String ID="P1_ST00016" HPOS="115" VPOS="1383" WIDTH="253" HEIGHT="47" CONTENT="Redaktion" WC="0.99" CC="360100005"/>
						<SP ID="P1_SP00011" HPOS="368" VPOS="1430" WIDTH="26"/>
						<String ID="P1_ST00017" HPOS="394" VPOS="1384" WIDTH="94" HEIGHT="44" CONTENT="und" WC="0.96" CC="560"/>
						<SP ID="P1_SP00012" HPOS="488" VPOS="1430" WIDTH="22"/>
						<String ID="P1_ST00018" HPOS="510" VPOS="1384" WIDTH="181" HEIGHT="54" CONTENT="Verlag:" WC="1.00" CC="0200031"/>
						<SP ID="P1_SP00013" HPOS="691" VPOS="1438" WIDTH="35"/>
						<String ID="P1_ST00019" HPOS="726" VPOS="1382" WIDTH="438" HEIGHT="51" CONTENT="Berlin-Halensee," WC="0.99" CC="2066364005050003"/>
						<SP ID="P1_SP00014" HPOS="1164" VPOS="1438" WIDTH="35"/>
						<String ID="P1_ST00020" HPOS="1199" VPOS="1385" WIDTH="459" HEIGHT="45" CONTENT="Katharinenstrasse" WC="1.00" CC="00000425030070700"/>
						<SP ID="P1_SP00015" HPOS="1658" VPOS="1438" WIDTH="22"/>
						<String ID="P1_ST00021" HPOS="1680" VPOS="1385" WIDTH="26" HEIGHT="43" CONTENT="5" WC="0.49" CC="5"/>
					</TextLine>
					<TextLine ID="P1_TL00007" HPOS="113" VPOS="1466" WIDTH="1591" HEIGHT="59">
						<String ID="P1_ST00022" HPOS="113" VPOS="1467" WIDTH="341" HEIGHT="55" CONTENT="Fernsprecher" WC="0.99" CC="104505300007"/>
						<SP ID="P1_SP00016" HPOS="454" VPOS="1522" WIDTH="14"/>
						<String ID="P1_ST00023" HPOS="468" VPOS="1469" WIDTH="106" HEIGHT="43" CONTENT="Amt" WC="1.00" CC="000"/>
						<SP ID="P1_SP00017" HPOS="574" VPOS="1522" WIDTH="14"/>
						<String ID="P1_ST00024" HPOS="588" VPOS="1466" WIDTH="319" HEIGHT="47" CONTENT="Wilmersdorf" WC="0.99" CC="52520700075"/>
						<SP ID="P1_SP00018" HPOS="907" VPOS="1522" WIDTH="19"/>
						<String ID="P1_ST00025" HPOS="926" VPOS="1468" WIDTH="111" HEIGHT="43" CONTENT="3524" WC="0.89" CC="0400"/>
						<SP ID="P1_SP00019" HPOS="1037" VPOS="1522" WIDTH="21"/>
						<String ID="P1_ST00026" HPOS="1058" VPOS="1468" WIDTH="17" HEIGHT="55" CONTENT="/" WC="0.59" CC="4"/>
						<SP ID="P1_SP00020" HPOS="1075" VPOS="1523" WIDTH="15"/>
						<String ID="P1_ST00027" HPOS="1090" VPOS="1467" WIDTH="502" HEIGHT="58" CONTENT="Anzeigen-Annahme" WC="1.00" CC="0300400540270000"/>
						<SP ID="P1_SP00021" HPOS="1592" VPOS="1525" WIDTH="18"/>
						<String ID="P1_ST00028" HPOS="1610" VPOS="1470" WIDTH="94" HEIGHT="44" CONTENT="und" WC="0.96" CC="640"/>
					</TextLine>
					<TextLine ID="P1_TL00008" HPOS="115" VPOS="1550" WIDTH="1590" HEIGHT="55">
						<String ID="P1_ST00029" HPOS="115" VPOS="1550" WIDTH="406" HEIGHT="47" CONTENT="Geschäftsstelle:" WC="1.00" CC="5000025050001600"/>
						<SP ID="P1_SP00022" HPOS="521" VPOS="1597" WIDTH="28"/>
						<String ID="P1_ST00030" HPOS="549" VPOS="1552" WIDTH="152" HEIGHT="45" CONTENT="Berlin" WC="0.99" CC="202550"/>
						<SP ID="P1_SP00023" HPOS="701" VPOS="1597" WIDTH="15"/>
						<String ID="P1_ST00031" HPOS="716" VPOS="1550" WIDTH="143" HEIGHT="54" CONTENT="W35," WC="0.54" CC="6056"/>
						<SP ID="P1_SP00024" HPOS="859" VPOS="1604" WIDTH="31"/>
						<String ID="P1_ST00032" HPOS="890" VPOS="1553" WIDTH="355" HEIGHT="44" CONTENT="Potsdamerstr." WC="0.81" CC="4002300060070"/>
						<SP ID="P1_SP00025" HPOS="1245" VPOS="1604" WIDTH="17"/>
						<String ID="P1_ST00033" HPOS="1262" VPOS="1552" WIDTH="77" HEIGHT="44" CONTENT="111" WC="0.68" CC="135"/>
						<SP ID="P1_SP00026" HPOS="1339" VPOS="1604" WIDTH="22"/>
						<String ID="P1_ST00034" HPOS="1361" VPOS="1554" WIDTH="16" HEIGHT="51" CONTENT="/" WC="0.52" CC="4"/>
						<SP ID="P1_SP00027" HPOS="1377" VPOS="1605" WIDTH="15"/>
						<String ID="P1_ST00035" HPOS="1392" VPOS="1553" WIDTH="174" HEIGHT="45" CONTENT="AmtVl" WC="1.00" CC="00001"/>
						<SP ID="P1_SP00028" HPOS="1566" VPOS="1605" WIDTH="27"/>
						<String ID="P1_ST00036" HPOS="1593" VPOS="1554" WIDTH="112" HEIGHT="44" CONTENT="3444" WC="0.64" CC="0543"/>
					</TextLine>
				</TextBlock>
				<TextBlock ID="P1_TB00006" HPOS="2034" VPOS="1396" WIDTH="794" HEIGHT="175" STYLEREFS="TXT_0 PAR_LEFT">
					<TextLine ID="P1_TL00009" HPOS="2034" VPOS="1427" WIDTH="791" HEIGHT="57">
						<String ID="P1_ST00037" HPOS="2034" VPOS="1427" WIDTH="326" HEIGHT="57" CONTENT="Herausgeber" WC="0.99" CC="00506040606"/>
						<SP ID="P1_SP00029" HPOS="2360" VPOS="1484" WIDTH="28"/>
						<String ID="P1_ST00038" HPOS="2388" VPOS="1431" WIDTH="93" HEIGHT="43" CONTENT="und" WC="0.95" CC="562"/>
						<SP ID="P1_SP00030" HPOS="2481" VPOS="1484" WIDTH="23"/>
						<String ID="P1_ST00039" HPOS="2504" VPOS="1430" WIDTH="321" HEIGHT="46" CONTENT="Schriftleiter:" WC="1.00" CC="00611654010001"/>
					</TextLine>
					<TextLine ID="P1_TL00010" HPOS="2035" VPOS="1512" WIDTH="793" HEIGHT="59">
						<String ID="P1_ST00040" HPOS="2035" VPOS="1512" WIDTH="424" HEIGHT="59" CONTENT="HERWARTH" WC="1.00" CC="00120500"/>
						<SP ID="P1_SP00031" HPOS="2459" VPOS="1571" WIDTH="45"/>
						<String ID="P1_ST00041" HPOS="2504" VPOS="1514" WIDTH="324" HEIGHT="54" CONTENT="WALDEN" WC="0.99" CC="000000"/>
					</TextLine>
				</TextBlock>
				<TextBlock ID="P1_TB00007" HPOS="3136" VPOS="1387" WIDTH="1596" HEIGHT="229" STYLEREFS="TXT_0 PAR_LEFT">
					<TextLine ID="P1_TL00011" HPOS="3138" VPOS="1388" WIDTH="1594" HEIGHT="58">
						<String ID="P1_ST00042" HPOS="3138" VPOS="1388" WIDTH="476" HEIGHT="56" CONTENT="Vierteljahresbezug" WC="1.00" CC="000620020070070060"/>
						<SP ID="P1_SP00032" HPOS="3614" VPOS="1444" WIDTH="42"/>
						<String ID="P1_ST00043" HPOS="3656" VPOS="1391" WIDTH="95" HEIGHT="51" CONTENT="1,25" WC="0.53" CC="7604"/>
						<SP ID="P1_SP00033" HPOS="3751" VPOS="1444" WIDTH="29"/>
						<String ID="P1_ST00044" HPOS="3780" VPOS="1391" WIDTH="132" HEIGHT="43" CONTENT="Mark" WC="0.98" CC="3060"/>
						<SP ID="P1_SP00034" HPOS="3912" VPOS="1444" WIDTH="27"/>
						<String ID="P1_ST00045" HPOS="3939" VPOS="1391" WIDTH="11" HEIGHT="54" CONTENT="j" WC="0.36" CC="6"/>
						<SP ID="P1_SP00035" HPOS="3950" VPOS="1445" WIDTH="22"/>
						<String ID="P1_ST00046" HPOS="3972" VPOS="1391" WIDTH="429" HEIGHT="55" CONTENT="Halbjahresbezug" WC="1.00" CC="002040610000170"/>
						<SP ID="P1_SP00036" HPOS="4401" VPOS="1446" WIDTH="30"/>
						<String ID="P1_ST00047" HPOS="4431" VPOS="1394" WIDTH="97" HEIGHT="52" CONTENT="2,50" WC="0.49" CC="5643"/>
						<SP ID="P1_SP00037" HPOS="4528" VPOS="1446" WIDTH="38"/>
						<String ID="P1_ST00048" HPOS="4566" VPOS="1394" WIDTH="166" HEIGHT="48" CONTENT="Mark/" WC="0.99" CC="00234"/>
					</TextLine>
					<TextLine ID="P1_TL00012" HPOS="3138" VPOS="1472" WIDTH="1592" HEIGHT="61">
						<String ID="P1_ST00049" HPOS="3138" VPOS="1472" WIDTH="308" HEIGHT="59" CONTENT="Jahresbezug" WC="0.99" CC="40010260038"/>
						<SP ID="P1_SP00038" HPOS="3446" VPOS="1531" WIDTH="43"/>
						<String ID="P1_ST00050" HPOS="3489" VPOS="1474" WIDTH="97" HEIGHT="54" CONTENT="5,00" WC="0.49" CC="5446"/>
						<SP ID="P1_SP00039" HPOS="3586" VPOS="1531" WIDTH="40"/>
						<String ID="P1_ST00051" HPOS="3626" VPOS="1477" WIDTH="130" HEIGHT="42" CONTENT="Mark" WC="0.97" CC="4072"/>
						<SP ID="P1_SP00040" HPOS="3756" VPOS="1531" WIDTH="29"/>
						<String ID="P1_ST00052" HPOS="3785" VPOS="1477" WIDTH="17" HEIGHT="54" CONTENT="/" WC="1.00" CC="0"/>
						<SP ID="P1_SP00041" HPOS="3802" VPOS="1531" WIDTH="32"/>
						<String ID="P1_ST00053" HPOS="3834" VPOS="1477" WIDTH="76" HEIGHT="44" CONTENT="bei" WC="0.97" CC="008"/>
						<SP ID="P1_SP00042" HPOS="3910" VPOS="1531" WIDTH="29"/>
						<String ID="P1_ST00054" HPOS="3939" VPOS="1474" WIDTH="138" HEIGHT="46" CONTENT="freier" WC="0.98" CC="650204"/>
						<SP ID="P1_SP00043" HPOS="4077" VPOS="1531" WIDTH="28"/>
						<String ID="P1_ST00055" HPOS="4105" VPOS="1478" WIDTH="270" HEIGHT="55" CONTENT="Zustellung" WC="0.99" CC="0500002640"/>
						<SP ID="P1_SP00044" HPOS="4375" VPOS="1533" WIDTH="30"/>
						<String ID="P1_ST00056" HPOS="4405" VPOS="1477" WIDTH="16" HEIGHT="53" CONTENT="/" WC="0.63" CC="3"/>
						<SP ID="P1_SP00045" HPOS="4421" VPOS="1533" WIDTH="32"/>
						<String ID="P1_ST00057" HPOS="4453" VPOS="1480" WIDTH="252" HEIGHT="44" CONTENT="Insertions" SUBS_TYPE="HypPart1" SUBS_CONTENT="Insertionspreis" WC="0.75" CC="2600000552"/>
						<HYP HPOS="4705" VPOS="1480" WIDTH="25" CONTENT="-"/>
					</TextLine>
					<TextLine ID="P1_TL00013" HPOS="3138" VPOS="1558" WIDTH="1593" HEIGHT="58">
						<String ID="P1_ST00058" HPOS="3138" VPOS="1558" WIDTH="125" HEIGHT="54" CONTENT="preis" SUBS_TYPE="HypPart2" SUBS_CONTENT="Insertionspreis" WC="0.65" CC="07054"/>
						<SP ID="P1_SP00046" HPOS="3263" VPOS="1612" WIDTH="44"/>
						<String ID="P1_ST00059" HPOS="3307" VPOS="1559" WIDTH="72" HEIGHT="44" CONTENT="für" WC="0.95" CC="607"/>
						<SP ID="P1_SP00047" HPOS="3379" VPOS="1612" WIDTH="44"/>
						<String ID="P1_ST00060" HPOS="3423" VPOS="1560" WIDTH="75" HEIGHT="44" CONTENT="die" WC="0.98" CC="040"/>
						<SP ID="P1_SP00048" HPOS="3498" VPOS="1612" WIDTH="45"/>
						<String ID="P1_ST00061" HPOS="3543" VPOS="1559" WIDTH="371" HEIGHT="57" CONTENT="fünfgespaltene" WC="0.99" CC="70569000020230"/>
						<SP ID="P1_SP00049" HPOS="3914" VPOS="1616" WIDTH="53"/>
						<String ID="P1_ST00062" HPOS="3967" VPOS="1561" WIDTH="419" HEIGHT="55" CONTENT="Nonpareillezeile" WC="0.99" CC="3460070032060350"/>
						<SP ID="P1_SP00050" HPOS="4386" VPOS="1616" WIDTH="52"/>
						<String ID="P1_ST00063" HPOS="4438" VPOS="1560" WIDTH="57" HEIGHT="45" CONTENT="60" WC="0.64" CC="24"/>
						<SP ID="P1_SP00051" HPOS="4495" VPOS="1616" WIDTH="44"/>
						<String ID="P1_ST00064" HPOS="4539" VPOS="1563" WIDTH="192" HEIGHT="53" CONTENT="Pfennig" WC="0.97" CC="2607558"/>
					</TextLine>
				</TextBlock>
				<TextBlock ID="P1_TB00008" HPOS="1494" VPOS="1728" WIDTH="1850" HEIGHT="115" STYLEREFS="TXT_0 PAR_CENTER">
					<TextLine ID="P1_TL00014" HPOS="1494" VPOS="1773" WIDTH="1847" HEIGHT="70">
						<String ID="P1_ST00065" HPOS="1494" VPOS="1773" WIDTH="877" HEIGHT="67" CONTENT="BERLIN/DONNERSTAG" WC="1.00" CC="00002030000100300"/>
						<SP ID="P1_SP00052" HPOS="2371" VPOS="1840" WIDTH="63"/>
						<String ID="P1_ST00066" HPOS="2434" VPOS="1775" WIDTH="161" HEIGHT="62" CONTENT="DEN" WC="0.97" CC="221"/>
						<SP ID="P1_SP00053" HPOS="2595" VPOS="1840" WIDTH="47"/>
						<String ID="P1_ST00067" HPOS="2642" VPOS="1780" WIDTH="55" HEIGHT="59" CONTENT="5." WC="0.78" CC="04"/>
						<SP ID="P1_SP00054" HPOS="2697" VPOS="1840" WIDTH="29"/>
						<String ID="P1_ST00068" HPOS="2726" VPOS="1779" WIDTH="139" HEIGHT="60" CONTENT="MAI" WC="0.99" CC="102"/>
						<SP ID="P1_SP00055" HPOS="2865" VPOS="1840" WIDTH="58"/>
						<String ID="P1_ST00069" HPOS="2923" VPOS="1776" WIDTH="221" HEIGHT="67" CONTENT="1910/" WC="0.76" CC="05400"/>
						<SP ID="P1_SP00056" HPOS="3144" VPOS="1843" WIDTH="0"/>
						<String ID="P1_ST00070" HPOS="3144" VPOS="1776" WIDTH="197" HEIGHT="67" CONTENT="WIEN" WC="0.98" CC="5000"/>
					</TextLine>
				</TextBlock>
				<TextBlock ID="P1_TB00009" HPOS="29" VPOS="1751" WIDTH="641" HEIGHT="96" STYLEREFS="TXT_0 PAR_LEFT">
					<TextLine ID="P1_TL00015" HPOS="30" VPOS="1768" WIDTH="640" HEIGHT="79">
						<String ID="P1_ST00071" HPOS="30" VPOS="1768" WIDTH="425" HEIGHT="79" CONTENT="JAHRGANG" WC="1.00" CC="40003010"/>
						<SP ID="P1_SP00057" HPOS="455" VPOS="1847" WIDTH="54"/>
						<String ID="P1_ST00072" HPOS="509" VPOS="1771" WIDTH="161" HEIGHT="61" CONTENT="1910" WC="0.59" CC="7260"/>
					</TextLine>
				</TextBlock>
				<TextBlock ID="P1_TB00010" HPOS="4288" VPOS="1773" WIDTH="523" HEIGHT="69" STYLEREFS="TXT_0 PAR_RIGHT">
					<TextLine ID="P1_TL00016" HPOS="4290" VPOS="1776" WIDTH="520" HEIGHT="64">
						<String ID="P1_ST00073" HPOS="4290" VPOS="1776" WIDTH="386" HEIGHT="64" CONTENT="NUMMER" WC="1.00" CC="010000"/>
						<SP ID="P1_SP00058" HPOS="4676" VPOS="1840" WIDTH="61"/>
						<String ID="P1_ST00074" HPOS="4737" VPOS="1778" WIDTH="73" HEIGHT="59" CONTENT="10" WC="0.67" CC="50"/>
					</TextLine>
				</TextBlock>
				<TextBlock ID="P1_TB00011" HPOS="30" VPOS="2006" WIDTH="361" HEIGHT="75" STYLEREFS="TXT_0 PAR_LEFT">
					<TextLine ID="P1_TL00017" HPOS="31" VPOS="2006" WIDTH="356" HEIGHT="71">
						<String ID="P1_ST00075" HPOS="31" VPOS="2006" WIDTH="356" HEIGHT="71" CONTENT="INHALT:" WC="0.98" CC="6033106"/>
						<SP ID="P1_SP00059" HPOS="387" VPOS="2077" WIDTH="0"/>
					</TextLine>
				</TextBlock>
				<TextBlock ID="P1_TB00012" HPOS="30" VPOS="2018" WIDTH="1519" HEIGHT="831" STYLEREFS="TXT_0 PAR_BLOCK">
					<Shape>
						<Polygon POINTS="1549,2849 30,2849 30,2096 406,2096 406,2018 1549,2018"/>
					</Shape>
					<TextLine ID="P1_TL00018" HPOS="468" VPOS="2034" WIDTH="1077" HEIGHT="57">
						<String ID="P1_ST00076" HPOS="468" VPOS="2034" WIDTH="276" HEIGHT="49" CONTENT="ROBERT" WC="0.98" CC="900052"/>
						<SP ID="P1_SP00060" HPOS="744" VPOS="2083" WIDTH="93"/>
						<String ID="P1_ST00077" HPOS="837" VPOS="2037" WIDTH="246" HEIGHT="46" CONTENT="SCHEU:" WC="1.00" CC="000030"/>
						<SP ID="P1_SP00061" HPOS="1083" VPOS="2083" WIDTH="74"/>
						<String ID="P1_ST00078" HPOS="1157" VPOS="2037" WIDTH="339" HEIGHT="47" CONTENT="Radikalismus" WC="1.00" CC="000000073030"/>
						<SP ID="P1_SP00062" HPOS="1496" VPOS="2084" WIDTH="34"/>
						<String ID="P1_ST00079" HPOS="1530" VPOS="2039" WIDTH="15" HEIGHT="52" CONTENT="/" WC="0.68" CC="3"/>
					</TextLine>
					<TextLine ID="P1_TL00019" HPOS="35" VPOS="2117" WIDTH="1512" HEIGHT="59">
						<String ID="P1_ST00080" HPOS="35" VPOS="2117" WIDTH="172" HEIGHT="44" CONTENT="PAUL" WC="0.99" CC="0040"/>
						<SP ID="P1_SP00063" HPOS="207" VPOS="2161" WIDTH="51"/>
						<String ID="P1_ST00081" HPOS="258" VPOS="2117" WIDTH="261" HEIGHT="45" CONTENT="LEPPIN:" WC="0.79" CC="0001605"/>
						<SP ID="P1_SP00064" HPOS="519" VPOS="2162" WIDTH="61"/>
						<String ID="P1_ST00082" HPOS="580" VPOS="2120" WIDTH="164" HEIGHT="44" CONTENT="Daniel" WC="1.00" CC="000300"/>
						<SP ID="P1_SP00065" HPOS="744" VPOS="2164" WIDTH="51"/>
						<String ID="P1_ST00083" HPOS="795" VPOS="2120" WIDTH="137" HEIGHT="56" CONTENT="Jesus" WC="1.00" CC="02000"/>
						<SP ID="P1_SP00066" HPOS="932" VPOS="2176" WIDTH="31"/>
						<String ID="P1_ST00084" HPOS="963" VPOS="2125" WIDTH="17" HEIGHT="49" CONTENT="/" WC="0.55" CC="4"/>
						<SP ID="P1_SP00067" HPOS="980" VPOS="2176" WIDTH="32"/>
						<String ID="P1_ST00085" HPOS="1012" VPOS="2127" WIDTH="149" HEIGHT="35" CONTENT="Roman" WC="0.97" CC="54620"/>
						<SP ID="P1_SP00068" HPOS="1161" VPOS="2176" WIDTH="23"/>
						<String ID="P1_ST00086" HPOS="1184" VPOS="2122" WIDTH="19" HEIGHT="52" CONTENT="/" WC="0.49" CC="5"/>
						<SP ID="P1_SP00069" HPOS="1203" VPOS="2176" WIDTH="32"/>
						<String ID="P1_ST00087" HPOS="1235" VPOS="2120" WIDTH="312" HEIGHT="47" CONTENT="HERBERT" WC="1.00" CC="0000002"/>
					</TextLine>
					<TextLine ID="P1_TL00020" HPOS="36" VPOS="2200" WIDTH="1509" HEIGHT="61">
						<String ID="P1_ST00088" HPOS="36" VPOS="2201" WIDTH="314" HEIGHT="49" CONTENT="IHERING:" WC="0.77" CC="30053041"/>
						<SP ID="P1_SP00070" HPOS="350" VPOS="2250" WIDTH="59"/>
						<String ID="P1_ST00089" HPOS="409" VPOS="2203" WIDTH="230" HEIGHT="47" CONTENT="Gedichte" WC="0.99" CC="01900670"/>
						<SP ID="P1_SP00071" HPOS="639" VPOS="2250" WIDTH="19"/>
						<String ID="P1_ST00090" HPOS="658" VPOS="2206" WIDTH="18" HEIGHT="55" CONTENT="/" WC="0.30" CC="6"/>
						<SP ID="P1_SP00072" HPOS="676" VPOS="2261" WIDTH="24"/>
						<String ID="P1_ST00091" HPOS="700" VPOS="2205" WIDTH="163" HEIGHT="45" CONTENT="ELSE" WC="0.99" CC="0500"/>
						<SP ID="P1_SP00073" HPOS="863" VPOS="2261" WIDTH="47"/>
						<String ID="P1_ST00092" HPOS="910" VPOS="2200" WIDTH="635" HEIGHT="55" CONTENT="LASKER-SCHÜLER:" WC="0.92" CC="000000700000004"/>
					</TextLine>
					<TextLine ID="P1_TL00021" HPOS="38" VPOS="2281" WIDTH="1505" HEIGHT="64">
						<String ID="P1_ST00093" HPOS="38" VPOS="2286" WIDTH="93" HEIGHT="44" CONTENT="Der" WC="0.99" CC="003"/>
						<SP ID="P1_SP00074" HPOS="131" VPOS="2330" WIDTH="44"/>
						<String ID="P1_ST00094" HPOS="175" VPOS="2286" WIDTH="334" HEIGHT="56" CONTENT="Kreuzfahrer/" WC="0.99" CC="460516014030"/>
						<SP ID="P1_SP00075" HPOS="509" VPOS="2342" WIDTH="17"/>
						<String ID="P1_ST00095" HPOS="526" VPOS="2288" WIDTH="262" HEIGHT="49" CONTENT="ALFRED" WC="1.00" CC="001004"/>
						<SP ID="P1_SP00076" HPOS="788" VPOS="2342" WIDTH="46"/>
						<String ID="P1_ST00096" HPOS="834" VPOS="2281" WIDTH="283" HEIGHT="54" CONTENT="DÖBLIN:" WC="0.76" CC="2200704"/>
						<SP ID="P1_SP00077" HPOS="1117" VPOS="2342" WIDTH="45"/>
						<String ID="P1_ST00097" HPOS="1162" VPOS="2289" WIDTH="270" HEIGHT="56" CONTENT="Gespräche" WC="0.99" CC="300160005"/>
						<SP ID="P1_SP00078" HPOS="1432" VPOS="2345" WIDTH="30"/>
						<String ID="P1_ST00098" HPOS="1462" VPOS="2289" WIDTH="81" HEIGHT="46" CONTENT="mit" WC="0.95" CC="614"/>
					</TextLine>
					<TextLine ID="P1_TL00022" HPOS="30" VPOS="2371" WIDTH="1513" HEIGHT="54">
						<String ID="P1_ST00099" HPOS="30" VPOS="2371" WIDTH="199" HEIGHT="54" CONTENT="Kalypso" WC="0.77" CC="0803030"/>
						<SP ID="P1_SP00079" HPOS="229" VPOS="2425" WIDTH="33"/>
						<String ID="P1_ST00100" HPOS="262" VPOS="2372" WIDTH="116" HEIGHT="44" CONTENT="über" WC="0.98" CC="0007"/>
						<SP ID="P1_SP00080" HPOS="378" VPOS="2425" WIDTH="19"/>
						<String ID="P1_ST00101" HPOS="397" VPOS="2371" WIDTH="76" HEIGHT="45" CONTENT="die" WC="0.99" CC="020"/>
						<SP ID="P1_SP00081" HPOS="473" VPOS="2425" WIDTH="24"/>
						<String ID="P1_ST00102" HPOS="497" VPOS="2372" WIDTH="396" HEIGHT="53" CONTENT="Musik/OTTO" WC="1.00" CC="3000352000"/>
						<SP ID="P1_SP00082" HPOS="893" VPOS="2425" WIDTH="34"/>
						<String ID="P1_ST00103" HPOS="927" VPOS="2374" WIDTH="329" HEIGHT="46" CONTENT="STOESSL:" WC="0.92" CC="00000006"/>
						<SP ID="P1_SP00083" HPOS="1256" VPOS="2425" WIDTH="32"/>
						<String ID="P1_ST00104" HPOS="1288" VPOS="2374" WIDTH="108" HEIGHT="46" CONTENT="Eine" WC="0.99" CC="1101"/>
						<SP ID="P1_SP00084" HPOS="1396" VPOS="2425" WIDTH="32"/>
						<String ID="P1_ST00105" HPOS="1428" VPOS="2374" WIDTH="87" HEIGHT="46" CONTENT="Vor" SUBS_TYPE="HypPart1" SUBS_CONTENT="Vorrede/WILHELM" WC="0.99" CC="007"/>
						<HYP HPOS="1515" VPOS="2374" WIDTH="28" CONTENT="-"/>
					</TextLine>
					<TextLine ID="P1_TL00023" HPOS="31" VPOS="2454" WIDTH="1517" HEIGHT="59">
						<String ID="P1_ST00106" HPOS="31" VPOS="2454" WIDTH="478" HEIGHT="54" CONTENT="rede/WILHELM" SUBS_TYPE="HypPart2" SUBS_CONTENT="Vorrede/WILHELM" WC="1.00" CC="200010600000"/>
						<SP ID="P1_SP00085" HPOS="509" VPOS="2508" WIDTH="30"/>
						<String ID="P1_ST00107" HPOS="539" VPOS="2457" WIDTH="352" HEIGHT="46" CONTENT="ALTMANN:" WC="1.00" CC="00000333"/>
						<SP ID="P1_SP00086" HPOS="891" VPOS="2508" WIDTH="31"/>
						<String ID="P1_ST00108" HPOS="922" VPOS="2459" WIDTH="327" HEIGHT="54" CONTENT="Indianeroper" WC="0.99" CC="500003034017"/>
						<SP ID="P1_SP00087" HPOS="1249" VPOS="2513" WIDTH="20"/>
						<String ID="P1_ST00109" HPOS="1269" VPOS="2460" WIDTH="14" HEIGHT="51" CONTENT="/" WC="0.36" CC="6"/>
						<SP ID="P1_SP00088" HPOS="1283" VPOS="2513" WIDTH="23"/>
						<String ID="P1_ST00110" HPOS="1306" VPOS="2457" WIDTH="242" HEIGHT="49" CONTENT="TRUST:" WC="1.00" CC="002001"/>
					</TextLine>
					<TextLine ID="P1_TL00024" HPOS="31" VPOS="2540" WIDTH="1516" HEIGHT="56">
						<String ID="P1_ST00111" HPOS="31" VPOS="2540" WIDTH="457" HEIGHT="54" CONTENT="Araberpantomime" WC="1.00" CC="040208812400500"/>
						<SP ID="P1_SP00089" HPOS="488" VPOS="2594" WIDTH="33"/>
						<String ID="P1_ST00112" HPOS="521" VPOS="2542" WIDTH="18" HEIGHT="54" CONTENT="/" WC="1.00" CC="0"/>
						<SP ID="P1_SP00090" HPOS="539" VPOS="2596" WIDTH="29"/>
						<String ID="P1_ST00113" HPOS="568" VPOS="2542" WIDTH="322" HEIGHT="45" CONTENT="MINIMAX:" WC="0.99" CC="03066020"/>
						<SP ID="P1_SP00091" HPOS="890" VPOS="2596" WIDTH="47"/>
						<String ID="P1_ST00114" HPOS="937" VPOS="2543" WIDTH="168" HEIGHT="44" CONTENT="Politik" WC="0.99" CC="0400060"/>
						<SP ID="P1_SP00092" HPOS="1105" VPOS="2596" WIDTH="44"/>
						<String ID="P1_ST00115" HPOS="1149" VPOS="2543" WIDTH="93" HEIGHT="44" CONTENT="und" WC="1.00" CC="000"/>
						<SP ID="P1_SP00093" HPOS="1242" VPOS="2596" WIDTH="39"/>
						<String ID="P1_ST00116" HPOS="1281" VPOS="2543" WIDTH="242" HEIGHT="46" CONTENT="Luftschiff" SUBS_TYPE="HypPart1" SUBS_CONTENT="Luftschiffahrt/R." WC="0.99" CC="0130300672"/>
						<HYP HPOS="1523" VPOS="2543" WIDTH="24" CONTENT="-"/>
					</TextLine>
					<TextLine ID="P1_TL00025" HPOS="31" VPOS="2623" WIDTH="1514" HEIGHT="59">
						<String ID="P1_ST00117" HPOS="31" VPOS="2623" WIDTH="227" HEIGHT="54" CONTENT="fahrt/R." SUBS_TYPE="HypPart2" SUBS_CONTENT="Luftschiffahrt/R." WC="0.99" CC="00200084"/>
						<SP ID="P1_SP00094" HPOS="258" VPOS="2677" WIDTH="39"/>
						<String ID="P1_ST00118" HPOS="297" VPOS="2623" WIDTH="70" HEIGHT="49" CONTENT="R.:" WC="0.92" CC="002"/>
						<SP ID="P1_SP00095" HPOS="367" VPOS="2677" WIDTH="52"/>
						<String ID="P1_ST00119" HPOS="419" VPOS="2625" WIDTH="252" HEIGHT="57" CONTENT="Eröffnung" WC="0.99" CC="001250026"/>
						<SP ID="P1_SP00096" HPOS="671" VPOS="2682" WIDTH="43"/>
						<String ID="P1_ST00120" HPOS="714" VPOS="2626" WIDTH="83" HEIGHT="46" CONTENT="der" WC="0.97" CC="006"/>
						<SP ID="P1_SP00097" HPOS="797" VPOS="2682" WIDTH="39"/>
						<String ID="P1_ST00121" HPOS="836" VPOS="2626" WIDTH="206" HEIGHT="44" CONTENT="Berliner" WC="1.00" CC="00004000"/>
						<SP ID="P1_SP00098" HPOS="1042" VPOS="2682" WIDTH="31"/>
						<String ID="P1_ST00122" HPOS="1073" VPOS="2628" WIDTH="440" HEIGHT="54" CONTENT="Kunstausstellung" WC="1.00" CC="0000091000110109"/>
						<SP ID="P1_SP00099" HPOS="1513" VPOS="2682" WIDTH="17"/>
						<String ID="P1_ST00123" HPOS="1530" VPOS="2628" WIDTH="15" HEIGHT="52" CONTENT="/" WC="0.64" CC="3"/>
					</TextLine>
					<TextLine ID="P1_TL00026" HPOS="33" VPOS="2708" WIDTH="1515" HEIGHT="57">
						<String ID="P1_ST00124" HPOS="33" VPOS="2708" WIDTH="47" HEIGHT="44" CONTENT="A." WC="1.00" CC="00"/>
						<SP ID="P1_SP00100" HPOS="80" VPOS="2752" WIDTH="31"/>
						<String ID="P1_ST00125" HPOS="111" VPOS="2708" WIDTH="64" HEIGHT="42" CONTENT="L.:" WC="0.92" CC="002"/>
						<SP ID="P1_SP00101" HPOS="175" VPOS="2752" WIDTH="39"/>
						<String ID="P1_ST00126" HPOS="214" VPOS="2708" WIDTH="234" HEIGHT="57" CONTENT="Achtungl" WC="0.80" CC="01073201"/>
						<SP ID="P1_SP00102" HPOS="448" VPOS="2765" WIDTH="32"/>
						<String ID="P1_ST00127" HPOS="480" VPOS="2709" WIDTH="479" HEIGHT="56" CONTENT="Dichter!/OSKAR" WC="1.00" CC="00015000020000"/>
						<SP ID="P1_SP00103" HPOS="959" VPOS="2765" WIDTH="34"/>
						<String ID="P1_ST00128" HPOS="993" VPOS="2711" WIDTH="215" HEIGHT="46" CONTENT="BAUM:" WC="1.00" CC="00200"/>
						<SP ID="P1_SP00104" HPOS="1208" VPOS="2765" WIDTH="31"/>
						<String ID="P1_ST00129" HPOS="1239" VPOS="2711" WIDTH="191" HEIGHT="44" CONTENT="Ballade" WC="0.99" CC="5056000"/>
						<SP ID="P1_SP00105" HPOS="1430" VPOS="2765" WIDTH="32"/>
						<String ID="P1_ST00130" HPOS="1462" VPOS="2721" WIDTH="86" HEIGHT="34" CONTENT="aus" WC="0.96" CC="125"/>
					</TextLine>
					<TextLine ID="P1_TL00027" HPOS="35" VPOS="2792" WIDTH="633" HEIGHT="56">
						<String ID="P1_ST00131" HPOS="35" VPOS="2792" WIDTH="101" HEIGHT="44" CONTENT="dem" WC="0.97" CC="033"/>
						<SP ID="P1_SP00106" HPOS="136" VPOS="2836" WIDTH="32"/>
						<String ID="P1_ST00132" HPOS="168" VPOS="2792" WIDTH="153" HEIGHT="44" CONTENT="Leben" WC="1.00" CC="00210"/>
						<SP ID="P1_SP00107" HPOS="321" VPOS="2836" WIDTH="32"/>
						<String ID="P1_ST00133" HPOS="353" VPOS="2792" WIDTH="85" HEIGHT="46" CONTENT="der" WC="0.96" CC="900"/>
						<SP ID="P1_SP00108" HPOS="438" VPOS="2838" WIDTH="30"/>
						<String ID="P1_ST00134" HPOS="468" VPOS="2794" WIDTH="200" HEIGHT="54" CONTENT="Begriffe" WC="0.99" CC="00022560"/>
					</TextLine>
				</TextBlock>
				<TextBlock ID="P1_TB00013" HPOS="41" VPOS="3007" WIDTH="786" HEIGHT="123" STYLEREFS="TXT_0 PAR_LEFT">
					<TextLine ID="P1_TL00028" HPOS="41" VPOS="3007" WIDTH="784" HEIGHT="120">
						<String ID="P1_ST00135" HPOS="41" VPOS="3007" WIDTH="784" HEIGHT="120" CONTENT="Radikalismus" WC="1.00" CC="401110200304"/>
					</TextLine>
				</TextBlock>
				<TextBlock ID="P1_TB00014" HPOS="35" VPOS="3172" WIDTH="608" HEIGHT="80" STYLEREFS="TXT_0 PAR_LEFT">
					<TextLine ID="P1_TL00029" HPOS="36" VPOS="3172" WIDTH="607" HEIGHT="57">
						<String ID="P1_ST00136" HPOS="36" VPOS="3172" WIDTH="123" HEIGHT="55" CONTENT="Von" WC="0.97" CC="060"/>
						<SP ID="P1_SP00109" HPOS="159" VPOS="3227" WIDTH="44"/>
						<String ID="P1_ST00137" HPOS="203" VPOS="3175" WIDTH="219" HEIGHT="54" CONTENT="Robert" WC="0.99" CC="001403"/>
						<SP ID="P1_SP00110" HPOS="422" VPOS="3229" WIDTH="37"/>
						<String ID="P1_ST00138" HPOS="459" VPOS="3175" WIDTH="184" HEIGHT="54" CONTENT="Scheu" WC="0.98" CC="00920"/>
					</TextLine>
				</TextBlock>
				<TextBlock ID="P1_TB00015" HPOS="37" VPOS="3290" WIDTH="1505" HEIGHT="3262" STYLEREFS="TXT_0 PAR_BLOCK">
					<TextLine ID="P1_TL00030" HPOS="162" VPOS="3290" WIDTH="1378" HEIGHT="55">
						<String ID="P1_ST00139" HPOS="162" VPOS="3290" WIDTH="105" HEIGHT="49" CONTENT="Das" WC="0.96" CC="064"/>
						<SP ID="P1_SP00111" HPOS="267" VPOS="3339" WIDTH="29"/>
						<String ID="P1_ST00140" HPOS="296" VPOS="3294" WIDTH="199" HEIGHT="51" CONTENT="jeweils" WC="0.98" CC="3090607"/>
						<SP ID="P1_SP00112" HPOS="495" VPOS="3345" WIDTH="30"/>
						<String ID="P1_ST00141" HPOS="525" VPOS="3293" WIDTH="155" HEIGHT="49" CONTENT="letzte" WC="0.99" CC="600200"/>
						<SP ID="P1_SP00113" HPOS="680" VPOS="3345" WIDTH="31"/>
						<String ID="P1_ST00142" HPOS="711" VPOS="3293" WIDTH="150" HEIGHT="50" CONTENT="Wort" WC="0.98" CC="0560"/>
						<SP ID="P1_SP00114" HPOS="861" VPOS="3345" WIDTH="30"/>
						<String ID="P1_ST00143" HPOS="891" VPOS="3295" WIDTH="89" HEIGHT="48" CONTENT="der" WC="1.00" CC="010"/>
						<SP ID="P1_SP00115" HPOS="980" VPOS="3345" WIDTH="32"/>
						<String ID="P1_ST00144" HPOS="1012" VPOS="3294" WIDTH="528" HEIGHT="50" CONTENT="wissenschaftlichen" WC="1.00" CC="000001100060036005"/>
					</TextLine>
					<TextLine ID="P1_TL00031" HPOS="41" VPOS="3358" WIDTH="1501" HEIGHT="62">
						<String ID="P1_ST00145" HPOS="41" VPOS="3358" WIDTH="299" HEIGHT="51" CONTENT="Erkenntnis" WC="0.99" CC="3000360330"/>
						<SP ID="P1_SP00116" HPOS="340" VPOS="3409" WIDTH="37"/>
						<String ID="P1_ST00146" HPOS="377" VPOS="3363" WIDTH="100" HEIGHT="46" CONTENT="und" WC="0.97" CC="430"/>
						<SP ID="P1_SP00117" HPOS="477" VPOS="3409" WIDTH="35"/>
						<String ID="P1_ST00147" HPOS="512" VPOS="3364" WIDTH="78" HEIGHT="47" CONTENT="die" WC="1.00" CC="000"/>
						<SP ID="P1_SP00118" HPOS="590" VPOS="3411" WIDTH="35"/>
						<String ID="P1_ST00148" HPOS="625" VPOS="3363" WIDTH="388" HEIGHT="57" CONTENT="überragenden" WC="1.00" CC="000040930000"/>
						<SP ID="P1_SP00119" HPOS="1013" VPOS="3420" WIDTH="33"/>
						<String ID="P1_ST00149" HPOS="1046" VPOS="3363" WIDTH="206" HEIGHT="57" CONTENT="Erfolge" WC="0.99" CC="3462300"/>
						<SP ID="P1_SP00120" HPOS="1252" VPOS="3420" WIDTH="36"/>
						<String ID="P1_ST00150" HPOS="1288" VPOS="3365" WIDTH="254" HEIGHT="48" CONTENT="einzelner" WC="0.99" CC="205102500"/>
					</TextLine>
					<TextLine ID="P1_TL00032" HPOS="42" VPOS="3428" WIDTH="1499" HEIGHT="62">
						<String ID="P1_ST00151" HPOS="42" VPOS="3428" WIDTH="363" HEIGHT="57" CONTENT="Zeitgenossen" WC="0.99" CC="004090710006"/>
						<SP ID="P1_SP00121" HPOS="405" VPOS="3485" WIDTH="40"/>
						<String ID="P1_ST00152" HPOS="445" VPOS="3434" WIDTH="296" HEIGHT="55" CONTENT="vereinigen" WC="0.99" CC="0000363900"/>
						<SP ID="P1_SP00122" HPOS="741" VPOS="3489" WIDTH="40"/>
						<String ID="P1_ST00153" HPOS="781" VPOS="3434" WIDTH="108" HEIGHT="48" CONTENT="sich" WC="0.99" CC="3000"/>
						<SP ID="P1_SP00123" HPOS="889" VPOS="3489" WIDTH="39"/>
						<String ID="P1_ST00154" HPOS="928" VPOS="3448" WIDTH="63" HEIGHT="33" CONTENT="zu" WC="0.86" CC="02"/>
						<SP ID="P1_SP00124" HPOS="991" VPOS="3489" WIDTH="37"/>
						<String ID="P1_ST00155" HPOS="1028" VPOS="3436" WIDTH="167" HEIGHT="51" CONTENT="jenem" WC="0.99" CC="30500"/>
						<SP ID="P1_SP00125" HPOS="1195" VPOS="3489" WIDTH="39"/>
						<String ID="P1_ST00156" HPOS="1234" VPOS="3437" WIDTH="277" HEIGHT="53" CONTENT="geheimnis" SUBS_TYPE="HypPart1" SUBS_CONTENT="geheimnisvollen" WC="0.99" CC="909010040"/>
						<HYP HPOS="1511" VPOS="3437" WIDTH="30" CONTENT="-"/>
					</TextLine>
					<TextLine ID="P1_TL00033" HPOS="41" VPOS="3499" WIDTH="1500" HEIGHT="60">
						<String ID="P1_ST00157" HPOS="41" VPOS="3499" WIDTH="166" HEIGHT="48" CONTENT="vollen" SUBS_TYPE="HypPart2" SUBS_CONTENT="geheimnisvollen" WC="0.99" CC="004006"/>
						<SP ID="P1_SP00126" HPOS="207" VPOS="3547" WIDTH="38"/>
						<String ID="P1_ST00158" HPOS="245" VPOS="3499" WIDTH="182" HEIGHT="59" CONTENT="Effekt," WC="0.99" CC="5560000"/>
						<SP ID="P1_SP00127" HPOS="427" VPOS="3558" WIDTH="39"/>
						<String ID="P1_ST00159" HPOS="466" VPOS="3503" WIDTH="96" HEIGHT="46" CONTENT="den" WC="0.98" CC="005"/>
						<SP ID="P1_SP00128" HPOS="562" VPOS="3558" WIDTH="37"/>
						<String ID="P1_ST00160" HPOS="599" VPOS="3515" WIDTH="117" HEIGHT="35" CONTENT="man" WC="1.00" CC="000"/>
						<SP ID="P1_SP00129" HPOS="716" VPOS="3558" WIDTH="38"/>
						<String ID="P1_ST00161" HPOS="754" VPOS="3504" WIDTH="218" HEIGHT="55" CONTENT="geistige" WC="1.00" CC="00000200"/>
						<SP ID="P1_SP00130" HPOS="972" VPOS="3559" WIDTH="38"/>
						<String ID="P1_ST00162" HPOS="1010" VPOS="3502" WIDTH="157" HEIGHT="49" CONTENT="Mode" WC="1.00" CC="0000"/>
						<SP ID="P1_SP00131" HPOS="1167" VPOS="3559" WIDTH="39"/>
						<String ID="P1_ST00163" HPOS="1206" VPOS="3508" WIDTH="168" HEIGHT="44" CONTENT="nennt." WC="0.98" CC="606602"/>
						<SP ID="P1_SP00132" HPOS="1374" VPOS="3559" WIDTH="73"/>
						<String ID="P1_ST00164" HPOS="1447" VPOS="3503" WIDTH="94" HEIGHT="49" CONTENT="Die" WC="0.99" CC="020"/>
					</TextLine>
					<TextLine ID="P1_TL00034" HPOS="41" VPOS="3568" WIDTH="1501" HEIGHT="62">
						<String ID="P1_ST00165" HPOS="41" VPOS="3568" WIDTH="205" HEIGHT="49" CONTENT="Summe" WC="0.97" CC="09090"/>
						<SP ID="P1_SP00133" HPOS="246" VPOS="3617" WIDTH="32"/>
						<String ID="P1_ST00166" HPOS="278" VPOS="3571" WIDTH="89" HEIGHT="47" CONTENT="der" WC="1.00" CC="000"/>
						<SP ID="P1_SP00134" HPOS="367" VPOS="3618" WIDTH="32"/>
						<String ID="P1_ST00167" HPOS="399" VPOS="3570" WIDTH="338" HEIGHT="59" CONTENT="Grundsätze," WC="0.99" CC="70760000100"/>
						<SP ID="P1_SP00135" HPOS="737" VPOS="3629" WIDTH="30"/>
						<String ID="P1_ST00168" HPOS="767" VPOS="3572" WIDTH="282" HEIGHT="48" CONTENT="Methoden" WC="0.99" CC="00004007"/>
						<SP ID="P1_SP00136" HPOS="1049" VPOS="3629" WIDTH="29"/>
						<String ID="P1_ST00169" HPOS="1078" VPOS="3573" WIDTH="100" HEIGHT="48" CONTENT="und" WC="0.95" CC="560"/>
						<SP ID="P1_SP00137" HPOS="1178" VPOS="3629" WIDTH="32"/>
						<String ID="P1_ST00170" HPOS="1210" VPOS="3573" WIDTH="220" HEIGHT="57" CONTENT="Allüren," WC="0.99" CC="04410061"/>
						<SP ID="P1_SP00138" HPOS="1430" VPOS="3630" WIDTH="32"/>
						<String ID="P1_ST00171" HPOS="1462" VPOS="3574" WIDTH="80" HEIGHT="47" CONTENT="die" WC="0.99" CC="003"/>
					</TextLine>
					<TextLine ID="P1_TL00035" HPOS="41" VPOS="3639" WIDTH="1500" HEIGHT="60">
						<String ID="P1_ST00172" HPOS="41" VPOS="3639" WIDTH="104" HEIGHT="46" CONTENT="sich" WC="0.98" CC="6400"/>
						<SP ID="P1_SP00139" HPOS="145" VPOS="3685" WIDTH="36"/>
						<String ID="P1_ST00173" HPOS="181" VPOS="3653" WIDTH="92" HEIGHT="35" CONTENT="aus" WC="0.95" CC="390"/>
						<SP ID="P1_SP00140" HPOS="273" VPOS="3688" WIDTH="38"/>
						<String ID="P1_ST00174" HPOS="311" VPOS="3641" WIDTH="174" HEIGHT="47" CONTENT="diesen" WC="0.99" CC="160007"/>
						<SP ID="P1_SP00141" HPOS="485" VPOS="3688" WIDTH="37"/>
						<String ID="P1_ST00175" HPOS="522" VPOS="3641" WIDTH="181" HEIGHT="48" CONTENT="beiden" WC="0.99" CC="000006"/>
						<SP ID="P1_SP00142" HPOS="703" VPOS="3689" WIDTH="38"/>
						<String ID="P1_ST00176" HPOS="741" VPOS="3641" WIDTH="290" HEIGHT="56" CONTENT="mächtigen" WC="1.00" CC="000000001"/>
						<SP ID="P1_SP00143" HPOS="1031" VPOS="3697" WIDTH="39"/>
						<String ID="P1_ST00177" HPOS="1070" VPOS="3641" WIDTH="213" HEIGHT="58" CONTENT="Quellen" WC="0.99" CC="0001435"/>
						<SP ID="P1_SP00144" HPOS="1283" VPOS="3699" WIDTH="39"/>
						<String ID="P1_ST00178" HPOS="1322" VPOS="3643" WIDTH="219" HEIGHT="48" CONTENT="ableiten" WC="1.00" CC="00602000"/>
					</TextLine>
					<TextLine ID="P1_TL00036" HPOS="42" VPOS="3708" WIDTH="1500" HEIGHT="60">
						<String ID="P1_ST00179" HPOS="42" VPOS="3708" WIDTH="181" HEIGHT="58" CONTENT="lassen," WC="0.99" CC="0100063"/>
						<SP ID="P1_SP00145" HPOS="223" VPOS="3766" WIDTH="33"/>
						<String ID="P1_ST00180" HPOS="256" VPOS="3710" WIDTH="165" HEIGHT="47" CONTENT="bilden" WC="0.99" CC="005006"/>
						<SP ID="P1_SP00146" HPOS="421" VPOS="3766" WIDTH="35"/>
						<String ID="P1_ST00181" HPOS="456" VPOS="3711" WIDTH="96" HEIGHT="47" CONTENT="den" WC="1.00" CC="001"/>
						<SP ID="P1_SP00147" HPOS="552" VPOS="3766" WIDTH="30"/>
						<String ID="P1_ST00182" HPOS="582" VPOS="3710" WIDTH="260" HEIGHT="58" CONTENT="Zeitgeist." WC="1.00" CC="0020002002"/>
						<SP ID="P1_SP00148" HPOS="842" VPOS="3768" WIDTH="66"/>
						<String ID="P1_ST00183" HPOS="908" VPOS="3711" WIDTH="94" HEIGHT="48" CONTENT="Die" WC="0.99" CC="300"/>
						<SP ID="P1_SP00149" HPOS="1002" VPOS="3768" WIDTH="33"/>
						<String ID="P1_ST00184" HPOS="1035" VPOS="3713" WIDTH="188" HEIGHT="47" CONTENT="letzten" WC="0.99" CC="6000005"/>
						<SP ID="P1_SP00150" HPOS="1223" VPOS="3768" WIDTH="33"/>
						<String ID="P1_ST00185" HPOS="1256" VPOS="3712" WIDTH="286" HEIGHT="49" CONTENT="faktischen" WC="1.00" CC="5400000003"/>
					</TextLine>
					<TextLine ID="P1_TL00037" HPOS="42" VPOS="3777" WIDTH="1500" HEIGHT="61">
						<String ID="P1_ST00186" HPOS="42" VPOS="3777" WIDTH="214" HEIGHT="59" CONTENT="Erfolge," WC="0.98" CC="54643902"/>
						<SP ID="P1_SP00151" HPOS="256" VPOS="3836" WIDTH="70"/>
						<String ID="P1_ST00187" HPOS="326" VPOS="3782" WIDTH="100" HEIGHT="46" CONTENT="wie" WC="1.00" CC="001"/>
						<SP ID="P1_SP00152" HPOS="426" VPOS="3836" WIDTH="39"/>
						<String ID="P1_ST00188" HPOS="465" VPOS="3780" WIDTH="404" HEIGHT="55" CONTENT="beispielsweise" WC="1.00" CC="00300004000100"/>
						<SP ID="P1_SP00153" HPOS="869" VPOS="3836" WIDTH="69"/>
						<String ID="P1_ST00189" HPOS="938" VPOS="3782" WIDTH="252" HEIGHT="55" CONTENT="glänzend" WC="0.99" CC="03050060"/>
						<SP ID="P1_SP00154" HPOS="1190" VPOS="3837" WIDTH="66"/>
						<String ID="P1_ST00190" HPOS="1256" VPOS="3782" WIDTH="286" HEIGHT="56" CONTENT="gelungene" WC="0.99" CC="044440250"/>
					</TextLine>
					<TextLine ID="P1_TL00038" HPOS="42" VPOS="3847" WIDTH="1499" HEIGHT="60">
						<String ID="P1_ST00191" HPOS="42" VPOS="3847" WIDTH="375" HEIGHT="50" CONTENT="kommerzielle" WC="1.00" CC="800003010360"/>
						<SP ID="P1_SP00155" HPOS="417" VPOS="3897" WIDTH="32"/>
						<String ID="P1_ST00192" HPOS="449" VPOS="3849" WIDTH="363" HEIGHT="58" CONTENT="Operationen," WC="1.00" CC="014300042050"/>
						<SP ID="P1_SP00156" HPOS="812" VPOS="3907" WIDTH="34"/>
						<String ID="P1_ST00193" HPOS="846" VPOS="3851" WIDTH="438" HEIGHT="55" CONTENT="überwältigende" WC="1.00" CC="00030060390400"/>
						<SP ID="P1_SP00157" HPOS="1284" VPOS="3907" WIDTH="32"/>
						<String ID="P1_ST00194" HPOS="1316" VPOS="3851" WIDTH="193" HEIGHT="48" CONTENT="Waffen" SUBS_TYPE="HypPart1" SUBS_CONTENT="Waffensiege," WC="0.98" CC="006604"/>
						<HYP HPOS="1509" VPOS="3851" WIDTH="32" CONTENT="-"/>
					</TextLine>
					<TextLine ID="P1_TL00039" HPOS="44" VPOS="3918" WIDTH="1498" HEIGHT="59">
						<String ID="P1_ST00195" HPOS="44" VPOS="3920" WIDTH="149" HEIGHT="56" CONTENT="siege," SUBS_TYPE="HypPart2" SUBS_CONTENT="Waffensiege," WC="0.99" CC="010904"/>
						<SP ID="P1_SP00158" HPOS="193" VPOS="3976" WIDTH="41"/>
						<String ID="P1_ST00196" HPOS="234" VPOS="3918" WIDTH="414" HEIGHT="49" CONTENT="überraschende" WC="1.00" CC="0006000100600"/>
						<SP ID="P1_SP00159" HPOS="648" VPOS="3976" WIDTH="39"/>
						<String ID="P1_ST00197" HPOS="687" VPOS="3920" WIDTH="342" HEIGHT="57" CONTENT="Verbreitung" WC="1.00" CC="00203000450"/>
						<SP ID="P1_SP00160" HPOS="1029" VPOS="3977" WIDTH="41"/>
						<String ID="P1_ST00198" HPOS="1070" VPOS="3923" WIDTH="139" HEIGHT="45" CONTENT="eines" WC="0.99" CC="00500"/>
						<SP ID="P1_SP00161" HPOS="1209" VPOS="3977" WIDTH="41"/>
						<String ID="P1_ST00199" HPOS="1250" VPOS="3920" WIDTH="204" HEIGHT="50" CONTENT="Buches" WC="0.99" CC="303000"/>
						<SP ID="P1_SP00162" HPOS="1454" VPOS="3977" WIDTH="41"/>
						<String ID="P1_ST00200" HPOS="1495" VPOS="3923" WIDTH="47" HEIGHT="45" CONTENT="in" WC="0.72" CC="05"/>
					</TextLine>
					<TextLine ID="P1_TL00040" HPOS="42" VPOS="3989" WIDTH="1500" HEIGHT="57">
						<String ID="P1_ST00201" HPOS="42" VPOS="3989" WIDTH="162" HEIGHT="46" CONTENT="vielen" WC="1.00" CC="020100"/>
						<SP ID="P1_SP00163" HPOS="204" VPOS="4035" WIDTH="41"/>
						<String ID="P1_ST00202" HPOS="245" VPOS="3989" WIDTH="264" HEIGHT="57" CONTENT="Auflagen," WC="0.99" CC="006349063"/>
						<SP ID="P1_SP00164" HPOS="509" VPOS="4046" WIDTH="73"/>
						<String ID="P1_ST00203" HPOS="582" VPOS="3989" WIDTH="474" HEIGHT="57" CONTENT="durchschlagende" WC="1.00" CC="033000103000600"/>
						<SP ID="P1_SP00165" HPOS="1056" VPOS="4046" WIDTH="39"/>
						<String ID="P1_ST00204" HPOS="1095" VPOS="3989" WIDTH="250" HEIGHT="57" CONTENT="Wirkung" WC="0.99" CC="0040530"/>
						<SP ID="P1_SP00166" HPOS="1345" VPOS="4046" WIDTH="59"/>
						<String ID="P1_ST00205" HPOS="1404" VPOS="3991" WIDTH="138" HEIGHT="48" CONTENT="eines" WC="0.99" CC="00500"/>
					</TextLine>
					<TextLine ID="P1_TL00041" HPOS="43" VPOS="4055" WIDTH="1499" HEIGHT="61">
						<String ID="P1_ST00206" HPOS="43" VPOS="4055" WIDTH="429" HEIGHT="52" CONTENT="Theaterstückes" WC="1.00" CC="00080000000000"/>
						<SP ID="P1_SP00167" HPOS="472" VPOS="4107" WIDTH="66"/>
						<String ID="P1_ST00207" HPOS="538" VPOS="4089" WIDTH="64" HEIGHT="5" CONTENT="—" WC="0.20" CC="8"/>
						<SP ID="P1_SP00168" HPOS="602" VPOS="4107" WIDTH="68"/>
						<String ID="P1_ST00208" HPOS="670" VPOS="4060" WIDTH="140" HEIGHT="47" CONTENT="diese" WC="1.00" CC="01001"/>
						<SP ID="P1_SP00169" HPOS="810" VPOS="4107" WIDTH="68"/>
						<String ID="P1_ST00209" HPOS="878" VPOS="4060" WIDTH="181" HEIGHT="48" CONTENT="stellen" WC="0.99" CC="0001504"/>
						<SP ID="P1_SP00170" HPOS="1059" VPOS="4108" WIDTH="70"/>
						<String ID="P1_ST00210" HPOS="1129" VPOS="4061" WIDTH="96" HEIGHT="46" CONTENT="den" WC="0.98" CC="004"/>
						<SP ID="P1_SP00171" HPOS="1225" VPOS="4108" WIDTH="37"/>
						<String ID="P1_ST00211" HPOS="1262" VPOS="4059" WIDTH="280" HEIGHT="57" CONTENT="variablen," WC="0.99" CC="0030006060"/>
					</TextLine>
					<TextLine ID="P1_TL00042" HPOS="42" VPOS="4127" WIDTH="1500" HEIGHT="58">
						<String ID="P1_ST00212" HPOS="42" VPOS="4127" WIDTH="428" HEIGHT="58" CONTENT="schwankenden," WC="1.00" CC="0350550030001"/>
						<SP ID="P1_SP00172" HPOS="470" VPOS="4185" WIDTH="75"/>
						<String ID="P1_ST00213" HPOS="545" VPOS="4129" WIDTH="96" HEIGHT="47" CONTENT="den" WC="0.98" CC="004"/>
						<SP ID="P1_SP00173" HPOS="641" VPOS="4185" WIDTH="75"/>
						<String ID="P1_ST00214" HPOS="716" VPOS="4127" WIDTH="465" HEIGHT="58" CONTENT="psychologischen" WC="1.00" CC="000503550004800"/>
						<SP ID="P1_SP00174" HPOS="1181" VPOS="4185" WIDTH="42"/>
						<String ID="P1_ST00215" HPOS="1223" VPOS="4128" WIDTH="319" HEIGHT="50" CONTENT="Bestandteil" WC="1.00" CC="00000500005"/>
					</TextLine>
					<TextLine ID="P1_TL00043" HPOS="44" VPOS="4197" WIDTH="1497" HEIGHT="57">
						<String ID="P1_ST00216" HPOS="44" VPOS="4198" WIDTH="85" HEIGHT="47" CONTENT="des" WC="0.98" CC="500"/>
						<SP ID="P1_SP00175" HPOS="129" VPOS="4245" WIDTH="33"/>
						<String ID="P1_ST00217" HPOS="162" VPOS="4197" WIDTH="304" HEIGHT="57" CONTENT="Zeitgeistes" WC="1.00" CC="00010200000"/>
						<SP ID="P1_SP00176" HPOS="466" VPOS="4254" WIDTH="68"/>
						<String ID="P1_ST00218" HPOS="534" VPOS="4199" WIDTH="103" HEIGHT="47" CONTENT="dar." WC="0.99" CC="0003"/>
						<SP ID="P1_SP00177" HPOS="637" VPOS="4254" WIDTH="100"/>
						<String ID="P1_ST00219" HPOS="737" VPOS="4198" WIDTH="104" HEIGHT="48" CONTENT="Der" WC="0.97" CC="105"/>
						<SP ID="P1_SP00178" HPOS="841" VPOS="4254" WIDTH="65"/>
						<String ID="P1_ST00220" HPOS="906" VPOS="4199" WIDTH="155" HEIGHT="48" CONTENT="letzte" WC="1.00" CC="300000"/>
						<SP ID="P1_SP00179" HPOS="1061" VPOS="4254" WIDTH="35"/>
						<String ID="P1_ST00221" HPOS="1096" VPOS="4199" WIDTH="257" HEIGHT="48" CONTENT="Standard" WC="1.00" CC="00060030"/>
						<SP ID="P1_SP00180" HPOS="1353" VPOS="4254" WIDTH="100"/>
						<String ID="P1_ST00222" HPOS="1453" VPOS="4200" WIDTH="88" HEIGHT="48" CONTENT="der" WC="0.99" CC="003"/>
					</TextLine>
					<TextLine ID="P1_TL00044" HPOS="42" VPOS="4265" WIDTH="1500" HEIGHT="61">
						<String ID="P1_ST00223" HPOS="42" VPOS="4265" WIDTH="373" HEIGHT="50" CONTENT="Wissenschaft" WC="1.00" CC="010000030070"/>
						<SP ID="P1_SP00181" HPOS="415" VPOS="4315" WIDTH="68"/>
						<String ID="P1_ST00224" HPOS="483" VPOS="4270" WIDTH="65" HEIGHT="46" CONTENT="ist" WC="1.00" CC="000"/>
						<SP ID="P1_SP00182" HPOS="548" VPOS="4316" WIDTH="38"/>
						<String ID="P1_ST00225" HPOS="586" VPOS="4281" WIDTH="290" HEIGHT="43" CONTENT="sozusagen" WC="0.99" CC="031604900"/>
						<SP ID="P1_SP00183" HPOS="876" VPOS="4324" WIDTH="70"/>
						<String ID="P1_ST00226" HPOS="946" VPOS="4269" WIDTH="80" HEIGHT="46" CONTENT="die" WC="1.00" CC="000"/>
						<SP ID="P1_SP00184" HPOS="1026" VPOS="4324" WIDTH="37"/>
						<String ID="P1_ST00227" HPOS="1063" VPOS="4268" WIDTH="103" HEIGHT="48" CONTENT="fixe" WC="0.99" CC="6000"/>
						<SP ID="P1_SP00185" HPOS="1166" VPOS="4324" WIDTH="39"/>
						<String ID="P1_ST00228" HPOS="1205" VPOS="4268" WIDTH="186" HEIGHT="58" CONTENT="Größe," WC="0.99" CC="730000"/>
						<SP ID="P1_SP00186" HPOS="1391" VPOS="4326" WIDTH="72"/>
						<String ID="P1_ST00229" HPOS="1463" VPOS="4270" WIDTH="79" HEIGHT="47" CONTENT="die" WC="1.00" CC="010"/>
					</TextLine>
					<TextLine ID="P1_TL00045" HPOS="42" VPOS="4335" WIDTH="1499" HEIGHT="60">
						<String ID="P1_ST00230" HPOS="42" VPOS="4335" WIDTH="287" HEIGHT="59" CONTENT="Unterlage," WC="0.99" CC="3620220902"/>
						<SP ID="P1_SP00187" HPOS="329" VPOS="4394" WIDTH="34"/>
						<String ID="P1_ST00231" HPOS="363" VPOS="4337" WIDTH="91" HEIGHT="48" CONTENT="das" WC="1.00" CC="000"/>
						<SP ID="P1_SP00188" HPOS="454" VPOS="4394" WIDTH="32"/>
						<String ID="P1_ST00232" HPOS="486" VPOS="4336" WIDTH="198" HEIGHT="56" CONTENT="Kapital" WC="1.00" CC="0003002"/>
						<SP ID="P1_SP00189" HPOS="684" VPOS="4394" WIDTH="34"/>
						<String ID="P1_ST00233" HPOS="718" VPOS="4337" WIDTH="90" HEIGHT="48" CONTENT="des" WC="1.00" CC="000"/>
						<SP ID="P1_SP00190" HPOS="808" VPOS="4394" WIDTH="33"/>
						<String ID="P1_ST00234" HPOS="841" VPOS="4336" WIDTH="319" HEIGHT="57" CONTENT="Zeitgeistes." WC="1.00" CC="002000000003"/>
						<SP ID="P1_SP00191" HPOS="1160" VPOS="4394" WIDTH="66"/>
						<String ID="P1_ST00235" HPOS="1226" VPOS="4337" WIDTH="94" HEIGHT="49" CONTENT="Die" WC="1.00" CC="000"/>
						<SP ID="P1_SP00192" HPOS="1320" VPOS="4394" WIDTH="30"/>
						<String ID="P1_ST00236" HPOS="1350" VPOS="4351" WIDTH="160" HEIGHT="44" CONTENT="gegen" SUBS_TYPE="HypPart1" SUBS_CONTENT="gegenseitige" WC="0.99" CC="00006"/>
						<HYP HPOS="1510" VPOS="4351" WIDTH="31" CONTENT="-"/>
					</TextLine>
					<TextLine ID="P1_TL00046" HPOS="41" VPOS="4405" WIDTH="1501" HEIGHT="57">
						<String ID="P1_ST00237" HPOS="41" VPOS="4408" WIDTH="177" HEIGHT="54" CONTENT="seitige" SUBS_TYPE="HypPart2" SUBS_CONTENT="gegenseitige" WC="0.99" CC="4030390"/>
						<SP ID="P1_SP00193" HPOS="218" VPOS="4462" WIDTH="34"/>
						<String ID="P1_ST00238" HPOS="252" VPOS="4405" WIDTH="426" HEIGHT="57" CONTENT="Durchdringung" WC="1.00" CC="0000000260470"/>
						<SP ID="P1_SP00194" HPOS="678" VPOS="4462" WIDTH="36"/>
						<String ID="P1_ST00239" HPOS="714" VPOS="4407" WIDTH="166" HEIGHT="47" CONTENT="dieser" WC="1.00" CC="000003"/>
						<SP ID="P1_SP00195" HPOS="880" VPOS="4462" WIDTH="33"/>
						<String ID="P1_ST00240" HPOS="913" VPOS="4405" WIDTH="264" HEIGHT="50" CONTENT="Elemente" WC="0.99" CC="23006000"/>
						<SP ID="P1_SP00196" HPOS="1177" VPOS="4462" WIDTH="34"/>
						<String ID="P1_ST00241" HPOS="1211" VPOS="4407" WIDTH="183" HEIGHT="49" CONTENT="schafft" WC="0.99" CC="0300660"/>
						<SP ID="P1_SP00197" HPOS="1394" VPOS="4462" WIDTH="33"/>
						<String ID="P1_ST00242" HPOS="1427" VPOS="4409" WIDTH="115" HEIGHT="52" CONTENT="jene" WC="0.99" CC="3000"/>
					</TextLine>
					<TextLine ID="P1_TL00047" HPOS="44" VPOS="4475" WIDTH="1497" HEIGHT="58">
						<String ID="P1_ST00243" HPOS="44" VPOS="4475" WIDTH="383" HEIGHT="55" CONTENT="eigentümliche" WC="0.99" CC="0590700012040"/>
						<SP ID="P1_SP00198" HPOS="427" VPOS="4530" WIDTH="35"/>
						<String ID="P1_ST00244" HPOS="462" VPOS="4475" WIDTH="360" HEIGHT="58" CONTENT="Atmosphäre," WC="1.00" CC="00000000300"/>
						<SP ID="P1_SP00199" HPOS="822" VPOS="4533" WIDTH="38"/>
						<String ID="P1_ST00245" HPOS="860" VPOS="4476" WIDTH="155" HEIGHT="49" CONTENT="deren" WC="1.00" CC="01000"/>
						<SP ID="P1_SP00200" HPOS="1015" VPOS="4533" WIDTH="39"/>
						<String ID="P1_ST00246" HPOS="1054" VPOS="4476" WIDTH="204" HEIGHT="49" CONTENT="Gewalt" WC="0.99" CC="600010"/>
						<SP ID="P1_SP00201" HPOS="1258" VPOS="4533" WIDTH="35"/>
						<String ID="P1_ST00247" HPOS="1293" VPOS="4477" WIDTH="108" HEIGHT="48" CONTENT="sich" WC="1.00" CC="0000"/>
						<SP ID="P1_SP00202" HPOS="1401" VPOS="4533" WIDTH="36"/>
						<String ID="P1_ST00248" HPOS="1437" VPOS="4480" WIDTH="78" HEIGHT="46" CONTENT="nie" SUBS_TYPE="HypPart1" SUBS_CONTENT="niemand" WC="0.99" CC="000"/>
						<HYP HPOS="1515" VPOS="4480" WIDTH="26" CONTENT="-"/>
					</TextLine>
					<TextLine ID="P1_TL00048" HPOS="42" VPOS="4546" WIDTH="1500" HEIGHT="57">
						<String ID="P1_ST00249" HPOS="42" VPOS="4546" WIDTH="148" HEIGHT="47" CONTENT="mand" SUBS_TYPE="HypPart2" SUBS_CONTENT="niemand" WC="0.99" CC="0040"/>
						<SP ID="P1_SP00203" HPOS="190" VPOS="4593" WIDTH="43"/>
						<String ID="P1_ST00250" HPOS="233" VPOS="4560" WIDTH="62" HEIGHT="34" CONTENT="zu" WC="0.81" CC="12"/>
						<SP ID="P1_SP00204" HPOS="295" VPOS="4594" WIDTH="44"/>
						<String ID="P1_ST00251" HPOS="339" VPOS="4546" WIDTH="266" HEIGHT="47" CONTENT="entziehen" WC="1.00" CC="060000006"/>
						<SP ID="P1_SP00205" HPOS="605" VPOS="4594" WIDTH="42"/>
						<String ID="P1_ST00252" HPOS="647" VPOS="4558" WIDTH="233" HEIGHT="45" CONTENT="vermag," WC="0.99" CC="3030400"/>
						<SP ID="P1_SP00206" HPOS="880" VPOS="4603" WIDTH="43"/>
						<String ID="P1_ST00253" HPOS="923" VPOS="4546" WIDTH="79" HEIGHT="48" CONTENT="die" WC="1.00" CC="000"/>
						<SP ID="P1_SP00207" HPOS="1002" VPOS="4603" WIDTH="44"/>
						<String ID="P1_ST00254" HPOS="1046" VPOS="4547" WIDTH="123" HEIGHT="48" CONTENT="über" WC="0.99" CC="0003"/>
						<SP ID="P1_SP00208" HPOS="1169" VPOS="4603" WIDTH="44"/>
						<String ID="P1_ST00255" HPOS="1213" VPOS="4547" WIDTH="89" HEIGHT="47" CONTENT="der" WC="0.98" CC="004"/>
						<SP ID="P1_SP00209" HPOS="1302" VPOS="4603" WIDTH="42"/>
						<String ID="P1_ST00256" HPOS="1344" VPOS="4559" WIDTH="198" HEIGHT="43" CONTENT="ganzen" WC="0.99" CC="004003"/>
					</TextLine>
					<TextLine ID="P1_TL00049" HPOS="41" VPOS="4613" WIDTH="1500" HEIGHT="58">
						<String ID="P1_ST00257" HPOS="41" VPOS="4613" WIDTH="313" HEIGHT="50" CONTENT="Produktion" WC="0.99" CC="0450600233"/>
						<SP ID="P1_SP00210" HPOS="354" VPOS="4663" WIDTH="69"/>
						<String ID="P1_ST00258" HPOS="423" VPOS="4616" WIDTH="88" HEIGHT="47" CONTENT="der" WC="0.99" CC="003"/>
						<SP ID="P1_SP00211" HPOS="511" VPOS="4663" WIDTH="38"/>
						<String ID="P1_ST00259" HPOS="549" VPOS="4614" WIDTH="370" HEIGHT="57" CONTENT="Zeitgenossen" WC="1.00" CC="000000300000"/>
						<SP ID="P1_SP00212" HPOS="919" VPOS="4671" WIDTH="69"/>
						<String ID="P1_ST00260" HPOS="988" VPOS="4617" WIDTH="102" HEIGHT="47" CONTENT="wie" WC="0.99" CC="020"/>
						<SP ID="P1_SP00213" HPOS="1090" VPOS="4671" WIDTH="70"/>
						<String ID="P1_ST00261" HPOS="1160" VPOS="4618" WIDTH="79" HEIGHT="45" CONTENT="ein" WC="0.97" CC="006"/>
						<SP ID="P1_SP00214" HPOS="1239" VPOS="4671" WIDTH="37"/>
						<String ID="P1_ST00262" HPOS="1276" VPOS="4615" WIDTH="265" HEIGHT="50" CONTENT="Schicksal" WC="1.00" CC="020030006"/>
					</TextLine>
					<TextLine ID="P1_TL00050" HPOS="42" VPOS="4684" WIDTH="1500" HEIGHT="60">
						<String ID="P1_ST00263" HPOS="42" VPOS="4685" WIDTH="188" HEIGHT="48" CONTENT="waltet." WC="0.98" CC="9550002"/>
						<SP ID="P1_SP00215" HPOS="230" VPOS="4733" WIDTH="70"/>
						<String ID="P1_ST00264" HPOS="300" VPOS="4684" WIDTH="86" HEIGHT="47" CONTENT="Sie" WC="1.00" CC="000"/>
						<SP ID="P1_SP00216" HPOS="386" VPOS="4733" WIDTH="36"/>
						<String ID="P1_ST00265" HPOS="422" VPOS="4685" WIDTH="185" HEIGHT="48" CONTENT="schafft" WC="0.99" CC="0400640"/>
						<SP ID="P1_SP00217" HPOS="607" VPOS="4733" WIDTH="38"/>
						<String ID="P1_ST00266" HPOS="645" VPOS="4687" WIDTH="109" HEIGHT="46" CONTENT="eine" WC="0.99" CC="2040"/>
						<SP ID="P1_SP00218" HPOS="754" VPOS="4733" WIDTH="36"/>
						<String ID="P1_ST00267" HPOS="790" VPOS="4685" WIDTH="281" HEIGHT="49" CONTENT="natürliche" WC="1.00" CC="0000044502"/>
						<SP ID="P1_SP00219" HPOS="1071" VPOS="4734" WIDTH="36"/>
						<String ID="P1_ST00268" HPOS="1107" VPOS="4685" WIDTH="316" HEIGHT="59" CONTENT="Zuchtwahl," WC="1.00" CC="0000000050"/>
						<SP ID="P1_SP00220" HPOS="1423" VPOS="4744" WIDTH="40"/>
						<String ID="P1_ST00269" HPOS="1463" VPOS="4686" WIDTH="79" HEIGHT="48" CONTENT="die" WC="1.00" CC="000"/>
					</TextLine>
					<TextLine ID="P1_TL00051" HPOS="41" VPOS="4753" WIDTH="1501" HEIGHT="58">
						<String ID="P1_ST00270" HPOS="41" VPOS="4767" WIDTH="89" HEIGHT="34" CONTENT="nur" WC="0.94" CC="472"/>
						<SP ID="P1_SP00221" HPOS="130" VPOS="4801" WIDTH="41"/>
						<String ID="P1_ST00271" HPOS="171" VPOS="4753" WIDTH="372" HEIGHT="56" CONTENT="Gleichartiges" WC="1.00" CC="7502070003020"/>
						<SP ID="P1_SP00222" HPOS="543" VPOS="4809" WIDTH="72"/>
						<String ID="P1_ST00272" HPOS="615" VPOS="4755" WIDTH="100" HEIGHT="47" CONTENT="und" WC="0.97" CC="160"/>
						<SP ID="P1_SP00223" HPOS="715" VPOS="4809" WIDTH="38"/>
						<String ID="P1_ST00273" HPOS="753" VPOS="4754" WIDTH="342" HEIGHT="49" CONTENT="Verwandtes" WC="1.00" CC="0230020000"/>
						<SP ID="P1_SP00224" HPOS="1095" VPOS="4809" WIDTH="73"/>
						<String ID="P1_ST00274" HPOS="1168" VPOS="4754" WIDTH="374" HEIGHT="57" CONTENT="durchdringen" WC="1.00" CC="060260030004"/>
					</TextLine>
					<TextLine ID="P1_TL00052" HPOS="41" VPOS="4823" WIDTH="1500" HEIGHT="57">
						<String ID="P1_ST00275" HPOS="41" VPOS="4823" WIDTH="115" HEIGHT="57" CONTENT="läßt," WC="0.98" CC="12604"/>
						<SP ID="P1_SP00225" HPOS="156" VPOS="4880" WIDTH="33"/>
						<String ID="P1_ST00276" HPOS="189" VPOS="4824" WIDTH="167" HEIGHT="47" CONTENT="indem" WC="0.98" CC="55000"/>
						<SP ID="P1_SP00226" HPOS="356" VPOS="4880" WIDTH="32"/>
						<String ID="P1_ST00277" HPOS="388" VPOS="4825" WIDTH="73" HEIGHT="46" CONTENT="sie" WC="0.98" CC="032"/>
						<SP ID="P1_SP00227" HPOS="461" VPOS="4880" WIDTH="32"/>
						<String ID="P1_ST00278" HPOS="493" VPOS="4823" WIDTH="83" HEIGHT="49" CONTENT="auf" WC="0.95" CC="039"/>
						<SP ID="P1_SP00228" HPOS="576" VPOS="4880" WIDTH="32"/>
						<String ID="P1_ST00279" HPOS="608" VPOS="4824" WIDTH="89" HEIGHT="46" CONTENT="der" WC="0.99" CC="001"/>
						<SP ID="P1_SP00229" HPOS="697" VPOS="4880" WIDTH="32"/>
						<String ID="P1_ST00280" HPOS="729" VPOS="4825" WIDTH="145" HEIGHT="46" CONTENT="einen" WC="0.98" CC="00505"/>
						<SP ID="P1_SP00230" HPOS="874" VPOS="4880" WIDTH="30"/>
						<String ID="P1_ST00281" HPOS="904" VPOS="4823" WIDTH="141" HEIGHT="49" CONTENT="Seite" WC="1.00" CC="00003"/>
						<SP ID="P1_SP00231" HPOS="1045" VPOS="4880" WIDTH="30"/>
						<String ID="P1_ST00282" HPOS="1075" VPOS="4823" WIDTH="357" HEIGHT="57" CONTENT="Hemmungen" WC="0.99" CC="700042000"/>
						<SP ID="P1_SP00232" HPOS="1432" VPOS="4880" WIDTH="30"/>
						<String ID="P1_ST00283" HPOS="1462" VPOS="4838" WIDTH="53" HEIGHT="35" CONTENT="er" SUBS_TYPE="HypPart1" SUBS_CONTENT="erzeugt," WC="0.99" CC="00"/>
						<HYP HPOS="1515" VPOS="4838" WIDTH="26" CONTENT="-"/>
					</TextLine>
					<TextLine ID="P1_TL00053" HPOS="41" VPOS="4893" WIDTH="1060" HEIGHT="57">
						<String ID="P1_ST00284" HPOS="41" VPOS="4897" WIDTH="163" HEIGHT="53" CONTENT="zeugt," SUBS_TYPE="HypPart2" SUBS_CONTENT="erzeugt," WC="0.97" CC="509911"/>
						<SP ID="P1_SP00233" HPOS="204" VPOS="4950" WIDTH="36"/>
						<String ID="P1_ST00285" HPOS="240" VPOS="4893" WIDTH="84" HEIGHT="47" CONTENT="auf" WC="0.96" CC="056"/>
						<SP ID="P1_SP00234" HPOS="324" VPOS="4950" WIDTH="35"/>
						<String ID="P1_ST00286" HPOS="359" VPOS="4894" WIDTH="88" HEIGHT="46" CONTENT="der" WC="0.99" CC="003"/>
						<SP ID="P1_SP00235" HPOS="447" VPOS="4950" WIDTH="36"/>
						<String ID="P1_ST00287" HPOS="483" VPOS="4893" WIDTH="193" HEIGHT="46" CONTENT="andern" WC="0.99" CC="060020"/>
						<SP ID="P1_SP00236" HPOS="676" VPOS="4950" WIDTH="34"/>
						<String ID="P1_ST00288" HPOS="710" VPOS="4893" WIDTH="391" HEIGHT="56" CONTENT="hinwegräumt." WC="1.00" CC="005000004002"/>
					</TextLine>
					<TextLine ID="P1_TL00054" HPOS="163" VPOS="4961" WIDTH="1378" HEIGHT="57">
						<String ID="P1_ST00289" HPOS="163" VPOS="4961" WIDTH="106" HEIGHT="50" CONTENT="Das" WC="1.00" CC="000"/>
						<SP ID="P1_SP00237" HPOS="269" VPOS="5011" WIDTH="38"/>
						<String ID="P1_ST00290" HPOS="307" VPOS="4965" WIDTH="48" HEIGHT="46" CONTENT="in" WC="0.75" CC="04"/>
						<SP ID="P1_SP00238" HPOS="355" VPOS="5011" WIDTH="68"/>
						<String ID="P1_ST00291" HPOS="423" VPOS="4962" WIDTH="98" HEIGHT="48" CONTENT="den" WC="1.00" CC="000"/>
						<SP ID="P1_SP00239" HPOS="521" VPOS="5011" WIDTH="34"/>
						<String ID="P1_ST00292" HPOS="555" VPOS="4961" WIDTH="220" HEIGHT="50" CONTENT="feinsten" WC="1.00" CC="60030000"/>
						<SP ID="P1_SP00240" HPOS="775" VPOS="5011" WIDTH="67"/>
						<String ID="P1_ST00293" HPOS="842" VPOS="4963" WIDTH="101" HEIGHT="48" CONTENT="und" WC="0.97" CC="620"/>
						<SP ID="P1_SP00241" HPOS="943" VPOS="5011" WIDTH="66"/>
						<String ID="P1_ST00294" HPOS="1009" VPOS="4963" WIDTH="532" HEIGHT="55" CONTENT="vorgeschrittensten" WC="1.00" CC="000020600001000040"/>
					</TextLine>
					<TextLine ID="P1_TL00055" HPOS="41" VPOS="5030" WIDTH="1499" HEIGHT="58">
						<String ID="P1_ST00295" HPOS="41" VPOS="5030" WIDTH="193" HEIGHT="57" CONTENT="Köpfen" WC="0.98" CC="970601"/>
						<SP ID="P1_SP00242" HPOS="234" VPOS="5087" WIDTH="33"/>
						<String ID="P1_ST00296" HPOS="267" VPOS="5034" WIDTH="185" HEIGHT="54" CONTENT="geistig" WC="1.00" CC="0000000"/>
						<SP ID="P1_SP00243" HPOS="452" VPOS="5088" WIDTH="35"/>
						<String ID="P1_ST00297" HPOS="487" VPOS="5031" WIDTH="296" HEIGHT="57" CONTENT="Errungene" WC="0.99" CC="555260260"/>
						<SP ID="P1_SP00244" HPOS="783" VPOS="5088" WIDTH="33"/>
						<String ID="P1_ST00298" HPOS="816" VPOS="5036" WIDTH="136" HEIGHT="45" CONTENT="setzt" WC="1.00" CC="00000"/>
						<SP ID="P1_SP00245" HPOS="952" VPOS="5088" WIDTH="33"/>
						<String ID="P1_ST00299" HPOS="985" VPOS="5032" WIDTH="107" HEIGHT="48" CONTENT="sich" WC="0.99" CC="0060"/>
						<SP ID="P1_SP00246" HPOS="1092" VPOS="5088" WIDTH="34"/>
						<String ID="P1_ST00300" HPOS="1126" VPOS="5034" WIDTH="47" HEIGHT="45" CONTENT="in" WC="0.90" CC="20"/>
						<SP ID="P1_SP00247" HPOS="1173" VPOS="5088" WIDTH="32"/>
						<String ID="P1_ST00301" HPOS="1205" VPOS="5032" WIDTH="302" HEIGHT="50" CONTENT="Volksbewe" SUBS_TYPE="HypPart1" SUBS_CONTENT="Volksbewegung" WC="1.00" CC="011000001"/>
						<HYP HPOS="1507" VPOS="5032" WIDTH="33" CONTENT="-"/>
					</TextLine>
					<TextLine ID="P1_TL00056" HPOS="40" VPOS="5100" WIDTH="1502" HEIGHT="58">
						<String ID="P1_ST00302" HPOS="40" VPOS="5115" WIDTH="132" HEIGHT="43" CONTENT="gung" SUBS_TYPE="HypPart2" SUBS_CONTENT="Volksbewegung" WC="0.94" CC="9069"/>
						<SP ID="P1_SP00248" HPOS="172" VPOS="5158" WIDTH="39"/>
						<String ID="P1_ST00303" HPOS="211" VPOS="5116" WIDTH="83" HEIGHT="34" CONTENT="um" WC="0.66" CC="60"/>
						<SP ID="P1_SP00249" HPOS="294" VPOS="5158" WIDTH="69"/>
						<String ID="P1_ST00304" HPOS="363" VPOS="5103" WIDTH="100" HEIGHT="46" CONTENT="und" WC="0.98" CC="500"/>
						<SP ID="P1_SP00250" HPOS="463" VPOS="5158" WIDTH="38"/>
						<String ID="P1_ST00305" HPOS="501" VPOS="5102" WIDTH="130" HEIGHT="47" CONTENT="wird" WC="1.00" CC="0100"/>
						<SP ID="P1_SP00251" HPOS="631" VPOS="5158" WIDTH="69"/>
						<String ID="P1_ST00306" HPOS="700" VPOS="5104" WIDTH="48" HEIGHT="45" CONTENT="in" WC="0.78" CC="12"/>
						<SP ID="P1_SP00252" HPOS="748" VPOS="5158" WIDTH="38"/>
						<String ID="P1_ST00307" HPOS="786" VPOS="5100" WIDTH="375" HEIGHT="57" CONTENT="entsprechend" WC="1.00" CC="050303000000"/>
						<SP ID="P1_SP00253" HPOS="1161" VPOS="5158" WIDTH="68"/>
						<String ID="P1_ST00308" HPOS="1229" VPOS="5102" WIDTH="313" HEIGHT="48" CONTENT="verflachter" WC="0.99" CC="01375040010"/>
					</TextLine>
					<TextLine ID="P1_TL00057" HPOS="40" VPOS="5169" WIDTH="1501" HEIGHT="59">
						<String ID="P1_ST00309" HPOS="40" VPOS="5169" WIDTH="150" HEIGHT="50" CONTENT="Form" WC="0.98" CC="6030"/>
						<SP ID="P1_SP00254" HPOS="190" VPOS="5219" WIDTH="67"/>
						<String ID="P1_ST00310" HPOS="257" VPOS="5172" WIDTH="228" HEIGHT="54" CONTENT="populär." WC="0.99" CC="04033002"/>
						<SP ID="P1_SP00255" HPOS="485" VPOS="5226" WIDTH="67"/>
						<String ID="P1_ST00311" HPOS="552" VPOS="5171" WIDTH="94" HEIGHT="48" CONTENT="Die" WC="1.00" CC="000"/>
						<SP ID="P1_SP00256" HPOS="646" VPOS="5226" WIDTH="68"/>
						<String ID="P1_ST00312" HPOS="714" VPOS="5171" WIDTH="302" HEIGHT="57" CONTENT="allgemeine" WC="0.99" CC="0009000261"/>
						<SP ID="P1_SP00257" HPOS="1016" VPOS="5228" WIDTH="35"/>
						<String ID="P1_ST00313" HPOS="1051" VPOS="5170" WIDTH="184" HEIGHT="50" CONTENT="Volks-" WC="0.99" CC="043004"/>
						<SP ID="P1_SP00258" HPOS="1235" VPOS="5228" WIDTH="38"/>
						<String ID="P1_ST00314" HPOS="1273" VPOS="5171" WIDTH="100" HEIGHT="48" CONTENT="und" WC="0.97" CC="610"/>
						<SP ID="P1_SP00259" HPOS="1373" VPOS="5228" WIDTH="35"/>
						<String ID="P1_ST00315" HPOS="1408" VPOS="5170" WIDTH="107" HEIGHT="50" CONTENT="Zeit" SUBS_TYPE="HypPart1" SUBS_CONTENT="Zeitstimmung" WC="0.99" CC="0020"/>
						<HYP HPOS="1515" VPOS="5170" WIDTH="26" CONTENT="-"/>
					</TextLine>
					<TextLine ID="P1_TL00058" HPOS="41" VPOS="5239" WIDTH="1500" HEIGHT="59">
						<String ID="P1_ST00316" HPOS="41" VPOS="5243" WIDTH="273" HEIGHT="55" CONTENT="stimmung" SUBS_TYPE="HypPart2" SUBS_CONTENT="Zeitstimmung" WC="0.99" CC="00000460"/>
						<SP ID="P1_SP00260" HPOS="314" VPOS="5298" WIDTH="68"/>
						<String ID="P1_ST00317" HPOS="382" VPOS="5243" WIDTH="65" HEIGHT="47" CONTENT="ist" WC="0.99" CC="200"/>
						<SP ID="P1_SP00261" HPOS="447" VPOS="5298" WIDTH="37"/>
						<String ID="P1_ST00318" HPOS="484" VPOS="5242" WIDTH="91" HEIGHT="48" CONTENT="das" WC="1.00" CC="000"/>
						<SP ID="P1_SP00262" HPOS="575" VPOS="5298" WIDTH="37"/>
						<String ID="P1_ST00319" HPOS="612" VPOS="5241" WIDTH="367" HEIGHT="48" CONTENT="nachhallende" WC="1.00" CC="000000540500"/>
						<SP ID="P1_SP00263" HPOS="979" VPOS="5298" WIDTH="35"/>
						<String ID="P1_ST00320" HPOS="1014" VPOS="5239" WIDTH="139" HEIGHT="49" CONTENT="Echo" WC="0.97" CC="5602"/>
						<SP ID="P1_SP00264" HPOS="1153" VPOS="5298" WIDTH="70"/>
						<String ID="P1_ST00321" HPOS="1223" VPOS="5241" WIDTH="89" HEIGHT="47" CONTENT="der" WC="0.99" CC="011"/>
						<SP ID="P1_SP00265" HPOS="1312" VPOS="5298" WIDTH="41"/>
						<String ID="P1_ST00322" HPOS="1353" VPOS="5240" WIDTH="162" HEIGHT="55" CONTENT="Gipfel" SUBS_TYPE="HypPart1" SUBS_CONTENT="Gipfelerscheinungen" WC="0.98" CC="600605"/>
						<HYP HPOS="1515" VPOS="5240" WIDTH="26" CONTENT="-"/>
					</TextLine>
					<TextLine ID="P1_TL00059" HPOS="44" VPOS="5309" WIDTH="1498" HEIGHT="58">
						<String ID="P1_ST00323" HPOS="44" VPOS="5311" WIDTH="400" HEIGHT="56" CONTENT="erscheinungen" SUBS_TYPE="HypPart2" SUBS_CONTENT="Gipfelerscheinungen" WC="1.00" CC="0104000356002"/>
						<SP ID="P1_SP00266" HPOS="444" VPOS="5367" WIDTH="64"/>
						<String ID="P1_ST00324" HPOS="508" VPOS="5311" WIDTH="100" HEIGHT="48" CONTENT="und" WC="0.98" CC="400"/>
						<SP ID="P1_SP00267" HPOS="608" VPOS="5367" WIDTH="35"/>
						<String ID="P1_ST00325" HPOS="643" VPOS="5310" WIDTH="225" HEIGHT="49" CONTENT="entsteht" WC="1.00" CC="00000000"/>
						<SP ID="P1_SP00268" HPOS="868" VPOS="5367" WIDTH="64"/>
						<String ID="P1_ST00326" HPOS="932" VPOS="5310" WIDTH="132" HEIGHT="49" CONTENT="nach" WC="0.98" CC="0008"/>
						<SP ID="P1_SP00269" HPOS="1064" VPOS="5367" WIDTH="65"/>
						<String ID="P1_ST00327" HPOS="1129" VPOS="5309" WIDTH="277" HEIGHT="50" CONTENT="denselben" WC="1.00" CC="030001800"/>
						<SP ID="P1_SP00270" HPOS="1406" VPOS="5367" WIDTH="36"/>
						<String ID="P1_ST00328" HPOS="1442" VPOS="5309" WIDTH="67" HEIGHT="49" CONTENT="Ge" SUBS_TYPE="HypPart1" SUBS_CONTENT="Gesetzen" WC="0.96" CC="70"/>
						<HYP HPOS="1509" VPOS="5309" WIDTH="33" CONTENT="-"/>
					</TextLine>
					<TextLine ID="P1_TL00060" HPOS="41" VPOS="5378" WIDTH="1499" HEIGHT="52">
						<String ID="P1_ST00329" HPOS="41" VPOS="5384" WIDTH="174" HEIGHT="44" CONTENT="setzen" SUBS_TYPE="HypPart2" SUBS_CONTENT="Gesetzen" WC="1.00" CC="000002"/>
						<SP ID="P1_SP00271" HPOS="215" VPOS="5428" WIDTH="35"/>
						<String ID="P1_ST00330" HPOS="250" VPOS="5383" WIDTH="100" HEIGHT="46" CONTENT="wie" WC="0.97" CC="070"/>
						<SP ID="P1_SP00272" HPOS="350" VPOS="5429" WIDTH="35"/>
						<String ID="P1_ST00331" HPOS="385" VPOS="5381" WIDTH="89" HEIGHT="47" CONTENT="der" WC="0.99" CC="003"/>
						<SP ID="P1_SP00273" HPOS="474" VPOS="5429" WIDTH="36"/>
						<String ID="P1_ST00332" HPOS="510" VPOS="5380" WIDTH="313" HEIGHT="49" CONTENT="ästhetische" WC="1.00" CC="00080000500"/>
						<SP ID="P1_SP00274" HPOS="823" VPOS="5429" WIDTH="37"/>
						<String ID="P1_ST00333" HPOS="860" VPOS="5378" WIDTH="339" HEIGHT="52" CONTENT="Geschmack." WC="0.99" CC="7005000402"/>
						<SP ID="P1_SP00275" HPOS="1199" VPOS="5430" WIDTH="70"/>
						<String ID="P1_ST00334" HPOS="1269" VPOS="5379" WIDTH="178" HEIGHT="49" CONTENT="Genau" WC="0.98" CC="70203"/>
						<SP ID="P1_SP00276" HPOS="1447" VPOS="5430" WIDTH="35"/>
						<String ID="P1_ST00335" HPOS="1482" VPOS="5392" WIDTH="58" HEIGHT="35" CONTENT="so" WC="1.00" CC="00"/>
					</TextLine>
					<TextLine ID="P1_TL00061" HPOS="41" VPOS="5448" WIDTH="1499" HEIGHT="59">
						<String ID="P1_ST00336" HPOS="41" VPOS="5452" WIDTH="96" HEIGHT="45" CONTENT="wie" WC="0.95" CC="770"/>
						<SP ID="P1_SP00277" HPOS="137" VPOS="5497" WIDTH="28"/>
						<String ID="P1_ST00337" HPOS="165" VPOS="5451" WIDTH="80" HEIGHT="46" CONTENT="die" WC="1.00" CC="000"/>
						<SP ID="P1_SP00278" HPOS="245" VPOS="5497" WIDTH="27"/>
						<String ID="P1_ST00338" HPOS="272" VPOS="5452" WIDTH="218" HEIGHT="54" CONTENT="üppigen" WC="1.00" CC="0001005"/>
						<SP ID="P1_SP00279" HPOS="490" VPOS="5506" WIDTH="26"/>
						<String ID="P1_ST00339" HPOS="516" VPOS="5448" WIDTH="201" HEIGHT="49" CONTENT="Frauen" WC="0.98" CC="630230"/>
						<SP ID="P1_SP00280" HPOS="717" VPOS="5506" WIDTH="26"/>
						<String ID="P1_ST00340" HPOS="743" VPOS="5448" WIDTH="253" HEIGHT="59" CONTENT="Makarts," WC="0.93" CC="00005000"/>
						<SP ID="P1_SP00281" HPOS="996" VPOS="5507" WIDTH="28"/>
						<String ID="P1_ST00341" HPOS="1024" VPOS="5450" WIDTH="80" HEIGHT="47" CONTENT="die" WC="1.00" CC="000"/>
						<SP ID="P1_SP00282" HPOS="1104" VPOS="5507" WIDTH="27"/>
						<String ID="P1_ST00342" HPOS="1131" VPOS="5448" WIDTH="279" HEIGHT="50" CONTENT="schlanken" WC="0.99" CC="050404000"/>
						<SP ID="P1_SP00283" HPOS="1410" VPOS="5507" WIDTH="30"/>
						<String ID="P1_ST00343" HPOS="1440" VPOS="5448" WIDTH="67" HEIGHT="50" CONTENT="Ge" SUBS_TYPE="HypPart1" SUBS_CONTENT="Gestalten" WC="0.96" CC="70"/>
						<HYP HPOS="1507" VPOS="5448" WIDTH="33" CONTENT="-"/>
					</TextLine>
					<TextLine ID="P1_TL00062" HPOS="41" VPOS="5518" WIDTH="1500" HEIGHT="58">
						<String ID="P1_ST00344" HPOS="41" VPOS="5519" WIDTH="182" HEIGHT="49" CONTENT="stalten" SUBS_TYPE="HypPart2" SUBS_CONTENT="Gestalten" WC="0.98" CC="0676003"/>
						<SP ID="P1_SP00284" HPOS="223" VPOS="5568" WIDTH="39"/>
						<String ID="P1_ST00345" HPOS="262" VPOS="5519" WIDTH="171" HEIGHT="49" CONTENT="Burne" WC="0.76" CC="05302"/>
						<SP ID="P1_SP00285" HPOS="433" VPOS="5568" WIDTH="39"/>
						<String ID="P1_ST00346" HPOS="472" VPOS="5519" WIDTH="175" HEIGHT="57" CONTENT="Jones," WC="1.00" CC="030000"/>
						<SP ID="P1_SP00286" HPOS="647" VPOS="5576" WIDTH="70"/>
						<String ID="P1_ST00347" HPOS="717" VPOS="5519" WIDTH="353" HEIGHT="56" CONTENT="ursprünglich" WC="1.00" CC="100020091060"/>
						<SP ID="P1_SP00287" HPOS="1070" VPOS="5576" WIDTH="70"/>
						<String ID="P1_ST00348" HPOS="1140" VPOS="5518" WIDTH="227" HEIGHT="56" CONTENT="gewählt" WC="1.00" CC="0000410"/>
						<SP ID="P1_SP00288" HPOS="1367" VPOS="5576" WIDTH="69"/>
						<String ID="P1_ST00349" HPOS="1436" VPOS="5531" WIDTH="105" HEIGHT="36" CONTENT="von" WC="0.97" CC="044"/>
					</TextLine>
					<TextLine ID="P1_TL00063" HPOS="42" VPOS="5588" WIDTH="1499" HEIGHT="50">
						<String ID="P1_ST00350" HPOS="42" VPOS="5590" WIDTH="159" HEIGHT="46" CONTENT="einem" WC="1.00" CC="00200"/>
						<SP ID="P1_SP00289" HPOS="201" VPOS="5636" WIDTH="27"/>
						<String ID="P1_ST00351" HPOS="228" VPOS="5589" WIDTH="358" HEIGHT="49" CONTENT="individuellen" WC="1.00" CC="0301300504311"/>
						<SP ID="P1_SP00290" HPOS="586" VPOS="5638" WIDTH="27"/>
						<String ID="P1_ST00352" HPOS="613" VPOS="5588" WIDTH="339" HEIGHT="49" CONTENT="malerischen" WC="1.00" CC="00103005000"/>
						<SP ID="P1_SP00291" HPOS="952" VPOS="5638" WIDTH="27"/>
						<String ID="P1_ST00353" HPOS="979" VPOS="5588" WIDTH="325" HEIGHT="49" CONTENT="Geschmack" WC="0.99" CC="740900050"/>
						<SP ID="P1_SP00292" HPOS="1304" VPOS="5638" WIDTH="27"/>
						<String ID="P1_ST00354" HPOS="1331" VPOS="5601" WIDTH="92" HEIGHT="37" CONTENT="aus" WC="1.00" CC="000"/>
						<SP ID="P1_SP00293" HPOS="1423" VPOS="5638" WIDTH="27"/>
						<String ID="P1_ST00355" HPOS="1450" VPOS="5588" WIDTH="91" HEIGHT="48" CONTENT="der" WC="0.98" CC="004"/>
					</TextLine>
					<TextLine ID="P1_TL00064" HPOS="42" VPOS="5657" WIDTH="1498" HEIGHT="57">
						<String ID="P1_ST00356" HPOS="42" VPOS="5658" WIDTH="257" HEIGHT="48" CONTENT="sexuellen" WC="1.00" CC="000301200"/>
						<SP ID="P1_SP00294" HPOS="299" VPOS="5706" WIDTH="42"/>
						<String ID="P1_ST00357" HPOS="341" VPOS="5657" WIDTH="417" HEIGHT="57" CONTENT="Notwendigkeit" WC="1.00" CC="0200040200000"/>
						<SP ID="P1_SP00295" HPOS="758" VPOS="5714" WIDTH="77"/>
						<String ID="P1_ST00358" HPOS="835" VPOS="5660" WIDTH="139" HEIGHT="46" CONTENT="einer" WC="0.99" CC="00602"/>
						<SP ID="P1_SP00296" HPOS="974" VPOS="5714" WIDTH="48"/>
						<String ID="P1_ST00359" HPOS="1022" VPOS="5659" WIDTH="347" HEIGHT="55" CONTENT="eigenartigen" WC="0.99" CC="000069400924"/>
						<SP ID="P1_SP00297" HPOS="1369" VPOS="5714" WIDTH="45"/>
						<String ID="P1_ST00360" HPOS="1414" VPOS="5657" WIDTH="95" HEIGHT="49" CONTENT="Per" SUBS_TYPE="HypPart1" SUBS_CONTENT="Persönlichkeit," WC="0.97" CC="025"/>
						<HYP HPOS="1509" VPOS="5657" WIDTH="31" CONTENT="-"/>
					</TextLine>
					<TextLine ID="P1_TL00065" HPOS="41" VPOS="5727" WIDTH="1499" HEIGHT="59">
						<String ID="P1_ST00361" HPOS="41" VPOS="5728" WIDTH="313" HEIGHT="57" CONTENT="sönlichkeit," SUBS_TYPE="HypPart2" SUBS_CONTENT="Persönlichkeit," WC="1.00" CC="306405002100"/>
						<SP ID="P1_SP00298" HPOS="354" VPOS="5785" WIDTH="72"/>
						<String ID="P1_ST00362" HPOS="426" VPOS="5729" WIDTH="139" HEIGHT="48" CONTENT="eines" WC="0.99" CC="03300"/>
						<SP ID="P1_SP00299" HPOS="565" VPOS="5785" WIDTH="40"/>
						<String ID="P1_ST00363" HPOS="605" VPOS="5727" WIDTH="170" HEIGHT="59" CONTENT="Tages" WC="0.99" CC="00900"/>
						<SP ID="P1_SP00300" HPOS="775" VPOS="5786" WIDTH="72"/>
						<String ID="P1_ST00364" HPOS="847" VPOS="5727" WIDTH="86" HEIGHT="49" CONTENT="auf" WC="0.95" CC="056"/>
						<SP ID="P1_SP00301" HPOS="933" VPOS="5786" WIDTH="71"/>
						<String ID="P1_ST00365" HPOS="1004" VPOS="5728" WIDTH="117" HEIGHT="48" CONTENT="dem" WC="1.00" CC="000"/>
						<SP ID="P1_SP00302" HPOS="1121" VPOS="5786" WIDTH="39"/>
						<String ID="P1_ST00366" HPOS="1160" VPOS="5727" WIDTH="380" HEIGHT="50" CONTENT="Straßenkorso" WC="1.00" CC="004002005314"/>
					</TextLine>
					<TextLine ID="P1_TL00066" HPOS="41" VPOS="5792" WIDTH="1501" HEIGHT="63">
						<String ID="P1_ST00367" HPOS="41" VPOS="5792" WIDTH="196" HEIGHT="53" CONTENT="Fleisch" WC="0.98" CC="6500056"/>
						<SP ID="P1_SP00303" HPOS="237" VPOS="5845" WIDTH="36"/>
						<String ID="P1_ST00368" HPOS="273" VPOS="5798" WIDTH="100" HEIGHT="47" CONTENT="und" WC="0.97" CC="430"/>
						<SP ID="P1_SP00304" HPOS="373" VPOS="5845" WIDTH="36"/>
						<String ID="P1_ST00369" HPOS="409" VPOS="5797" WIDTH="118" HEIGHT="49" CONTENT="Blut" WC="0.98" CC="0330"/>
						<SP ID="P1_SP00305" HPOS="527" VPOS="5846" WIDTH="37"/>
						<String ID="P1_ST00370" HPOS="564" VPOS="5799" WIDTH="287" HEIGHT="56" CONTENT="gewinnen," WC="1.00" CC="000010050"/>
						<SP ID="P1_SP00306" HPOS="851" VPOS="5855" WIDTH="34"/>
						<String ID="P1_ST00371" HPOS="885" VPOS="5826" WIDTH="63" HEIGHT="6" CONTENT="—" WC="0.20" CC="8"/>
						<SP ID="P1_SP00307" HPOS="948" VPOS="5855" WIDTH="35"/>
						<String ID="P1_ST00372" HPOS="983" VPOS="5798" WIDTH="124" HEIGHT="47" CONTENT="oder" WC="0.99" CC="0040"/>
						<SP ID="P1_SP00308" HPOS="1107" VPOS="5855" WIDTH="37"/>
						<String ID="P1_ST00373" HPOS="1144" VPOS="5799" WIDTH="101" HEIGHT="46" CONTENT="wie" WC="0.99" CC="002"/>
						<SP ID="P1_SP00309" HPOS="1245" VPOS="5855" WIDTH="38"/>
						<String ID="P1_ST00374" HPOS="1283" VPOS="5798" WIDTH="91" HEIGHT="48" CONTENT="das" WC="1.00" CC="000"/>
						<SP ID="P1_SP00310" HPOS="1374" VPOS="5855" WIDTH="36"/>
						<String ID="P1_ST00375" HPOS="1410" VPOS="5795" WIDTH="132" HEIGHT="51" CONTENT="Volk" WC="0.99" CC="0420"/>
					</TextLine>
					<TextLine ID="P1_TL00067" HPOS="44" VPOS="5866" WIDTH="1497" HEIGHT="57">
						<String ID="P1_ST00376" HPOS="44" VPOS="5867" WIDTH="135" HEIGHT="48" CONTENT="seine" WC="1.00" CC="00020"/>
						<SP ID="P1_SP00311" HPOS="179" VPOS="5915" WIDTH="36"/>
						<String ID="P1_ST00377" HPOS="215" VPOS="5867" WIDTH="252" HEIGHT="48" CONTENT="Toiletten" WC="1.00" CC="000400003"/>
						<SP ID="P1_SP00312" HPOS="467" VPOS="5915" WIDTH="37"/>
						<String ID="P1_ST00378" HPOS="504" VPOS="5880" WIDTH="104" HEIGHT="36" CONTENT="von" WC="0.97" CC="205"/>
						<SP ID="P1_SP00313" HPOS="608" VPOS="5916" WIDTH="38"/>
						<String ID="P1_ST00379" HPOS="646" VPOS="5867" WIDTH="90" HEIGHT="48" CONTENT="der" WC="0.99" CC="002"/>
						<SP ID="P1_SP00314" HPOS="736" VPOS="5916" WIDTH="35"/>
						<String ID="P1_ST00380" HPOS="771" VPOS="5867" WIDTH="356" HEIGHT="56" CONTENT="Aristokratie," WC="1.00" CC="0300000100000"/>
						<SP ID="P1_SP00315" HPOS="1127" VPOS="5923" WIDTH="38"/>
						<String ID="P1_ST00381" HPOS="1165" VPOS="5867" WIDTH="115" HEIGHT="47" CONTENT="dem" WC="1.00" CC="000"/>
						<SP ID="P1_SP00316" HPOS="1280" VPOS="5923" WIDTH="38"/>
						<String ID="P1_ST00382" HPOS="1318" VPOS="5866" WIDTH="223" HEIGHT="49" CONTENT="Theater" WC="1.00" CC="0000013"/>
					</TextLine>
					<TextLine ID="P1_TL00068" HPOS="43" VPOS="5935" WIDTH="1499" HEIGHT="50">
						<String ID="P1_ST00383" HPOS="43" VPOS="5936" WIDTH="96" HEIGHT="46" CONTENT="und" WC="0.97" CC="340"/>
						<SP ID="P1_SP00317" HPOS="139" VPOS="5982" WIDTH="38"/>
						<String ID="P1_ST00384" HPOS="177" VPOS="5937" WIDTH="260" HEIGHT="47" CONTENT="einzelnen" WC="1.00" CC="006003002"/>
						<SP ID="P1_SP00318" HPOS="437" VPOS="5984" WIDTH="38"/>
						<String ID="P1_ST00385" HPOS="475" VPOS="5936" WIDTH="280" HEIGHT="49" CONTENT="führenden" WC="1.00" CC="600001032"/>
						<SP ID="P1_SP00319" HPOS="755" VPOS="5985" WIDTH="38"/>
						<String ID="P1_ST00386" HPOS="793" VPOS="5935" WIDTH="227" HEIGHT="50" CONTENT="Beautes" WC="0.91" CC="0006000"/>
						<SP ID="P1_SP00320" HPOS="1020" VPOS="5985" WIDTH="39"/>
						<String ID="P1_ST00387" HPOS="1059" VPOS="5949" WIDTH="92" HEIGHT="36" CONTENT="aus" WC="0.96" CC="540"/>
						<SP ID="P1_SP00321" HPOS="1151" VPOS="5985" WIDTH="38"/>
						<String ID="P1_ST00388" HPOS="1189" VPOS="5937" WIDTH="214" HEIGHT="47" CONTENT="zweiter" WC="1.00" CC="0000001"/>
						<SP ID="P1_SP00322" HPOS="1403" VPOS="5985" WIDTH="39"/>
						<String ID="P1_ST00389" HPOS="1442" VPOS="5936" WIDTH="100" HEIGHT="47" CONTENT="und" WC="0.97" CC="420"/>
					</TextLine>
					<TextLine ID="P1_TL00069" HPOS="43" VPOS="6003" WIDTH="1498" HEIGHT="61">
						<String ID="P1_ST00390" HPOS="43" VPOS="6003" WIDTH="172" HEIGHT="50" CONTENT="dritter" WC="0.99" CC="8000003"/>
						<SP ID="P1_SP00323" HPOS="215" VPOS="6053" WIDTH="32"/>
						<String ID="P1_ST00391" HPOS="247" VPOS="6005" WIDTH="148" HEIGHT="49" CONTENT="Hand" WC="0.98" CC="7020"/>
						<SP ID="P1_SP00324" HPOS="395" VPOS="6054" WIDTH="32"/>
						<String ID="P1_ST00392" HPOS="427" VPOS="6005" WIDTH="216" HEIGHT="59" CONTENT="bezieht," WC="1.00" CC="01000002"/>
						<SP ID="P1_SP00325" HPOS="643" VPOS="6064" WIDTH="29"/>
						<String ID="P1_ST00393" HPOS="672" VPOS="6036" WIDTH="65" HEIGHT="5" CONTENT="—" WC="0.20" CC="8"/>
						<SP ID="P1_SP00326" HPOS="737" VPOS="6064" WIDTH="30"/>
						<String ID="P1_ST00394" HPOS="767" VPOS="6005" WIDTH="170" HEIGHT="49" CONTENT="wobei" WC="1.00" CC="00000"/>
						<SP ID="P1_SP00327" HPOS="937" VPOS="6064" WIDTH="30"/>
						<String ID="P1_ST00395" HPOS="967" VPOS="6005" WIDTH="439" HEIGHT="49" CONTENT="Mißverständnis" WC="1.00" CC="03034000040600"/>
						<SP ID="P1_SP00328" HPOS="1406" VPOS="6064" WIDTH="34"/>
						<String ID="P1_ST00396" HPOS="1440" VPOS="6005" WIDTH="101" HEIGHT="49" CONTENT="und" WC="0.98" CC="500"/>
					</TextLine>
					<TextLine ID="P1_TL00070" HPOS="42" VPOS="6070" WIDTH="1499" HEIGHT="62">
						<String ID="P1_ST00397" HPOS="42" VPOS="6070" WIDTH="402" HEIGHT="62" CONTENT="Uebertreibung" WC="0.76" CC="0000303000759"/>
						<SP ID="P1_SP00329" HPOS="444" VPOS="6132" WIDTH="45"/>
						<String ID="P1_ST00398" HPOS="489" VPOS="6076" WIDTH="108" HEIGHT="47" CONTENT="ihre" WC="0.99" CC="0003"/>
						<SP ID="P1_SP00330" HPOS="597" VPOS="6132" WIDTH="46"/>
						<String ID="P1_ST00399" HPOS="643" VPOS="6076" WIDTH="347" HEIGHT="48" CONTENT="verzerrende" WC="0.99" CC="00300340605"/>
						<SP ID="P1_SP00331" HPOS="990" VPOS="6132" WIDTH="45"/>
						<String ID="P1_ST00400" HPOS="1035" VPOS="6074" WIDTH="144" HEIGHT="55" CONTENT="Rolle" WC="0.99" CC="00130"/>
						<SP ID="P1_SP00332" HPOS="1179" VPOS="6132" WIDTH="48"/>
						<String ID="P1_ST00401" HPOS="1227" VPOS="6075" WIDTH="193" HEIGHT="55" CONTENT="spielen" WC="1.00" CC="0000500"/>
						<SP ID="P1_SP00333" HPOS="1420" VPOS="6132" WIDTH="43"/>
						<String ID="P1_ST00402" HPOS="1463" VPOS="6102" WIDTH="78" HEIGHT="30" CONTENT="—," WC="0.60" CC="80"/>
					</TextLine>
					<TextLine ID="P1_TL00071" HPOS="41" VPOS="6144" WIDTH="1499" HEIGHT="58">
						<String ID="P1_ST00403" HPOS="41" VPOS="6155" WIDTH="161" HEIGHT="42" CONTENT="genau" WC="0.97" CC="90513"/>
						<SP ID="P1_SP00334" HPOS="202" VPOS="6197" WIDTH="71"/>
						<String ID="P1_ST00404" HPOS="273" VPOS="6159" WIDTH="58" HEIGHT="34" CONTENT="so" WC="0.96" CC="00"/>
						<SP ID="P1_SP00335" HPOS="331" VPOS="6197" WIDTH="41"/>
						<String ID="P1_ST00405" HPOS="372" VPOS="6146" WIDTH="129" HEIGHT="47" CONTENT="wird" WC="0.99" CC="0030"/>
						<SP ID="P1_SP00336" HPOS="501" VPOS="6197" WIDTH="70"/>
						<String ID="P1_ST00406" HPOS="571" VPOS="6146" WIDTH="80" HEIGHT="47" CONTENT="die" WC="0.99" CC="010"/>
						<SP ID="P1_SP00337" HPOS="651" VPOS="6197" WIDTH="38"/>
						<String ID="P1_ST00407" HPOS="689" VPOS="6144" WIDTH="370" HEIGHT="58" CONTENT="Denkleistung" WC="1.00" CC="040000000040"/>
						<SP ID="P1_SP00338" HPOS="1059" VPOS="6202" WIDTH="72"/>
						<String ID="P1_ST00408" HPOS="1131" VPOS="6147" WIDTH="90" HEIGHT="47" CONTENT="der" WC="0.99" CC="030"/>
						<SP ID="P1_SP00339" HPOS="1221" VPOS="6202" WIDTH="38"/>
						<String ID="P1_ST00409" HPOS="1259" VPOS="6145" WIDTH="281" HEIGHT="51" CONTENT="führenden" WC="0.99" CC="700200060"/>
					</TextLine>
					<TextLine ID="P1_TL00072" HPOS="42" VPOS="6209" WIDTH="1498" HEIGHT="62">
						<String ID="P1_ST00410" HPOS="42" VPOS="6209" WIDTH="158" HEIGHT="58" CONTENT="Köpfe" WC="0.99" CC="00060"/>
						<SP ID="P1_SP00340" HPOS="200" VPOS="6267" WIDTH="36"/>
						<String ID="P1_ST00411" HPOS="236" VPOS="6217" WIDTH="66" HEIGHT="46" CONTENT="im" WC="0.94" CC="10"/>
						<SP ID="P1_SP00341" HPOS="302" VPOS="6267" WIDTH="37"/>
						<String ID="P1_ST00412" HPOS="339" VPOS="6214" WIDTH="164" HEIGHT="57" CONTENT="Wege" WC="0.99" CC="0002"/>
						<SP ID="P1_SP00342" HPOS="503" VPOS="6271" WIDTH="68"/>
						<String ID="P1_ST00413" HPOS="571" VPOS="6216" WIDTH="88" HEIGHT="48" CONTENT="der" WC="0.97" CC="042"/>
						<SP ID="P1_SP00343" HPOS="659" VPOS="6271" WIDTH="36"/>
						<String ID="P1_ST00414" HPOS="695" VPOS="6214" WIDTH="367" HEIGHT="57" CONTENT="Nachahmung" WC="0.99" CC="0460000660"/>
						<SP ID="P1_SP00344" HPOS="1062" VPOS="6271" WIDTH="39"/>
						<String ID="P1_ST00415" HPOS="1101" VPOS="6216" WIDTH="100" HEIGHT="48" CONTENT="und" WC="0.95" CC="660"/>
						<SP ID="P1_SP00345" HPOS="1201" VPOS="6271" WIDTH="37"/>
						<String ID="P1_ST00416" HPOS="1238" VPOS="6215" WIDTH="217" HEIGHT="50" CONTENT="Auslese" WC="1.00" CC="0004200"/>
						<SP ID="P1_SP00346" HPOS="1455" VPOS="6271" WIDTH="37"/>
						<String ID="P1_ST00417" HPOS="1492" VPOS="6217" WIDTH="48" HEIGHT="48" CONTENT="in" WC="1.00" CC="00"/>
					</TextLine>
					<TextLine ID="P1_TL00073" HPOS="43" VPOS="6281" WIDTH="1306" HEIGHT="60">
						<String ID="P1_ST00418" HPOS="43" VPOS="6281" WIDTH="92" HEIGHT="48" CONTENT="den" WC="0.95" CC="804"/>
						<SP ID="P1_SP00347" HPOS="135" VPOS="6329" WIDTH="37"/>
						<String ID="P1_ST00419" HPOS="172" VPOS="6285" WIDTH="333" HEIGHT="56" CONTENT="allgemeinen" WC="0.99" CC="45300000701"/>
						<SP ID="P1_SP00348" HPOS="505" VPOS="6341" WIDTH="33"/>
						<String ID="P1_ST00420" HPOS="538" VPOS="6284" WIDTH="426" HEIGHT="57" CONTENT="Volksgebrauch" WC="0.99" CC="7310090040547"/>
						<SP ID="P1_SP00349" HPOS="964" VPOS="6341" WIDTH="36"/>
						<String ID="P1_ST00421" HPOS="1000" VPOS="6285" WIDTH="349" HEIGHT="56" CONTENT="übergeleitet." WC="1.00" CC="0003006000002"/>
					</TextLine>
					<TextLine ID="P1_TL00074" HPOS="163" VPOS="6351" WIDTH="1376" HEIGHT="62">
						<String ID="P1_ST00422" HPOS="163" VPOS="6351" WIDTH="115" HEIGHT="50" CONTENT="Wie" WC="1.00" CC="000"/>
						<SP ID="P1_SP00350" HPOS="278" VPOS="6401" WIDTH="27"/>
						<String ID="P1_ST00423" HPOS="305" VPOS="6354" WIDTH="243" HEIGHT="48" CONTENT="vollzieht" WC="0.99" CC="243500330"/>
						<SP ID="P1_SP00351" HPOS="548" VPOS="6402" WIDTH="30"/>
						<String ID="P1_ST00424" HPOS="578" VPOS="6354" WIDTH="108" HEIGHT="49" CONTENT="sich" WC="0.99" CC="0030"/>
						<SP ID="P1_SP00352" HPOS="686" VPOS="6403" WIDTH="32"/>
						<String ID="P1_ST00425" HPOS="718" VPOS="6352" WIDTH="129" HEIGHT="50" CONTENT="das?" WC="1.00" CC="0002"/>
						<SP ID="P1_SP00353" HPOS="847" VPOS="6403" WIDTH="65"/>
						<String ID="P1_ST00426" HPOS="912" VPOS="6353" WIDTH="199" HEIGHT="60" CONTENT="Zuerst," WC="1.00" CC="0100000"/>
						<SP ID="P1_SP00354" HPOS="1111" VPOS="6413" WIDTH="30"/>
						<String ID="P1_ST00427" HPOS="1141" VPOS="6356" WIDTH="169" HEIGHT="47" CONTENT="indem" WC="1.00" CC="00000"/>
						<SP ID="P1_SP00355" HPOS="1310" VPOS="6413" WIDTH="31"/>
						<String ID="P1_ST00428" HPOS="1341" VPOS="6358" WIDTH="80" HEIGHT="45" CONTENT="ein" WC="0.99" CC="101"/>
						<SP ID="P1_SP00356" HPOS="1421" VPOS="6413" WIDTH="29"/>
						<String ID="P1_ST00429" HPOS="1450" VPOS="6369" WIDTH="60" HEIGHT="43" CONTENT="ge" SUBS_TYPE="HypPart1" SUBS_CONTENT="gelungenes" WC="0.95" CC="90"/>
						<HYP HPOS="1510" VPOS="6369" WIDTH="29" CONTENT="-"/>
					</TextLine>
					<TextLine ID="P1_TL00075" HPOS="41" VPOS="6419" WIDTH="1498" HEIGHT="62">
						<String ID="P1_ST00430" HPOS="41" VPOS="6419" WIDTH="240" HEIGHT="58" CONTENT="lungenes" SUBS_TYPE="HypPart2" SUBS_CONTENT="gelungenes" WC="0.99" CC="47500500"/>
						<SP ID="P1_SP00357" HPOS="281" VPOS="6477" WIDTH="37"/>
						<String ID="P1_ST00431" HPOS="318" VPOS="6422" WIDTH="176" HEIGHT="59" CONTENT="Werk," WC="0.99" CC="04300"/>
						<SP ID="P1_SP00358" HPOS="494" VPOS="6481" WIDTH="38"/>
						<String ID="P1_ST00432" HPOS="532" VPOS="6426" WIDTH="78" HEIGHT="46" CONTENT="ein" WC="0.97" CC="006"/>
						<SP ID="P1_SP00359" HPOS="610" VPOS="6481" WIDTH="38"/>
						<String ID="P1_ST00433" HPOS="648" VPOS="6424" WIDTH="410" HEIGHT="56" CONTENT="schöpferischer" WC="1.00" CC="01000702104005"/>
						<SP ID="P1_SP00360" HPOS="1058" VPOS="6481" WIDTH="38"/>
						<String ID="P1_ST00434" HPOS="1096" VPOS="6425" WIDTH="246" HEIGHT="50" CONTENT="Gedanke" WC="0.99" CC="7306200"/>
						<SP ID="P1_SP00361" HPOS="1342" VPOS="6481" WIDTH="38"/>
						<String ID="P1_ST00435" HPOS="1380" VPOS="6427" WIDTH="159" HEIGHT="48" CONTENT="durch" WC="0.97" CC="02547"/>
					</TextLine>
					<TextLine ID="P1_TL00076" HPOS="38" VPOS="6489" WIDTH="1496" HEIGHT="63">
						<String ID="P1_ST00436" HPOS="38" VPOS="6489" WIDTH="89" HEIGHT="51" CONTENT="das" WC="0.98" CC="006"/>
						<SP ID="P1_SP00362" HPOS="127" VPOS="6540" WIDTH="34"/>
						<String ID="P1_ST00437" HPOS="161" VPOS="6492" WIDTH="174" HEIGHT="49" CONTENT="starke" WC="0.99" CC="000502"/>
						<SP ID="P1_SP00363" HPOS="335" VPOS="6541" WIDTH="32"/>
						<String ID="P1_ST00438" HPOS="367" VPOS="6491" WIDTH="390" HEIGHT="61" CONTENT="Wohlgefallen," WC="0.99" CC="0006905054001"/>
						<SP ID="P1_SP00364" HPOS="757" VPOS="6552" WIDTH="34"/>
						<String ID="P1_ST00439" HPOS="791" VPOS="6495" WIDTH="90" HEIGHT="48" CONTENT="das" WC="1.00" CC="000"/>
						<SP ID="P1_SP00365" HPOS="881" VPOS="6552" WIDTH="37"/>
						<String ID="P1_ST00440" HPOS="918" VPOS="6508" WIDTH="53" HEIGHT="34" CONTENT="er" WC="0.85" CC="02"/>
						<SP ID="P1_SP00366" HPOS="971" VPOS="6552" WIDTH="33"/>
						<String ID="P1_ST00441" HPOS="1004" VPOS="6496" WIDTH="211" HEIGHT="56" CONTENT="auslöst," WC="0.99" CC="65040000"/>
						<SP ID="P1_SP00367" HPOS="1215" VPOS="6552" WIDTH="31"/>
						<String ID="P1_ST00442" HPOS="1246" VPOS="6509" WIDTH="91" HEIGHT="35" CONTENT="zur" WC="0.98" CC="050"/>
						<SP ID="P1_SP00368" HPOS="1337" VPOS="6552" WIDTH="31"/>
						<String ID="P1_ST00443" HPOS="1368" VPOS="6495" WIDTH="133" HEIGHT="50" CONTENT="Nach" SUBS_TYPE="HypPart1" SUBS_CONTENT="Nachzeugung" WC="0.99" CC="0120"/>
						<HYP HPOS="1501" VPOS="6495" WIDTH="33" CONTENT="-"/>
					</TextLine>
				</TextBlock>
				<TextBlock ID="P1_TB00016" HPOS="1681" VPOS="2039" WIDTH="1509" HEIGHT="4516" STYLEREFS="TXT_0 PAR_BLOCK">
					<TextLine ID="P1_TL00077" HPOS="1687" VPOS="2040" WIDTH="1498" HEIGHT="56">
						<String ID="P1_ST00444" HPOS="1687" VPOS="2051" WIDTH="231" HEIGHT="44" CONTENT="zeugung" SUBS_TYPE="HypPart2" SUBS_CONTENT="Nachzeugung" WC="0.85" CC="0050040"/>
						<SP ID="P1_SP00369" HPOS="1918" VPOS="2095" WIDTH="31"/>
						<String ID="P1_ST00445" HPOS="1949" VPOS="2042" WIDTH="140" HEIGHT="46" CONTENT="reizt." WC="0.99" CC="003002"/>
						<SP ID="P1_SP00370" HPOS="2089" VPOS="2095" WIDTH="65"/>
						<String ID="P1_ST00446" HPOS="2154" VPOS="2040" WIDTH="51" HEIGHT="48" CONTENT="In" WC="0.71" CC="31"/>
						<SP ID="P1_SP00371" HPOS="2205" VPOS="2095" WIDTH="31"/>
						<String ID="P1_ST00447" HPOS="2236" VPOS="2041" WIDTH="167" HEIGHT="54" CONTENT="jedem" WC="1.00" CC="30000"/>
						<SP ID="P1_SP00372" HPOS="2403" VPOS="2095" WIDTH="31"/>
						<String ID="P1_ST00448" HPOS="2434" VPOS="2042" WIDTH="437" HEIGHT="54" CONTENT="produzierenden" WC="1.00" CC="04000001005006"/>
						<SP ID="P1_SP00373" HPOS="2871" VPOS="2096" WIDTH="31"/>
						<String ID="P1_ST00449" HPOS="2902" VPOS="2042" WIDTH="283" HEIGHT="49" CONTENT="Menschen" WC="0.99" CC="00700004"/>
					</TextLine>
					<TextLine ID="P1_TL00078" HPOS="1683" VPOS="2110" WIDTH="1502" HEIGHT="59">
						<String ID="P1_ST00450" HPOS="1683" VPOS="2112" WIDTH="176" HEIGHT="53" CONTENT="ringen" WC="0.99" CC="406021"/>
						<SP ID="P1_SP00374" HPOS="1859" VPOS="2165" WIDTH="57"/>
						<String ID="P1_ST00451" HPOS="1916" VPOS="2110" WIDTH="79" HEIGHT="46" CONTENT="die" WC="0.99" CC="010"/>
						<SP ID="P1_SP00375" HPOS="1995" VPOS="2165" WIDTH="55"/>
						<String ID="P1_ST00452" HPOS="2050" VPOS="2110" WIDTH="405" HEIGHT="49" CONTENT="verschiedenen" WC="1.00" CC="0040600000000"/>
						<SP ID="P1_SP00376" HPOS="2455" VPOS="2165" WIDTH="59"/>
						<String ID="P1_ST00453" HPOS="2514" VPOS="2111" WIDTH="234" HEIGHT="58" CONTENT="Impulse," WC="0.99" CC="40063000"/>
						<SP ID="P1_SP00377" HPOS="2748" VPOS="2169" WIDTH="61"/>
						<String ID="P1_ST00454" HPOS="2809" VPOS="2112" WIDTH="342" HEIGHT="49" CONTENT="Geschmacks" SUBS_TYPE="HypPart1" SUBS_CONTENT="Geschmacksrichtungen," WC="1.00" CC="7003000300"/>
						<HYP HPOS="3151" VPOS="2112" WIDTH="34" CONTENT="-"/>
					</TextLine>
					<TextLine ID="P1_TL00079" HPOS="1683" VPOS="2178" WIDTH="1503" HEIGHT="59">
						<String ID="P1_ST00455" HPOS="1683" VPOS="2178" WIDTH="314" HEIGHT="59" CONTENT="richtungen," SUBS_TYPE="HypPart2" SUBS_CONTENT="Geschmacksrichtungen," WC="0.99" CC="02600369040"/>
						<SP ID="P1_SP00378" HPOS="1997" VPOS="2237" WIDTH="70"/>
						<String ID="P1_ST00456" HPOS="2067" VPOS="2178" WIDTH="698" HEIGHT="59" CONTENT="Ausdrucksmöglichkeiten" WC="1.00" CC="0100304000000021002000"/>
						<SP ID="P1_SP00379" HPOS="2765" VPOS="2237" WIDTH="86"/>
						<String ID="P1_ST00457" HPOS="2851" VPOS="2182" WIDTH="335" HEIGHT="47" CONTENT="miteinander" WC="0.99" CC="00007604003"/>
					</TextLine>
					<TextLine ID="P1_TL00080" HPOS="1684" VPOS="2249" WIDTH="1503" HEIGHT="58">
						<String ID="P1_ST00458" HPOS="1684" VPOS="2249" WIDTH="99" HEIGHT="47" CONTENT="und" WC="0.95" CC="560"/>
						<SP ID="P1_SP00380" HPOS="1783" VPOS="2296" WIDTH="64"/>
						<String ID="P1_ST00459" HPOS="1847" VPOS="2249" WIDTH="237" HEIGHT="49" CONTENT="hemmen" WC="1.00" CC="000000"/>
						<SP ID="P1_SP00381" HPOS="2084" VPOS="2298" WIDTH="33"/>
						<String ID="P1_ST00460" HPOS="2117" VPOS="2250" WIDTH="108" HEIGHT="49" CONTENT="sich" WC="0.99" CC="0300"/>
						<SP ID="P1_SP00382" HPOS="2225" VPOS="2299" WIDTH="62"/>
						<String ID="P1_ST00461" HPOS="2287" VPOS="2252" WIDTH="333" HEIGHT="55" CONTENT="gegenseitig." WC="1.00" CC="000000040093"/>
						<SP ID="P1_SP00383" HPOS="2620" VPOS="2307" WIDTH="66"/>
						<String ID="P1_ST00462" HPOS="2686" VPOS="2250" WIDTH="105" HEIGHT="49" CONTENT="Das" WC="0.99" CC="030"/>
						<SP ID="P1_SP00384" HPOS="2791" VPOS="2307" WIDTH="35"/>
						<String ID="P1_ST00463" HPOS="2826" VPOS="2250" WIDTH="361" HEIGHT="57" CONTENT="wohlgestalte" WC="1.00" CC="000200000600"/>
					</TextLine>
					<TextLine ID="P1_TL00081" HPOS="1682" VPOS="2318" WIDTH="1504" HEIGHT="59">
						<String ID="P1_ST00464" HPOS="1682" VPOS="2318" WIDTH="209" HEIGHT="48" CONTENT="Vorbild" WC="0.99" CC="0230030"/>
						<SP ID="P1_SP00385" HPOS="1891" VPOS="2366" WIDTH="64"/>
						<String ID="P1_ST00465" HPOS="1955" VPOS="2319" WIDTH="168" HEIGHT="57" CONTENT="bringt" WC="0.99" CC="002500"/>
						<SP ID="P1_SP00386" HPOS="2123" VPOS="2376" WIDTH="34"/>
						<String ID="P1_ST00466" HPOS="2157" VPOS="2321" WIDTH="79" HEIGHT="47" CONTENT="die" WC="0.99" CC="020"/>
						<SP ID="P1_SP00387" HPOS="2236" VPOS="2376" WIDTH="64"/>
						<String ID="P1_ST00467" HPOS="2300" VPOS="2320" WIDTH="496" HEIGHT="57" CONTENT="gleichgestimmten" WC="1.00" CC="0603400000000001"/>
						<SP ID="P1_SP00388" HPOS="2796" VPOS="2377" WIDTH="33"/>
						<String ID="P1_ST00468" HPOS="2829" VPOS="2319" WIDTH="205" HEIGHT="50" CONTENT="Nerven" WC="1.00" CC="000002"/>
						<SP ID="P1_SP00389" HPOS="3034" VPOS="2377" WIDTH="36"/>
						<String ID="P1_ST00469" HPOS="3070" VPOS="2335" WIDTH="116" HEIGHT="34" CONTENT="zum" WC="0.98" CC="120"/>
					</TextLine>
					<TextLine ID="P1_TL00082" HPOS="1683" VPOS="2388" WIDTH="1502" HEIGHT="59">
						<String ID="P1_ST00470" HPOS="1683" VPOS="2388" WIDTH="227" HEIGHT="56" CONTENT="Klingen." WC="0.99" CC="04360063"/>
						<SP ID="P1_SP00390" HPOS="1910" VPOS="2444" WIDTH="103"/>
						<String ID="P1_ST00471" HPOS="2013" VPOS="2388" WIDTH="71" HEIGHT="49" CONTENT="So" WC="0.78" CC="04"/>
						<SP ID="P1_SP00391" HPOS="2084" VPOS="2444" WIDTH="39"/>
						<String ID="P1_ST00472" HPOS="2123" VPOS="2389" WIDTH="196" HEIGHT="49" CONTENT="kommt" WC="0.99" CC="05000"/>
						<SP ID="P1_SP00392" HPOS="2319" VPOS="2444" WIDTH="39"/>
						<String ID="P1_ST00473" HPOS="2358" VPOS="2404" WIDTH="71" HEIGHT="43" CONTENT="es," WC="1.00" CC="000"/>
						<SP ID="P1_SP00393" HPOS="2429" VPOS="2447" WIDTH="70"/>
						<String ID="P1_ST00474" HPOS="2499" VPOS="2389" WIDTH="96" HEIGHT="49" CONTENT="daß" WC="1.00" CC="000"/>
						<SP ID="P1_SP00394" HPOS="2595" VPOS="2447" WIDTH="38"/>
						<String ID="P1_ST00475" HPOS="2633" VPOS="2390" WIDTH="405" HEIGHT="56" CONTENT="beispielsweise" WC="1.00" CC="00000004000000"/>
						<SP ID="P1_SP00395" HPOS="3038" VPOS="2447" WIDTH="38"/>
						<String ID="P1_ST00476" HPOS="3076" VPOS="2391" WIDTH="88" HEIGHT="47" CONTENT="lite" SUBS_TYPE="HypPart1" SUBS_CONTENT="literarische" WC="0.99" CC="0200"/>
						<HYP HPOS="3164" VPOS="2391" WIDTH="21" CONTENT="-"/>
					</TextLine>
					<TextLine ID="P1_TL00083" HPOS="1684" VPOS="2459" WIDTH="1501" HEIGHT="56">
						<String ID="P1_ST00477" HPOS="1684" VPOS="2459" WIDTH="227" HEIGHT="47" CONTENT="rarische" SUBS_TYPE="HypPart2" SUBS_CONTENT="literarische" WC="1.00" CC="00340300"/>
						<SP ID="P1_SP00396" HPOS="1911" VPOS="2506" WIDTH="34"/>
						<String ID="P1_ST00478" HPOS="1945" VPOS="2460" WIDTH="99" HEIGHT="47" CONTENT="und" WC="0.97" CC="160"/>
						<SP ID="P1_SP00397" HPOS="2044" VPOS="2507" WIDTH="33"/>
						<String ID="P1_ST00479" HPOS="2077" VPOS="2460" WIDTH="304" HEIGHT="48" CONTENT="malerische" WC="1.00" CC="0001300500"/>
						<SP ID="P1_SP00398" HPOS="2381" VPOS="2508" WIDTH="32"/>
						<String ID="P1_ST00480" HPOS="2413" VPOS="2459" WIDTH="191" HEIGHT="49" CONTENT="Moden" WC="0.99" CC="00005"/>
						<SP ID="P1_SP00399" HPOS="2604" VPOS="2508" WIDTH="34"/>
						<String ID="P1_ST00481" HPOS="2638" VPOS="2462" WIDTH="102" HEIGHT="46" CONTENT="wie" WC="0.99" CC="020"/>
						<SP ID="P1_SP00400" HPOS="2740" VPOS="2508" WIDTH="32"/>
						<String ID="P1_ST00482" HPOS="2772" VPOS="2459" WIDTH="293" HEIGHT="56" CONTENT="Epidemien" WC="1.00" CC="300000006"/>
						<SP ID="P1_SP00401" HPOS="3065" VPOS="2515" WIDTH="37"/>
						<String ID="P1_ST00483" HPOS="3102" VPOS="2474" WIDTH="83" HEIGHT="34" CONTENT="um" WC="0.68" CC="60"/>
					</TextLine>
					<TextLine ID="P1_TL00084" HPOS="1683" VPOS="2527" WIDTH="1502" HEIGHT="57">
						<String ID="P1_ST00484" HPOS="1683" VPOS="2528" WIDTH="108" HEIGHT="48" CONTENT="sich" WC="0.99" CC="0220"/>
						<SP ID="P1_SP00402" HPOS="1791" VPOS="2576" WIDTH="26"/>
						<String ID="P1_ST00485" HPOS="1817" VPOS="2527" WIDTH="209" HEIGHT="57" CONTENT="greifen." WC="0.99" CC="93006060"/>
						<SP ID="P1_SP00403" HPOS="2026" VPOS="2584" WIDTH="57"/>
						<String ID="P1_ST00486" HPOS="2083" VPOS="2529" WIDTH="109" HEIGHT="48" CONTENT="Alle" WC="0.99" CC="0020"/>
						<SP ID="P1_SP00404" HPOS="2192" VPOS="2584" WIDTH="28"/>
						<String ID="P1_ST00487" HPOS="2220" VPOS="2530" WIDTH="141" HEIGHT="48" CONTENT="diese" WC="1.00" CC="02000"/>
						<SP ID="P1_SP00405" HPOS="2361" VPOS="2584" WIDTH="27"/>
						<String ID="P1_ST00488" HPOS="2388" VPOS="2528" WIDTH="366" HEIGHT="50" CONTENT="Schriftsteller" WC="1.00" CC="05000500005300"/>
						<SP ID="P1_SP00406" HPOS="2754" VPOS="2584" WIDTH="27"/>
						<String ID="P1_ST00489" HPOS="2781" VPOS="2530" WIDTH="222" HEIGHT="48" CONTENT="könnten" WC="0.99" CC="0046006"/>
						<SP ID="P1_SP00407" HPOS="3003" VPOS="2584" WIDTH="31"/>
						<String ID="P1_ST00490" HPOS="3034" VPOS="2529" WIDTH="121" HEIGHT="48" CONTENT="eben" SUBS_TYPE="HypPart1" SUBS_CONTENT="ebensowohl" WC="0.98" CC="0006"/>
						<HYP HPOS="3155" VPOS="2529" WIDTH="30" CONTENT="-"/>
					</TextLine>
					<TextLine ID="P1_TL00085" HPOS="1685" VPOS="2598" WIDTH="1500" HEIGHT="49">
						<String ID="P1_ST00491" HPOS="1685" VPOS="2598" WIDTH="200" HEIGHT="48" CONTENT="sowohl" SUBS_TYPE="HypPart2" SUBS_CONTENT="ebensowohl" WC="0.99" CC="010105"/>
						<SP ID="P1_SP00408" HPOS="1885" VPOS="2646" WIDTH="39"/>
						<String ID="P1_ST00492" HPOS="1924" VPOS="2598" WIDTH="251" HEIGHT="49" CONTENT="klassisch" WC="0.99" CC="021100042"/>
						<SP ID="P1_SP00409" HPOS="2175" VPOS="2647" WIDTH="40"/>
						<String ID="P1_ST00493" HPOS="2215" VPOS="2598" WIDTH="74" HEIGHT="49" CONTENT="als" WC="0.98" CC="040"/>
						<SP ID="P1_SP00410" HPOS="2289" VPOS="2647" WIDTH="40"/>
						<String ID="P1_ST00494" HPOS="2329" VPOS="2599" WIDTH="313" HEIGHT="48" CONTENT="romantisch" WC="1.00" CC="0004401020"/>
						<SP ID="P1_SP00411" HPOS="2642" VPOS="2647" WIDTH="38"/>
						<String ID="P1_ST00495" HPOS="2680" VPOS="2598" WIDTH="282" HEIGHT="49" CONTENT="schreiben." WC="0.99" CC="0113310052"/>
						<SP ID="P1_SP00412" HPOS="2962" VPOS="2647" WIDTH="72"/>
						<String ID="P1_ST00496" HPOS="3034" VPOS="2598" WIDTH="151" HEIGHT="49" CONTENT="Eines" WC="0.98" CC="32520"/>
					</TextLine>
					<TextLine ID="P1_TL00086" HPOS="1685" VPOS="2666" WIDTH="1498" HEIGHT="58">
						<String ID="P1_ST00497" HPOS="1685" VPOS="2666" WIDTH="169" HEIGHT="58" CONTENT="Tages" WC="1.00" CC="00000"/>
						<SP ID="P1_SP00413" HPOS="1854" VPOS="2724" WIDTH="69"/>
						<String ID="P1_ST00498" HPOS="1923" VPOS="2668" WIDTH="268" HEIGHT="48" CONTENT="schreiben" WC="1.00" CC="030001000"/>
						<SP ID="P1_SP00414" HPOS="2191" VPOS="2724" WIDTH="69"/>
						<String ID="P1_ST00499" HPOS="2260" VPOS="2669" WIDTH="73" HEIGHT="47" CONTENT="sie" WC="1.00" CC="000"/>
						<SP ID="P1_SP00415" HPOS="2333" VPOS="2724" WIDTH="37"/>
						<String ID="P1_ST00500" HPOS="2370" VPOS="2669" WIDTH="96" HEIGHT="47" CONTENT="alle" WC="0.98" CC="0350"/>
						<SP ID="P1_SP00416" HPOS="2466" VPOS="2724" WIDTH="68"/>
						<String ID="P1_ST00501" HPOS="2534" VPOS="2668" WIDTH="328" HEIGHT="49" CONTENT="romantisch." WC="1.00" CC="22000000402"/>
						<SP ID="P1_SP00417" HPOS="2862" VPOS="2724" WIDTH="69"/>
						<String ID="P1_ST00502" HPOS="2931" VPOS="2667" WIDTH="252" HEIGHT="49" CONTENT="Warum?" WC="0.99" CC="004500"/>
					</TextLine>
					<TextLine ID="P1_TL00087" HPOS="1686" VPOS="2736" WIDTH="1499" HEIGHT="57">
						<String ID="P1_ST00503" HPOS="1686" VPOS="2736" WIDTH="130" HEIGHT="49" CONTENT="Weil" WC="0.98" CC="0107"/>
						<SP ID="P1_SP00418" HPOS="1816" VPOS="2785" WIDTH="33"/>
						<String ID="P1_ST00504" HPOS="1849" VPOS="2738" WIDTH="91" HEIGHT="48" CONTENT="das" WC="1.00" CC="000"/>
						<SP ID="P1_SP00419" HPOS="1940" VPOS="2786" WIDTH="33"/>
						<String ID="P1_ST00505" HPOS="1973" VPOS="2737" WIDTH="282" HEIGHT="56" CONTENT="siegreiche" WC="1.00" CC="0000012200"/>
						<SP ID="P1_SP00420" HPOS="2255" VPOS="2793" WIDTH="31"/>
						<String ID="P1_ST00506" HPOS="2286" VPOS="2737" WIDTH="209" HEIGHT="49" CONTENT="Vorbild" WC="0.99" CC="0210160"/>
						<SP ID="P1_SP00421" HPOS="2495" VPOS="2793" WIDTH="31"/>
						<String ID="P1_ST00507" HPOS="2526" VPOS="2738" WIDTH="75" HEIGHT="48" CONTENT="als" WC="0.98" CC="220"/>
						<SP ID="P1_SP00422" HPOS="2601" VPOS="2793" WIDTH="33"/>
						<String ID="P1_ST00508" HPOS="2634" VPOS="2737" WIDTH="424" HEIGHT="56" CONTENT="Stimmungsreiz" WC="1.00" CC="0020004003000"/>
						<SP ID="P1_SP00423" HPOS="3058" VPOS="2793" WIDTH="32"/>
						<String ID="P1_ST00509" HPOS="3090" VPOS="2738" WIDTH="95" HEIGHT="47" CONTENT="den" WC="0.97" CC="006"/>
					</TextLine>
					<TextLine ID="P1_TL00088" HPOS="1686" VPOS="2806" WIDTH="1499" HEIGHT="57">
						<String ID="P1_ST00510" HPOS="1686" VPOS="2807" WIDTH="378" HEIGHT="49" CONTENT="romantischen" WC="1.00" CC="000040100000"/>
						<SP ID="P1_SP00424" HPOS="2064" VPOS="2856" WIDTH="31"/>
						<String ID="P1_ST00511" HPOS="2095" VPOS="2806" WIDTH="298" HEIGHT="57" CONTENT="Neigungen" WC="0.99" CC="000046900"/>
						<SP ID="P1_SP00425" HPOS="2393" VPOS="2863" WIDTH="32"/>
						<String ID="P1_ST00512" HPOS="2425" VPOS="2807" WIDTH="100" HEIGHT="48" CONTENT="und" WC="0.98" CC="400"/>
						<SP ID="P1_SP00426" HPOS="2525" VPOS="2863" WIDTH="30"/>
						<String ID="P1_ST00513" HPOS="2555" VPOS="2807" WIDTH="281" HEIGHT="56" CONTENT="Regungen" WC="0.99" CC="00000913"/>
						<SP ID="P1_SP00427" HPOS="2836" VPOS="2863" WIDTH="33"/>
						<String ID="P1_ST00514" HPOS="2869" VPOS="2808" WIDTH="91" HEIGHT="48" CONTENT="das" WC="1.00" CC="000"/>
						<SP ID="P1_SP00428" HPOS="2960" VPOS="2863" WIDTH="32"/>
						<String ID="P1_ST00515" HPOS="2992" VPOS="2807" WIDTH="161" HEIGHT="48" CONTENT="Ueber" SUBS_TYPE="HypPart1" SUBS_CONTENT="Uebergewicht" WC="0.90" CC="10000"/>
						<HYP HPOS="3153" VPOS="2807" WIDTH="32" CONTENT="-"/>
					</TextLine>
					<TextLine ID="P1_TL00089" HPOS="1684" VPOS="2874" WIDTH="1503" HEIGHT="59">
						<String ID="P1_ST00516" HPOS="1684" VPOS="2876" WIDTH="225" HEIGHT="56" CONTENT="gewicht" SUBS_TYPE="HypPart2" SUBS_CONTENT="Uebergewicht" WC="0.91" CC="0000600"/>
						<SP ID="P1_SP00429" HPOS="1909" VPOS="2932" WIDTH="24"/>
						<String ID="P1_ST00517" HPOS="1933" VPOS="2876" WIDTH="134" HEIGHT="49" CONTENT="leiht." WC="0.99" CC="104002"/>
						<SP ID="P1_SP00430" HPOS="2067" VPOS="2932" WIDTH="56"/>
						<String ID="P1_ST00518" HPOS="2123" VPOS="2874" WIDTH="121" HEIGHT="50" CONTENT="Eine" WC="0.97" CC="4430"/>
						<SP ID="P1_SP00431" HPOS="2244" VPOS="2932" WIDTH="26"/>
						<String ID="P1_ST00519" HPOS="2270" VPOS="2876" WIDTH="230" HEIGHT="48" CONTENT="ähnliche" WC="0.99" CC="00640200"/>
						<SP ID="P1_SP00432" HPOS="2500" VPOS="2932" WIDTH="25"/>
						<String ID="P1_ST00520" HPOS="2525" VPOS="2875" WIDTH="349" HEIGHT="58" CONTENT="Erscheinung" WC="0.99" CC="40030006460"/>
						<SP ID="P1_SP00433" HPOS="2874" VPOS="2933" WIDTH="24"/>
						<String ID="P1_ST00521" HPOS="2898" VPOS="2879" WIDTH="100" HEIGHT="46" CONTENT="wie" WC="1.00" CC="000"/>
						<SP ID="P1_SP00434" HPOS="2998" VPOS="2933" WIDTH="25"/>
						<String ID="P1_ST00522" HPOS="3023" VPOS="2879" WIDTH="47" HEIGHT="46" CONTENT="in" WC="0.76" CC="04"/>
						<SP ID="P1_SP00435" HPOS="3070" VPOS="2933" WIDTH="28"/>
						<String ID="P1_ST00523" HPOS="3098" VPOS="2879" WIDTH="89" HEIGHT="46" CONTENT="der" WC="0.99" CC="003"/>
					</TextLine>
					<TextLine ID="P1_TL00090" HPOS="1686" VPOS="2945" WIDTH="1502" HEIGHT="57">
						<String ID="P1_ST00524" HPOS="1686" VPOS="2946" WIDTH="173" HEIGHT="48" CONTENT="Natur." WC="1.00" CC="000101"/>
						<SP ID="P1_SP00436" HPOS="1859" VPOS="2994" WIDTH="66"/>
						<String ID="P1_ST00525" HPOS="1925" VPOS="2946" WIDTH="98" HEIGHT="48" CONTENT="Auf" WC="0.95" CC="067"/>
						<SP ID="P1_SP00437" HPOS="2023" VPOS="2994" WIDTH="34"/>
						<String ID="P1_ST00526" HPOS="2057" VPOS="2948" WIDTH="165" HEIGHT="47" CONTENT="einem" WC="0.99" CC="00500"/>
						<SP ID="P1_SP00438" HPOS="2222" VPOS="2995" WIDTH="33"/>
						<String ID="P1_ST00527" HPOS="2255" VPOS="2945" WIDTH="163" HEIGHT="57" CONTENT="Hügel" WC="0.99" CC="60003"/>
						<SP ID="P1_SP00439" HPOS="2418" VPOS="3002" WIDTH="33"/>
						<String ID="P1_ST00528" HPOS="2451" VPOS="2948" WIDTH="213" HEIGHT="47" CONTENT="streiten" WC="1.00" CC="00200000"/>
						<SP ID="P1_SP00440" HPOS="2664" VPOS="3002" WIDTH="33"/>
						<String ID="P1_ST00529" HPOS="2697" VPOS="2948" WIDTH="181" HEIGHT="53" CONTENT="junges" WC="0.99" CC="206000"/>
						<SP ID="P1_SP00441" HPOS="2878" VPOS="3002" WIDTH="34"/>
						<String ID="P1_ST00530" HPOS="2912" VPOS="2946" WIDTH="142" HEIGHT="49" CONTENT="Laub" WC="0.99" CC="0050"/>
						<SP ID="P1_SP00442" HPOS="3054" VPOS="3002" WIDTH="35"/>
						<String ID="P1_ST00531" HPOS="3089" VPOS="2948" WIDTH="99" HEIGHT="47" CONTENT="und" WC="0.97" CC="420"/>
					</TextLine>
					<TextLine ID="P1_TL00091" HPOS="1686" VPOS="3013" WIDTH="1502" HEIGHT="59">
						<String ID="P1_ST00532" HPOS="1686" VPOS="3015" WIDTH="293" HEIGHT="48" CONTENT="Nadelholz." WC="1.00" CC="0000401204"/>
						<SP ID="P1_SP00443" HPOS="1979" VPOS="3063" WIDTH="66"/>
						<String ID="P1_ST00533" HPOS="2045" VPOS="3013" WIDTH="123" HEIGHT="50" CONTENT="Eine" WC="0.99" CC="1050"/>
						<SP ID="P1_SP00444" HPOS="2168" VPOS="3063" WIDTH="35"/>
						<String ID="P1_ST00534" HPOS="2203" VPOS="3017" WIDTH="195" HEIGHT="55" CONTENT="einzige" WC="1.00" CC="0104100"/>
						<SP ID="P1_SP00445" HPOS="2398" VPOS="3072" WIDTH="34"/>
						<String ID="P1_ST00535" HPOS="2432" VPOS="3014" WIDTH="163" HEIGHT="51" CONTENT="Nacht" WC="0.98" CC="04440"/>
						<SP ID="P1_SP00446" HPOS="2595" VPOS="3072" WIDTH="36"/>
						<String ID="P1_ST00536" HPOS="2631" VPOS="3017" WIDTH="91" HEIGHT="49" CONTENT="des" WC="1.00" CC="000"/>
						<SP ID="P1_SP00447" HPOS="2722" VPOS="3072" WIDTH="34"/>
						<String ID="P1_ST00537" HPOS="2756" VPOS="3015" WIDTH="211" HEIGHT="51" CONTENT="Frostes" WC="0.99" CC="6540000"/>
						<SP ID="P1_SP00448" HPOS="2967" VPOS="3072" WIDTH="33"/>
						<String ID="P1_ST00538" HPOS="3000" VPOS="3045" WIDTH="63" HEIGHT="6" CONTENT="—" WC="0.20" CC="8"/>
						<SP ID="P1_SP00449" HPOS="3063" VPOS="3072" WIDTH="33"/>
						<String ID="P1_ST00539" HPOS="3096" VPOS="3017" WIDTH="92" HEIGHT="48" CONTENT="das" WC="1.00" CC="000"/>
					</TextLine>
					<TextLine ID="P1_TL00092" HPOS="1686" VPOS="3084" WIDTH="1502" HEIGHT="58">
						<String ID="P1_ST00540" HPOS="1686" VPOS="3088" WIDTH="228" HEIGHT="54" CONTENT="weniger" WC="0.99" CC="0030902"/>
						<SP ID="P1_SP00450" HPOS="1914" VPOS="3142" WIDTH="37"/>
						<String ID="P1_ST00541" HPOS="1951" VPOS="3085" WIDTH="519" HEIGHT="56" CONTENT="widerstandsfähige" WC="1.00" CC="00000000000500100"/>
						<SP ID="P1_SP00451" HPOS="2470" VPOS="3142" WIDTH="66"/>
						<String ID="P1_ST00542" HPOS="2536" VPOS="3084" WIDTH="198" HEIGHT="49" CONTENT="weiche" WC="0.99" CC="021200"/>
						<SP ID="P1_SP00452" HPOS="2734" VPOS="3142" WIDTH="36"/>
						<String ID="P1_ST00543" HPOS="2770" VPOS="3084" WIDTH="260" HEIGHT="50" CONTENT="Laubholz" WC="1.00" CC="00000140"/>
						<SP ID="P1_SP00453" HPOS="3030" VPOS="3142" WIDTH="37"/>
						<String ID="P1_ST00544" HPOS="3067" VPOS="3085" WIDTH="121" HEIGHT="57" CONTENT="geht" WC="1.00" CC="0000"/>
					</TextLine>
					<TextLine ID="P1_TL00093" HPOS="1687" VPOS="3155" WIDTH="1501" HEIGHT="56">
						<String ID="P1_ST00545" HPOS="1687" VPOS="3157" WIDTH="79" HEIGHT="46" CONTENT="ein" WC="0.98" CC="006"/>
						<SP ID="P1_SP00454" HPOS="1766" VPOS="3203" WIDTH="36"/>
						<String ID="P1_ST00546" HPOS="1802" VPOS="3155" WIDTH="100" HEIGHT="48" CONTENT="und" WC="0.96" CC="540"/>
						<SP ID="P1_SP00455" HPOS="1902" VPOS="3203" WIDTH="35"/>
						<String ID="P1_ST00547" HPOS="1937" VPOS="3155" WIDTH="130" HEIGHT="48" CONTENT="nach" WC="0.98" CC="0340"/>
						<SP ID="P1_SP00456" HPOS="2067" VPOS="3203" WIDTH="36"/>
						<String ID="P1_ST00548" HPOS="2103" VPOS="3156" WIDTH="234" HEIGHT="55" CONTENT="zwanzig" WC="0.99" CC="0006020"/>
						<SP ID="P1_SP00457" HPOS="2337" VPOS="3211" WIDTH="36"/>
						<String ID="P1_ST00549" HPOS="2373" VPOS="3155" WIDTH="190" HEIGHT="48" CONTENT="Jahren" WC="0.99" CC="000304"/>
						<SP ID="P1_SP00458" HPOS="2563" VPOS="3211" WIDTH="36"/>
						<String ID="P1_ST00550" HPOS="2599" VPOS="3155" WIDTH="179" HEIGHT="49" CONTENT="erhebt" WC="1.00" CC="030000"/>
						<SP ID="P1_SP00459" HPOS="2778" VPOS="3211" WIDTH="35"/>
						<String ID="P1_ST00551" HPOS="2813" VPOS="3155" WIDTH="109" HEIGHT="50" CONTENT="sich" WC="0.97" CC="0244"/>
						<SP ID="P1_SP00460" HPOS="2922" VPOS="3211" WIDTH="36"/>
						<String ID="P1_ST00552" HPOS="2958" VPOS="3155" WIDTH="114" HEIGHT="49" CONTENT="dort" WC="1.00" CC="0000"/>
						<SP ID="P1_SP00461" HPOS="3072" VPOS="3211" WIDTH="39"/>
						<String ID="P1_ST00553" HPOS="3111" VPOS="3158" WIDTH="77" HEIGHT="45" CONTENT="ein" WC="0.98" CC="006"/>
					</TextLine>
					<TextLine ID="P1_TL00094" HPOS="1687" VPOS="3222" WIDTH="1502" HEIGHT="59">
						<String ID="P1_ST00554" HPOS="1687" VPOS="3224" WIDTH="291" HEIGHT="56" CONTENT="prächtiger" WC="1.00" CC="0002000003"/>
						<SP ID="P1_SP00462" HPOS="1978" VPOS="3280" WIDTH="35"/>
						<String ID="P1_ST00555" HPOS="2013" VPOS="3223" WIDTH="315" HEIGHT="49" CONTENT="Nadelwald." WC="1.00" CC="0000600102"/>
						<SP ID="P1_SP00463" HPOS="2328" VPOS="3280" WIDTH="67"/>
						<String ID="P1_ST00556" HPOS="2395" VPOS="3222" WIDTH="160" HEIGHT="51" CONTENT="Wäre" WC="0.99" CC="0030"/>
						<SP ID="P1_SP00464" HPOS="2555" VPOS="3280" WIDTH="37"/>
						<String ID="P1_ST00557" HPOS="2592" VPOS="3225" WIDTH="89" HEIGHT="47" CONTENT="der" WC="1.00" CC="000"/>
						<SP ID="P1_SP00465" HPOS="2681" VPOS="3280" WIDTH="35"/>
						<String ID="P1_ST00558" HPOS="2716" VPOS="3223" WIDTH="152" HEIGHT="50" CONTENT="Frost" WC="0.99" CC="60300"/>
						<SP ID="P1_SP00466" HPOS="2868" VPOS="3280" WIDTH="37"/>
						<String ID="P1_ST00559" HPOS="2905" VPOS="3237" WIDTH="83" HEIGHT="35" CONTENT="um" WC="0.68" CC="60"/>
						<SP ID="P1_SP00467" HPOS="2988" VPOS="3280" WIDTH="39"/>
						<String ID="P1_ST00560" HPOS="3027" VPOS="3227" WIDTH="162" HEIGHT="54" CONTENT="einige" WC="0.99" CC="005200"/>
					</TextLine>
					<TextLine ID="P1_TL00095" HPOS="1687" VPOS="3293" WIDTH="1501" HEIGHT="57">
						<String ID="P1_ST00561" HPOS="1687" VPOS="3293" WIDTH="141" HEIGHT="56" CONTENT="Tage" WC="1.00" CC="0000"/>
						<SP ID="P1_SP00468" HPOS="1828" VPOS="3349" WIDTH="31"/>
						<String ID="P1_ST00562" HPOS="1859" VPOS="3296" WIDTH="175" HEIGHT="53" CONTENT="später" WC="1.00" CC="000000"/>
						<SP ID="P1_SP00469" HPOS="2034" VPOS="3349" WIDTH="28"/>
						<String ID="P1_ST00563" HPOS="2062" VPOS="3293" WIDTH="324" HEIGHT="57" CONTENT="gekommen," WC="1.00" CC="700000060"/>
						<SP ID="P1_SP00470" HPOS="2386" VPOS="3350" WIDTH="31"/>
						<String ID="P1_ST00564" HPOS="2417" VPOS="3307" WIDTH="60" HEIGHT="36" CONTENT="so" WC="0.88" CC="02"/>
						<SP ID="P1_SP00471" HPOS="2477" VPOS="3350" WIDTH="30"/>
						<String ID="P1_ST00565" HPOS="2507" VPOS="3293" WIDTH="142" HEIGHT="50" CONTENT="hätte" WC="1.00" CC="40000"/>
						<SP ID="P1_SP00472" HPOS="2649" VPOS="3350" WIDTH="31"/>
						<String ID="P1_ST00566" HPOS="2680" VPOS="3294" WIDTH="90" HEIGHT="49" CONTENT="das" WC="0.99" CC="010"/>
						<SP ID="P1_SP00473" HPOS="2770" VPOS="3350" WIDTH="32"/>
						<String ID="P1_ST00567" HPOS="2802" VPOS="3293" WIDTH="142" HEIGHT="49" CONTENT="Laub" WC="0.99" CC="0030"/>
						<SP ID="P1_SP00474" HPOS="2944" VPOS="3350" WIDTH="29"/>
						<String ID="P1_ST00568" HPOS="2973" VPOS="3296" WIDTH="215" HEIGHT="54" CONTENT="gesiegt." WC="1.00" CC="00042004"/>
					</TextLine>
					<TextLine ID="P1_TL00096" HPOS="1813" VPOS="3361" WIDTH="1375" HEIGHT="56">
						<String ID="P1_ST00569" HPOS="1813" VPOS="3361" WIDTH="101" HEIGHT="50" CONTENT="Hat" WC="0.97" CC="700"/>
						<SP ID="P1_SP00475" HPOS="1914" VPOS="3411" WIDTH="35"/>
						<String ID="P1_ST00570" HPOS="1949" VPOS="3362" WIDTH="108" HEIGHT="50" CONTENT="sich" WC="0.99" CC="0060"/>
						<SP ID="P1_SP00476" HPOS="2057" VPOS="3412" WIDTH="37"/>
						<String ID="P1_ST00571" HPOS="2094" VPOS="3364" WIDTH="182" HEIGHT="47" CONTENT="einmal" WC="0.99" CC="005004"/>
						<SP ID="P1_SP00477" HPOS="2276" VPOS="3412" WIDTH="68"/>
						<String ID="P1_ST00572" HPOS="2344" VPOS="3364" WIDTH="80" HEIGHT="47" CONTENT="die" WC="0.99" CC="020"/>
						<SP ID="P1_SP00478" HPOS="2424" VPOS="3412" WIDTH="32"/>
						<String ID="P1_ST00573" HPOS="2456" VPOS="3362" WIDTH="158" HEIGHT="49" CONTENT="Mode" WC="0.99" CC="0201"/>
						<SP ID="P1_SP00479" HPOS="2614" VPOS="3412" WIDTH="34"/>
						<String ID="P1_ST00574" HPOS="2648" VPOS="3365" WIDTH="48" HEIGHT="46" CONTENT="in" WC="0.67" CC="15"/>
						<SP ID="P1_SP00480" HPOS="2696" VPOS="3412" WIDTH="37"/>
						<String ID="P1_ST00575" HPOS="2733" VPOS="3364" WIDTH="96" HEIGHT="47" CONTENT="den" WC="0.99" CC="003"/>
						<SP ID="P1_SP00481" HPOS="2829" VPOS="3412" WIDTH="35"/>
						<String ID="P1_ST00576" HPOS="2864" VPOS="3364" WIDTH="190" HEIGHT="48" CONTENT="oberen" WC="1.00" CC="000300"/>
						<SP ID="P1_SP00482" HPOS="3054" VPOS="3412" WIDTH="35"/>
						<String ID="P1_ST00577" HPOS="3089" VPOS="3362" WIDTH="66" HEIGHT="55" CONTENT="Re" SUBS_TYPE="HypPart1" SUBS_CONTENT="Regionen" WC="0.98" CC="00"/>
						<HYP HPOS="3155" VPOS="3362" WIDTH="33" CONTENT="-"/>
					</TextLine>
					<TextLine ID="P1_TL00097" HPOS="1687" VPOS="3431" WIDTH="1501" HEIGHT="59">
						<String ID="P1_ST00578" HPOS="1687" VPOS="3434" WIDTH="184" HEIGHT="54" CONTENT="gionen" SUBS_TYPE="HypPart2" SUBS_CONTENT="Regionen" WC="0.99" CC="010004"/>
						<SP ID="P1_SP00483" HPOS="1871" VPOS="3488" WIDTH="31"/>
						<String ID="P1_ST00579" HPOS="1902" VPOS="3432" WIDTH="377" HEIGHT="58" CONTENT="durchgesetzt," WC="1.00" CC="0104090000000"/>
						<SP ID="P1_SP00484" HPOS="2279" VPOS="3490" WIDTH="29"/>
						<String ID="P1_ST00580" HPOS="2308" VPOS="3446" WIDTH="59" HEIGHT="36" CONTENT="so" WC="0.75" CC="13"/>
						<SP ID="P1_SP00485" HPOS="2367" VPOS="3490" WIDTH="29"/>
						<String ID="P1_ST00581" HPOS="2396" VPOS="3432" WIDTH="154" HEIGHT="49" CONTENT="wirkt" WC="1.00" CC="00300"/>
						<SP ID="P1_SP00486" HPOS="2550" VPOS="3490" WIDTH="27"/>
						<String ID="P1_ST00582" HPOS="2577" VPOS="3435" WIDTH="75" HEIGHT="46" CONTENT="sie" WC="0.98" CC="022"/>
						<SP ID="P1_SP00487" HPOS="2652" VPOS="3490" WIDTH="28"/>
						<String ID="P1_ST00583" HPOS="2680" VPOS="3431" WIDTH="268" HEIGHT="50" CONTENT="weiterhin" WC="0.99" CC="000015304"/>
						<SP ID="P1_SP00488" HPOS="2948" VPOS="3490" WIDTH="30"/>
						<String ID="P1_ST00584" HPOS="2978" VPOS="3432" WIDTH="86" HEIGHT="49" CONTENT="auf" WC="0.98" CC="005"/>
						<SP ID="P1_SP00489" HPOS="3064" VPOS="3490" WIDTH="29"/>
						<String ID="P1_ST00585" HPOS="3093" VPOS="3433" WIDTH="95" HEIGHT="48" CONTENT="den" WC="1.00" CC="000"/>
					</TextLine>
					<TextLine ID="P1_TL00098" HPOS="1688" VPOS="3500" WIDTH="1501" HEIGHT="60">
						<String ID="P1_ST00586" HPOS="1688" VPOS="3500" WIDTH="275" HEIGHT="51" CONTENT="bewußten" WC="1.00" CC="00000000"/>
						<SP ID="P1_SP00490" HPOS="1963" VPOS="3551" WIDTH="29"/>
						<String ID="P1_ST00587" HPOS="1992" VPOS="3501" WIDTH="340" HEIGHT="59" CONTENT="Geschmack," WC="1.00" CC="6000400200"/>
						<SP ID="P1_SP00491" HPOS="2332" VPOS="3560" WIDTH="28"/>
						<String ID="P1_ST00588" HPOS="2360" VPOS="3516" WIDTH="55" HEIGHT="35" CONTENT="es" WC="1.00" CC="00"/>
						<SP ID="P1_SP00492" HPOS="2415" VPOS="3560" WIDTH="27"/>
						<String ID="P1_ST00589" HPOS="2442" VPOS="3502" WIDTH="89" HEIGHT="56" CONTENT="gilt" WC="0.99" CC="0240"/>
						<SP ID="P1_SP00493" HPOS="2531" VPOS="3560" WIDTH="28"/>
						<String ID="P1_ST00590" HPOS="2559" VPOS="3503" WIDTH="212" HEIGHT="48" CONTENT="alsdann" WC="0.99" CC="0700050"/>
						<SP ID="P1_SP00494" HPOS="2771" VPOS="3560" WIDTH="26"/>
						<String ID="P1_ST00591" HPOS="2797" VPOS="3503" WIDTH="78" HEIGHT="48" CONTENT="für" WC="0.98" CC="600"/>
						<SP ID="P1_SP00495" HPOS="2875" VPOS="3560" WIDTH="27"/>
						<String ID="P1_ST00592" HPOS="2902" VPOS="3503" WIDTH="287" HEIGHT="56" CONTENT="unelegant," WC="1.00" CC="5003000400"/>
					</TextLine>
					<TextLine ID="P1_TL00099" HPOS="1688" VPOS="3570" WIDTH="1502" HEIGHT="59">
						<String ID="P1_ST00593" HPOS="1688" VPOS="3572" WIDTH="78" HEIGHT="47" CONTENT="die" WC="1.00" CC="000"/>
						<SP ID="P1_SP00496" HPOS="1766" VPOS="3619" WIDTH="75"/>
						<String ID="P1_ST00594" HPOS="1841" VPOS="3572" WIDTH="224" HEIGHT="49" CONTENT="anderen" WC="0.99" CC="0305000"/>
						<SP ID="P1_SP00497" HPOS="2065" VPOS="3621" WIDTH="42"/>
						<String ID="P1_ST00595" HPOS="2107" VPOS="3570" WIDTH="486" HEIGHT="59" CONTENT="Stimmungswerte" WC="1.00" CC="00000669000100"/>
						<SP ID="P1_SP00498" HPOS="2593" VPOS="3629" WIDTH="76"/>
						<String ID="P1_ST00596" HPOS="2669" VPOS="3571" WIDTH="384" HEIGHT="49" CONTENT="durchbrechen" WC="1.00" CC="000400404000"/>
						<SP ID="P1_SP00499" HPOS="3053" VPOS="3629" WIDTH="75"/>
						<String ID="P1_ST00597" HPOS="3128" VPOS="3586" WIDTH="62" HEIGHT="33" CONTENT="zu" WC="0.97" CC="00"/>
					</TextLine>
					<TextLine ID="P1_TL00100" HPOS="1686" VPOS="3641" WIDTH="1504" HEIGHT="57">
						<String ID="P1_ST00598" HPOS="1686" VPOS="3642" WIDTH="187" HEIGHT="56" CONTENT="lassen," WC="0.99" CC="4000041"/>
						<SP ID="P1_SP00500" HPOS="1873" VPOS="3698" WIDTH="29"/>
						<String ID="P1_ST00599" HPOS="1902" VPOS="3643" WIDTH="74" HEIGHT="48" CONTENT="sie" WC="1.00" CC="100"/>
						<SP ID="P1_SP00501" HPOS="1976" VPOS="3698" WIDTH="30"/>
						<String ID="P1_ST00600" HPOS="2006" VPOS="3641" WIDTH="86" HEIGHT="49" CONTENT="hat" WC="1.00" CC="000"/>
						<SP ID="P1_SP00502" HPOS="2092" VPOS="3698" WIDTH="29"/>
						<String ID="P1_ST00601" HPOS="2121" VPOS="3641" WIDTH="106" HEIGHT="49" CONTENT="ihre" WC="0.97" CC="6032"/>
						<SP ID="P1_SP00503" HPOS="2227" VPOS="3698" WIDTH="29"/>
						<String ID="P1_ST00602" HPOS="2256" VPOS="3641" WIDTH="453" HEIGHT="50" CONTENT="Alleinherrschaft" WC="1.00" CC="0260060043000260"/>
						<SP ID="P1_SP00504" HPOS="2709" VPOS="3698" WIDTH="32"/>
						<String ID="P1_ST00603" HPOS="2741" VPOS="3641" WIDTH="247" HEIGHT="49" CONTENT="etabliert." WC="1.00" CC="0000200302"/>
						<SP ID="P1_SP00505" HPOS="2988" VPOS="3698" WIDTH="64"/>
						<String ID="P1_ST00604" HPOS="3052" VPOS="3641" WIDTH="138" HEIGHT="49" CONTENT="Jetzt" WC="1.00" CC="00010"/>
					</TextLine>
					<TextLine ID="P1_TL00101" HPOS="1688" VPOS="3710" WIDTH="1500" HEIGHT="58">
						<String ID="P1_ST00605" HPOS="1688" VPOS="3711" WIDTH="133" HEIGHT="47" CONTENT="kann" WC="0.98" CC="0046"/>
						<SP ID="P1_SP00506" HPOS="1821" VPOS="3758" WIDTH="37"/>
						<String ID="P1_ST00606" HPOS="1858" VPOS="3724" WIDTH="55" HEIGHT="36" CONTENT="es" WC="1.00" CC="00"/>
						<SP ID="P1_SP00507" HPOS="1913" VPOS="3760" WIDTH="67"/>
						<String ID="P1_ST00607" HPOS="1980" VPOS="3724" WIDTH="58" HEIGHT="35" CONTENT="so" WC="0.79" CC="04"/>
						<SP ID="P1_SP00508" HPOS="2038" VPOS="3760" WIDTH="35"/>
						<String ID="P1_ST00608" HPOS="2073" VPOS="3713" WIDTH="124" HEIGHT="46" CONTENT="weit" WC="0.99" CC="0040"/>
						<SP ID="P1_SP00509" HPOS="2197" VPOS="3760" WIDTH="35"/>
						<String ID="P1_ST00609" HPOS="2232" VPOS="3710" WIDTH="255" HEIGHT="58" CONTENT="kommen," WC="1.00" CC="0000060"/>
						<SP ID="P1_SP00510" HPOS="2487" VPOS="3768" WIDTH="67"/>
						<String ID="P1_ST00610" HPOS="2554" VPOS="3710" WIDTH="97" HEIGHT="49" CONTENT="daß" WC="1.00" CC="000"/>
						<SP ID="P1_SP00511" HPOS="2651" VPOS="3768" WIDTH="68"/>
						<String ID="P1_ST00611" HPOS="2719" VPOS="3711" WIDTH="336" HEIGHT="48" CONTENT="schwächere" WC="1.00" CC="0000000020"/>
						<SP ID="P1_SP00512" HPOS="3055" VPOS="3768" WIDTH="34"/>
						<String ID="P1_ST00612" HPOS="3089" VPOS="3710" WIDTH="66" HEIGHT="49" CONTENT="Be" SUBS_TYPE="HypPart1" SUBS_CONTENT="Begabungen" WC="0.99" CC="10"/>
						<HYP HPOS="3155" VPOS="3710" WIDTH="33" CONTENT="-"/>
					</TextLine>
					<TextLine ID="P1_TL00102" HPOS="1687" VPOS="3780" WIDTH="1502" HEIGHT="57">
						<String ID="P1_ST00613" HPOS="1687" VPOS="3780" WIDTH="270" HEIGHT="57" CONTENT="gabungen" SUBS_TYPE="HypPart2" SUBS_CONTENT="Begabungen" WC="1.00" CC="00002005"/>
						<SP ID="P1_SP00513" HPOS="1957" VPOS="3837" WIDTH="33"/>
						<String ID="P1_ST00614" HPOS="1990" VPOS="3780" WIDTH="447" HEIGHT="57" CONTENT="zurückgedrängt" WC="1.00" CC="00005000000790"/>
						<SP ID="P1_SP00514" HPOS="2437" VPOS="3837" WIDTH="33"/>
						<String ID="P1_ST00615" HPOS="2470" VPOS="3780" WIDTH="99" HEIGHT="49" CONTENT="und" WC="0.96" CC="360"/>
						<SP ID="P1_SP00515" HPOS="2569" VPOS="3837" WIDTH="33"/>
						<String ID="P1_ST00616" HPOS="2602" VPOS="3782" WIDTH="46" HEIGHT="47" CONTENT="in" WC="0.94" CC="10"/>
						<SP ID="P1_SP00516" HPOS="2648" VPOS="3837" WIDTH="33"/>
						<String ID="P1_ST00617" HPOS="2681" VPOS="3780" WIDTH="134" HEIGHT="49" CONTENT="ihrer" WC="0.99" CC="00303"/>
						<SP ID="P1_SP00517" HPOS="2815" VPOS="3837" WIDTH="33"/>
						<String ID="P1_ST00618" HPOS="2848" VPOS="3780" WIDTH="341" HEIGHT="55" CONTENT="produktiven" WC="1.00" CC="00405001003"/>
					</TextLine>
					<TextLine ID="P1_TL00103" HPOS="1687" VPOS="3849" WIDTH="1502" HEIGHT="58">
						<String ID="P1_ST00619" HPOS="1687" VPOS="3850" WIDTH="144" HEIGHT="54" CONTENT="Kraft" WC="0.99" CC="07020"/>
						<SP ID="P1_SP00518" HPOS="1831" VPOS="3904" WIDTH="27"/>
						<String ID="P1_ST00620" HPOS="1858" VPOS="3851" WIDTH="226" HEIGHT="55" CONTENT="gelähmt" WC="1.00" CC="0250000"/>
						<SP ID="P1_SP00519" HPOS="2084" VPOS="3906" WIDTH="26"/>
						<String ID="P1_ST00621" HPOS="2110" VPOS="3851" WIDTH="226" HEIGHT="56" CONTENT="werden," WC="0.99" CC="0040060"/>
						<SP ID="P1_SP00520" HPOS="2336" VPOS="3907" WIDTH="26"/>
						<String ID="P1_ST00622" HPOS="2362" VPOS="3851" WIDTH="118" HEIGHT="48" CONTENT="weil" WC="0.99" CC="0023"/>
						<SP ID="P1_SP00521" HPOS="2480" VPOS="3907" WIDTH="28"/>
						<String ID="P1_ST00623" HPOS="2508" VPOS="3851" WIDTH="73" HEIGHT="48" CONTENT="sie" WC="0.99" CC="030"/>
						<SP ID="P1_SP00522" HPOS="2581" VPOS="3907" WIDTH="27"/>
						<String ID="P1_ST00624" HPOS="2608" VPOS="3851" WIDTH="47" HEIGHT="47" CONTENT="in" WC="0.86" CC="20"/>
						<SP ID="P1_SP00523" HPOS="2655" VPOS="3907" WIDTH="30"/>
						<String ID="P1_ST00625" HPOS="2685" VPOS="3851" WIDTH="89" HEIGHT="48" CONTENT="der" WC="1.00" CC="000"/>
						<SP ID="P1_SP00524" HPOS="2774" VPOS="3907" WIDTH="27"/>
						<String ID="P1_ST00626" HPOS="2801" VPOS="3849" WIDTH="388" HEIGHT="56" CONTENT="Zeitstimmung" WC="1.00" CC="000000000260"/>
					</TextLine>
					<TextLine ID="P1_TL00104" HPOS="1688" VPOS="3918" WIDTH="1501" HEIGHT="58">
						<String ID="P1_ST00627" HPOS="1688" VPOS="3921" WIDTH="96" HEIGHT="46" CONTENT="den" WC="0.97" CC="024"/>
						<SP ID="P1_SP00525" HPOS="1784" VPOS="3967" WIDTH="41"/>
						<String ID="P1_ST00628" HPOS="1825" VPOS="3919" WIDTH="160" HEIGHT="49" CONTENT="ihrem" WC="1.00" CC="00000"/>
						<SP ID="P1_SP00526" HPOS="1985" VPOS="3968" WIDTH="41"/>
						<String ID="P1_ST00629" HPOS="2026" VPOS="3919" WIDTH="180" HEIGHT="49" CONTENT="Talent" WC="1.00" CC="002000"/>
						<SP ID="P1_SP00527" HPOS="2206" VPOS="3968" WIDTH="70"/>
						<String ID="P1_ST00630" HPOS="2276" VPOS="3922" WIDTH="271" HEIGHT="54" CONTENT="günstigen" WC="1.00" CC="000003000"/>
						<SP ID="P1_SP00528" HPOS="2547" VPOS="3976" WIDTH="42"/>
						<String ID="P1_ST00631" HPOS="2589" VPOS="3918" WIDTH="424" HEIGHT="57" CONTENT="Stimmungsreiz" WC="1.00" CC="0000036003010"/>
						<SP ID="P1_SP00529" HPOS="3013" VPOS="3976" WIDTH="39"/>
						<String ID="P1_ST00632" HPOS="3052" VPOS="3918" WIDTH="137" HEIGHT="49" CONTENT="nicht" WC="1.00" CC="00200"/>
					</TextLine>
					<TextLine ID="P1_TL00105" HPOS="1686" VPOS="3988" WIDTH="284" HEIGHT="50">
						<String ID="P1_ST00633" HPOS="1686" VPOS="3988" WIDTH="284" HEIGHT="50" CONTENT="vorfinden." WC="1.00" CC="0226000001"/>
					</TextLine>
					<TextLine ID="P1_TL00106" HPOS="1813" VPOS="4058" WIDTH="1375" HEIGHT="58">
						<String ID="P1_ST00634" HPOS="1813" VPOS="4058" WIDTH="93" HEIGHT="49" CONTENT="Die" WC="1.00" CC="000"/>
						<SP ID="P1_SP00530" HPOS="1906" VPOS="4107" WIDTH="42"/>
						<String ID="P1_ST00635" HPOS="1948" VPOS="4058" WIDTH="418" HEIGHT="50" CONTENT="Gesamtsumme" WC="1.00" CC="70000003000"/>
						<SP ID="P1_SP00531" HPOS="2366" VPOS="4108" WIDTH="44"/>
						<String ID="P1_ST00636" HPOS="2410" VPOS="4060" WIDTH="89" HEIGHT="48" CONTENT="des" WC="1.00" CC="000"/>
						<SP ID="P1_SP00532" HPOS="2499" VPOS="4108" WIDTH="42"/>
						<String ID="P1_ST00637" HPOS="2541" VPOS="4061" WIDTH="250" HEIGHT="55" CONTENT="geistigen" WC="1.00" CC="010000006"/>
						<SP ID="P1_SP00533" HPOS="2791" VPOS="4116" WIDTH="42"/>
						<String ID="P1_ST00638" HPOS="2833" VPOS="4058" WIDTH="266" HEIGHT="49" CONTENT="Materials" WC="1.00" CC="000030050"/>
						<SP ID="P1_SP00534" HPOS="3099" VPOS="4116" WIDTH="43"/>
						<String ID="P1_ST00639" HPOS="3142" VPOS="4059" WIDTH="46" HEIGHT="46" CONTENT="in" WC="0.65" CC="24"/>
					</TextLine>
					<TextLine ID="P1_TL00107" HPOS="1689" VPOS="4127" WIDTH="1499" HEIGHT="50">
						<String ID="P1_ST00640" HPOS="1689" VPOS="4130" WIDTH="163" HEIGHT="46" CONTENT="einem" WC="0.99" CC="33000"/>
						<SP ID="P1_SP00535" HPOS="1852" VPOS="4176" WIDTH="66"/>
						<String ID="P1_ST00641" HPOS="1918" VPOS="4128" WIDTH="328" HEIGHT="49" CONTENT="bestimmten" WC="1.00" CC="0000000030"/>
						<SP ID="P1_SP00536" HPOS="2246" VPOS="4177" WIDTH="36"/>
						<String ID="P1_ST00642" HPOS="2282" VPOS="4128" WIDTH="341" HEIGHT="49" CONTENT="Zeitmoment" WC="1.00" CC="0020030060"/>
						<SP ID="P1_SP00537" HPOS="2623" VPOS="4177" WIDTH="65"/>
						<String ID="P1_ST00643" HPOS="2688" VPOS="4127" WIDTH="104" HEIGHT="50" CONTENT="läßt" WC="0.99" CC="5000"/>
						<SP ID="P1_SP00538" HPOS="2792" VPOS="4177" WIDTH="36"/>
						<String ID="P1_ST00644" HPOS="2828" VPOS="4142" WIDTH="92" HEIGHT="34" CONTENT="nur" WC="0.97" CC="053"/>
						<SP ID="P1_SP00539" HPOS="2920" VPOS="4177" WIDTH="36"/>
						<String ID="P1_ST00645" HPOS="2956" VPOS="4130" WIDTH="111" HEIGHT="47" CONTENT="eine" WC="0.98" CC="0340"/>
						<SP ID="P1_SP00540" HPOS="3067" VPOS="4177" WIDTH="33"/>
						<String ID="P1_ST00646" HPOS="3100" VPOS="4127" WIDTH="59" HEIGHT="48" CONTENT="be" SUBS_TYPE="HypPart1" SUBS_CONTENT="bestimmte" WC="0.99" CC="00"/>
						<HYP HPOS="3159" VPOS="4127" WIDTH="29" CONTENT="-"/>
					</TextLine>
					<TextLine ID="P1_TL00108" HPOS="1686" VPOS="4197" WIDTH="1502" HEIGHT="58">
						<String ID="P1_ST00647" HPOS="1686" VPOS="4199" WIDTH="227" HEIGHT="47" CONTENT="stimmte" SUBS_TYPE="HypPart2" SUBS_CONTENT="bestimmte" WC="1.00" CC="0000000"/>
						<SP ID="P1_SP00541" HPOS="1913" VPOS="4246" WIDTH="44"/>
						<String ID="P1_ST00648" HPOS="1957" VPOS="4199" WIDTH="163" HEIGHT="47" CONTENT="ideale" WC="0.99" CC="200060"/>
						<SP ID="P1_SP00542" HPOS="2120" VPOS="4246" WIDTH="42"/>
						<String ID="P1_ST00649" HPOS="2162" VPOS="4198" WIDTH="524" HEIGHT="57" CONTENT="Zusammenfassung" WC="1.00" CC="000000056000609"/>
						<SP ID="P1_SP00543" HPOS="2686" VPOS="4255" WIDTH="45"/>
						<String ID="P1_ST00650" HPOS="2731" VPOS="4213" WIDTH="77" HEIGHT="33" CONTENT="zu." WC="0.97" CC="043"/>
						<SP ID="P1_SP00544" HPOS="2808" VPOS="4255" WIDTH="77"/>
						<String ID="P1_ST00651" HPOS="2885" VPOS="4197" WIDTH="148" HEIGHT="48" CONTENT="Nicht" WC="1.00" CC="01200"/>
						<SP ID="P1_SP00545" HPOS="3033" VPOS="4255" WIDTH="42"/>
						<String ID="P1_ST00652" HPOS="3075" VPOS="4197" WIDTH="113" HEIGHT="53" CONTENT="jede" WC="0.98" CC="6000"/>
					</TextLine>
					<TextLine ID="P1_TL00109" HPOS="1686" VPOS="4265" WIDTH="1502" HEIGHT="61">
						<String ID="P1_ST00653" HPOS="1686" VPOS="4266" WIDTH="109" HEIGHT="49" CONTENT="Zeit" WC="1.00" CC="0000"/>
						<SP ID="P1_SP00546" HPOS="1795" VPOS="4315" WIDTH="37"/>
						<String ID="P1_ST00654" HPOS="1832" VPOS="4269" WIDTH="65" HEIGHT="46" CONTENT="ist" WC="0.98" CC="400"/>
						<SP ID="P1_SP00547" HPOS="1897" VPOS="4315" WIDTH="38"/>
						<String ID="P1_ST00655" HPOS="1935" VPOS="4269" WIDTH="48" HEIGHT="46" CONTENT="in" WC="0.82" CC="30"/>
						<SP ID="P1_SP00548" HPOS="1983" VPOS="4315" WIDTH="38"/>
						<String ID="P1_ST00656" HPOS="2021" VPOS="4269" WIDTH="90" HEIGHT="47" CONTENT="der" WC="0.98" CC="023"/>
						<SP ID="P1_SP00549" HPOS="2111" VPOS="4316" WIDTH="38"/>
						<String ID="P1_ST00657" HPOS="2149" VPOS="4267" WIDTH="155" HEIGHT="59" CONTENT="Lage," WC="0.99" CC="05000"/>
						<SP ID="P1_SP00550" HPOS="2304" VPOS="4326" WIDTH="39"/>
						<String ID="P1_ST00658" HPOS="2343" VPOS="4271" WIDTH="145" HEIGHT="45" CONTENT="einen" WC="1.00" CC="00000"/>
						<SP ID="P1_SP00551" HPOS="2488" VPOS="4326" WIDTH="38"/>
						<String ID="P1_ST00659" HPOS="2526" VPOS="4268" WIDTH="284" HEIGHT="56" CONTENT="beliebigen" WC="1.00" CC="0032000004"/>
						<SP ID="P1_SP00552" HPOS="2810" VPOS="4326" WIDTH="37"/>
						<String ID="P1_ST00660" HPOS="2847" VPOS="4265" WIDTH="341" HEIGHT="57" CONTENT="Denkprozeß" WC="1.00" CC="0040030000"/>
					</TextLine>
					<TextLine ID="P1_TL00110" HPOS="1687" VPOS="4337" WIDTH="1501" HEIGHT="59">
						<String ID="P1_ST00661" HPOS="1687" VPOS="4337" WIDTH="357" HEIGHT="58" CONTENT="auszuführen," WC="1.00" CC="020046000060"/>
						<SP ID="P1_SP00553" HPOS="2044" VPOS="4395" WIDTH="40"/>
						<String ID="P1_ST00662" HPOS="2084" VPOS="4338" WIDTH="79" HEIGHT="48" CONTENT="die" WC="0.99" CC="030"/>
						<SP ID="P1_SP00554" HPOS="2163" VPOS="4395" WIDTH="38"/>
						<String ID="P1_ST00663" HPOS="2201" VPOS="4338" WIDTH="198" HEIGHT="54" CONTENT="jeweils" WC="1.00" CC="3000010"/>
						<SP ID="P1_SP00555" HPOS="2399" VPOS="4395" WIDTH="39"/>
						<String ID="P1_ST00664" HPOS="2438" VPOS="4338" WIDTH="253" HEIGHT="57" CONTENT="mögliche" WC="0.99" CC="00950500"/>
						<SP ID="P1_SP00556" HPOS="2691" VPOS="4395" WIDTH="40"/>
						<String ID="P1_ST00665" HPOS="2731" VPOS="4337" WIDTH="261" HEIGHT="56" CONTENT="Synthese" WC="1.00" CC="00003000"/>
						<SP ID="P1_SP00557" HPOS="2992" VPOS="4395" WIDTH="40"/>
						<String ID="P1_ST00666" HPOS="3032" VPOS="4339" WIDTH="156" HEIGHT="57" CONTENT="hängt" WC="1.00" CC="00000"/>
					</TextLine>
					<TextLine ID="P1_TL00111" HPOS="1686" VPOS="4407" WIDTH="1503" HEIGHT="51">
						<String ID="P1_ST00667" HPOS="1686" VPOS="4420" WIDTH="103" HEIGHT="34" CONTENT="von" WC="0.95" CC="065"/>
						<SP ID="P1_SP00558" HPOS="1789" VPOS="4454" WIDTH="31"/>
						<String ID="P1_ST00668" HPOS="1820" VPOS="4408" WIDTH="116" HEIGHT="46" CONTENT="dem" WC="1.00" CC="000"/>
						<SP ID="P1_SP00559" HPOS="1936" VPOS="4454" WIDTH="32"/>
						<String ID="P1_ST00669" HPOS="1968" VPOS="4407" WIDTH="284" HEIGHT="48" CONTENT="erreichten" WC="1.00" CC="0330030005"/>
						<SP ID="P1_SP00560" HPOS="2252" VPOS="4455" WIDTH="31"/>
						<String ID="P1_ST00670" HPOS="2283" VPOS="4407" WIDTH="257" HEIGHT="49" CONTENT="Standard" WC="1.00" CC="00000030"/>
						<SP ID="P1_SP00561" HPOS="2540" VPOS="4456" WIDTH="31"/>
						<String ID="P1_ST00671" HPOS="2571" VPOS="4409" WIDTH="90" HEIGHT="47" CONTENT="der" WC="0.97" CC="006"/>
						<SP ID="P1_SP00562" HPOS="2661" VPOS="4456" WIDTH="29"/>
						<String ID="P1_ST00672" HPOS="2690" VPOS="4407" WIDTH="367" HEIGHT="51" CONTENT="Erkenntnisse" WC="1.00" CC="620045020004"/>
						<SP ID="P1_SP00563" HPOS="3057" VPOS="4458" WIDTH="32"/>
						<String ID="P1_ST00673" HPOS="3089" VPOS="4409" WIDTH="100" HEIGHT="48" CONTENT="und" WC="1.00" CC="000"/>
					</TextLine>
					<TextLine ID="P1_TL00112" HPOS="1686" VPOS="4475" WIDTH="1503" HEIGHT="51">
						<String ID="P1_ST00674" HPOS="1686" VPOS="4475" WIDTH="280" HEIGHT="49" CONTENT="Methoden" WC="1.00" CC="00001000"/>
						<SP ID="P1_SP00564" HPOS="1966" VPOS="4524" WIDTH="29"/>
						<String ID="P1_ST00675" HPOS="1995" VPOS="4476" WIDTH="78" HEIGHT="49" CONTENT="ab." WC="0.98" CC="400"/>
						<SP ID="P1_SP00565" HPOS="2073" VPOS="4525" WIDTH="61"/>
						<String ID="P1_ST00676" HPOS="2134" VPOS="4475" WIDTH="105" HEIGHT="50" CONTENT="Der" WC="0.99" CC="003"/>
						<SP ID="P1_SP00566" HPOS="2239" VPOS="4525" WIDTH="29"/>
						<String ID="P1_ST00677" HPOS="2268" VPOS="4476" WIDTH="534" HEIGHT="50" CONTENT="Gedankenreichtum" WC="1.00" CC="7000000030244000"/>
						<SP ID="P1_SP00567" HPOS="2802" VPOS="4526" WIDTH="30"/>
						<String ID="P1_ST00678" HPOS="2832" VPOS="4479" WIDTH="90" HEIGHT="47" CONTENT="der" WC="0.98" CC="004"/>
						<SP ID="P1_SP00568" HPOS="2922" VPOS="4526" WIDTH="26"/>
						<String ID="P1_ST00679" HPOS="2948" VPOS="4477" WIDTH="207" HEIGHT="49" CONTENT="Mensch" SUBS_TYPE="HypPart1" SUBS_CONTENT="Menschheit" WC="1.00" CC="000000"/>
						<HYP HPOS="3155" VPOS="4477" WIDTH="34" CONTENT="-"/>
					</TextLine>
					<TextLine ID="P1_TL00113" HPOS="1687" VPOS="4545" WIDTH="1501" HEIGHT="60">
						<String ID="P1_ST00680" HPOS="1687" VPOS="4545" WIDTH="103" HEIGHT="48" CONTENT="heit" SUBS_TYPE="HypPart2" SUBS_CONTENT="Menschheit" WC="1.00" CC="0000"/>
						<SP ID="P1_SP00569" HPOS="1790" VPOS="4593" WIDTH="69"/>
						<String ID="P1_ST00681" HPOS="1859" VPOS="4547" WIDTH="188" HEIGHT="55" CONTENT="gleicht" WC="0.99" CC="9200500"/>
						<SP ID="P1_SP00570" HPOS="2047" VPOS="4602" WIDTH="41"/>
						<String ID="P1_ST00682" HPOS="2088" VPOS="4547" WIDTH="164" HEIGHT="47" CONTENT="einem" WC="1.00" CC="00000"/>
						<SP ID="P1_SP00571" HPOS="2252" VPOS="4602" WIDTH="69"/>
						<String ID="P1_ST00683" HPOS="2321" VPOS="4546" WIDTH="196" HEIGHT="56" CONTENT="großen" WC="1.00" CC="013000"/>
						<SP ID="P1_SP00572" HPOS="2517" VPOS="4602" WIDTH="40"/>
						<String ID="P1_ST00684" HPOS="2557" VPOS="4547" WIDTH="404" HEIGHT="58" CONTENT="Anlagekapital," WC="1.00" CC="06300000000000"/>
						<SP ID="P1_SP00573" HPOS="2961" VPOS="4605" WIDTH="42"/>
						<String ID="P1_ST00685" HPOS="3003" VPOS="4548" WIDTH="185" HEIGHT="49" CONTENT="dessen" WC="1.00" CC="000010"/>
					</TextLine>
					<TextLine ID="P1_TL00114" HPOS="1687" VPOS="4613" WIDTH="1501" HEIGHT="60">
						<String ID="P1_ST00686" HPOS="1687" VPOS="4613" WIDTH="164" HEIGHT="55" CONTENT="Rente" WC="0.99" CC="00500"/>
						<SP ID="P1_SP00574" HPOS="1851" VPOS="4668" WIDTH="31"/>
						<String ID="P1_ST00687" HPOS="1882" VPOS="4630" WIDTH="94" HEIGHT="33" CONTENT="nur" WC="0.97" CC="053"/>
						<SP ID="P1_SP00575" HPOS="1976" VPOS="4668" WIDTH="33"/>
						<String ID="P1_ST00688" HPOS="2009" VPOS="4630" WIDTH="63" HEIGHT="33" CONTENT="zu" WC="1.00" CC="00"/>
						<SP ID="P1_SP00576" HPOS="2072" VPOS="4668" WIDTH="32"/>
						<String ID="P1_ST00689" HPOS="2104" VPOS="4617" WIDTH="260" HEIGHT="54" CONTENT="gewissen" WC="1.00" CC="00000004"/>
						<SP ID="P1_SP00577" HPOS="2364" VPOS="4671" WIDTH="34"/>
						<String ID="P1_ST00690" HPOS="2398" VPOS="4615" WIDTH="271" HEIGHT="49" CONTENT="Terminen" WC="0.99" CC="00400006"/>
						<SP ID="P1_SP00578" HPOS="2669" VPOS="4671" WIDTH="33"/>
						<String ID="P1_ST00691" HPOS="2702" VPOS="4616" WIDTH="137" HEIGHT="57" CONTENT="fällig" WC="0.98" CC="402440"/>
						<SP ID="P1_SP00579" HPOS="2839" VPOS="4673" WIDTH="35"/>
						<String ID="P1_ST00692" HPOS="2874" VPOS="4618" WIDTH="143" HEIGHT="46" CONTENT="wird." WC="0.99" CC="04003"/>
						<SP ID="P1_SP00580" HPOS="3017" VPOS="4673" WIDTH="66"/>
						<String ID="P1_ST00693" HPOS="3083" VPOS="4616" WIDTH="105" HEIGHT="49" CONTENT="Das" WC="1.00" CC="000"/>
					</TextLine>
					<TextLine ID="P1_TL00115" HPOS="1687" VPOS="4685" WIDTH="1502" HEIGHT="57">
						<String ID="P1_ST00694" HPOS="1687" VPOS="4686" WIDTH="48" HEIGHT="45" CONTENT="in" WC="0.59" CC="25"/>
						<SP ID="P1_SP00581" HPOS="1735" VPOS="4731" WIDTH="40"/>
						<String ID="P1_ST00695" HPOS="1775" VPOS="4686" WIDTH="138" HEIGHT="47" CONTENT="einer" WC="1.00" CC="00002"/>
						<SP ID="P1_SP00582" HPOS="1913" VPOS="4733" WIDTH="71"/>
						<String ID="P1_ST00696" HPOS="1984" VPOS="4685" WIDTH="329" HEIGHT="49" CONTENT="bestimmten" WC="1.00" CC="0000300000"/>
						<SP ID="P1_SP00583" HPOS="2313" VPOS="4734" WIDTH="70"/>
						<String ID="P1_ST00697" HPOS="2383" VPOS="4685" WIDTH="110" HEIGHT="49" CONTENT="Zeit" WC="1.00" CC="0100"/>
						<SP ID="P1_SP00584" HPOS="2493" VPOS="4734" WIDTH="71"/>
						<String ID="P1_ST00698" HPOS="2564" VPOS="4685" WIDTH="263" HEIGHT="50" CONTENT="Erreichte" WC="1.00" CC="501006000"/>
						<SP ID="P1_SP00585" HPOS="2827" VPOS="4735" WIDTH="69"/>
						<String ID="P1_ST00699" HPOS="2896" VPOS="4686" WIDTH="293" HEIGHT="56" CONTENT="begünstigt" WC="1.00" CC="0000020300"/>
					</TextLine>
					<TextLine ID="P1_TL00116" HPOS="1686" VPOS="4754" WIDTH="1503" HEIGHT="57">
						<String ID="P1_ST00700" HPOS="1686" VPOS="4755" WIDTH="196" HEIGHT="52" CONTENT="jeweils" WC="1.00" CC="0402000"/>
						<SP ID="P1_SP00586" HPOS="1882" VPOS="4807" WIDTH="42"/>
						<String ID="P1_ST00701" HPOS="1924" VPOS="4757" WIDTH="111" HEIGHT="45" CONTENT="eine" WC="0.99" CC="0040"/>
						<SP ID="P1_SP00587" HPOS="2035" VPOS="4807" WIDTH="35"/>
						<String ID="P1_ST00702" HPOS="2070" VPOS="4768" WIDTH="133" HEIGHT="43" CONTENT="ganz" WC="0.97" CC="9300"/>
						<SP ID="P1_SP00588" HPOS="2203" VPOS="4811" WIDTH="54"/>
						<String ID="P1_ST00703" HPOS="2257" VPOS="4755" WIDTH="295" HEIGHT="49" CONTENT="bestimmte" WC="1.00" CC="000000000"/>
						<SP ID="P1_SP00589" HPOS="2552" VPOS="4811" WIDTH="56"/>
						<String ID="P1_ST00704" HPOS="2608" VPOS="4755" WIDTH="407" HEIGHT="55" CONTENT="Kristallisation." WC="1.00" CC="0022005500000050"/>
						<SP ID="P1_SP00590" HPOS="3015" VPOS="4811" WIDTH="104"/>
						<String ID="P1_ST00705" HPOS="3119" VPOS="4754" WIDTH="70" HEIGHT="49" CONTENT="So" WC="0.95" CC="00"/>
					</TextLine>
					<TextLine ID="P1_TL00117" HPOS="1688" VPOS="4823" WIDTH="1501" HEIGHT="57">
						<String ID="P1_ST00706" HPOS="1688" VPOS="4823" WIDTH="87" HEIGHT="50" CONTENT="hat" WC="1.00" CC="000"/>
						<SP ID="P1_SP00591" HPOS="1775" VPOS="4873" WIDTH="62"/>
						<String ID="P1_ST00707" HPOS="1837" VPOS="4824" WIDTH="406" HEIGHT="56" CONTENT="beispielsweise" WC="1.00" CC="00007202082300"/>
						<SP ID="P1_SP00592" HPOS="2243" VPOS="4880" WIDTH="65"/>
						<String ID="P1_ST00708" HPOS="2308" VPOS="4825" WIDTH="80" HEIGHT="48" CONTENT="die" WC="1.00" CC="000"/>
						<SP ID="P1_SP00593" HPOS="2388" VPOS="4880" WIDTH="33"/>
						<String ID="P1_ST00709" HPOS="2421" VPOS="4827" WIDTH="47" HEIGHT="46" CONTENT="in" WC="0.78" CC="04"/>
						<SP ID="P1_SP00594" HPOS="2468" VPOS="4880" WIDTH="66"/>
						<String ID="P1_ST00710" HPOS="2534" VPOS="4825" WIDTH="89" HEIGHT="49" CONTENT="der" WC="1.00" CC="000"/>
						<SP ID="P1_SP00595" HPOS="2623" VPOS="4880" WIDTH="65"/>
						<String ID="P1_ST00711" HPOS="2688" VPOS="4829" WIDTH="172" HEIGHT="45" CONTENT="ersten" WC="0.98" CC="054025"/>
						<SP ID="P1_SP00596" HPOS="2860" VPOS="4880" WIDTH="33"/>
						<String ID="P1_ST00712" HPOS="2893" VPOS="4824" WIDTH="171" HEIGHT="50" CONTENT="Hälfte" WC="0.98" CC="502601"/>
						<SP ID="P1_SP00597" HPOS="3064" VPOS="4880" WIDTH="36"/>
						<String ID="P1_ST00713" HPOS="3100" VPOS="4827" WIDTH="89" HEIGHT="47" CONTENT="des" WC="1.00" CC="000"/>
					</TextLine>
					<TextLine ID="P1_TL00118" HPOS="1688" VPOS="4893" WIDTH="1502" HEIGHT="56">
						<String ID="P1_ST00714" HPOS="1688" VPOS="4895" WIDTH="216" HEIGHT="54" CONTENT="vorigen" WC="1.00" CC="0000000"/>
						<SP ID="P1_SP00598" HPOS="1904" VPOS="4949" WIDTH="73"/>
						<String ID="P1_ST00715" HPOS="1977" VPOS="4893" WIDTH="372" HEIGHT="51" CONTENT="Jahrhunderts" WC="1.00" CC="004101000400"/>
						<SP ID="P1_SP00599" HPOS="2349" VPOS="4949" WIDTH="106"/>
						<String ID="P1_ST00716" HPOS="2455" VPOS="4895" WIDTH="328" HEIGHT="49" CONTENT="einsetzende" WC="1.00" CC="30000000600"/>
						<SP ID="P1_SP00600" HPOS="2783" VPOS="4949" WIDTH="103"/>
						<String ID="P1_ST00717" HPOS="2886" VPOS="4895" WIDTH="304" HEIGHT="49" CONTENT="historische" WC="0.99" CC="60000440180"/>
					</TextLine>
					<TextLine ID="P1_TL00119" HPOS="1689" VPOS="4961" WIDTH="1501" HEIGHT="58">
						<String ID="P1_ST00718" HPOS="1689" VPOS="4961" WIDTH="534" HEIGHT="58" CONTENT="Rechtsbetrachtung" WC="1.00" CC="00000000040000340"/>
						<SP ID="P1_SP00601" HPOS="2223" VPOS="5019" WIDTH="46"/>
						<String ID="P1_ST00719" HPOS="2269" VPOS="4964" WIDTH="92" HEIGHT="49" CONTENT="das" WC="1.00" CC="000"/>
						<SP ID="P1_SP00602" HPOS="2361" VPOS="5019" WIDTH="44"/>
						<String ID="P1_ST00720" HPOS="2405" VPOS="4962" WIDTH="313" HEIGHT="50" CONTENT="Erscheinen" WC="1.00" CC="4002002000"/>
						<SP ID="P1_SP00603" HPOS="2718" VPOS="5019" WIDTH="73"/>
						<String ID="P1_ST00721" HPOS="2791" VPOS="4963" WIDTH="399" HEIGHT="50" CONTENT="konservativer" WC="1.00" CC="7000000300102"/>
					</TextLine>
					<TextLine ID="P1_TL00120" HPOS="1688" VPOS="5032" WIDTH="1502" HEIGHT="58">
						<String ID="P1_ST00722" HPOS="1688" VPOS="5032" WIDTH="163" HEIGHT="56" CONTENT="Köpfe" WC="0.99" CC="00070"/>
						<SP ID="P1_SP00604" HPOS="1851" VPOS="5088" WIDTH="34"/>
						<String ID="P1_ST00723" HPOS="1885" VPOS="5033" WIDTH="359" HEIGHT="57" CONTENT="angekündigt." WC="1.00" CC="000000003903"/>
						<SP ID="P1_SP00605" HPOS="2244" VPOS="5090" WIDTH="65"/>
						<String ID="P1_ST00724" HPOS="2309" VPOS="5032" WIDTH="95" HEIGHT="50" CONTENT="Die" WC="1.00" CC="000"/>
						<SP ID="P1_SP00606" HPOS="2404" VPOS="5090" WIDTH="33"/>
						<String ID="P1_ST00725" HPOS="2437" VPOS="5034" WIDTH="187" HEIGHT="49" CONTENT="anders" WC="1.00" CC="000011"/>
						<SP ID="P1_SP00607" HPOS="2624" VPOS="5090" WIDTH="33"/>
						<String ID="P1_ST00726" HPOS="2657" VPOS="5034" WIDTH="336" HEIGHT="55" CONTENT="veranlagten" WC="1.00" CC="10120400003"/>
						<SP ID="P1_SP00608" HPOS="2993" VPOS="5090" WIDTH="35"/>
						<String ID="P1_ST00727" HPOS="3028" VPOS="5033" WIDTH="162" HEIGHT="55" CONTENT="Köpfe" WC="0.99" CC="00060"/>
					</TextLine>
					<TextLine ID="P1_TL00121" HPOS="1688" VPOS="5103" WIDTH="1502" HEIGHT="57">
						<String ID="P1_ST00728" HPOS="1688" VPOS="5103" WIDTH="211" HEIGHT="49" CONTENT="werden" WC="1.00" CC="001010"/>
						<SP ID="P1_SP00609" HPOS="1899" VPOS="5152" WIDTH="33"/>
						<String ID="P1_ST00729" HPOS="1932" VPOS="5104" WIDTH="265" HEIGHT="47" CONTENT="entweder" WC="1.00" CC="00000000"/>
						<SP ID="P1_SP00610" HPOS="2197" VPOS="5152" WIDTH="28"/>
						<String ID="P1_ST00730" HPOS="2225" VPOS="5103" WIDTH="139" HEIGHT="49" CONTENT="nicht" WC="0.98" CC="94000"/>
						<SP ID="P1_SP00611" HPOS="2364" VPOS="5152" WIDTH="32"/>
						<String ID="P1_ST00731" HPOS="2396" VPOS="5106" WIDTH="212" HEIGHT="54" CONTENT="erzeugt" WC="0.99" CC="0420600"/>
						<SP ID="P1_SP00612" HPOS="2608" VPOS="5160" WIDTH="28"/>
						<String ID="P1_ST00732" HPOS="2636" VPOS="5104" WIDTH="125" HEIGHT="47" CONTENT="oder" WC="0.99" CC="0002"/>
						<SP ID="P1_SP00613" HPOS="2761" VPOS="5160" WIDTH="32"/>
						<String ID="P1_ST00733" HPOS="2793" VPOS="5103" WIDTH="169" HEIGHT="50" CONTENT="finden" WC="0.99" CC="625000"/>
						<SP ID="P1_SP00614" HPOS="2962" VPOS="5160" WIDTH="31"/>
						<String ID="P1_ST00734" HPOS="2993" VPOS="5105" WIDTH="47" HEIGHT="46" CONTENT="in" WC="0.66" CC="06"/>
						<SP ID="P1_SP00615" HPOS="3040" VPOS="5160" WIDTH="34"/>
						<String ID="P1_ST00735" HPOS="3074" VPOS="5104" WIDTH="116" HEIGHT="47" CONTENT="dem" WC="0.99" CC="020"/>
					</TextLine>
					<TextLine ID="P1_TL00122" HPOS="1687" VPOS="5171" WIDTH="1503" HEIGHT="59">
						<String ID="P1_ST00736" HPOS="1687" VPOS="5171" WIDTH="367" HEIGHT="49" CONTENT="vorhandenen" WC="0.99" CC="10005600505"/>
						<SP ID="P1_SP00616" HPOS="2054" VPOS="5220" WIDTH="29"/>
						<String ID="P1_ST00737" HPOS="2083" VPOS="5171" WIDTH="300" HEIGHT="51" CONTENT="Zeitinhalte" WC="1.00" CC="00000021600"/>
						<SP ID="P1_SP00617" HPOS="2383" VPOS="5222" WIDTH="29"/>
						<String ID="P1_ST00738" HPOS="2412" VPOS="5173" WIDTH="116" HEIGHT="48" CONTENT="kein" WC="0.99" CC="6000"/>
						<SP ID="P1_SP00618" HPOS="2528" VPOS="5222" WIDTH="30"/>
						<String ID="P1_ST00739" HPOS="2558" VPOS="5172" WIDTH="308" HEIGHT="58" CONTENT="Auslangen," WC="0.99" CC="0021769050"/>
						<SP ID="P1_SP00619" HPOS="2866" VPOS="5230" WIDTH="30"/>
						<String ID="P1_ST00740" HPOS="2896" VPOS="5175" WIDTH="75" HEIGHT="47" CONTENT="sie" WC="0.97" CC="320"/>
						<SP ID="P1_SP00620" HPOS="2971" VPOS="5230" WIDTH="30"/>
						<String ID="P1_ST00741" HPOS="3001" VPOS="5173" WIDTH="112" HEIGHT="48" CONTENT="sind" WC="1.00" CC="0020"/>
						<SP ID="P1_SP00621" HPOS="3113" VPOS="5230" WIDTH="30"/>
						<String ID="P1_ST00742" HPOS="3143" VPOS="5174" WIDTH="47" HEIGHT="46" CONTENT="in" WC="0.88" CC="20"/>
					</TextLine>
					<TextLine ID="P1_TL00123" HPOS="1688" VPOS="5239" WIDTH="1502" HEIGHT="60">
						<String ID="P1_ST00743" HPOS="1688" VPOS="5241" WIDTH="109" HEIGHT="48" CONTENT="sich" WC="0.99" CC="0120"/>
						<SP ID="P1_SP00622" HPOS="1797" VPOS="5289" WIDTH="36"/>
						<String ID="P1_ST00744" HPOS="1833" VPOS="5241" WIDTH="257" HEIGHT="58" CONTENT="zerfallen," WC="0.99" CC="0007575000"/>
						<SP ID="P1_SP00623" HPOS="2090" VPOS="5299" WIDTH="68"/>
						<String ID="P1_ST00745" HPOS="2158" VPOS="5242" WIDTH="170" HEIGHT="50" CONTENT="fühlen" WC="0.99" CC="600300"/>
						<SP ID="P1_SP00624" HPOS="2328" VPOS="5299" WIDTH="36"/>
						<String ID="P1_ST00746" HPOS="2364" VPOS="5242" WIDTH="109" HEIGHT="50" CONTENT="sich" WC="0.99" CC="0040"/>
						<SP ID="P1_SP00625" HPOS="2473" VPOS="5299" WIDTH="69"/>
						<String ID="P1_ST00747" HPOS="2542" VPOS="5241" WIDTH="333" HEIGHT="57" CONTENT="unglücklich." WC="0.99" CC="309504040113"/>
						<SP ID="P1_SP00626" HPOS="2875" VPOS="5299" WIDTH="100"/>
						<String ID="P1_ST00748" HPOS="2975" VPOS="5239" WIDTH="91" HEIGHT="50" CONTENT="Ein" WC="0.99" CC="200"/>
						<SP ID="P1_SP00627" HPOS="3066" VPOS="5299" WIDTH="36"/>
						<String ID="P1_ST00749" HPOS="3102" VPOS="5241" WIDTH="59" HEIGHT="49" CONTENT="be" SUBS_TYPE="HypPart1" SUBS_CONTENT="bestimmtes" WC="0.98" CC="00"/>
						<HYP HPOS="3161" VPOS="5241" WIDTH="29" CONTENT="-"/>
					</TextLine>
					<TextLine ID="P1_TL00124" HPOS="1689" VPOS="5310" WIDTH="1501" HEIGHT="58">
						<String ID="P1_ST00750" HPOS="1689" VPOS="5313" WIDTH="255" HEIGHT="47" CONTENT="stimmtes" SUBS_TYPE="HypPart2" SUBS_CONTENT="bestimmtes" WC="1.00" CC="00300000"/>
						<SP ID="P1_SP00628" HPOS="1944" VPOS="5360" WIDTH="27"/>
						<String ID="P1_ST00751" HPOS="1971" VPOS="5313" WIDTH="246" HEIGHT="55" CONTENT="geistiges" WC="0.99" CC="932001900"/>
						<SP ID="P1_SP00629" HPOS="2217" VPOS="5368" WIDTH="27"/>
						<String ID="P1_ST00752" HPOS="2244" VPOS="5311" WIDTH="271" HEIGHT="50" CONTENT="Materiale" WC="0.86" CC="000100560"/>
						<SP ID="P1_SP00630" HPOS="2515" VPOS="5368" WIDTH="28"/>
						<String ID="P1_ST00753" HPOS="2543" VPOS="5312" WIDTH="91" HEIGHT="48" CONTENT="des" WC="1.00" CC="000"/>
						<SP ID="P1_SP00631" HPOS="2634" VPOS="5368" WIDTH="27"/>
						<String ID="P1_ST00754" HPOS="2661" VPOS="5310" WIDTH="270" HEIGHT="51" CONTENT="Zeitalters" WC="1.00" CC="0000560120"/>
						<SP ID="P1_SP00632" HPOS="2931" VPOS="5368" WIDTH="27"/>
						<String ID="P1_ST00755" HPOS="2958" VPOS="5311" WIDTH="108" HEIGHT="57" CONTENT="gibt" WC="1.00" CC="0100"/>
						<SP ID="P1_SP00633" HPOS="3066" VPOS="5368" WIDTH="28"/>
						<String ID="P1_ST00756" HPOS="3094" VPOS="5311" WIDTH="96" HEIGHT="48" CONTENT="den" WC="0.99" CC="002"/>
					</TextLine>
					<TextLine ID="P1_TL00125" HPOS="1686" VPOS="5380" WIDTH="1503" HEIGHT="57">
						<String ID="P1_ST00757" HPOS="1686" VPOS="5380" WIDTH="310" HEIGHT="49" CONTENT="Nährboden" WC="1.00" CC="002400000"/>
						<SP ID="P1_SP00634" HPOS="1996" VPOS="5429" WIDTH="26"/>
						<String ID="P1_ST00758" HPOS="2022" VPOS="5381" WIDTH="100" HEIGHT="48" CONTENT="und" WC="0.96" CC="540"/>
						<SP ID="P1_SP00635" HPOS="2122" VPOS="5429" WIDTH="27"/>
						<String ID="P1_ST00759" HPOS="2149" VPOS="5381" WIDTH="79" HEIGHT="48" CONTENT="die" WC="1.00" CC="000"/>
						<SP ID="P1_SP00636" HPOS="2228" VPOS="5429" WIDTH="23"/>
						<String ID="P1_ST00760" HPOS="2251" VPOS="5380" WIDTH="280" HEIGHT="57" CONTENT="Unterlage" WC="1.00" CC="300022000"/>
						<SP ID="P1_SP00637" HPOS="2531" VPOS="5437" WIDTH="24"/>
						<String ID="P1_ST00761" HPOS="2555" VPOS="5381" WIDTH="79" HEIGHT="50" CONTENT="für" WC="0.96" CC="704"/>
						<SP ID="P1_SP00638" HPOS="2634" VPOS="5437" WIDTH="27"/>
						<String ID="P1_ST00762" HPOS="2661" VPOS="5382" WIDTH="91" HEIGHT="49" CONTENT="das" WC="1.00" CC="000"/>
						<SP ID="P1_SP00639" HPOS="2752" VPOS="5437" WIDTH="26"/>
						<String ID="P1_ST00763" HPOS="2778" VPOS="5380" WIDTH="411" HEIGHT="56" CONTENT="Emportauchen" WC="1.00" CC="300000446000"/>
					</TextLine>
					<TextLine ID="P1_TL00126" HPOS="1688" VPOS="5448" WIDTH="1502" HEIGHT="60">
						<String ID="P1_ST00764" HPOS="1688" VPOS="5450" WIDTH="91" HEIGHT="48" CONTENT="der" WC="0.99" CC="020"/>
						<SP ID="P1_SP00640" HPOS="1779" VPOS="5498" WIDTH="69"/>
						<String ID="P1_ST00765" HPOS="1848" VPOS="5450" WIDTH="289" HEIGHT="54" CONTENT="adäquaten" WC="0.99" CC="700764008"/>
						<SP ID="P1_SP00641" HPOS="2137" VPOS="5504" WIDTH="37"/>
						<String ID="P1_ST00766" HPOS="2174" VPOS="5448" WIDTH="490" HEIGHT="60" CONTENT="Persönlichkeiten," WC="1.00" CC="00400060300000200"/>
						<SP ID="P1_SP00642" HPOS="2664" VPOS="5508" WIDTH="71"/>
						<String ID="P1_ST00767" HPOS="2735" VPOS="5452" WIDTH="156" HEIGHT="46" CONTENT="deren" WC="0.99" CC="00600"/>
						<SP ID="P1_SP00643" HPOS="2891" VPOS="5508" WIDTH="70"/>
						<String ID="P1_ST00768" HPOS="2961" VPOS="5449" WIDTH="229" HEIGHT="57" CONTENT="Anlagen" WC="1.00" CC="0020000"/>
					</TextLine>
					<TextLine ID="P1_TL00127" HPOS="1686" VPOS="5519" WIDTH="1502" HEIGHT="58">
						<String ID="P1_ST00769" HPOS="1686" VPOS="5520" WIDTH="192" HEIGHT="56" CONTENT="gerade" WC="0.99" CC="005500"/>
						<SP ID="P1_SP00644" HPOS="1878" VPOS="5576" WIDTH="30"/>
						<String ID="P1_ST00770" HPOS="1908" VPOS="5519" WIDTH="85" HEIGHT="49" CONTENT="auf" WC="0.97" CC="026"/>
						<SP ID="P1_SP00645" HPOS="1993" VPOS="5576" WIDTH="30"/>
						<String ID="P1_ST00771" HPOS="2023" VPOS="5520" WIDTH="78" HEIGHT="48" CONTENT="die" WC="1.00" CC="000"/>
						<SP ID="P1_SP00646" HPOS="2101" VPOS="5576" WIDTH="30"/>
						<String ID="P1_ST00772" HPOS="2131" VPOS="5520" WIDTH="336" HEIGHT="57" CONTENT="Ausbeutung" WC="1.00" CC="0200050000"/>
						<SP ID="P1_SP00647" HPOS="2467" VPOS="5577" WIDTH="31"/>
						<String ID="P1_ST00773" HPOS="2498" VPOS="5520" WIDTH="90" HEIGHT="50" CONTENT="des" WC="1.00" CC="000"/>
						<SP ID="P1_SP00648" HPOS="2588" VPOS="5577" WIDTH="32"/>
						<String ID="P1_ST00774" HPOS="2620" VPOS="5520" WIDTH="367" HEIGHT="50" CONTENT="vorhandenen" WC="1.00" CC="00100000510"/>
						<SP ID="P1_SP00649" HPOS="2987" VPOS="5577" WIDTH="30"/>
						<String ID="P1_ST00775" HPOS="3017" VPOS="5519" WIDTH="137" HEIGHT="49" CONTENT="Denk" SUBS_TYPE="HypPart1" SUBS_CONTENT="Denkstoffes" WC="0.99" CC="0060"/>
						<HYP HPOS="3154" VPOS="5519" WIDTH="34" CONTENT="-"/>
					</TextLine>
					<TextLine ID="P1_TL00128" HPOS="1686" VPOS="5589" WIDTH="1502" HEIGHT="57">
						<String ID="P1_ST00776" HPOS="1686" VPOS="5590" WIDTH="183" HEIGHT="49" CONTENT="stoffes" SUBS_TYPE="HypPart2" SUBS_CONTENT="Denkstoffes" WC="0.99" CC="0036700"/>
						<SP ID="P1_SP00650" HPOS="1869" VPOS="5639" WIDTH="35"/>
						<String ID="P1_ST00777" HPOS="1904" VPOS="5590" WIDTH="389" HEIGHT="56" CONTENT="zugeschnitten" WC="1.00" CC="0490000500000"/>
						<SP ID="P1_SP00651" HPOS="2293" VPOS="5646" WIDTH="32"/>
						<String ID="P1_ST00778" HPOS="2325" VPOS="5590" WIDTH="126" HEIGHT="49" CONTENT="sind." WC="0.99" CC="20004"/>
						<SP ID="P1_SP00652" HPOS="2451" VPOS="5646" WIDTH="67"/>
						<String ID="P1_ST00779" HPOS="2518" VPOS="5590" WIDTH="70" HEIGHT="49" CONTENT="So" WC="0.82" CC="03"/>
						<SP ID="P1_SP00653" HPOS="2588" VPOS="5646" WIDTH="34"/>
						<String ID="P1_ST00780" HPOS="2622" VPOS="5590" WIDTH="130" HEIGHT="49" CONTENT="wird" WC="0.99" CC="0030"/>
						<SP ID="P1_SP00654" HPOS="2752" VPOS="5646" WIDTH="33"/>
						<String ID="P1_ST00781" HPOS="2785" VPOS="5589" WIDTH="403" HEIGHT="57" CONTENT="beispielsweise" WC="1.00" CC="00000002000000"/>
					</TextLine>
					<TextLine ID="P1_TL00129" HPOS="1687" VPOS="5658" WIDTH="1503" HEIGHT="59">
						<String ID="P1_ST00782" HPOS="1687" VPOS="5662" WIDTH="48" HEIGHT="45" CONTENT="in" WC="0.72" CC="13"/>
						<SP ID="P1_SP00655" HPOS="1735" VPOS="5707" WIDTH="36"/>
						<String ID="P1_ST00783" HPOS="1771" VPOS="5658" WIDTH="191" HEIGHT="59" CONTENT="Zeiten," WC="1.00" CC="0000030"/>
						<SP ID="P1_SP00656" HPOS="1962" VPOS="5717" WIDTH="37"/>
						<String ID="P1_ST00784" HPOS="1999" VPOS="5672" WIDTH="85" HEIGHT="35" CONTENT="wo" WC="1.00" CC="00"/>
						<SP ID="P1_SP00657" HPOS="2084" VPOS="5717" WIDTH="39"/>
						<String ID="P1_ST00785" HPOS="2123" VPOS="5660" WIDTH="79" HEIGHT="47" CONTENT="die" WC="1.00" CC="000"/>
						<SP ID="P1_SP00658" HPOS="2202" VPOS="5717" WIDTH="36"/>
						<String ID="P1_ST00786" HPOS="2238" VPOS="5658" WIDTH="528" HEIGHT="51" CONTENT="Naturwissenschaft" WC="1.00" CC="00033000000025060"/>
						<SP ID="P1_SP00659" HPOS="2766" VPOS="5717" WIDTH="36"/>
						<String ID="P1_ST00787" HPOS="2802" VPOS="5659" WIDTH="132" HEIGHT="48" CONTENT="noch" WC="0.98" CC="0430"/>
						<SP ID="P1_SP00660" HPOS="2934" VPOS="5717" WIDTH="37"/>
						<String ID="P1_ST00788" HPOS="2971" VPOS="5658" WIDTH="219" HEIGHT="49" CONTENT="kindlich" WC="0.99" CC="42601000"/>
					</TextLine>
					<TextLine ID="P1_TL00130" HPOS="1686" VPOS="5728" WIDTH="1502" HEIGHT="58">
						<String ID="P1_ST00789" HPOS="1686" VPOS="5729" WIDTH="275" HEIGHT="57" CONTENT="stammelt," WC="1.00" CC="002000300"/>
						<SP ID="P1_SP00661" HPOS="1961" VPOS="5786" WIDTH="25"/>
						<String ID="P1_ST00790" HPOS="1986" VPOS="5728" WIDTH="163" HEIGHT="50" CONTENT="selbst" WC="1.00" CC="005000"/>
						<SP ID="P1_SP00662" HPOS="2149" VPOS="5786" WIDTH="28"/>
						<String ID="P1_ST00791" HPOS="2177" VPOS="5731" WIDTH="78" HEIGHT="47" CONTENT="ein" WC="1.00" CC="000"/>
						<SP ID="P1_SP00663" HPOS="2255" VPOS="5786" WIDTH="25"/>
						<String ID="P1_ST00792" HPOS="2280" VPOS="5728" WIDTH="204" HEIGHT="50" CONTENT="starkes" WC="0.99" CC="0064010"/>
						<SP ID="P1_SP00664" HPOS="2484" VPOS="5786" WIDTH="28"/>
						<String ID="P1_ST00793" HPOS="2512" VPOS="5728" WIDTH="676" HEIGHT="50" CONTENT="naturwissenschaftliches" WC="1.00" CC="90051030012000060400500"/>
					</TextLine>
					<TextLine ID="P1_TL00131" HPOS="1688" VPOS="5797" WIDTH="1500" HEIGHT="51">
						<String ID="P1_ST00794" HPOS="1688" VPOS="5798" WIDTH="181" HEIGHT="49" CONTENT="Talent" WC="0.99" CC="003030"/>
						<SP ID="P1_SP00665" HPOS="1869" VPOS="5847" WIDTH="69"/>
						<String ID="P1_ST00795" HPOS="1938" VPOS="5798" WIDTH="138" HEIGHT="49" CONTENT="nicht" WC="0.99" CC="00550"/>
						<SP ID="P1_SP00666" HPOS="2076" VPOS="5847" WIDTH="70"/>
						<String ID="P1_ST00796" HPOS="2146" VPOS="5799" WIDTH="80" HEIGHT="48" CONTENT="die" WC="1.00" CC="001"/>
						<SP ID="P1_SP00667" HPOS="2226" VPOS="5847" WIDTH="37"/>
						<String ID="P1_ST00797" HPOS="2263" VPOS="5798" WIDTH="401" HEIGHT="50" CONTENT="Zeitherrschaft" WC="1.00" CC="03200003044050"/>
						<SP ID="P1_SP00668" HPOS="2664" VPOS="5848" WIDTH="70"/>
						<String ID="P1_ST00798" HPOS="2734" VPOS="5811" WIDTH="64" HEIGHT="35" CONTENT="an" WC="1.00" CC="00"/>
						<SP ID="P1_SP00669" HPOS="2798" VPOS="5848" WIDTH="40"/>
						<String ID="P1_ST00799" HPOS="2838" VPOS="5799" WIDTH="108" HEIGHT="48" CONTENT="sich" WC="0.99" CC="0030"/>
						<SP ID="P1_SP00670" HPOS="2946" VPOS="5848" WIDTH="71"/>
						<String ID="P1_ST00800" HPOS="3017" VPOS="5797" WIDTH="171" HEIGHT="49" CONTENT="reißen" WC="0.99" CC="320005"/>
					</TextLine>
					<TextLine ID="P1_TL00132" HPOS="1687" VPOS="5867" WIDTH="1502" HEIGHT="59">
						<String ID="P1_ST00801" HPOS="1687" VPOS="5867" WIDTH="218" HEIGHT="59" CONTENT="können," WC="0.99" CC="0008040"/>
						<SP ID="P1_SP00671" HPOS="1905" VPOS="5926" WIDTH="72"/>
						<String ID="P1_ST00802" HPOS="1977" VPOS="5868" WIDTH="223" HEIGHT="49" CONTENT="sondern" WC="0.99" CC="0240020"/>
						<SP ID="P1_SP00672" HPOS="2200" VPOS="5926" WIDTH="72"/>
						<String ID="P1_ST00803" HPOS="2272" VPOS="5867" WIDTH="262" HEIGHT="50" CONTENT="innerhalb" WC="0.99" CC="008050030"/>
						<SP ID="P1_SP00673" HPOS="2534" VPOS="5926" WIDTH="70"/>
						<String ID="P1_ST00804" HPOS="2604" VPOS="5870" WIDTH="169" HEIGHT="47" CONTENT="seiner" WC="0.99" CC="002303"/>
						<SP ID="P1_SP00674" HPOS="2773" VPOS="5926" WIDTH="39"/>
						<String ID="P1_ST00805" HPOS="2812" VPOS="5867" WIDTH="377" HEIGHT="51" CONTENT="Wissenschaft" WC="1.00" CC="000006050560"/>
					</TextLine>
					<TextLine ID="P1_TL00133" HPOS="1687" VPOS="5935" WIDTH="1501" HEIGHT="59">
						<String ID="P1_ST00806" HPOS="1687" VPOS="5938" WIDTH="227" HEIGHT="56" CONTENT="künftige" WC="1.00" CC="00060000"/>
						<SP ID="P1_SP00675" HPOS="1914" VPOS="5994" WIDTH="42"/>
						<String ID="P1_ST00807" HPOS="1956" VPOS="5937" WIDTH="153" HEIGHT="57" CONTENT="Siege" WC="1.00" CC="00000"/>
						<SP ID="P1_SP00676" HPOS="2109" VPOS="5994" WIDTH="72"/>
						<String ID="P1_ST00808" HPOS="2181" VPOS="5938" WIDTH="345" HEIGHT="49" CONTENT="vorbereiten." WC="1.00" CC="010000000003"/>
						<SP ID="P1_SP00677" HPOS="2526" VPOS="5994" WIDTH="72"/>
						<String ID="P1_ST00809" HPOS="2598" VPOS="5935" WIDTH="173" HEIGHT="51" CONTENT="Damit" WC="0.99" CC="05000"/>
						<SP ID="P1_SP00678" HPOS="2771" VPOS="5994" WIDTH="43"/>
						<String ID="P1_ST00810" HPOS="2814" VPOS="5940" WIDTH="111" HEIGHT="46" CONTENT="eine" WC="0.98" CC="0460"/>
						<SP ID="P1_SP00679" HPOS="2925" VPOS="5994" WIDTH="40"/>
						<String ID="P1_ST00811" HPOS="2965" VPOS="5937" WIDTH="192" HEIGHT="51" CONTENT="Persön" SUBS_TYPE="HypPart1" SUBS_CONTENT="Persönlichkeit" WC="0.99" CC="014000"/>
						<HYP HPOS="3157" VPOS="5937" WIDTH="31" CONTENT="-"/>
					</TextLine>
					<TextLine ID="P1_TL00134" HPOS="1686" VPOS="6007" WIDTH="1504" HEIGHT="58">
						<String ID="P1_ST00812" HPOS="1686" VPOS="6007" WIDTH="205" HEIGHT="49" CONTENT="lichkeit" SUBS_TYPE="HypPart2" SUBS_CONTENT="Persönlichkeit" WC="1.00" CC="00400030"/>
						<SP ID="P1_SP00680" HPOS="1891" VPOS="6056" WIDTH="71"/>
						<String ID="P1_ST00813" HPOS="1962" VPOS="6008" WIDTH="100" HEIGHT="48" CONTENT="und" WC="0.97" CC="700"/>
						<SP ID="P1_SP00681" HPOS="2062" VPOS="6056" WIDTH="39"/>
						<String ID="P1_ST00814" HPOS="2101" VPOS="6007" WIDTH="284" HEIGHT="58" CONTENT="Begabung" WC="0.99" CC="00900509"/>
						<SP ID="P1_SP00682" HPOS="2385" VPOS="6065" WIDTH="41"/>
						<String ID="P1_ST00815" HPOS="2426" VPOS="6007" WIDTH="517" HEIGHT="49" CONTENT="zeitbeherrschende" WC="1.00" CC="00001000310200000"/>
						<SP ID="P1_SP00683" HPOS="2943" VPOS="6065" WIDTH="43"/>
						<String ID="P1_ST00816" HPOS="2986" VPOS="6008" WIDTH="204" HEIGHT="50" CONTENT="Gewalt" WC="0.98" CC="700630"/>
					</TextLine>
					<TextLine ID="P1_TL00135" HPOS="1687" VPOS="6076" WIDTH="1502" HEIGHT="60">
						<String ID="P1_ST00817" HPOS="1687" VPOS="6078" WIDTH="222" HEIGHT="57" CONTENT="erlange," WC="0.99" CC="01036900"/>
						<SP ID="P1_SP00684" HPOS="1909" VPOS="6135" WIDTH="67"/>
						<String ID="P1_ST00818" HPOS="1976" VPOS="6076" WIDTH="119" HEIGHT="50" CONTENT="muß" WC="0.97" CC="160"/>
						<SP ID="P1_SP00685" HPOS="2095" VPOS="6135" WIDTH="36"/>
						<String ID="P1_ST00819" HPOS="2131" VPOS="6079" WIDTH="74" HEIGHT="47" CONTENT="sie" WC="1.00" CC="000"/>
						<SP ID="P1_SP00686" HPOS="2205" VPOS="6135" WIDTH="35"/>
						<String ID="P1_ST00820" HPOS="2240" VPOS="6078" WIDTH="92" HEIGHT="49" CONTENT="das" WC="1.00" CC="000"/>
						<SP ID="P1_SP00687" HPOS="2332" VPOS="6135" WIDTH="67"/>
						<String ID="P1_ST00821" HPOS="2399" VPOS="6079" WIDTH="174" HEIGHT="55" CONTENT="nötige" WC="0.99" CC="030090"/>
						<SP ID="P1_SP00688" HPOS="2573" VPOS="6135" WIDTH="33"/>
						<String ID="P1_ST00822" HPOS="2606" VPOS="6076" WIDTH="264" HEIGHT="57" CONTENT="Rüstzeug" WC="1.00" CC="00003040"/>
						<SP ID="P1_SP00689" HPOS="2870" VPOS="6135" WIDTH="33"/>
						<String ID="P1_ST00823" HPOS="2903" VPOS="6076" WIDTH="286" HEIGHT="60" CONTENT="vorfinden," WC="0.99" CC="0436580060"/>
					</TextLine>
					<TextLine ID="P1_TL00136" HPOS="1686" VPOS="6145" WIDTH="1502" HEIGHT="52">
						<String ID="P1_ST00824" HPOS="1686" VPOS="6146" WIDTH="118" HEIGHT="50" CONTENT="muß" WC="0.99" CC="010"/>
						<SP ID="P1_SP00690" HPOS="1804" VPOS="6196" WIDTH="37"/>
						<String ID="P1_ST00825" HPOS="1841" VPOS="6149" WIDTH="74" HEIGHT="48" CONTENT="sie" WC="0.99" CC="200"/>
						<SP ID="P1_SP00691" HPOS="1915" VPOS="6197" WIDTH="68"/>
						<String ID="P1_ST00826" HPOS="1983" VPOS="6148" WIDTH="145" HEIGHT="47" CONTENT="einen" WC="1.00" CC="00000"/>
						<SP ID="P1_SP00692" HPOS="2128" VPOS="6197" WIDTH="34"/>
						<String ID="P1_ST00827" HPOS="2162" VPOS="6147" WIDTH="210" HEIGHT="49" CONTENT="solchen" WC="0.99" CC="0062000"/>
						<SP ID="P1_SP00693" HPOS="2372" VPOS="6197" WIDTH="35"/>
						<String ID="P1_ST00828" HPOS="2407" VPOS="6146" WIDTH="163" HEIGHT="50" CONTENT="Stand" WC="1.00" CC="00010"/>
						<SP ID="P1_SP00694" HPOS="2570" VPOS="6197" WIDTH="66"/>
						<String ID="P1_ST00829" HPOS="2636" VPOS="6147" WIDTH="90" HEIGHT="48" CONTENT="der" WC="0.97" CC="113"/>
						<SP ID="P1_SP00695" HPOS="2726" VPOS="6197" WIDTH="34"/>
						<String ID="P1_ST00830" HPOS="2760" VPOS="6145" WIDTH="305" HEIGHT="52" CONTENT="Erkenntnis" WC="1.00" CC="0400000000"/>
						<SP ID="P1_SP00696" HPOS="3065" VPOS="6197" WIDTH="36"/>
						<String ID="P1_ST00831" HPOS="3101" VPOS="6161" WIDTH="58" HEIGHT="34" CONTENT="an" SUBS_TYPE="HypPart1" SUBS_CONTENT="antreffen," WC="0.94" CC="56"/>
						<HYP HPOS="3159" VPOS="6161" WIDTH="29" CONTENT="-"/>
					</TextLine>
					<TextLine ID="P1_TL00137" HPOS="1686" VPOS="6215" WIDTH="1503" HEIGHT="59">
						<String ID="P1_ST00832" HPOS="1686" VPOS="6216" WIDTH="197" HEIGHT="58" CONTENT="treffen," SUBS_TYPE="HypPart2" SUBS_CONTENT="antreffen," WC="0.99" CC="00076040"/>
						<SP ID="P1_SP00697" HPOS="1883" VPOS="6274" WIDTH="35"/>
						<String ID="P1_ST00833" HPOS="1918" VPOS="6215" WIDTH="96" HEIGHT="49" CONTENT="daß" WC="1.00" CC="000"/>
						<SP ID="P1_SP00698" HPOS="2014" VPOS="6274" WIDTH="36"/>
						<String ID="P1_ST00834" HPOS="2050" VPOS="6218" WIDTH="75" HEIGHT="47" CONTENT="sie" WC="1.00" CC="000"/>
						<SP ID="P1_SP00699" HPOS="2125" VPOS="6274" WIDTH="35"/>
						<String ID="P1_ST00835" HPOS="2160" VPOS="6216" WIDTH="159" HEIGHT="49" CONTENT="durch" WC="0.98" CC="06352"/>
						<SP ID="P1_SP00700" HPOS="2319" VPOS="6274" WIDTH="35"/>
						<String ID="P1_ST00836" HPOS="2354" VPOS="6217" WIDTH="155" HEIGHT="48" CONTENT="deren" WC="0.99" CC="00303"/>
						<SP ID="P1_SP00701" HPOS="2509" VPOS="6274" WIDTH="34"/>
						<String ID="P1_ST00837" HPOS="2543" VPOS="6215" WIDTH="511" HEIGHT="59" CONTENT="Zusammenraffung" WC="1.00" CC="050200004076409"/>
						<SP ID="P1_SP00702" HPOS="3054" VPOS="6274" WIDTH="35"/>
						<String ID="P1_ST00838" HPOS="3089" VPOS="6217" WIDTH="100" HEIGHT="48" CONTENT="und" WC="0.98" CC="500"/>
					</TextLine>
					<TextLine ID="P1_TL00138" HPOS="1686" VPOS="6284" WIDTH="1408" HEIGHT="59">
						<String ID="P1_ST00839" HPOS="1686" VPOS="6286" WIDTH="343" HEIGHT="57" CONTENT="Vereinigung" WC="0.99" CC="00002649369"/>
						<SP ID="P1_SP00703" HPOS="2029" VPOS="6343" WIDTH="37"/>
						<String ID="P1_ST00840" HPOS="2066" VPOS="6286" WIDTH="284" HEIGHT="55" CONTENT="überhaupt" WC="1.00" CC="000000600"/>
						<SP ID="P1_SP00704" HPOS="2350" VPOS="6343" WIDTH="35"/>
						<String ID="P1_ST00841" HPOS="2385" VPOS="6284" WIDTH="277" HEIGHT="57" CONTENT="produktiv" WC="0.99" CC="923040000"/>
						<SP ID="P1_SP00705" HPOS="2662" VPOS="6343" WIDTH="35"/>
						<String ID="P1_ST00842" HPOS="2697" VPOS="6286" WIDTH="212" HEIGHT="49" CONTENT="werden" WC="0.99" CC="803003"/>
						<SP ID="P1_SP00706" HPOS="2909" VPOS="6343" WIDTH="36"/>
						<String ID="P1_ST00843" HPOS="2945" VPOS="6286" WIDTH="149" HEIGHT="49" CONTENT="kann." WC="0.98" CC="00564"/>
					</TextLine>
					<TextLine ID="P1_TL00139" HPOS="1812" VPOS="6356" WIDTH="1376" HEIGHT="61">
						<String ID="P1_ST00844" HPOS="1812" VPOS="6356" WIDTH="94" HEIGHT="51" CONTENT="Die" WC="1.00" CC="000"/>
						<SP ID="P1_SP00707" HPOS="1906" VPOS="6407" WIDTH="28"/>
						<String ID="P1_ST00845" HPOS="1934" VPOS="6356" WIDTH="357" HEIGHT="58" CONTENT="Entwicklung" WC="0.99" CC="60003407650"/>
						<SP ID="P1_SP00708" HPOS="2291" VPOS="6414" WIDTH="61"/>
						<String ID="P1_ST00846" HPOS="2352" VPOS="6358" WIDTH="91" HEIGHT="49" CONTENT="der" WC="0.99" CC="003"/>
						<SP ID="P1_SP00709" HPOS="2443" VPOS="6414" WIDTH="24"/>
						<String ID="P1_ST00847" HPOS="2467" VPOS="6357" WIDTH="340" HEIGHT="60" CONTENT="Menschheit," WC="1.00" CC="00030120000"/>
						<SP ID="P1_SP00710" HPOS="2807" VPOS="6417" WIDTH="32"/>
						<String ID="P1_ST00848" HPOS="2839" VPOS="6359" WIDTH="90" HEIGHT="48" CONTENT="der" WC="0.98" CC="022"/>
						<SP ID="P1_SP00711" HPOS="2929" VPOS="6417" WIDTH="28"/>
						<String ID="P1_ST00849" HPOS="2957" VPOS="6356" WIDTH="198" HEIGHT="52" CONTENT="Wissen" SUBS_TYPE="HypPart1" SUBS_CONTENT="Wissenschaft" WC="1.00" CC="030000"/>
						<HYP HPOS="3155" VPOS="6356" WIDTH="33" CONTENT="-"/>
					</TextLine>
					<TextLine ID="P1_TL00140" HPOS="1686" VPOS="6426" WIDTH="1502" HEIGHT="52">
						<String ID="P1_ST00850" HPOS="1686" VPOS="6426" WIDTH="168" HEIGHT="49" CONTENT="schaft" SUBS_TYPE="HypPart2" SUBS_CONTENT="Wissenschaft" WC="0.99" CC="031350"/>
						<SP ID="P1_SP00712" HPOS="1854" VPOS="6475" WIDTH="69"/>
						<String ID="P1_ST00851" HPOS="1923" VPOS="6427" WIDTH="100" HEIGHT="48" CONTENT="und" WC="0.94" CC="663"/>
						<SP ID="P1_SP00713" HPOS="2023" VPOS="6475" WIDTH="40"/>
						<String ID="P1_ST00852" HPOS="2063" VPOS="6428" WIDTH="89" HEIGHT="47" CONTENT="der" WC="0.99" CC="003"/>
						<SP ID="P1_SP00714" HPOS="2152" VPOS="6475" WIDTH="40"/>
						<String ID="P1_ST00853" HPOS="2192" VPOS="6426" WIDTH="309" HEIGHT="52" CONTENT="Geschichte" WC="0.99" CC="7025305370"/>
						<SP ID="P1_SP00715" HPOS="2501" VPOS="6478" WIDTH="68"/>
						<String ID="P1_ST00854" HPOS="2569" VPOS="6426" WIDTH="185" HEIGHT="52" CONTENT="schafft" WC="0.99" CC="0270550"/>
						<SP ID="P1_SP00716" HPOS="2754" VPOS="6478" WIDTH="70"/>
						<String ID="P1_ST00855" HPOS="2824" VPOS="6427" WIDTH="364" HEIGHT="51" CONTENT="abwechselnd" WC="0.99" CC="00906400490"/>
					</TextLine>
					<TextLine ID="P1_TL00141" HPOS="1686" VPOS="6495" WIDTH="1502" HEIGHT="60">
						<String ID="P1_ST00856" HPOS="1686" VPOS="6495" WIDTH="452" HEIGHT="60" CONTENT="Konstellationen," WC="0.99" CC="9663083350053070"/>
						<SP ID="P1_SP00717" HPOS="2138" VPOS="6555" WIDTH="71"/>
						<String ID="P1_ST00857" HPOS="2209" VPOS="6497" WIDTH="79" HEIGHT="49" CONTENT="die" WC="0.98" CC="004"/>
						<SP ID="P1_SP00718" HPOS="2288" VPOS="6555" WIDTH="39"/>
						<String ID="P1_ST00858" HPOS="2327" VPOS="6499" WIDTH="146" HEIGHT="47" CONTENT="einen" WC="0.98" CC="30502"/>
						<SP ID="P1_SP00719" HPOS="2473" VPOS="6555" WIDTH="38"/>
						<String ID="P1_ST00859" HPOS="2511" VPOS="6497" WIDTH="329" HEIGHT="51" CONTENT="bestimmten" WC="0.99" CC="6406020430"/>
						<SP ID="P1_SP00720" HPOS="2840" VPOS="6555" WIDTH="40"/>
						<String ID="P1_ST00860" HPOS="2880" VPOS="6496" WIDTH="177" HEIGHT="59" CONTENT="Typus" WC="0.98" CC="04352"/>
						<SP ID="P1_SP00721" HPOS="3057" VPOS="6555" WIDTH="42"/>
						<String ID="P1_ST00861" HPOS="3099" VPOS="6498" WIDTH="89" HEIGHT="48" CONTENT="der" WC="0.93" CC="881"/>
					</TextLine>
				</TextBlock>
				<TextBlock ID="P1_TB00017" HPOS="3332" VPOS="2039" WIDTH="1511" HEIGHT="4515" STYLEREFS="TXT_0 PAR_LEFT">
					<TextLine ID="P1_TL00142" HPOS="3336" VPOS="2040" WIDTH="1498" HEIGHT="51">
						<String ID="P1_ST00862" HPOS="3336" VPOS="2042" WIDTH="202" HEIGHT="49" CONTENT="Geister" WC="0.99" CC="6000030"/>
						<SP ID="P1_SP00722" HPOS="3538" VPOS="2091" WIDTH="73"/>
						<String ID="P1_ST00863" HPOS="3611" VPOS="2045" WIDTH="47" HEIGHT="45" CONTENT="in" WC="0.76" CC="04"/>
						<SP ID="P1_SP00723" HPOS="3658" VPOS="2091" WIDTH="42"/>
						<String ID="P1_ST00864" HPOS="3700" VPOS="2042" WIDTH="134" HEIGHT="48" CONTENT="ihrer" WC="0.99" CC="00303"/>
						<SP ID="P1_SP00724" HPOS="3834" VPOS="2091" WIDTH="39"/>
						<String ID="P1_ST00865" HPOS="3873" VPOS="2040" WIDTH="392" HEIGHT="50" CONTENT="Fruchtbarkeit" WC="1.00" CC="6043300130000"/>
						<SP ID="P1_SP00725" HPOS="4265" VPOS="2091" WIDTH="75"/>
						<String ID="P1_ST00866" HPOS="4340" VPOS="2042" WIDTH="99" HEIGHT="48" CONTENT="und" WC="1.00" CC="000"/>
						<SP ID="P1_SP00726" HPOS="4439" VPOS="2091" WIDTH="41"/>
						<String ID="P1_ST00867" HPOS="4480" VPOS="2040" WIDTH="325" HEIGHT="50" CONTENT="Herrschafts" SUBS_TYPE="HypPart1" SUBS_CONTENT="Herrschaftsmöglichkeit" WC="0.99" CC="70430493600"/>
						<HYP HPOS="4805" VPOS="2040" WIDTH="29" CONTENT="-"/>
					</TextLine>
					<TextLine ID="P1_TL00143" HPOS="3334" VPOS="2112" WIDTH="1176" HEIGHT="57">
						<String ID="P1_ST00868" HPOS="3334" VPOS="2112" WIDTH="327" HEIGHT="56" CONTENT="möglichkeit" SUBS_TYPE="HypPart2" SUBS_CONTENT="Herrschaftsmöglichkeit" WC="0.99" CC="10752260020"/>
						<SP ID="P1_SP00727" HPOS="3661" VPOS="2168" WIDTH="45"/>
						<String ID="P1_ST00869" HPOS="3706" VPOS="2112" WIDTH="337" HEIGHT="57" CONTENT="begünstigen" WC="1.00" CC="00700000700"/>
						<SP ID="P1_SP00728" HPOS="4043" VPOS="2169" WIDTH="45"/>
						<String ID="P1_ST00870" HPOS="4088" VPOS="2112" WIDTH="126" HEIGHT="48" CONTENT="oder" WC="0.99" CC="3000"/>
						<SP ID="P1_SP00729" HPOS="4214" VPOS="2169" WIDTH="44"/>
						<String ID="P1_ST00871" HPOS="4258" VPOS="2112" WIDTH="252" HEIGHT="49" CONTENT="hemmen." WC="0.99" CC="4061000"/>
					</TextLine>
					<TextLine ID="P1_TL00144" HPOS="3459" VPOS="2195" WIDTH="1375" HEIGHT="58">
						<String ID="P1_ST00872" HPOS="3459" VPOS="2195" WIDTH="230" HEIGHT="50" CONTENT="Insofern" WC="0.99" CC="00047068"/>
						<SP ID="P1_SP00730" HPOS="3689" VPOS="2245" WIDTH="37"/>
						<String ID="P1_ST00873" HPOS="3726" VPOS="2197" WIDTH="238" HEIGHT="56" CONTENT="verlangt" WC="0.99" CC="10110690"/>
						<SP ID="P1_SP00731" HPOS="3964" VPOS="2253" WIDTH="39"/>
						<String ID="P1_ST00874" HPOS="4003" VPOS="2197" WIDTH="92" HEIGHT="48" CONTENT="das" WC="1.00" CC="000"/>
						<SP ID="P1_SP00732" HPOS="4095" VPOS="2253" WIDTH="37"/>
						<String ID="P1_ST00875" HPOS="4132" VPOS="2196" WIDTH="132" HEIGHT="49" CONTENT="Volk" WC="0.98" CC="6110"/>
						<SP ID="P1_SP00733" HPOS="4264" VPOS="2253" WIDTH="38"/>
						<String ID="P1_ST00876" HPOS="4302" VPOS="2195" WIDTH="264" HEIGHT="50" CONTENT="instinktiv" WC="1.00" CC="0000000004"/>
						<SP ID="P1_SP00734" HPOS="4566" VPOS="2253" WIDTH="40"/>
						<String ID="P1_ST00877" HPOS="4606" VPOS="2195" WIDTH="100" HEIGHT="49" CONTENT="und" WC="0.99" CC="200"/>
						<SP ID="P1_SP00735" HPOS="4706" VPOS="2253" WIDTH="39"/>
						<String ID="P1_ST00878" HPOS="4745" VPOS="2197" WIDTH="89" HEIGHT="46" CONTENT="mit" WC="1.00" CC="000"/>
					</TextLine>
					<TextLine ID="P1_TL00145" HPOS="3333" VPOS="2264" WIDTH="1501" HEIGHT="60">
						<String ID="P1_ST00879" HPOS="3333" VPOS="2266" WIDTH="189" HEIGHT="48" CONTENT="vollem" WC="0.99" CC="024100"/>
						<SP ID="P1_SP00736" HPOS="3522" VPOS="2314" WIDTH="35"/>
						<String ID="P1_ST00880" HPOS="3557" VPOS="2266" WIDTH="178" HEIGHT="58" CONTENT="Recht," WC="0.99" CC="713000"/>
						<SP ID="P1_SP00737" HPOS="3735" VPOS="2324" WIDTH="33"/>
						<String ID="P1_ST00881" HPOS="3768" VPOS="2266" WIDTH="96" HEIGHT="48" CONTENT="daß" WC="1.00" CC="000"/>
						<SP ID="P1_SP00738" HPOS="3864" VPOS="2324" WIDTH="37"/>
						<String ID="P1_ST00882" HPOS="3901" VPOS="2269" WIDTH="111" HEIGHT="46" CONTENT="eine" WC="0.98" CC="0260"/>
						<SP ID="P1_SP00739" HPOS="4012" VPOS="2324" WIDTH="35"/>
						<String ID="P1_ST00883" HPOS="4047" VPOS="2266" WIDTH="118" HEIGHT="49" CONTENT="Idee" WC="0.99" CC="4000"/>
						<SP ID="P1_SP00740" HPOS="4165" VPOS="2324" WIDTH="34"/>
						<String ID="P1_ST00884" HPOS="4199" VPOS="2266" WIDTH="107" HEIGHT="49" CONTENT="ihre" WC="1.00" CC="0001"/>
						<SP ID="P1_SP00741" HPOS="4306" VPOS="2324" WIDTH="34"/>
						<String ID="P1_ST00885" HPOS="4340" VPOS="2266" WIDTH="196" HEIGHT="48" CONTENT="macht-" WC="1.00" CC="004002"/>
						<SP ID="P1_SP00742" HPOS="4536" VPOS="2324" WIDTH="35"/>
						<String ID="P1_ST00886" HPOS="4571" VPOS="2265" WIDTH="100" HEIGHT="48" CONTENT="und" WC="0.98" CC="500"/>
						<SP ID="P1_SP00743" HPOS="4671" VPOS="2324" WIDTH="33"/>
						<String ID="P1_ST00887" HPOS="4704" VPOS="2264" WIDTH="104" HEIGHT="48" CONTENT="blut" SUBS_TYPE="HypPart1" SUBS_CONTENT="blutvollen" WC="0.99" CC="0200"/>
						<HYP HPOS="4808" VPOS="2264" WIDTH="26" CONTENT="-"/>
					</TextLine>
					<TextLine ID="P1_TL00146" HPOS="3332" VPOS="2333" WIDTH="1502" HEIGHT="60">
						<String ID="P1_ST00888" HPOS="3332" VPOS="2336" WIDTH="171" HEIGHT="48" CONTENT="vollen" SUBS_TYPE="HypPart2" SUBS_CONTENT="blutvollen" WC="0.99" CC="041422"/>
						<SP ID="P1_SP00744" HPOS="3503" VPOS="2384" WIDTH="36"/>
						<String ID="P1_ST00889" HPOS="3539" VPOS="2335" WIDTH="445" HEIGHT="56" CONTENT="Repräsentanten" WC="1.00" CC="90040200006003"/>
						<SP ID="P1_SP00745" HPOS="3984" VPOS="2391" WIDTH="38"/>
						<String ID="P1_ST00890" HPOS="4022" VPOS="2336" WIDTH="261" HEIGHT="57" CONTENT="entsende," WC="1.00" CC="000001000"/>
						<SP ID="P1_SP00746" HPOS="4283" VPOS="2393" WIDTH="37"/>
						<String ID="P1_ST00891" HPOS="4320" VPOS="2334" WIDTH="109" HEIGHT="50" CONTENT="sich" WC="0.98" CC="0324"/>
						<SP ID="P1_SP00747" HPOS="4429" VPOS="2393" WIDTH="36"/>
						<String ID="P1_ST00892" HPOS="4465" VPOS="2333" WIDTH="159" HEIGHT="50" CONTENT="durch" WC="0.98" CC="00507"/>
						<SP ID="P1_SP00748" HPOS="4624" VPOS="2393" WIDTH="36"/>
						<String ID="P1_ST00893" HPOS="4660" VPOS="2333" WIDTH="174" HEIGHT="50" CONTENT="solche" WC="0.99" CC="031331"/>
					</TextLine>
					<TextLine ID="P1_TL00147" HPOS="3335" VPOS="2403" WIDTH="1499" HEIGHT="57">
						<String ID="P1_ST00894" HPOS="3335" VPOS="2407" WIDTH="232" HEIGHT="47" CONTENT="erweise." WC="0.99" CC="03330003"/>
						<SP ID="P1_SP00749" HPOS="3567" VPOS="2454" WIDTH="98"/>
						<String ID="P1_ST00895" HPOS="3665" VPOS="2404" WIDTH="96" HEIGHT="50" CONTENT="Mit" WC="1.00" CC="000"/>
						<SP ID="P1_SP00750" HPOS="3761" VPOS="2454" WIDTH="35"/>
						<String ID="P1_ST00896" HPOS="3796" VPOS="2404" WIDTH="163" HEIGHT="56" CONTENT="Recht" WC="0.99" CC="00500"/>
						<SP ID="P1_SP00751" HPOS="3959" VPOS="2460" WIDTH="65"/>
						<String ID="P1_ST00897" HPOS="4024" VPOS="2406" WIDTH="212" HEIGHT="48" CONTENT="werden" WC="0.99" CC="513005"/>
						<SP ID="P1_SP00752" HPOS="4236" VPOS="2460" WIDTH="37"/>
						<String ID="P1_ST00898" HPOS="4273" VPOS="2404" WIDTH="152" HEIGHT="49" CONTENT="Ideen" WC="0.99" CC="40000"/>
						<SP ID="P1_SP00753" HPOS="4425" VPOS="2460" WIDTH="35"/>
						<String ID="P1_ST00899" HPOS="4460" VPOS="2418" WIDTH="63" HEIGHT="34" CONTENT="an" WC="0.70" CC="05"/>
						<SP ID="P1_SP00754" HPOS="4523" VPOS="2460" WIDTH="36"/>
						<String ID="P1_ST00900" HPOS="4559" VPOS="2404" WIDTH="141" HEIGHT="48" CONTENT="ihren" WC="0.99" CC="10500"/>
						<SP ID="P1_SP00755" HPOS="4700" VPOS="2460" WIDTH="34"/>
						<String ID="P1_ST00901" HPOS="4734" VPOS="2403" WIDTH="67" HEIGHT="54" CONTENT="Re" SUBS_TYPE="HypPart1" SUBS_CONTENT="Repräsentanten" WC="0.98" CC="00"/>
						<HYP HPOS="4801" VPOS="2403" WIDTH="33" CONTENT="-"/>
					</TextLine>
					<TextLine ID="P1_TL00148" HPOS="3332" VPOS="2471" WIDTH="1503" HEIGHT="60">
						<String ID="P1_ST00902" HPOS="3332" VPOS="2477" WIDTH="366" HEIGHT="53" CONTENT="präsentanten" SUBS_TYPE="HypPart2" SUBS_CONTENT="Repräsentanten" WC="1.00" CC="100000003004"/>
						<SP ID="P1_SP00756" HPOS="3698" VPOS="2530" WIDTH="33"/>
						<String ID="P1_ST00903" HPOS="3731" VPOS="2487" WIDTH="290" HEIGHT="44" CONTENT="gemessen." WC="1.00" CC="900000004"/>
						<SP ID="P1_SP00757" HPOS="4021" VPOS="2531" WIDTH="64"/>
						<String ID="P1_ST00904" HPOS="4085" VPOS="2474" WIDTH="147" HEIGHT="48" CONTENT="Denn" WC="1.00" CC="0000"/>
						<SP ID="P1_SP00758" HPOS="4232" VPOS="2531" WIDTH="36"/>
						<String ID="P1_ST00905" HPOS="4268" VPOS="2475" WIDTH="78" HEIGHT="48" CONTENT="die" WC="1.00" CC="000"/>
						<SP ID="P1_SP00759" HPOS="4346" VPOS="2531" WIDTH="31"/>
						<String ID="P1_ST00906" HPOS="4377" VPOS="2474" WIDTH="254" HEIGHT="55" CONTENT="jeweilige" WC="0.99" CC="500021192"/>
						<SP ID="P1_SP00760" HPOS="4631" VPOS="2531" WIDTH="32"/>
						<String ID="P1_ST00907" HPOS="4663" VPOS="2471" WIDTH="172" HEIGHT="49" CONTENT="Phase" WC="1.00" CC="00000"/>
					</TextLine>
					<TextLine ID="P1_TL00149" HPOS="3333" VPOS="2542" WIDTH="1502" HEIGHT="59">
						<String ID="P1_ST00908" HPOS="3333" VPOS="2545" WIDTH="90" HEIGHT="47" CONTENT="der" WC="0.99" CC="002"/>
						<SP ID="P1_SP00761" HPOS="3423" VPOS="2592" WIDTH="35"/>
						<String ID="P1_ST00909" HPOS="3458" VPOS="2543" WIDTH="356" HEIGHT="58" CONTENT="Entwicklung" WC="1.00" CC="50000505000"/>
						<SP ID="P1_SP00762" HPOS="3814" VPOS="2601" WIDTH="69"/>
						<String ID="P1_ST00910" HPOS="3883" VPOS="2548" WIDTH="139" HEIGHT="46" CONTENT="eines" WC="0.99" CC="40100"/>
						<SP ID="P1_SP00763" HPOS="4022" VPOS="2601" WIDTH="34"/>
						<String ID="P1_ST00911" HPOS="4056" VPOS="2546" WIDTH="253" HEIGHT="54" CONTENT="geistigen" WC="0.99" CC="900003020"/>
						<SP ID="P1_SP00764" HPOS="4309" VPOS="2601" WIDTH="35"/>
						<String ID="P1_ST00912" HPOS="4344" VPOS="2542" WIDTH="241" HEIGHT="56" CONTENT="Systems" WC="1.00" CC="0000000"/>
						<SP ID="P1_SP00765" HPOS="4585" VPOS="2601" WIDTH="69"/>
						<String ID="P1_ST00913" HPOS="4654" VPOS="2542" WIDTH="181" HEIGHT="49" CONTENT="drückt" WC="1.00" CC="000100"/>
					</TextLine>
					<TextLine ID="P1_TL00150" HPOS="3332" VPOS="2610" WIDTH="1503" HEIGHT="58">
						<String ID="P1_ST00914" HPOS="3332" VPOS="2614" WIDTH="108" HEIGHT="48" CONTENT="sich" WC="1.00" CC="0000"/>
						<SP ID="P1_SP00766" HPOS="3440" VPOS="2662" WIDTH="31"/>
						<String ID="P1_ST00915" HPOS="3471" VPOS="2616" WIDTH="92" HEIGHT="47" CONTENT="mit" WC="1.00" CC="000"/>
						<SP ID="P1_SP00767" HPOS="3563" VPOS="2663" WIDTH="28"/>
						<String ID="P1_ST00916" HPOS="3591" VPOS="2614" WIDTH="408" HEIGHT="49" CONTENT="verräterischer" WC="1.00" CC="00300000204000"/>
						<SP ID="P1_SP00768" HPOS="3999" VPOS="2663" WIDTH="32"/>
						<String ID="P1_ST00917" HPOS="4031" VPOS="2613" WIDTH="226" HEIGHT="55" CONTENT="Klarheit" WC="0.99" CC="66000010"/>
						<SP ID="P1_SP00769" HPOS="4257" VPOS="2668" WIDTH="31"/>
						<String ID="P1_ST00918" HPOS="4288" VPOS="2615" WIDTH="48" HEIGHT="47" CONTENT="in" WC="1.00" CC="00"/>
						<SP ID="P1_SP00770" HPOS="4336" VPOS="2668" WIDTH="34"/>
						<String ID="P1_ST00919" HPOS="4370" VPOS="2615" WIDTH="166" HEIGHT="47" CONTENT="seiner" WC="0.99" CC="032502"/>
						<SP ID="P1_SP00771" HPOS="4536" VPOS="2668" WIDTH="32"/>
						<String ID="P1_ST00920" HPOS="4568" VPOS="2610" WIDTH="267" HEIGHT="57" CONTENT="Fähigkeit" WC="1.00" CC="500000000"/>
					</TextLine>
					<TextLine ID="P1_TL00151" HPOS="3333" VPOS="2682" WIDTH="1502" HEIGHT="59">
						<String ID="P1_ST00921" HPOS="3333" VPOS="2698" WIDTH="108" HEIGHT="43" CONTENT="aus," WC="0.99" CC="0600"/>
						<SP ID="P1_SP00772" HPOS="3441" VPOS="2741" WIDTH="39"/>
						<String ID="P1_ST00922" HPOS="3480" VPOS="2683" WIDTH="577" HEIGHT="56" CONTENT="Vollpersönlichkeiten" WC="1.00" CC="40427220005020001000"/>
						<SP ID="P1_SP00773" HPOS="4057" VPOS="2741" WIDTH="70"/>
						<String ID="P1_ST00923" HPOS="4127" VPOS="2682" WIDTH="558" HEIGHT="56" CONTENT="zusammenzuballen;" WC="1.00" CC="04000024030016002"/>
						<SP ID="P1_SP00774" HPOS="4685" VPOS="2741" WIDTH="60"/>
						<String ID="P1_ST00924" HPOS="4745" VPOS="2682" WIDTH="90" HEIGHT="48" CONTENT="der" WC="1.00" CC="000"/>
					</TextLine>
					<TextLine ID="P1_TL00152" HPOS="3335" VPOS="2751" WIDTH="1499" HEIGHT="57">
						<String ID="P1_ST00925" HPOS="3335" VPOS="2753" WIDTH="144" HEIGHT="49" CONTENT="Geist" WC="0.99" CC="60000"/>
						<SP ID="P1_SP00775" HPOS="3479" VPOS="2802" WIDTH="29"/>
						<String ID="P1_ST00926" HPOS="3508" VPOS="2755" WIDTH="207" HEIGHT="47" CONTENT="erweist" WC="1.00" CC="0200100"/>
						<SP ID="P1_SP00776" HPOS="3715" VPOS="2802" WIDTH="29"/>
						<String ID="P1_ST00927" HPOS="3744" VPOS="2753" WIDTH="108" HEIGHT="49" CONTENT="sich" WC="0.98" CC="0252"/>
						<SP ID="P1_SP00777" HPOS="3852" VPOS="2802" WIDTH="29"/>
						<String ID="P1_ST00928" HPOS="3881" VPOS="2757" WIDTH="105" HEIGHT="45" CONTENT="erst" WC="1.00" CC="0000"/>
						<SP ID="P1_SP00778" HPOS="3986" VPOS="2802" WIDTH="28"/>
						<String ID="P1_ST00929" HPOS="4014" VPOS="2752" WIDTH="158" HEIGHT="50" CONTENT="durch" WC="0.97" CC="04367"/>
						<SP ID="P1_SP00779" HPOS="4172" VPOS="2802" WIDTH="27"/>
						<String ID="P1_ST00930" HPOS="4199" VPOS="2754" WIDTH="141" HEIGHT="48" CONTENT="seine" WC="0.99" CC="01030"/>
						<SP ID="P1_SP00780" HPOS="4340" VPOS="2802" WIDTH="25"/>
						<String ID="P1_ST00931" HPOS="4365" VPOS="2751" WIDTH="469" HEIGHT="57" CONTENT="Fleischwerdung," WC="0.88" CC="510004000004000"/>
					</TextLine>
					<TextLine ID="P1_TL00153" HPOS="3333" VPOS="2819" WIDTH="1503" HEIGHT="59">
						<String ID="P1_ST00932" HPOS="3333" VPOS="2823" WIDTH="159" HEIGHT="48" CONTENT="durch" WC="0.99" CC="00403"/>
						<SP ID="P1_SP00781" HPOS="3492" VPOS="2871" WIDTH="31"/>
						<String ID="P1_ST00933" HPOS="3523" VPOS="2824" WIDTH="141" HEIGHT="47" CONTENT="seine" WC="0.99" CC="00360"/>
						<SP ID="P1_SP00782" HPOS="3664" VPOS="2871" WIDTH="32"/>
						<String ID="P1_ST00934" HPOS="3696" VPOS="2823" WIDTH="227" HEIGHT="55" CONTENT="Apostel." WC="1.00" CC="00000011"/>
						<SP ID="P1_SP00783" HPOS="3923" VPOS="2878" WIDTH="94"/>
						<String ID="P1_ST00935" HPOS="4017" VPOS="2821" WIDTH="194" HEIGHT="49" CONTENT="Darum" WC="0.99" CC="00330"/>
						<SP ID="P1_SP00784" HPOS="4211" VPOS="2878" WIDTH="64"/>
						<String ID="P1_ST00936" HPOS="4275" VPOS="2821" WIDTH="238" HEIGHT="56" CONTENT="verlangt" WC="0.99" CC="00135090"/>
						<SP ID="P1_SP00785" HPOS="4513" VPOS="2878" WIDTH="66"/>
						<String ID="P1_ST00937" HPOS="4579" VPOS="2820" WIDTH="91" HEIGHT="49" CONTENT="das" WC="1.00" CC="000"/>
						<SP ID="P1_SP00786" HPOS="4670" VPOS="2878" WIDTH="34"/>
						<String ID="P1_ST00938" HPOS="4704" VPOS="2819" WIDTH="132" HEIGHT="50" CONTENT="Volk" WC="0.99" CC="0240"/>
					</TextLine>
					<TextLine ID="P1_TL00154" HPOS="3335" VPOS="2888" WIDTH="1499" HEIGHT="62">
						<String ID="P1_ST00939" HPOS="3335" VPOS="2894" WIDTH="266" HEIGHT="47" CONTENT="einerseits" WC="1.00" CC="3050300000"/>
						<SP ID="P1_SP00787" HPOS="3601" VPOS="2941" WIDTH="57"/>
						<String ID="P1_ST00940" HPOS="3658" VPOS="2890" WIDTH="220" HEIGHT="60" CONTENT="Zeugen," WC="0.99" CC="0060160"/>
						<SP ID="P1_SP00788" HPOS="3878" VPOS="2950" WIDTH="40"/>
						<String ID="P1_ST00941" HPOS="3918" VPOS="2891" WIDTH="333" HEIGHT="57" CONTENT="Blutzeugen," WC="0.99" CC="05400050050"/>
						<SP ID="P1_SP00789" HPOS="4251" VPOS="2950" WIDTH="73"/>
						<String ID="P1_ST00942" HPOS="4324" VPOS="2891" WIDTH="345" HEIGHT="49" CONTENT="andererseits" WC="1.00" CC="000040300200"/>
						<SP ID="P1_SP00790" HPOS="4669" VPOS="2950" WIDTH="40"/>
						<String ID="P1_ST00943" HPOS="4709" VPOS="2888" WIDTH="94" HEIGHT="50" CONTENT="Per" SUBS_TYPE="HypPart1" SUBS_CONTENT="Persönlichkeiten," WC="0.99" CC="000"/>
						<HYP HPOS="4803" VPOS="2888" WIDTH="31" CONTENT="-"/>
					</TextLine>
					<TextLine ID="P1_TL00155" HPOS="3333" VPOS="2960" WIDTH="1502" HEIGHT="59">
						<String ID="P1_ST00944" HPOS="3333" VPOS="2962" WIDTH="384" HEIGHT="57" CONTENT="sönlichkeiten," SUBS_TYPE="HypPart2" SUBS_CONTENT="Persönlichkeiten," WC="1.00" CC="00660500000040"/>
						<SP ID="P1_SP00791" HPOS="3717" VPOS="3019" WIDTH="73"/>
						<String ID="P1_ST00945" HPOS="3790" VPOS="2962" WIDTH="78" HEIGHT="48" CONTENT="die" WC="0.99" CC="030"/>
						<SP ID="P1_SP00792" HPOS="3868" VPOS="3019" WIDTH="42"/>
						<String ID="P1_ST00946" HPOS="3910" VPOS="2961" WIDTH="157" HEIGHT="49" CONTENT="durch" WC="0.98" CC="03440"/>
						<SP ID="P1_SP00793" HPOS="4067" VPOS="3019" WIDTH="40"/>
						<String ID="P1_ST00947" HPOS="4107" VPOS="2962" WIDTH="108" HEIGHT="48" CONTENT="ihre" WC="0.99" CC="4000"/>
						<SP ID="P1_SP00794" HPOS="4215" VPOS="3019" WIDTH="36"/>
						<String ID="P1_ST00948" HPOS="4251" VPOS="2960" WIDTH="465" HEIGHT="49" CONTENT="Vollkommenheit" WC="1.00" CC="00330000405420"/>
						<SP ID="P1_SP00795" HPOS="4716" VPOS="3019" WIDTH="40"/>
						<String ID="P1_ST00949" HPOS="4756" VPOS="2960" WIDTH="79" HEIGHT="47" CONTENT="die" WC="0.99" CC="020"/>
					</TextLine>
					<TextLine ID="P1_TL00156" HPOS="3333" VPOS="3027" WIDTH="1501" HEIGHT="59">
						<String ID="P1_ST00950" HPOS="3333" VPOS="3031" WIDTH="392" HEIGHT="55" CONTENT="Kristallisation" WC="1.00" CC="976000422000130"/>
						<SP ID="P1_SP00796" HPOS="3725" VPOS="3086" WIDTH="45"/>
						<String ID="P1_ST00951" HPOS="3770" VPOS="3031" WIDTH="91" HEIGHT="49" CONTENT="des" WC="1.00" CC="000"/>
						<SP ID="P1_SP00797" HPOS="3861" VPOS="3086" WIDTH="45"/>
						<String ID="P1_ST00952" HPOS="3906" VPOS="3029" WIDTH="308" HEIGHT="49" CONTENT="Gedankens" WC="1.00" CC="600000000"/>
						<SP ID="P1_SP00798" HPOS="4214" VPOS="3086" WIDTH="44"/>
						<String ID="P1_ST00953" HPOS="4258" VPOS="3044" WIDTH="90" HEIGHT="34" CONTENT="zur" WC="0.97" CC="204"/>
						<SP ID="P1_SP00799" HPOS="4348" VPOS="3086" WIDTH="43"/>
						<String ID="P1_ST00954" HPOS="4391" VPOS="3028" WIDTH="311" HEIGHT="56" CONTENT="plastischen" WC="1.00" CC="06000307000"/>
						<SP ID="P1_SP00800" HPOS="4702" VPOS="3086" WIDTH="43"/>
						<String ID="P1_ST00955" HPOS="4745" VPOS="3027" WIDTH="60" HEIGHT="49" CONTENT="Er" SUBS_TYPE="HypPart1" SUBS_CONTENT="Erscheinung" WC="0.96" CC="50"/>
						<HYP HPOS="4805" VPOS="3027" WIDTH="29" CONTENT="-"/>
					</TextLine>
					<TextLine ID="P1_TL00157" HPOS="3334" VPOS="3098" WIDTH="1500" HEIGHT="59">
						<String ID="P1_ST00956" HPOS="3334" VPOS="3101" WIDTH="279" HEIGHT="56" CONTENT="scheinung" SUBS_TYPE="HypPart2" SUBS_CONTENT="Erscheinung" WC="1.00" CC="000035000"/>
						<SP ID="P1_SP00801" HPOS="3613" VPOS="3157" WIDTH="25"/>
						<String ID="P1_ST00957" HPOS="3638" VPOS="3101" WIDTH="226" HEIGHT="56" CONTENT="bringen." WC="0.99" CC="02060063"/>
						<SP ID="P1_SP00802" HPOS="3864" VPOS="3157" WIDTH="59"/>
						<String ID="P1_ST00958" HPOS="3923" VPOS="3100" WIDTH="173" HEIGHT="49" CONTENT="Selbst" WC="1.00" CC="003000"/>
						<SP ID="P1_SP00803" HPOS="4096" VPOS="3157" WIDTH="27"/>
						<String ID="P1_ST00959" HPOS="4123" VPOS="3100" WIDTH="93" HEIGHT="49" CONTENT="Stil" WC="0.99" CC="0006"/>
						<SP ID="P1_SP00804" HPOS="4216" VPOS="3157" WIDTH="27"/>
						<String ID="P1_ST00960" HPOS="4243" VPOS="3100" WIDTH="100" HEIGHT="48" CONTENT="und" WC="0.98" CC="400"/>
						<SP ID="P1_SP00805" HPOS="4343" VPOS="3157" WIDTH="27"/>
						<String ID="P1_ST00961" HPOS="4370" VPOS="3098" WIDTH="230" HEIGHT="57" CONTENT="Sprache" WC="1.00" CC="0030300"/>
						<SP ID="P1_SP00806" HPOS="4600" VPOS="3157" WIDTH="26"/>
						<String ID="P1_ST00962" HPOS="4626" VPOS="3102" WIDTH="208" HEIGHT="45" CONTENT="müssen" WC="1.00" CC="000000"/>
					</TextLine>
					<TextLine ID="P1_TL00158" HPOS="3333" VPOS="3167" WIDTH="1501" HEIGHT="57">
						<String ID="P1_ST00963" HPOS="3333" VPOS="3170" WIDTH="207" HEIGHT="50" CONTENT="Beweis" WC="1.00" CC="100000"/>
						<SP ID="P1_SP00807" HPOS="3540" VPOS="3220" WIDTH="33"/>
						<String ID="P1_ST00964" HPOS="3573" VPOS="3171" WIDTH="230" HEIGHT="48" CONTENT="machen." WC="0.99" CC="0008051"/>
						<SP ID="P1_SP00808" HPOS="3803" VPOS="3220" WIDTH="64"/>
						<String ID="P1_ST00965" HPOS="3867" VPOS="3168" WIDTH="166" HEIGHT="50" CONTENT="Wenn" WC="0.99" CC="2002"/>
						<SP ID="P1_SP00809" HPOS="4033" VPOS="3220" WIDTH="34"/>
						<String ID="P1_ST00966" HPOS="4067" VPOS="3170" WIDTH="89" HEIGHT="47" CONTENT="der" WC="0.99" CC="002"/>
						<SP ID="P1_SP00810" HPOS="4156" VPOS="3220" WIDTH="32"/>
						<String ID="P1_ST00967" HPOS="4188" VPOS="3167" WIDTH="271" HEIGHT="57" CONTENT="Zeitpunkt" WC="1.00" CC="003005000"/>
						<SP ID="P1_SP00811" HPOS="4459" VPOS="3224" WIDTH="32"/>
						<String ID="P1_ST00968" HPOS="4491" VPOS="3168" WIDTH="78" HEIGHT="48" CONTENT="für" WC="0.96" CC="603"/>
						<SP ID="P1_SP00812" HPOS="4569" VPOS="3224" WIDTH="34"/>
						<String ID="P1_ST00969" HPOS="4603" VPOS="3169" WIDTH="111" HEIGHT="47" CONTENT="eine" WC="0.99" CC="0032"/>
						<SP ID="P1_SP00813" HPOS="4714" VPOS="3224" WIDTH="32"/>
						<String ID="P1_ST00970" HPOS="4746" VPOS="3167" WIDTH="59" HEIGHT="48" CONTENT="be" SUBS_TYPE="HypPart1" SUBS_CONTENT="bestimmte" WC="0.98" CC="00"/>
						<HYP HPOS="4805" VPOS="3167" WIDTH="29" CONTENT="-"/>
					</TextLine>
					<TextLine ID="P1_TL00159" HPOS="3334" VPOS="3236" WIDTH="1503" HEIGHT="59">
						<String ID="P1_ST00971" HPOS="3334" VPOS="3243" WIDTH="227" HEIGHT="46" CONTENT="stimmte" SUBS_TYPE="HypPart2" SUBS_CONTENT="bestimmte" WC="1.00" CC="0030000"/>
						<SP ID="P1_SP00814" HPOS="3561" VPOS="3289" WIDTH="32"/>
						<String ID="P1_ST00972" HPOS="3593" VPOS="3239" WIDTH="393" HEIGHT="55" CONTENT="Kristallisation" WC="1.00" CC="000000243000421"/>
						<SP ID="P1_SP00815" HPOS="3986" VPOS="3294" WIDTH="31"/>
						<String ID="P1_ST00973" HPOS="4017" VPOS="3238" WIDTH="93" HEIGHT="49" CONTENT="reif" WC="0.97" CC="3116"/>
						<SP ID="P1_SP00816" HPOS="4110" VPOS="3294" WIDTH="34"/>
						<String ID="P1_ST00974" HPOS="4144" VPOS="3241" WIDTH="79" HEIGHT="54" CONTENT="ist," WC="1.00" CC="0000"/>
						<SP ID="P1_SP00817" HPOS="4223" VPOS="3295" WIDTH="35"/>
						<String ID="P1_ST00975" HPOS="4258" VPOS="3239" WIDTH="132" HEIGHT="47" CONTENT="dann" WC="0.97" CC="0247"/>
						<SP ID="P1_SP00818" HPOS="4390" VPOS="3295" WIDTH="33"/>
						<String ID="P1_ST00976" HPOS="4423" VPOS="3237" WIDTH="184" HEIGHT="49" CONTENT="schafft" WC="0.99" CC="0130760"/>
						<SP ID="P1_SP00819" HPOS="4607" VPOS="3295" WIDTH="33"/>
						<String ID="P1_ST00977" HPOS="4640" VPOS="3251" WIDTH="55" HEIGHT="33" CONTENT="er" WC="1.00" CC="00"/>
						<SP ID="P1_SP00820" HPOS="4695" VPOS="3295" WIDTH="33"/>
						<String ID="P1_ST00978" HPOS="4728" VPOS="3236" WIDTH="109" HEIGHT="49" CONTENT="sich" WC="0.98" CC="0250"/>
					</TextLine>
					<TextLine ID="P1_TL00160" HPOS="3334" VPOS="3306" WIDTH="1501" HEIGHT="60">
						<String ID="P1_ST00979" HPOS="3334" VPOS="3312" WIDTH="141" HEIGHT="47" CONTENT="seine" WC="1.00" CC="00000"/>
						<SP ID="P1_SP00821" HPOS="3475" VPOS="3359" WIDTH="36"/>
						<String ID="P1_ST00980" HPOS="3511" VPOS="3309" WIDTH="264" HEIGHT="57" CONTENT="markigen" WC="0.99" CC="00300904"/>
						<SP ID="P1_SP00822" HPOS="3775" VPOS="3366" WIDTH="37"/>
						<String ID="P1_ST00981" HPOS="3812" VPOS="3307" WIDTH="446" HEIGHT="57" CONTENT="Repräsentanten" WC="1.00" CC="90030010008000"/>
						<SP ID="P1_SP00823" HPOS="4258" VPOS="3366" WIDTH="36"/>
						<String ID="P1_ST00982" HPOS="4294" VPOS="3308" WIDTH="100" HEIGHT="48" CONTENT="und" WC="0.98" CC="240"/>
						<SP ID="P1_SP00824" HPOS="4394" VPOS="3366" WIDTH="37"/>
						<String ID="P1_ST00983" HPOS="4431" VPOS="3306" WIDTH="218" HEIGHT="49" CONTENT="verleiht" WC="1.00" CC="03050000"/>
						<SP ID="P1_SP00825" HPOS="4649" VPOS="3366" WIDTH="38"/>
						<String ID="P1_ST00984" HPOS="4687" VPOS="3306" WIDTH="148" HEIGHT="48" CONTENT="ihnen" WC="0.99" CC="40200"/>
					</TextLine>
					<TextLine ID="P1_TL00161" HPOS="3336" VPOS="3376" WIDTH="1500" HEIGHT="58">
						<String ID="P1_ST00985" HPOS="3336" VPOS="3382" WIDTH="109" HEIGHT="46" CONTENT="eine" WC="0.99" CC="0040"/>
						<SP ID="P1_SP00826" HPOS="3445" VPOS="3428" WIDTH="34"/>
						<String ID="P1_ST00986" HPOS="3479" VPOS="3381" WIDTH="90" HEIGHT="46" CONTENT="mit" WC="0.98" CC="040"/>
						<SP ID="P1_SP00827" HPOS="3569" VPOS="3428" WIDTH="63"/>
						<String ID="P1_ST00987" HPOS="3632" VPOS="3382" WIDTH="165" HEIGHT="44" CONTENT="rotem" WC="0.99" CC="04000"/>
						<SP ID="P1_SP00828" HPOS="3797" VPOS="3428" WIDTH="35"/>
						<String ID="P1_ST00988" HPOS="3832" VPOS="3376" WIDTH="148" HEIGHT="50" CONTENT="Wein" WC="0.99" CC="0012"/>
						<SP ID="P1_SP00829" HPOS="3980" VPOS="3428" WIDTH="32"/>
						<String ID="P1_ST00989" HPOS="4012" VPOS="3377" WIDTH="209" HEIGHT="57" CONTENT="gefüllte" WC="0.99" CC="00704500"/>
						<SP ID="P1_SP00830" HPOS="4221" VPOS="3434" WIDTH="33"/>
						<String ID="P1_ST00990" HPOS="4254" VPOS="3376" WIDTH="244" HEIGHT="57" CONTENT="Sprache," WC="1.00" CC="00505000"/>
						<SP ID="P1_SP00831" HPOS="4498" VPOS="3434" WIDTH="37"/>
						<String ID="P1_ST00991" HPOS="4535" VPOS="3377" WIDTH="110" HEIGHT="47" CONTENT="eine" WC="0.98" CC="0350"/>
						<SP ID="P1_SP00832" HPOS="4645" VPOS="3434" WIDTH="34"/>
						<String ID="P1_ST00992" HPOS="4679" VPOS="3376" WIDTH="157" HEIGHT="55" CONTENT="pralle" WC="0.99" CC="020430"/>
					</TextLine>
					<TextLine ID="P1_TL00162" HPOS="3333" VPOS="3445" WIDTH="1361" HEIGHT="60">
						<String ID="P1_ST00993" HPOS="3333" VPOS="3449" WIDTH="231" HEIGHT="56" CONTENT="gesunde" WC="0.99" CC="0005600"/>
						<SP ID="P1_SP00833" HPOS="3564" VPOS="3505" WIDTH="30"/>
						<String ID="P1_ST00994" HPOS="3594" VPOS="3448" WIDTH="149" HEIGHT="57" CONTENT="Haut," WC="0.98" CC="60500"/>
						<SP ID="P1_SP00834" HPOS="3743" VPOS="3505" WIDTH="33"/>
						<String ID="P1_ST00995" HPOS="3776" VPOS="3451" WIDTH="146" HEIGHT="45" CONTENT="unter" WC="0.98" CC="26002"/>
						<SP ID="P1_SP00835" HPOS="3922" VPOS="3505" WIDTH="34"/>
						<String ID="P1_ST00996" HPOS="3956" VPOS="3448" WIDTH="88" HEIGHT="47" CONTENT="der" WC="0.99" CC="003"/>
						<SP ID="P1_SP00836" HPOS="4044" VPOS="3505" WIDTH="31"/>
						<String ID="P1_ST00997" HPOS="4075" VPOS="3448" WIDTH="91" HEIGHT="48" CONTENT="das" WC="1.00" CC="000"/>
						<SP ID="P1_SP00837" HPOS="4166" VPOS="3505" WIDTH="32"/>
						<String ID="P1_ST00998" HPOS="4198" VPOS="3445" WIDTH="146" HEIGHT="49" CONTENT="heiße" WC="1.00" CC="30000"/>
						<SP ID="P1_SP00838" HPOS="4344" VPOS="3505" WIDTH="31"/>
						<String ID="P1_ST00999" HPOS="4375" VPOS="3445" WIDTH="119" HEIGHT="49" CONTENT="Blut" WC="0.99" CC="0330"/>
						<SP ID="P1_SP00839" HPOS="4494" VPOS="3505" WIDTH="31"/>
						<String ID="P1_ST01000" HPOS="4525" VPOS="3445" WIDTH="169" HEIGHT="56" CONTENT="pocht." WC="0.99" CC="002004"/>
					</TextLine>
					<TextLine ID="P1_TL00163" HPOS="3459" VPOS="3513" WIDTH="1376" HEIGHT="54">
						<String ID="P1_ST01001" HPOS="3459" VPOS="3516" WIDTH="105" HEIGHT="51" CONTENT="Das" WC="0.97" CC="060"/>
						<SP ID="P1_SP00840" HPOS="3564" VPOS="3567" WIDTH="38"/>
						<String ID="P1_ST01002" HPOS="3602" VPOS="3517" WIDTH="359" HEIGHT="49" CONTENT="Anschwellen" WC="1.00" CC="06000004000"/>
						<SP ID="P1_SP00841" HPOS="3961" VPOS="3567" WIDTH="69"/>
						<String ID="P1_ST01003" HPOS="4030" VPOS="3516" WIDTH="396" HEIGHT="49" CONTENT="konservativer" WC="1.00" CC="0000240002002"/>
						<SP ID="P1_SP00842" HPOS="4426" VPOS="3567" WIDTH="70"/>
						<String ID="P1_ST01004" HPOS="4496" VPOS="3516" WIDTH="124" HEIGHT="48" CONTENT="oder" WC="0.98" CC="5004"/>
						<SP ID="P1_SP00843" HPOS="4620" VPOS="3567" WIDTH="68"/>
						<String ID="P1_ST01005" HPOS="4688" VPOS="3513" WIDTH="118" HEIGHT="50" CONTENT="reak" SUBS_TYPE="HypPart1" SUBS_CONTENT="reaktionärer" WC="0.98" CC="1320"/>
						<HYP HPOS="4806" VPOS="3513" WIDTH="29" CONTENT="-"/>
					</TextLine>
					<TextLine ID="P1_TL00164" HPOS="3333" VPOS="3584" WIDTH="1503" HEIGHT="58">
						<String ID="P1_ST01006" HPOS="3333" VPOS="3590" WIDTH="225" HEIGHT="46" CONTENT="tionärer" SUBS_TYPE="HypPart2" SUBS_CONTENT="reaktionärer" WC="1.00" CC="00020014"/>
						<SP ID="P1_SP00844" HPOS="3558" VPOS="3636" WIDTH="34"/>
						<String ID="P1_ST01007" HPOS="3592" VPOS="3586" WIDTH="514" HEIGHT="56" CONTENT="Volksgesinnungen" WC="1.00" CC="0440000005420003"/>
						<SP ID="P1_SP00845" HPOS="4106" VPOS="3642" WIDTH="66"/>
						<String ID="P1_ST01008" HPOS="4172" VPOS="3586" WIDTH="132" HEIGHT="49" CONTENT="wird" WC="0.99" CC="0020"/>
						<SP ID="P1_SP00846" HPOS="4304" VPOS="3642" WIDTH="34"/>
						<String ID="P1_ST01009" HPOS="4338" VPOS="3585" WIDTH="109" HEIGHT="50" CONTENT="sich" WC="0.99" CC="1210"/>
						<SP ID="P1_SP00847" HPOS="4447" VPOS="3642" WIDTH="67"/>
						<String ID="P1_ST01010" HPOS="4514" VPOS="3584" WIDTH="156" HEIGHT="49" CONTENT="daher" WC="0.99" CC="00603"/>
						<SP ID="P1_SP00848" HPOS="4670" VPOS="3642" WIDTH="37"/>
						<String ID="P1_ST01011" HPOS="4707" VPOS="3584" WIDTH="129" HEIGHT="48" CONTENT="auch" WC="0.97" CC="0625"/>
					</TextLine>
					<TextLine ID="P1_TL00165" HPOS="3335" VPOS="3654" WIDTH="1500" HEIGHT="52">
						<String ID="P1_ST01012" HPOS="3335" VPOS="3661" WIDTH="129" HEIGHT="45" CONTENT="stets" WC="1.00" CC="00000"/>
						<SP ID="P1_SP00849" HPOS="3464" VPOS="3706" WIDTH="40"/>
						<String ID="P1_ST01013" HPOS="3504" VPOS="3658" WIDTH="46" HEIGHT="47" CONTENT="in" WC="0.62" CC="06"/>
						<SP ID="P1_SP00850" HPOS="3550" VPOS="3706" WIDTH="72"/>
						<String ID="P1_ST01014" HPOS="3622" VPOS="3657" WIDTH="115" HEIGHT="47" CONTENT="dem" WC="1.00" CC="000"/>
						<SP ID="P1_SP00851" HPOS="3737" VPOS="3706" WIDTH="40"/>
						<String ID="P1_ST01015" HPOS="3777" VPOS="3655" WIDTH="311" HEIGHT="49" CONTENT="Erscheinen" WC="0.99" CC="4305000622"/>
						<SP ID="P1_SP00852" HPOS="4088" VPOS="3706" WIDTH="39"/>
						<String ID="P1_ST01016" HPOS="4127" VPOS="3655" WIDTH="338" HEIGHT="48" CONTENT="machtvoller" WC="1.00" CC="00400030200"/>
						<SP ID="P1_SP00853" HPOS="4465" VPOS="3706" WIDTH="40"/>
						<String ID="P1_ST01017" HPOS="4505" VPOS="3655" WIDTH="100" HEIGHT="47" CONTENT="und" WC="0.96" CC="360"/>
						<SP ID="P1_SP00854" HPOS="4605" VPOS="3706" WIDTH="40"/>
						<String ID="P1_ST01018" HPOS="4645" VPOS="3654" WIDTH="163" HEIGHT="48" CONTENT="frucht" SUBS_TYPE="HypPart1" SUBS_CONTENT="fruchtbarer" WC="0.98" CC="545400"/>
						<HYP HPOS="4808" VPOS="3654" WIDTH="27" CONTENT="-"/>
					</TextLine>
					<TextLine ID="P1_TL00166" HPOS="3334" VPOS="3724" WIDTH="1502" HEIGHT="56">
						<String ID="P1_ST01019" HPOS="3334" VPOS="3727" WIDTH="151" HEIGHT="47" CONTENT="barer" SUBS_TYPE="HypPart2" SUBS_CONTENT="fruchtbarer" WC="1.00" CC="00300"/>
						<SP ID="P1_SP00855" HPOS="3485" VPOS="3774" WIDTH="29"/>
						<String ID="P1_ST01020" HPOS="3514" VPOS="3724" WIDTH="472" HEIGHT="50" CONTENT="Persönlichkeiten" WC="1.00" CC="0040050000000000"/>
						<SP ID="P1_SP00856" HPOS="3986" VPOS="3774" WIDTH="31"/>
						<String ID="P1_ST01021" HPOS="4017" VPOS="3724" WIDTH="330" HEIGHT="50" CONTENT="nachweisen" WC="1.00" CC="0010003000"/>
						<SP ID="P1_SP00857" HPOS="4347" VPOS="3774" WIDTH="31"/>
						<String ID="P1_ST01022" HPOS="4378" VPOS="3724" WIDTH="186" HEIGHT="56" CONTENT="lassen," WC="1.00" CC="5000000"/>
						<SP ID="P1_SP00858" HPOS="4564" VPOS="3780" WIDTH="65"/>
						<String ID="P1_ST01023" HPOS="4629" VPOS="3724" WIDTH="78" HEIGHT="48" CONTENT="die" WC="0.98" CC="031"/>
						<SP ID="P1_SP00859" HPOS="4707" VPOS="3780" WIDTH="33"/>
						<String ID="P1_ST01024" HPOS="4740" VPOS="3724" WIDTH="96" HEIGHT="47" CONTENT="den" WC="1.00" CC="000"/>
					</TextLine>
					<TextLine ID="P1_TL00167" HPOS="3335" VPOS="3792" WIDTH="1501" HEIGHT="59">
						<String ID="P1_ST01025" HPOS="3335" VPOS="3796" WIDTH="208" HEIGHT="48" CONTENT="Akkord" WC="1.00" CC="000010"/>
						<SP ID="P1_SP00860" HPOS="3543" VPOS="3844" WIDTH="65"/>
						<String ID="P1_ST01026" HPOS="3608" VPOS="3795" WIDTH="376" HEIGHT="56" CONTENT="angeschlagen" WC="1.00" CC="050001045000"/>
						<SP ID="P1_SP00861" HPOS="3984" VPOS="3851" WIDTH="68"/>
						<String ID="P1_ST01027" HPOS="4052" VPOS="3794" WIDTH="180" HEIGHT="48" CONTENT="haben." WC="1.00" CC="000001"/>
						<SP ID="P1_SP00862" HPOS="4232" VPOS="3851" WIDTH="97"/>
						<String ID="P1_ST01028" HPOS="4329" VPOS="3792" WIDTH="106" HEIGHT="50" CONTENT="Das" WC="0.99" CC="020"/>
						<SP ID="P1_SP00863" HPOS="4435" VPOS="3851" WIDTH="36"/>
						<String ID="P1_ST01029" HPOS="4471" VPOS="3793" WIDTH="209" HEIGHT="56" CONTENT="Steigen" WC="1.00" CC="0002005"/>
						<SP ID="P1_SP00864" HPOS="4680" VPOS="3851" WIDTH="67"/>
						<String ID="P1_ST01030" HPOS="4747" VPOS="3793" WIDTH="89" HEIGHT="47" CONTENT="der" WC="1.00" CC="000"/>
					</TextLine>
					<TextLine ID="P1_TL00168" HPOS="3336" VPOS="3862" WIDTH="1501" HEIGHT="57">
						<String ID="P1_ST01031" HPOS="3336" VPOS="3865" WIDTH="260" HEIGHT="48" CONTENT="radikalen" WC="0.99" CC="430000203"/>
						<SP ID="P1_SP00865" HPOS="3596" VPOS="3913" WIDTH="34"/>
						<String ID="P1_ST01032" HPOS="3630" VPOS="3862" WIDTH="163" HEIGHT="50" CONTENT="Welle" WC="0.99" CC="00140"/>
						<SP ID="P1_SP00866" HPOS="3793" VPOS="3913" WIDTH="67"/>
						<String ID="P1_ST01033" HPOS="3860" VPOS="3864" WIDTH="87" HEIGHT="48" CONTENT="hat" WC="0.99" CC="030"/>
						<SP ID="P1_SP00867" HPOS="3947" VPOS="3913" WIDTH="35"/>
						<String ID="P1_ST01034" HPOS="3982" VPOS="3864" WIDTH="91" HEIGHT="49" CONTENT="das" WC="1.00" CC="000"/>
						<SP ID="P1_SP00868" HPOS="4073" VPOS="3913" WIDTH="35"/>
						<String ID="P1_ST01035" HPOS="4108" VPOS="3862" WIDTH="426" HEIGHT="57" CONTENT="vorhergehende" WC="1.00" CC="0005330010001"/>
						<SP ID="P1_SP00869" HPOS="4534" VPOS="3919" WIDTH="35"/>
						<String ID="P1_ST01036" HPOS="4569" VPOS="3862" WIDTH="268" HEIGHT="49" CONTENT="Auftreten" WC="1.00" CC="035040000"/>
					</TextLine>
					<TextLine ID="P1_TL00169" HPOS="3335" VPOS="3931" WIDTH="1502" HEIGHT="58">
						<String ID="P1_ST01037" HPOS="3335" VPOS="3933" WIDTH="379" HEIGHT="56" CONTENT="synthetischer" WC="1.00" CC="0150000100003"/>
						<SP ID="P1_SP00870" HPOS="3714" VPOS="3989" WIDTH="43"/>
						<String ID="P1_ST01038" HPOS="3757" VPOS="3932" WIDTH="310" HEIGHT="57" CONTENT="Freigeister" WC="1.00" CC="63000000000"/>
						<SP ID="P1_SP00871" HPOS="4067" VPOS="3989" WIDTH="75"/>
						<String ID="P1_ST01039" HPOS="4142" VPOS="3946" WIDTH="90" HEIGHT="35" CONTENT="zur" WC="0.98" CC="203"/>
						<SP ID="P1_SP00872" HPOS="4232" VPOS="3989" WIDTH="43"/>
						<String ID="P1_ST01040" HPOS="4275" VPOS="3932" WIDTH="437" HEIGHT="57" CONTENT="Voraussetzung," WC="1.00" CC="00103000000501"/>
						<SP ID="P1_SP00873" HPOS="4712" VPOS="3989" WIDTH="46"/>
						<String ID="P1_ST01041" HPOS="4758" VPOS="3931" WIDTH="79" HEIGHT="47" CONTENT="die" WC="1.00" CC="000"/>
					</TextLine>
					<TextLine ID="P1_TL00170" HPOS="3336" VPOS="4000" WIDTH="1500" HEIGHT="56">
						<String ID="P1_ST01042" HPOS="3336" VPOS="4005" WIDTH="261" HEIGHT="49" CONTENT="ihrerseits" WC="1.00" CC="1740000000"/>
						<SP ID="P1_SP00874" HPOS="3597" VPOS="4054" WIDTH="40"/>
						<String ID="P1_ST01043" HPOS="3637" VPOS="4004" WIDTH="193" HEIGHT="48" CONTENT="wieder" WC="1.00" CC="000005"/>
						<SP ID="P1_SP00875" HPOS="3830" VPOS="4054" WIDTH="71"/>
						<String ID="P1_ST01044" HPOS="3901" VPOS="4017" WIDTH="104" HEIGHT="34" CONTENT="von" WC="1.00" CC="000"/>
						<SP ID="P1_SP00876" HPOS="4005" VPOS="4054" WIDTH="42"/>
						<String ID="P1_ST01045" HPOS="4047" VPOS="4002" WIDTH="116" HEIGHT="48" CONTENT="dem" WC="1.00" CC="000"/>
						<SP ID="P1_SP00877" HPOS="4163" VPOS="4054" WIDTH="37"/>
						<String ID="P1_ST01046" HPOS="4200" VPOS="4000" WIDTH="421" HEIGHT="51" CONTENT="Vorhandensein" WC="1.00" CC="0016000000006"/>
						<SP ID="P1_SP00878" HPOS="4621" VPOS="4054" WIDTH="41"/>
						<String ID="P1_ST01047" HPOS="4662" VPOS="4000" WIDTH="145" HEIGHT="56" CONTENT="aufge" SUBS_TYPE="HypPart1" SUBS_CONTENT="aufgespeicherter" WC="0.98" CC="05600"/>
						<HYP HPOS="4807" VPOS="4000" WIDTH="29" CONTENT="-"/>
					</TextLine>
					<TextLine ID="P1_TL00171" HPOS="3335" VPOS="4070" WIDTH="1500" HEIGHT="59">
						<String ID="P1_ST01048" HPOS="3335" VPOS="4074" WIDTH="315" HEIGHT="55" CONTENT="speicherter" SUBS_TYPE="HypPart2" SUBS_CONTENT="aufgespeicherter" WC="1.00" CC="10024004002"/>
						<SP ID="P1_SP00879" HPOS="3650" VPOS="4129" WIDTH="45"/>
						<String ID="P1_ST01049" HPOS="3695" VPOS="4075" WIDTH="411" HEIGHT="46" CONTENT="unverwerteter" WC="0.80" CC="5330004200004"/>
						<SP ID="P1_SP00880" HPOS="4106" VPOS="4129" WIDTH="43"/>
						<String ID="P1_ST01050" HPOS="4149" VPOS="4070" WIDTH="554" HEIGHT="50" CONTENT="Materialrückstände" WC="1.00" CC="000120063050000505"/>
						<SP ID="P1_SP00881" HPOS="4703" VPOS="4129" WIDTH="45"/>
						<String ID="P1_ST01051" HPOS="4748" VPOS="4070" WIDTH="58" HEIGHT="47" CONTENT="be" SUBS_TYPE="HypPart1" SUBS_CONTENT="bedingt" WC="0.99" CC="00"/>
						<HYP HPOS="4806" VPOS="4070" WIDTH="29" CONTENT="-"/>
					</TextLine>
					<TextLine ID="P1_TL00172" HPOS="3336" VPOS="4139" WIDTH="1499" HEIGHT="60">
						<String ID="P1_ST01052" HPOS="3336" VPOS="4144" WIDTH="138" HEIGHT="55" CONTENT="dingt" SUBS_TYPE="HypPart2" SUBS_CONTENT="bedingt" WC="0.99" CC="02600"/>
						<SP ID="P1_SP00882" HPOS="3474" VPOS="4199" WIDTH="33"/>
						<String ID="P1_ST01053" HPOS="3507" VPOS="4144" WIDTH="125" HEIGHT="47" CONTENT="sind." WC="0.98" CC="02604"/>
						<SP ID="P1_SP00883" HPOS="3632" VPOS="4199" WIDTH="64"/>
						<String ID="P1_ST01054" HPOS="3696" VPOS="4141" WIDTH="147" HEIGHT="49" CONTENT="Nicht" WC="0.99" CC="22400"/>
						<SP ID="P1_SP00884" HPOS="3843" VPOS="4199" WIDTH="33"/>
						<String ID="P1_ST01055" HPOS="3876" VPOS="4142" WIDTH="79" HEIGHT="47" CONTENT="die" WC="0.99" CC="030"/>
						<SP ID="P1_SP00885" HPOS="3955" VPOS="4199" WIDTH="31"/>
						<String ID="P1_ST01056" HPOS="3986" VPOS="4140" WIDTH="472" HEIGHT="49" CONTENT="Persönlichkeiten" WC="1.00" CC="0000051100031002"/>
						<SP ID="P1_SP00886" HPOS="4458" VPOS="4199" WIDTH="32"/>
						<String ID="P1_ST01057" HPOS="4490" VPOS="4139" WIDTH="216" HEIGHT="49" CONTENT="machen" WC="1.00" CC="000300"/>
						<SP ID="P1_SP00887" HPOS="4706" VPOS="4199" WIDTH="34"/>
						<String ID="P1_ST01058" HPOS="4740" VPOS="4140" WIDTH="95" HEIGHT="48" CONTENT="den" WC="0.97" CC="026"/>
					</TextLine>
					<TextLine ID="P1_TL00173" HPOS="3336" VPOS="4210" WIDTH="1501" HEIGHT="60">
						<String ID="P1_ST01059" HPOS="3336" VPOS="4212" WIDTH="258" HEIGHT="58" CONTENT="Zeitgeist," WC="1.00" CC="0030900002"/>
						<SP ID="P1_SP00888" HPOS="3594" VPOS="4270" WIDTH="67"/>
						<String ID="P1_ST01060" HPOS="3661" VPOS="4211" WIDTH="129" HEIGHT="49" CONTENT="auch" WC="1.00" CC="0020"/>
						<SP ID="P1_SP00889" HPOS="3790" VPOS="4270" WIDTH="34"/>
						<String ID="P1_ST01061" HPOS="3824" VPOS="4210" WIDTH="138" HEIGHT="49" CONTENT="nicht" WC="0.99" CC="03200"/>
						<SP ID="P1_SP00890" HPOS="3962" VPOS="4270" WIDTH="38"/>
						<String ID="P1_ST01062" HPOS="4000" VPOS="4210" WIDTH="317" HEIGHT="57" CONTENT="umgekehrt," WC="1.00" CC="3000000400"/>
						<SP ID="P1_SP00891" HPOS="4317" VPOS="4270" WIDTH="37"/>
						<String ID="P1_ST01063" HPOS="4354" VPOS="4210" WIDTH="223" HEIGHT="49" CONTENT="sondern" WC="1.00" CC="0000040"/>
						<SP ID="P1_SP00892" HPOS="4577" VPOS="4270" WIDTH="38"/>
						<String ID="P1_ST01064" HPOS="4615" VPOS="4211" WIDTH="75" HEIGHT="46" CONTENT="sie" WC="0.98" CC="005"/>
						<SP ID="P1_SP00893" HPOS="4690" VPOS="4270" WIDTH="36"/>
						<String ID="P1_ST01065" HPOS="4726" VPOS="4210" WIDTH="111" HEIGHT="48" CONTENT="sind" WC="0.98" CC="0070"/>
					</TextLine>
					<TextLine ID="P1_TL00174" HPOS="3337" VPOS="4278" WIDTH="1499" HEIGHT="59">
						<String ID="P1_ST01066" HPOS="3337" VPOS="4283" WIDTH="88" HEIGHT="47" CONTENT="der" WC="0.98" CC="004"/>
						<SP ID="P1_SP00894" HPOS="3425" VPOS="4330" WIDTH="36"/>
						<String ID="P1_ST01067" HPOS="3461" VPOS="4282" WIDTH="265" HEIGHT="55" CONTENT="lebendige" WC="1.00" CC="500000201"/>
						<SP ID="P1_SP00895" HPOS="3726" VPOS="4337" WIDTH="35"/>
						<String ID="P1_ST01068" HPOS="3761" VPOS="4279" WIDTH="260" HEIGHT="58" CONTENT="Zeitgeist," WC="1.00" CC="0010013000"/>
						<SP ID="P1_SP00896" HPOS="4021" VPOS="4337" WIDTH="68"/>
						<String ID="P1_ST01069" HPOS="4089" VPOS="4281" WIDTH="79" HEIGHT="46" CONTENT="die" WC="0.99" CC="030"/>
						<SP ID="P1_SP00897" HPOS="4168" VPOS="4337" WIDTH="36"/>
						<String ID="P1_ST01070" HPOS="4204" VPOS="4278" WIDTH="257" HEIGHT="50" CONTENT="sichtbare" WC="0.99" CC="042300850"/>
						<SP ID="P1_SP00898" HPOS="4461" VPOS="4337" WIDTH="36"/>
						<String ID="P1_ST01071" HPOS="4497" VPOS="4278" WIDTH="339" HEIGHT="57" CONTENT="Inkarnation," WC="0.99" CC="360025002062"/>
					</TextLine>
					<TextLine ID="P1_TL00175" HPOS="3336" VPOS="4348" WIDTH="759" HEIGHT="59">
						<String ID="P1_ST01072" HPOS="3336" VPOS="4353" WIDTH="79" HEIGHT="47" CONTENT="die" WC="0.98" CC="031"/>
						<SP ID="P1_SP00899" HPOS="3415" VPOS="4400" WIDTH="35"/>
						<String ID="P1_ST01073" HPOS="3450" VPOS="4349" WIDTH="351" HEIGHT="58" CONTENT="Sprachrohre" WC="1.00" CC="00303000000"/>
						<SP ID="P1_SP00900" HPOS="3801" VPOS="4407" WIDTH="38"/>
						<String ID="P1_ST01074" HPOS="3839" VPOS="4350" WIDTH="88" HEIGHT="48" CONTENT="der" WC="0.99" CC="003"/>
						<SP ID="P1_SP00901" HPOS="3927" VPOS="4407" WIDTH="36"/>
						<String ID="P1_ST01075" HPOS="3963" VPOS="4348" WIDTH="132" HEIGHT="50" CONTENT="Idee." WC="1.00" CC="10000"/>
					</TextLine>
					<TextLine ID="P1_TL00176" HPOS="3462" VPOS="4437" WIDTH="1375" HEIGHT="59">
						<String ID="P1_ST01076" HPOS="3462" VPOS="4441" WIDTH="52" HEIGHT="48" CONTENT="In" WC="0.56" CC="17"/>
						<SP ID="P1_SP00902" HPOS="3514" VPOS="4489" WIDTH="39"/>
						<String ID="P1_ST01077" HPOS="3553" VPOS="4442" WIDTH="115" HEIGHT="47" CONTENT="dem" WC="0.99" CC="020"/>
						<SP ID="P1_SP00903" HPOS="3668" VPOS="4489" WIDTH="38"/>
						<String ID="P1_ST01078" HPOS="3706" VPOS="4442" WIDTH="199" HEIGHT="54" CONTENT="ewigen" WC="0.99" CC="000905"/>
						<SP ID="P1_SP00904" HPOS="3905" VPOS="4496" WIDTH="36"/>
						<String ID="P1_ST01079" HPOS="3941" VPOS="4437" WIDTH="329" HEIGHT="50" CONTENT="Widerstreit" WC="1.00" CC="00003003000"/>
						<SP ID="P1_SP00905" HPOS="4270" VPOS="4496" WIDTH="36"/>
						<String ID="P1_ST01080" HPOS="4306" VPOS="4439" WIDTH="89" HEIGHT="48" CONTENT="der" WC="0.98" CC="013"/>
						<SP ID="P1_SP00906" HPOS="4395" VPOS="4496" WIDTH="38"/>
						<String ID="P1_ST01081" HPOS="4433" VPOS="4438" WIDTH="404" HEIGHT="49" CONTENT="konservativen" WC="1.00" CC="0200010000000"/>
					</TextLine>
					<TextLine ID="P1_TL00177" HPOS="3336" VPOS="4508" WIDTH="1501" HEIGHT="57">
						<String ID="P1_ST01082" HPOS="3336" VPOS="4512" WIDTH="100" HEIGHT="47" CONTENT="und" WC="0.96" CC="630"/>
						<SP ID="P1_SP00907" HPOS="3436" VPOS="4559" WIDTH="33"/>
						<String ID="P1_ST01083" HPOS="3469" VPOS="4510" WIDTH="160" HEIGHT="48" CONTENT="freien" WC="0.98" CC="610305"/>
						<SP ID="P1_SP00908" HPOS="3629" VPOS="4559" WIDTH="35"/>
						<String ID="P1_ST01084" HPOS="3664" VPOS="4509" WIDTH="203" HEIGHT="49" CONTENT="Geister" WC="0.99" CC="7000001"/>
						<SP ID="P1_SP00909" HPOS="3867" VPOS="4559" WIDTH="34"/>
						<String ID="P1_ST01085" HPOS="3901" VPOS="4508" WIDTH="143" HEIGHT="49" CONTENT="wallt" WC="0.99" CC="00150"/>
						<SP ID="P1_SP00910" HPOS="4044" VPOS="4559" WIDTH="34"/>
						<String ID="P1_ST01086" HPOS="4078" VPOS="4508" WIDTH="85" HEIGHT="49" CONTENT="auf" WC="0.96" CC="046"/>
						<SP ID="P1_SP00911" HPOS="4163" VPOS="4559" WIDTH="34"/>
						<String ID="P1_ST01087" HPOS="4197" VPOS="4508" WIDTH="101" HEIGHT="50" CONTENT="und" WC="0.96" CC="540"/>
						<SP ID="P1_SP00912" HPOS="4298" VPOS="4559" WIDTH="33"/>
						<String ID="P1_ST01088" HPOS="4331" VPOS="4508" WIDTH="79" HEIGHT="57" CONTENT="ab," WC="0.99" CC="300"/>
						<SP ID="P1_SP00913" HPOS="4410" VPOS="4565" WIDTH="34"/>
						<String ID="P1_ST01089" HPOS="4444" VPOS="4508" WIDTH="141" HEIGHT="48" CONTENT="webt" WC="1.00" CC="0000"/>
						<SP ID="P1_SP00914" HPOS="4585" VPOS="4565" WIDTH="33"/>
						<String ID="P1_ST01090" HPOS="4618" VPOS="4508" WIDTH="83" HEIGHT="48" CONTENT="hin" WC="0.98" CC="005"/>
						<SP ID="P1_SP00915" HPOS="4701" VPOS="4565" WIDTH="36"/>
						<String ID="P1_ST01091" HPOS="4737" VPOS="4508" WIDTH="100" HEIGHT="47" CONTENT="und" WC="1.00" CC="000"/>
					</TextLine>
					<TextLine ID="P1_TL00178" HPOS="3335" VPOS="4576" WIDTH="1501" HEIGHT="53">
						<String ID="P1_ST01092" HPOS="3335" VPOS="4581" WIDTH="89" HEIGHT="48" CONTENT="her" WC="0.99" CC="003"/>
						<SP ID="P1_SP00916" HPOS="3424" VPOS="4629" WIDTH="31"/>
						<String ID="P1_ST01093" HPOS="3455" VPOS="4582" WIDTH="100" HEIGHT="47" CONTENT="wie" WC="1.00" CC="000"/>
						<SP ID="P1_SP00917" HPOS="3555" VPOS="4629" WIDTH="31"/>
						<String ID="P1_ST01094" HPOS="3586" VPOS="4579" WIDTH="140" HEIGHT="49" CONTENT="Ebbe" WC="0.99" CC="3000"/>
						<SP ID="P1_SP00918" HPOS="3726" VPOS="4629" WIDTH="63"/>
						<String ID="P1_ST01095" HPOS="3789" VPOS="4579" WIDTH="100" HEIGHT="47" CONTENT="und" WC="0.98" CC="500"/>
						<SP ID="P1_SP00919" HPOS="3889" VPOS="4629" WIDTH="28"/>
						<String ID="P1_ST01096" HPOS="3917" VPOS="4577" WIDTH="115" HEIGHT="50" CONTENT="Flut" WC="0.97" CC="6410"/>
						<SP ID="P1_SP00920" HPOS="4032" VPOS="4629" WIDTH="30"/>
						<String ID="P1_ST01097" HPOS="4062" VPOS="4579" WIDTH="92" HEIGHT="47" CONTENT="das" WC="0.99" CC="030"/>
						<SP ID="P1_SP00921" HPOS="4154" VPOS="4629" WIDTH="32"/>
						<String ID="P1_ST01098" HPOS="4186" VPOS="4577" WIDTH="173" HEIGHT="49" CONTENT="Leben" WC="1.00" CC="04000"/>
						<SP ID="P1_SP00922" HPOS="4359" VPOS="4629" WIDTH="32"/>
						<String ID="P1_ST01099" HPOS="4391" VPOS="4577" WIDTH="89" HEIGHT="48" CONTENT="der" WC="0.98" CC="005"/>
						<SP ID="P1_SP00923" HPOS="4480" VPOS="4629" WIDTH="33"/>
						<String ID="P1_ST01100" HPOS="4513" VPOS="4576" WIDTH="323" HEIGHT="49" CONTENT="Geschichte." WC="0.99" CC="70004345024"/>
					</TextLine>
					<TextLine ID="P1_TL00179" HPOS="3334" VPOS="4645" WIDTH="1501" HEIGHT="58">
						<String ID="P1_ST01101" HPOS="3334" VPOS="4650" WIDTH="94" HEIGHT="48" CONTENT="Die" WC="1.00" CC="000"/>
						<SP ID="P1_SP00924" HPOS="3428" VPOS="4698" WIDTH="35"/>
						<String ID="P1_ST01102" HPOS="3463" VPOS="4649" WIDTH="328" HEIGHT="49" CONTENT="wechselnde" WC="1.00" CC="0030052600"/>
						<SP ID="P1_SP00925" HPOS="3791" VPOS="4698" WIDTH="34"/>
						<String ID="P1_ST01103" HPOS="3825" VPOS="4647" WIDTH="291" HEIGHT="56" CONTENT="Regierung" WC="0.99" CC="900011500"/>
						<SP ID="P1_SP00926" HPOS="4116" VPOS="4703" WIDTH="66"/>
						<String ID="P1_ST01104" HPOS="4182" VPOS="4648" WIDTH="90" HEIGHT="48" CONTENT="der" WC="1.00" CC="000"/>
						<SP ID="P1_SP00927" HPOS="4272" VPOS="4703" WIDTH="33"/>
						<String ID="P1_ST01105" HPOS="4305" VPOS="4645" WIDTH="181" HEIGHT="56" CONTENT="Whigs" WC="1.00" CC="00000"/>
						<SP ID="P1_SP00928" HPOS="4486" VPOS="4703" WIDTH="35"/>
						<String ID="P1_ST01106" HPOS="4521" VPOS="4646" WIDTH="101" HEIGHT="48" CONTENT="und" WC="0.97" CC="240"/>
						<SP ID="P1_SP00929" HPOS="4622" VPOS="4703" WIDTH="33"/>
						<String ID="P1_ST01107" HPOS="4655" VPOS="4645" WIDTH="180" HEIGHT="49" CONTENT="Tories" WC="0.93" CC="021000"/>
					</TextLine>
					<TextLine ID="P1_TL00180" HPOS="3334" VPOS="4716" WIDTH="1072" HEIGHT="58">
						<String ID="P1_ST01108" HPOS="3334" VPOS="4719" WIDTH="86" HEIGHT="49" CONTENT="hat" WC="1.00" CC="000"/>
						<SP ID="P1_SP00930" HPOS="3420" VPOS="4768" WIDTH="32"/>
						<String ID="P1_ST01109" HPOS="3452" VPOS="4719" WIDTH="106" HEIGHT="49" CONTENT="ihre" WC="0.99" CC="0040"/>
						<SP ID="P1_SP00931" HPOS="3558" VPOS="4768" WIDTH="31"/>
						<String ID="P1_ST01110" HPOS="3589" VPOS="4718" WIDTH="334" HEIGHT="56" CONTENT="allgemeinen" WC="1.00" CC="03400003004"/>
						<SP ID="P1_SP00932" HPOS="3923" VPOS="4774" WIDTH="32"/>
						<String ID="P1_ST01111" HPOS="3955" VPOS="4718" WIDTH="200" HEIGHT="55" CONTENT="ewigen" WC="1.00" CC="000000"/>
						<SP ID="P1_SP00933" HPOS="4155" VPOS="4774" WIDTH="30"/>
						<String ID="P1_ST01112" HPOS="4185" VPOS="4716" WIDTH="221" HEIGHT="48" CONTENT="Gründe." WC="0.99" CC="7400003"/>
					</TextLine>
					<TextLine ID="P1_TL00181" HPOS="3461" VPOS="4803" WIDTH="1375" HEIGHT="61">
						<String ID="P1_ST01113" HPOS="3461" VPOS="4807" WIDTH="90" HEIGHT="49" CONTENT="Ein" WC="0.99" CC="010"/>
						<SP ID="P1_SP00934" HPOS="3551" VPOS="4856" WIDTH="40"/>
						<String ID="P1_ST01114" HPOS="3591" VPOS="4806" WIDTH="243" HEIGHT="58" CONTENT="Voltaire," WC="1.00" CC="000000303"/>
						<SP ID="P1_SP00935" HPOS="3834" VPOS="4864" WIDTH="74"/>
						<String ID="P1_ST01115" HPOS="3908" VPOS="4806" WIDTH="285" HEIGHT="58" CONTENT="Rousseau," WC="0.99" CC="004000550"/>
						<SP ID="P1_SP00936" HPOS="4193" VPOS="4864" WIDTH="73"/>
						<String ID="P1_ST01116" HPOS="4266" VPOS="4805" WIDTH="228" HEIGHT="57" CONTENT="Diderot," WC="0.99" CC="10005003"/>
						<SP ID="P1_SP00937" HPOS="4494" VPOS="4864" WIDTH="75"/>
						<String ID="P1_ST01117" HPOS="4569" VPOS="4803" WIDTH="267" HEIGHT="49" CONTENT="Helvetius" WC="0.74" CC="634000340"/>
					</TextLine>
					<TextLine ID="P1_TL00182" HPOS="3335" VPOS="4873" WIDTH="1503" HEIGHT="56">
						<String ID="P1_ST01118" HPOS="3335" VPOS="4892" WIDTH="178" HEIGHT="35" CONTENT="waren" WC="1.00" CC="00300"/>
						<SP ID="P1_SP00938" HPOS="3513" VPOS="4927" WIDTH="31"/>
						<String ID="P1_ST01119" HPOS="3544" VPOS="4878" WIDTH="89" HEIGHT="47" CONTENT="der" WC="0.98" CC="023"/>
						<SP ID="P1_SP00939" HPOS="3633" VPOS="4927" WIDTH="30"/>
						<String ID="P1_ST01120" HPOS="3663" VPOS="4877" WIDTH="137" HEIGHT="48" CONTENT="volle" WC="0.98" CC="06040"/>
						<SP ID="P1_SP00940" HPOS="3800" VPOS="4927" WIDTH="32"/>
						<String ID="P1_ST01121" HPOS="3832" VPOS="4878" WIDTH="220" HEIGHT="47" CONTENT="restlose" WC="0.99" CC="10007204"/>
						<SP ID="P1_SP00941" HPOS="4052" VPOS="4927" WIDTH="31"/>
						<String ID="P1_ST01122" HPOS="4083" VPOS="4874" WIDTH="270" HEIGHT="50" CONTENT="Ausdruck" WC="0.99" CC="00004420"/>
						<SP ID="P1_SP00942" HPOS="4353" VPOS="4927" WIDTH="31"/>
						<String ID="P1_ST01123" HPOS="4384" VPOS="4875" WIDTH="135" HEIGHT="49" CONTENT="ihres" WC="1.00" CC="00300"/>
						<SP ID="P1_SP00943" HPOS="4519" VPOS="4927" WIDTH="33"/>
						<String ID="P1_ST01124" HPOS="4552" VPOS="4873" WIDTH="286" HEIGHT="56" CONTENT="Zeitalters," WC="1.00" CC="00100200300"/>
					</TextLine>
					<TextLine ID="P1_TL00183" HPOS="3336" VPOS="4939" WIDTH="1502" HEIGHT="57">
						<String ID="P1_ST01125" HPOS="3336" VPOS="4950" WIDTH="73" HEIGHT="45" CONTENT="sie" WC="0.99" CC="030"/>
						<SP ID="P1_SP00944" HPOS="3409" VPOS="4995" WIDTH="64"/>
						<String ID="P1_ST01126" HPOS="3473" VPOS="4946" WIDTH="185" HEIGHT="50" CONTENT="fanden" WC="0.98" CC="706030"/>
						<SP ID="P1_SP00945" HPOS="3658" VPOS="4996" WIDTH="66"/>
						<String ID="P1_ST01127" HPOS="3724" VPOS="4948" WIDTH="46" HEIGHT="46" CONTENT="in" WC="0.71" CC="05"/>
						<SP ID="P1_SP00946" HPOS="3770" VPOS="4996" WIDTH="64"/>
						<String ID="P1_ST01128" HPOS="3834" VPOS="4946" WIDTH="116" HEIGHT="48" CONTENT="dem" WC="1.00" CC="000"/>
						<SP ID="P1_SP00947" HPOS="3950" VPOS="4996" WIDTH="67"/>
						<String ID="P1_ST01129" HPOS="4017" VPOS="4944" WIDTH="448" HEIGHT="50" CONTENT="Gesamtmaterial" WC="1.00" CC="60000005003204"/>
						<SP ID="P1_SP00948" HPOS="4465" VPOS="4996" WIDTH="65"/>
						<String ID="P1_ST01130" HPOS="4530" VPOS="4943" WIDTH="134" HEIGHT="49" CONTENT="ihrer" WC="0.98" CC="05302"/>
						<SP ID="P1_SP00949" HPOS="4664" VPOS="4996" WIDTH="65"/>
						<String ID="P1_ST01131" HPOS="4729" VPOS="4939" WIDTH="109" HEIGHT="51" CONTENT="Zeit" WC="0.98" CC="8000"/>
					</TextLine>
					<TextLine ID="P1_TL00184" HPOS="3335" VPOS="5011" WIDTH="1503" HEIGHT="60">
						<String ID="P1_ST01132" HPOS="3335" VPOS="5016" WIDTH="241" HEIGHT="49" CONTENT="keinerlei" WC="1.00" CC="000503102"/>
						<SP ID="P1_SP00950" HPOS="3576" VPOS="5065" WIDTH="63"/>
						<String ID="P1_ST01133" HPOS="3639" VPOS="5017" WIDTH="174" HEIGHT="47" CONTENT="innere" WC="0.99" CC="070001"/>
						<SP ID="P1_SP00951" HPOS="3813" VPOS="5065" WIDTH="32"/>
						<String ID="P1_ST01134" HPOS="3845" VPOS="5014" WIDTH="303" HEIGHT="57" CONTENT="Hemungen" WC="0.93" CC="50000000"/>
						<SP ID="P1_SP00952" HPOS="4148" VPOS="5071" WIDTH="62"/>
						<String ID="P1_ST01135" HPOS="4210" VPOS="5027" WIDTH="112" HEIGHT="44" CONTENT="vor," WC="1.00" CC="0100"/>
						<SP ID="P1_SP00953" HPOS="4322" VPOS="5071" WIDTH="64"/>
						<String ID="P1_ST01136" HPOS="4386" VPOS="5015" WIDTH="74" HEIGHT="47" CONTENT="sie" WC="1.00" CC="000"/>
						<SP ID="P1_SP00954" HPOS="4460" VPOS="5071" WIDTH="31"/>
						<String ID="P1_ST01137" HPOS="4491" VPOS="5011" WIDTH="224" HEIGHT="49" CONTENT="konnten" WC="1.00" CC="0100000"/>
						<SP ID="P1_SP00955" HPOS="4715" VPOS="5071" WIDTH="32"/>
						<String ID="P1_ST01138" HPOS="4747" VPOS="5013" WIDTH="91" HEIGHT="47" CONTENT="mit" WC="1.00" CC="000"/>
					</TextLine>
					<TextLine ID="P1_TL00185" HPOS="3334" VPOS="5081" WIDTH="1503" HEIGHT="60">
						<String ID="P1_ST01139" HPOS="3334" VPOS="5086" WIDTH="272" HEIGHT="47" CONTENT="fröhlicher" WC="0.99" CC="6000405011"/>
						<SP ID="P1_SP00956" HPOS="3606" VPOS="5133" WIDTH="28"/>
						<String ID="P1_ST01140" HPOS="3634" VPOS="5083" WIDTH="217" HEIGHT="58" CONTENT="Energie" WC="0.99" CC="3103031"/>
						<SP ID="P1_SP00957" HPOS="3851" VPOS="5141" WIDTH="28"/>
						<String ID="P1_ST01141" HPOS="3879" VPOS="5085" WIDTH="79" HEIGHT="47" CONTENT="die" WC="1.00" CC="000"/>
						<SP ID="P1_SP00958" HPOS="3958" VPOS="5141" WIDTH="29"/>
						<String ID="P1_ST01142" HPOS="3987" VPOS="5084" WIDTH="393" HEIGHT="55" CONTENT="Kristallisation" WC="1.00" CC="072000220000000"/>
						<SP ID="P1_SP00959" HPOS="4380" VPOS="5141" WIDTH="29"/>
						<String ID="P1_ST01143" HPOS="4409" VPOS="5082" WIDTH="133" HEIGHT="49" CONTENT="ihrer" WC="1.00" CC="00004"/>
						<SP ID="P1_SP00960" HPOS="4542" VPOS="5141" WIDTH="28"/>
						<String ID="P1_ST01144" HPOS="4570" VPOS="5081" WIDTH="109" HEIGHT="50" CONTENT="Zeit" WC="1.00" CC="0010"/>
						<SP ID="P1_SP00961" HPOS="4679" VPOS="5141" WIDTH="28"/>
						<String ID="P1_ST01145" HPOS="4707" VPOS="5081" WIDTH="104" HEIGHT="49" CONTENT="voll" SUBS_TYPE="HypPart1" SUBS_CONTENT="vollziehen" WC="0.99" CC="0005"/>
						<HYP HPOS="4811" VPOS="5081" WIDTH="26" CONTENT="-"/>
					</TextLine>
					<TextLine ID="P1_TL00186" HPOS="3334" VPOS="5149" WIDTH="1503" HEIGHT="60">
						<String ID="P1_ST01146" HPOS="3334" VPOS="5155" WIDTH="179" HEIGHT="49" CONTENT="ziehen" SUBS_TYPE="HypPart2" SUBS_CONTENT="vollziehen" WC="1.00" CC="032000"/>
						<SP ID="P1_SP00962" HPOS="3513" VPOS="5204" WIDTH="63"/>
						<String ID="P1_ST01147" HPOS="3576" VPOS="5155" WIDTH="100" HEIGHT="49" CONTENT="und" WC="0.98" CC="050"/>
						<SP ID="P1_SP00963" HPOS="3676" VPOS="5204" WIDTH="63"/>
						<String ID="P1_ST01148" HPOS="3739" VPOS="5155" WIDTH="108" HEIGHT="49" CONTENT="sich" WC="0.98" CC="0350"/>
						<SP ID="P1_SP00964" HPOS="3847" VPOS="5204" WIDTH="62"/>
						<String ID="P1_ST01149" HPOS="3909" VPOS="5152" WIDTH="470" HEIGHT="57" CONTENT="Enzyklopädisten" WC="1.00" CC="353004000001000"/>
						<SP ID="P1_SP00965" HPOS="4379" VPOS="5209" WIDTH="63"/>
						<String ID="P1_ST01150" HPOS="4442" VPOS="5165" WIDTH="214" HEIGHT="36" CONTENT="nennen." WC="0.99" CC="0006063"/>
						<SP ID="P1_SP00966" HPOS="4656" VPOS="5209" WIDTH="95"/>
						<String ID="P1_ST01151" HPOS="4751" VPOS="5149" WIDTH="86" HEIGHT="49" CONTENT="Sie" WC="1.00" CC="000"/>
					</TextLine>
					<TextLine ID="P1_TL00187" HPOS="3336" VPOS="5220" WIDTH="1500" HEIGHT="61">
						<String ID="P1_ST01152" HPOS="3336" VPOS="5226" WIDTH="223" HEIGHT="47" CONTENT="konnten" WC="1.00" CC="0005000"/>
						<SP ID="P1_SP00967" HPOS="3559" VPOS="5273" WIDTH="27"/>
						<String ID="P1_ST01153" HPOS="3586" VPOS="5224" WIDTH="292" HEIGHT="49" CONTENT="bezaubern" WC="1.00" CC="010060040"/>
						<SP ID="P1_SP00968" HPOS="3878" VPOS="5273" WIDTH="28"/>
						<String ID="P1_ST01154" HPOS="3906" VPOS="5225" WIDTH="101" HEIGHT="47" CONTENT="und" WC="0.96" CC="550"/>
						<SP ID="P1_SP00969" HPOS="4007" VPOS="5273" WIDTH="27"/>
						<String ID="P1_ST01155" HPOS="4034" VPOS="5226" WIDTH="197" HEIGHT="55" CONTENT="siegen;" WC="0.99" CC="0009000"/>
						<SP ID="P1_SP00970" HPOS="4231" VPOS="5281" WIDTH="33"/>
						<String ID="P1_ST01156" HPOS="4264" VPOS="5223" WIDTH="122" HEIGHT="47" CONTENT="aber" WC="1.00" CC="0001"/>
						<SP ID="P1_SP00971" HPOS="4386" VPOS="5281" WIDTH="28"/>
						<String ID="P1_ST01157" HPOS="4414" VPOS="5222" WIDTH="92" HEIGHT="48" CONTENT="das" WC="1.00" CC="000"/>
						<SP ID="P1_SP00972" HPOS="4506" VPOS="5281" WIDTH="30"/>
						<String ID="P1_ST01158" HPOS="4536" VPOS="5220" WIDTH="270" HEIGHT="50" CONTENT="Hochzeits" SUBS_TYPE="HypPart1" SUBS_CONTENT="Hochzeitskleid" WC="0.99" CC="604700000"/>
						<HYP HPOS="4806" VPOS="5220" WIDTH="30" CONTENT="-"/>
					</TextLine>
					<TextLine ID="P1_TL00188" HPOS="3337" VPOS="5287" WIDTH="1500" HEIGHT="61">
						<String ID="P1_ST01159" HPOS="3337" VPOS="5295" WIDTH="133" HEIGHT="48" CONTENT="kleid" SUBS_TYPE="HypPart2" SUBS_CONTENT="Hochzeitskleid" WC="1.00" CC="00020"/>
						<SP ID="P1_SP00973" HPOS="3470" VPOS="5343" WIDTH="35"/>
						<String ID="P1_ST01160" HPOS="3505" VPOS="5294" WIDTH="133" HEIGHT="48" CONTENT="kann" WC="0.97" CC="0066"/>
						<SP ID="P1_SP00974" HPOS="3638" VPOS="5343" WIDTH="34"/>
						<String ID="P1_ST01161" HPOS="3672" VPOS="5307" WIDTH="118" HEIGHT="35" CONTENT="man" WC="1.00" CC="000"/>
						<SP ID="P1_SP00975" HPOS="3790" VPOS="5343" WIDTH="33"/>
						<String ID="P1_ST01162" HPOS="3823" VPOS="5292" WIDTH="138" HEIGHT="50" CONTENT="nicht" WC="0.99" CC="00400"/>
						<SP ID="P1_SP00976" HPOS="3961" VPOS="5343" WIDTH="33"/>
						<String ID="P1_ST01163" HPOS="3994" VPOS="5307" WIDTH="64" HEIGHT="35" CONTENT="an" WC="1.00" CC="00"/>
						<SP ID="P1_SP00977" HPOS="4058" VPOS="5343" WIDTH="34"/>
						<String ID="P1_ST01164" HPOS="4092" VPOS="5293" WIDTH="168" HEIGHT="54" CONTENT="jedem" WC="0.99" CC="50010"/>
						<SP ID="P1_SP00978" HPOS="4260" VPOS="5347" WIDTH="36"/>
						<String ID="P1_ST01165" HPOS="4296" VPOS="5291" WIDTH="109" HEIGHT="57" CONTENT="Tag" WC="1.00" CC="000"/>
						<SP ID="P1_SP00979" HPOS="4405" VPOS="5348" WIDTH="37"/>
						<String ID="P1_ST01166" HPOS="4442" VPOS="5290" WIDTH="259" HEIGHT="49" CONTENT="anziehen." WC="1.00" CC="000000003"/>
						<SP ID="P1_SP00980" HPOS="4701" VPOS="5348" WIDTH="68"/>
						<String ID="P1_ST01167" HPOS="4769" VPOS="5287" WIDTH="68" HEIGHT="50" CONTENT="Es" WC="0.84" CC="30"/>
					</TextLine>
					<TextLine ID="P1_TL00189" HPOS="3336" VPOS="5359" WIDTH="1502" HEIGHT="60">
						<String ID="P1_ST01168" HPOS="3336" VPOS="5369" WIDTH="208" HEIGHT="45" CONTENT="müssen" WC="1.00" CC="000004"/>
						<SP ID="P1_SP00981" HPOS="3544" VPOS="5414" WIDTH="34"/>
						<String ID="P1_ST01169" HPOS="3578" VPOS="5363" WIDTH="257" HEIGHT="49" CONTENT="feierliche" WC="1.00" CC="6000053100"/>
						<SP ID="P1_SP00982" HPOS="3835" VPOS="5414" WIDTH="32"/>
						<String ID="P1_ST01170" HPOS="3867" VPOS="5362" WIDTH="175" HEIGHT="50" CONTENT="Zeiten" WC="1.00" CC="003000"/>
						<SP ID="P1_SP00983" HPOS="4042" VPOS="5414" WIDTH="35"/>
						<String ID="P1_ST01171" HPOS="4077" VPOS="5364" WIDTH="65" HEIGHT="47" CONTENT="da" WC="1.00" CC="00"/>
						<SP ID="P1_SP00984" HPOS="4142" VPOS="5414" WIDTH="32"/>
						<String ID="P1_ST01172" HPOS="4174" VPOS="5364" WIDTH="124" HEIGHT="55" CONTENT="sein," WC="0.99" CC="00150"/>
						<SP ID="P1_SP00985" HPOS="4298" VPOS="5419" WIDTH="67"/>
						<String ID="P1_ST01173" HPOS="4365" VPOS="5375" WIDTH="55" HEIGHT="36" CONTENT="es" WC="0.98" CC="00"/>
						<SP ID="P1_SP00986" HPOS="4420" VPOS="5419" WIDTH="34"/>
						<String ID="P1_ST01174" HPOS="4454" VPOS="5359" WIDTH="119" HEIGHT="50" CONTENT="muß" WC="0.98" CC="040"/>
						<SP ID="P1_SP00987" HPOS="4573" VPOS="5419" WIDTH="35"/>
						<String ID="P1_ST01175" HPOS="4608" VPOS="5359" WIDTH="132" HEIGHT="49" CONTENT="hoch" WC="0.98" CC="4060"/>
						<SP ID="P1_SP00988" HPOS="4740" VPOS="5419" WIDTH="33"/>
						<String ID="P1_ST01176" HPOS="4773" VPOS="5372" WIDTH="65" HEIGHT="34" CONTENT="an" WC="0.73" CC="50"/>
					</TextLine>
					<TextLine ID="P1_TL00190" HPOS="3337" VPOS="5429" WIDTH="1501" HEIGHT="55">
						<String ID="P1_ST01177" HPOS="3337" VPOS="5435" WIDTH="89" HEIGHT="47" CONTENT="der" WC="0.98" CC="003"/>
						<SP ID="P1_SP00989" HPOS="3426" VPOS="5482" WIDTH="34"/>
						<String ID="P1_ST01178" HPOS="3460" VPOS="5433" WIDTH="109" HEIGHT="49" CONTENT="Zeit" WC="1.00" CC="0000"/>
						<SP ID="P1_SP00990" HPOS="3569" VPOS="5482" WIDTH="33"/>
						<String ID="P1_ST01179" HPOS="3602" VPOS="5435" WIDTH="123" HEIGHT="47" CONTENT="sein." WC="0.99" CC="00053"/>
						<SP ID="P1_SP00991" HPOS="3725" VPOS="5482" WIDTH="67"/>
						<String ID="P1_ST01180" HPOS="3792" VPOS="5432" WIDTH="136" HEIGHT="48" CONTENT="Aber" WC="1.00" CC="0000"/>
						<SP ID="P1_SP00992" HPOS="3928" VPOS="5482" WIDTH="34"/>
						<String ID="P1_ST01181" HPOS="3962" VPOS="5433" WIDTH="90" HEIGHT="47" CONTENT="der" WC="1.00" CC="000"/>
						<SP ID="P1_SP00993" HPOS="4052" VPOS="5482" WIDTH="34"/>
						<String ID="P1_ST01182" HPOS="4086" VPOS="5431" WIDTH="190" HEIGHT="49" CONTENT="Schatz" WC="1.00" CC="000000"/>
						<SP ID="P1_SP00994" HPOS="4276" VPOS="5482" WIDTH="34"/>
						<String ID="P1_ST01183" HPOS="4310" VPOS="5431" WIDTH="90" HEIGHT="49" CONTENT="der" WC="0.98" CC="004"/>
						<SP ID="P1_SP00995" HPOS="4400" VPOS="5482" WIDTH="33"/>
						<String ID="P1_ST01184" HPOS="4433" VPOS="5430" WIDTH="110" HEIGHT="50" CONTENT="Zeit" WC="1.00" CC="0000"/>
						<SP ID="P1_SP00996" HPOS="4543" VPOS="5482" WIDTH="34"/>
						<String ID="P1_ST01185" HPOS="4577" VPOS="5429" WIDTH="261" HEIGHT="55" CONTENT="erschöpft" WC="0.99" CC="230500060"/>
					</TextLine>
					<TextLine ID="P1_TL00191" HPOS="3337" VPOS="5498" WIDTH="1501" HEIGHT="63">
						<String ID="P1_ST01186" HPOS="3337" VPOS="5503" WIDTH="123" HEIGHT="58" CONTENT="sich," WC="0.99" CC="00303"/>
						<SP ID="P1_SP00997" HPOS="3460" VPOS="5561" WIDTH="67"/>
						<String ID="P1_ST01187" HPOS="3527" VPOS="5517" WIDTH="53" HEIGHT="34" CONTENT="er" WC="0.75" CC="04"/>
						<SP ID="P1_SP00998" HPOS="3580" VPOS="5561" WIDTH="34"/>
						<String ID="P1_ST01188" HPOS="3614" VPOS="5502" WIDTH="105" HEIGHT="50" CONTENT="läßt" WC="1.00" CC="0000"/>
						<SP ID="P1_SP00999" HPOS="3719" VPOS="5561" WIDTH="66"/>
						<String ID="P1_ST01189" HPOS="3785" VPOS="5516" WIDTH="93" HEIGHT="34" CONTENT="nur" WC="0.97" CC="043"/>
						<SP ID="P1_SP01000" HPOS="3878" VPOS="5561" WIDTH="36"/>
						<String ID="P1_ST01190" HPOS="3914" VPOS="5503" WIDTH="110" HEIGHT="49" CONTENT="eine" WC="0.98" CC="0460"/>
						<SP ID="P1_SP01001" HPOS="4024" VPOS="5561" WIDTH="63"/>
						<String ID="P1_ST01191" HPOS="4087" VPOS="5503" WIDTH="228" HEIGHT="56" CONTENT="gewisse" WC="0.99" CC="9002000"/>
						<SP ID="P1_SP01002" HPOS="4315" VPOS="5561" WIDTH="31"/>
						<String ID="P1_ST01192" HPOS="4346" VPOS="5500" WIDTH="263" HEIGHT="49" CONTENT="Ausbeute" WC="0.99" CC="06001600"/>
						<SP ID="P1_SP01003" HPOS="4609" VPOS="5561" WIDTH="35"/>
						<String ID="P1_ST01193" HPOS="4644" VPOS="5513" WIDTH="77" HEIGHT="43" CONTENT="zu," WC="0.99" CC="030"/>
						<SP ID="P1_SP01004" HPOS="4721" VPOS="5561" WIDTH="37"/>
						<String ID="P1_ST01194" HPOS="4758" VPOS="5498" WIDTH="80" HEIGHT="48" CONTENT="die" WC="0.99" CC="002"/>
					</TextLine>
					<TextLine ID="P1_TL00192" HPOS="3336" VPOS="5569" WIDTH="1500" HEIGHT="58">
						<String ID="P1_ST01195" HPOS="3336" VPOS="5573" WIDTH="220" HEIGHT="48" CONTENT="silberne" WC="1.00" CC="00402300"/>
						<SP ID="P1_SP01005" HPOS="3556" VPOS="5621" WIDTH="35"/>
						<String ID="P1_ST01196" HPOS="3591" VPOS="5572" WIDTH="136" HEIGHT="48" CONTENT="Ader" WC="0.99" CC="0005"/>
						<SP ID="P1_SP01006" HPOS="3727" VPOS="5621" WIDTH="67"/>
						<String ID="P1_ST01197" HPOS="3794" VPOS="5571" WIDTH="107" HEIGHT="56" CONTENT="gibt" WC="1.00" CC="0000"/>
						<SP ID="P1_SP01007" HPOS="3901" VPOS="5627" WIDTH="34"/>
						<String ID="P1_ST01198" HPOS="3935" VPOS="5585" WIDTH="94" HEIGHT="34" CONTENT="nur" WC="0.97" CC="053"/>
						<SP ID="P1_SP01008" HPOS="4029" VPOS="5627" WIDTH="36"/>
						<String ID="P1_ST01199" HPOS="4065" VPOS="5571" WIDTH="249" HEIGHT="49" CONTENT="während" WC="0.99" CC="0003150"/>
						<SP ID="P1_SP01009" HPOS="4314" VPOS="5627" WIDTH="37"/>
						<String ID="P1_ST01200" HPOS="4351" VPOS="5572" WIDTH="137" HEIGHT="47" CONTENT="einer" WC="0.99" CC="00404"/>
						<SP ID="P1_SP01010" HPOS="4488" VPOS="5627" WIDTH="36"/>
						<String ID="P1_ST01201" HPOS="4524" VPOS="5569" WIDTH="312" HEIGHT="55" CONTENT="begrenzten" WC="0.99" CC="0000360057"/>
					</TextLine>
					<TextLine ID="P1_TL00193" HPOS="3335" VPOS="5638" WIDTH="1502" HEIGHT="60">
						<String ID="P1_ST01202" HPOS="3335" VPOS="5641" WIDTH="219" HEIGHT="49" CONTENT="Periode" WC="1.00" CC="0000000"/>
						<SP ID="P1_SP01011" HPOS="3554" VPOS="5690" WIDTH="64"/>
						<String ID="P1_ST01203" HPOS="3618" VPOS="5640" WIDTH="270" HEIGHT="49" CONTENT="blinkende" WC="0.99" CC="033602400"/>
						<SP ID="P1_SP01012" HPOS="3888" VPOS="5690" WIDTH="34"/>
						<String ID="P1_ST01204" HPOS="3922" VPOS="5640" WIDTH="196" HEIGHT="58" CONTENT="Stufen," WC="0.99" CC="0006060"/>
						<SP ID="P1_SP01013" HPOS="4118" VPOS="5698" WIDTH="34"/>
						<String ID="P1_ST01205" HPOS="4152" VPOS="5643" WIDTH="175" HEIGHT="53" CONTENT="später" WC="0.99" CC="000005"/>
						<SP ID="P1_SP01014" HPOS="4327" VPOS="5698" WIDTH="32"/>
						<String ID="P1_ST01206" HPOS="4359" VPOS="5641" WIDTH="231" HEIGHT="47" CONTENT="verarmt" WC="1.00" CC="0030400"/>
						<SP ID="P1_SP01015" HPOS="4590" VPOS="5698" WIDTH="33"/>
						<String ID="P1_ST01207" HPOS="4623" VPOS="5640" WIDTH="89" HEIGHT="55" CONTENT="sie," WC="1.00" CC="1000"/>
						<SP ID="P1_SP01016" HPOS="4712" VPOS="5698" WIDTH="36"/>
						<String ID="P1_ST01208" HPOS="4748" VPOS="5638" WIDTH="89" HEIGHT="47" CONTENT="der" WC="0.99" CC="003"/>
					</TextLine>
					<TextLine ID="P1_TL00194" HPOS="3336" VPOS="5707" WIDTH="1501" HEIGHT="60">
						<String ID="P1_ST01209" HPOS="3336" VPOS="5712" WIDTH="195" HEIGHT="55" CONTENT="feurige" WC="0.99" CC="4052300"/>
						<SP ID="P1_SP01017" HPOS="3531" VPOS="5767" WIDTH="35"/>
						<String ID="P1_ST01210" HPOS="3566" VPOS="5710" WIDTH="174" HEIGHT="50" CONTENT="Strom" WC="1.00" CC="00000"/>
						<SP ID="P1_SP01018" HPOS="3740" VPOS="5767" WIDTH="38"/>
						<String ID="P1_ST01211" HPOS="3778" VPOS="5710" WIDTH="217" HEIGHT="49" CONTENT="erkaltet" WC="1.00" CC="00004000"/>
						<SP ID="P1_SP01019" HPOS="3995" VPOS="5767" WIDTH="66"/>
						<String ID="P1_ST01212" HPOS="4061" VPOS="5710" WIDTH="101" HEIGHT="48" CONTENT="und" WC="0.95" CC="760"/>
						<SP ID="P1_SP01020" HPOS="4162" VPOS="5767" WIDTH="37"/>
						<String ID="P1_ST01213" HPOS="4199" VPOS="5712" WIDTH="229" HEIGHT="46" CONTENT="erstarrt." WC="0.99" CC="040005303"/>
						<SP ID="P1_SP01021" HPOS="4428" VPOS="5767" WIDTH="69"/>
						<String ID="P1_ST01214" HPOS="4497" VPOS="5707" WIDTH="54" HEIGHT="48" CONTENT="In" WC="0.65" CC="33"/>
						<SP ID="P1_SP01022" HPOS="4551" VPOS="5767" WIDTH="34"/>
						<String ID="P1_ST01215" HPOS="4585" VPOS="5708" WIDTH="252" HEIGHT="55" CONTENT="geistigen" WC="0.99" CC="002000904"/>
					</TextLine>
					<TextLine ID="P1_TL00195" HPOS="3335" VPOS="5775" WIDTH="1503" HEIGHT="63">
						<String ID="P1_ST01216" HPOS="3335" VPOS="5780" WIDTH="199" HEIGHT="58" CONTENT="Dingen" WC="0.99" CC="004900"/>
						<SP ID="P1_SP01023" HPOS="3534" VPOS="5838" WIDTH="65"/>
						<String ID="P1_ST01217" HPOS="3599" VPOS="5779" WIDTH="165" HEIGHT="51" CONTENT="haben" WC="0.99" CC="30007"/>
						<SP ID="P1_SP01024" HPOS="3764" VPOS="5838" WIDTH="66"/>
						<String ID="P1_ST01218" HPOS="3830" VPOS="5780" WIDTH="133" HEIGHT="49" CONTENT="feste" WC="0.99" CC="60000"/>
						<SP ID="P1_SP01025" HPOS="3963" VPOS="5838" WIDTH="37"/>
						<String ID="P1_ST01219" HPOS="4000" VPOS="5779" WIDTH="266" HEIGHT="55" CONTENT="Resultate" WC="1.00" CC="000660001"/>
						<SP ID="P1_SP01026" HPOS="4266" VPOS="5838" WIDTH="67"/>
						<String ID="P1_ST01220" HPOS="4333" VPOS="5778" WIDTH="182" HEIGHT="49" CONTENT="keinen" WC="1.00" CC="000400"/>
						<SP ID="P1_SP01027" HPOS="4515" VPOS="5838" WIDTH="37"/>
						<String ID="P1_ST01221" HPOS="4552" VPOS="5775" WIDTH="148" HEIGHT="51" CONTENT="Wert" WC="0.99" CC="0040"/>
						<SP ID="P1_SP01028" HPOS="4700" VPOS="5838" WIDTH="37"/>
						<String ID="P1_ST01222" HPOS="4737" VPOS="5778" WIDTH="101" HEIGHT="48" CONTENT="und" WC="0.98" CC="500"/>
					</TextLine>
					<TextLine ID="P1_TL00196" HPOS="3337" VPOS="5846" WIDTH="1501" HEIGHT="61">
						<String ID="P1_ST01223" HPOS="3337" VPOS="5850" WIDTH="147" HEIGHT="49" CONTENT="keine" WC="0.99" CC="01330"/>
						<SP ID="P1_SP01029" HPOS="3484" VPOS="5899" WIDTH="36"/>
						<String ID="P1_ST01224" HPOS="3520" VPOS="5848" WIDTH="395" HEIGHT="59" CONTENT="Berechtigung," WC="0.99" CC="4000500094690"/>
						<SP ID="P1_SP01030" HPOS="3915" VPOS="5907" WIDTH="68"/>
						<String ID="P1_ST01225" HPOS="3983" VPOS="5850" WIDTH="90" HEIGHT="48" CONTENT="der" WC="1.00" CC="001"/>
						<SP ID="P1_SP01031" HPOS="4073" VPOS="5907" WIDTH="38"/>
						<String ID="P1_ST01226" HPOS="4111" VPOS="5849" WIDTH="145" HEIGHT="48" CONTENT="Geist" WC="0.99" CC="70000"/>
						<SP ID="P1_SP01032" HPOS="4256" VPOS="5907" WIDTH="35"/>
						<String ID="P1_ST01227" HPOS="4291" VPOS="5846" WIDTH="205" HEIGHT="50" CONTENT="besteht" WC="1.00" CC="0300000"/>
						<SP ID="P1_SP01033" HPOS="4496" VPOS="5907" WIDTH="35"/>
						<String ID="P1_ST01228" HPOS="4531" VPOS="5860" WIDTH="95" HEIGHT="35" CONTENT="nur" WC="0.93" CC="961"/>
						<SP ID="P1_SP01034" HPOS="4626" VPOS="5907" WIDTH="36"/>
						<String ID="P1_ST01229" HPOS="4662" VPOS="5849" WIDTH="49" HEIGHT="46" CONTENT="in" WC="0.90" CC="10"/>
						<SP ID="P1_SP01035" HPOS="4711" VPOS="5907" WIDTH="37"/>
						<String ID="P1_ST01230" HPOS="4748" VPOS="5848" WIDTH="90" HEIGHT="48" CONTENT="der" WC="0.97" CC="043"/>
					</TextLine>
					<TextLine ID="P1_TL00197" HPOS="3338" VPOS="5915" WIDTH="1500" HEIGHT="62">
						<String ID="P1_ST01231" HPOS="3338" VPOS="5920" WIDTH="315" HEIGHT="57" CONTENT="Bewegung," WC="0.99" CC="510005500"/>
						<SP ID="P1_SP01036" HPOS="3653" VPOS="5977" WIDTH="43"/>
						<String ID="P1_ST01232" HPOS="3696" VPOS="5922" WIDTH="67" HEIGHT="46" CONTENT="im" WC="0.79" CC="40"/>
						<SP ID="P1_SP01037" HPOS="3763" VPOS="5977" WIDTH="46"/>
						<String ID="P1_ST01233" HPOS="3809" VPOS="5917" WIDTH="308" HEIGHT="58" CONTENT="Gegensatz." WC="1.00" CC="6000600000"/>
						<SP ID="P1_SP01038" HPOS="4117" VPOS="5977" WIDTH="76"/>
						<String ID="P1_ST01234" HPOS="4193" VPOS="5915" WIDTH="194" HEIGHT="50" CONTENT="Darum" WC="0.98" CC="04060"/>
						<SP ID="P1_SP01039" HPOS="4387" VPOS="5977" WIDTH="44"/>
						<String ID="P1_ST01235" HPOS="4431" VPOS="5915" WIDTH="134" HEIGHT="49" CONTENT="kann" WC="1.00" CC="0000"/>
						<SP ID="P1_SP01040" HPOS="4565" VPOS="5977" WIDTH="43"/>
						<String ID="P1_ST01236" HPOS="4608" VPOS="5930" WIDTH="95" HEIGHT="36" CONTENT="uns" WC="0.95" CC="608"/>
						<SP ID="P1_SP01041" HPOS="4703" VPOS="5977" WIDTH="46"/>
						<String ID="P1_ST01237" HPOS="4749" VPOS="5917" WIDTH="89" HEIGHT="48" CONTENT="der" WC="0.99" CC="001"/>
					</TextLine>
					<TextLine ID="P1_TL00198" HPOS="3337" VPOS="5985" WIDTH="1502" HEIGHT="60">
						<String ID="P1_ST01238" HPOS="3337" VPOS="5988" WIDTH="397" HEIGHT="56" CONTENT="Rationalismus" WC="1.00" CC="0000350500040"/>
						<SP ID="P1_SP01042" HPOS="3734" VPOS="6044" WIDTH="73"/>
						<String ID="P1_ST01239" HPOS="3807" VPOS="5990" WIDTH="138" HEIGHT="47" CONTENT="eines" WC="1.00" CC="00100"/>
						<SP ID="P1_SP01043" HPOS="3945" VPOS="6044" WIDTH="38"/>
						<String ID="P1_ST01240" HPOS="3983" VPOS="5987" WIDTH="228" HEIGHT="51" CONTENT="Voltaire" WC="0.99" CC="76301040"/>
						<SP ID="P1_SP01044" HPOS="4211" VPOS="6044" WIDTH="70"/>
						<String ID="P1_ST01241" HPOS="4281" VPOS="5985" WIDTH="275" HEIGHT="60" CONTENT="hinreißen," WC="1.00" CC="0002030030"/>
						<SP ID="P1_SP01045" HPOS="4556" VPOS="6045" WIDTH="71"/>
						<String ID="P1_ST01242" HPOS="4627" VPOS="5988" WIDTH="118" HEIGHT="49" CONTENT="weil" WC="0.98" CC="0025"/>
						<SP ID="P1_SP01046" HPOS="4745" VPOS="6045" WIDTH="39"/>
						<String ID="P1_ST01243" HPOS="4784" VPOS="6002" WIDTH="55" HEIGHT="35" CONTENT="er" WC="0.71" CC="05"/>
					</TextLine>
					<TextLine ID="P1_TL00199" HPOS="3336" VPOS="6058" WIDTH="1503" HEIGHT="57">
						<String ID="P1_ST01244" HPOS="3336" VPOS="6059" WIDTH="132" HEIGHT="49" CONTENT="noch" WC="0.99" CC="0230"/>
						<SP ID="P1_SP01047" HPOS="3468" VPOS="6108" WIDTH="67"/>
						<String ID="P1_ST01245" HPOS="3535" VPOS="6072" WIDTH="123" HEIGHT="35" CONTENT="vom" WC="0.98" CC="040"/>
						<SP ID="P1_SP01048" HPOS="3658" VPOS="6108" WIDTH="41"/>
						<String ID="P1_ST01246" HPOS="3699" VPOS="6058" WIDTH="293" HEIGHT="57" CONTENT="Gegensatz" WC="1.00" CC="600010001"/>
						<SP ID="P1_SP01049" HPOS="3992" VPOS="6115" WIDTH="69"/>
						<String ID="P1_ST01247" HPOS="4061" VPOS="6058" WIDTH="230" HEIGHT="55" CONTENT="gespeist" WC="1.00" CC="02002000"/>
						<SP ID="P1_SP01050" HPOS="4291" VPOS="6115" WIDTH="69"/>
						<String ID="P1_ST01248" HPOS="4360" VPOS="6058" WIDTH="65" HEIGHT="48" CONTENT="ist" WC="1.00" CC="000"/>
						<SP ID="P1_SP01051" HPOS="4425" VPOS="6115" WIDTH="70"/>
						<String ID="P1_ST01249" HPOS="4495" VPOS="6058" WIDTH="100" HEIGHT="48" CONTENT="und" WC="0.98" CC="400"/>
						<SP ID="P1_SP01052" HPOS="4595" VPOS="6115" WIDTH="68"/>
						<String ID="P1_ST01250" HPOS="4663" VPOS="6060" WIDTH="176" HEIGHT="48" CONTENT="seinen" WC="0.99" CC="034001"/>
					</TextLine>
					<TextLine ID="P1_TL00200" HPOS="3336" VPOS="6126" WIDTH="1503" HEIGHT="58">
						<String ID="P1_ST01251" HPOS="3336" VPOS="6128" WIDTH="327" HEIGHT="49" CONTENT="strahlenden" WC="1.00" CC="00003610004"/>
						<SP ID="P1_SP01053" HPOS="3663" VPOS="6177" WIDTH="39"/>
						<String ID="P1_ST01252" HPOS="3702" VPOS="6126" WIDTH="348" HEIGHT="58" CONTENT="Regenbogen" WC="1.00" CC="0100004900"/>
						<SP ID="P1_SP01054" HPOS="4050" VPOS="6184" WIDTH="38"/>
						<String ID="P1_ST01253" HPOS="4088" VPOS="6126" WIDTH="85" HEIGHT="49" CONTENT="auf" WC="0.92" CC="965"/>
						<SP ID="P1_SP01055" HPOS="4173" VPOS="6184" WIDTH="38"/>
						<String ID="P1_ST01254" HPOS="4211" VPOS="6126" WIDTH="91" HEIGHT="49" CONTENT="der" WC="0.99" CC="300"/>
						<SP ID="P1_SP01056" HPOS="4302" VPOS="6184" WIDTH="37"/>
						<String ID="P1_ST01255" HPOS="4339" VPOS="6138" WIDTH="292" HEIGHT="45" CONTENT="purpurnen" WC="0.99" CC="043022100"/>
						<SP ID="P1_SP01057" HPOS="4631" VPOS="6184" WIDTH="39"/>
						<String ID="P1_ST01256" HPOS="4670" VPOS="6126" WIDTH="169" HEIGHT="50" CONTENT="Wand" WC="1.00" CC="0000"/>
					</TextLine>
					<TextLine ID="P1_TL00201" HPOS="3337" VPOS="6194" WIDTH="1501" HEIGHT="59">
						<String ID="P1_ST01257" HPOS="3337" VPOS="6199" WIDTH="90" HEIGHT="49" CONTENT="des" WC="1.00" CC="000"/>
						<SP ID="P1_SP01058" HPOS="3427" VPOS="6248" WIDTH="37"/>
						<String ID="P1_ST01258" HPOS="3464" VPOS="6198" WIDTH="192" HEIGHT="50" CONTENT="Ancien" WC="0.95" CC="000100"/>
						<SP ID="P1_SP01059" HPOS="3656" VPOS="6248" WIDTH="37"/>
						<String ID="P1_ST01259" HPOS="3693" VPOS="6197" WIDTH="213" HEIGHT="56" CONTENT="Regime" WC="0.99" CC="000303"/>
						<SP ID="P1_SP01060" HPOS="3906" VPOS="6253" WIDTH="36"/>
						<String ID="P1_ST01260" HPOS="3942" VPOS="6199" WIDTH="200" HEIGHT="53" CONTENT="spannt." WC="0.99" CC="3050034"/>
						<SP ID="P1_SP01061" HPOS="4142" VPOS="6253" WIDTH="70"/>
						<String ID="P1_ST01261" HPOS="4212" VPOS="6194" WIDTH="168" HEIGHT="52" CONTENT="Heute" WC="0.98" CC="71700"/>
						<SP ID="P1_SP01062" HPOS="4380" VPOS="6253" WIDTH="39"/>
						<String ID="P1_ST01262" HPOS="4419" VPOS="6197" WIDTH="276" HEIGHT="49" CONTENT="denselben" WC="1.00" CC="000003000"/>
						<SP ID="P1_SP01063" HPOS="4695" VPOS="6253" WIDTH="37"/>
						<String ID="P1_ST01263" HPOS="4732" VPOS="6198" WIDTH="80" HEIGHT="55" CONTENT="gei" SUBS_TYPE="HypPart1" SUBS_CONTENT="geistigen" WC="0.99" CC="000"/>
						<HYP HPOS="4812" VPOS="6198" WIDTH="26" CONTENT="-"/>
					</TextLine>
					<TextLine ID="P1_TL00202" HPOS="3335" VPOS="6266" WIDTH="1503" HEIGHT="59">
						<String ID="P1_ST01264" HPOS="3335" VPOS="6270" WIDTH="166" HEIGHT="55" CONTENT="stigen" SUBS_TYPE="HypPart2" SUBS_CONTENT="geistigen" WC="1.00" CC="003000"/>
						<SP ID="P1_SP01064" HPOS="3501" VPOS="6325" WIDTH="34"/>
						<String ID="P1_ST01265" HPOS="3535" VPOS="6267" WIDTH="161" HEIGHT="49" CONTENT="Inhalt" WC="0.99" CC="051060"/>
						<SP ID="P1_SP01065" HPOS="3696" VPOS="6325" WIDTH="33"/>
						<String ID="P1_ST01266" HPOS="3729" VPOS="6266" WIDTH="199" HEIGHT="49" CONTENT="einfach" WC="0.99" CC="0046000"/>
						<SP ID="P1_SP01066" HPOS="3928" VPOS="6325" WIDTH="62"/>
						<String ID="P1_ST01267" HPOS="3990" VPOS="6266" WIDTH="363" HEIGHT="58" CONTENT="wiedergeben" WC="1.00" CC="04000390000"/>
						<SP ID="P1_SP01067" HPOS="4353" VPOS="6325" WIDTH="34"/>
						<String ID="P1_ST01268" HPOS="4387" VPOS="6267" WIDTH="203" HEIGHT="58" CONTENT="wollen," WC="0.99" CC="0025001"/>
						<SP ID="P1_SP01068" HPOS="4590" VPOS="6325" WIDTH="34"/>
						<String ID="P1_ST01269" HPOS="4624" VPOS="6269" WIDTH="65" HEIGHT="46" CONTENT="ist" WC="0.99" CC="300"/>
						<SP ID="P1_SP01069" HPOS="4689" VPOS="6325" WIDTH="34"/>
						<String ID="P1_ST01270" HPOS="4723" VPOS="6266" WIDTH="115" HEIGHT="49" CONTENT="kein" WC="1.00" CC="0000"/>
					</TextLine>
					<TextLine ID="P1_TL00203" HPOS="3334" VPOS="6333" WIDTH="958" HEIGHT="62">
						<String ID="P1_ST01271" HPOS="3334" VPOS="6337" WIDTH="287" HEIGHT="58" CONTENT="Verdienst," WC="1.00" CC="0100200000"/>
						<SP ID="P1_SP01070" HPOS="3621" VPOS="6395" WIDTH="36"/>
						<String ID="P1_ST01272" HPOS="3657" VPOS="6351" WIDTH="55" HEIGHT="35" CONTENT="es" WC="0.98" CC="00"/>
						<SP ID="P1_SP01071" HPOS="3712" VPOS="6395" WIDTH="31"/>
						<String ID="P1_ST01273" HPOS="3743" VPOS="6336" WIDTH="242" HEIGHT="50" CONTENT="bedeutet" WC="1.00" CC="01000020"/>
						<SP ID="P1_SP01072" HPOS="3985" VPOS="6395" WIDTH="30"/>
						<String ID="P1_ST01274" HPOS="4015" VPOS="6333" WIDTH="277" HEIGHT="53" CONTENT="Flachheit." WC="0.99" CC="6403051004"/>
					</TextLine>
					<TextLine ID="P1_TL00204" HPOS="3461" VPOS="6425" WIDTH="1377" HEIGHT="59">
						<String ID="P1_ST01275" HPOS="3461" VPOS="6426" WIDTH="147" HEIGHT="50" CONTENT="Denn" WC="0.99" CC="0400"/>
						<SP ID="P1_SP01073" HPOS="3608" VPOS="6476" WIDTH="25"/>
						<String ID="P1_ST01276" HPOS="3633" VPOS="6427" WIDTH="192" HEIGHT="57" CONTENT="gerade" WC="0.99" CC="904000"/>
						<SP ID="P1_SP01074" HPOS="3825" VPOS="6484" WIDTH="26"/>
						<String ID="P1_ST01277" HPOS="3851" VPOS="6440" WIDTH="105" HEIGHT="35" CONTENT="von" WC="0.99" CC="002"/>
						<SP ID="P1_SP01075" HPOS="3956" VPOS="6484" WIDTH="27"/>
						<String ID="P1_ST01278" HPOS="3983" VPOS="6427" WIDTH="90" HEIGHT="48" CONTENT="der" WC="0.98" CC="033"/>
						<SP ID="P1_SP01076" HPOS="4073" VPOS="6484" WIDTH="27"/>
						<String ID="P1_ST01279" HPOS="4100" VPOS="6427" WIDTH="250" HEIGHT="49" CONTENT="höchsten" WC="0.99" CC="01300009"/>
						<SP ID="P1_SP01077" HPOS="4350" VPOS="6484" WIDTH="25"/>
						<String ID="P1_ST01280" HPOS="4375" VPOS="6425" WIDTH="343" HEIGHT="59" CONTENT="Perspektive" WC="1.00" CC="00500000006"/>
						<SP ID="P1_SP01078" HPOS="4718" VPOS="6484" WIDTH="27"/>
						<String ID="P1_ST01281" HPOS="4745" VPOS="6441" WIDTH="93" HEIGHT="35" CONTENT="aus" WC="1.00" CC="010"/>
					</TextLine>
					<TextLine ID="P1_TL00205" HPOS="3341" VPOS="6495" WIDTH="1502" HEIGHT="59">
						<String ID="P1_ST01282" HPOS="3341" VPOS="6496" WIDTH="118" HEIGHT="51" CONTENT="muß" WC="0.98" CC="050"/>
						<SP ID="P1_SP01079" HPOS="3459" VPOS="6547" WIDTH="30"/>
						<String ID="P1_ST01283" HPOS="3489" VPOS="6501" WIDTH="185" HEIGHT="53" CONTENT="gesagt" WC="0.98" CC="900090"/>
						<SP ID="P1_SP01080" HPOS="3674" VPOS="6554" WIDTH="29"/>
						<String ID="P1_ST01284" HPOS="3703" VPOS="6496" WIDTH="226" HEIGHT="58" CONTENT="werden," WC="0.99" CC="0350060"/>
						<SP ID="P1_SP01081" HPOS="3929" VPOS="6554" WIDTH="32"/>
						<String ID="P1_ST01285" HPOS="3961" VPOS="6495" WIDTH="96" HEIGHT="51" CONTENT="daß" WC="0.98" CC="060"/>
						<SP ID="P1_SP01082" HPOS="4057" VPOS="6554" WIDTH="31"/>
						<String ID="P1_ST01286" HPOS="4088" VPOS="6498" WIDTH="80" HEIGHT="48" CONTENT="die" WC="0.96" CC="037"/>
						<SP ID="P1_SP01083" HPOS="4168" VPOS="6554" WIDTH="31"/>
						<String ID="P1_ST01287" HPOS="4199" VPOS="6497" WIDTH="404" HEIGHT="51" CONTENT="konservativen" WC="1.00" CC="0031040500005"/>
						<SP ID="P1_SP01084" HPOS="4603" VPOS="6554" WIDTH="31"/>
						<String ID="P1_ST01288" HPOS="4634" VPOS="6496" WIDTH="209" HEIGHT="50" CONTENT="Mächte" WC="0.98" CC="006807"/>
					</TextLine>
				</TextBlock>
			</PrintSpace>
		</Page>
	</Layout>
</alto>
