3687 4572
2134 3882 217 44 214

1017 538 167 40 bestehen,
1206 537 56 35 der
1280 536 71 36 sich
1365 534 134 37 freilich
1518 547 65 22 nur
1601 532 114 41 selten,
1731 532 78 35 aber
1828 532 120 34 immer
1966 543 62 23 vor
2046 529 118 49 folgen-

1016 592 173 34 schweren
1209 590 166 36 Schritten
1393 588 153 35 meldete.
1586 590 101 31 Dann
1705 584 112 36 fühlte
1842 585 71 34 sich
1932 584 162 46 Hartwig
2113 583 70 35 wie

1015 653 98 26 unter
1126 644 161 35 höherem
1302 644 132 45 Zwang
1447 640 73 35 und
1534 653 74 22 war
1626 638 190 48 überzeugt,
1837 636 71 36 dafs
1927 650 34 21 er
1979 636 96 36 nicht
2094 634 72 36 fehl-

1015 697 108 48 gehen
1146 696 71 35 und
1240 696 96 34 nicht
1358 693 190 36 straucheln
1574 691 124 36 könne.
1736 692 69 33 Mit
1824 688 203 50 sieghaftem
2045 689 121 35 Fatalis-

1014 764 75 21 mus
1108 750 116 34 schritt
1245 762 33 21 er
1293 747 64 35 den
1374 745 295 49 vorgezeichneten
1676 745 103 46 Weg,
1797 743 70 35 und
1883 756 37 21 so
1936 741 127 36 dunkel
2079 743 104 34 dieser

1014 802 194 35 manchmal
1239 814 62 21 vor
1331 800 112 34 seinen
1473 801 122 45 Augen
1623 796 193 49 dagelegen,
1851 795 55 35 das
1940 796 114 34 innere
2084 795 99 35 Licht

1014 856 93 34 hatte
1132 856 73 33 ihm
1230 854 94 34 nicht
1349 852 143 48 gelogen
1518 851 70 35 und
1614 849 60 35 ihn
1694 847 66 37 auf
1773 848 109 36 vielen
1900 851 208 46 Umwegen,
2129 847 54 37 die

1014 908 78 35 aber
1111 907 169 36 vielleicht
1299 906 88 34 auch
1406 904 128 36 wieder
1553 903 54 35 die
1625 903 162 35 nächsten
1805 915 156 35 gewesen
1979 915 127 28 waren,
2127 915 57 21 am

1012 960 92 36 Ende
1123 961 121 34 immer
1261 959 92 35 noch
1371 958 106 35 sicher
1496 970 78 22 zum
1592 955 91 35 Ziele
1702 954 146 50 geführt.

1092 1015 39 32 In
1162 1012 132 35 solcher
1322 1014 205 44 Erwartung
1557 1008 83 36 hielt
1670 1009 162 47 Hartwig
1862 1007 128 36 wieder
2017 1022 62 22 vor
2106 1007 77 37 dem

1012 1065 141 37 weifsen
1171 1065 114 35 Schild
1310 1065 77 33 inne
1411 1063 70 35 und
1506 1063 48 35 las
1583 1075 76 22 zum
1684 1062 226 48 zwanzigsten
1930 1061 93 35 Male
2042 1061 64 36 den
2125 1062 40 34 be-

1013 1119 149 35 kannten
1184 1120 153 39 Namen,
1364 1116 46 36 als
1428 1115 156 47 Jemand,
1611 1115 58 35 der
1687 1116 125 34 soeben
1830 1128 58 22 aus
1909 1114 78 36 dem
2005 1116 179 34 Hausthor

1011 1181 150 39 getreten
1185 1170 71 36 und
1283 1171 60 34 ihn
1363 1183 68 22 von
1455 1169 138 35 dorther
1612 1169 108 47 einige
1738 1167 236 49 Augenblicke
1998 1168 186 36 betrachtet

1011 1225 110 41 hatte,
1160 1225 103 34 näher
1301 1221 65 37 auf
1392 1223 62 35 ihn
1489 1221 135 36 zukam.
1677 1225 40 31 Es
1750 1235 74 21 war
1858 1221 53 35 ein
1943 1221 241 49 mittelgrofser

1012 1276 188 41 schlanker,
1220 1275 65 37 fast
1299 1277 138 47 hagerer
1451 1278 122 37 Mann,
1595 1274 56 35 der
1666 1274 66 36 auf
1741 1275 76 35 dem
1836 1274 117 36 linken
1967 1274 94 36 Fufse
2079 1275 88 35 sicht-

1010 1331 70 35 lich
1112 1330 128 36 hinkte.
1294 1332 71 32 Vor
1394 1328 64 35 den
1486 1327 246 49 tiefliegenden
1759 1330 123 46 Augen
1915 1337 77 39 trug
2025 1341 34 22 er
2087 1329 97 35 einen

1011 1383 170 41 Zwicker,
1202 1383 106 35 durch
1329 1383 64 34 den
1413 1395 34 21 er
1462 1382 162 48 Hartwig
1644 1381 271 49 angelegentlich
1934 1381 135 35 fixierte.

1091 1439 71 39 „Ist
1190 1436 57 35 das
1273 1449 71 21 nun
1367 1437 94 33 Hans
1485 1436 163 46 Hartwig
1671 1434 82 36 oder
1776 1435 43 34 ist
1843 1435 58 34 er’s
1927 1435 139 35 nicht?“
2092 1443 93 40 sagte

1011 1504 34 22 er
1062 1489 81 36 halb
1170 1503 40 21 zu
1237 1489 124 35 diesem
1380 1488 162 41 hinüber,
1569 1488 80 34 halb
1676 1502 63 22 vor
1762 1489 72 35 sich
1853 1488 78 40 hin,
1960 1488 46 35 als
2031 1488 101 36 wisse
2152 1502 34 21 er

1009 1544 107 39 nicht,
1137 1542 45 35 ob
1202 1543 73 34 eine
1294 1544 164 33 Antwort
1478 1555 40 21 zu
1538 1551 166 27 erwarten
1724 1542 47 34 sei
1791 1542 81 34 oder
1890 1542 106 34 nicht.

1090 1596 84 41 „Ich
1196 1594 139 50 glaube,
1355 1594 57 36 ich
1438 1593 122 42 bin’s“,
1586 1595 65 48 gab
1677 1595 163 47 Hartwig
1864 1594 154 35 lächelnd
2045 1593 140 43 zurück,

1010 1649 71 35 und
1101 1649 90 35 dann
1211 1647 67 37 fast
1297 1647 223 36 erschrocken
1544 1648 70 35 und
1637 1648 92 35 doch
1748 1647 284 51 triumphierend,
2061 1647 71 36 dafs
2153 1662 32 21 es

1010 1702 127 36 wieder
1156 1700 222 50 eingetroffen
1397 1715 88 22 war:

1090 1755 106 42 ~Also
1223 1756 107 34 doch!
1367 1755 82 35 Also
1477 1754 107 36 doch!
1619 1753 124 36 Wufst
1766 1753 83 36 ich’s
1875 1753 108 37 doch!
2021 1754 60 35 Ich
2112 1767 75 23 war

1011 1808 192 49 überzeugt,
1224 1807 72 36 dafs
1316 1809 67 34 wir
1402 1822 61 21 uns
1482 1808 73 35 hier
1574 1805 118 38 treffen
1711 1807 179 36 würden“.

1091 1865 83 38 „Du
1195 1861 191 35 brauchtest
1403 1865 33 44 ja
1456 1874 64 22 nur
1539 1859 323 37 raufzukommen“.

1097 1918 59 43 „Ja
1177 1941 66 10 ...
1266 1917 37 44 Ja
1336 1942 68 9 ...
1434 1917 67 32 Das
1534 1915 42 34 ist
1609 1928 39 21 so
1682 1915 73 34 eine
1787 1913 152 36 seltsame
1972 1913 213 37 Geschichte.

1010 1970 85 34 Man
1116 1968 76 36 will
1212 1968 71 35 und
1303 1982 80 22 man
1402 1968 77 36 will
1497 1968 132 35 nicht“.

1090 2021 120 42 „Oder
1232 2022 74 34 sind
1330 2022 68 35 wir
1423 2020 64 36 auf
1506 2022 96 34 Sie?“
1626 2019 96 37 warf
1742 2020 57 35 der
1818 2020 113 35 Andre
1957 2020 226 42 dazwischen,

1011 2074 44 36 da
1074 2088 32 22 er
1127 2076 175 47 Hartwigs
1322 2075 92 35 noch
1434 2074 232 49 unschlüssige
1685 2075 115 34 Miene
1818 2074 188 48 gewahrte.

1090 2129 107 40 „Wir
1221 2142 136 22 waren
1381 2127 66 36 auf
1463 2131 93 38 Du“,
1584 2137 203 26 antwortete
1806 2127 103 35 dieser
1928 2125 166 37 ernsthaft
2112 2126 72 36 und

1010 2181 61 35 sah
1090 2181 75 35 dem
1187 2181 89 35 alten
1294 2181 129 36 Freund
1442 2180 62 37 fest
1522 2182 36 33 in
1579 2180 53 35 die
1652 2179 103 37 tiefen
1776 2180 252 36 verschleierten
2047 2182 136 47 Augen,

1012 2234 45 36 ob
1080 2236 92 34 noch
1196 2235 54 34 ein
1276 2237 75 46 Zug
1376 2248 69 21 von
1464 2233 243 36 Aehnlichkeit
1733 2234 57 35 das
1809 2236 82 43 Jetzt
1910 2234 64 35 mit
1993 2233 77 36 dem
2089 2234 96 35 Einst

1010 2287 169 36 verbinde.
1217 2288 84 40 „Ich
1321 2287 98 36 weifs
1438 2288 107 40 nicht,
1567 2287 45 35 ob
1632 2288 92 35 wirs
1743 2290 76 45 jetzt
1838 2287 93 35 noch
1955 2287 112 41 sind“,
2085 2286 98 50 fügte

1012 2354 33 23 er
1064 2342 87 34 nach
1172 2342 108 34 einem
1299 2340 217 50 Augenblick
1535 2341 56 35 des
1611 2341 216 48 Schweigens
1846 2340 115 35 hinzu.

1090 2397 93 39 „Das
1210 2394 137 35 kommt
1372 2394 100 37 wohl
1497 2393 67 36 auf
1577 2408 74 21 uns
1680 2402 82 33 an“,
1783 2403 92 40 sagte
1894 2396 167 45 Hagenau
2080 2392 103 37 leicht

1011 2446 65 37 auf
1096 2448 112 35 seinen
1233 2447 104 36 Stock
1362 2453 145 43 gestützt
1537 2448 72 35 und
1642 2447 152 36 lächelte.
1840 2450 40 32 In
1904 2447 124 35 diesem
2055 2446 130 49 klugen

1009 2500 193 36 ironischen
1221 2501 146 36 Lächeln
1385 2501 166 36 leuchtete
1569 2502 54 34 die
1642 2502 270 47 Vergangenheit
1931 2500 126 36 wieder
2076 2499 71 37 auf.

1090 2554 108 43 „Also
1219 2554 132 36 wollen
1369 2555 85 35 wir?
1481 2555 59 34 Ich
1560 2554 58 35 bin
1638 2553 138 36 dabei!“

1090 2608 163 49 Hartwig
1276 2608 119 49 sprach
1422 2608 63 35 mit
1508 2606 188 51 freudigem
1715 2610 79 32 Ton
1817 2606 72 36 und
1906 2606 86 37 hielt
2018 2606 76 36 dem
2112 2608 50 34 An-

1012 2659 80 36 dern
1113 2662 88 34 seine
1220 2662 128 35 Rechte
1367 2662 72 40 hin,
1459 2662 37 34 in
1515 2660 54 36 die
1588 2662 106 34 dieser
1713 2659 129 50 kräftig
1862 2660 185 49 einschlug.

1092 2714 111 42 „Also
1223 2714 127 35 wieder
1368 2716 69 33 wie
1457 2714 200 36 dazumal!“
1676 2723 91 39 sagte
1788 2728 34 21 er
1841 2712 147 37 einfach.

1092 2767 106 41 „Und
1226 2771 77 44 jetzt
1330 2767 94 36 kann
1451 2768 82 35 ich’s
1562 2768 51 35 dir
1638 2771 33 44 ja
1699 2768 185 36 verrathen.
1929 2768 60 34 Ich
2018 2766 59 36 bin
2104 2766 82 36 kein

1012 2820 153 35 Philister
1188 2820 198 49 geworden.
1430 2824 57 32 Du
1514 2821 192 35 brauchtest
1729 2820 100 36 keine
1853 2823 109 45 Angst
1990 2834 40 21 zu
2063 2821 122 35 haben.

1012 2874 59 34 Ich
1097 2874 59 34 bin
1176 2874 81 35 weit
1287 2873 113 36 davon
1419 2872 158 37 entfernt.
1616 2874 90 35 Aber
1729 2875 122 35 vorher
1869 2874 93 35 hätte
1981 2874 56 35 ich
2057 2874 51 35 dir
2127 2874 58 36 das

1012 2926 96 35 nicht
1127 2936 125 39 gesagt.
1290 2928 59 34 Ich
1369 2926 120 37 dachte
1508 2929 77 39 mir,
1606 2926 62 37 lafs
1688 2928 62 35 ihn
1768 2929 24 33 ’s
1811 2940 65 22 nur
1896 2925 65 37 auf
1974 2928 71 34 sein
2063 2926 122 37 Risiko

1014 2979 155 36 nehmen.
1203 2980 58 35 Ich
1281 2979 92 37 kann
1391 2981 73 34 ihm
1483 2981 95 35 nicht
1598 2979 124 37 helfen.
1757 2981 81 35 Wir
1856 2980 133 36 wollen
2007 2980 113 42 sehen,
2141 2980 45 36 ob

1014 3046 34 21 er
1066 3032 162 35 wirklich
1256 3046 38 21 so
1322 3034 55 34 ein
1403 3033 316 36 Menschenkenner
1737 3034 60 42 ist,
1825 3034 68 35 wie
1919 3047 33 22 er
1974 3034 72 35 sich
2064 3034 124 35 immer

1014 3085 203 48 eingebildet
1235 3086 95 36 hat“.

1094 3140 162 46 Hartwig
1275 3139 120 35 drohte
1415 3140 63 34 mit
1497 3140 79 35 dem
1594 3140 128 48 Finger.
1760 3141 100 44 „Du!
1882 3139 63 36 du!
1969 3140 144 36 Wieder
2131 3140 58 36 der

1016 3190 66 36 alte
1101 3193 149 47 Spötter!
1282 3193 87 34 Aber
1388 3193 78 34 hab’
1485 3193 55 34 ich
1560 3193 54 34 die
1634 3193 105 34 Probe
1758 3193 229 36 bestanden?“

1094 3246 77 38 „Im
1196 3247 137 33 Ganzen
1358 3248 70 45 ja“,
1455 3246 125 35 meinte
1604 3248 179 46 Hagenau.
1821 3249 76 40 „Im
1921 3256 107 26 ersten
2047 3248 119 47 Augen-

1016 3295 93 36 blick
1129 3296 59 34 sah
1209 3310 31 22 es
1260 3295 135 38 freilich
1414 3298 203 36 bedenklich
1637 3306 95 28 aus“.

1097 3352 93 37 „Das
1219 3349 92 35 kann
1336 3351 79 35 dich
1442 3352 96 34 nicht
1559 3352 181 35 wundern.
1778 3354 85 33 Man
1887 3351 92 36 mufs
1998 3353 73 36 sich
2098 3354 91 34 seine

1019 3403 105 33 Leute
1154 3401 161 37 wirklich
1343 3413 63 25 erst
1435 3405 154 36 ansehen.
1640 3407 85 33 Man
1752 3405 100 36 weifs
1884 3409 32 44 ja
1945 3407 66 41 nie,
2040 3407 45 35 ob
2109 3420 81 22 man

1017 3453 92 36 recht
1129 3453 172 39 kommt“.

1097 3509 66 38 „Es
1183 3507 160 35 wundert
1362 3509 92 35 mich
1472 3513 32 44 ja
1524 3510 88 35 auch
1630 3511 106 34 nicht.
1772 3511 59 35 Ich
1856 3511 120 35 mache
2002 3525 32 22 es
2054 3512 134 36 ebenso.

1019 3559 59 35 Bei
1094 3559 52 34 dir
1165 3560 92 34 hatte
1277 3560 82 36 ich’s
1377 3565 32 43 ja
1428 3562 96 36 nicht
1542 3563 110 48 nötig.
1692 3564 89 34 Dich
1800 3563 106 35 kennt
1925 3577 81 23 man
2024 3568 69 45 ja“.

1099 3612 105 40 „Und
1223 3626 137 22 warum
1379 3615 73 34 hast
1472 3615 48 34 du
1539 3615 90 35 dann
1642 3616 111 34 nichts
1767 3629 67 23 von
1851 3617 52 35 dir
1915 3618 108 35 hören
2038 3619 152 35 lassen?“

1021 3662 109 51 fragte
1149 3666 169 47 Hartwig.

2369 529 183 45 Hagenaus
2571 524 86 49 glatt
2675 525 146 35 rasiertes
2842 523 140 36 Gesicht
3000 523 106 35 nahm
3124 520 130 37 wieder
3279 520 64 36 den
3362 520 79 36 über-

2289 579 97 48 legen
2410 579 208 49 spöttischen
2642 577 180 36 Ausdruck
2842 590 54 27 an,
2923 576 58 35 der
2999 575 163 48 Hartwig
3180 587 70 23 von
3268 572 116 37 früher
3402 575 61 34 her

2289 632 151 36 bekannt
2464 645 84 22 war.
2586 631 63 35 Die
2674 631 119 35 beiden
2816 629 114 36 Falten
2959 643 60 21 um
3044 628 54 36 die
3123 626 245 37 Mundwinkel
3389 640 56 22 ver-

2289 684 118 37 tieften
2440 686 80 34 sich.
2565 686 112 40 „Man
2708 683 100 37 weifs
2839 686 32 45 ja
2903 684 73 40 nie,
3009 682 44 35 ob
3079 694 80 23 man
3176 681 94 35 recht
3289 680 173 41 kommt“,

2289 748 93 40 sagte
2402 752 45 27 er,
2467 738 177 48 Hartwigs
2662 740 79 32 Ton
2760 736 271 49 wiedergebend.

2369 792 152 41 „Bravo!
2555 790 306 49 Zurückgegeben!
2896 789 81 36 Und
3003 792 78 45 jetzt
3114 801 59 35 sag
3200 786 83 42 mal,
3312 787 74 35 hast
3415 785 48 36 du

2289 846 94 35 mich
2403 845 87 35 denn
2510 844 111 49 gleich
2640 843 187 36 erkannt?“

2369 896 103 44 „Auf
2496 899 57 34 der
2581 898 109 36 Stelle.
2728 898 59 35 Ich
2819 895 123 37 wollte
2968 895 93 35 mich
3090 893 77 36 aber
3195 893 91 36 doch
3313 891 57 36 für
3398 892 65 35 alle

2289 952 87 35 Fälle
2403 952 197 35 versichern.
2638 951 60 35 Ich
2726 951 60 35 sah
2814 949 67 36 mal
2912 948 180 49 irgendwo
3121 948 55 35 ein
3203 945 75 37 Bild
3306 959 70 22 von
3400 945 61 36 dir.

2289 1004 219 49 Ueberhaupt
2526 1005 75 35 hast
2621 1004 47 35 du
2687 1004 78 35 dich
2785 1004 116 47 wenig
2919 1001 184 41 verändert,
3122 1014 72 23 was
3210 1013 81 22 man
3309 1013 71 22 von
3397 999 67 35 mir

2288 1060 96 34 nicht
2403 1071 100 35 sagen
2522 1057 129 37 kann“.

2371 1112 128 41 „Nein,
2520 1110 218 49 allerdings,“
2757 1110 124 35 meinte
2895 1109 163 48 Hartwig
3071 1107 129 37 wieder
3215 1115 131 26 ernster.
3380 1105 83 42 „Ich

2289 1166 94 35 hätte
2402 1164 80 35 dich
2506 1165 96 34 nicht
2628 1163 127 36 wieder
2781 1162 152 37 erkannt.
2981 1164 124 46 Trugst
3133 1161 48 35 du
3208 1161 96 34 nicht
3333 1158 129 36 damals

2291 1220 94 34 einen
2406 1221 88 37 Bart,
2516 1217 57 36 der
2591 1218 74 34 sehr
2684 1216 122 49 mäfsig
2824 1220 119 32 war?“

2398 1275 156 39 „Darum
2574 1270 73 35 liefs
2667 1271 57 34 ich
2743 1271 61 34 ihn
2823 1268 227 42 abnehmen,“
3066 1275 202 28 antwortete
3282 1268 179 46 Hagenau.

2289 1326 85 42 „Ich
2402 1324 85 36 habe
2512 1325 66 34 mir
2606 1323 57 36 das
2693 1322 187 49 überhaupt
2905 1336 77 21 zum
3002 1321 130 50 Prinzip
3152 1320 168 49 gemacht.
3359 1317 103 42 Alles,

2291 1392 72 22 was
2382 1378 159 36 schwach
2564 1391 42 22 an
2621 1378 110 34 einem
2745 1375 200 37 entwickelt
2964 1376 54 40 ist,
3037 1375 64 34 soll
3117 1387 80 22 man
3211 1371 252 38 unterdrücken

2292 1432 81 35 oder
2397 1431 184 48 möglichst
2607 1429 244 36 zurückbilden
2874 1428 72 36 und
2971 1428 54 35 die
3049 1426 99 37 Kraft
3175 1425 57 37 für
3260 1426 57 35 das
3345 1424 117 36 Starke

2292 1484 196 51 aufsparen,
2515 1498 72 21 was
2611 1498 80 21 man
2715 1484 76 40 hat,
2818 1483 108 34 damit
2950 1495 31 22 es
3002 1482 91 35 noch
3110 1480 127 36 stärker
3255 1479 101 36 wird.
3403 1479 60 34 Ich

2291 1537 95 50 folge
2406 1538 97 35 darin
2521 1550 84 36 ganz
2625 1538 56 35 der
2700 1537 259 35 Darwinschen
2976 1534 374 46 Naturanschauung.“

2373 1594 106 40 „Potz
2507 1590 186 42 tausend,“
2724 1589 69 36 rief
2815 1590 182 48 Hartwig,
3027 1587 94 42 „und
3155 1587 53 35 die
3235 1585 154 37 wendest
3416 1584 47 35 du

2292 1658 101 35 sogar
2413 1643 64 38 auf
2497 1644 53 35 die
2569 1644 190 50 Bartpflege
2779 1647 63 32 an?
2884 1642 77 36 Alle
2980 1641 179 48 Achtung!
3202 1643 67 32 Das
3289 1638 97 36 nenn’
3407 1637 57 36 ich

2292 1697 258 50 konsequent!“

2373 1754 175 40 „Warum
2569 1750 89 35 denn
2682 1750 140 35 nicht?“
2847 1749 65 50 gab
2931 1751 167 46 Hagenau
3123 1747 154 47 langsam
3300 1758 56 21 zur
3375 1746 67 33 Ant-

2292 1814 105 27 wort.
2444 1806 122 40 „Mein
2593 1804 73 35 Ziel
2693 1804 44 35 ist
2766 1803 54 35 die
2847 1802 203 49 möglichste
3069 1798 311 39 Geschlossenheit,
3409 1796 54 36 die

2292 1858 152 36 denkbar
2463 1859 52 34 ist.
2552 1859 80 33 Nur
2651 1870 38 22 so
2710 1858 42 34 ist
2771 1856 57 36 der
2848 1856 140 36 Mensch
3008 1856 50 33 im
3076 1854 139 40 Stande,
3239 1853 113 35 seinen
3372 1850 92 36 Platz

2293 1913 36 34 in
2358 1912 58 35 der
2435 1911 99 36 Welt
2560 1909 221 37 auszufüllen.
2820 1909 82 36 Und
2927 1909 98 36 einen
3042 1906 223 37 Unterschied
3293 1905 171 35 zwischen

2292 1964 182 36 äufserlich
2494 1963 70 36 und
2583 1963 166 36 innerlich
2772 1964 77 35 sehe
2874 1963 55 35 ich
2947 1963 104 34 nicht.
3100 1961 58 35 Ich
3185 1958 87 36 habe
3300 1971 26 23 z.
3347 1961 34 32 B.
3409 1957 55 35 die

2291 2018 309 48 Ueberzeugung,“
2628 2027 99 25 setzte
2759 2030 34 22 er
2821 2017 88 35 nach
2940 2016 110 34 einem
3079 2011 217 51 Augenblick
3324 2010 140 36 leichter

2291 2072 123 40 hinzu,
2440 2070 100 44 „dafs
2566 2070 134 36 deinem
2720 2071 139 35 Gesicht
2886 2070 57 34 der
2962 2072 77 32 Bart
3064 2069 88 34 auch
3178 2066 96 36 nicht
3292 2063 172 37 natürlich

2290 2126 54 41 ist,
2364 2124 204 37 mindestens
2588 2124 58 35 der
2665 2134 115 25 untere
2797 2123 74 36 Teil
2890 2123 135 35 nicht.“

2370 2179 163 47 Hartwig
2552 2178 115 34 schien
2681 2177 53 35 die
2750 2177 96 35 letzte
2860 2175 214 48 Bemerkung
3088 2186 41 22 zu
3144 2171 203 36 überhören.
3380 2172 84 39 „Du

2291 2232 145 35 scheinst
2461 2231 68 36 viel
2557 2230 266 49 durchgemacht
2850 2243 41 22 zu
2918 2229 148 40 haben,“
3090 2236 92 39 sagte
3210 2238 52 27 er,
3291 2224 35 34 in
3342 2224 96 34 Nach-

2291 2284 133 37 denken
2442 2284 165 36 verloren.
2636 2285 150 41 „Früher
2804 2284 112 49 gingst
2935 2282 46 35 du
2995 2281 91 35 doch
3101 2280 89 35 auch
3205 2279 50 35 ins
3267 2278 197 34 Weite...“

2370 2341 113 39 „Was
2502 2337 118 36 früher
2639 2352 85 27 war,
2743 2338 43 34 ist
2804 2337 127 36 vorbei.
2979 2335 91 36 Aber
3088 2331 101 37 dafür
3208 2333 43 34 ist
3274 2331 73 35 hier
3366 2329 97 36 nicht

2290 2391 57 36 der
2366 2394 102 33 Ort.“

2370 2446 53 34 Sie
2448 2444 142 36 standen
2616 2444 92 35 noch
2736 2453 98 26 unter
2861 2441 79 37 dem
2958 2441 196 40 Hausthor,
3181 2437 177 37 umbraust
3380 2449 83 22 vom

2291 2499 134 48 ewigen
2445 2498 140 35 Rasseln
2614 2498 58 35 der
2691 2497 209 48 Lastwagen
2929 2495 71 36 und
3030 2494 78 36 dem
3135 2491 173 37 schnellen
3338 2489 126 37 Rollen

2291 2551 57 36 der
2367 2551 211 36 Droschken.

2371 2607 108 39 „Hast
2508 2605 45 35 du
2577 2605 93 36 Zeit?
2703 2603 148 36 Wollen
2878 2603 67 36 wir
2971 2599 181 52 irgendwo
3180 2599 54 35 ein
3255 2597 81 37 Glas
3355 2596 109 36 Wein

2292 2657 134 37 trinken
2445 2658 154 49 gehen?“
2620 2658 109 48 fragte
2748 2657 172 48 Hartwig.

2372 2715 93 38 „Das
2486 2711 123 38 kannst
2637 2711 47 35 du
2709 2712 87 34 auch
2823 2710 52 36 bei
2902 2711 64 33 mir
2984 2707 121 37 haben.
3147 2706 81 36 Eine
3255 2712 80 41 gute
3364 2701 99 37 halbe

2291 2766 130 35 Stunde
2441 2765 87 36 habe
2548 2767 58 35 ich
2625 2766 111 40 Zeit,“
2755 2773 199 40 entgegnete
2972 2765 180 45 Hagenau.

2372 2821 45 33 So
2436 2820 130 47 stiegen
2583 2820 47 35 sie
2650 2818 54 35 die
2723 2818 103 35 breite
2844 2815 214 50 gewundene
3076 2817 129 45 Treppe
3223 2825 78 22 zum
3319 2810 144 36 zweiten

2292 2872 204 36 Stockwerk
2516 2886 130 37 empor,
2665 2885 61 22 wo
2746 2874 183 46 Hagenaus
2949 2872 129 33 Bureau
3097 2867 67 49 lag.

2373 2928 87 33 Was
2492 2926 164 47 Hartwig
2688 2939 56 21 am
2781 2925 138 34 meisten
2959 2936 42 23 an
3036 2922 127 35 seinem
3195 2918 163 48 Begleiter
3390 2929 55 22 ver-

2292 2978 188 44 wunderte,
2502 2992 84 29 war,
2606 2980 62 34 ihn
2687 2992 37 21 so
2746 2976 190 37 auffallend
2954 2975 129 37 hinken
3100 2987 40 22 zu
3155 2973 110 35 sehen.
3294 2973 168 44 Hagenau

2293 3038 121 29 stützte
2433 3033 72 35 sich
2524 3034 134 34 schwer
2677 3031 64 36 auf
2755 3032 113 34 seinen
2887 3029 106 37 Stock
3011 3029 36 35 in
3066 3027 58 36 der
3138 3026 131 36 Linken
3289 3024 67 35 und
3378 3022 85 48 stieg

2294 3086 159 35 mühsam
2477 3085 94 36 Stufe
2602 3099 57 22 um
2686 3083 107 38 Stufe.
2834 3087 43 32 Er
2905 3081 186 42 bemerkte,
3121 3081 69 35 wie
3214 3077 161 47 Hartwig
3401 3076 62 34 ihn

2294 3139 193 37 verstohlen
2506 3153 69 22 von
2595 3139 58 35 der
2671 3140 86 33 Seite
2776 3137 230 36 beobachtete.

2374 3196 84 38 „Du
2477 3193 176 36 wunderst
2673 3191 80 36 dich
2773 3191 81 35 über
2872 3190 132 36 meinen
3026 3189 142 46 Gang?“
3188 3193 91 40 sagte
3298 3195 33 22 er
3350 3180 112 48 ruhig.

2294 3248 60 44 „Ja
2374 3246 55 35 ich
2447 3245 87 36 habe
2554 3245 64 36 den
2635 3245 117 36 linken
2767 3243 75 37 Fufs
2859 3243 160 36 verloren.
3053 3244 53 31 Da
3124 3239 82 47 liegt
3225 3235 169 37 vielleicht
3409 3233 55 36 die

2295 3298 192 49 Erklärung
2502 3298 57 36 für
2568 3300 175 34 Manches.
2778 3299 56 34 Ich
2851 3296 93 36 kann
2957 3296 96 34 nicht
3068 3292 94 36 mehr
3181 3292 50 33 ins
3242 3289 127 36 Weite.
3404 3287 59 35 Ich

2296 3351 91 36 mufs
2407 3353 92 34 mich
2519 3351 65 36 auf
2598 3352 53 35 die
2668 3353 101 34 Nähe
2788 3347 265 38 beschränken.“

2377 3407 114 40 „Aber
2510 3407 69 34 wie
2597 3407 35 33 in
2653 3405 79 35 aller
2750 3403 98 36 Welt
2867 3404 42 33 ist
2928 3401 88 35 denn
3035 3399 56 35 das
3111 3396 253 52 gekommen?“

2377 3462 67 42 „Er
2462 3459 42 35 ist
2523 3459 64 35 mir
2606 3460 47 33 im
2674 3457 100 36 Duell
2795 3455 278 49 abgeschossen.“

2377 3514 74 39 „Im
2472 3512 182 35 Duell?!!“

2378 3565 170 45 „Jawohl.
2578 3567 40 32 Es
2633 3577 75 23 war
2722 3575 121 35 wegen
2857 3562 88 34 einer
2960 3555 430 52 Familienangelegenheit,
3411 3553 54 36 die

2298 3617 79 36 dich
2390 3619 96 34 nicht
2498 3618 119 34 weiter
2631 3617 223 34 interessieren
2869 3614 103 36 kann.
3001 3612 89 36 Aber
3105 3612 54 35 bei
3168 3611 57 35 der
3237 3608 227 50 Amputation

2297 3670 71 36 und
2395 3671 37 35 in
2460 3671 57 35 der
2539 3669 187 37 Krankheit
2754 3667 163 42 darnach,
2947 3666 41 36 da
3016 3667 42 35 ist
3086 3666 92 36 dann
3201 3664 55 35 die
3273 3662 192 47 Wendung
