3712 4572
2130 3919 216 43 202

995 567 130 42 Altars,
1150 579 63 23 vor
1239 564 78 36 dem
1336 562 253 50 Hintergründe
1608 563 92 34 einer
1718 561 133 35 schwer
1870 556 299 39 herabwallenden

996 618 262 38 Silberstickerei
1276 616 261 50 geheimnisvoll
1556 615 223 36 schimmerte.

1075 676 75 32 Erst
1164 671 169 36 nachdem
1347 671 111 34 meine
1468 672 124 45 Augen
1605 668 72 35 sich
1693 680 42 22 an
1750 666 54 35 die
1813 665 182 36 schwache
2006 663 143 36 Beleuch-

997 735 89 41 tung
1104 726 180 48 gewöhnt,
1303 725 105 34 nahm
1422 724 56 34 ich
1493 735 41 21 zu
1546 720 121 36 Fölsen
1682 720 55 35 des
1749 719 110 36 Altars
1870 719 99 34 einen
1980 717 187 49 niedrigen,

995 780 153 36 schwarz
1166 776 214 37 bekleideten
1399 774 207 37 Betschemel
1625 774 108 35 wahr.
1771 772 82 35 Und
1873 780 126 33 etwas,
2020 783 73 23 was
2113 770 56 34 ich

995 833 141 47 solange
1162 830 58 36 für
1247 830 96 36 einen
1361 837 131 27 matten
1510 826 239 37 Widerschein
1768 826 55 34 des
1844 825 133 35 Lichtes
1997 823 171 49 gehalten,

996 883 215 38 unterschied
1229 882 57 36 ich
1305 882 91 35 dann
1415 881 47 36 als
1482 881 73 34 eine
1575 879 119 36 weifse
1714 878 142 37 Gestalt.

1077 938 53 35 Sie
1148 950 76 22 war
1242 948 86 36 ganz
1347 931 385 50 zusammengesunken,
1752 928 244 52 hingeworfen
2014 927 68 37 fast
2100 929 70 35 wie

999 993 73 34 eine
1091 990 127 35 leblose
1234 989 116 40 Sache,
1371 987 82 35 über
1472 986 54 35 die
1540 985 175 48 niedrigen
1729 984 130 36 Stufen.
1880 987 69 32 Das
1964 983 103 36 weite
2081 981 90 36 helle

998 1043 156 37 Gewand
1180 1041 74 36 liefs
1281 1042 92 34 mich
1392 1039 99 36 keine
1510 1042 142 33 Formen
1676 1038 170 35 erkennen
1870 1037 71 35 und
1966 1050 71 22 von
2060 1036 110 35 ihrem

997 1100 150 46 Haupte,
1168 1095 57 36 das
1246 1094 82 35 über
1347 1094 65 35 den
1425 1093 100 35 Rand
1539 1092 56 35 des
1611 1092 111 35 Pultes
1737 1089 353 50 hinübergeschoben,
2110 1087 66 37 auf

997 1152 98 34 ihren
1119 1147 304 48 herabhangenden
1442 1148 128 33 Armen
1596 1159 41 21 zu
1661 1147 110 34 ruhen
1789 1145 135 40 schien,
1952 1144 59 35 sah
2031 1143 57 36 ich
2106 1155 65 22 nur

999 1204 57 35 das
1065 1200 230 38 Nackenhaar
1305 1202 49 33 im
1364 1200 103 35 leisen
1477 1198 202 50 grünlichen
1690 1199 187 35 Schimmer
1891 1198 61 35 hin
1962 1197 72 35 und
2044 1195 128 37 wieder

999 1257 164 36 erzittern.
1201 1258 40 32 Es
1261 1267 75 22 war
1355 1253 56 35 das
1431 1253 127 48 einzige
1578 1253 149 34 Zeichen
1745 1265 71 22 von
1833 1251 122 36 Leben.

1078 1308 102 36 Doch
1206 1307 162 50 plötzlich
1395 1305 133 50 begann
1553 1307 46 33 sie
1625 1305 134 36 tonlose
1785 1305 172 49 langsame
1977 1305 127 34 Worte
2129 1315 42 23 zu

997 1363 150 39 flüstern;,
1167 1361 54 35 die
1239 1361 59 35 ich
1317 1361 97 34 nicht
1433 1359 166 36 verstand.
1637 1359 152 49 Wenige
1808 1355 250 52 Augenblicke,
2079 1356 92 36 dann

997 1414 89 37 blieb
1107 1413 88 37 auf’s
1215 1416 100 33 Neue
1335 1413 90 36 Alles
1444 1412 81 42 still,
1546 1413 74 35 eine
1639 1413 101 48 lange
1759 1411 127 37 Weile.

1078 1467 83 36 Und
1187 1466 65 37 auf
1271 1466 125 35 einmal
1422 1465 128 37 wieder
1640 1467 46 34 sie
1712 1466 167 41 flüsterte,
1909 1463 92 37 doch
2027 1463 144 40 rascher,

998 1521 157 49 heftiger,
1176 1520 108 36 durch
1298 1521 151 34 schwere
1458 1522 187 46 Atemzüge
1660 1519 264 41 unterbrochen,
1943 1517 47 36 als
2004 1516 108 37 wolle
2126 1517 47 35 sie

997 1576 73 35 ihre
1088 1576 88 33 Bitte
1195 1575 205 47 erzwingen.

1078 1630 62 33 Bat
1158 1628 46 34 sie
1223 1641 62 21 um
1298 1627 113 35 Leben
1430 1625 82 37 oder
1521 1625 97 36 Tod?
1637 1626 60 35 Ich
1716 1625 97 35 stand
1835 1625 65 35 mit
1913 1623 261 50 angehaltenem

1000 1684 112 38 Atem,
1133 1682 64 34 mit
1215 1680 91 48 jeder
1324 1680 94 35 Fiber
1437 1679 156 42 zitternd,
1613 1679 66 36 alle
1697 1677 167 37 Muskeln
1883 1677 123 50 gelöst,
2025 1675 74 37 und
2117 1676 58 35 ich

999 1736 92 35 hätte
1111 1733 145 36 kraftlos
1274 1732 185 37 hinsinken
1484 1737 155 37 müssen,
1665 1745 105 23 wenn
1788 1732 96 36 nicht
1903 1731 57 35 das
1980 1734 116 32 Etwas
2116 1743 40 35 ge-

999 1802 114 23 wesen
1131 1791 111 38 wäre,
1269 1787 57 35 das
1346 1788 37 34 in
1401 1787 67 35 mir
1486 1800 75 22 war
1580 1786 71 36 und
1670 1794 160 32 wartete,
1856 1785 74 35 und
1956 1785 57 35 das
2034 1785 65 33 mir
2117 1796 39 22 so-

999 1841 123 50 gleich,
1138 1842 36 34 in
1194 1842 90 34 einer
1298 1839 171 42 Sekunde,
1489 1839 199 37 verkünden
1702 1838 137 42 mufste,
1859 1852 32 22 es
1911 1839 47 35 sei
1973 1835 127 44 erfüllt,
2116 1850 59 22 um

1001 1909 73 22 was
1095 1896 57 34 ich
1170 1895 38 34 in
1225 1894 89 35 ihrer
1333 1894 102 41 Seele,
1456 1894 63 35 mit
1538 1893 54 35 ihr
1611 1893 112 35 flehte.

1079 1948 81 35 Und
1185 1947 92 36 dann
1295 1948 158 48 geschah,
1474 1961 73 22 was
1573 1947 56 35 ich
1655 1945 169 36 fürchtete
1849 1945 71 35 und
1945 1942 122 38 hoffte.
2105 1943 70 34 Mit

1001 2003 111 34 einem
1126 2001 125 48 langen
1266 2009 129 27 matten
1406 2001 153 35 Stöhnen
1575 1999 106 37 erhob
1699 2000 46 34 sie
1756 1998 65 36 den
1830 1996 101 51 Kopf
1936 1998 72 35 und
2020 1995 155 44 streckte,

1000 2055 63 35 mit
1084 2055 200 48 langsamer,
1305 2053 113 36 steifer
1437 2053 170 41 Geberde,
1633 2053 53 35 die
1705 2055 105 33 Arme
1830 2052 76 35 dem
1928 2049 247 37 Christusbilde

1002 2117 176 40 entgegen,
1199 2107 116 36 dessen
1334 2107 201 49 mattgelber
1553 2109 79 33 Ton
1652 2106 146 36 derselbe
1812 2118 76 24 war
1907 2106 68 34 wie
1994 2104 58 36 der
2071 2104 106 34 dieser

1001 2164 114 33 Arme.
1152 2163 84 34 Wie
1263 2162 45 34 sie
1335 2175 57 21 aus
1417 2160 65 36 den
1507 2159 322 49 zurückgefallenen
1855 2158 160 36 Aermeln
2039 2170 115 36 empor-

1000 2225 136 38 ragten,
1167 2213 157 37 erschrak
1352 2215 59 35 ich
1439 2215 83 34 über
1549 2215 73 34 ihre
1649 2211 208 38 krankhafte
1883 2211 211 49 Magerkeit,
2123 2210 55 35 die

1002 2269 159 34 dennoch
1180 2268 71 35 ihre
1270 2267 193 36 vollendete
1478 2270 100 32 Form
1597 2268 98 34 nicht
1714 2272 167 29 zerstören
1895 2265 141 35 konnte.
2057 2263 97 36 Ruck-

1002 2323 122 40 weise,
1150 2322 63 34 mit
1234 2323 91 33 einer
1343 2327 167 30 nervösen
1529 2319 117 44 Kraft,
1676 2320 56 36 die
1750 2318 160 36 niemand
1931 2319 58 35 der
2008 2317 152 36 zerbrech-

1001 2375 115 35 lichen
1134 2374 131 36 Gestalt
1291 2383 176 41 zugetraut
1491 2375 109 42 hätte,
1627 2373 109 49 folgte
1763 2373 92 35 dann
1878 2372 59 35 der
1963 2375 132 46 Körper
2121 2371 57 35 der

1003 2429 265 48 sehnsüchtigen
1288 2431 199 46 Bewegung
1507 2429 57 34 der
1582 2430 113 33 Arme.
1745 2430 43 32 Er
1807 2427 85 47 stieg
1911 2439 136 35 empor;
2080 2432 99 26 unter

1004 2481 66 35 den
1088 2481 113 36 Falten
1216 2482 56 34 des
1293 2481 192 36 Gewandes
1505 2483 125 33 meinte
1649 2482 57 34 ich
1727 2480 65 36 den
1810 2478 271 37 überschlanken
2095 2477 83 35 Leib

1004 2536 73 34 sich
1095 2533 236 37 fortwährend
1352 2535 132 35 dehnen
1503 2534 72 36 und
1593 2534 163 36 wachsen
1775 2546 41 22 zu
1836 2533 111 35 sehen.
1985 2533 56 34 Ihr
2060 2534 120 46 Haupt

1006 2587 126 37 befand
1159 2589 70 34 sich
1253 2589 36 34 in
1315 2588 56 35 der
1391 2589 104 35 Höhe
1521 2588 58 35 der
1597 2587 97 36 Füfse
1719 2587 134 40 dessen,
1883 2599 41 23 zu
1945 2585 77 36 dem
2042 2586 46 34 sie
2107 2585 73 34 sich

1006 2640 202 37 aufrichtete
1224 2641 72 36 und
1311 2643 72 34 ihre
1393 2643 130 48 Lippen
1535 2641 121 49 glitten
1671 2640 82 36 über
1767 2639 88 36 diese
1870 2639 202 49 gekreuzten
2083 2637 97 35 Füfse

1006 2695 72 35 hin.
1116 2694 90 36 Aber
1231 2696 47 34 sie
1303 2695 105 35 erhob
1429 2696 71 34 sich
1519 2696 130 35 weiter.
1688 2695 53 35 Sie
1760 2693 112 36 kniete
1891 2693 97 35 nicht
2007 2693 114 39 mehr,
2147 2704 32 22 es

1007 2761 75 22 war
1100 2747 80 37 kein
1197 2747 233 51 Muskelspiel,
1449 2749 47 35 sie
1515 2749 115 35 schien
1649 2761 42 22 zu
1710 2747 182 36 schweben
1910 2747 72 34 und
2000 2747 54 34 ihr
2072 2743 107 51 Kopf,

1007 2801 201 49 gewaltsam
1227 2803 35 33 in
1281 2802 66 35 den
1366 2800 146 37 Nacken
1532 2800 193 50 geworfen,
1744 2815 75 21 war
1837 2801 89 35 nach
1945 2799 78 35 dem
2042 2801 138 47 Haupte

1009 2854 55 36 des
1084 2854 146 35 Erlösers
1250 2855 174 48 gerichtet.
1462 2856 151 34 Dorthin
1632 2855 181 40 trachtete,
1841 2855 62 34 mit
1922 2854 89 34 einer
2030 2853 151 47 einzigen

1009 2908 151 41 Gewalt,
1183 2908 45 35 all
1247 2909 53 35 ihr
1314 2911 135 33 Wesen.
1477 2911 41 32 Es
1537 2922 86 31 war,
1643 2908 48 36 als
1705 2907 124 37 wollte
1846 2908 47 34 sie
1911 2907 74 35 ihm
2005 2907 55 34 ein
2073 2907 109 33 Wort

1011 2961 94 35 dicht
1129 2961 61 35 ins
1218 2962 185 48 Angesicht
1427 2975 112 36 sagen.
1577 2961 89 36 Aber
1692 2975 34 22 er
1749 2963 99 34 hörte
1872 2975 32 21 es
1928 2959 95 36 nicht
2042 2958 74 36 und
2135 2959 46 34 sie

1010 3013 90 35 blieb
1120 3022 129 27 stumm
1266 3024 99 26 unter
1384 3015 57 35 der
1455 3015 263 36 schmerzlichen
1736 3017 160 45 Majestät
1916 3015 103 34 seines
2037 3011 143 37 Blickes.

1011 3067 105 35 Noch
1131 3067 72 35 eine
1213 3067 310 37 übermenschliche
1534 3071 241 46 Anstrengung
1846 3068 71 35 ihre
1929 3069 103 33 Arme
2047 3065 134 37 stiefsen

1011 3133 57 21 zur
1082 3120 98 41 Seite,
1195 3121 68 35 wie
1278 3122 50 34 im
1342 3121 158 50 Krampf,
1516 3121 73 36 dafs
1606 3123 56 34 ich
1676 3121 53 35 die
1745 3121 151 36 Gelenke
1910 3120 148 36 krachen
2071 3119 110 35 hörte.

1013 3173 99 35 Einer
1129 3187 71 21 von
1218 3174 104 35 ihnen
1341 3173 71 36 traf
1426 3175 65 35 den
1509 3175 221 41 Kandelaber,
1750 3174 73 36 dafs
1844 3188 33 22 er
1895 3174 128 36 klirrte.

1093 3227 60 33 Ich
1171 3226 98 36 weifs
1289 3227 106 42 nicht,
1416 3227 44 36 ob
1481 3241 33 23 er
1532 3227 128 37 umfiel.
1687 3229 59 35 Ich
1764 3229 62 35 sah
1841 3241 65 22 nur
1920 3227 105 41 noch,
2044 3227 70 36 wie
2130 3226 54 34 die

1013 3279 278 35 unmenschliche
1315 3283 185 47 Spannung
1524 3282 91 34 ihrer
1638 3281 137 37 Glieder
1799 3279 209 43 erschlaffte,
2035 3281 70 35 wie
2122 3277 62 37 fihr

1014 3334 131 45 Körper
1159 3333 113 34 weich
1287 3333 69 35 und
1371 3334 143 40 schwer,
1535 3334 47 35 als
1601 3335 47 34 sei
1666 3335 64 35 mit
1746 3335 111 35 einem
1872 3335 152 48 einzigen
2038 3333 146 35 Hauche

1016 3384 46 34 all
1081 3385 71 34 sein
1165 3385 110 35 Wille
1295 3387 226 47 ausgeblasen,
1541 3387 194 37 zurückfiel.
1772 3387 81 36 Und
1873 3401 59 22 aus
1952 3389 58 34 der
2029 3387 156 48 gleichen

1016 3436 298 49 unbegreiflichen
1331 3440 122 40 Höhe,
1478 3440 36 34 in
1539 3440 54 34 die
1613 3442 110 34 meine
1742 3441 91 35 Seele
1852 3442 64 34 mit
1935 3441 57 35 der
2011 3441 96 35 ihren
2126 3453 40 35 ge-

1016 3497 117 40 tragen
1152 3504 91 27 war,
1267 3491 85 35 sank
1369 3493 58 34 ich
1445 3492 111 41 selbst,
1577 3494 91 34 ohne
1687 3494 272 42 Widerstreben,
1983 3493 203 36 fatalistisch

1018 3543 68 34 wie
1096 3542 46 35 sie
1152 3542 57 35 der
1218 3543 274 50 Verkündigung
1503 3546 54 34 des
1568 3546 107 35 Endes
1689 3547 229 47 gehorchend,
1938 3549 63 34 in’s
2011 3550 110 32 Leere.

1096 3597 39 32 In
1148 3595 57 35 der
1218 3598 128 40 Nacht,
1363 3611 31 21 es
1410 3599 138 34 mochte
1562 3612 108 35 gegen
1684 3603 148 45 Morgen
1846 3601 81 42 sein,
1943 3601 171 35 erwachte
2128 3599 58 35 ich

1018 3647 137 36 einmal.
1187 3651 73 32 Erst
1274 3663 73 21 war
1361 3650 90 35 Alles
1467 3659 126 28 stumm
1611 3652 72 35 und
1702 3652 126 50 dumpf
1837 3654 37 34 in
1891 3654 78 41 mir,
1985 3654 91 34 doch
2095 3653 91 35 dann

1019 3700 157 35 arbeitete
1194 3702 73 34 sich
1284 3704 115 33 Etwas
1419 3716 58 22 aus
1496 3704 65 35 mir
1578 3705 132 41 heraus,
1729 3706 58 34 das
1802 3719 42 21 zu
1858 3706 102 35 toben
1974 3706 141 48 begann.
2144 3708 41 32 Es

2276 555 134 37 brauste
2428 556 91 48 rings
2538 569 62 21 um
2619 555 95 35 mich
2732 555 59 35 her
2809 553 70 37 und
2894 554 164 50 plötzlich
3076 553 107 51 klang
3202 568 32 22 es
3253 555 38 35 in
3304 554 58 36 das
3377 567 57 23 ver-

2276 622 156 22 worrene
2439 611 143 33 Lärmen
2592 609 119 35 hinein
2719 609 68 35 wie
2798 608 55 36 das
2866 607 168 36 klirrende
3045 607 201 37 Aufstofsen
3256 621 70 23 von
3336 607 116 38 Silber.

2277 661 139 37 Darauf
2439 663 115 34 schien
2578 662 74 35 sich
2679 661 200 36 allmählich
2904 662 55 34 ein
2977 661 100 35 Licht
3102 675 40 21 zu
3166 660 204 44 verbreiten,
3396 663 56 34 ein

2276 716 207 48 ungewisser
2493 715 132 41 Schein,
2646 715 35 35 in
2702 714 78 36 dem
2799 716 56 35 ich
2869 714 136 36 endlich
3020 714 64 36 den
3094 715 158 35 Rahmen
3266 715 87 35 eines
3368 717 63 33 Fen-

2277 777 79 27 sters
2371 768 225 36 unterschied.
2634 769 52 34 Sie
2713 767 99 37 stand
2830 768 126 41 davor,
2982 767 55 36 die
3056 767 119 37 weifse
3194 767 130 37 Gestalt
3349 768 104 36 erhob

2278 822 73 35 sich
2377 821 79 36 dort
2479 821 155 50 langsam
2657 835 108 35 gegen
2789 821 57 36 das
2865 821 251 42 Fensterkreuz,
3137 821 71 35 und
3227 821 134 37 hinaus.
3399 822 55 34 Sie

2276 875 174 36 schwebte
2474 876 136 34 hinaus.
2642 875 108 35 Einen
2768 874 219 50 Augenblick
3014 875 99 35 stand
3137 876 48 34 sie
3212 873 158 37 draufsen
3389 875 64 35 mit

2277 928 256 50 geschlossenen
2547 927 120 37 Füfsen
2682 929 37 35 in
2734 927 56 37 der
2805 927 94 42 Luft,
2915 928 91 36 dann
3019 927 228 37 entschwebte
3263 929 46 35 sie
3322 928 131 41 weiter,

2277 981 65 37 auf
2356 981 66 36 den
2439 981 197 36 rankenden
2655 983 164 48 Zweigen
2838 981 57 36 der
2915 981 142 37 weifsen
3071 981 143 43 Winde,
3235 981 54 36 die
3307 982 73 35 ihre
3396 995 39 34 ge-

2277 1035 216 36 schlossenen
2508 1034 97 36 Füfse
2624 1036 95 35 nicht
2739 1035 194 42 berührten,
2952 1036 119 35 weiter
3090 1036 70 35 und
3175 1035 131 42 weiter,
3326 1036 35 34 in
3377 1034 78 36 dem

2278 1089 156 40 Scheine,
2469 1089 66 35 den
2560 1090 48 34 sie
2633 1089 90 35 nach
2742 1090 72 34 sich
2834 1102 74 36 zog.
2947 1090 123 34 Hinter
3089 1089 53 35 ihr
3161 1087 128 37 schlofs
3309 1089 71 35 sich
3400 1087 55 36 die

2279 1141 220 42 Dunkelheit,
2519 1143 37 35 in
2578 1142 58 36 der
2655 1143 46 35 sie
2719 1143 94 35 mich
2832 1141 216 37 zurückliefs.
3074 1143 60 34 Ich
3149 1141 122 37 wollte
3286 1142 166 35 schreien:

2279 1194 110 43 „Hilf
2410 1197 81 35 mir!
2530 1197 59 35 Ich
2615 1195 137 37 auch!“
2788 1195 90 37 Aber
2902 1197 57 35 ich
2978 1195 85 36 sank
3081 1197 37 34 in
3138 1194 317 50 Bewufstlosigkeit

2278 1248 139 37 zurück.

2358 1302 78 46 Jede
2459 1303 117 35 Nacht
2597 1316 74 22 war
2695 1315 32 23 es
2753 1302 166 44 dasselbe,
2946 1303 56 35 ich
3027 1301 101 38 weifs
3154 1302 97 36 nicht
3276 1302 69 36 wie
3370 1301 85 37 viele

2278 1357 148 34 Nächte.
2452 1356 60 35 Ich
2530 1357 170 35 erwachte
2720 1356 72 36 und
2812 1357 110 35 meine
2941 1359 120 45 Augen
3083 1355 126 36 fanden
3228 1355 154 49 langsam
3402 1354 53 36 die

2278 1409 202 49 Helligkeit,
2499 1408 273 50 weifsgrünlich,
2793 1410 70 35 und
2884 1410 53 35 die
2952 1409 225 37 schwebende
3188 1410 142 35 Gestalt.
3360 1409 98 34 Mein

2279 1462 80 36 Blut
2387 1471 87 27 toste
2502 1462 72 36 und
2603 1463 123 36 wälzte
2753 1464 37 35 in
2817 1464 149 35 meinem
2990 1464 90 34 Hirn
3098 1461 168 38 Gedichte
3294 1475 71 23 von
3393 1475 44 21 un-

2279 1516 259 41 menschlicher,
2558 1529 79 23 zum
2652 1517 101 48 Fluge
2773 1516 239 50 verlangender
3031 1515 72 37 und
3124 1529 44 23 an
3187 1515 66 36 den
3267 1514 115 37 Boden
3399 1528 40 36 ge-

2279 1569 143 36 bannter
2441 1570 190 35 Sehnsucht
2711 1570 282 49 Fiebergedichte,
3014 1569 55 36 die
3086 1569 100 35 keine
3207 1568 250 36 menschlichen

2281 1625 128 34 Worte
2427 1623 129 35 hatten.

2362 1677 98 35 Eines
2475 1679 164 46 Morgens
2655 1675 135 37 endlich
2806 1676 133 50 begann
2954 1677 57 35 ich
3025 1675 129 37 wieder
3169 1689 41 23 zu
3224 1676 113 41 sehen,
3353 1675 108 35 durch

2283 1730 98 35 einen
2404 1729 163 42 Schleier,
2599 1731 65 34 mit
2689 1731 94 34 noch
2807 1729 166 51 dumpfen
2999 1731 143 39 Sinnen,
3169 1729 92 36 doch
3285 1742 116 23 waren
3428 1742 32 21 es

2282 1783 128 36 wieder
2428 1783 54 35 die
2501 1783 112 49 Dinge
2633 1783 104 36 dieser
2755 1783 110 36 Welt.

2363 1837 64 35 Die
2457 1840 235 46 Dämmerung
2720 1837 138 35 lichtete
2886 1837 82 35 sich.
3024 1839 38 32 In
3091 1837 110 34 einem
3226 1834 148 37 Winkel
3403 1834 57 36 des

2283 1891 182 40 Zimmers,
2496 1903 69 22 von
2585 1890 77 36 dem
2682 1891 140 41 Tische,
2844 1903 43 23 an
2907 1890 79 36 dem
3004 1891 46 34 sie
3069 1902 167 36 gesessen,
3264 1889 106 35 erhob
3389 1888 73 36 sich

2284 1943 54 35 die
2357 1943 88 35 helle
2457 1943 141 36 Gestalt.
2628 1945 53 34 Sie
2700 1953 80 40 trug
2796 1945 86 35 zwei
2895 1944 143 35 silberne
3050 1943 165 35 Leuchter
3230 1956 79 22 zum
3324 1943 137 40 Kamin,

2284 1995 67 37 auf
2371 1996 116 36 dessen
2506 1997 262 50 Marmorplatte
2792 1999 46 34 sie
2858 1998 79 35 leise
2956 1996 270 36 niederklirrten.
3264 1996 59 35 Als
3343 1996 46 34 sie
3408 1995 55 35 die

2284 2054 127 34 Kerzen
2431 2050 165 48 gelöscht,
2617 2052 85 48 ging
2721 2052 47 34 sie
2787 2051 65 35 mit
2866 2051 107 35 ihrem
2989 2049 252 37 schwebenden
3255 2049 127 35 Schritt
3394 2062 69 22 ans

2284 2107 143 39 Fenster,
2448 2103 57 36 das
2525 2105 46 34 sie
2592 2103 138 42 öffnete,
2752 2118 59 22 um
2830 2105 55 35 die
2904 2103 184 37 herbstlich
3103 2102 124 36 frische
3243 2100 220 51 Morgenluft

2284 2157 279 37 hereinzulassen.

2364 2213 71 33 Um
2454 2211 53 35 ihr
2527 2211 62 35 mit
2609 2210 76 36 dem
2696 2210 97 36 Blick
2808 2210 119 48 folgen
2941 2223 41 22 zu
2998 2208 155 43 können,
3172 2209 141 37 wandte
3327 2210 57 34 ich
3400 2208 66 36 den

2284 2263 107 50 Kopf.
2434 2265 53 34 Sie
2513 2264 95 36 hatte
2632 2265 112 35 meine
2769 2267 199 45 Bewegung
2994 2264 122 48 gehört
3141 2262 71 36 und
3239 2263 141 34 richtete
3410 2262 55 35 die

2286 2319 123 47 Augen
2437 2316 65 36 auf
2525 2318 104 35 mich.
2667 2317 80 36 Und
2768 2317 167 36 während
2963 2330 117 22 unsere
3104 2318 124 47 Augen
3256 2317 73 34 sich
3355 2314 111 36 trafen

2286 2370 72 36 und
2384 2370 116 50 lange,
2525 2371 99 48 lange
2647 2371 37 35 in
2711 2371 158 35 einander
2895 2368 134 38 vertieft
3065 2369 150 41 blieben,
3250 2368 118 36 erfuhr
3396 2370 68 41 ich,

2286 2423 73 37 dafs
2379 2437 73 22 nun
2472 2424 146 43 endlich,
2639 2424 171 43 dennoch,
2831 2424 54 35 die
2899 2426 189 46 Trennung
3106 2436 135 22 unserer
3255 2425 132 46 Körper
3407 2422 40 35 be-

2286 2479 85 47 siegt
2398 2479 62 40 sei,
2489 2477 72 36 dafs
2587 2479 45 34 sie
2651 2491 72 22 nun
2749 2491 84 35 ganz
2852 2477 92 35 mein
2962 2480 130 32 Traum
3111 2476 188 48 geworden
3318 2476 72 35 und
3408 2475 58 36 ich

2287 2531 59 35 der
2364 2531 84 41 ihre,
2469 2531 70 35 und
2560 2531 72 36 dafs
2645 2532 67 36 wir
2726 2545 73 22 nun
2814 2532 92 34 ohne
2917 2531 124 35 Furcht
3056 2530 71 35 und
3142 2531 153 35 sicheren
3306 2530 160 34 Schrittes

2288 2584 226 36 miteinander
2533 2586 37 34 in
2589 2585 54 35 die
2662 2584 269 36 Unendlichkeit
2949 2584 210 36 wandelten.

2367 2639 53 34 Sie
2439 2648 66 26 trat
2525 2651 43 23 an
2587 2639 91 35 mein
2699 2641 74 33 Bett
2792 2639 72 35 und
2883 2638 125 35 reichte
3027 2638 65 34 mir
3118 2638 74 35 ihre
3210 2636 117 42 Hand,
3351 2636 110 35 durch

2287 2691 54 35 die
2361 2691 57 36 das
2434 2692 99 35 Licht
2552 2691 397 37 hindurchschimmerte.
2975 2691 61 35 Ich
3055 2691 61 35 sah
3135 2704 32 22 es
3187 2691 65 35 mit
3271 2689 191 49 freudigem

2286 2744 233 50 Herzklopfen
2545 2746 68 35 und
2644 2747 112 47 neigte
2782 2746 95 35 mich
2902 2745 82 35 über
3012 2744 87 35 diese
3120 2744 120 41 Hand,
3268 2743 54 35 die
3351 2744 111 34 meine

2288 2798 174 36 tastenden
2481 2800 130 48 Lippen
2629 2798 108 36 kaum
2756 2798 148 37 fühlten.
2951 2798 81 35 Und
3052 2799 37 34 in
3111 2798 110 34 ihrem
3241 2797 154 41 Gesicht,
3423 2810 38 21 so

2288 2853 117 35 schien
2424 2866 33 21 es
2478 2853 75 42 mir,
2571 2866 74 22 war
2663 2853 111 35 nichts
2794 2853 108 40 mehr,
2919 2851 46 36 als
2986 2851 53 35 die
3055 2853 136 47 Augen,
3207 2850 112 50 grofse
3334 2848 129 37 fremde

2288 2905 71 36 und
2380 2914 167 28 vertraute
2567 2909 112 33 Sterne
2705 2907 89 35 einer
2820 2905 126 37 andern
2963 2904 118 42 Welt,
3107 2905 53 35 die
3184 2905 57 35 ich
3266 2917 74 22 nun
3366 2904 97 34 nicht

2289 2959 96 35 mehr
2403 2958 141 37 losliefs.

2370 3014 53 34 Sie
2446 3013 113 49 neigte
2584 3014 73 34 sich
2681 3012 84 36 über
2793 3013 93 35 mich
2912 3011 70 36 und
3004 3019 92 41 sagte
3114 3012 64 34 mit
3198 3012 90 34 einer
3307 3010 154 40 Stimme,

2290 3065 54 37 die
2362 3079 65 22 nur
2445 3068 92 34 noch
2558 3067 55 35 ein
2632 3067 127 35 Hauch
2778 3078 90 24 war:

2369 3149 76 13 „
2465 3123 59 32 Du
2543 3120 97 36 sollst
2658 3133 74 22 nun
2750 3133 85 35 ganz
2853 3118 89 36 stille
2961 3117 169 36 bleiben.“

2370 3173 91 35 Aber
2485 3173 55 35 ich
2566 3172 129 38 wufste
2719 3175 66 33 mir
2810 3173 80 35 kein
2909 3174 124 39 Wort,
3063 3170 57 36 das
3144 3170 57 35 ich
3225 3169 55 35 ihr
3304 3168 93 36 noch
3421 3181 43 22 zu

2290 3239 104 36 sagen
2411 3228 101 47 nötig
2530 3227 126 49 gehabt
2674 3228 105 34 hätte.

2371 3281 103 35 Nach
2493 3281 91 35 einer
2601 3280 125 49 langen
2736 3279 128 42 Weile,
2885 3278 47 36 als
2952 3278 57 35 ich
3027 3276 164 48 schwieg,
3211 3276 75 35 that
3300 3275 47 35 sie
3362 3274 102 36 selbst

2292 3333 76 36 eine
2387 3337 117 46 Frage:

2371 3415 78 13 „
2467 3391 58 31 Du
2543 3386 109 36 fühlst
2672 3386 79 36 dich
2770 3386 75 35 sehr
2864 3384 212 36 schwach?“

2372 3467 76 16 „
2470 3444 57 32 Du
2546 3449 106 28 warst
2669 3441 121 33 immer
2803 3439 54 34 bei
2872 3439 114 34 mir?“
3005 3435 109 50 fragte
3130 3436 57 35 ich
3201 3434 72 36 und
3290 3433 174 37 beachtete

2292 3507 38 23 so
2359 3495 119 49 wenig
2506 3494 104 35 dieses
2639 3501 83 27 erste
2749 3495 120 38 „Du“,
2898 3491 58 36 das
2981 3490 58 35 ich
3067 3489 200 50 aussprach,
3297 3489 71 36 wie
3393 3488 72 42 das,

2292 3547 150 37 welches
2461 3549 47 34 sie
2526 3548 66 34 mir
2610 3546 161 49 gegeben.

2373 3601 54 35 Sie
2446 3600 127 36 nickte.
2612 3601 59 34 Ich
2690 3599 135 49 begann
2843 3596 139 37 wieder,

2373 3681 78 15 „
2469 3658 58 31 Du
2545 3654 77 34 hast
2636 3652 91 36 Alles
2746 3652 135 48 gehört,
2900 3664 73 23 was
2993 3650 60 35 ich
3071 3649 212 50 gesprochen
3300 3648 100 43 habe,
3421 3647 45 37 all

2293 3706 89 36 diese
2400 3708 187 35 Nächte?“
