3651 4572
2162 3920 76 35 234

1045 574 67 31 Das
1146 569 147 40 Odium,
1333 567 145 35 welches
1505 565 93 35 noch
1630 564 102 35 heute
1766 562 77 35 dem
1875 561 132 36 blofsen
2025 562 107 33 Wort

966 622 292 50 „Lithographie“
1280 619 172 40 anhaftet,
1481 620 44 32 ist
1551 617 82 35 eben
1660 616 101 35 leider
1788 616 54 34 ein
1861 628 63 21 nur
1944 612 188 37 allzuwohl

966 676 201 40 verdientes,
1199 673 68 35 und
1292 687 30 21 es
1350 670 154 37 bedurfte
1530 670 88 35 nach
1638 669 56 35 der
1714 669 122 47 langen
1855 668 73 34 Zeit
1948 668 55 33 des
2024 665 87 36 hand-

965 728 210 37 werklichen
1184 725 290 37 Porträtbetriebes
1488 725 88 33 einer
1588 721 267 36 künstlerischen
1862 719 269 40 Individualität,

965 796 62 22 um
1039 795 58 22 aus
1109 781 55 35 der
1175 779 240 47 Lithographie
1430 776 126 36 wieder
1571 776 72 33 eine
1656 777 130 32 Kunst
1801 787 42 21 zu
1858 773 154 34 machen.
2033 773 100 34 Auch

966 837 89 34 hier
1067 834 148 34 leuchtet
1230 832 55 34 der
1299 833 112 32 Name
1425 828 140 49 Adolph
1580 826 148 37 Menzels
1744 840 37 21 so
1797 826 80 40 hell,
1898 825 72 35 dafs
1986 839 32 21 es
2034 824 80 35 über-

966 889 115 46 flüssig
1095 890 104 36 wäre,
1215 886 105 33 seiner
1335 881 194 43 „Versuche
1545 880 65 35 auf
1620 881 91 34 Stein
1726 880 65 34 mit
1801 879 108 35 Pinsel
1925 879 68 34 und
2006 877 105 36 Schab-

966 942 111 34 eisen“
1092 952 43 22 zu
1155 936 175 50 gedenken
1418 935 233 42 „Versuche“,
1672 933 54 34 die
1745 946 40 21 zu
1801 931 254 42 „Vorbildern“
2076 945 38 35 ge-

966 992 142 36 worden
1137 991 66 34 und
1236 988 218 36 hinsichtlich
1483 988 56 34 der
1571 987 219 34 malerischen
1823 985 223 48 Behandlung
2078 984 54 35 des

966 1044 221 37 Helldunkels
1217 1044 91 33 noch
1337 1041 47 34 bis
1414 1054 57 21 zur
1491 1040 126 35 Stunde
1646 1040 94 33 nicht
1760 1036 210 37 übertrofFen
1990 1037 143 36 worden

965 1099 83 35 sind.
1087 1100 85 32 Was
1201 1096 106 35 neben
1335 1095 111 34 diesen
1475 1093 279 35 Meisterwerken
1782 1093 57 34 der
1865 1091 249 49 Originallitho-

965 1152 138 48 graphie
1131 1163 69 22 von
1234 1148 169 35 einzelnen
1431 1146 203 35 Künstlern:
1669 1146 64 34 den
1766 1146 120 34 beiden
1915 1145 217 40 Achenbach,

964 1209 127 35 Knaus,
1109 1203 149 39 Vautier,
1278 1201 225 46 Meyerheim,
1524 1199 164 35 Skarbina
1709 1199 70 34 und
1799 1198 98 35 selbst
1914 1199 140 47 Klinger
2073 1211 40 35 ge-

964 1258 110 35 leistet
1091 1255 131 40 wurde,
1243 1255 82 48 ging
1340 1254 116 47 wenig
1476 1253 82 34 über
1578 1252 56 34 das
1650 1253 139 34 Bereich
1808 1251 57 35 der
1881 1251 233 48 Gelegenheits-

964 1311 145 35 scherze:
1130 1308 229 39 Tischkarten,
1376 1306 345 48 Neujahrswünsche,
1739 1305 262 49 Ehrendiplome
2013 1319 31 20 u.
2055 1318 77 23 s.w.

964 1365 120 34 hinaus
1104 1361 69 36 und
1192 1361 63 34 soll
1273 1361 72 34 hier
1363 1373 64 21 nur
1447 1359 165 35 nebenher
1632 1359 154 35 erwähnt
1805 1359 148 35 werden.

1043 1418 70 33 Um
1142 1415 52 34 die
1215 1414 101 34 Mitte
1345 1414 56 34 der
1428 1412 157 48 siebziger
1603 1413 96 45 Jahre
1728 1412 197 34 entstanden
1954 1411 53 35 die
2027 1420 106 25 ersten

966 1467 207 37 ernsthaften
1184 1467 158 35 Arbeiten
1352 1466 171 35 Wilhelm
1536 1465 246 42 Steinhausens,
1804 1465 68 40 der,
1893 1463 129 36 damals
2041 1463 92 35 noch

964 1524 37 33 in
1015 1522 109 35 Berlin
1140 1521 155 47 ansässig,
1308 1521 70 33 sich
1394 1520 54 34 des
1464 1518 214 36 Steindrucks
1695 1519 46 34 als
1758 1520 86 33 eines
1861 1519 186 47 bequemen
2062 1517 71 35 und

964 1573 202 38 wohlfeilen
1197 1573 128 35 Mittels
1354 1585 57 22 zur
1432 1571 308 49 Vervielfältigung
1768 1572 104 34 seiner
1892 1572 240 46 Zeichnungen

964 1628 166 35 bediente.
1168 1628 99 34 Diese
1297 1625 280 49 anspruchslosen
1605 1626 123 34 Blätter
1757 1623 128 37 fanden
1914 1623 76 36 aber
2019 1624 115 47 wenig

963 1682 196 46 Beachtung
1187 1679 70 35 und
1288 1679 149 49 gehören
1465 1679 102 35 heute
1593 1678 118 35 bereits
1740 1691 41 22 zu
1810 1678 66 34 den
1895 1677 236 35 Seltenheiten.

965 1738 68 31 Der
1052 1733 157 36 Künstler
1236 1733 83 48 gab,
1350 1732 107 35 durch
1486 1733 112 33 seinen
1617 1729 198 51 Mifserfolg
1843 1731 202 47 entmutigt,
2076 1730 56 34 das

963 1787 304 50 Experimentieren
1297 1784 63 36 auf
1382 1785 72 35 und
1474 1785 132 49 begann
1636 1794 63 25 erst
1728 1794 91 26 etwa
1848 1782 165 37 fünfzehn
2039 1783 96 46 Jahre

963 1846 107 43 später
1090 1841 35 34 in
1144 1837 178 37 Frankfurt
1343 1853 28 21 a.
1391 1841 52 33 M.
1463 1852 84 21 neue
1566 1839 172 34 Versuche
1763 1839 36 33 in
1819 1837 186 49 gröfserem
2024 1835 88 36 Mafs-

963 1894 92 35 stabe
1073 1907 41 21 zu
1133 1893 155 40 machen,
1308 1891 46 36 als
1375 1893 68 34 sein
1462 1891 128 35 Freund
1610 1891 69 35 und
1698 1891 162 35 Nachbar
1879 1891 36 34 in
1935 1893 109 32 Kunst
2064 1889 70 35 und

964 1948 201 34 Wohnsitz:
1200 1949 94 31 Hans
1314 1946 147 41 Thoma,
1496 1945 55 35 die
1578 1954 107 25 ersten
1708 1943 225 41 kraftvollen,
1965 1944 62 34 mit
2057 1943 77 35 dem

964 2001 268 47 Tachygraphen
1252 1998 232 48 hergestellten
1500 1998 218 35 Steindrucke
1738 1998 168 48 ausgehen
1921 1996 84 36 liefs.
2034 1996 101 35 Auch

965 2055 57 33 sie
1041 2054 162 34 brachten
1223 2065 31 21 es
1274 2052 103 34 leider
1396 2065 64 21 nur
1479 2065 40 21 zu
1540 2053 90 33 einer
1648 2051 183 49 bedingten
1846 2050 221 49 Popularität.

966 2106 233 36 Steinhausens
1211 2116 122 30 zarten,
1345 2119 68 21 von
1425 2105 108 35 einem
1545 2105 101 34 leisen
1658 2106 125 34 Hauch
1793 2104 172 48 religiöser
1978 2105 135 33 Schwär-

966 2161 101 34 merei
1091 2159 248 35 durchwehten
1357 2158 169 41 Blättern,
1552 2157 100 36 deren
1678 2159 109 47 einige
1811 2157 91 35 noch
1923 2170 43 22 an
1984 2157 152 47 Ludwig

966 2214 151 34 Richters
1151 2211 349 49 Empfindungsweise
1538 2211 200 48 anklingen,
1777 2220 99 25 setzte
1907 2210 138 35 Thoma
2083 2210 52 34 die

967 2267 133 34 herbere
1115 2269 135 45 Strenge
1270 2266 106 34 seiner
1391 2265 95 35 mehr
1500 2263 308 37 landschaftlichen
1819 2262 317 49 Naturauffassung

968 2328 181 40 entgegen,
1180 2319 114 35 indem
1318 2331 34 21 er
1376 2322 74 44 jene
1469 2321 118 46 Typen
1606 2318 55 34 des
1681 2318 223 48 Berggreises,
1935 2317 54 35 des
2008 2320 127 45 jungen

966 2373 204 41 Mädchens,
1200 2373 55 33 des
1276 2371 278 49 Geigenspielers,
1585 2371 55 35 des
1667 2371 90 35 alten
1777 2373 131 32 Bauern
1936 2369 116 42 schuf,
2082 2370 54 34 die

966 2427 110 34 nichts
1097 2427 117 34 weiter
1240 2424 92 41 sind,
1363 2425 47 35 als
1439 2424 326 36 Personifikationen
1791 2424 54 35 des
1865 2424 270 48 Hochgebirges,

969 2479 53 35 des
1037 2478 188 48 Frühlings,
1247 2478 58 34 der
1319 2477 232 36 Melancholie
1571 2477 55 35 des
1643 2478 156 34 Herbstes
1818 2477 81 35 oder
1919 2477 57 34 der
1996 2476 120 50 dörper-

968 2531 113 36 lichen
1100 2530 440 50 Weltabgeschlossenheit.

1050 2589 64 31 Der
1129 2584 136 35 kleinen
1281 2588 139 46 Gruppe
1439 2583 273 36 Frankfurter
1728 2583 245 35 Steinzeichner
1987 2583 43 34 ist
2045 2582 92 35 noch

969 2638 81 35 Karl
1063 2651 69 22 von
1145 2638 112 35 Pidoll
1270 2638 228 40 beizuzählen,
1514 2638 57 34 der
1587 2636 134 36 freilich
1740 2637 109 35 bisher
1864 2650 64 21 nur
1947 2637 74 34 eine
2035 2635 101 48 Folge

971 2705 70 21 von
1060 2691 173 35 malerisch
1253 2690 240 49 aufgefafsten,
1514 2691 78 35 aber
1611 2690 155 48 zugleich
1786 2690 89 34 auch
1895 2698 107 26 etwas
2023 2702 114 35 mager

970 2745 229 47 gezeichneten
1226 2745 183 34 Ansichten
1438 2758 71 21 von
1536 2744 220 36 Gelnhausen
1783 2741 254 37 veröffentlicht
2065 2743 70 34 hat.

968 2799 106 33 Ihnen
1100 2798 88 34 allen
1214 2798 206 48 gemeinsam
1448 2799 42 33 ist
1516 2797 54 35 die
1594 2797 165 35 schlichte
1779 2796 262 35 konturierende
2062 2798 73 38 Art,

968 2850 132 36 welche
1190 2849 67 36 auf
1265 2850 129 48 farbige
1404 2850 180 48 Wirkung
1604 2849 212 36 verzichtend
1888 2850 71 34 sich
1975 2850 162 47 begnügt,

973 2903 286 48 gewissermafsen
1273 2903 237 35 Holzschnitte
1527 2902 65 37 auf
1602 2905 91 33 Stein
1709 2917 41 21 zu
1766 2902 212 49 übertragen.
2000 2903 138 34 Thoma

973 2956 69 35 und
1062 2957 219 34 Steinhausen
1300 2957 111 34 haben
1431 2957 88 35 denn
1538 2958 89 34 auch
1653 2956 112 36 diesen
1787 2956 141 49 Mangel
1948 2956 109 35 durch
2076 2958 42 31 Be-

972 3008 112 36 malen
1115 3010 55 34 der
1202 3010 269 49 Lithographien
1503 3010 81 35 oder
1615 3010 109 35 durch
1747 3010 119 35 Druck
1894 3008 64 36 auf
1972 3007 167 50 farbigem

973 3063 117 47 Papier
1117 3063 63 34 mit
1209 3064 89 33 einer
1316 3063 182 49 Tonplatte
1526 3061 199 37 abzuhelfen
1754 3064 158 48 gesucht,
1942 3062 72 35 und
2042 3064 96 32 Hans

973 3116 134 33 Thoma
1132 3116 43 33 ist
1193 3116 199 47 neuerdings
1412 3116 50 35 bis
1482 3130 75 21 zum
1579 3115 308 36 Vierfarbendruck
1917 3115 154 49 gelangt,
2104 3115 37 34 in

973 3167 167 35 welchem
1156 3182 33 20 er
1203 3170 90 33 seine
1309 3168 63 35 auf
1378 3169 97 41 Blau,
1496 3173 109 37 Grün,
1621 3172 71 32 Rot
1702 3170 73 35 und
1786 3168 113 37 Weifs
1912 3170 228 47 gestimmten,

975 3220 254 48 aquarellierten
1254 3221 489 37 Schwarzwaldlandschaften
1768 3224 63 34 mit
1858 3222 46 36 all
1929 3224 109 33 ihrem
2062 3222 80 35 Reiz

975 3286 40 21 zu
1035 3272 269 50 vervielfältigen
1323 3276 133 33 weiss.*

2319 560 39 32 In
2375 557 212 35 München
2614 556 193 35 erschienen
2832 556 92 46 1893
2951 554 65 36 auf
3037 555 57 35 der
3115 555 218 49 Ausstellung
3357 556 50 34 im

2240 611 190 49 Glaspalast
2449 611 111 47 einige
2580 609 145 35 kleinere
2741 609 269 49 Lithographien
3029 621 68 23 von
3113 611 84 31 Max
3213 609 104 33 Dasio
3337 621 71 22 von

2240 665 74 34 sehr
2342 662 326 50 geschmackvoller,
2697 663 167 47 graziöser
2887 659 322 50 Formauffassung,
3240 661 77 35 aber
3345 662 63 33 mit

2239 721 110 44 jenem
2375 717 147 35 leichten
2547 716 190 35 erotischen
2756 713 279 51 Beigeschmack,
3063 715 57 34 der
3146 715 123 35 seither
3295 715 37 34 in
3351 713 58 35 der

2240 770 156 35 Isarstadt
2422 769 108 35 durch
2554 769 105 35 Stuck
2682 769 73 35 und
2782 769 57 35 das
2865 771 90 32 Heer
2980 769 105 34 seiner
3110 768 223 34 Nachahmer
3352 781 57 21 zur

2240 823 107 35 Mode
2368 823 149 35 erhoben
2535 822 122 36 wurde
2676 822 71 35 und
2768 822 56 34 der
2843 823 54 33 bei
2912 823 65 33 den
2993 822 240 34 romanischen
3243 819 165 42 Völkern,

2240 877 210 35 namentlich
2479 876 65 35 den
2563 878 202 38 Franzosen,
2792 875 155 48 jederzeit
2975 874 171 36 natürlich
3172 874 70 34 und
3271 872 63 36 frei
3353 887 57 21 zur

2240 931 233 47 Erscheinung
2499 929 153 42 kommt,
2682 929 52 35 bei
2766 941 62 23 uns
2848 929 195 34 Deutschen
3069 927 77 35 aber
3164 928 120 34 immer
3304 936 105 26 etwas

2241 983 176 35 künstlich
2436 982 181 41 Erlerntes,
2644 983 96 34 nicht
2760 995 59 22 aus
2841 982 57 34 der
2917 981 246 49 Empfindung,
3185 980 147 35 sondern
3352 993 57 21 aus

2241 1037 56 34 der
2312 1036 177 36 Reflexion
2501 1035 193 36 Geborenes
2709 1036 70 35 hat.
2801 1037 98 33 Diese
2915 1035 269 48 Lithographien
3198 1034 73 34 sind
3284 1034 125 34 meines

2241 1091 181 34 Erachtens
2443 1089 57 35 das
2516 1092 103 37 Beste,
2640 1102 71 22 was
2732 1089 57 35 der
2802 1092 106 44 junge
2920 1087 159 35 Künstler
3093 1087 149 48 geleistet
3257 1087 71 41 hat,
3349 1087 61 34 ehe

2241 1157 33 21 er
2293 1143 72 35 sich
2384 1143 36 35 in
2439 1141 186 37 bewufster
2641 1142 82 34 oder
2737 1140 236 37 unbewufster
2989 1140 209 48 Anlehnung
3214 1153 43 21 an
3271 1140 139 48 Klinger

2241 1197 70 34 und
2331 1195 106 36 Stuck
2460 1218 46 5 -
2528 1196 87 34 zwei
2638 1195 230 48 magnetische
2888 1194 96 41 Pole,
3010 1194 54 34 die
3090 1194 61 34 ihn
3175 1193 176 48 beständig
3374 1194 37 33 in

2240 1250 58 34 der
2322 1249 164 35 Schwebe
2516 1249 115 35 halten
2723 1248 78 35 dem
2832 1248 123 34 Kultus
2985 1247 90 35 einer
3102 1260 65 21 nur
3195 1247 216 34 scheinbar

2240 1303 244 47 urwüchsigen
2517 1301 225 35 Sinnlichkeit
2780 1301 99 49 ergab
2917 1301 72 34 und
3021 1300 141 35 radierte
3196 1299 134 48 Cyklen
3363 1300 47 34 als

2241 1359 124 46 „Opus
2394 1358 52 39 I“,
2481 1358 122 46 „Opus
2636 1357 30 32 II
2669 1363 22 12 CC
2726 1368 30 22 u.
2785 1369 23 21 s.
2835 1368 46 22 w.
2911 1355 89 33 nach
3028 1354 203 34 berühmten
3255 1355 154 33 Mustern

2241 1411 169 45 ausgehen
2444 1408 85 36 liefs.
2584 1409 63 33 Ein
2672 1409 151 34 Versuch
2859 1421 69 21 von
2967 1410 87 31 Otto
3086 1405 176 36 Eckmann
3290 1406 122 35 wurde

2243 1463 108 34 durch
2370 1462 64 34 den
2455 1465 69 31 Pan
2543 1463 163 33 weiteren
2724 1462 140 34 Kreisen
2883 1460 158 36 bekannt.
3078 1461 80 34 Sehr
3177 1459 139 36 reizvoll
3336 1459 74 35 sind

2243 1517 87 34 auch
2351 1516 53 34 die
2424 1515 160 35 Arbeiten
2603 1528 70 22 von
2688 1517 101 37 Tony
2803 1515 141 40 Stadler,
2965 1514 97 34 meist
3082 1512 251 36 Landschaften
3349 1514 63 33 mit

2241 1569 123 35 Kreide
2389 1570 36 33 in
2450 1568 232 34 malerischem
2707 1567 209 35 Helldunkel
2943 1567 180 35 behandelt
3148 1566 73 35 und
3248 1567 165 34 mitunter

2242 1636 71 20 von
2332 1636 37 20 so
2389 1634 280 22 sonnenwarmer
2686 1620 81 36 Luft
2788 1620 127 42 erfüllt,
2936 1620 74 35 dafs
3032 1633 79 21 man
3131 1620 59 35 das
3206 1620 130 33 Zittern
3356 1619 57 34 der

2243 1675 263 35 sommerlichen
2532 1674 85 35 Glut
2645 1674 82 35 über
2756 1674 63 34 den
2848 1674 279 47 windbewegten
3146 1671 266 37 Aehrenfeldern

2243 1742 41 22 zu
2305 1729 101 34 sehen
2426 1729 115 33 meint.

2325 1784 87 32 Otto
2434 1783 157 38 Greiner,
2622 1780 56 35 der
2699 1782 35 33 in
2752 1781 177 34 München
2956 1779 141 36 lebende
3117 1780 139 47 geistige
3276 1778 138 35 Schüler

2242 1835 175 48 Klingers,
2445 1835 59 34 hat
2523 1835 73 34 sich
2616 1834 127 35 schnell
2763 1835 106 34 durch
2891 1835 89 34 seine
3000 1832 336 48 Federzeichnungen
3354 1830 64 37 auf

2243 1889 92 34 Stein
2361 1889 99 33 einen
2486 1890 137 32 Namen
2648 1901 69 21 von
2741 1896 118 40 gutem
2885 1888 132 47 Klange
3043 1886 179 35 erworben
3246 1886 72 34 und
3342 1886 71 34 sich

2243 1956 59 20 aus
2320 1940 305 36 handwerklichen
2637 1940 182 49 Anfängen
2833 1942 48 33 im
2892 1940 107 35 Laufe
3014 1940 57 35 der
3086 1938 122 35 letzten
3224 1939 82 34 zehn
3316 1940 97 43 Jahre

2243 2009 40 20 zu
2299 1996 107 33 einem
2416 1995 164 34 Zeichner
2596 2008 68 21 von
2680 1993 65 36 fast
2760 1993 217 36 unfehlbarer
2988 1990 274 39 Treffsicherheit
3277 2005 113 35 empor-

2243 2048 193 48 gearbeitet.
2475 2050 38 32 In
2534 2048 57 34 der
2610 2048 253 47 Beherrschung
2883 2048 55 34 des
2959 2046 104 37 Aktes
3084 2046 77 33 thut
3181 2058 31 21 es
3231 2045 75 34 ihm
3324 2046 66 33 Nie-

2243 2102 103 34 mand
2385 2101 129 48 gleich,
2554 2101 77 35 aber
2667 2101 37 34 in
2741 2102 105 33 seiner
2875 2100 115 35 Stärke
3022 2100 82 47 liegt
3136 2098 154 48 zugleich
3322 2099 88 33 seine

2243 2156 188 34 Schwäche
2456 2154 226 35 beschlossen.
2722 2156 74 32 Wo
2825 2168 33 20 er
2881 2153 290 49 Kompositionen
3196 2151 107 48 geben
3323 2150 87 41 will,

2243 2208 75 35 sind
2346 2222 30 20 es
2402 2208 96 34 meist
2524 2207 399 48 Zusammenstellungen
2943 2203 217 39 vortrefflich
3186 2204 226 48 gezeichneter

2243 2261 100 36 Akte.
2382 2263 70 39 „So
2480 2261 59 34 hat
2566 2274 32 21 er
2624 2260 54 35 die
2697 2260 92 35 Teile
2815 2261 34 33 in
2869 2261 106 33 seiner
2994 2259 102 34 Hand
3204 2256 87 35 fehlt
3310 2257 102 34 leider

2243 2328 64 21 nur
2328 2314 58 35 das
2407 2314 139 47 geistige
2565 2313 109 35 Band!
2685 2321 22 13 cc
2741 2314 63 33 Die
2824 2314 245 47 Lithographie
3089 2313 41 33 ist
3150 2311 72 34 ihm
3243 2310 96 34 dabei
3359 2310 54 35 ein

2243 2368 179 48 bequemes
2435 2366 321 42 Ausdrucksmittel,
2773 2367 75 34 aber
2864 2380 34 21 er
2916 2365 176 36 handhabt
3111 2365 46 33 sie
3172 2363 66 35 fast
3254 2364 69 33 wie
3339 2364 73 34 eine

2244 2421 210 46 Radierung,
2474 2420 72 34 und
2566 2420 89 34 seine
2674 2420 115 35 besten
2808 2420 176 34 Arbeiten:
3012 2420 58 34 das
3091 2417 210 40 Parisurteil,
3326 2418 66 33 Her-

2245 2474 95 35 kules
2357 2474 68 34 und
2440 2472 107 41 Atlas,
2568 2472 223 42 Betrunkene,
2812 2472 168 35 Herkules
2996 2486 55 21 am
3067 2470 251 47 Scheidewege,
3338 2470 76 34 sind

2243 2526 183 49 eigentlich
2445 2526 259 49 lithographirte
2719 2526 251 48 Radierungen,
2986 2526 108 34 denen
3113 2523 122 48 jedoch
3250 2523 146 48 gleicher-

2243 2581 103 36 weise
2358 2580 53 35 die
2422 2578 129 49 farbige
2561 2578 95 36 Tiefe
2671 2580 57 34 der
2739 2584 149 43 geätzten
2901 2578 244 50 Kupferplatte,
3157 2577 69 35 wie
3238 2577 52 34 die
3303 2577 95 47 eigen-

2245 2634 87 48 artig
2351 2634 103 35 breite
2473 2633 199 35 Weichheit
2699 2633 54 34 des
2773 2632 217 35 Steindrucks
3016 2631 161 48 mangelt.
3220 2632 41 32 Es
3282 2631 41 33 ist
3344 2630 73 34 sehr

2245 2688 143 40 schwer,
2409 2687 74 34 ihm
2502 2686 91 35 volle
2608 2685 253 49 Gerechtigkeit
2880 2684 228 38 widerfahren
3126 2697 41 21 zu
3186 2683 120 41 lassen,
3327 2683 90 35 denn

2245 2742 139 35 Greiner
2404 2741 41 33 ist
2465 2740 53 34 ein
2537 2739 230 41 Werdender,
2796 2740 74 34 eine
2894 2739 158 35 ruhelose
3071 2737 272 40 Künstlernatur,
3364 2737 53 34 die

2245 2795 122 33 immer
2386 2792 153 36 strebend
2559 2794 71 34 sich
2649 2793 152 41 bemüht,
2822 2796 167 32 vorwärts
3017 2805 40 22 zu
3078 2791 174 40 schreiten,
3274 2790 70 34 und
3364 2790 54 34 die

2245 2847 71 35 sich
2332 2846 100 35 selbst
2448 2846 91 35 doch
2554 2847 65 33 nie
2638 2860 115 35 genüg
2767 2847 88 34 thut.
2892 2849 66 32 Das
2975 2844 208 50 vergebliche
3198 2843 145 42 Mühen,
3359 2841 65 37 auf

2245 2901 79 34 dem
2344 2900 92 35 Stein
2461 2899 54 35 die
2534 2900 222 47 gewünschte
2776 2899 179 48 Wirkung
2982 2912 41 21 zu
3053 2898 187 39 erreichen,
3269 2897 60 34 hat
3357 2896 60 34 ihn

2246 2953 119 35 bereits
2380 2954 37 33 in
2429 2956 152 45 jüngster
2595 2953 74 34 Zeit
2685 2952 192 42 veranlafst,
2894 2966 78 21 zum
2988 2951 213 37 Grabstichel
3221 2963 40 21 zu
3276 2947 141 51 greifen,

2246 3007 72 34 und
2349 3008 69 33 sein
2450 3015 98 26 erster
2568 3007 113 39 Stich,
2712 3007 74 34 eine
2805 3006 247 49 Komposition
3082 3018 40 21 zu
3141 3007 129 36 Dante,
3299 3003 42 33 ist
3365 3003 54 33 ein

2246 3059 239 36 Meisterwerk
2515 3073 43 21 an
2587 3060 150 34 Feinheit
2766 3060 58 34 der
2851 3059 267 46 Modellierung.
3158 3059 39 31 Es
3227 3060 91 30 wäre
3346 3054 73 35 sehr

2250 3127 41 22 zu
2311 3113 244 41 verwundern,
2576 3126 102 22 wenn
2701 3126 34 21 er
2754 3113 96 34 nicht
2869 3111 206 36 schliefslich
3095 3111 68 34 wie
3183 3106 145 37 Stauffer
3346 3107 72 35 und

1420 3276 2 32 >
1439 3276 17 17 *

1061 3393 16 18 *
1101 3393 86 31 Seine
1213 3394 115 30 diesem
1344 3395 81 30 Heft
1444 3396 210 40 beigegebene
1671 3396 189 31 Landschaft
1883 3398 40 29 ist
1945 3398 59 30 mit
2020 3396 105 32 Alumi-

975 3436 210 42 niumplatten
1208 3439 41 29 als
1274 3439 104 29 Ersatz
1402 3440 53 29 für
1478 3440 61 29 den
1563 3440 313 41 Lithographenstein
1901 3442 168 40 gedruckt,
2093 3442 52 29 ein

974 3481 182 37 Verfahren,
1173 3481 130 30 welches
1328 3483 48 29 die
1393 3483 102 30 Firma
1512 3485 65 38 Jos.
1595 3484 108 31 Scholz
1727 3485 33 30 in
1775 3485 109 30 Mainz
1908 3486 175 30 anwendet.

976 3523 124 32 Thoma
1124 3525 91 30 selbst
1238 3526 132 30 schreibt
1393 3527 157 31 hierüber:
1576 3528 60 30 Die
1660 3529 165 38 Versuche,
1855 3530 49 30 die
1929 3530 49 30 ich
2001 3530 59 30 mit
2084 3530 62 30 den

977 3569 319 40 Aluminiumplatten
1310 3570 143 40 gemacht
1467 3570 86 39 habe,
1566 3572 101 30 haben
1682 3573 82 30 mich
1781 3584 79 30 ganz
1872 3575 183 40 befriedigt;
2072 3585 75 19 man

978 3613 82 29 kann
1081 3613 58 29 mit
1162 3612 273 41 lithographischer
1450 3614 119 31 Tusche
1594 3616 76 29 oder
1686 3617 113 30 Kreide
1825 3628 78 29 ganz
1927 3629 33 20 so
1985 3618 160 38 zeichnen,

978 3656 58 29 wie
1070 3657 59 29 auf
1162 3656 72 30 dem
1267 3657 97 37 Stein,
1398 3658 88 30 dabei
1521 3660 73 29 aber
1631 3660 39 29 ist
1706 3661 48 29 die
1787 3661 223 42 Handhabung
2047 3662 100 30 dieser

979 3701 131 36 Platten,
1136 3700 47 30 die
1201 3711 31 19 so
1251 3701 92 29 leicht
1359 3702 57 29 wie
1435 3703 117 29 Carton
1569 3704 76 37 sind,
1669 3704 73 30 dem
1757 3704 159 32 schweren
1931 3707 86 30 Stein
2033 3718 114 29 gegen-

2250 3220 78 29 über
2353 3218 68 30 eine
2447 3216 67 31 sehr
2539 3216 62 31 viel
2625 3217 197 40 bequemere,
2838 3215 168 31 besonders
3024 3215 49 30 bei
3088 3214 161 41 gröfseren
3266 3212 152 31 Arbeiten

2312 3263 49 30 die
2379 3263 124 29 Platten
2519 3261 68 30 sind
2603 3261 68 30 sehr
2688 3261 94 30 leicht
2806 3259 268 37 aufzubewahren,
3099 3269 60 19 was
3183 3256 64 31 sich
3269 3268 65 18 von
3358 3256 61 31 den

2252 3307 159 31 schweren
2427 3306 127 31 Steinen
2570 3305 87 30 nicht
2673 3316 93 30 sagen
2781 3305 82 30 labst.
2890 3304 78 30 Man
2985 3304 82 28 kann
3083 3302 58 30 auf
3154 3302 126 30 solchen
3296 3301 123 30 Platten

2252 3363 40 19 an
2317 3351 54 31 der
2387 3350 137 32 Staffelei
2548 3351 148 37 arbeiten,
2720 3360 61 19 was
2805 3349 53 30 für
2883 3349 61 29 den
2958 3348 103 30 Maler
3081 3346 87 31 nicht
3183 3344 173 42 unwichtig
3371 3346 48 36 ist,

2254 3397 39 29 da
2321 3407 30 19 es
2375 3395 88 31 mehr
2488 3394 184 30 Uebersicht
2696 3402 154 33 gestattet,
2879 3393 41 29 als
2946 3392 51 30 das
3021 3390 212 31 Gebücktsein
3255 3390 79 30 über
3358 3389 62 31 den

2253 3441 93 31 Stein.
2439 3440 37 29 Es
2498 3439 87 30 Hesse
2610 3438 62 30 sich
2693 3447 56 31 gut
2764 3437 64 30 und
2845 3436 78 30 nach
2940 3437 112 29 kurzer
3067 3435 168 40 Einübung
3252 3433 168 39 erreichen,

2253 3485 61 30 auf
2325 3483 102 32 solche
2441 3484 123 30 Platten
2577 3482 222 40 Zeichnungen
2817 3481 101 30 direkt
2933 3480 80 29 nach
3031 3480 54 29 der
3101 3480 104 29 Natur
3220 3489 42 19 zu
3278 3477 141 33 machen.

2312 3529 38 29 Es
2374 3528 81 30 steht
2474 3526 87 32 nicht
2575 3527 33 29 in
2624 3526 137 30 meinem
2775 3525 110 37 Urteil,
2902 3525 40 29 ob
2959 3523 86 31 nicht
3062 3524 54 30 der
3132 3523 85 31 Stein
3233 3523 52 30 für
3300 3523 121 30 feinere

2253 3574 164 35 Arbeiten,
2447 3572 58 30 wie
2536 3570 41 30 sie
2605 3571 50 30 oft
2682 3581 62 19 von
2768 3568 296 41 Fachlithographen
3095 3567 163 42 gefordert
3285 3567 136 38 werden,

2254 3616 226 32 unersetzliche
2497 3615 139 30 Vorteile
2655 3614 103 36 bietet,
2782 3614 72 29 aber
2878 3624 61 19 was
2963 3624 30 19 es
3017 3612 140 38 braucht,
3180 3623 56 19 um
3260 3612 162 30 malerisch

2255 3662 161 30 wirksame
2441 3659 126 31 Drucke
2591 3659 216 37 herzustellen,
2831 3662 170 36 vermögen
3026 3657 49 30 die
3100 3657 322 40 Aluminiumplatten

2255 3716 42 20 zu
2319 3706 120 30 leisten.
3177 3703 96 29 Anm.
3293 3701 28 30 d.
3339 3702 37 29 R.
