3704 4572
1357 3877 218 43 203

343 542 22 13 33
369 537 52 4 —
439 515 137 35 Nichts.
614 516 90 35 Aber
722 517 57 36 ich
799 518 100 36 weifs
919 520 104 38 Alles.
1061 524 55 35 Sei
1134 523 122 37 stille.“

342 569 58 33 Ich
414 581 75 22 war
508 568 68 34 still
597 569 73 35 und
691 583 32 21 es
744 569 89 37 blieb
852 586 86 34 ganz
956 574 70 36 still
1040 576 72 36 und
1127 578 178 35 trostreich
1318 578 37 35 in
1369 579 66 35 mir

263 621 64 35 alle
346 621 54 34 die
419 622 106 47 Tage,
546 621 54 35 die
620 623 46 34 sie
685 625 93 34 noch
797 638 44 22 an
860 627 149 36 meinem
1028 631 107 47 Lager
1153 630 192 43 zubrachte,
1364 632 71 35 und

262 678 119 45 später,
403 673 46 35 als
470 675 66 34 wir
554 675 129 36 wieder
701 677 37 34 in
757 686 108 40 guten
884 681 152 36 Stunden
1054 684 226 36 miteinander
1298 684 66 37 auf
1378 686 57 35 der

262 729 152 33 Terrasse
432 726 120 36 safsen.

341 783 40 32 Es
410 794 74 22 war
507 781 69 35 wie
605 780 135 45 früher,
774 797 66 22 nur
868 785 73 36 dafs
970 786 108 37 kaum
1105 790 94 35 noch
1226 792 208 48 gesprochen

261 833 133 41 wurde,
420 833 83 36 weil
527 834 67 36 wir
619 848 120 23 unsere
759 837 189 37 Gedanken
973 840 167 46 kannten;
1173 856 64 23 nur
1260 844 74 36 dafs
1354 858 80 23 man

261 887 115 34 seinen
395 889 132 47 Körper
545 886 109 37 kaum
672 889 94 36 noch
785 889 124 38 fühlte.
939 894 65 35 Die
1023 896 75 34 Zeit
1119 896 54 35 des
1183 899 162 34 Wartens
1359 912 76 22 war

261 953 205 36 vergangen,
494 941 66 35 wir
579 940 170 38 befanden
767 956 64 23 uns
849 947 133 45 jenseits
1002 961 70 22 von
1090 950 125 35 Furcht
1237 951 71 35 und
1327 950 86 37 Hoff-

260 1006 107 35 nung.

833 1084 28 33 &

338 1206 81 35 Wir
446 1204 111 37 safsen
584 1207 161 36 inmitten
772 1209 57 35 des
858 1212 71 33 Rot
957 1213 73 34 und
1061 1214 85 35 Gelb
1176 1215 57 35 der
1260 1215 174 38 fallenden

259 1258 134 37 Blätter,
426 1261 70 32 Um
517 1272 62 22 uns
599 1260 61 35 her
679 1260 142 37 blühten
842 1263 113 48 grofse
970 1265 143 37 Blumen
1133 1269 35 33 in
1188 1269 246 36 undenkbaren

259 1312 124 35 Farben
398 1310 65 37 auf
473 1312 72 35 und
558 1326 86 34 ganz
659 1313 158 44 drunten,
833 1317 36 34 in
885 1318 213 37 unwirklich
1112 1321 124 35 blauen
1250 1323 182 42 Schleiern,

258 1378 107 35 zogen
381 1365 53 35 die
446 1365 215 50 Ewigkeiten
673 1368 157 42 vorüber,
851 1370 55 34 die
917 1372 66 34 wir
994 1373 64 34 mit
1068 1373 230 50 unbewegten
1308 1378 125 47 Augen

257 1419 114 34 sahen.

340 1475 66 31 Der
426 1471 124 36 Herbst
569 1473 96 35 ward
686 1472 132 38 kühler.
849 1478 395 38 Zusammenschauernd
1263 1490 92 40 sagte
1374 1483 58 34 ich

258 1538 40 21 zu
318 1526 128 34 meiner
465 1524 156 37 bleichen
642 1525 202 39 Gefährtin:

432 1579 82 34 Wir
539 1579 139 36 werden
705 1580 192 50 fortgehen.
938 1586 85 33 Was
1050 1585 107 36 sollen
1183 1588 68 35 wir
1278 1589 34 35 in
1341 1589 91 35 einer

257 1630 197 36 sterbenden
473 1632 149 35 Welt?“

336 1685 53 34 Sie
410 1693 221 28 antwortete:

333 1765 76 15 „
432 1737 111 36 Bleibe
564 1740 92 34 noch
676 1740 73 35 eine
769 1743 85 34 Zeit.
884 1746 102 32 Dann
1006 1745 96 34 wirst
1122 1748 56 32 Du
1194 1747 65 34 mir
1273 1745 157 50 folgen.“

336 1818 22 13 33
361 1812 51 5 —
432 1792 61 33 Dir
513 1790 140 51 folgen?
691 1794 90 35 Aber
800 1809 73 22 was
892 1796 94 36 kann
1005 1810 64 22 uns
1089 1799 90 34 denn
1199 1804 192 32 trennen?“

335 1871 22 13 33
363 1866 45 5 —
430 1845 137 36 Nichts.
605 1848 77 33 Nur
707 1847 109 36 mufst
835 1852 57 32 Du
919 1851 100 35 einen
1039 1851 217 48 Augenblick
1275 1867 70 22 von
1366 1855 65 34 mir

256 1898 121 47 gehen,
397 1897 102 36 bevor
518 1898 58 35 das
596 1902 123 40 Letzte,
740 1901 179 36 Häfsliche
939 1904 63 34 mit
1021 1905 66 34 mir
1105 1907 192 46 geschieht,
1317 1908 37 34 in
1374 1908 56 35 der

254 1949 255 37 Zeitlichkeit.“

335 2031 22 14 33
360 2026 51 3 —
430 2005 59 34 Ich
508 2005 65 34 soll
593 2018 69 22 von
682 2007 59 34 Dir
760 2008 159 47 gehen!“

334 2084 22 14 33
364 2079 43 5 —
431 2059 80 33 Nur
529 2057 57 36 für
607 2058 53 35 die
680 2060 153 42 Minute,
860 2062 41 35 da
922 2064 57 34 ich
999 2065 61 33 Dir
1079 2065 220 49 vorausgehe.
1347 2067 83 35 Und

254 2109 90 35 dann
364 2111 97 34 wirst
480 2114 57 31 Du
562 2112 92 35 mich
681 2112 127 37 überall
828 2116 254 36 wiederfinden.
1121 2120 79 33 Nur
1226 2119 57 35 das
1303 2122 125 40 Letzte,

254 2163 68 35 wie
342 2162 162 37 könntest
523 2168 57 31 Du
597 2168 66 32 Das
683 2167 103 35 sehen
802 2168 143 38 wollen.
966 2172 81 33 Wir
1063 2170 148 50 glauben
1225 2185 79 29 nur,
1323 2187 105 22 wenn

253 2217 67 35 wir
338 2216 97 36 nicht
454 2218 139 36 sehen.“

335 2273 102 31 Dann
458 2268 96 51 fügte
574 2272 45 34 sie
639 2272 93 35 noch
750 2274 104 35 hinzu
866 2290 7 19 ;

333 2350 22 13 3,
362 2344 45 5 —
429 2326 57 33 Du
513 2325 99 35 wirst
640 2324 171 44 erfahren,
841 2342 104 21 wenn
975 2329 58 36 der
1060 2332 217 47 Augenblick
1305 2332 102 37 bevor-

253 2375 125 35 steht.“

332 2429 81 35 Und
431 2430 131 36 wieder
580 2432 55 34 ein
654 2433 138 35 anderer
810 2436 89 46 Tag,
929 2435 43 36 da
991 2450 75 22 war
1085 2437 105 36 dieser
1210 2438 217 48 Augenblick

252 2481 217 49 gekommen,
490 2482 58 37 für
567 2485 115 35 dessen
701 2489 115 33 Dauer
835 2488 57 35 ich
912 2489 46 34 sie
978 2489 165 37 verlassen
1162 2491 111 35 sollte.

332 2535 59 35 Als
405 2537 57 34 ich
477 2550 70 22 von
563 2539 111 34 einem
689 2542 259 49 Morgengange
963 2542 294 44 zurückkehrend,
1272 2545 154 49 langsam

252 2601 58 22 zur
329 2589 102 35 Villla
451 2590 211 50 hinanstieg,
689 2593 60 34 sah
768 2594 57 34 ich
844 2596 109 34 schon
972 2609 70 22 von
1060 2598 159 42 weitem,
1240 2598 107 35 durch
1367 2599 58 35 das

253 2641 179 49 gelichtete
450 2643 95 35 Laub
571 2645 189 42 hindurch,
784 2648 72 34 ihre
875 2648 121 36 weifse
1015 2650 131 35 Gestalt
1166 2650 65 35 auf
1245 2652 58 34 der
1322 2652 104 35 Höhe

253 2695 58 35 der
329 2697 150 33 Terrasse
504 2697 202 36 undeutlich
731 2700 225 42 schimmern,
983 2703 70 34 wie
1079 2704 53 34 ein
1152 2705 186 42 Phantom,
1366 2705 58 35 das

252 2749 66 33 mir
332 2761 72 22 nun
419 2748 110 37 sofort
544 2764 59 22 aus
619 2751 66 36 den
699 2755 123 46 Augen
839 2756 259 35 entschwinden
1113 2757 112 42 sollte,
1241 2758 57 34 das
1312 2757 112 36 fühlte

252 2801 67 35 ich.
346 2803 52 33 Sie
418 2803 84 47 ging
519 2805 57 34 nie
595 2806 96 34 mehr
710 2819 43 22 an
772 2807 66 34 den
853 2810 59 33 See
926 2808 163 35 hinunter
1108 2810 71 35 und
1198 2811 104 34 selten
1317 2811 106 36 betrat

251 2855 46 33 sie
320 2855 92 35 noch
436 2855 53 35 die
509 2859 161 35 Terrasse.
708 2862 87 33 Nun
819 2860 94 35 hatte
939 2862 55 34 ein
1020 2861 114 36 blauer
1159 2863 181 49 Herbsttag
1369 2865 54 34 die

251 2907 97 35 letzte
367 2911 270 35 Sonnenwärme
656 2911 170 49 gebracht.
864 2915 81 34 Und
965 2916 68 34 wie
1053 2916 73 40 ich,
1146 2917 94 35 mich
1257 2917 164 42 nähernd,

251 2961 72 35 ihre
338 2962 140 43 Gestalt,
501 2963 53 35 die
569 2965 36 35 in
618 2965 89 35 ihrer
721 2965 206 50 hinfälligen
941 2970 134 33 Anmut
1088 2968 105 36 kaum
1207 2971 93 34 noch
1315 2980 105 26 etwas

249 3015 233 48 Körperliches
502 3017 104 40 hatte,
622 3032 109 35 gegen
750 3020 54 34 die
824 3021 100 34 Säule
943 3021 139 48 gelehnt
1101 3023 71 40 sah,
1188 3024 63 34 mit
1270 3023 65 35 den
1349 3037 54 22 ver-

249 3067 169 36 wischten
435 3071 120 47 Zügen
579 3071 87 35 ihres
687 3073 183 41 Antlitzes,
898 3074 35 34 in
959 3074 78 35 dem
1060 3088 66 21 nur
1145 3076 54 34 die
1217 3078 124 46 Augen
1366 3078 54 34 ein

250 3121 146 47 eigenes,
425 3135 70 22 von
520 3123 78 36 dem
622 3125 56 35 des
697 3128 146 47 Körpers
863 3127 256 49 unabhängiges
1138 3128 111 36 Leben
1268 3128 151 42 führten,

249 3182 91 39 sagte
359 3175 65 35 mir
443 3176 74 34 eine
534 3177 200 47 grundlose,
760 3180 304 49 unwiderlegliche
1084 3182 169 48 Ahnung,
1280 3182 72 36 dafs
1372 3184 47 34 sie

249 3227 92 34 mich
365 3237 142 27 erwarte
532 3231 73 34 und
632 3231 72 35 dafs
731 3233 47 34 sie
795 3234 37 34 in
851 3233 57 35 der
926 3234 164 35 nächsten
1108 3236 138 34 Minute
1265 3236 54 34 die
1337 3239 61 32 Ent-

249 3280 188 50 scheidung
456 3283 160 47 sprechen
633 3285 125 35 werde.

328 3334 51 34 Sie
398 3334 134 36 winkte
551 3338 64 34 mir
633 3337 97 36 nicht
750 3339 71 35 und
841 3339 89 35 blieb
950 3341 91 34 ohne
1056 3342 208 47 Bewegung,
1284 3341 49 36 bis
1349 3342 67 42 ich,

248 3398 59 23 um
325 3388 75 34 Zeit
425 3402 41 21 zu
490 3391 185 45 gewinnen
699 3391 265 37 unwillkürlich
986 3393 234 49 langsameren
1244 3395 172 42 Schrittes,

247 3438 94 36 dicht
359 3454 61 21 vor
439 3443 48 33 sie
505 3443 212 49 hingetreten
735 3459 86 22 war.

327 3496 94 33 Ganz
448 3495 117 49 ruhig,
595 3498 91 34 ohne
705 3500 127 34 Trauer
860 3499 69 35 und
958 3499 91 36 ohne
1073 3500 54 35 die
1146 3502 181 47 Betonung
1347 3515 68 22 von

246 3553 105 28 etwas
371 3547 374 39 Aufserordentlichem
764 3561 94 39 sagte
876 3553 62 34 sie:

324 3626 73 15 „
415 3603 41 33 Es
476 3602 42 34 ist
538 3602 57 36 das
615 3603 98 36 letzte
728 3605 88 41 Mal,
836 3605 74 35 dafs
924 3605 57 36 ich
995 3607 73 35 hier
1084 3606 157 37 draufsen
1256 3607 68 36 bin.
1350 3609 64 34 Die

244 3652 73 34 Zeit
335 3653 43 34 ist
397 3662 97 29 um.“

1622 526 106 35 Einen
1748 527 152 49 einzigen
1919 526 216 50 Augenblick
2154 527 157 49 begehrte
2330 526 56 35 ich
2406 526 160 35 dennoch
2585 526 75 36 auf.

1621 607 77 14 „
1712 581 59 35 Ich
1785 581 66 35 soll
1865 581 90 35 Dich
1969 581 215 35 verlassen!“
2203 578 69 38 rief
2286 580 68 43 ich,
2375 578 72 37 dafs
2469 592 31 23 es
2514 580 113 35 brutal
2641 580 73 36 laut

1541 633 37 35 in
1597 634 74 33 eine
1691 634 220 36 Geisterstille
1929 634 235 49 hineinklang.

1621 686 90 36 Aber
1735 688 46 34 sie
1804 688 89 48 legte
1918 701 65 22 nur
2008 686 315 50 beschwichtigend
2349 686 66 36 den
2433 686 119 49 Finger
2578 684 66 37 auf
2658 686 55 36 die

1541 740 130 48 Lippen
1698 741 73 35 und
1799 741 73 35 ihre
1899 740 151 38 Geberde
2078 740 183 37 verschlofs
2286 741 36 34 in
2342 740 66 35 mir
2427 740 65 35 den
2510 740 112 49 Spalt,
2651 754 61 21 aus

1541 792 79 35 dem
1639 795 101 47 Frage
1759 794 72 35 und
1850 794 144 36 Zweifel
2014 792 190 51 aufsteigen
2224 793 156 49 gewollt.
2401 794 59 34 Ich
2478 792 129 37 wufste
2625 794 66 35 wie-

1541 846 76 40 der,
1643 846 71 36 dafs
1735 848 92 35 Alles
1852 848 189 49 geschehen
2067 854 125 36 müsse,
2218 849 70 35 wie
2313 848 47 34 sie
2386 861 32 21 es
2441 847 111 49 längst
2571 860 121 23 voraus-

1541 908 127 39 gesagt.

1621 954 53 33 Sie
1688 954 93 35 hatte
1796 954 97 36 einen
1903 955 124 35 Schritt
2041 968 58 22 zur
2110 955 86 35 Seite
2210 955 136 47 gethan,
2366 953 112 35 hinter
2493 954 53 35 ihr
2561 954 150 36 erschien

1542 1004 57 36 der
1618 1007 134 42 Diener,
1772 1008 63 34 mit
1854 1009 147 34 meinem
2021 1008 138 49 Gepäck
2179 1008 154 41 beladen,
2354 1008 36 34 in
2409 1007 57 35 der
2484 1008 105 36 Thür.

1622 1062 68 33 Der
1708 1063 111 33 Mann
1837 1075 75 21 war
1930 1062 107 35 schon
2057 1063 55 33 ein
2126 1061 107 35 Stück
2253 1061 54 35 die
2322 1063 151 33 Terrasse
2491 1060 117 36 hinab.
2629 1062 82 33 Wir

1540 1112 141 35 standen
1711 1116 91 33 noch
1827 1115 130 35 immer.
2002 1117 98 33 Dann
2125 1116 124 34 reichte
2274 1115 45 34 sie
2344 1115 65 34 mir
2434 1114 55 35 die
2507 1114 104 35 Hand
2637 1114 72 35 und

1540 1174 107 40 sagte:

1620 1246 10 14 3
1632 1248 9 13 ,
1646 1241 50 4 —
1715 1218 79 37 Auf
1808 1220 285 37 Wiedersehen.“

1620 1273 58 34 Ich
1702 1273 225 36 wiederholte
1954 1273 54 36 die
2035 1274 120 35 beiden
2180 1276 127 33 Worte
2331 1273 73 36 und
2433 1287 32 22 es
2493 1272 133 37 blieben
2653 1274 54 35 die

1540 1324 163 49 einzigen,
1724 1326 54 35 die
1797 1328 67 34 wir
1883 1328 173 47 sprachen.

1620 1381 101 32 Dann
1739 1380 140 35 wandte
1897 1380 57 35 ich
1972 1380 94 35 mich
2085 1379 71 35 und
2176 1380 95 49 ging.

1618 1433 52 33 Im
1681 1433 117 34 Gehen
1813 1431 112 36 fühlte
1937 1432 55 36 ich
2002 1434 112 34 nichts
2124 1432 160 42 Anderes,
2297 1432 46 36 als
2354 1434 37 33 in
2401 1434 128 34 meiner
2538 1432 147 37 brennen-

1540 1484 64 34 den
1623 1485 103 35 Hand
1747 1486 97 34 einen
1864 1484 130 37 kühlen
2014 1487 127 34 Hauch
2161 1499 42 22 an
2222 1486 58 35 der
2298 1486 111 44 Stelle,
2430 1500 61 21 wo
2510 1486 85 35 eben
2613 1488 94 34 noch

1539 1537 53 34 die
1612 1538 72 35 ihre
1702 1538 149 49 gelegen.

1618 1590 78 35 Auf
1708 1591 137 36 halbem
1863 1595 114 45 Wege
1997 1591 127 36 blickte
2143 1592 56 35 ich
2218 1591 140 46 zurück,
2378 1606 61 21 um
2458 1592 142 42 droben,
2619 1594 65 35 zwi-

1538 1644 101 33 schen
1660 1643 64 36 den
1743 1646 182 47 Zweigen,
1954 1646 55 33 ein
2027 1644 207 36 flackerndes
2254 1644 134 37 weifses
2408 1645 99 36 Licht
2531 1659 42 22 zu
2592 1647 112 40 sehen,

1538 1697 57 34 das
1621 1698 48 33 im
1688 1697 206 36 Verlöschen
1921 1712 84 23 war.
2048 1698 61 36 Als
2132 1699 57 34 ich
2215 1698 146 35 drunten
2384 1698 200 49 angelangt,
2612 1700 93 35 mich

1537 1751 93 34 noch
1649 1751 124 34 einmal
1792 1751 211 41 umwandte,
2023 1750 82 37 fand
2124 1752 56 35 ich
2201 1765 31 22 es
2251 1752 97 35 nicht
2366 1752 106 35 mehr.

2105 1919 28 32 *

1614 2067 84 35 Wie
1722 2067 65 35 soll
1813 2069 56 34 ich
1896 2082 74 22 nun
1999 2070 170 41 erzählen,
2199 2067 66 37 auf
2278 2068 133 37 welche
2430 2070 119 35 Weise
2574 2070 56 35 ich
2655 2071 47 34 sie

1535 2133 173 36 vergessen
1726 2119 104 37 habe?

1614 2177 100 31 Denn
1733 2173 170 37 seltsamer
1923 2175 46 35 als
1989 2175 79 35 alles
2088 2175 131 36 Andere
2239 2175 58 41 ist,
2323 2173 73 37 dafs
2417 2175 55 35 ich
2491 2175 46 35 sie
2556 2175 144 49 vergafs,

1534 2226 72 35 und
1626 2226 156 36 dennoch
1802 2241 38 21 so
1860 2227 179 38 natürlich.

1614 2282 113 33 Kaum
1755 2279 73 36 dafs
1856 2282 58 34 ich
1941 2282 48 34 sie
2015 2281 165 36 verlassen
2206 2281 73 35 und
2307 2282 107 34 schon
2442 2281 176 49 begannen
2645 2281 54 35 die

1533 2332 121 36 Linien
1671 2333 89 35 ihrer
1778 2334 146 41 Gestalt,
1950 2335 53 35 die
2027 2335 111 34 meine
2157 2335 101 34 Sinne
2284 2333 106 36 kaum
2408 2337 29 45 je
2457 2335 92 35 recht
2568 2333 130 43 erfafst,

1534 2386 72 34 sich
1625 2386 36 34 in
1681 2387 146 34 meinem
1846 2387 242 36 Gedächtnisse
2107 2401 40 21 zu
2168 2387 220 36 verwischen.

1612 2441 119 33 Wenn
1757 2440 57 34 ich
1837 2440 56 35 des
1912 2441 131 35 Nachts
2071 2441 187 42 erwachte,
2288 2439 83 37 fand
2395 2440 56 35 ich
2477 2453 63 23 vor
2562 2441 134 35 meinen

1532 2492 256 47 geschlossenen
1807 2493 124 35 Lidern
1951 2495 96 34 einen
2074 2493 112 35 stillen
2205 2493 257 36 verschleierten
2481 2493 125 41 Glanz,
2633 2493 65 35 den

1532 2544 239 36 Widerschein
1791 2547 88 35 eines
1898 2545 118 37 fernen
2036 2549 141 38 Sternes,
2197 2547 88 35 ihres
2304 2549 127 45 Auges.

1611 2601 68 32 Der
1698 2598 107 35 Glanz
1823 2600 98 35 ward
1949 2600 256 41 undeutlicher,
2234 2600 77 34 aber
2338 2601 58 34 ich
2423 2599 125 35 behielt
2575 2601 36 33 in
2639 2600 59 35 der

1531 2650 91 36 Seele
1642 2652 63 34 den
1725 2651 239 37 Widerschein
1984 2653 55 35 des
2060 2652 246 36 wunderbaren
2324 2656 145 37 Sternes,
2489 2654 36 34 in
2544 2653 78 35 dem
2640 2653 57 36 ich

1531 2704 126 35 einmal
1677 2704 121 49 gelebt.

1610 2760 43 32 Er
1668 2757 89 36 blieb
1772 2759 133 40 immer,
1915 2772 104 22 wenn
2035 2760 87 34 auch
2138 2758 53 36 die
2205 2760 88 34 nach
2305 2763 111 44 jenem
2427 2762 113 32 Sterne
2551 2759 125 35 zurück-

1530 2809 225 49 verlangende
1766 2812 90 34 Seele
1867 2810 125 50 besiegt
2001 2812 120 35 wurde
2131 2826 69 21 von
2212 2813 76 34 dem
2294 2815 142 46 Körper,
2446 2813 58 34 der
2514 2813 182 48 gesundete

1530 2864 72 33 und
1621 2862 126 37 stärker
1764 2865 96 35 ward
1881 2864 47 35 als
1945 2869 41 44 je.
2016 2868 68 32 Das
2100 2866 111 34 Leben
2230 2866 74 34 that
2323 2879 44 21 an
2385 2866 66 34 mir
2469 2866 89 34 seine
2577 2866 118 35 Arbeit

1530 2916 83 40 und,
1633 2918 93 34 noch
1745 2918 106 40 mehr,
1870 2918 107 35 stellte
1996 2919 65 34 mir
2074 2919 53 34 die
2142 2918 128 40 Arbeit,
2291 2919 53 35 die
2363 2919 56 35 ich
2434 2932 41 21 zu
2490 2920 86 34 thun
2590 2919 103 36 hatte.

1529 2970 58 34 Ich
1607 2969 117 36 kehrte
1743 2971 91 34 heim
1853 2970 71 35 und
1944 2971 192 36 erarbeitete
2154 2973 66 34 mir
2246 2973 53 34 ein
2319 2971 226 50 bürgerliches
2565 2972 128 36 Glück.

1608 3025 71 33 Aus
1708 3023 77 35 dem
1814 3024 251 48 Augenblicke,
2103 3025 64 35 den
2197 3038 115 22 unsere
2340 3027 186 46 Trennung
2552 3026 142 35 währen

1528 3075 110 43 sollte,
1658 3078 42 33 ist
1720 3077 53 34 ein
1792 3076 116 49 langer
1926 3078 172 35 Zeitraum
2117 3078 196 48 geworden.
2340 3078 56 35 Ob
2415 3080 46 33 sie
2479 3079 92 34 mich
2589 3079 104 35 heute

1527 3128 299 37 wiedererkennen
1840 3130 138 36 würde?
2002 3132 60 33 Ich
2079 3131 87 36 habe
2185 3132 46 34 sie
2249 3131 152 36 überlebt
2418 3131 84 41 und,
2521 3132 57 35 ich
2592 3131 99 36 weifs

1527 3182 108 42 nicht,
1664 3184 69 34 wie
1761 3197 32 20 es
1822 3183 164 48 geschah,
2013 3184 78 35 aber
2118 3186 103 34 heute
2241 3185 150 35 erinnere
2410 3185 57 35 ich
2490 3185 94 35 mich
2602 3186 90 34 ihrer

1527 3234 107 36 kaum
1653 3237 69 34 wie
1741 3237 87 33 eines
1848 3237 195 36 Menschen.

1607 3288 79 36 Und
1706 3289 91 35 doch
1815 3288 87 36 habe
1920 3290 56 35 ich
1995 3290 114 35 keines
2129 3291 186 34 Menschen
2328 3291 90 34 Seele
2437 3292 103 35 näher
2558 3299 115 40 gestan-

1527 3341 67 35 den
1613 3341 46 35 als
1680 3342 57 35 der
1755 3342 107 35 ihren.
1908 3343 59 35 Ich
1985 3343 144 41 wufste,
2158 3356 38 22 so
2215 3343 99 49 lange
2338 3345 58 34 ich
2420 3344 53 35 bei
2492 3345 53 34 ihr
2563 3344 127 44 weilte,

1526 3395 109 35 nichts
1655 3409 70 22 von
1750 3396 53 34 ihr
1822 3396 71 34 und
1912 3395 86 36 habe
2017 3396 90 36 doch
2126 3396 55 35 nie
2200 3397 128 36 wieder
2345 3398 75 47 jede
2437 3401 148 45 Regung
2603 3399 87 35 eines

1527 3448 124 35 andern
1662 3452 144 31 Wesens
1825 3462 38 21 so
1878 3449 176 48 mitgelebt
2068 3449 72 36 und
2157 3450 68 35 dies
2240 3464 103 35 ganze
2357 3450 192 37 rätselvolle
2559 3454 130 33 Wesen

1524 3514 42 21 zu
1586 3501 75 35 dem
1681 3503 135 33 meinen
1835 3503 169 47 gemacht,
2023 3504 70 34 wie
2112 3502 138 37 damals.

1604 3558 99 31 Denn
1723 3555 57 35 das
1793 3555 279 48 Unbegreifliche
2091 3570 73 22 war
2183 3556 111 35 Leben
2313 3557 187 48 geworden
2518 3558 73 35 und
2609 3571 81 22 man

1524 3616 124 27 atmete
1667 3609 36 34 in
1721 3609 109 34 lauter
1847 3609 155 41 Rätseln,
2028 3610 54 35 die
2102 3609 98 36 keine
2218 3624 134 28 waren,
2377 3610 83 37 weil
2479 3611 98 36 keine
2597 3612 92 35 noch

1524 3674 37 22 so
1581 3661 79 35 leise
1678 3664 100 46 Frage
1798 3662 46 35 sie
1863 3662 130 36 verriet.
