3776 4572
1443 3908 212 45 231

776 556 230 34 DIOGENES

301 619 126 40 Siehst
456 619 71 39 du!
567 621 62 38 Da
658 622 210 39 schaudert
898 623 117 39 deine
1043 624 103 44 feige
1176 625 121 38 Seele.

301 683 79 37 Das
410 682 49 38 ist
487 695 51 25 zu
566 682 95 40 viel!
710 684 69 38 An
808 685 113 39 Gold
948 687 84 38 und
1063 687 253 40 Geldeswert

301 744 273 39 vermöchtest
604 744 52 39 du
687 745 65 38 das
783 746 169 40 Gröfste
981 749 300 53 darzubringen,

303 806 107 39 doch
438 819 74 25 nur
543 806 65 39 ein
637 807 132 53 wenig
799 808 122 39 selbst
948 810 93 40 dich
1068 811 278 48 überwinden,

303 868 237 53 preisgeben
570 868 87 38 eine
688 870 147 38 Krume
867 870 135 40 deines
1032 873 87 40 Ichs

304 930 65 39 das
399 931 142 37 kannst
569 929 53 39 du
652 930 121 40 nicht.
829 933 197 40 Erkennst
1047 935 53 38 du
1121 935 91 41 dich
1232 950 84 25 nun
1337 936 140 40 selbst?

809 1026 183 34 KLINIAS

769 1084 68 30 sehr
862 1086 157 30 verwirrt:

305 1144 69 39 Ich
402 1143 115 40 sollte
548 1174 8 9 .
578 1174 7 8 .
616 1144 65 39 ich
710 1174 9 9 .
740 1175 8 8 .
779 1145 56 38 oh
865 1176 7 8 .
894 1176 8 9 .
933 1147 55 39 oh
1016 1178 9 9 .
1047 1178 9 9 .
1084 1149 223 51 Diogenes!

311 1206 96 38 Was
437 1218 146 27 mutest
612 1206 54 39 du
695 1206 74 39 mir
798 1209 67 37 zu!
913 1209 66 38 Du
1010 1209 76 40 bist
1116 1211 63 38 ein
1209 1213 115 37 Narr.

404 1260 50 37 \
489 1260 1 37 '

780 1301 231 33 DIOGENES

308 1376 101 38 Nun
438 1375 91 39 also.
578 1377 174 37 Warum
781 1376 123 52 fragst
935 1377 52 39 du
1016 1380 107 39 mich
1149 1394 69 24 um
1248 1382 94 38 Rat?

310 1439 49 38 So
390 1439 76 52 geh
494 1439 82 38 und
607 1438 155 40 schliefs
794 1439 93 38 dein
916 1440 116 39 tolles
1063 1441 212 41 Söhnchen
1304 1442 66 39 ein

311 1501 83 38 und
423 1500 63 52 leg
516 1501 92 39 dich
636 1501 70 40 hin
735 1501 85 39 und
848 1514 123 26 warte
1002 1502 57 39 bis
1089 1503 65 38 bei
1183 1505 134 38 Nacht

311 1562 60 39 dir
392 1562 108 39 Haus
529 1563 84 39 und
634 1562 93 39 Hof
748 1564 41 37 in
810 1563 131 39 Wind
969 1564 83 38 und
1077 1565 203 40 Flammen
1310 1567 103 51 geht.

811 1656 182 33 KLINIAS

312 1724 66 37 Du
408 1722 144 40 denkst
572 1754 8 7 .
603 1754 8 8 .
641 1736 122 26 wenn
790 1723 65 39 ich
882 1737 69 25 um
979 1724 91 51 jene
1100 1725 125 38 Dirne
1255 1726 137 38 würbe
1415 1756 8 8 .
1446 1757 5 7 .

786 1816 232 33 DIOGENES

315 1884 119 37 Dann
463 1882 139 39 würde
632 1882 83 40 sich
743 1882 95 39 dein
860 1883 108 39 Sohn
996 1882 199 40 vielleicht
1286 1884 203 40 besinnen.

814 1976 182 33 KLINIAS

317 2042 149 39 Meinst
487 2043 75 38 du?
597 2043 115 38 Zwar
804 2043 68 38 bin
890 2042 65 40 ich
974 2043 111 39 nicht
1104 2043 43 40 in
1166 2044 192 52 gleichem
1378 2045 114 39 Alter

318 2105 74 39 wie
423 2104 187 39 Perikies?

789 2163 231 34 DIOGENES

638 2232 60 37 Im
727 2230 236 39 allerbesten
992 2231 116 39 Alter

319 2305 45 25 so
395 2292 146 39 wissen
570 2293 89 40 wirs
771 2292 62 39 die
858 2293 158 52 Jugend
1044 2293 113 40 weifs
1187 2307 40 25 es
1258 2293 150 40 anders.

818 2386 181 33 KLINIAS

320 2452 131 46 Doch,
465 2452 150 52 glaubst
632 2453 52 38 du
702 2453 121 47 denn,
846 2452 83 40 dafs
945 2453 66 39 ich
1095 2453 74 38 wie
1186 2453 73 39 soll
1273 2453 65 40 ich
1354 2456 139 49 sagen?

795 2546 232 34 DIOGENES

323 2594 173 40 Gewifs!

821 2653 181 33 KLINIAS

538 2721 99 38 Was
667 2720 144 40 meinst
840 2721 53 38 du
923 2721 133 38 denn?

795 2813 234 34 DIOGENES

1072 2881 80 37 Des
1182 2880 167 38 Mannes
1376 2879 120 49 Kraft,

324 2954 49 26 zu
401 2942 167 39 werben
596 2943 85 39 und
710 2957 51 25 zu
790 2946 134 48 siegen
952 2942 83 40 lebt
1064 2942 59 39 dir
1152 2941 124 39 noch!

823 3035 181 33 KLINIAS

326 3102 55 38 O!
431 3103 116 39 Ganz
576 3103 150 51 gewifs.
774 3102 221 40 Natürlich.
1093 3101 120 39 Doch
1240 3100 65 40 ich
1332 3100 163 47 zweifle,

324 3165 53 38 ob
406 3163 64 40 ich
500 3165 118 52 gerad
648 3166 63 38 bei
740 3165 109 38 einer
878 3164 168 40 solchen
1073 3164 99 37 Frau

796 3257 233 34 DIOGENES

323 3326 90 37 Erst
432 3326 124 39 recht.
594 3326 82 39 Bist
705 3326 53 39 du
788 3325 110 40 nicht
989 3323 153 40 reicher
1172 3322 51 38 als
1254 3321 94 38 dein
1368 3321 127 39 Sohn?

816 3417 182 35 KLINIAS

670 3480 162 37 verblüfft,
857 3478 82 31 dann
962 3478 187 38 überzeugt:

324 3540 123 39 Wie?
537 3540 170 40 freilich!
746 3540 178 39 Wovon
942 3538 83 40 lebt
1055 3549 41 26 er
1117 3535 132 39 denn?
1288 3535 97 38 Von
1406 3532 89 40 mir!

323 3603 98 38 Und
450 3603 76 38 sie?
568 3603 98 38 Von
695 3603 99 40 ihm!
902 3598 212 42 Natürlich
1143 3596 68 39 bin
1239 3596 64 38 ich
1331 3594 163 40 reicher.

323 3664 100 39 Und
531 3676 118 27 unter
677 3679 73 25 uns
781 3674 143 42 gesagt,
954 3662 221 50 Diogenes:

324 3740 107 25 zwar
458 3729 149 49 jammr’
636 3727 65 39 ich
729 3727 81 39 ihm
837 3727 35 51 ja
901 3736 94 28 stets
1027 3723 61 38 die
1119 3721 141 39 Ohren
1289 3719 99 40 voll:

1582 573 41 24 er
1652 557 164 40 brächte
1847 555 105 40 mich
1982 554 107 39 noch
2117 567 48 25 an
2195 553 79 39 den
2302 553 217 39 Bettelstab

1583 623 122 38 willst
1735 632 52 34 er,
1817 618 74 39 wie
1922 616 108 53 grofs
2060 616 107 38 mein
2194 615 214 39 Reichtum
2438 646 8 8 .
2468 647 9 8 .

2017 679 160 41 Diogenes
2202 678 122 30 lächelt.

2464 731 123 39 Doch
2616 743 144 40 genug,

1585 800 65 39 ich
1677 798 100 39 habe
1806 796 129 39 nichts
1966 806 145 40 gesagt.
2168 795 92 37 Nur
2370 793 52 39 du
2450 793 87 40 hast
2566 792 148 40 Recht:

1585 862 65 39 ich
1677 861 67 39 bin
1772 860 83 38 ihm
1883 857 229 51 überlegen.
2168 856 98 38 Eine
2296 856 152 38 Närrin

1586 930 80 33 wär
1697 922 123 38 dieses
1850 920 136 47 Weib,
2016 932 75 38 zog
2122 932 40 25 es
2194 918 80 39 den
2302 919 110 38 Sohn
2440 917 76 39 mir
2546 931 88 32 vor,

1586 987 118 38 nähm
1733 998 40 25 es
1803 983 153 40 vorlieb
1986 981 71 39 mit
2086 980 132 39 einem
2245 980 153 39 Becher
2426 980 158 47 Weins,

1587 1049 98 38 wo’s
1715 1047 107 39 doch
1851 1046 79 38 den
1959 1044 138 40 vollen
2125 1043 189 39 Schlauch
2344 1043 178 38 besitzen
2551 1042 167 38 könnte.

2056 1136 232 33 DIOGENES

1975 1197 99 30 reicht
2098 1195 65 31 ihm
2189 1194 48 31 die
2262 1194 111 31 Hand:

1590 1265 65 37 Du
1684 1262 76 39 bist
1789 1260 183 54 gelehrig.
2028 1260 77 37 Das
2136 1256 86 39 sind
2252 1255 104 39 volle
2387 1254 215 39 Schläuche

1589 1339 75 26 nur
1693 1325 136 39 selten.
1945 1321 112 40 Siehe
2087 1320 63 39 dal
2198 1319 104 38 Wer
2331 1318 173 37 kommt?

1628 1417 191 40 ASPASIA,
1840 1416 108 38 LAIS,
1968 1413 277 37 ALKIBIADES,
2265 1411 166 39 NIKIAS,
2451 1408 281 34 ALKAMENES

2015 1474 70 34 und
2105 1474 230 33 EURIPIDES

1594 1541 150 28 kommen
1768 1550 64 19 von
1854 1537 117 31 hinten.
2019 1535 99 31 Ihnen
2143 1533 138 31 schliefst
2305 1531 63 31 sich
2393 1532 42 29 im
2453 1531 100 30 Laufe
2572 1529 54 31 der
2642 1529 107 40 folgen-

1596 1594 59 29 den
1672 1593 96 30 Scene
1787 1592 110 30 buntes
1910 1590 82 30 Volk
2010 1599 47 26 an,
2076 1587 51 31 das
2144 1587 119 30 zuletzt
2280 1586 92 30 einen
2389 1584 88 31 Kreis
2493 1595 56 20 um
2566 1583 49 31 die
2632 1582 133 31 vordere

2047 1642 129 40 Gruppe
2201 1639 110 31 bildet.

2081 1724 96 33 LAIS

2542 1788 60 37 Da
2628 1786 50 39 ist
2708 1787 59 37 er!

2088 1847 181 35 KLINIAS

2050 1898 77 31 sieht
2151 1898 64 30 sich
2238 1909 69 17 um:

1599 1964 111 39 Mein
1740 1962 125 39 Sohn!
1913 1960 97 39 Und
2039 1959 53 39 sie
2123 1989 9 8 .
2152 1989 8 8 .
2189 1959 65 38 ich
2283 1957 109 52 gehe.
2450 1956 113 38 Habe
2593 1954 112 40 dank.

2053 2052 262 34 ALKIBIADES

1601 2126 78 37 Das
1710 2136 79 26 war
1818 2122 108 39 mein
1954 2122 141 39 Vater!
2144 2119 99 38 Was
2273 2117 192 39 bedeutet
2494 2116 88 38 das?

2091 2211 182 34 ASPASIA

2071 2271 96 30 bleibt
2191 2270 115 30 stehen.

1602 2337 64 38 Ihr
1697 2337 160 45 Götter,
1886 2334 103 39 nein.
2045 2333 97 38 Wie
2171 2330 176 47 häfslich,
2375 2329 76 40 wie
2481 2326 244 42 verwildert!

2137 2424 94 33 LAIS

1603 2497 51 37 Er
1683 2495 169 38 kleidete
1883 2493 81 40 sich
1992 2492 120 46 nicht,
2143 2491 61 39 dir
2232 2504 50 25 zu
2311 2488 167 53 gefallen

1604 2557 53 38 du
1685 2556 90 38 aber
1804 2554 268 40 schmücktest
2102 2552 91 39 dich
2220 2551 66 39 für
2312 2551 80 40 ihn.

2098 2644 181 34 ASPASIA

2379 2691 80 48 Oh,
2487 2690 69 40 lafs

1603 2765 73 25 uns
1707 2751 115 51 gehn.

2142 2803 95 33 LAIS

1782 2881 128 40 Nicht
1921 2881 127 40 wahr?
2069 2881 130 39 Schon
2215 2879 121 39 siehst
2352 2878 70 39 dus
2440 2878 78 38 ein:
2535 2877 69 41 ihn
2620 2878 151 39 zähmst

1606 2946 52 38 du
1687 2945 121 39 nicht.
1862 2944 100 38 Hier
1991 2942 88 40 sind
2109 2942 63 38 die
2202 2942 192 38 Grenzen
2423 2939 136 39 deiner
2587 2939 147 39 Macht.

1604 3008 105 38 Wer
1738 3020 44 25 so
1812 3006 75 39 wie
1918 3019 41 24 er
1988 3005 79 38 den
2097 3003 156 40 äufsren
2282 3003 142 39 Schein
2452 3002 216 46 verachtet,

1604 3069 66 39 für
1700 3069 79 38 den
1806 3069 51 38 ist
1886 3067 212 40 Schönheit
2126 3065 115 39 keine
2269 3064 195 52 Lockung
2493 3064 120 39 mehr.

2094 3158 181 33 ASPASIA

2028 3217 78 31 nach
2128 3217 85 30 einer
2237 3217 110 29 Pause;

1604 3283 173 38 Kommt.
1832 3281 159 38 Treten
2019 3280 72 39 wir
2118 3278 135 40 heran.

1904 3343 47 32 Sie
1975 3342 118 31 nähern
2116 3340 63 32 sich
2204 3340 72 31 dem
2300 3340 167 41 Diogenes.

2054 3424 262 34 ALKIBIADES

2293 3492 92 37 Nur
2414 3490 110 40 nicht
2553 3503 49 26 zu
2631 3490 115 40 nahe:

1604 3561 41 26 er
1674 3547 127 39 beifst.

1874 3601 40 30 Er
1938 3600 115 41 schlägt
2076 3598 63 31 sich
2164 3598 58 31 auf
2243 3598 61 31 den
2328 3598 159 31 Schenkel.

1815 3658 64 43 He,
1907 3655 55 45 he,
1991 3652 214 52 Diogenes,
2234 3652 134 38 komm
2396 3651 82 46 her,

1602 3717 166 46 hierher,
1798 3716 53 38 du
1879 3714 145 40 Hund!
