3651 4572
2151 3899 215 42 230

1504 545 232 34 DIOGENES

1035 616 112 33 Dann
1176 610 112 39 wirst
1316 611 52 40 du
1396 612 125 51 geizig
1550 612 95 38 sein.
1701 612 67 40 Ich
1799 613 68 39 bin
1895 626 50 26 zu
1973 628 124 25 teuer.

1527 696 182 32 KLINIAS

1034 760 50 38 So
1115 760 147 52 sprich:
1294 776 77 24 was
1399 761 176 39 forderst
1604 762 53 38 du
1686 762 66 39 für
1780 763 117 40 deine
1926 764 221 40 Weisheit?

1503 854 231 33 DIOGENES

1033 920 77 37 Für
1140 919 129 38 meine
1298 919 200 40 Weisheit
1526 920 145 48 nichts;
1700 920 66 40 für
1795 922 160 40 meinen
1982 925 159 39 Freund

1032 981 84 39 hier
1226 981 87 38 eine
1342 982 210 38 Drachme.

1484 1065 267 35 KYNEGIROS

1592 1133 169 40 Warum
1791 1134 108 39 denn
1928 1150 44 24 so
2004 1137 152 52 wenig?

1504 1216 231 34 DIOGENES

1031 1280 77 38 Für
1138 1280 87 39 eine
1256 1282 197 38 Drachme
1482 1283 128 38 Wein
1638 1291 196 46 verträgst
1863 1286 53 39 du
1945 1301 84 25 nur.

1525 1366 182 34 KLINIAS

1032 1429 97 38 Hier
1156 1429 86 40 hast
1262 1430 52 39 du
1342 1432 100 38 zwei
1531 1432 67 40 für
1627 1434 91 40 dich
1745 1437 84 38 und
1860 1437 144 40 deinen
2032 1439 169 39 Freund.

1483 1516 266 36 KYNEGIROS

1408 1574 80 30 ohne
1514 1576 115 31 Klinias
1653 1578 171 31 anzusehn:

1029 1633 71 40 Ich
1128 1634 125 38 danke
1284 1635 71 47 dir,
1385 1635 215 53 Diogenes.

1208 1698 40 29 Er
1270 1698 127 31 wendet
1421 1700 62 30 sich
1507 1712 41 19 zu
1573 1701 115 31 Klinias
1714 1702 64 31 und
1803 1712 133 22 mustert
1958 1704 62 31 ihn.

1709 1755 97 39 Und
1835 1755 60 40 dir

1032 1813 73 50 geb
1133 1813 65 39 ich
1226 1813 81 39 den
1335 1816 88 37 Rat:
1454 1815 65 39 das
1549 1830 117 38 graue
1694 1818 81 39 Fell
1804 1818 68 39 des
1900 1819 171 41 Weisen

1031 1874 111 39 nicht
1169 1875 126 40 höher
1323 1877 52 38 als
1406 1877 69 39 des
1505 1879 108 40 Esels
1644 1881 138 53 Haupt
1810 1895 49 26 zu
1889 1882 199 40 schätzen.

1103 1938 49 37 Er
1171 1938 123 40 trinkt
1310 1940 37 50 ja
1366 1940 143 39 keinen
1529 1942 138 39 Wein.
1711 1943 52 39 Er
1782 1944 122 39 trinkt
1921 1958 76 25 nur
2016 1946 182 39 Wasser:

1030 1999 70 39 Ich
1128 1999 102 40 mufs
1260 2000 70 40 auf
1351 2001 106 40 mich
1491 2003 62 38 die
1584 2004 144 39 beiden
1758 2006 226 39 Drachmen
2014 2008 184 40 nehmen.

1493 2067 48 30 Zu
1564 2067 174 41 Diogenes:

1032 2115 65 38 Du
1206 2117 152 38 kämme
1388 2117 124 40 dieses
1542 2119 195 40 Widders
1768 2121 148 51 goldne
1945 2123 184 40 Locken!

1512 2183 49 30 Zu
1585 2183 129 31 Klinias:

1032 2230 193 40 Verzeih:
1254 2232 66 38 ich
1348 2247 82 25 war
1457 2235 43 38 in
1528 2236 152 38 meiner
1704 2237 156 51 Jugend
1888 2239 179 48 Dichter,

1034 2305 48 25 an
1100 2293 155 38 stolzen
1276 2294 159 40 Bildern
1455 2296 109 40 reich
1584 2297 104 39 blieb
1709 2298 129 40 meine
1858 2300 124 39 Rede.
2008 2311 40 29 Er
2064 2311 73 41 geht
2153 2314 48 31 ab.

1503 2390 231 34 DIOGENES

1034 2434 118 40 Doch
1181 2450 82 24 wer
1293 2437 76 40 bist
1397 2437 77 40 du?

1524 2516 183 33 KLINIAS

1511 2582 51 38 So
1582 2582 142 40 kennst
1745 2584 54 39 du
1818 2585 105 40 mich
1942 2587 108 40 noch
2069 2588 133 40 nicht?

1034 2639 69 38 Ich
1129 2639 123 40 heifse
1283 2641 141 40 Klinias
1453 2644 84 39 und
1567 2644 67 39 bin
1664 2644 71 40 der
1763 2646 126 40 Vater

1035 2700 68 39 des
1131 2702 224 40 Alkibiades
1465 2706 91 39 den
1583 2707 145 40 kennst
1756 2708 54 40 du
1839 2709 127 41 doch?

1503 2800 228 34 DIOGENES

1037 2860 99 39 Kein
1164 2862 132 39 Mittel
1325 2864 108 51 giebt
1462 2879 52 34 es,
1542 2880 69 25 um
1638 2867 80 40 ihm
1748 2868 131 41 fremd
1908 2883 50 26 zu
1987 2871 169 40 bleiben.

1524 2951 181 34 KLINIAS

1535 3010 167 32 seufzend:

1036 3064 102 48 Ach,
1168 3065 54 40 du
1248 3067 85 39 hast
1352 3069 143 40 Recht!
1531 3072 52 38 Er
1603 3084 126 28 streut
1757 3074 82 39 sich
1859 3075 71 39 auf
1952 3076 63 39 die
2038 3078 165 40 Gassen.

1041 3126 185 41 Verzeih:
1256 3130 99 38 auch
1383 3130 53 40 du
1465 3132 102 40 lebst
1592 3135 35 49 ja
1657 3135 70 38 auf
1751 3135 151 41 offnem
1933 3140 138 47 Markt,

1039 3187 106 39 doch
1173 3190 110 39 nicht
1302 3192 126 50 gleich
1455 3194 142 51 jenem,
1628 3196 71 40 der
1724 3199 82 39 sich
1835 3199 121 40 selbst
1975 3203 230 50 vergeudet,

1039 3248 82 39 sich
1149 3250 120 40 selbst
1296 3253 83 39 und
1409 3255 125 40 seines
1563 3258 144 39 Vaters
1736 3259 89 39 Hab
1854 3262 84 38 und
1967 3264 98 38 Gut.

1505 3349 231 35 DIOGENES

1042 3406 87 40 Aha
1232 3410 53 39 du
1313 3412 145 40 Armer
1486 3414 201 41 fürchtest
1715 3418 69 39 für
1813 3420 92 39 dein
1935 3422 117 39 Geld.

1531 3513 181 34 KLINIAS

1042 3572 77 38 Das
1148 3572 49 40 ist
1227 3587 40 25 es
1296 3575 109 41 nicht
1434 3578 127 48 allein,
1589 3580 65 39 ich
1683 3580 68 39 bin
1780 3582 110 40 nicht
1918 3598 91 26 arm.

1042 3634 69 38 Ich
1140 3641 125 44 gönnt
1293 3636 82 40 ihm
1403 3651 97 38 gern
1529 3640 70 38 der
1622 3642 156 51 Jugend
1806 3643 103 40 laute
1937 3648 172 45 Freude;

1042 3695 84 38 und
1153 3709 121 26 wenn
1303 3698 65 39 das
1397 3699 110 40 Herz
1536 3702 100 39 auch
1665 3703 160 50 blutete,
1854 3707 66 39 sah
1946 3707 76 48 ich,

2312 545 75 39 wie
2417 559 42 25 er
2486 546 42 39 in
2556 547 377 41 allerschlechtester
2962 551 278 49 Gesellschaft,

2312 607 70 39 mit
2410 608 230 48 Künstlern,
2669 609 207 49 Dichtern,
2906 612 403 51 Komödiantenvolk,

2312 670 70 38 mit
2411 669 270 41 Buhlerinnen
2709 673 84 38 und
2822 673 72 39 mit
2921 674 274 54 Philosophen

2310 731 107 38 mein
2446 732 155 39 schwer
2631 734 232 39 erworbnes
2894 736 86 39 Gut
3010 738 329 41 verschwendete

2312 807 44 24 so
2387 800 166 32 tröstete
2584 795 107 38 mich
2719 807 97 28 stets
2847 799 109 38 noch
2985 798 71 39 der
3087 800 203 48 Gedanke,

2311 855 96 47 dafs,
2434 856 77 38 wie
2541 856 68 39 des
2638 858 167 39 tollsten
2834 859 169 39 Weines
3034 861 165 39 Schaum
3229 865 173 50 zergeht,

2311 917 101 39 auch
2441 931 42 25 er
2511 918 129 51 gleich
2669 919 72 39 mir
2770 921 82 39 sich
2882 922 159 40 endlich
3069 922 139 40 finden
3237 926 146 38 werde.

2311 980 120 39 Doch
2459 994 78 26 was
2566 995 84 25 nun
2679 981 151 40 meiner
2859 985 166 40 wachen
3055 986 122 51 Sorge
3209 988 105 47 naht,

2309 1042 50 38 ist
2386 1042 113 40 mehr
2528 1043 52 39 als
2610 1044 125 38 dieses
2766 1046 255 40 Vater-Herz
3051 1054 157 46 erträgt.

2310 1104 119 38 Denk
2458 1105 77 38 dir:
2566 1105 62 40 die
2657 1107 187 40 Buhlerin
2874 1108 68 40 des
2971 1110 182 49 Perikies,

2313 1166 61 38 die
2403 1167 150 39 meines
2584 1168 150 40 Sohnes
2763 1171 154 38 Mutter
2946 1173 149 39 könnte
3125 1174 93 47 sein,

2312 1228 162 54 Aspasia
2582 1244 77 38 zog
2687 1231 70 39 ihn
2786 1246 97 38 ganz
2910 1234 42 39 in
2978 1234 115 40 ihren
3120 1236 123 39 Bann.

2311 1291 77 37 Für
2417 1291 53 38 sie
2500 1292 165 51 vergibst
2693 1307 42 25 er
2763 1295 70 38 alle
2861 1294 167 41 frühren
3057 1298 194 47 Freuden,

2312 1352 164 52 vergibst
2506 1354 62 39 die
2597 1354 143 41 Pferde
2769 1357 83 39 und
2883 1358 61 39 die
2974 1359 269 54 Philosophen

2311 1415 84 38 und
2424 1415 111 40 dient
2563 1430 75 25 nur
2664 1418 61 38 ihr
2816 1420 34 50 ja
2941 1435 79 25 was
3051 1421 65 39 das
3136 1423 346 49 Fürchterlichste,

2311 1477 141 38 womit
2481 1492 41 25 er
2551 1480 107 38 seine
2687 1482 188 40 Narrheit
2904 1484 151 38 krönen
3085 1485 160 39 möchte

2311 1552 43 25 er
2380 1539 51 39 ist
2459 1540 54 39 im
2542 1541 158 49 Stande,
2732 1544 52 37 sie
2814 1557 92 26 zum
2934 1545 124 39 VFeib
3088 1560 50 25 zu
3168 1547 183 48 nehmen,

2799 1608 190 30 weinerlich:

2311 1667 89 26 zum
2432 1656 187 39 Eheweib
2642 1688 8 7 .
2671 1688 8 8 .
2709 1658 222 52 Diogenes!
2953 1690 8 9 .
2982 1691 8 8 .
3020 1674 70 26 zur
3118 1663 110 38 Frau.

2777 1743 232 34 DIOGENES

2310 1807 112 47 Nun,
2450 1808 127 38 weine
2607 1809 121 40 nicht.
2785 1811 187 39 Bedenke
3003 1811 115 40 deine
3147 1813 161 39 Würde

2310 1869 49 37 als
2390 1869 190 40 Obmann
2609 1871 70 39 der
2708 1872 253 40 Archonten.

2805 1958 181 32 KLINIAS

3005 2027 97 37 Rate
3132 2026 90 39 mir!

2310 2083 100 38 Was
2440 2083 74 39 soll
2540 2084 66 39 ich
2633 2085 111 48 thun,
2768 2086 75 39 wie
2874 2086 102 40 mufs
3005 2089 65 39 ich
3099 2088 106 40 mich
3233 2089 248 40 benehmen?

2311 2144 79 39 Soll
2417 2144 66 40 ich
2511 2145 80 40 ihm
2622 2146 168 49 drohen,
2820 2147 82 40 dafs
2930 2149 66 40 ich
3023 2149 69 40 ihn
3122 2150 190 39 enterbe?

2311 2206 80 38 Soll
2419 2206 64 40 ich
2511 2208 226 50 gewaltsam
2764 2209 69 40 ihn
2859 2211 54 39 im
2944 2211 132 40 Hause
3105 2213 154 39 halten?

2311 2269 48 37 Es
2387 2269 49 38 ist
2464 2270 108 38 mein
2601 2270 173 54 einziger
2802 2273 108 39 Sohn
3018 2275 106 38 mein
3153 2275 129 52 einzig
3311 2276 115 38 Kind.

2780 2369 231 34 DIOGENES

2310 2433 96 39 Und
2437 2433 78 39 also
2545 2434 166 40 könntst
2740 2435 53 39 du
2822 2436 109 39 wohl
2960 2436 65 39 ein
3055 2437 132 53 Opfer
3217 2438 192 52 bringen?

2807 2533 181 33 KLINIAS

2312 2580 39 38 O
2380 2580 124 51 jedes!

2782 2650 230 33 DIOGENES

2527 2714 93 39 Und
2650 2716 99 39 auch
2778 2716 119 48 eines,
2927 2717 64 39 ein
3021 2717 231 49 besondres,

2314 2776 64 39 das
2408 2777 111 38 nicht
2546 2777 43 38 in
2618 2777 113 40 Gold
2759 2779 86 39 und
2875 2780 257 40 Geldeswert
3161 2780 225 40 bestünde?

2808 2863 181 34 KLINIAS

2314 2927 98 39 Was
2441 2926 65 40 für
2535 2929 64 38 ein
2629 2929 130 54 Opfer
2787 2931 148 38 könnte
2966 2930 67 39 das
3062 2932 108 39 wohl
3200 2931 100 40 sein!

2782 3018 232 34 DIOGENES

2312 3083 75 38 Ein
2416 3083 131 54 Opfer
2576 3085 135 39 deiner
2740 3085 131 40 selbst.

2805 3170 181 33 KLINIAS

2899 3237 119 38 Wie?
3047 3237 157 38 Meiner
3233 3236 143 39 selbst?

2784 3319 230 34 DIOGENES

2314 3387 66 37 Du
2408 3386 124 40 mufst
2560 3387 79 39 den
2667 3399 153 39 ganzen
2849 3386 92 38 Ekel
2968 3398 137 27 runter
3133 3389 178 49 würgen,

2314 3448 48 38 all
2391 3448 146 39 deinen
2565 3448 122 40 tiefen
2714 3447 98 40 Hafs
2841 3446 122 40 mufst
2992 3447 53 39 du
3073 3448 236 39 verwinden

2314 3510 83 39 und
2506 3511 127 38 selber
2662 3509 91 40 dich
2782 3510 175 39 bemühn
2984 3523 68 25 um
3080 3511 108 50 jenes
3217 3511 145 40 Weib!

2808 3593 181 34 KLINIAS

2565 3652 132 29 taumelt
2720 3650 203 31 erschrocken
2947 3653 128 29 zurück.
3123 3653 108 30 Pause.

2315 3714 118 38 Wa-s
2455 3726 119 26 ..was
2595 3723 102 41 sagst
2719 3712 73 39 du?
2820 3713 203 39 Verstand
3038 3713 64 40 ich
3118 3713 91 41 dich
3224 3714 109 39 denn
3349 3715 133 39 recht?
