3765 4572
1438 3889 216 45 241

999 1900 404 63 COURBET
1449 1902 96 61 IN
1588 1897 509 64 MUENCHEN

713 2089 84 33 BEN
813 2086 88 35 auch
920 2086 145 35 manche
1084 2088 126 46 spätere
1226 2083 264 48 Ausstellungen

713 2142 43 33 im
776 2140 213 35 Münchener
1014 2138 188 49 Glaspalast
1226 2137 166 48 diejenige
1421 2150 68 21 von

715 2195 95 43 1869
825 2206 42 22 an
875 2193 107 34 Glanz
998 2192 70 35 und
1076 2190 178 48 Wirkung
1269 2187 220 43 übertrofFen,

713 2261 33 21 so
767 2246 125 35 bildete
907 2246 92 34 doch
1019 2244 97 35 keine
1137 2245 53 34 ein
1211 2257 36 20 so
1269 2242 67 35 tief
1347 2243 126 47 eingrei-

713 2299 113 36 fendes
842 2300 150 47 Ereignis
1012 2297 56 36 für
1088 2298 53 34 die
1161 2298 133 45 dortige
1316 2295 156 35 Künstler-

713 2352 117 37 schaft.
861 2356 99 31 Denn
975 2353 44 33 sie
1032 2364 74 22 war
1121 2350 53 34 die
1190 2359 83 25 erste
1289 2352 202 45 ausgeprägt

713 2406 259 35 internationale
986 2404 218 47 Ausstellung
1220 2401 64 36 auf
1296 2402 195 34 deutschem

713 2460 131 42 Boden;
861 2460 52 33 ihr
922 2457 212 36 Gesamtbild
1150 2458 59 33 hat
1223 2457 71 33 sich
1309 2455 102 35 daher
1427 2468 42 20 un-

713 2512 227 35 auslöschlich
960 2512 78 33 dem
1057 2509 206 37 Gedächtnis
1285 2509 205 47 eingeprägt.

792 2564 183 36 Besonders
995 2565 118 34 hatten
1132 2562 129 35 damals
1282 2562 53 34 die
1350 2564 122 32 Franzo-

713 2633 56 20 sen
790 2620 73 33 eine
879 2617 130 36 Anzahl
1025 2630 83 35 ganz
1122 2613 286 49 hervorragender
1425 2613 51 35 Bil-

713 2672 56 35 der
779 2671 206 48 eingesandt.
1007 2674 52 31 Da
1073 2682 118 22 waren
1205 2672 103 30 Dores
1319 2668 153 34 Schwarz-

323 2726 347 42 waldlandschaften,
699 2727 54 34 die
781 2724 188 35 biblischen
997 2721 250 37 Landschaften
1277 2734 68 22 von
1371 2723 121 37 Corot,

324 2785 192 32 Rousseaus
537 2780 112 35 kleine
672 2780 117 34 intime
805 2776 259 41 Landschaften,
1085 2777 108 34 sowie
1203 2773 131 36 Werke
1357 2773 136 35 anderer

324 2849 41 21 zu
383 2839 90 43 jener
493 2835 74 34 Zeit
587 2833 92 35 noch
698 2832 116 47 wenig
833 2830 186 35 bekannter
1040 2829 155 35 Künstler
1214 2841 41 21 zu
1275 2827 112 35 sehen.
1427 2829 66 31 Der

325 2892 189 43 Gegensatz
541 2886 57 35 der
618 2885 274 36 Nationalitäten
912 2884 133 34 machte
1064 2883 71 34 sich
1155 2881 92 35 noch
1266 2881 95 33 nicht
1381 2893 37 20 so
1435 2879 40 34 bc-

325 2940 167 36 merklich
513 2941 68 34 wie
598 2943 89 44 jetzt.
725 2942 72 31 Vor
818 2938 108 34 einem
947 2937 111 40 Bilde,
1078 2935 147 35 welches
1246 2937 107 45 später
1372 2933 36 33 in
1428 2933 65 33 den

325 2993 243 48 Luxembourg
584 2992 91 40 kam,
692 2992 76 34 dem
784 2991 183 34 Leichnam
978 2989 166 48 Virginies
1165 3001 54 21 am
1234 2985 257 40 Meeresstrand,

326 3049 90 33 einer
426 3048 125 33 höchst
562 3046 206 35 vornehmen
781 3041 202 51 Schöpfung
991 3056 68 21 von
1069 3040 223 49 ergreifender
1302 3038 191 48 Wirkung,

325 3100 129 35 konnte
484 3101 54 33 ein
572 3098 185 35 bekannter
785 3095 344 37 Kunstschriftsteller
1160 3095 93 34 noch
1286 3094 64 33 mit
1382 3092 112 34 echter

324 3157 212 44 Entrüstung
557 3151 176 36 ausrufen:
754 3163 136 23 warum
905 3151 58 33 hat
979 3149 56 34 das
1052 3148 78 34 kein
1145 3147 188 35 Deutscher
1349 3144 142 49 gemalt!

324 3208 97 33 Diese
456 3204 226 50 Eigenschaft,
718 3204 75 35 dem
826 3203 183 35 deutschen
1037 3205 130 32 Wesen
1199 3199 222 36 verständlich
1453 3211 41 21 zu

323 3261 80 41 sein,
431 3259 150 35 besassen
608 3257 210 36 namentlich
846 3255 165 35 Courbets
1032 3254 125 42 Bilder,
1186 3254 54 34 die
1266 3252 152 35 dadurch
1438 3264 38 21 so-

323 3314 68 34 wie
418 3313 107 34 durch
555 3313 52 34 die
633 3315 122 32 Grösse
784 3310 88 34 ihrer
898 3307 212 48 Auffassung
1139 3309 74 33 eine
1242 3306 170 46 mächtige
1432 3307 41 31 Er-

323 3380 128 34 regung
471 3375 96 25 unter
587 3365 56 35 der
661 3361 272 38 Künstlerschaft
952 3361 192 35 Münchens
1164 3357 240 37 hervorriefen.
1440 3360 53 31 Da

323 3433 117 22 waren
469 3433 69 22 von
568 3419 88 34 ihm:
687 3417 57 36 das
769 3417 221 47 wandgrosse
1016 3415 74 35 Bild
1117 3415 63 33 mit
1199 3413 59 34 der
1276 3410 215 48 Hirschjagd,

324 3473 53 34 die
398 3476 81 31 Rast
499 3473 57 34 der
576 3472 94 34 Rehe
689 3485 57 21 am
762 3469 208 42 Waldbach,
997 3468 70 35 voll
1093 3469 119 33 echten
1230 3463 242 49 Naturempfin-

324 3526 97 41 dens,
452 3527 73 33 eine
550 3539 68 21 von
645 3523 145 35 Erdduft
811 3521 135 37 erfüllte
966 3525 190 36 Heuernte,
1186 3520 110 47 einige
1315 3516 177 42 Seebilder,

323 3580 108 33 sowie
458 3579 135 34 endlich
620 3577 57 35 das
703 3577 177 35 berühmte
905 3575 74 35 Bild
1005 3574 58 35 der
1082 3571 242 50 Steinklopfer,
1352 3569 56 35 das
1435 3583 39 20 so-

323 3631 70 35 fort
409 3633 96 33 einen
520 3631 207 48 gewaltigen
742 3627 131 51 Kampf
884 3629 57 34 der
955 3629 214 45 Meinungen
1190 3622 195 38 hervorrief.
1428 3624 65 33 Die

323 3688 127 45 jungen
477 3685 214 34 Münchener
716 3683 171 40 Künstler,
918 3681 54 35 die
997 3682 146 47 jahraus,
1169 3678 131 51 jahrein
1327 3690 44 22 an
1398 3676 95 35 ihren

1598 2082 183 41 einzelnen,
1801 2081 219 35 unnahbaren
2037 2081 260 35 Stammtischen
2317 2083 47 33 im
2383 2078 84 38 Cafe
2477 2079 119 35 Probst
2615 2092 151 35 gesessen

1595 2136 129 39 hatten,
1745 2136 91 34 ohne
1850 2135 71 34 sich
1938 2143 106 26 etwas
2060 2147 40 21 zu
2115 2147 101 35 sagen
2232 2148 40 21 zu
2288 2134 120 42 haben,
2428 2132 124 36 fanden
2569 2133 70 34 sich
2655 2132 91 48 plötz-

1597 2189 68 33 lich
1693 2189 34 33 in
1747 2188 120 34 Feinde
1891 2188 71 34 und
1982 2186 148 35 Freunde
2149 2188 201 47 geschieden
2371 2201 60 21 vor
2451 2187 125 34 diesem
2596 2185 93 35 Bilde
2707 2199 40 21 zu-

1597 2253 165 23 sammen:
1779 2255 70 20 nun
1870 2250 125 25 musste
2011 2240 99 34 Farbe
2126 2239 148 37 bekannt
2289 2240 139 36 werden
2447 2239 71 35 und
2538 2239 56 35 der
2611 2239 155 34 Einzelne

1597 2295 125 47 zeigen,
1743 2308 87 21 wess
1852 2295 128 34 Geistes
2000 2293 91 35 Kind
2112 2307 33 21 er
2165 2295 55 33 sei.

1677 2349 62 32 Für
1759 2347 79 35 oder
1852 2347 109 35 wider
1978 2346 164 42 Courbet,
2161 2345 87 36 hiefs
2269 2360 31 21 es
2321 2347 52 34 da.
2403 2345 175 35 Erklärten
2599 2345 52 34 die
2668 2345 98 34 einen

1598 2401 89 33 seine
1707 2399 109 36 Bilder
1835 2399 56 35 für
1910 2399 171 35 Ausflüsse
2102 2400 87 34 eines
2209 2401 126 39 rohen,
2358 2399 193 35 ideenlosen
2570 2398 178 34 Naturalis-

1599 2467 73 20 mus
1694 2466 70 21 von
1782 2453 151 47 gröbster
1951 2451 245 49 Ausführung,
2226 2467 37 20 so
2285 2451 185 36 erblickten
2492 2451 121 35 andere
2633 2452 34 33 in
2689 2451 77 34 dem

1595 2505 324 49 Bteinklopferbilde
1934 2505 53 34 die
1998 2506 177 34 Kühnheit
2194 2505 71 35 und
2274 2506 247 34 Vornehmheit
2543 2505 87 33 eines
2650 2504 97 34 Velas-

1600 2573 81 35 quez
1701 2559 70 34 und
1790 2559 233 35 bezeichneten
2044 2572 31 20 es
2097 2559 46 34 als
2164 2559 73 34 eine
2256 2557 244 35 künstlerische
2517 2556 247 48 Offenbarung.

1678 2614 108 32 Unter
1806 2612 63 34 den
1891 2621 116 30 ersten,
2028 2611 52 34 die
2101 2611 215 35 entschieden
2336 2611 70 35 und
2427 2609 93 37 offen
2540 2610 57 34 für
2613 2610 153 34 Courbet

1599 2666 166 33 eintraten
1785 2665 70 34 und
1875 2665 60 34 ihn
1956 2665 62 33 den
2035 2662 177 50 Angriffen
2234 2664 189 48 gegenüber
2439 2664 233 47 verteidigten,
2692 2676 74 22 war

1599 2718 172 35 Wilhelm
1792 2718 108 41 Leibi,
1931 2718 76 34 dem
2032 2718 90 34 seine
2148 2718 211 47 ehemaligen
2383 2717 202 34 Mitschüler
2610 2730 57 21 aus
2689 2716 76 35 dem

1599 2771 227 46 Piloty'schen
1855 2771 126 34 Atelier
2009 2770 126 35 alsbald
2166 2771 63 34 den
2263 2771 180 34 Beinamen
2473 2770 203 40 „Courbet“
2705 2783 41 21 an-

1599 2824 159 47 bängten,
1780 2824 168 34 wodurch
1968 2824 144 34 manche
2132 2824 203 47 ergötzliche
2345 2824 192 34 Reibereien
2554 2822 210 35 entstanden.

1602 2881 51 30 Da
1674 2876 76 35 aber
1778 2877 94 34 Leibi
1898 2877 47 34 als
1968 2876 112 35 Maler
2104 2878 92 33 hoch
2225 2878 204 47 angesehen,
2459 2876 45 35 als
2532 2876 234 47 urwüchsiger

1601 2930 144 35 Mensch
1765 2929 123 35 beliebt
1907 2930 68 35 und
1998 2930 46 34 als
2060 2930 165 34 Flerkules
2246 2928 191 49 gefürchtet
2452 2943 85 27 war,
2557 2942 37 21 so
2610 2927 65 36 lief
2685 2928 79 35 alles

1602 2992 78 26 stets
1708 2984 35 33 in
1764 2982 189 35 Heiterkeit
1981 2996 74 28 aus,
2085 2982 72 35 und
2187 2984 87 33 auch
2302 2983 88 34 seine
2416 2984 183 45 Anhänger
2622 2981 145 36 wurden

1601 3036 153 35 dadurch
1774 3035 203 36 schliefslich
1997 3036 94 34 mehr
2110 3035 171 48 belustigt,
2302 3036 46 34 als
2369 3034 73 36 dafs
2464 3036 46 34 sie
2530 3035 69 34 sich
2615 3038 151 45 geärgert

1601 3090 127 34 hätten.

1681 3142 130 35 Gerade
1837 3141 44 35 als
1907 3141 104 35 dieser
2037 3140 253 49 merkwürdige
2310 3142 98 33 Streit
2427 3153 61 21 um
2508 3140 53 34 die
2580 3142 185 33 Franzosen

1601 3196 87 33 seine
1707 3195 90 34 volle
1815 3195 103 34 Höhe
1939 3194 140 35 erreicht
2098 3196 102 38 hatte,
2222 3195 146 34 erschien
2388 3194 86 34 eines
2489 3196 106 45 Tages
2612 3194 153 34 Courbet

1601 3248 99 34 selbst
1721 3248 46 35 als
1787 3251 83 32 Gast
1885 3248 192 34 Münchens
2157 3248 70 34 und
2248 3261 31 21 es
2294 3247 96 34 ward
2406 3248 110 33 Ruhe.
2546 3246 111 41 Allen,
2677 3246 88 35 auch

1601 3301 63 34 den
1686 3304 172 45 Gegnern,
1878 3302 201 47 imponierte
2100 3300 87 35 diese
2206 3301 170 47 mächtige
2396 3299 147 41 Gestalt,
2565 3301 55 33 ein
2639 3300 106 35 Maler-

1600 3353 148 36 feldherr
1767 3368 81 21 vom
1868 3354 143 35 Scheitel
2031 3353 49 35 bis
2100 3367 57 21 zur
2176 3353 119 43 Sohle,
2323 3353 96 35 dabei
2447 3353 54 34 ein
2521 3354 111 33 echter
2651 3356 110 31 Mann

1602 3420 58 21 aus
1689 3408 77 33 dem
1787 3407 122 35 Volke.
1947 3407 204 47 Fremdartig
2180 3406 147 35 erschien
2355 3405 65 36 auf
2444 3406 63 34 den
2536 3417 108 24 ersten
2668 3406 96 35 Blick

1601 3461 88 34 seine
1701 3460 171 48 Kleidung
1887 3474 57 21 aus
1961 3474 139 34 grauem
2109 3460 210 35 Lodenstoff.
2349 3460 94 35 Zwei
2454 3459 150 36 wollene
2615 3459 149 41 Decken,

1601 3513 106 36 durch
1718 3514 97 35 einen
1826 3514 143 34 Riemen
1979 3527 60 21 um
2051 3514 64 33 den
2124 3513 126 34 breiten
2261 3516 130 45 Körper
2401 3513 363 48 zusammengehalten,

1601 3567 85 34 dazu
1701 3567 98 34 derbe
1814 3566 210 49 dicksohlige
2039 3567 327 42 Marschierschuhe;
2387 3566 57 35 das
2459 3579 75 22 war
2549 3566 57 35 das
2617 3565 130 36 Arbeits-

1600 3620 146 49 gewand
1781 3621 86 34 eines
1896 3620 142 40 Malers,
2073 3619 56 36 der
2164 3620 65 35 viel
2262 3620 49 34 im
2339 3620 112 34 Freien
2478 3619 68 35 lebt
2575 3619 71 35 und
2676 3619 89 34 einer

1601 3673 142 35 anderen
1759 3674 169 47 Kleidung
1943 3687 59 35 gar
2015 3674 95 34 nicht
2125 3671 124 37 bedarf.
2292 3674 136 35 Schwer
2443 3672 69 35 und
2527 3673 102 47 ruhig
2647 3673 118 34 schritt
