3739 4572
1440 3920 212 47 267

610 1324 89 36 DIE
725 1316 302 51 KÜNSTLER-
1046 1330 112 38 UND
1177 1332 89 39 DIE
1283 1332 497 44 VORZUGSAUSGABE
1799 1337 331 41 ENTHALTEN:

609 1402 206 38 AUSSER
850 1405 112 38 DEN
993 1406 151 38 AUCH
1184 1409 54 38 IN
1273 1410 258 39 DRUCKEN
1567 1412 111 39 DER
1714 1414 381 38 ALLGEMEINEN
2130 1415 248 39 AUSGABE
2419 1419 72 37 BEI-

610 1481 361 39 GEHEFTETEN
1004 1485 329 42 ORIGINALEN
1358 1490 160 51 (VOLZ,
1547 1491 138 45 REIM,
1719 1494 311 44 KAMPMANN,
2059 1495 261 44 GAMPERT,
2350 1498 163 43 HALM,

608 1562 284 46 KIRCHNER,
920 1564 230 47 PANKOK,
1179 1569 273 45 ECKMANN,
1480 1571 207 46 THOMA,
1715 1566 239 57 KÖPPING)

608 1641 110 38 UND
747 1642 209 38 AUSSER
987 1645 111 38 DEN
1130 1647 494 40 REPRODUKTIONEN
1650 1650 164 51 (NACH
1846 1646 244 52 BÖCKLIN,
2118 1646 252 47 TRÜBNER
2403 1656 110 37 UND

606 1721 408 52 WERENSKIOLD)
1043 1725 112 37 AUF
1177 1726 395 41 KAISERLICHEM
1593 1730 165 48 JAPAN

605 1800 100 38 ALS
728 1801 229 39 BEILAGE
977 1795 111 48 FÜR
1112 1805 90 38 DIE
1226 1807 211 40 MAPPEN
1459 1809 52 38 IN
1527 1809 174 40 LOSEN
1720 1805 447 47 FOLIOBLÄTTERN
2189 1816 89 37 DIE
2302 1816 211 40 ERSTEN

609 1879 222 38 DRUCKE
850 1880 129 40 VON:
990 1892 1523 42 B^®^®^®^®^®^®^®^®^®^®^®^®^®^®}^®^®^®^®^®^®^

605 1959 254 38 WILHELM
887 1960 147 46 VOLZ,
1062 1961 229 47 SALOME,
1321 1965 652 42 ORIGINALLITHOGRAPHIE

605 2037 150 38 OTTO
784 2040 139 44 REIM,
952 2042 363 40 LANDSCHAFT
1335 2045 150 37 NACH
1512 2037 196 55 STÄBLI,
1737 2049 315 38 RADIERUNG

604 2117 312 46 KAMPMANN,
937 2120 299 39 STEIGENDE
1254 2124 180 43 NEBEL,
1456 2124 664 42 ORIGINALLITHOGRAPHIE

604 2196 148 38 OTTO
783 2197 262 46 GAMPERT,
1075 2201 385 46 BUCHENWALD,
1490 2202 569 42 ORIGINALRADIERUNG

601 2276 174 38 PETER
799 2277 166 46 HALM,
990 2279 171 38 MOTIV
1175 2281 108 37 VON
1301 2281 112 38 DER
1432 2282 316 46 REICHENAU,
1776 2284 570 43 ORIGINALRADIERUNG
2365 2300 146 31 m*<m>

603 2356 181 38 EUGEN
810 2357 284 45 KIRCHNER,
1123 2359 304 45 NOVEMBER,
1459 2361 567 41 ORIGINALRADIERUNG

601 2436 296 38 BERNHARD
926 2439 229 44 PANKOK,
1184 2440 210 46 KIRCHE,
1423 2441 780 42 ORIGINALSCHABKUNSTBLATT

603 2515 146 38 OTTO
778 2516 272 46 ECKMANN,
1078 2519 395 45 NACHTREIHER,
1503 2520 625 41 ORIGINALHOLZSCHNITT

601 2594 144 36 HANS
773 2595 207 46 THOMA,
1008 2596 363 47 LANDSCHAFT,
1401 2599 649 42 ORIGINALLITHOGRAPHIE

600 2674 173 36 PETER
801 2675 169 44 HALM,
1004 2676 315 39 RADIERUNG
1344 2679 151 38 NACH
1522 2680 80 37 FR.
1626 2680 112 37 VON
1772 2680 167 46 UHDE,
1967 2684 162 37 MEINE
2156 2677 254 46 TÖCHTER

600 2752 149 37 KARL
772 2746 233 52 KÖPPING,
1026 2747 374 47 KÖPPING’SCHE
1424 2750 337 53 ZIERGLÄSER,
1780 2759 565 42 ORIGINALRADIERUNG

600 2830 173 39 SOWIE
792 2831 101 38 ALS
920 2831 460 41 SONDERBEILAGE:

600 2910 249 38 LEOPOLD
876 2911 146 38 GRAF
1037 2914 382 45 KALCKREUTH,
1443 2916 136 38 FELD
1583 2917 323 45 ARBEITERIN,
1930 2919 575 43 ORIGINALRADIERUNG.

2115 3725 385 35 DRUCKVERMERK:
