3687 4572
2190 3882 193 42 220

1693 527 340 46 Abendhimmel.
2098 529 89 42 Der
2220 527 183 44 schmale
2435 527 273 44 Sichelmond
2740 527 162 45 scheint
2935 529 211 45 zwischen
3177 530 119 44 ihren
3328 533 172 58 Spitzen

1693 605 153 51 durch,
1887 604 81 42 wie
2009 601 81 45 auf
2124 603 137 43 einem
2302 602 266 59 japanischen
2605 604 102 43 Bild.
2785 605 59 42 Er
2884 604 71 44 hat
2997 606 119 43 einen
3148 607 352 59 merkwürdigen,

1691 680 258 58 abgetönten
1982 679 139 43 Glanz
2153 679 44 42 in
2231 679 72 42 der
2335 678 151 44 halben
2517 679 135 52 Helle,
2686 680 68 44 die
2789 680 73 44 der
2881 680 98 59 Tag
3012 680 113 45 noch
3154 682 123 59 übrig
3309 684 191 57 gelassen.

1850 753 181 60 Tuffige
2063 752 141 45 weifse
2227 754 358 59 Spireen-Dolden
2607 754 157 45 blühen
2794 756 61 43 im
2881 755 229 60 knistrigen
3130 759 129 52 Rohr,
3292 759 210 43 zwischen

1691 831 171 43 dünnen
1893 830 181 59 geraden
2093 831 162 42 Binsen.
2305 830 139 43 Unter
2476 830 385 57 geheimnisvollem
2889 831 203 44 Dickicht
3125 849 89 27 von
3247 833 140 45 Schilf
3413 835 89 43 und

1691 906 127 58 Tang
1849 913 160 36 träumt
2041 905 71 44 das
2146 905 155 43 dunkle
2320 906 182 42 Wasser.
2545 906 105 42 Und
2684 907 66 42 ein
2782 922 98 43 paar
2897 908 198 44 Seerosen
3119 910 80 42 mit
3220 909 282 60 schlüpfrigen

1691 980 426 59 Schlangenstengeln
2150 981 89 43 und
2270 981 163 43 runden
2465 980 178 54 flachen,
2679 980 364 47 feuchtschweren
3075 985 195 43 Blättern.

1851 1057 142 43 Unser
2033 1055 128 44 Kahn
2192 1057 101 58 liegt
2326 1072 104 42 ganz
2472 1056 89 43 still.
2636 1057 73 43 An
2752 1056 98 44 dem
2889 1058 150 58 langen
3072 1058 242 45 blühenden
3356 1061 146 52 Halm,

1691 1131 72 43 der
1796 1132 177 42 darüber
2005 1131 238 52 schwankt,
2276 1131 130 59 wiegt
2437 1131 86 43 sich
2556 1129 317 47 schlaftrunken
2906 1134 90 42 eine
3029 1133 165 45 Libelle.

1851 1209 74 41 Du
1957 1207 92 43 hast
2082 1206 115 45 mich
2229 1207 332 58 niedergezogen
2593 1223 54 26 zu
2681 1208 81 42 dir:
2796 1209 115 42 mein
2945 1208 132 60 Kopf
3102 1209 117 45 lehnt
3250 1227 52 27 an
3336 1211 168 43 deinem

1691 1281 120 44 Knie.
1877 1283 82 42 Die
1994 1283 141 43 Haare
2168 1282 92 44 hast
2291 1284 59 42 du
2393 1282 81 44 mir
2514 1281 229 59 aufgelöst,
2787 1282 88 45 dafs
2908 1285 63 46 .sie
3012 1284 105 44 über
3158 1286 81 43 den
3272 1287 125 43 Rand
3432 1287 70 42 des

1692 1357 156 44 Bootes
1879 1358 74 43 ins
1974 1357 173 44 Wasser
2182 1357 167 45 fliefsen.
2416 1357 144 44 Meine
2593 1359 156 57 Augen
2783 1358 97 44 aber
2911 1360 177 44 tauchen
3125 1361 43 43 in
3202 1362 150 43 deinen
3373 1362 129 44 Blick.

1692 1432 107 43 Und
1830 1433 186 58 langsam
2040 1432 150 59 beugst
2223 1434 58 43 du
2304 1433 99 44 dich
2435 1449 55 27 zu
2523 1434 80 42 mir
2626 1433 208 53 herunter,
2867 1434 63 43 bis
2954 1435 96 44 dein
3067 1435 142 45 Mund
3236 1435 82 45 auf
3335 1438 169 43 meinen

1691 1508 167 60 Lippen
1891 1508 108 44 ruht.
2042 1508 123 45 Heifs
2197 1509 91 43 und
2319 1510 131 57 lange.

1850 1585 104 42 Wie
1987 1585 66 42 ein
2086 1585 144 57 seliger
2259 1585 218 57 Atemzug
2509 1583 102 45 bebt
2643 1585 67 44 ein
2733 1586 157 44 Hauch
2923 1587 106 43 über
3061 1587 71 44 das
3156 1589 172 43 Wasser
3354 1590 45 42 in
3431 1589 73 43 der

1691 1660 154 43 weiten
1879 1660 212 43 einsamen
2124 1660 123 43 Stille.

2579 1741 28 31 $

1849 1828 106 44 Und
1990 1827 162 45 drüben
2192 1829 113 43 mein
2338 1829 160 43 Flieder
2644 1830 81 42 wie
2758 1845 43 27 er
2834 1829 158 45 duftet!
3132 1832 80 42 wie
3245 1848 89 27 von
3366 1832 138 44 einem

1690 1902 131 44 tiefen
1853 1903 326 46 Nachthimmel
2210 1905 81 42 mit
2322 1905 131 42 lauter
2486 1905 193 43 Sternen!

1849 1980 100 43 Wir
1983 1979 204 44 kommen
2220 1979 122 43 heim.
2385 1979 150 44 Durch
2568 1980 66 42 die
2658 1979 135 44 kleine
2817 1979 276 53 Gartenthür,
3126 1997 71 27 wo
3221 1982 67 43 die
3310 1982 192 43 Akazien

1689 2057 132 52 stehn,
1862 2057 88 43 und
1994 2057 113 43 dann
2149 2055 148 43 vorbei
2338 2072 51 26 an
2432 2056 72 42 der
2537 2056 152 51 Linde,
2735 2055 76 43 der
2843 2056 109 43 alten
2980 2055 286 60 breitästigen,
3309 2058 80 43 mit
3431 2058 73 43 der

1691 2132 117 43 Bank
1843 2133 207 42 darunter.

1848 2206 222 52 Friedlich,
2111 2206 337 44 traumverloren
2488 2208 44 42 in
2573 2205 150 46 tiefem
2766 2207 219 54 Schatten,
3027 2207 154 45 schläft
3213 2225 124 27 unser
3370 2209 132 43 Haus.

1690 2283 139 57 Längs
1863 2283 73 43 der
1968 2281 151 44 Mauer
2159 2281 156 44 blühen
2347 2281 200 44 Pfirsiche
2580 2283 89 43 und
2702 2283 256 43 Weichsein.
3022 2284 105 43 Und
3163 2284 66 43 die
3262 2284 241 44 rankenden

1691 2358 287 43 Kletterrosen
2011 2373 70 28 am
2114 2358 423 57 Terrassengeländer
2570 2356 156 59 fangen
2759 2357 108 44 auch
2899 2358 134 44 schon
3066 2375 61 28 an.

1849 2434 102 42 Wir
1999 2432 111 59 gehn
2159 2434 67 42 die
2276 2431 154 45 Stufen
2486 2432 160 44 hinauf.
2735 2432 123 44 Vom
2911 2434 163 43 Garten
3125 2433 89 53 her,
3269 2450 71 28 aus
3398 2434 105 44 allen

1691 2508 202 53 Büschen,
1914 2521 122 46 wogt
2069 2509 71 43 der
2172 2508 160 44 weiche
2354 2507 271 45 Fliederduft.
2669 2509 81 43 Ein
2783 2509 112 43 lauer
2917 2509 140 43 Wind
3090 2511 116 57 neigt
3238 2511 67 42 die
3337 2509 143 43 blüten-

1689 2584 214 44 schweren
1929 2585 131 43 Aeste
2093 2585 90 43 und
2216 2584 115 44 weht
2364 2582 140 45 weifse
2537 2584 184 44 Flocken
2755 2599 72 28 aus
2861 2585 83 43 den
2976 2584 423 45 Kastanienbäumen.

1849 2661 119 43 Leise
2010 2673 134 30 treten
2189 2661 78 43 wir
2309 2676 81 28 ans
2433 2661 186 51 Fenster,
2663 2661 71 43 das
2776 2676 34 27 w
2811 2676 7 12 r
2822 2660 57 43 eit
2920 2659 116 45 offen
3076 2660 125 53 steht,
3253 2660 134 44 damit
3433 2660 68 43 die

1689 2735 326 45 Sommernacht
2046 2735 143 44 hinein
2223 2736 129 52 kann,
2385 2737 75 42 in’s
2493 2735 221 44 heimliche
2747 2736 204 43 Zimmer.

1849 2812 194 43 Drinnen
2081 2810 155 44 brennt
2269 2811 65 43 die
2355 2812 173 57 Lampe,
2562 2815 109 54 grün
2703 2810 253 59 verhangen.
3022 2812 106 43 Und
3161 2827 71 27 wo
3266 2810 64 44 ihr
3352 2810 154 45 Schein

1691 2886 87 44 sich
1811 2887 43 43 in
1876 2886 201 43 Schatten
2110 2886 183 52 verliert,
2325 2886 45 44 in
2404 2886 72 43 der
2497 2886 134 52 Ecke,
2665 2886 110 44 steht
2808 2888 71 42 das
2903 2886 131 44 kleine
3060 2888 104 42 Bett.
3212 2888 84 42 Ein
3318 2886 188 58 lockiger

1690 2960 283 61 Kinderkopf
2006 2961 99 44 ruht
2145 2962 45 43 in
2233 2961 81 43 den
2357 2961 169 52 Kissen,
2568 2961 89 43 und
2704 2977 71 28 aus
2820 2961 74 44 der
2939 2961 172 44 weifsen
3153 2961 146 44 Decke
3339 2961 164 44 dehnen

1689 3037 87 44 sich
1809 3039 108 41 zwei
1950 3038 219 42 Aermlein
2203 3036 109 43 rund
2345 3036 90 43 und
2468 3037 121 58 rosig.

1850 3113 107 52 Still,
1990 3128 108 42 ganz
2131 3113 80 43 still
2243 3112 90 43 und
2364 3120 236 36 verträumt
2632 3113 52 42 ist
2718 3113 73 42 der
2824 3113 235 58 dämmrige
3092 3113 152 43 Raum.

1851 3190 68 41 Da
1952 3188 117 58 fliegt
2100 3187 105 44 über
2237 3204 79 27 uns
2349 3204 112 42 weg,
2494 3204 71 27 aus
2599 3189 100 43 dem
2730 3188 341 50 Gartendunkel,
3105 3187 65 42 ein
3193 3187 133 42 Falter
3348 3185 154 53 hinein,

1688 3264 43 42 in
1764 3264 186 58 grofsem
1983 3264 171 58 seligem
2186 3262 359 45 lichttrunkenem
2578 3264 115 57 Flug.

1849 3339 108 43 Und
1998 3340 58 42 du
2098 3338 132 44 ziehst
2270 3338 115 44 mich
2428 3354 81 42 eng
2549 3354 52 28 an
2645 3338 107 44 dich.
2817 3339 112 41 Dein
2960 3337 126 57 Auge
3118 3335 200 44 leuchtet:
3356 3336 146 52 „Mein

1688 3413 128 45 süfses
1851 3414 178 43 Weib!“
2071 3427 111 46 sagst
2225 3415 58 42 du
2324 3415 105 42 leise.
2495 3414 106 45 Und
2646 3415 58 42 du
2745 3412 113 44 küfst
2901 3413 135 42 meine
3079 3412 112 42 Stirn
3232 3411 91 43 und
3366 3414 137 42 meine

1688 3490 158 52 Haare,
1881 3491 80 41 mit
1995 3490 138 43 denen
2166 3490 71 43 der
2270 3490 141 43 Wind
2444 3492 131 57 spielt.

1847 3565 83 42 Die
1973 3563 170 45 weifsen
2176 3565 188 43 Flocken
2405 3565 152 43 wehen
2599 3581 72 27 aus
2714 3565 82 42 den
2834 3562 418 44 Kastanienbäumen
3292 3564 90 43 und
3415 3579 89 28 von

1690 3638 82 43 den
1804 3638 220 45 bebenden
2059 3640 193 43 Büschen
2286 3639 179 44 herüber
2498 3652 122 46 wogt
2653 3640 71 42 der
2756 3638 160 43 weiche
2949 3636 271 45 Fliederduft.

3261 3711 58 43 H.
3352 3711 120 43 Elgo
