3772 4572
1399 3903 216 44 235

256 562 72 35 und
348 564 135 45 Geyger
503 574 57 21 zur
573 559 129 36 Plastik
721 559 228 49 hingedrängt
964 558 132 42 würde,
1117 558 54 35 die
1191 555 55 37 für
1266 558 89 34 seine
1367 559 39 32 Be-

257 614 205 49 strebungen
487 614 58 35 das
570 613 216 49 adäquateste
807 611 308 37 Ausdrucksmittel
1134 624 41 22 zu
1195 612 71 34 sein
1285 612 140 34 scheint.

339 671 94 32 Ganz
449 667 180 35 besonders
645 666 93 49 grofs
754 668 42 33 ist
816 666 54 35 die
885 666 86 35 Zahl
986 665 57 35 der
1061 669 129 45 jungen
1205 664 152 42 Talente,
1374 664 53 34 die

259 722 73 34 sich
355 722 38 34 in
414 720 188 35 Dresden
622 720 56 34 der
698 720 245 49 Lithographie
962 719 223 48 zugewendet
1208 718 69 35 hat.
1314 721 114 44 Georg

259 775 130 47 Lührig
414 772 82 36 darf
514 774 74 33 hier
614 773 99 34 wohl
737 772 47 35 als
811 773 58 34 der
893 771 192 37 Pfadfinder
1110 780 149 41 genannt
1279 770 148 37 werden.

259 831 42 32 Er
320 828 58 35 hat
397 828 151 33 mehrere
567 824 347 37 Waldlandschaften
934 824 65 36 auf
1014 826 92 34 Stein
1125 824 211 49 gezeichnet,
1364 824 64 40 die,

260 894 64 22 nur
348 881 36 34 in
410 879 129 35 kleiner
558 878 133 35 Anzahl
716 878 184 48 gedruckt,
930 892 42 21 zu
996 880 112 33 seinen
1136 878 210 35 reizvollsten
1364 880 43 32 Ar-

259 935 113 34 beiten
391 933 161 48 gehören.
597 934 76 31 Den
692 931 174 48 gröfseren
884 932 148 35 Blättern
1052 932 63 34 mit
1134 933 120 33 Riesen
1275 930 70 35 und
1364 933 45 32 Ur-

261 988 193 38 menschen,
475 985 54 34 die
549 985 72 34 sich
640 986 49 33 im
710 988 102 31 Grase
834 985 133 34 dehnen
988 985 81 34 oder
1089 986 111 33 Steine
1220 984 210 40 schleudern,

259 1039 127 42 haftet,
416 1040 69 34 wie
510 1038 88 35 auch
623 1037 78 35 dem
722 1037 230 36 Gedenkblatt
978 1037 56 35 für
1059 1037 128 35 Robert
1212 1038 84 34 Diez
1325 1046 105 26 etwas

263 1096 192 37 Schweres,
475 1092 155 47 Erdiges,
649 1091 217 48 Ungelenkes
887 1105 53 20 an.
979 1094 84 31 Man
1085 1092 146 33 erinnert
1251 1091 88 40 sich,
1369 1091 63 33 mit

261 1147 151 35 welcher
421 1145 214 48 unsagbaren
644 1145 132 34 Frische
790 1144 73 35 und
878 1145 64 34 mit
952 1143 149 36 welcher
1112 1144 91 34 Fülle
1214 1157 71 22 von
1294 1146 139 32 Humor

262 1199 154 50 zugleich
432 1198 145 36 Böcklin
593 1198 89 34 seine
697 1200 273 32 See-Centauren
986 1197 72 35 und
1073 1198 116 34 Nixen
1208 1211 41 21 zu
1268 1197 163 48 gestalten

263 1253 118 41 weifs,
412 1253 68 35 wie
501 1265 33 20 er
554 1265 62 20 uns
636 1251 175 47 zwingt,
843 1264 44 21 an
910 1251 46 34 sie
981 1263 41 21 zu
1051 1250 164 48 glauben,
1244 1259 87 25 trotz
1352 1249 81 35 aller

261 1303 369 43 Naturwissenschaft,
651 1304 55 34 die
725 1317 63 21 uns
807 1304 63 34 ins
890 1306 88 32 Herz
997 1303 112 49 gelegt
1128 1305 53 33 ist.
1220 1306 79 32 Von
1318 1301 116 37 tiefem

263 1357 328 50 Stimmungsgehalt
612 1356 117 36 erfüllt
747 1357 76 35 sind
842 1357 153 47 dagegen
1014 1357 54 34 die
1088 1356 194 35 köstlichen
1296 1355 137 35 kleinen

263 1414 124 35 Blätter
398 1412 161 47 Lührigs:
576 1411 148 35 Föhren-
734 1410 71 34 und
820 1409 205 41 Laubwald,
1041 1409 54 35 bei
1110 1410 106 34 denen
1235 1409 56 35 der
1306 1412 107 32 Künst-

264 1467 46 34 ler
325 1465 82 36 Luft
423 1466 71 34 und
509 1463 159 36 Wolken
688 1465 63 33 mit
771 1463 340 35 aufserordentlicher
1125 1463 150 34 Feinheit
1290 1462 125 36 wieder-

264 1519 148 49 zugeben
432 1518 198 35 verstanden
650 1518 69 34 hat.

344 1574 63 33 Ein
433 1571 124 36 starkes
577 1570 121 35 Talent
724 1571 41 33 ist
785 1570 90 34 auch
894 1571 86 32 Otto
1000 1568 148 41 Fischer,
1174 1569 116 34 dessen
1308 1567 104 42 „Mäd-

267 1628 86 34 chen
378 1626 48 34 im
445 1625 154 35 Walde“
619 1624 72 34 und
718 1621 282 37 Parklandschaft
1020 1622 109 34 neben
1148 1622 143 47 Lührigs
1310 1620 102 36 Wald-

265 1680 132 35 bildern
421 1679 49 34 bis
494 1682 78 44 jetzt
598 1677 65 35 den
689 1675 217 50 Höhepunkt
932 1675 56 35 der
1007 1675 167 34 Dresdner
1193 1675 245 47 Lithographie

266 1733 177 36 bedeuten.
478 1732 131 34 Fischer
628 1732 42 32 ist
689 1731 73 33 eine
783 1727 155 42 sanftere,
959 1728 278 49 empfindsamere
1256 1730 114 32 Natur
1391 1727 45 34 als

268 1787 144 47 Lührig.
438 1788 42 32 Er
499 1785 81 48 geht
600 1784 57 34 der
667 1785 144 38 Anmut,
831 1795 61 22 wo
908 1783 46 33 sie
969 1782 73 34 ihm
1056 1781 57 35 das
1129 1780 111 35 Leben
1256 1790 162 38 entgegen-

267 1840 114 42 führt,
412 1839 96 35 nicht
536 1838 163 48 geradezu
726 1850 58 21 aus
812 1835 78 35 dem
908 1837 115 46 Wege
1041 1835 72 34 und
1134 1833 153 35 insofern
1306 1847 80 33 mag
1406 1846 33 21 er

267 1893 187 35 Manchem
473 1891 95 35 nicht
588 1890 143 35 modern
750 1903 114 35 genug
884 1889 205 34 erscheinen.
1128 1890 67 32 Das
1215 1888 42 33 ist
1278 1886 75 35 aber
1372 1899 65 21 nur

269 1948 54 34 ein
350 1946 114 35 Fehler
553 1943 131 37 wenn’s
713 1943 190 47 überhaupt
929 1943 54 33 ein
1007 1940 113 35 Fehler
1146 1941 42 33 ist
1278 1954 37 20 so
1342 1937 98 50 lange

268 2001 88 34 seine
367 1999 161 35 Arbeiten
544 1997 163 35 aktuelles
722 1999 158 32 Interesse
894 1995 122 35 bieten.
1038 1996 71 32 Aus
1125 1994 134 34 zeitlich
1274 1992 166 49 gröfserer

268 2052 215 48 Entfernung
503 2051 196 39 betrachtet,
719 2049 90 36 wird
830 2062 78 22 man
929 2049 36 33 in
983 2047 106 35 ihnen
1108 2047 57 34 das
1186 2045 199 49 Feingefühl
1406 2047 35 32 in

271 2107 57 34 der
347 2106 201 46 Zeichnung
575 2104 74 34 und
677 2104 54 34 die
755 2103 115 35 Poesie
899 2103 36 34 in
963 2101 57 34 der
1040 2098 214 49 Auffassung
1282 2100 160 46 richtiger

271 2159 181 36 erkennen.
486 2158 129 34 Fischer
633 2158 61 34 hat
713 2156 158 48 übrigens
892 2154 88 36 auch
1000 2155 55 33 ein
1075 2154 49 34 im
1142 2153 122 34 letzten
1282 2150 85 37 Heft
1387 2152 55 34 des

272 2217 68 31 Pan
360 2212 211 49 publiciertes
591 2209 119 36 Plakat
733 2208 56 36 für
808 2209 55 34 die
882 2208 78 35 Alte
980 2207 95 35 Stadt
1105 2205 64 36 auf
1192 2206 58 35 der
1277 2205 167 34 Dresdner

271 2263 379 48 Gewerbeausstellung
668 2277 71 22 von
762 2263 93 45 1896
885 2260 66 36 auf
965 2261 92 35 Stein
1076 2259 205 49 gezeichnet,
1303 2259 56 34 das
1378 2271 45 21 un-

271 2320 128 48 streitig
419 2319 64 35 den
503 2317 273 48 vorzüglichsten
795 2316 186 34 deutschen
999 2312 161 36 Plakaten
1252 2312 72 35 und
1344 2311 102 34 deren

272 2373 91 48 giebt
383 2386 31 22 es
433 2371 135 36 freilich
586 2384 66 22 nur
671 2371 136 47 wenige
897 2366 190 50 beigezählt
1105 2366 139 35 werden
1264 2364 100 36 mufs.

354 2427 66 33 Die
444 2424 246 36 künstlerische
715 2422 152 41 Affiche,
892 2430 107 27 zuerst
1025 2434 64 21 nur
1115 2421 37 33 in
1171 2419 177 34 München
1371 2417 57 35 hei-

274 2481 121 40 misch,
414 2493 61 21 wo
496 2478 111 46 Gysis,
625 2477 152 40 Greiner,
798 2475 105 35 Stuck
923 2474 72 35 und
1014 2488 32 22 v.
1063 2472 198 36 Zumbusch
1280 2472 73 34 eine
1372 2473 50 32 An-

273 2533 75 35 zahl
367 2531 264 49 mustergiltiger
646 2529 163 36 Arbeiten
828 2527 151 50 geliefert
997 2527 124 40 haben,
1141 2527 42 33 ist
1205 2525 190 48 überhaupt
1411 2524 36 34 in

273 2586 152 35 Dresden
451 2586 109 34 durch
584 2583 54 35 die
657 2580 351 51 Leistungsfähigkeit
1035 2580 58 35 der
1119 2577 233 36 Kunstanstalt
1377 2590 70 21 von

274 2639 173 35 Wilhelm
470 2636 195 37 Hoffmann
689 2638 35 33 in
750 2645 97 25 steter
871 2632 249 49 Entwicklung
1144 2629 174 51 begriffen.
1363 2631 85 33 Hier

275 2693 244 35 verschmähen
538 2704 32 21 es
591 2690 54 35 die
665 2689 158 35 Künstler
841 2689 108 38 nicht,
973 2688 71 34 ihre
1064 2683 178 37 Entwürfe
1262 2684 100 35 selbst
1382 2681 67 37 auf

277 2747 66 34 den
362 2746 93 34 Stein
483 2758 41 21 zu
544 2743 218 47 übertragen,
792 2742 73 35 und
890 2741 108 35 neben
1018 2739 129 36 Fischer
1165 2737 112 36 haben
1296 2737 71 34 sich
1386 2737 40 34 be-

277 2799 137 35 sonders
434 2796 151 37 Richard
604 2796 128 36 Müller
751 2795 72 35 und
842 2797 96 32 Hans
956 2796 118 45 länger
1092 2790 260 49 hervorgethan.
1379 2792 65 32 Des

277 2856 176 32 Letzteren
471 2849 119 37 Plakat
617 2848 56 36 für
699 2849 54 35 die
772 2847 249 48 Estey-Orgeln
1048 2847 43 33 ist
1120 2846 74 33 eine
1213 2857 85 35 ganz
1318 2843 110 35 aufser-

279 2905 211 35 ordentliche
504 2904 163 47 Leistung
681 2903 34 33 in
726 2903 158 34 Schwarz
899 2901 72 34 und
981 2898 125 42 Weifs,
1121 2897 123 34 höchst
1259 2897 185 48 eigenartig

278 2959 71 35 und
383 2966 89 26 ernst
504 2958 37 33 in
574 2957 56 34 der
649 2953 214 49 Auffassung
895 2954 56 35 der
978 2953 150 34 schönen
1155 2950 289 47 durchgeistigten

280 3011 275 49 Orgelspielerin,
576 3010 55 34 bei
650 3009 57 35 der
727 3009 54 34 die
800 3006 241 36 musikalische
1056 3003 231 50 Empfindung
1302 3004 36 33 in
1348 3001 96 36 Blick

279 3067 71 34 und
370 3065 157 47 Haltung
546 3063 73 36 voll
637 3076 80 21 zum
735 3060 181 37 Ausdruck
934 3060 148 48 gelangt.
1199 3058 65 33 Die
1282 3055 161 36 ebenfalls

280 3119 54 35 bei
348 3116 195 38 Hoffmann
553 3115 212 50 gedruckten
776 3111 309 50 Vierteljahrshefte
1098 3110 55 36 des
1162 3111 137 34 Vereins
1311 3109 114 35 bilden-

1536 557 56 36 der
1626 555 160 36 Künstler
1815 554 165 36 Dresdens
2011 552 172 36 enthalten
2211 552 94 34 noch
2333 550 131 35 Proben
2493 563 69 22 von
2589 553 116 43 Georg

1535 609 297 40 Müller-Breslau,
1851 607 129 36 Robert
1991 607 95 42 Sterl,
2107 605 83 37 Paul
2205 609 118 38 Baum,
2345 603 80 36 Carl
2440 606 147 39 Bantzer,
2608 605 98 32 Ernst

1535 663 173 41 Walther,
1729 662 78 35 Carl
1828 661 124 41 Mediz,
1972 661 150 35 Richard
2136 659 128 35 Müller
2279 658 70 35 und
2364 660 83 32 Max
2462 657 108 35 Giese.
2597 658 109 32 Unter

1536 718 106 35 ihnen
1660 718 42 33 ist
1722 715 211 36 namentlich
1954 714 79 35 Carl
2048 713 114 36 Mediz
2182 713 55 35 ein
2256 712 164 36 Zeichner
2439 718 179 40 strengster
2632 709 49 35 Ob-

1536 784 144 22 servanz.
1708 770 69 34 Mit
1796 768 257 36 unerbittlicher
2068 770 137 45 Strenge
2224 765 91 49 folgt
2331 778 33 22 er
2380 764 76 35 dem
2469 762 146 42 Modell,
2634 761 72 36 und

1537 824 81 35 kein
1636 823 160 36 Fältchen
1816 822 138 48 entgeht
1974 821 127 35 seinem
2116 818 209 37 Adlerblick.
2354 821 41 32 Er
2413 817 61 35 hat
2494 817 89 35 auch
2599 816 107 48 einige

1538 875 249 37 Landschaften
1813 875 280 48 lithographiert,
2122 874 93 34 doch
2243 873 81 47 liegt
2352 873 90 33 seine
2462 870 127 49 gröbste
2609 868 98 36 Kraft

1538 929 153 37 offenbar
1711 931 49 33 im
1779 931 148 37 Porträt,
1948 928 69 35 wie
2039 927 56 35 das
2115 926 218 48 vorzügliche
2353 925 126 35 Bildnis
2499 925 107 33 seiner
2625 925 82 33 Frau

1538 984 72 35 und
1636 983 57 35 das
1725 982 77 34 dem
1830 981 143 48 vorigen
1995 979 85 35 Heft
2106 980 56 34 des
2189 982 69 32 Pan
2282 978 223 48 beigegebene
2532 976 54 35 des
2615 976 76 35 Bild-

1538 1038 119 34 hauers
1682 1035 129 36 Robert
1837 1035 81 33 Diez
1938 1033 177 48 bezeugen.
2156 1036 63 31 Des
2241 1033 172 34 Künstlers
2435 1031 131 40 Gattin,
2586 1030 123 35 Emilie

1538 1087 286 41 Mediz-Pelikan,
1841 1088 121 48 gehört
1978 1085 188 49 gleichfalls
2182 1086 57 34 der
2253 1085 167 35 Dresdner
2434 1084 254 48 Lithographen-

1539 1143 116 36 schule
1681 1155 55 23 an.
1787 1141 100 35 Auch
1916 1141 121 33 Sascha
2062 1139 180 35 Schneider
2266 1139 60 35 hat
2351 1152 32 20 es
2409 1138 63 35 mit
2499 1138 77 34 dem
2602 1136 90 35 litho-

1541 1196 223 49 graphischen
1783 1194 93 34 Stein
1894 1194 173 39 versucht,
2092 1205 104 23 wenn
2223 1205 33 21 er
2281 1192 87 34 auch
2387 1190 108 36 bisher
2515 1191 95 34 nicht
2630 1190 81 34 über

1541 1250 111 48 einige
1666 1245 328 51 vielversprechende
2009 1246 169 34 Versuche
2193 1244 329 48 hinausgekommen
2538 1244 52 34 ist.
2629 1243 82 34 Eine

1542 1303 147 48 gröfsere
1723 1299 133 37 Anzahl
1888 1313 71 21 von
1991 1298 245 35 Steindrucken
2268 1298 60 34 hat
2362 1297 136 35 endlich
2530 1297 180 34 Marianne

1541 1355 127 36 Fiedler
1691 1352 168 51 gefertigt.
1904 1353 52 33 Sie
1982 1353 42 33 ist
2050 1353 53 33 ein
2131 1352 117 47 wenig
2275 1364 70 22 von
2369 1351 136 34 Thoma
2530 1350 181 49 inspiriert,

1543 1409 178 35 besonders
1754 1408 36 33 in
1823 1407 77 34 dem
1930 1404 257 50 Doppelbildnis
2217 1406 122 33 zweier
2371 1407 127 44 jungen
2526 1403 184 39 Mädchen,

1542 1463 86 46 zeigt
1649 1461 77 35 aber
1740 1461 34 33 in
1795 1459 75 35 dem
1886 1457 97 50 Kopf
1998 1459 90 34 einer
2106 1458 217 41 Bacchantin,
2345 1456 85 35 ihrer
2449 1457 113 34 besten
2582 1455 130 40 Arbeit,

1545 1514 71 36 dafs
1636 1515 46 33 sie
1707 1515 74 33 eine
1800 1511 91 36 stark
1911 1510 212 50 persönliche
2143 1509 315 48 Naturauffassung
2477 1510 70 34 hat.

1623 1571 69 31 Der
1718 1567 122 35 Verein
1873 1563 56 36 für
1964 1564 341 48 Originalradierung
2335 1564 36 33 in
2397 1562 224 35 Karlsruhe
2653 1562 59 34 hat

1544 1621 161 48 unlängst
1720 1621 55 33 ein
1791 1617 84 37 Heft
1891 1619 63 34 mit
1973 1631 92 21 neun
2081 1618 267 48 Lithographien
2366 1615 221 48 ausgegeben,
2604 1614 109 35 denen

1545 1675 55 34 ein
1625 1673 160 49 gewisser
1808 1672 86 34 breit
1920 1670 214 35 dekorativer
2154 1672 75 46 Zug
2248 1670 205 48 gemeinsam
2473 1670 52 33 ist.
2565 1669 53 34 Sie
2637 1667 77 35 sind

1546 1729 35 33 in
1607 1727 174 35 mehreren
1800 1724 124 36 Farben
1948 1723 166 49 gedruckt
2139 1724 88 40 und,
2260 1724 67 33 wie
2348 1736 31 20 es
2399 1722 54 34 bei
2472 1721 138 35 solchen
2630 1724 63 31 Ver-

1546 1778 336 51 einspublikationen
1910 1778 97 34 meist
2037 1777 56 34 der
2112 1776 69 35 Fall
2208 1778 59 40 ist,
2297 1774 297 49 ungleichwertig.
2632 1774 82 34 Sehr

1546 1831 279 49 stimmungsvoll
1868 1832 167 33 berühren
2079 1833 106 31 Daurs
2230 1829 279 47 „Todtengarten
2512 1834 23 15 cc
2536 1857 9 13 ,
2595 1827 118 34 Carlos

1548 1888 141 34 Grethes
1734 1883 219 43 „Einfahrt“,
1997 1882 170 36 Gattikers
2204 1883 164 40 „Ruine“
2411 1880 70 36 und
2522 1881 191 48 Langbeins

1547 1940 170 41 „Wald“.
1738 1941 234 46 Kampmanns
1988 1936 247 41 „Abendröte“
2250 1935 72 35 und
2337 1938 33 31 E.
2387 1938 41 31 R.
2439 1933 121 36 Weifs’
2573 1934 141 42 „Bach“

1548 1992 134 36 wirken
1711 1992 93 34 mehr
1833 1990 107 35 durch
1969 1990 55 34 die
2053 1988 294 49 geschmackvolle
2365 1987 110 36 Wahl
2502 1987 59 34 der
2579 1987 135 35 Farben.

1549 2047 100 34 Auch
1670 2044 89 37 Graf
1773 2042 210 37 Kalckreuth
2009 2044 59 33 hat
2094 2044 74 33 eine
2187 2042 159 47 wuchtig
2365 2041 212 48 gezeichnete
2596 2040 100 41 „Feld-

1550 2099 201 35 arbeiterin“
1780 2096 229 49 beigesteuert.
2048 2096 91 35 Alles
2169 2096 37 33 in
2232 2095 111 35 Allem
2373 2107 205 36 genommen
2607 2093 110 48 gehen

1551 2153 53 34 die
1632 2152 124 35 Blätter
1784 2152 36 33 in
1849 2150 57 35 der
1925 2149 356 48 Verallgemeinerung
2307 2148 57 35 der
2392 2150 98 32 Form
2509 2148 129 40 weiter,
2669 2146 46 35 als

1551 2219 81 21 man
1651 2218 31 21 es
1710 2204 111 34 bisher
1840 2204 167 47 gewohnt
2027 2216 92 26 war,
2147 2215 78 21 zum
2244 2201 73 35 Teil
2341 2214 100 35 sogar
2460 2201 130 40 weiter,
2618 2199 46 36 als
2685 2213 31 21 es

1551 2258 224 35 künstlerisch
1790 2257 186 47 berechtigt
1990 2256 139 35 scheint.
2157 2256 64 33 Die
2230 2253 327 37 weifsumrandeten
2571 2253 146 35 Hühner

1551 2325 70 22 von
1649 2308 136 44 Wulff,
1814 2310 37 34 in
1878 2310 92 34 sechs
1998 2308 124 35 Farben
2150 2309 63 33 mit
2241 2307 92 36 Gold
2362 2305 182 50 gedruckt,
2576 2306 142 35 können

1552 2364 181 36 höchstens
1753 2364 47 34 als
1820 2362 257 40 Atelierscherz,
2103 2362 96 34 nicht
2223 2361 77 34 aber
2325 2361 47 34 als
2399 2358 182 37 ernsthafte
2600 2360 118 35 Arbeit

1554 2416 185 49 aufgefafst
1758 2416 149 36 werden.

1632 2474 38 31 In
1691 2469 217 48 Hamburg
1929 2470 58 35 hat
2014 2471 36 32 E.
2067 2469 113 34 Eitner
2200 2467 149 35 mehrere
2369 2467 74 34 sehr
2463 2464 133 49 duftige
2607 2465 88 34 Land-

1553 2522 256 37 schaftsmotive
1829 2522 280 48 lithographiert,
2138 2534 69 21 von
2227 2520 109 35 denen
2352 2520 126 48 jedoch
2496 2532 64 21 nur
2580 2528 90 25 etwa
2687 2521 31 44 je

1553 2578 93 33 sechs
1666 2576 140 48 Abzüge
1825 2576 157 47 gemacht
2001 2575 158 35 wurden.
2188 2576 79 32 Von
2291 2572 129 49 grofser
2440 2573 128 34 Frische
2588 2573 42 33 ist
2649 2571 71 35 sein

1555 2630 127 35 Bildnis
1703 2630 90 33 einer
1813 2632 118 38 Dame,
1952 2627 57 35 das
2030 2629 56 33 ein
2104 2628 118 47 wenig
2241 2640 42 21 an
2303 2627 142 47 gewisse
2465 2624 254 40 Skandinavier,

1555 2682 178 35 besonders
1762 2695 44 21 an
1835 2682 169 34 Christian
2037 2681 134 47 Krohgs
2204 2682 62 33 Art
2298 2680 153 34 erinnert.
2498 2678 123 35 Neben
2647 2677 74 35 ihm

1553 2740 117 31 wären
1690 2735 92 34 noch
1802 2734 87 35 Illies
1911 2733 71 35 und
2001 2733 155 35 Vollmer
2174 2747 39 21 zu
2234 2745 144 22 nennen.

1633 2792 45 31 So
1698 2788 108 34 keimt
1826 2787 71 35 und
1917 2787 124 49 sprofst
2057 2801 31 21 es
2105 2786 180 35 allerorten
2299 2794 97 26 unter
2411 2785 58 35 der
2483 2783 238 37 winterlichen

1552 2841 115 36 Decke
1683 2855 70 21 von
1773 2840 134 35 dürrem
1917 2843 124 31 Moose
2057 2839 72 35 und
2139 2838 138 37 welken
2289 2839 157 40 Blättern,
2467 2837 54 35 die
2536 2838 56 34 der
2608 2840 113 31 Sturm

1553 2895 56 35 der
1628 2896 73 34 Zeit
1725 2907 70 22 von
1821 2894 65 34 den
1905 2895 124 33 Aesten
2054 2892 166 36 alternder
2239 2895 124 32 Bäume
2388 2891 243 48 herabgeweht
2650 2891 69 33 hat.

1550 2948 82 35 Und
1657 2947 75 36 sind
1759 2960 31 21 es
1818 2947 89 35 auch
1933 2959 65 21 nur
2018 2947 53 35 die
2091 2955 105 26 ersten
2216 2943 181 50 zaghaften
2417 2947 108 32 Boten
2545 2943 55 35 des
2620 2942 76 35 kom-

1551 3001 145 35 menden
1715 3004 134 36 Lenzes,
1870 3013 37 21 so
1925 2999 140 36 künden
2084 3001 46 33 sie
2146 2999 91 35 doch
2251 2999 66 34 den
2332 2997 161 49 Frühling
2506 2998 90 34 einer
2610 3010 111 21 neuen

1548 3052 277 51 jugendstarken,
1846 3053 186 35 deutschen
2050 3056 121 32 Kunst.

2445 3106 84 32 Max
2547 3106 108 31 Lehrs
