2446 4275
772 346 270 43 BULLETIN
1076 338 268 52 FRANÇAIS
1381 336 72 35 DE
1487 333 69 37 LA
1595 330 41 36 S.
1675 329 33 34 I.
1748 330 54 35 M.

235 368 102 49 300

244 515 169 62 tique
458 504 317 68 musicale;
823 497 168 70 ainsi,
1039 493 142 56 MM.
1230 484 249 60 Novello
1526 475 389 74 entreprirent
1961 492 74 37 en
2082 475 136 73 1883
2258 483 50 59 la

245 588 369 71 publication
643 587 74 55 de
743 583 60 55 la
832 574 263 61 Musical
1124 569 238 67 Review,
1395 565 146 56 dont
1571 562 259 68 l'apport
1862 555 90 54 fut
1984 555 324 66 substantiel

247 672 150 60 mais
425 668 356 64 l'existence,
813 653 588 63 malheureusement,
1432 644 198 55 brève.
1664 639 93 55 En
1791 634 182 98 1893,1
2003 634 31 98 e
2064 634 214 98 composi-

244 761 136 51 teur
405 746 298 61 Granville
727 738 275 60 Bantock
1026 732 183 58 fonda
1233 729 60 56 la
1317 728 141 56 New

247 837 38 55 à
329 829 249 72 laquelle
624 827 84 56 les
755 819 291 59 meilleurs
1104 810 279 72 critiques
1444 800 445 64 collaborèrent,
1937 799 60 51 et
2059 795 98 70 qui
2210 803 102 68 prit

247 912 287 61 d'emblée
559 906 258 73 position
844 915 227 43 comme
1099 910 216 55 organe
1344 889 71 56 de
1442 887 58 54 la
1527 885 174 71 jeune
1728 878 156 57 école
1913 876 265 70 anglaise.
2205 882 107 61 Elle

247 1000 178 64 parut
466 984 548 63 trimestuellement
1057 974 273 75 jusqu'en
1374 965 164 75 1896.
1584 960 326 74 Ephemère
1955 973 152 37 aussi
2147 958 83 57 fut
2266 965 47 58 la

247 1070 409 69 remarquable
757 1078 179 42 revue
978 1058 116 56 The
1147 1050 324 68 Musicicin,
1523 1042 234 76 publiée
1860 1056 73 36 en
2037 1053 138 56 197
2222 1061 90 52 par

249 1156 126 56 MM
437 1151 198 58 Robin
675 1150 190 68 Legge
905 1146 61 53 et
1007 1136 199 59 Robin
1247 1134 155 68 Grey
1430 1150 12 34 :
1485 1125 150 58 mais
1678 1124 218 55 durant
1937 1133 90 39 ses
2067 1134 86 37 six
2191 1124 123 59 mois

248 1235 378 64 d'existence,
663 1227 108 58 elle
806 1222 205 76 publia
1075 1236 75 38 en
1192 1208 329 77 vingt-huit
1557 1204 277 57 numéros
1870 1199 103 56 des
2008 1198 219 57 articles
2258 1205 56 58 de

251 1316 251 75 premier
552 1311 171 56 ordre
774 1304 104 75 qui
927 1302 200 56 furent
1198 1292 197 59 réunis
1458 1308 75 38 en
1599 1284 239 59 volume
1888 1296 138 40 sous
2088 1280 51 55 le
2200 1287 116 56 titre

267 1397 229 59 Studies
784 1395 66 54 in
840 1388 168 60 Music
1009 1384 166 74 (l9o3).
1922 1443 14 16 ,

247 1478 84 63 Ml
369 1477 52 55 II
460 1481 89 52 est
591 1475 35 53 à
665 1467 302 61 souhaiter
1005 1462 221 74 qu'une
1265 1454 297 57 meilleure
1602 1448 240 56 fortune
1881 1458 361 53 recompense
2272 1447 46 57 la

252 1557 320 69 prochaine
612 1548 298 60 tentative
952 1546 72 54 de
1066 1541 209 56 fonder
1315 1553 117 40 une
1475 1529 221 76 grande
1738 1541 180 42 revue
1961 1523 266 56 musicale
2262 1545 56 40 en

256 1638 360 73 Angleterre,
652 1633 80 55 où
766 1626 426 61 certainement
1226 1618 43 56 il
1303 1633 41 58 y
1380 1635 36 37 a
1451 1613 167 75 place
1654 1625 150 58 pour
1837 1622 118 39 une
1989 1603 332 72 publication

256 1721 77 60 de
383 1739 66 37 ce
501 1734 191 57 genre.
1527 1776 16 20 ,
1612 1773 15 6 .
1711 1771 17 20 ,
1931 1767 16 11 ,
2040 1769 8 14 ,
2158 1771 8 12 ,
2211 1765 14 20 ,

455 1800 254 71 importe
742 1793 72 56 de
849 1788 123 60 dire
1004 1785 283 73 quelques
1319 1783 157 51 mots
1509 1776 72 56 de
1612 1772 61 56 la
1705 1772 176 67 façon
1914 1772 146 49 dont
2092 1772 85 48 est
2206 1772 116 53 laite

258 1885 61 54 la
364 1880 250 72 critique
659 1871 280 61 musicale
986 1868 148 56 dans
1179 1863 85 57 les
1311 1858 216 76 grands
1574 1849 339 78 quotidiens
1961 1847 73 56 de
2079 1847 242 58 Londres.

258 1964 159 58 Cest
461 1962 174 56 chose
679 1955 387 72 surprenante
1109 1961 151 58 pour
1303 1939 336 75 quiconque
1683 1938 90 51 est
1820 1928 346 58 accoutumé
2208 1929 29 54 à
2274 1947 48 39 ce

259 2045 107 67 qui
403 2061 62 38 se
512 2058 172 54 passe
724 2039 36 53 à
799 2032 182 59 Paris.
1024 2031 55 55 A
1146 2025 281 66 Londres,
1468 2019 59 55 la
1559 2014 250 73 critique
1843 2007 276 59 musicale
2169 2009 154 57 même

263 2126 150 59 dans
460 2143 84 38 un
595 2117 326 76 quotidien,
973 2133 36 35 a
1058 2126 150 57 pour
1259 2105 166 71 objet
1479 2102 72 55 de
1601 2110 332 57 renseigner
1983 2091 82 55 les
2112 2089 212 59 lecteurs

262 2224 104 41 sur
386 2210 135 51 tout
554 2221 66 37 ce
652 2199 103 73 qui
785 2215 62 39 se
878 2211 173 57 passe
1082 2210 75 37 en
1190 2188 112 55 fait
1326 2187 73 56 de
1433 2181 288 71 musique.
1748 2176 99 56 Un
1868 2172 235 74 journal
2133 2188 191 41 comme

262 2287 57 58 le
465 2285 183 71 Daily
906 2277 53 76 Telegraph
960 2294 58 37 a
1019 2271 263 75 plusieurs
1317 2263 282 73 critiques
1634 2257 102 75 qui
1771 2258 275 55 exercent
2068 2251 143 56 leurs
2225 2270 76 53 pro-

266 2367 218 60 fession
521 2359 629 62 consciencieusement
1188 2356 61 52 et
1287 2352 151 52 vont
1479 2361 118 39 aux
1635 2343 269 54 concerts
1945 2336 146 56 dont
2128 2332 67 56 ils
2228 2351 74 38 ren-

267 2449 145 58 dent
437 2449 255 68 compte.
722 2441 95 57 On
841 2442 146 70 peut
1014 2434 171 68 donc,
1213 2450 75 37 en
1312 2428 181 56 lisant
1517 2442 85 38 un
1628 2418 314 76 quotidien
1969 2414 71 58 de
2055 2420 92 49 cet
2172 2414 154 70 ordre,

268 2529 168 58 avoir
471 2547 86 36 un
595 2540 216 57 aperçu
847 2522 174 55 exact
1063 2516 82 56 du
1184 2512 382 56 mouvement
1607 2500 248 58 musical
1893 2516 73 38 en
2008 2494 318 73 Angleterre.

272 2610 57 57 Y
358 2609 158 57 a-t-il
543 2627 75 38 en
647 2605 223 55 France
897 2619 85 38 un
1010 2596 124 58 seul
1164 2592 189 75 grand
1381 2586 307 77 quotidien
1717 2583 149 56 dont
1895 2597 80 37 on
2003 2576 188 75 puisse
2218 2574 109 56 faire

270 2693 57 57 le
369 2691 190 56 même
598 2686 164 73 éloge
789 2691 23 50 ?
2092 2745 8 14 ,

266 2785 10 43 f
303 2771 63 60 fi
384 2770 491 65 Naturellement,
889 2781 80 39 on
995 2779 75 38 ne
1095 2774 173 41 verra
1293 2752 214 76 jamais
1529 2751 61 55 là
1614 2750 110 54 bas
1750 2764 66 38 ce
1843 2760 104 57 qui
1969 2747 142 68 peut
2135 2756 57 38 se
2215 2755 115 52 voir,

310 2870 161 40 assez
472 2854 270 63 souvent,
779 2848 150 55 dans
958 2856 251 60 presque
1242 2842 139 50 tous
1411 2850 110 39 nos
1555 2826 340 77 quotidiens
1908 2823 85 56 les
2025 2821 128 72 plus
2167 2834 165 58 graves

272 2939 66 55 et
371 2935 85 56 les
489 2934 135 72 plus
661 2926 288 60 autorisés
974 2944 13 36 :
1023 2942 85 38 un
1142 2919 250 72 critique
1429 2911 246 60 musical
1712 2905 383 61 démolissant
2128 2902 204 53 l'œuvre

277 3015 208 59 inédite
517 3015 144 56 d'un
689 3011 174 73 jeune
892 3002 397 75 compositeur
1317 2994 276 75 français,
1627 2992 154 56 alors
1811 3006 116 56 que
1955 2985 145 57 ledit
2129 2987 206 65 critique

275 3095 152 59 était
466 3094 398 57 notoirement
902 3103 103 40 sur
1042 3085 61 55 la
1142 3082 144 56 Côte
1327 3077 220 59 d'Azur
1585 3075 55 54 le
1679 3070 126 58 seul
1846 3070 134 71 jour
2017 3066 79 56 où
2131 3063 110 55 lon
2275 3063 60 52 ait

280 3178 138 66 foué
459 3182 157 52 cette
661 3189 202 40 oeuvre
906 3170 38 55 à
985 3165 166 58 Paris
1176 3184 14 50 ;
1232 3180 85 38 un
1360 3164 169 52 autre
1585 3152 256 60 rendant
1884 3152 236 68 compte
2173 3157 135 59 grave-

281 3264 168 53 ment
499 3258 295 57 d'œuvres
840 3268 123 39 non
1009 3245 310 60 exécutées
1366 3259 80 39 ou
1495 3236 300 61 d'artistes
1843 3232 104 74 qui
1994 3249 41 35 n
2056 3232 103 52 ont
2203 3226 132 71 point

282 3340 139 57 ioué
458 3342 101 69 (1).
595 3335 150 57 Mais
775 3331 211 59 inutile
1019 3326 295 60 d'insister
1345 3340 101 40 sur
1475 3339 68 38 ce
1574 3316 192 76 point.

403 3420 77 59 Ce
525 3418 232 58 résumé
802 3415 122 56 très
968 3408 324 73 incomplet
1336 3406 232 71 permet
1613 3394 355 61 néanmoins
2015 3391 321 71 d'apprécier

287 3500 153 59 dans
475 3498 254 76 quelque
762 3510 231 41 mesure
1026 3490 61 56 la
1118 3485 292 61 situation
1443 3477 252 61 actuelle
1730 3477 104 59 des
1870 3470 404 76 compositeurs
2299 3465 41 53 et

414 3686 38 49 (1
462 3685 14 49 )
497 3682 59 42 Le
578 3682 201 41 Mercure
802 3674 202 45 Musical
1024 3678 37 38 et
1084 3673 47 43 S.
1155 3672 40 43 I.
1219 3671 69 40 M.
1311 3683 28 28 a
1360 3668 171 53 signalé
1553 3667 56 40 de
1630 3676 75 30 ces
1725 3674 77 30 cas
1823 3673 57 29 en
1899 3664 152 48 temps
2072 3655 117 42 utile.
