<?xml version="1.0" encoding="UTF-8"?>
<alto xmlns:xsi="http://www.w3.org/2001/XMLSchema-instance" xmlns="http://www.loc.gov/standards/alto/ns-v2#" xsi:schemaLocation="http://www.loc.gov/standards/alto/ns-v2# http://www.loc.gov/standards/alto/alto-v2.0.xsd" xmlns:xlink="http://www.w3.org/1999/xlink">
	<Description>
		<MeasurementUnit>mm10</MeasurementUnit>
		<sourceImageInformation>
			<fileName>//fileserver7/IN2/Princeton/Batch3/bmtnabh/1908/03/15_01/00000367.tif</fileName>
		</sourceImageInformation>
		<OCRProcessing ID="OCRPROCESSING_1">
			<preProcessingStep>
				<processingSoftware>
					<softwareCreator>CCS Content Conversion Specialists GmbH, Germany</softwareCreator>
					<softwareName>CCS docWORKS</softwareName>
					<softwareVersion>6.6-1.18</softwareVersion>
				</processingSoftware>
			</preProcessingStep>
			<ocrProcessingStep>
				<processingSoftware>
					<softwareCreator>ABBYY (BIT Software), Russia</softwareCreator>
					<softwareName>FineReader</softwareName>
					<softwareVersion>10.0</softwareVersion>
				</processingSoftware>
			</ocrProcessingStep>
		</OCRProcessing>
	</Description>
	<Styles>
		<TextStyle ID="TXT_0" FONTSIZE="13" FONTFAMILY="Times New Roman" FONTSTYLE="bold"/>
		<TextStyle ID="TXT_1" FONTSIZE="22" FONTFAMILY="Times New Roman"/>
		<TextStyle ID="TXT_2" FONTSIZE="20" FONTFAMILY="Times New Roman" FONTSTYLE="italics"/>
		<TextStyle ID="TXT_3" FONTSIZE="20" FONTFAMILY="Times New Roman" FONTSTYLE="bold"/>
		<TextStyle ID="TXT_4" FONTSIZE="10" FONTFAMILY="Times New Roman" FONTSTYLE="bold italics"/>
		<ParagraphStyle ID="PAR_CENTER" ALIGN="Center"/>
		<ParagraphStyle ID="PAR_RIGHT" ALIGN="Right"/>
		<ParagraphStyle ID="PAR_BLOCK" ALIGN="Block"/>
	</Styles>
	<Layout>
		<Page ID="P93" PHYSICAL_IMG_NR="93" HEIGHT="4275" WIDTH="2446" PC="0.938">
			<TopMargin ID="P93_TM00001" HPOS="0" VPOS="0" WIDTH="2446" HEIGHT="462">
				<TextBlock ID="P93_TB00001" HPOS="1086" VPOS="399" WIDTH="234" HEIGHT="37" STYLEREFS="TXT_0 PAR_CENTER">
					<TextLine ID="P93_TL00001" HPOS="1086" VPOS="399" WIDTH="234" HEIGHT="37">
						<String ID="P93_ST00001" HPOS="1086" VPOS="399" WIDTH="66" HEIGHT="36" CONTENT="LE" WC="0.74" CC="50"/>
						<SP ID="P93_SP00001" HPOS="1152" VPOS="435" WIDTH="39"/>
						<String ID="P93_ST00002" HPOS="1191" VPOS="400" WIDTH="129" HEIGHT="36" CONTENT="MOIS" WC="0.98" CC="0460"/>
					</TextLine>
				</TextBlock>
				<TextBlock ID="P93_TB00002" HPOS="2156" VPOS="411" WIDTH="97" HEIGHT="51" STYLEREFS="TXT_1 PAR_RIGHT">
					<TextLine ID="P93_TL00002" HPOS="2157" VPOS="412" WIDTH="96" HEIGHT="49">
						<String ID="P93_ST00003" HPOS="2157" VPOS="412" WIDTH="96" HEIGHT="49" CONTENT="317" WC="0.32" CC="586"/>
					</TextLine>
				</TextBlock>
			</TopMargin>
			<LeftMargin ID="P93_LM00001" HPOS="0" VPOS="439" WIDTH="135" HEIGHT="3346"/>
			<RightMargin ID="P93_RM00001" HPOS="2254" VPOS="439" WIDTH="192" HEIGHT="3346"/>
			<BottomMargin ID="P93_BM00001" HPOS="0" VPOS="3785" WIDTH="2446" HEIGHT="490"/>
			<PrintSpace ID="P93_PS00001" HPOS="135" VPOS="439" WIDTH="2119" HEIGHT="3346">
				<TextBlock ID="P93_TB00003" HPOS="135" VPOS="537" WIDTH="2119" HEIGHT="3248" STYLEREFS="TXT_1 PAR_BLOCK">
					<TextLine ID="P93_TL00003" HPOS="165" VPOS="538" WIDTH="2089" HEIGHT="95">
						<String ID="P93_ST00004" HPOS="165" VPOS="539" WIDTH="70" HEIGHT="56" CONTENT="de" WC="0.50" CC="27"/>
						<SP ID="P93_SP00002" HPOS="235" VPOS="595" WIDTH="27"/>
						<String ID="P93_ST00005" HPOS="262" VPOS="538" WIDTH="57" HEIGHT="54" CONTENT="la" WC="0.59" CC="07"/>
						<SP ID="P93_SP00003" HPOS="319" VPOS="595" WIDTH="27"/>
						<String ID="P93_ST00006" HPOS="346" VPOS="555" WIDTH="216" HEIGHT="54" CONTENT="pensee" WC="0.47" CC="666046"/>
						<SP ID="P93_SP00004" HPOS="562" VPOS="609" WIDTH="26"/>
						<String ID="P93_ST00007" HPOS="588" VPOS="556" WIDTH="141" HEIGHT="39" CONTENT="sans" WC="0.98" CC="0132"/>
						<SP ID="P93_SP00005" HPOS="729" VPOS="609" WIDTH="28"/>
						<String ID="P93_ST00008" HPOS="757" VPOS="543" WIDTH="145" HEIGHT="70" CONTENT="quoi" WC="0.96" CC="5850"/>
						<SP ID="P93_SP00006" HPOS="902" VPOS="613" WIDTH="25"/>
						<String ID="P93_ST00009" HPOS="927" VPOS="543" WIDTH="55" HEIGHT="57" CONTENT="le" WC="0.53" CC="27"/>
						<SP ID="P93_SP00007" HPOS="982" VPOS="613" WIDTH="42"/>
						<String ID="P93_ST00010" HPOS="1024" VPOS="547" WIDTH="235" HEIGHT="71" CONTENT="caprice" WC="0.99" CC="5020040"/>
						<SP ID="P93_SP00008" HPOS="1259" VPOS="618" WIDTH="28"/>
						<String ID="P93_ST00011" HPOS="1287" VPOS="551" WIDTH="146" HEIGHT="56" CONTENT="d'un" WC="0.97" CC="2076"/>
						<SP ID="P93_SP00009" HPOS="1433" VPOS="618" WIDTH="28"/>
						<String ID="P93_ST00012" HPOS="1461" VPOS="553" WIDTH="194" HEIGHT="58" CONTENT="talent" WC="0.98" CC="043640"/>
						<SP ID="P93_SP00010" HPOS="1655" VPOS="618" WIDTH="28"/>
						<String ID="P93_ST00013" HPOS="1683" VPOS="555" WIDTH="338" HEIGHT="59" CONTENT="indicateur" WC="0.99" CC="6600000677"/>
						<SP ID="P93_SP00011" HPOS="2021" VPOS="618" WIDTH="34"/>
						<String ID="P93_ST00014" HPOS="2055" VPOS="560" WIDTH="199" HEIGHT="73" CONTENT="risque" WC="0.98" CC="000686"/>
					</TextLine>
					<TextLine ID="P93_TL00004" HPOS="164" VPOS="619" WIDTH="2090" HEIGHT="93">
						<String ID="P93_ST00015" HPOS="164" VPOS="621" WIDTH="70" HEIGHT="56" CONTENT="de" WC="0.61" CC="70"/>
						<SP ID="P93_SP00012" HPOS="234" VPOS="677" WIDTH="42"/>
						<String ID="P93_ST00016" HPOS="276" VPOS="619" WIDTH="189" HEIGHT="56" CONTENT="n'être" WC="0.99" CC="010015"/>
						<SP ID="P93_SP00013" HPOS="465" VPOS="677" WIDTH="45"/>
						<String ID="P93_ST00017" HPOS="510" VPOS="622" WIDTH="222" HEIGHT="70" CONTENT="qu'une" WC="0.98" CC="070605"/>
						<SP ID="P93_SP00014" HPOS="732" VPOS="692" WIDTH="46"/>
						<String ID="P93_ST00018" HPOS="778" VPOS="631" WIDTH="301" HEIGHT="52" CONTENT="amusette" WC="0.87" CC="00700003"/>
						<SP ID="P93_SP00015" HPOS="1079" VPOS="692" WIDTH="45"/>
						<String ID="P93_ST00019" HPOS="1124" VPOS="628" WIDTH="353" HEIGHT="75" CONTENT="distinguée." WC="1.00" CC="00000236104"/>
						<SP ID="P93_SP00016" HPOS="1477" VPOS="703" WIDTH="47"/>
						<String ID="P93_ST00020" HPOS="1524" VPOS="636" WIDTH="278" HEIGHT="58" CONTENT="L'œuvre" WC="1.00" CC="0400030"/>
						<SP ID="P93_SP00017" HPOS="1802" VPOS="703" WIDTH="45"/>
						<String ID="P93_ST00021" HPOS="1847" VPOS="640" WIDTH="72" HEIGHT="54" CONTENT="de" WC="0.82" CC="03"/>
						<SP ID="P93_SP00018" HPOS="1919" VPOS="703" WIDTH="47"/>
						<String ID="P93_ST00022" HPOS="1966" VPOS="642" WIDTH="79" HEIGHT="52" CONTENT="M." WC="0.78" CC="04"/>
						<SP ID="P93_SP00019" HPOS="2045" VPOS="703" WIDTH="55"/>
						<String ID="P93_ST00023" HPOS="2100" VPOS="642" WIDTH="154" HEIGHT="70" CONTENT="Jean" WC="0.98" CC="4004"/>
					</TextLine>
					<TextLine ID="P93_TL00005" HPOS="163" VPOS="699" WIDTH="2090" HEIGHT="88">
						<String ID="P93_ST00024" HPOS="163" VPOS="699" WIDTH="258" HEIGHT="72" CONTENT="Poueigh" WC="0.54" CC="6577005"/>
						<SP ID="P93_SP00020" HPOS="421" VPOS="771" WIDTH="35"/>
						<String ID="P93_ST00025" HPOS="456" VPOS="706" WIDTH="92" HEIGHT="49" CONTENT="est" WC="0.97" CC="700"/>
						<SP ID="P93_SP00021" HPOS="548" VPOS="771" WIDTH="38"/>
						<String ID="P93_ST00026" HPOS="586" VPOS="702" WIDTH="134" HEIGHT="71" CONTENT="plus" WC="0.97" CC="9060"/>
						<SP ID="P93_SP00022" HPOS="720" VPOS="773" WIDTH="36"/>
						<String ID="P93_ST00027" HPOS="756" VPOS="711" WIDTH="61" HEIGHT="48" CONTENT="et" WC="0.63" CC="70"/>
						<SP ID="P93_SP00023" HPOS="817" VPOS="773" WIDTH="38"/>
						<String ID="P93_ST00028" HPOS="855" VPOS="705" WIDTH="202" HEIGHT="57" CONTENT="mieux" WC="0.98" CC="80600"/>
						<SP ID="P93_SP00024" HPOS="1057" VPOS="773" WIDTH="38"/>
						<String ID="P93_ST00029" HPOS="1095" VPOS="711" WIDTH="222" HEIGHT="68" CONTENT="qu'une" WC="0.97" CC="972740"/>
						<SP ID="P93_SP00025" HPOS="1317" VPOS="779" WIDTH="38"/>
						<String ID="P93_ST00030" HPOS="1355" VPOS="721" WIDTH="301" HEIGHT="52" CONTENT="amusette" WC="0.64" CC="08706006"/>
						<SP ID="P93_SP00026" HPOS="1656" VPOS="779" WIDTH="28"/>
						<String ID="P93_ST00031" HPOS="1684" VPOS="740" WIDTH="13" HEIGHT="47" CONTENT=";" WC="0.26" CC="7"/>
						<SP ID="P93_SP00027" HPOS="1697" VPOS="787" WIDTH="38"/>
						<String ID="P93_ST00032" HPOS="1735" VPOS="720" WIDTH="147" HEIGHT="56" CONTENT="c'est" WC="0.99" CC="03700"/>
						<SP ID="P93_SP00028" HPOS="1882" VPOS="787" WIDTH="37"/>
						<String ID="P93_ST00033" HPOS="1919" VPOS="739" WIDTH="117" HEIGHT="39" CONTENT="une" WC="0.92" CC="687"/>
						<SP ID="P93_SP00029" HPOS="2036" VPOS="787" WIDTH="37"/>
						<String ID="P93_ST00034" HPOS="2073" VPOS="721" WIDTH="180" HEIGHT="60" CONTENT="féerie" WC="0.98" CC="437117"/>
					</TextLine>
					<TextLine ID="P93_TL00006" HPOS="160" VPOS="783" WIDTH="2092" HEIGHT="94">
						<String ID="P93_ST00035" HPOS="160" VPOS="799" WIDTH="205" HEIGHT="38" CONTENT="sonore" WC="0.99" CC="040414"/>
						<SP ID="P93_SP00030" HPOS="365" VPOS="837" WIDTH="35"/>
						<String ID="P93_ST00036" HPOS="400" VPOS="783" WIDTH="124" HEIGHT="55" CONTENT="très" WC="1.00" CC="0200"/>
						<SP ID="P93_SP00031" HPOS="524" VPOS="838" WIDTH="34"/>
						<String ID="P93_ST00037" HPOS="558" VPOS="785" WIDTH="345" HEIGHT="58" CONTENT="séduisante" WC="1.00" CC="0007000000"/>
						<SP ID="P93_SP00032" HPOS="903" VPOS="843" WIDTH="28"/>
						<String ID="P93_ST00038" HPOS="931" VPOS="809" WIDTH="14" HEIGHT="48" CONTENT=";" WC="0.27" CC="7"/>
						<SP ID="P93_SP00033" HPOS="945" VPOS="857" WIDTH="38"/>
						<String ID="P93_ST00039" HPOS="983" VPOS="787" WIDTH="42" HEIGHT="56" CONTENT="il" WC="1.00" CC="00"/>
						<SP ID="P93_SP00034" HPOS="1025" VPOS="857" WIDTH="36"/>
						<String ID="P93_ST00040" HPOS="1061" VPOS="791" WIDTH="105" HEIGHT="71" CONTENT="n'y" WC="0.98" CC="330"/>
						<SP ID="P93_SP00035" HPOS="1166" VPOS="862" WIDTH="37"/>
						<String ID="P93_ST00041" HPOS="1203" VPOS="810" WIDTH="262" HEIGHT="56" CONTENT="manque" WC="0.99" CC="000060"/>
						<SP ID="P93_SP00036" HPOS="1465" VPOS="866" WIDTH="35"/>
						<String ID="P93_ST00042" HPOS="1500" VPOS="799" WIDTH="224" HEIGHT="71" CONTENT="qu'une" WC="0.98" CC="563600"/>
						<SP ID="P93_SP00037" HPOS="1724" VPOS="870" WIDTH="36"/>
						<String ID="P93_ST00043" HPOS="1760" VPOS="802" WIDTH="197" HEIGHT="70" CONTENT="chose," WC="0.98" CC="067004"/>
						<SP ID="P93_SP00038" HPOS="1957" VPOS="872" WIDTH="37"/>
						<String ID="P93_ST00044" HPOS="1994" VPOS="804" WIDTH="55" HEIGHT="55" CONTENT="le" WC="1.00" CC="00"/>
						<SP ID="P93_SP00039" HPOS="2049" VPOS="872" WIDTH="35"/>
						<String ID="P93_ST00045" HPOS="2084" VPOS="804" WIDTH="168" HEIGHT="73" CONTENT="signe" WC="0.98" CC="20900"/>
					</TextLine>
					<TextLine ID="P93_TL00007" HPOS="163" VPOS="862" WIDTH="1272" HEIGHT="77">
						<String ID="P93_ST00046" HPOS="163" VPOS="862" WIDTH="171" HEIGHT="56" CONTENT="d'une" WC="0.98" CC="04630"/>
						<SP ID="P93_SP00040" HPOS="334" VPOS="918" WIDTH="38"/>
						<String ID="P93_ST00047" HPOS="372" VPOS="862" WIDTH="247" HEIGHT="57" CONTENT="volonté" WC="0.99" CC="0523003"/>
						<SP ID="P93_SP00041" HPOS="619" VPOS="919" WIDTH="39"/>
						<String ID="P93_ST00048" HPOS="658" VPOS="867" WIDTH="343" HEIGHT="72" CONTENT="esthétique" WC="1.00" CC="4005000070"/>
						<SP ID="P93_SP00042" HPOS="1001" VPOS="939" WIDTH="39"/>
						<String ID="P93_ST00049" HPOS="1040" VPOS="876" WIDTH="61" HEIGHT="50" CONTENT="et" WC="1.00" CC="00"/>
						<SP ID="P93_SP00043" HPOS="1101" VPOS="939" WIDTH="40"/>
						<String ID="P93_ST00050" HPOS="1141" VPOS="872" WIDTH="294" HEIGHT="59" CONTENT="réfléchie." WC="1.00" CC="0000000004"/>
					</TextLine>
					<TextLine ID="P93_TL00008" HPOS="268" VPOS="945" WIDTH="1979" HEIGHT="94">
						<String ID="P93_ST00051" HPOS="268" VPOS="945" WIDTH="95" HEIGHT="53" CONTENT="Au" WC="0.64" CC="07"/>
						<SP ID="P93_SP00044" HPOS="363" VPOS="998" WIDTH="51"/>
						<String ID="P93_ST00052" HPOS="414" VPOS="945" WIDTH="193" HEIGHT="57" CONTENT="même" WC="0.99" CC="0004"/>
						<SP ID="P93_SP00045" HPOS="607" VPOS="1002" WIDTH="51"/>
						<String ID="P93_ST00053" HPOS="658" VPOS="955" WIDTH="266" HEIGHT="64" CONTENT="concert," WC="1.00" CC="05000102"/>
						<SP ID="P93_SP00046" HPOS="924" VPOS="1019" WIDTH="53"/>
						<String ID="P93_ST00054" HPOS="977" VPOS="951" WIDTH="60" HEIGHT="55" CONTENT="la" WC="1.00" CC="00"/>
						<SP ID="P93_SP00047" HPOS="1037" VPOS="1019" WIDTH="50"/>
						<String ID="P93_ST00055" HPOS="1087" VPOS="952" WIDTH="324" HEIGHT="60" CONTENT="virtuosité" WC="1.00" CC="0000700004"/>
						<SP ID="P93_SP00048" HPOS="1411" VPOS="1019" WIDTH="52"/>
						<String ID="P93_ST00056" HPOS="1463" VPOS="960" WIDTH="346" HEIGHT="72" CONTENT="magistrale" WC="1.00" CC="0000005000"/>
						<SP ID="P93_SP00049" HPOS="1809" VPOS="1032" WIDTH="38"/>
						<String ID="P93_ST00057" HPOS="1847" VPOS="965" WIDTH="74" HEIGHT="56" CONTENT="de" WC="1.00" CC="00"/>
						<SP ID="P93_SP00050" HPOS="1921" VPOS="1032" WIDTH="52"/>
						<String ID="P93_ST00058" HPOS="1973" VPOS="966" WIDTH="274" HEIGHT="73" CONTENT="Haendel," WC="0.65" CC="67340023"/>
					</TextLine>
					<TextLine ID="P93_TL00009" HPOS="160" VPOS="1025" WIDTH="2086" HEIGHT="92">
						<String ID="P93_ST00059" HPOS="160" VPOS="1025" WIDTH="182" HEIGHT="55" CONTENT="servie" WC="0.97" CC="076827"/>
						<SP ID="P93_SP00051" HPOS="342" VPOS="1080" WIDTH="46"/>
						<String ID="P93_ST00060" HPOS="388" VPOS="1044" WIDTH="110" HEIGHT="53" CONTENT="par" WC="1.00" CC="000"/>
						<SP ID="P93_SP00052" HPOS="498" VPOS="1097" WIDTH="43"/>
						<String ID="P93_ST00061" HPOS="541" VPOS="1027" WIDTH="56" HEIGHT="56" CONTENT="le" WC="0.59" CC="07"/>
						<SP ID="P93_SP00053" HPOS="597" VPOS="1097" WIDTH="46"/>
						<String ID="P93_ST00062" HPOS="643" VPOS="1031" WIDTH="192" HEIGHT="70" CONTENT="grand" WC="0.98" CC="08050"/>
						<SP ID="P93_SP00054" HPOS="835" VPOS="1101" WIDTH="44"/>
						<String ID="P93_ST00063" HPOS="879" VPOS="1032" WIDTH="194" HEIGHT="56" CONTENT="talent" WC="0.99" CC="001760"/>
						<SP ID="P93_SP00055" HPOS="1073" VPOS="1101" WIDTH="50"/>
						<String ID="P93_ST00064" HPOS="1123" VPOS="1035" WIDTH="72" HEIGHT="56" CONTENT="de" WC="0.62" CC="07"/>
						<SP ID="P93_SP00056" HPOS="1195" VPOS="1101" WIDTH="47"/>
						<String ID="P93_ST00065" HPOS="1242" VPOS="1037" WIDTH="79" HEIGHT="54" CONTENT="M." WC="0.79" CC="04"/>
						<SP ID="P93_SP00057" HPOS="1321" VPOS="1101" WIDTH="50"/>
						<String ID="P93_ST00066" HPOS="1371" VPOS="1039" WIDTH="242" HEIGHT="72" CONTENT="Eugène" WC="0.98" CC="770005"/>
						<SP ID="P93_SP00058" HPOS="1613" VPOS="1111" WIDTH="48"/>
						<String ID="P93_ST00067" HPOS="1661" VPOS="1042" WIDTH="221" HEIGHT="73" CONTENT="Gigout" WC="0.80" CC="000560"/>
						<SP ID="P93_SP00059" HPOS="1882" VPOS="1115" WIDTH="49"/>
						<String ID="P93_ST00068" HPOS="1931" VPOS="1046" WIDTH="214" HEIGHT="71" CONTENT="jouant" WC="0.98" CC="666040"/>
						<SP ID="P93_SP00060" HPOS="2145" VPOS="1117" WIDTH="46"/>
						<String ID="P93_ST00069" HPOS="2191" VPOS="1049" WIDTH="55" HEIGHT="57" CONTENT="le" WC="0.63" CC="07"/>
					</TextLine>
					<TextLine ID="P93_TL00010" HPOS="160" VPOS="1107" WIDTH="2086" HEIGHT="80">
						<String ID="P93_ST00070" HPOS="160" VPOS="1107" WIDTH="308" HEIGHT="53" CONTENT="concertino" WC="0.78" CC="2040077000" STYLEREFS="TXT_2"/>
						<SP ID="P93_SP00061" HPOS="468" VPOS="1160" WIDTH="34"/>
						<String ID="P93_ST00071" HPOS="502" VPOS="1107" WIDTH="245" HEIGHT="74" CONTENT="d'orgue" WC="0.99" CC="0404070"/>
						<SP ID="P93_SP00062" HPOS="747" VPOS="1181" WIDTH="33"/>
						<String ID="P93_ST00072" HPOS="780" VPOS="1111" WIDTH="80" HEIGHT="56" CONTENT="du" WC="0.72" CC="05"/>
						<SP ID="P93_SP00063" HPOS="860" VPOS="1181" WIDTH="33"/>
						<String ID="P93_ST00073" HPOS="893" VPOS="1112" WIDTH="269" HEIGHT="57" CONTENT="Concerto" WC="0.98" CC="50524750" STYLEREFS="TXT_2"/>
						<SP ID="P93_SP00064" HPOS="1162" VPOS="1181" WIDTH="32"/>
						<String ID="P93_ST00074" HPOS="1194" VPOS="1134" WIDTH="69" HEIGHT="37" CONTENT="en" WC="1.00" CC="00" STYLEREFS="TXT_2"/>
						<SP ID="P93_SP00065" HPOS="1263" VPOS="1181" WIDTH="30"/>
						<String ID="P93_ST00075" HPOS="1293" VPOS="1119" WIDTH="60" HEIGHT="53" CONTENT="ré" WC="1.00" CC="00" STYLEREFS="TXT_2"/>
						<SP ID="P93_SP00066" HPOS="1353" VPOS="1181" WIDTH="33"/>
						<String ID="P93_ST00076" HPOS="1386" VPOS="1120" WIDTH="173" HEIGHT="67" CONTENT="(dont" WC="0.98" CC="10630"/>
						<SP ID="P93_SP00067" HPOS="1559" VPOS="1187" WIDTH="29"/>
						<String ID="P93_ST00077" HPOS="1588" VPOS="1122" WIDTH="54" HEIGHT="56" CONTENT="le" WC="0.73" CC="05"/>
						<SP ID="P93_SP00068" HPOS="1642" VPOS="1187" WIDTH="31"/>
						<String ID="P93_ST00078" HPOS="1673" VPOS="1124" WIDTH="142" HEIGHT="56" CONTENT="final" WC="0.99" CC="33000"/>
						<SP ID="P93_SP00069" HPOS="1815" VPOS="1187" WIDTH="23"/>
						<String ID="P93_ST00079" HPOS="1838" VPOS="1133" WIDTH="91" HEIGHT="49" CONTENT="est" WC="0.98" CC="400"/>
						<SP ID="P93_SP00070" HPOS="1929" VPOS="1187" WIDTH="30"/>
						<String ID="P93_ST00080" HPOS="1959" VPOS="1127" WIDTH="59" HEIGHT="55" CONTENT="la" WC="1.00" CC="00"/>
						<SP ID="P93_SP00071" HPOS="2018" VPOS="1187" WIDTH="31"/>
						<String ID="P93_ST00081" HPOS="2049" VPOS="1134" WIDTH="165" HEIGHT="51" CONTENT="trans" SUBS_TYPE="HypPart1" SUBS_CONTENT="transcription" WC="0.99" CC="03001"/>
						<HYP HPOS="2214" VPOS="1134" WIDTH="32" CONTENT="-"/>
					</TextLine>
					<TextLine ID="P93_TL00011" HPOS="158" VPOS="1185" WIDTH="2086" HEIGHT="95">
						<String ID="P93_ST00082" HPOS="158" VPOS="1185" WIDTH="250" HEIGHT="73" CONTENT="cription" SUBS_TYPE="HypPart2" SUBS_CONTENT="transcription" WC="1.00" CC="15000000"/>
						<SP ID="P93_SP00072" HPOS="408" VPOS="1258" WIDTH="33"/>
						<String ID="P93_ST00083" HPOS="441" VPOS="1188" WIDTH="80" HEIGHT="56" CONTENT="du" WC="0.67" CC="06"/>
						<SP ID="P93_SP00073" HPOS="521" VPOS="1258" WIDTH="453"/>
						<String ID="P93_ST00084" HPOS="974" VPOS="1195" WIDTH="187" HEIGHT="67" CONTENT="presto" WC="0.98" CC="607360" STYLEREFS="TXT_2"/>
						<SP ID="P93_SP00074" HPOS="1161" VPOS="1262" WIDTH="-390"/>
						<String ID="P93_ST00085" HPOS="771" VPOS="1193" WIDTH="98" HEIGHT="78" CONTENT="3/8" WC="0.48" CC="620"/>
						<SP ID="P93_SP00075" HPOS="1161" VPOS="1271" WIDTH="-258"/>
						<String ID="P93_ST00086" HPOS="903" VPOS="1193" WIDTH="74" HEIGHT="58" CONTENT="de" WC="0.98" CC="00"/>
						<SP ID="P93_SP00076" HPOS="1161" VPOS="1271" WIDTH="-155"/>
						<String ID="P93_ST00087" HPOS="1006" VPOS="1195" WIDTH="61" HEIGHT="56" CONTENT="la" WC="1.00" CC="00"/>
						<SP ID="P93_SP00077" HPOS="1161" VPOS="1271" WIDTH="-63"/>
						<String ID="P93_ST00088" HPOS="1098" VPOS="1196" WIDTH="170" HEIGHT="58" CONTENT="Suite" WC="0.99" CC="05000"/>
						<SP ID="P93_SP00078" HPOS="1268" VPOS="1271" WIDTH="33"/>
						<String ID="P93_ST00089" HPOS="1301" VPOS="1199" WIDTH="94" HEIGHT="54" CONTENT="111" WC="0.99" CC="000"/>
						<SP ID="P93_SP00079" HPOS="1395" VPOS="1271" WIDTH="37"/>
						<String ID="P93_ST00090" HPOS="1432" VPOS="1202" WIDTH="269" HEIGHT="71" CONTENT="(Peters)," WC="0.81" CC="022003016"/>
						<SP ID="P93_SP00080" HPOS="1701" VPOS="1273" WIDTH="39"/>
						<String ID="P93_ST00091" HPOS="1740" VPOS="1224" WIDTH="151" HEIGHT="38" CONTENT="nous" WC="0.98" CC="2060"/>
						<SP ID="P93_SP00081" HPOS="1891" VPOS="1273" WIDTH="46"/>
						<String ID="P93_ST00092" HPOS="1937" VPOS="1227" WIDTH="34" HEIGHT="36" CONTENT="a" WC="1.00" CC="0"/>
						<SP ID="P93_SP00082" HPOS="1971" VPOS="1273" WIDTH="46"/>
						<String ID="P93_ST00093" HPOS="2017" VPOS="1211" WIDTH="227" HEIGHT="69" CONTENT="prouvé" WC="0.98" CC="033504"/>
					</TextLine>
					<TextLine ID="P93_TL00012" HPOS="156" VPOS="1268" WIDTH="2090" HEIGHT="94">
						<String ID="P93_ST00094" HPOS="156" VPOS="1284" WIDTH="61" HEIGHT="39" CONTENT="ce" WC="1.00" CC="00"/>
						<SP ID="P93_SP00083" HPOS="217" VPOS="1323" WIDTH="37"/>
						<String ID="P93_ST00095" HPOS="254" VPOS="1268" WIDTH="195" HEIGHT="72" CONTENT="qu'est" WC="0.99" CC="062000"/>
						<SP ID="P93_SP00084" HPOS="449" VPOS="1340" WIDTH="38"/>
						<String ID="P93_ST00096" HPOS="487" VPOS="1270" WIDTH="54" HEIGHT="56" CONTENT="le" WC="1.00" CC="00"/>
						<SP ID="P93_SP00085" HPOS="541" VPOS="1340" WIDTH="37"/>
						<String ID="P93_ST00097" HPOS="578" VPOS="1272" WIDTH="178" HEIGHT="71" CONTENT="style," WC="0.99" CC="001023"/>
						<SP ID="P93_SP00086" HPOS="756" VPOS="1343" WIDTH="41"/>
						<String ID="P93_ST00098" HPOS="797" VPOS="1275" WIDTH="151" HEIGHT="56" CONTENT="dans" WC="1.00" CC="0020"/>
						<SP ID="P93_SP00087" HPOS="948" VPOS="1343" WIDTH="37"/>
						<String ID="P93_ST00099" HPOS="985" VPOS="1275" WIDTH="251" HEIGHT="59" CONTENT="l'œuvre" WC="1.00" CC="0200020"/>
						<SP ID="P93_SP00088" HPOS="1236" VPOS="1343" WIDTH="39"/>
						<String ID="P93_ST00100" HPOS="1275" VPOS="1280" WIDTH="179" HEIGHT="56" CONTENT="d'art." WC="0.99" CC="020404"/>
						<SP ID="P93_SP00089" HPOS="1454" VPOS="1343" WIDTH="42"/>
						<String ID="P93_ST00101" HPOS="1496" VPOS="1281" WIDTH="171" HEIGHT="60" CONTENT="Cette" WC="0.99" CC="30003"/>
						<SP ID="P93_SP00090" HPOS="1667" VPOS="1343" WIDTH="38"/>
						<String ID="P93_ST00102" HPOS="1705" VPOS="1285" WIDTH="176" HEIGHT="72" CONTENT="façon" WC="0.99" CC="30000"/>
						<SP ID="P93_SP00091" HPOS="1881" VPOS="1357" WIDTH="46"/>
						<String ID="P93_ST00103" HPOS="1927" VPOS="1289" WIDTH="319" HEIGHT="73" CONTENT="d'opposer" WC="1.00" CC="040004004"/>
					</TextLine>
					<TextLine ID="P93_TL00013" HPOS="156" VPOS="1348" WIDTH="2092" HEIGHT="86">
						<String ID="P93_ST00104" HPOS="156" VPOS="1348" WIDTH="18" HEIGHT="54" CONTENT="1" WC="0.96" CC="0"/>
						<SP ID="P93_SP00092" HPOS="174" VPOS="1402" WIDTH="23"/>
						<String ID="P93_ST00105" HPOS="197" VPOS="1367" WIDTH="175" HEIGHT="54" CONTENT="orgue" WC="0.97" CC="27177"/>
						<SP ID="P93_SP00093" HPOS="372" VPOS="1421" WIDTH="37"/>
						<String ID="P93_ST00106" HPOS="409" VPOS="1370" WIDTH="76" HEIGHT="37" CONTENT="au" WC="0.64" CC="07"/>
						<SP ID="P93_SP00094" HPOS="485" VPOS="1421" WIDTH="36"/>
						<String ID="P93_ST00107" HPOS="521" VPOS="1360" WIDTH="283" HEIGHT="65" CONTENT="quatuor," WC="0.98" CC="07007683"/>
						<SP ID="P93_SP00095" HPOS="804" VPOS="1425" WIDTH="38"/>
						<String ID="P93_ST00108" HPOS="842" VPOS="1357" WIDTH="153" HEIGHT="57" CONTENT="dans" WC="0.99" CC="0060"/>
						<SP ID="P93_SP00096" HPOS="995" VPOS="1425" WIDTH="31"/>
						<String ID="P93_ST00109" HPOS="1026" VPOS="1376" WIDTH="84" HEIGHT="37" CONTENT="un" WC="1.00" CC="00"/>
						<SP ID="P93_SP00097" HPOS="1110" VPOS="1425" WIDTH="37"/>
						<String ID="P93_ST00110" HPOS="1147" VPOS="1360" WIDTH="277" HEIGHT="74" CONTENT="dialogue" WC="0.99" CC="00004065"/>
						<SP ID="P93_SP00098" HPOS="1424" VPOS="1434" WIDTH="34"/>
						<String ID="P93_ST00111" HPOS="1458" VPOS="1370" WIDTH="61" HEIGHT="50" CONTENT="et" WC="1.00" CC="00"/>
						<SP ID="P93_SP00099" HPOS="1519" VPOS="1434" WIDTH="38"/>
						<String ID="P93_ST00112" HPOS="1557" VPOS="1384" WIDTH="145" HEIGHT="38" CONTENT="avec" WC="0.99" CC="0051"/>
						<SP ID="P93_SP00100" HPOS="1702" VPOS="1434" WIDTH="25"/>
						<String ID="P93_ST00113" HPOS="1727" VPOS="1369" WIDTH="105" HEIGHT="56" CONTENT="des" WC="0.98" CC="050"/>
						<SP ID="P93_SP00101" HPOS="1832" VPOS="1434" WIDTH="21"/>
						<String ID="P93_ST00114" HPOS="1853" VPOS="1369" WIDTH="287" HEIGHT="59" CONTENT="lointains" WC="1.00" CC="060600000"/>
						<SP ID="P93_SP00102" HPOS="2140" VPOS="1434" WIDTH="32"/>
						<String ID="P93_ST00115" HPOS="2172" VPOS="1374" WIDTH="76" HEIGHT="56" CONTENT="de" WC="0.63" CC="07"/>
					</TextLine>
					<TextLine ID="P93_TL00014" HPOS="155" VPOS="1431" WIDTH="2089" HEIGHT="89">
						<String ID="P93_ST00116" HPOS="155" VPOS="1431" WIDTH="356" HEIGHT="72" CONTENT="cathédrale," WC="1.00" CC="20002050004"/>
						<SP ID="P93_SP00103" HPOS="511" VPOS="1503" WIDTH="54"/>
						<String ID="P93_ST00117" HPOS="565" VPOS="1440" WIDTH="92" HEIGHT="51" CONTENT="est" WC="1.00" CC="000"/>
						<SP ID="P93_SP00104" HPOS="657" VPOS="1503" WIDTH="56"/>
						<String ID="P93_ST00118" HPOS="713" VPOS="1436" WIDTH="181" HEIGHT="58" CONTENT="d'une" WC="0.98" CC="03650"/>
						<SP ID="P93_SP00105" HPOS="894" VPOS="1503" WIDTH="52"/>
						<String ID="P93_ST00119" HPOS="946" VPOS="1439" WIDTH="322" HEIGHT="73" CONTENT="simplicité" WC="1.00" CC="0000000001"/>
						<SP ID="P93_SP00106" HPOS="1268" VPOS="1512" WIDTH="54"/>
						<String ID="P93_ST00120" HPOS="1322" VPOS="1444" WIDTH="248" HEIGHT="71" CONTENT="géniale." WC="1.00" CC="00000004"/>
						<SP ID="P93_SP00107" HPOS="1570" VPOS="1515" WIDTH="56"/>
						<String ID="P93_ST00121" HPOS="1626" VPOS="1449" WIDTH="151" HEIGHT="56" CONTENT="Sans" WC="1.00" CC="0000"/>
						<SP ID="P93_SP00108" HPOS="1777" VPOS="1515" WIDTH="53"/>
						<String ID="P93_ST00122" HPOS="1830" VPOS="1450" WIDTH="204" HEIGHT="70" CONTENT="doute," WC="0.98" CC="056003"/>
						<SP ID="P93_SP00109" HPOS="2034" VPOS="1520" WIDTH="61"/>
						<String ID="P93_ST00123" HPOS="2095" VPOS="1454" WIDTH="149" HEIGHT="56" CONTENT="c'est" WC="1.00" CC="03000"/>
					</TextLine>
					<TextLine ID="P93_TL00015" HPOS="156" VPOS="1511" WIDTH="2088" HEIGHT="94">
						<String ID="P93_ST00124" HPOS="156" VPOS="1511" WIDTH="186" HEIGHT="57" CONTENT="moins" WC="0.98" CC="04450"/>
						<SP ID="P93_SP00110" HPOS="342" VPOS="1568" WIDTH="41"/>
						<String ID="P93_ST00125" HPOS="383" VPOS="1531" WIDTH="81" HEIGHT="37" CONTENT="un" WC="1.00" CC="00"/>
						<SP ID="P93_SP00111" HPOS="464" VPOS="1568" WIDTH="44"/>
						<String ID="P93_ST00126" HPOS="508" VPOS="1521" WIDTH="94" HEIGHT="50" CONTENT="art" WC="0.99" CC="010"/>
						<SP ID="P93_SP00112" HPOS="602" VPOS="1571" WIDTH="42"/>
						<String ID="P93_ST00127" HPOS="644" VPOS="1519" WIDTH="292" HEIGHT="71" CONTENT="expressif" WC="1.00" CC="303200004"/>
						<SP ID="P93_SP00113" HPOS="936" VPOS="1590" WIDTH="42"/>
						<String ID="P93_ST00128" HPOS="978" VPOS="1521" WIDTH="189" HEIGHT="73" CONTENT="qu'un" WC="0.98" CC="07370"/>
						<SP ID="P93_SP00114" HPOS="1167" VPOS="1594" WIDTH="44"/>
						<String ID="P93_ST00129" HPOS="1211" VPOS="1529" WIDTH="95" HEIGHT="49" CONTENT="art" WC="1.00" CC="000"/>
						<SP ID="P93_SP00115" HPOS="1306" VPOS="1594" WIDTH="44"/>
						<String ID="P93_ST00130" HPOS="1350" VPOS="1525" WIDTH="402" HEIGHT="58" CONTENT="d'évocation." WC="1.00" CC="033050000604"/>
						<SP ID="P93_SP00116" HPOS="1752" VPOS="1594" WIDTH="45"/>
						<String ID="P93_ST00131" HPOS="1797" VPOS="1531" WIDTH="61" HEIGHT="56" CONTENT="Si" WC="1.00" CC="00"/>
						<SP ID="P93_SP00117" HPOS="1858" VPOS="1594" WIDTH="41"/>
						<String ID="P93_ST00132" HPOS="1899" VPOS="1533" WIDTH="55" HEIGHT="55" CONTENT="le" WC="1.00" CC="00"/>
						<SP ID="P93_SP00118" HPOS="1954" VPOS="1594" WIDTH="49"/>
						<String ID="P93_ST00133" HPOS="2003" VPOS="1535" WIDTH="241" HEIGHT="70" CONTENT="rythme" WC="0.99" CC="600000"/>
					</TextLine>
					<TextLine ID="P93_TL00016" HPOS="155" VPOS="1590" WIDTH="2089" HEIGHT="92">
						<String ID="P93_ST00134" HPOS="155" VPOS="1590" WIDTH="389" HEIGHT="75" CONTENT="impersonnel" WC="1.00" CC="00004004000"/>
						<SP ID="P93_SP00119" HPOS="544" VPOS="1665" WIDTH="40"/>
						<String ID="P93_ST00135" HPOS="584" VPOS="1597" WIDTH="73" HEIGHT="56" CONTENT="de" WC="1.00" CC="00"/>
						<SP ID="P93_SP00120" HPOS="657" VPOS="1665" WIDTH="41"/>
						<String ID="P93_ST00136" HPOS="698" VPOS="1599" WIDTH="252" HEIGHT="58" CONTENT="Haendel" WC="0.67" CC="4752002"/>
						<SP ID="P93_SP00121" HPOS="950" VPOS="1665" WIDTH="40"/>
						<String ID="P93_ST00137" HPOS="990" VPOS="1602" WIDTH="252" HEIGHT="58" CONTENT="animait" WC="1.00" CC="0000000"/>
						<SP ID="P93_SP00122" HPOS="1242" VPOS="1665" WIDTH="40"/>
						<String ID="P93_ST00138" HPOS="1282" VPOS="1623" WIDTH="118" HEIGHT="39" CONTENT="une" WC="1.00" CC="000"/>
						<SP ID="P93_SP00123" HPOS="1400" VPOS="1665" WIDTH="37"/>
						<String ID="P93_ST00139" HPOS="1437" VPOS="1609" WIDTH="204" HEIGHT="70" CONTENT="parole" WC="0.99" CC="005300"/>
						<SP ID="P93_SP00124" HPOS="1641" VPOS="1679" WIDTH="43"/>
						<String ID="P93_ST00140" HPOS="1684" VPOS="1611" WIDTH="292" HEIGHT="71" CONTENT="profonde" WC="0.99" CC="00235000"/>
						<SP ID="P93_SP00125" HPOS="1976" VPOS="1682" WIDTH="36"/>
						<String ID="P93_ST00141" HPOS="2012" VPOS="1632" WIDTH="232" HEIGHT="40" CONTENT="comme" WC="0.99" CC="06000"/>
					</TextLine>
					<TextLine ID="P93_TL00017" HPOS="155" VPOS="1672" WIDTH="2088" HEIGHT="93">
						<String ID="P93_ST00142" HPOS="155" VPOS="1672" WIDTH="136" HEIGHT="57" CONTENT="celle" WC="0.98" CC="07206"/>
						<SP ID="P93_SP00126" HPOS="291" VPOS="1729" WIDTH="37"/>
						<String ID="P93_ST00143" HPOS="328" VPOS="1676" WIDTH="72" HEIGHT="55" CONTENT="de" WC="0.64" CC="07"/>
						<SP ID="P93_SP00127" HPOS="400" VPOS="1731" WIDTH="40"/>
						<String ID="P93_ST00144" HPOS="440" VPOS="1676" WIDTH="188" HEIGHT="71" CONTENT="Bach," WC="0.98" CC="70004"/>
						<SP ID="P93_SP00128" HPOS="628" VPOS="1747" WIDTH="38"/>
						<String ID="P93_ST00145" HPOS="666" VPOS="1681" WIDTH="204" HEIGHT="70" CONTENT="parole" WC="0.98" CC="006246"/>
						<SP ID="P93_SP00129" HPOS="870" VPOS="1751" WIDTH="37"/>
						<String ID="P93_ST00146" HPOS="907" VPOS="1684" WIDTH="441" HEIGHT="72" CONTENT="substantielle," WC="1.00" CC="07800000060004"/>
						<SP ID="P93_SP00130" HPOS="1348" VPOS="1756" WIDTH="38"/>
						<String ID="P93_ST00147" HPOS="1386" VPOS="1689" WIDTH="329" HEIGHT="72" CONTENT="complexe," WC="0.99" CC="240006064"/>
						<SP ID="P93_SP00131" HPOS="1715" VPOS="1761" WIDTH="39"/>
						<String ID="P93_ST00148" HPOS="1754" VPOS="1693" WIDTH="292" HEIGHT="72" CONTENT="épanouie" WC="0.99" CC="60004606"/>
						<SP ID="P93_SP00132" HPOS="2046" VPOS="1765" WIDTH="45"/>
						<String ID="P93_ST00149" HPOS="2091" VPOS="1696" WIDTH="152" HEIGHT="56" CONTENT="dans" WC="0.99" CC="0050"/>
					</TextLine>
					<TextLine ID="P93_TL00018" HPOS="154" VPOS="1752" WIDTH="2085" HEIGHT="97">
						<String ID="P93_ST00150" HPOS="154" VPOS="1752" WIDTH="53" HEIGHT="56" CONTENT="la" WC="1.00" CC="00"/>
						<SP ID="P93_SP00133" HPOS="207" VPOS="1808" WIDTH="41"/>
						<String ID="P93_ST00151" HPOS="248" VPOS="1756" WIDTH="250" HEIGHT="59" CONTENT="mélodie" WC="0.99" CC="0310004"/>
						<SP ID="P93_SP00134" HPOS="498" VPOS="1815" WIDTH="43"/>
						<String ID="P93_ST00152" HPOS="541" VPOS="1760" WIDTH="267" HEIGHT="72" CONTENT="absolue," WC="0.99" CC="08010603"/>
						<SP ID="P93_SP00135" HPOS="808" VPOS="1832" WIDTH="43"/>
						<String ID="P93_ST00153" HPOS="851" VPOS="1780" WIDTH="109" HEIGHT="40" CONTENT="son" WC="0.99" CC="003"/>
						<SP ID="P93_SP00136" HPOS="960" VPOS="1832" WIDTH="44"/>
						<String ID="P93_ST00154" HPOS="1004" VPOS="1771" WIDTH="116" HEIGHT="64" CONTENT="art," WC="0.98" CC="0504"/>
						<SP ID="P93_SP00137" HPOS="1120" VPOS="1835" WIDTH="44"/>
						<String ID="P93_ST00155" HPOS="1164" VPOS="1768" WIDTH="622" HEIGHT="73" CONTENT="polyphoniquement" WC="0.84" CC="0500057000700000"/>
						<SP ID="P93_SP00138" HPOS="1786" VPOS="1841" WIDTH="51"/>
						<String ID="P93_ST00156" HPOS="1837" VPOS="1776" WIDTH="402" HEIGHT="73" CONTENT="comparable," WC="1.00" CC="03000107024"/>
					</TextLine>
					<TextLine ID="P93_TL00019" HPOS="262" VPOS="1837" WIDTH="1979" HEIGHT="92">
						<String ID="P93_ST00157" HPOS="262" VPOS="1837" WIDTH="325" HEIGHT="59" CONTENT="réaliserait" WC="1.00" CC="40020025000"/>
						<SP ID="P93_SP00139" HPOS="587" VPOS="1896" WIDTH="58"/>
						<String ID="P93_ST00158" HPOS="645" VPOS="1860" WIDTH="110" HEIGHT="54" CONTENT="pas" WC="1.00" CC="000"/>
						<SP ID="P93_SP00140" HPOS="755" VPOS="1914" WIDTH="42"/>
						<String ID="P93_ST00159" HPOS="797" VPOS="1844" WIDTH="331" HEIGHT="58" CONTENT="seulement" WC="0.99" CC="027100030"/>
						<SP ID="P93_SP00141" HPOS="1128" VPOS="1914" WIDTH="51"/>
						<String ID="P93_ST00160" HPOS="1179" VPOS="1853" WIDTH="162" HEIGHT="53" CONTENT="cette" WC="1.00" CC="00000"/>
						<SP ID="P93_SP00142" HPOS="1341" VPOS="1914" WIDTH="42"/>
						<String ID="P93_ST00161" HPOS="1383" VPOS="1851" WIDTH="334" HEIGHT="70" CONTENT="perfection" WC="1.00" CC="0007000010"/>
						<SP ID="P93_SP00143" HPOS="1717" VPOS="1921" WIDTH="45"/>
						<String ID="P93_ST00162" HPOS="1762" VPOS="1873" WIDTH="115" HEIGHT="53" CONTENT="que" WC="0.97" CC="070"/>
						<SP ID="P93_SP00144" HPOS="1877" VPOS="1926" WIDTH="49"/>
						<String ID="P93_ST00163" HPOS="1926" VPOS="1856" WIDTH="58" HEIGHT="54" CONTENT="la" WC="1.00" CC="00"/>
						<SP ID="P93_SP00145" HPOS="1984" VPOS="1926" WIDTH="43"/>
						<String ID="P93_ST00164" HPOS="2027" VPOS="1859" WIDTH="214" HEIGHT="70" CONTENT="pureté" WC="0.99" CC="054000"/>
					</TextLine>
					<TextLine ID="P93_TL00020" HPOS="150" VPOS="1914" WIDTH="2089" HEIGHT="82">
						<String ID="P93_ST00165" HPOS="150" VPOS="1914" WIDTH="182" HEIGHT="61" CONTENT="idéale" WC="1.00" CC="100000"/>
						<SP ID="P93_SP00146" HPOS="332" VPOS="1975" WIDTH="39"/>
						<String ID="P93_ST00166" HPOS="371" VPOS="1921" WIDTH="81" HEIGHT="55" CONTENT="du" WC="0.65" CC="07"/>
						<SP ID="P93_SP00147" HPOS="452" VPOS="1976" WIDTH="38"/>
						<String ID="P93_ST00167" HPOS="490" VPOS="1921" WIDTH="251" HEIGHT="75" CONTENT="langage" WC="0.99" CC="0020065"/>
						<SP ID="P93_SP00148" HPOS="741" VPOS="1996" WIDTH="39"/>
						<String ID="P93_ST00168" HPOS="780" VPOS="1931" WIDTH="61" HEIGHT="51" CONTENT="et" WC="1.00" CC="00"/>
						<SP ID="P93_SP00149" HPOS="841" VPOS="1996" WIDTH="39"/>
						<String ID="P93_ST00169" HPOS="880" VPOS="1928" WIDTH="107" HEIGHT="54" CONTENT="des" WC="1.00" CC="010"/>
						<SP ID="P93_SP00150" HPOS="987" VPOS="1996" WIDTH="37"/>
						<String ID="P93_ST00170" HPOS="1024" VPOS="1928" WIDTH="222" HEIGHT="58" CONTENT="formes" WC="0.99" CC="654000"/>
						<SP ID="P93_SP00151" HPOS="1246" VPOS="1996" WIDTH="40"/>
						<String ID="P93_ST00171" HPOS="1286" VPOS="1931" WIDTH="82" HEIGHT="55" CONTENT="du" WC="1.00" CC="00"/>
						<SP ID="P93_SP00152" HPOS="1368" VPOS="1996" WIDTH="39"/>
						<String ID="P93_ST00172" HPOS="1407" VPOS="1947" WIDTH="185" HEIGHT="40" CONTENT="XVIII®" WC="0.90" CC="001004" STYLEREFS="TXT_3"/>
						<SP ID="P93_SP00153" HPOS="1592" VPOS="1996" WIDTH="40"/>
						<String ID="P93_ST00173" HPOS="1632" VPOS="1934" WIDTH="173" HEIGHT="58" CONTENT="siècle" WC="0.99" CC="001403"/>
						<SP ID="P93_SP00154" HPOS="1805" VPOS="1996" WIDTH="38"/>
						<String ID="P93_ST00174" HPOS="1843" VPOS="1943" WIDTH="61" HEIGHT="51" CONTENT="et" WC="0.94" CC="10"/>
						<SP ID="P93_SP00155" HPOS="1904" VPOS="1996" WIDTH="39"/>
						<String ID="P93_ST00175" HPOS="1943" VPOS="1939" WIDTH="83" HEIGHT="55" CONTENT="du" WC="0.63" CC="07"/>
						<SP ID="P93_SP00156" HPOS="2026" VPOS="1996" WIDTH="38"/>
						<String ID="P93_ST00176" HPOS="2064" VPOS="1938" WIDTH="175" HEIGHT="58" CONTENT="siècle" WC="1.00" CC="000002"/>
					</TextLine>
					<TextLine ID="P93_TL00021" HPOS="153" VPOS="1999" WIDTH="2085" HEIGHT="81">
						<String ID="P93_ST00177" HPOS="153" VPOS="1999" WIDTH="291" HEIGHT="58" CONTENT="antérieur" WC="0.99" CC="780020265"/>
						<SP ID="P93_SP00157" HPOS="444" VPOS="2057" WIDTH="30"/>
						<String ID="P93_ST00178" HPOS="474" VPOS="2002" WIDTH="112" HEIGHT="56" CONTENT="fait" WC="0.99" CC="5000"/>
						<SP ID="P93_SP00158" HPOS="586" VPOS="2058" WIDTH="31"/>
						<String ID="P93_ST00179" HPOS="617" VPOS="2008" WIDTH="347" HEIGHT="69" CONTENT="apparaître" WC="1.00" CC="0000500033"/>
						<SP ID="P93_SP00159" HPOS="964" VPOS="2077" WIDTH="29"/>
						<String ID="P93_ST00180" HPOS="993" VPOS="2016" WIDTH="281" HEIGHT="64" CONTENT="souvent," WC="1.00" CC="03001003"/>
						<SP ID="P93_SP00160" HPOS="1274" VPOS="2080" WIDTH="34"/>
						<String ID="P93_ST00181" HPOS="1308" VPOS="2014" WIDTH="242" HEIGHT="56" CONTENT="au-delà" WC="0.99" CC="0630602"/>
						<SP ID="P93_SP00161" HPOS="1550" VPOS="2080" WIDTH="31"/>
						<String ID="P93_ST00182" HPOS="1581" VPOS="2015" WIDTH="103" HEIGHT="56" CONTENT="des" WC="0.99" CC="030"/>
						<SP ID="P93_SP00162" HPOS="1684" VPOS="2080" WIDTH="31"/>
						<String ID="P93_ST00183" HPOS="1715" VPOS="2016" WIDTH="277" HEIGHT="58" CONTENT="horizons" WC="0.99" CC="20404300"/>
						<SP ID="P93_SP00163" HPOS="1992" VPOS="2080" WIDTH="29"/>
						<String ID="P93_ST00184" HPOS="2021" VPOS="2019" WIDTH="186" HEIGHT="56" CONTENT="scolas" SUBS_TYPE="HypPart1" SUBS_CONTENT="scolastiques," WC="0.82" CC="001008"/>
						<HYP HPOS="2207" VPOS="2019" WIDTH="31" CONTENT="-"/>
					</TextLine>
					<TextLine ID="P93_TL00022" HPOS="154" VPOS="2076" WIDTH="2083" HEIGHT="95">
						<String ID="P93_ST00185" HPOS="154" VPOS="2076" WIDTH="208" HEIGHT="75" CONTENT="tiques," SUBS_TYPE="HypPart2" SUBS_CONTENT="scolastiques," WC="0.65" CC="6007234"/>
						<SP ID="P93_SP00164" HPOS="362" VPOS="2151" WIDTH="56"/>
						<String ID="P93_ST00186" HPOS="418" VPOS="2085" WIDTH="154" HEIGHT="55" CONTENT="mais" WC="1.00" CC="0000"/>
						<SP ID="P93_SP00165" HPOS="572" VPOS="2151" WIDTH="49"/>
						<String ID="P93_ST00187" HPOS="621" VPOS="2104" WIDTH="214" HEIGHT="41" CONTENT="encore" WC="0.98" CC="543053"/>
						<SP ID="P93_SP00166" HPOS="835" VPOS="2151" WIDTH="58"/>
						<String ID="P93_ST00188" HPOS="893" VPOS="2088" WIDTH="43" HEIGHT="55" CONTENT="il" WC="0.99" CC="00"/>
						<SP ID="P93_SP00167" HPOS="936" VPOS="2151" WIDTH="49"/>
						<String ID="P93_ST00189" HPOS="985" VPOS="2091" WIDTH="367" HEIGHT="58" CONTENT="connaîtrait" WC="1.00" CC="07040005030"/>
						<SP ID="P93_SP00168" HPOS="1352" VPOS="2151" WIDTH="47"/>
						<String ID="P93_ST00190" HPOS="1399" VPOS="2100" WIDTH="161" HEIGHT="52" CONTENT="cette" WC="1.00" CC="00000"/>
						<SP ID="P93_SP00169" HPOS="1560" VPOS="2152" WIDTH="44"/>
						<String ID="P93_ST00191" HPOS="1604" VPOS="2096" WIDTH="259" HEIGHT="58" CONTENT="hauteur" WC="0.99" CC="5040060"/>
						<SP ID="P93_SP00170" HPOS="1863" VPOS="2154" WIDTH="44"/>
						<String ID="P93_ST00192" HPOS="1907" VPOS="2099" WIDTH="330" HEIGHT="72" CONTENT="spirituelle" WC="0.99" CC="00053076000"/>
					</TextLine>
					<TextLine ID="P93_TL00023" HPOS="150" VPOS="2171" WIDTH="2085" HEIGHT="80">
						<String ID="P93_ST00193" HPOS="150" VPOS="2175" WIDTH="107" HEIGHT="54" CONTENT="que" WC="0.95" CC="371"/>
						<SP ID="P93_SP00171" HPOS="257" VPOS="2229" WIDTH="30"/>
						<String ID="P93_ST00194" HPOS="287" VPOS="2180" WIDTH="151" HEIGHT="40" CONTENT="nous" WC="0.97" CC="5060"/>
						<SP ID="P93_SP00172" HPOS="438" VPOS="2229" WIDTH="31"/>
						<String ID="P93_ST00195" HPOS="469" VPOS="2184" WIDTH="75" HEIGHT="39" CONTENT="ne" WC="0.84" CC="03"/>
						<SP ID="P93_SP00173" HPOS="544" VPOS="2229" WIDTH="32"/>
						<String ID="P93_ST00196" HPOS="576" VPOS="2185" WIDTH="275" HEIGHT="54" CONTENT="pouvons" WC="0.99" CC="0070040"/>
						<SP ID="P93_SP00174" HPOS="851" VPOS="2239" WIDTH="33"/>
						<String ID="P93_ST00197" HPOS="884" VPOS="2171" WIDTH="410" HEIGHT="72" CONTENT="qu'entrevoir" WC="1.00" CC="073000000323"/>
						<SP ID="P93_SP00175" HPOS="1294" VPOS="2243" WIDTH="32"/>
						<String ID="P93_ST00198" HPOS="1326" VPOS="2175" WIDTH="153" HEIGHT="56" CONTENT="dans" WC="0.97" CC="7040"/>
						<SP ID="P93_SP00176" HPOS="1479" VPOS="2243" WIDTH="29"/>
						<String ID="P93_ST00199" HPOS="1508" VPOS="2176" WIDTH="59" HEIGHT="56" CONTENT="la" WC="1.00" CC="00"/>
						<SP ID="P93_SP00177" HPOS="1567" VPOS="2243" WIDTH="16"/>
						<String ID="P93_ST00200" HPOS="1583" VPOS="2179" WIDTH="359" HEIGHT="72" CONTENT="propension" WC="1.00" CC="0000000050"/>
						<SP ID="P93_SP00178" HPOS="1942" VPOS="2251" WIDTH="24"/>
						<String ID="P93_ST00201" HPOS="1966" VPOS="2180" WIDTH="236" HEIGHT="59" CONTENT="merveil" SUBS_TYPE="HypPart1" SUBS_CONTENT="merveilleuse" WC="1.00" CC="0020000"/>
						<HYP HPOS="2202" VPOS="2180" WIDTH="33" CONTENT="-"/>
					</TextLine>
					<TextLine ID="P93_TL00024" HPOS="146" VPOS="2237" WIDTH="715" HEIGHT="84">
						<String ID="P93_ST00202" HPOS="146" VPOS="2237" WIDTH="150" HEIGHT="60" CONTENT="leuse" SUBS_TYPE="HypPart2" SUBS_CONTENT="merveilleuse" WC="0.99" CC="30700"/>
						<SP ID="P93_SP00179" HPOS="296" VPOS="2297" WIDTH="45"/>
						<String ID="P93_ST00203" HPOS="341" VPOS="2245" WIDTH="72" HEIGHT="56" CONTENT="de" WC="1.00" CC="00"/>
						<SP ID="P93_SP00180" HPOS="413" VPOS="2301" WIDTH="46"/>
						<String ID="P93_ST00204" HPOS="459" VPOS="2263" WIDTH="65" HEIGHT="38" CONTENT="sa" WC="1.00" CC="00"/>
						<SP ID="P93_SP00181" HPOS="524" VPOS="2301" WIDTH="44"/>
						<String ID="P93_ST00205" HPOS="568" VPOS="2248" WIDTH="293" HEIGHT="73" CONTENT="musique." WC="0.99" CC="06000700"/>
					</TextLine>
					<TextLine ID="P93_TL00025" HPOS="254" VPOS="2323" WIDTH="1981" HEIGHT="92">
						<String ID="P93_ST00206" HPOS="254" VPOS="2323" WIDTH="168" HEIGHT="59" CONTENT="Cette" WC="0.98" CC="43003"/>
						<SP ID="P93_SP00182" HPOS="422" VPOS="2382" WIDTH="37"/>
						<String ID="P93_ST00207" HPOS="459" VPOS="2330" WIDTH="381" HEIGHT="71" CONTENT="propension," WC="0.99" CC="06600001034"/>
						<SP ID="P93_SP00183" HPOS="840" VPOS="2401" WIDTH="40"/>
						<String ID="P93_ST00208" HPOS="880" VPOS="2333" WIDTH="171" HEIGHT="57" CONTENT="alliée" WC="0.99" CC="010005"/>
						<SP ID="P93_SP00184" HPOS="1051" VPOS="2401" WIDTH="39"/>
						<String ID="P93_ST00209" HPOS="1090" VPOS="2335" WIDTH="34" HEIGHT="54" CONTENT="à" WC="1.00" CC="0"/>
						<SP ID="P93_SP00185" HPOS="1124" VPOS="2401" WIDTH="36"/>
						<String ID="P93_ST00210" HPOS="1160" VPOS="2335" WIDTH="59" HEIGHT="55" CONTENT="la" WC="1.00" CC="00"/>
						<SP ID="P93_SP00186" HPOS="1219" VPOS="2401" WIDTH="40"/>
						<String ID="P93_ST00211" HPOS="1259" VPOS="2336" WIDTH="317" HEIGHT="59" CONTENT="démarche" WC="0.99" CC="00005050"/>
						<SP ID="P93_SP00187" HPOS="1576" VPOS="2401" WIDTH="36"/>
						<String ID="P93_ST00212" HPOS="1612" VPOS="2340" WIDTH="278" HEIGHT="73" CONTENT="toujours" WC="0.99" CC="00563730"/>
						<SP ID="P93_SP00188" HPOS="1890" VPOS="2413" WIDTH="44"/>
						<String ID="P93_ST00213" HPOS="1934" VPOS="2344" WIDTH="264" HEIGHT="71" CONTENT="suprême" SUBS_TYPE="HypPart1" SUBS_CONTENT="suprêmement" WC="0.99" CC="0501001"/>
						<HYP HPOS="2198" VPOS="2344" WIDTH="37" CONTENT="-"/>
					</TextLine>
					<TextLine ID="P93_TL00026" HPOS="146" VPOS="2409" WIDTH="2088" HEIGHT="86">
						<String ID="P93_ST00214" HPOS="146" VPOS="2411" WIDTH="155" HEIGHT="49" CONTENT="ment" SUBS_TYPE="HypPart2" SUBS_CONTENT="suprêmement" WC="0.95" CC="7670"/>
						<SP ID="P93_SP00189" HPOS="301" VPOS="2460" WIDTH="45"/>
						<String ID="P93_ST00215" HPOS="346" VPOS="2409" WIDTH="176" HEIGHT="57" CONTENT="noble" WC="0.98" CC="50700"/>
						<SP ID="P93_SP00190" HPOS="522" VPOS="2466" WIDTH="46"/>
						<String ID="P93_ST00216" HPOS="568" VPOS="2411" WIDTH="103" HEIGHT="56" CONTENT="des" WC="0.99" CC="030"/>
						<SP ID="P93_SP00191" HPOS="671" VPOS="2467" WIDTH="44"/>
						<String ID="P93_ST00217" HPOS="715" VPOS="2413" WIDTH="306" HEIGHT="72" CONTENT="mélodies," WC="1.00" CC="000300003"/>
						<SP ID="P93_SP00192" HPOS="1021" VPOS="2485" WIDTH="45"/>
						<String ID="P93_ST00218" HPOS="1066" VPOS="2416" WIDTH="280" HEIGHT="70" CONTENT="suffisait," WC="1.00" CC="0711100004"/>
						<SP ID="P93_SP00193" HPOS="1346" VPOS="2486" WIDTH="47"/>
						<String ID="P93_ST00219" HPOS="1393" VPOS="2420" WIDTH="143" HEIGHT="56" CONTENT="chez" WC="0.98" CC="0504"/>
						<SP ID="P93_SP00194" HPOS="1536" VPOS="2486" WIDTH="45"/>
						<String ID="P93_ST00220" HPOS="1581" VPOS="2422" WIDTH="271" HEIGHT="71" CONTENT="Haendel," WC="0.70" CC="57600004"/>
						<SP ID="P93_SP00195" HPOS="1852" VPOS="2493" WIDTH="38"/>
						<String ID="P93_ST00221" HPOS="1890" VPOS="2425" WIDTH="34" HEIGHT="54" CONTENT="à" WC="1.00" CC="0"/>
						<SP ID="P93_SP00196" HPOS="1924" VPOS="2493" WIDTH="31"/>
						<String ID="P93_ST00222" HPOS="1955" VPOS="2425" WIDTH="279" HEIGHT="70" CONTENT="dépasser" WC="0.99" CC="03000057"/>
					</TextLine>
					<TextLine ID="P93_TL00027" HPOS="146" VPOS="2479" WIDTH="2086" HEIGHT="98">
						<String ID="P93_ST00223" HPOS="146" VPOS="2479" WIDTH="18" HEIGHT="53" CONTENT="1" WC="0.46" CC="5"/>
						<SP ID="P93_SP00197" HPOS="164" VPOS="2532" WIDTH="20"/>
						<String ID="P93_ST00224" HPOS="184" VPOS="2484" WIDTH="342" HEIGHT="61" CONTENT="uniformité" WC="0.99" CC="7602160003"/>
						<SP ID="P93_SP00198" HPOS="526" VPOS="2545" WIDTH="38"/>
						<String ID="P93_ST00225" HPOS="564" VPOS="2493" WIDTH="203" HEIGHT="56" CONTENT="sévère" WC="1.00" CC="000030"/>
						<SP ID="P93_SP00199" HPOS="767" VPOS="2549" WIDTH="41"/>
						<String ID="P93_ST00226" HPOS="808" VPOS="2494" WIDTH="145" HEIGHT="57" CONTENT="d'un" WC="0.98" CC="0261"/>
						<SP ID="P93_SP00200" HPOS="953" VPOS="2551" WIDTH="38"/>
						<String ID="P93_ST00227" HPOS="991" VPOS="2514" WIDTH="176" HEIGHT="54" CONTENT="genre" WC="0.99" CC="03050"/>
						<SP ID="P93_SP00201" HPOS="1167" VPOS="2568" WIDTH="39"/>
						<String ID="P93_ST00228" HPOS="1206" VPOS="2498" WIDTH="105" HEIGHT="71" CONTENT="qui" WC="0.97" CC="070"/>
						<SP ID="P93_SP00202" HPOS="1311" VPOS="2569" WIDTH="38"/>
						<String ID="P93_ST00229" HPOS="1349" VPOS="2518" WIDTH="36" HEIGHT="37" CONTENT="a" WC="1.00" CC="0"/>
						<SP ID="P93_SP00203" HPOS="1385" VPOS="2569" WIDTH="36"/>
						<String ID="P93_ST00230" HPOS="1421" VPOS="2518" WIDTH="117" HEIGHT="39" CONTENT="une" WC="0.95" CC="706"/>
						<SP ID="P93_SP00204" HPOS="1538" VPOS="2569" WIDTH="38"/>
						<String ID="P93_ST00231" HPOS="1576" VPOS="2508" WIDTH="172" HEIGHT="52" CONTENT="autre" WC="0.98" CC="06033"/>
						<SP ID="P93_SP00205" HPOS="1748" VPOS="2569" WIDTH="38"/>
						<String ID="P93_ST00232" HPOS="1786" VPOS="2505" WIDTH="206" HEIGHT="72" CONTENT="portée" WC="0.99" CC="065000"/>
						<SP ID="P93_SP00206" HPOS="1992" VPOS="2577" WIDTH="44"/>
						<String ID="P93_ST00233" HPOS="2036" VPOS="2507" WIDTH="164" HEIGHT="56" CONTENT="esthé" SUBS_TYPE="HypPart1" SUBS_CONTENT="esthétique." WC="0.99" CC="40000"/>
						<HYP HPOS="2200" VPOS="2507" WIDTH="32" CONTENT="-"/>
					</TextLine>
					<TextLine ID="P93_TL00028" HPOS="148" VPOS="2561" WIDTH="2080" HEIGHT="96">
						<String ID="P93_ST00234" HPOS="148" VPOS="2561" WIDTH="175" HEIGHT="74" CONTENT="tique." SUBS_TYPE="HypPart2" SUBS_CONTENT="esthétique." WC="0.99" CC="400600"/>
						<SP ID="P93_SP00207" HPOS="323" VPOS="2635" WIDTH="27"/>
						<String ID="P93_ST00235" HPOS="350" VPOS="2569" WIDTH="170" HEIGHT="58" CONTENT="Cette" WC="1.00" CC="00000"/>
						<SP ID="P93_SP00208" HPOS="520" VPOS="2635" WIDTH="21"/>
						<String ID="P93_ST00236" HPOS="541" VPOS="2575" WIDTH="207" HEIGHT="69" CONTENT="portée" WC="1.00" CC="000013"/>
						<SP ID="P93_SP00209" HPOS="748" VPOS="2644" WIDTH="23"/>
						<String ID="P93_ST00237" HPOS="771" VPOS="2582" WIDTH="92" HEIGHT="50" CONTENT="est" WC="0.99" CC="300"/>
						<SP ID="P93_SP00210" HPOS="863" VPOS="2644" WIDTH="24"/>
						<String ID="P93_ST00238" HPOS="887" VPOS="2578" WIDTH="151" HEIGHT="56" CONTENT="dans" WC="1.00" CC="0000"/>
						<SP ID="P93_SP00211" HPOS="1038" VPOS="2644" WIDTH="20"/>
						<String ID="P93_ST00239" HPOS="1058" VPOS="2578" WIDTH="60" HEIGHT="56" CONTENT="la" WC="1.00" CC="00"/>
						<SP ID="P93_SP00212" HPOS="1118" VPOS="2644" WIDTH="21"/>
						<String ID="P93_ST00240" HPOS="1139" VPOS="2578" WIDTH="215" HEIGHT="58" CONTENT="vision." WC="1.00" CC="0001303"/>
						<SP ID="P93_SP00213" HPOS="1354" VPOS="2644" WIDTH="28"/>
						<String ID="P93_ST00241" HPOS="1382" VPOS="2583" WIDTH="127" HEIGHT="71" CONTENT="Que" WC="0.95" CC="670"/>
						<SP ID="P93_SP00214" HPOS="1509" VPOS="2654" WIDTH="22"/>
						<String ID="P93_ST00242" HPOS="1531" VPOS="2590" WIDTH="137" HEIGHT="49" CONTENT="sont" WC="0.97" CC="0560"/>
						<SP ID="P93_SP00215" HPOS="1668" VPOS="2654" WIDTH="24"/>
						<String ID="P93_ST00243" HPOS="1692" VPOS="2602" WIDTH="96" HEIGHT="39" CONTENT="ces" WC="1.00" CC="000"/>
						<SP ID="P93_SP00216" HPOS="1788" VPOS="2654" WIDTH="23"/>
						<String ID="P93_ST00244" HPOS="1811" VPOS="2606" WIDTH="22" HEIGHT="29" CONTENT="«" WC="1.00" CC="0"/>
						<SP ID="P93_SP00217" HPOS="1833" VPOS="2654" WIDTH="23"/>
						<String ID="P93_ST00245" HPOS="1856" VPOS="2593" WIDTH="307" HEIGHT="50" CONTENT="concertos" WC="1.00" CC="001001000"/>
						<SP ID="P93_SP00218" HPOS="2163" VPOS="2654" WIDTH="23"/>
						<String ID="P93_ST00246" HPOS="2186" VPOS="2608" WIDTH="42" HEIGHT="49" CONTENT="»," WC="0.55" CC="44"/>
					</TextLine>
					<TextLine ID="P93_TL00029" HPOS="145" VPOS="2641" WIDTH="2083" HEIGHT="94">
						<String ID="P93_ST00247" HPOS="145" VPOS="2641" WIDTH="159" HEIGHT="60" CONTENT="sinon" WC="0.99" CC="40050"/>
						<SP ID="P93_SP00219" HPOS="304" VPOS="2701" WIDTH="48"/>
						<String ID="P93_ST00248" HPOS="352" VPOS="2650" WIDTH="57" HEIGHT="55" CONTENT="la" WC="1.00" CC="00"/>
						<SP ID="P93_SP00220" HPOS="409" VPOS="2705" WIDTH="47"/>
						<String ID="P93_ST00249" HPOS="456" VPOS="2651" WIDTH="187" HEIGHT="58" CONTENT="clarté" WC="0.99" CC="120600"/>
						<SP ID="P93_SP00221" HPOS="643" VPOS="2709" WIDTH="51"/>
						<String ID="P93_ST00250" HPOS="694" VPOS="2654" WIDTH="179" HEIGHT="58" CONTENT="d'une" WC="0.97" CC="73642"/>
						<SP ID="P93_SP00222" HPOS="873" VPOS="2712" WIDTH="48"/>
						<String ID="P93_ST00251" HPOS="921" VPOS="2658" WIDTH="212" HEIGHT="72" CONTENT="simple" WC="1.00" CC="000020"/>
						<SP ID="P93_SP00223" HPOS="1133" VPOS="2730" WIDTH="48"/>
						<String ID="P93_ST00252" HPOS="1181" VPOS="2659" WIDTH="131" HEIGHT="58" CONTENT="idée" WC="0.98" CC="5003"/>
						<SP ID="P93_SP00224" HPOS="1312" VPOS="2730" WIDTH="48"/>
						<String ID="P93_ST00253" HPOS="1360" VPOS="2662" WIDTH="294" HEIGHT="73" CONTENT="classique" WC="1.00" CC="000000070"/>
						<SP ID="P93_SP00225" HPOS="1654" VPOS="2735" WIDTH="47"/>
						<String ID="P93_ST00254" HPOS="1701" VPOS="2667" WIDTH="79" HEIGHT="53" CONTENT="où" WC="0.73" CC="13"/>
						<SP ID="P93_SP00226" HPOS="1780" VPOS="2735" WIDTH="47"/>
						<String ID="P93_ST00255" HPOS="1827" VPOS="2665" WIDTH="53" HEIGHT="58" CONTENT="le" WC="0.40" CC="65"/>
						<SP ID="P93_SP00227" HPOS="1880" VPOS="2735" WIDTH="57"/>
						<String ID="P93_ST00256" HPOS="1937" VPOS="2667" WIDTH="291" HEIGHT="58" CONTENT="dualisme" WC="0.99" CC="07000006"/>
					</TextLine>
					<TextLine ID="P93_TL00030" HPOS="144" VPOS="2731" WIDTH="2083" HEIGHT="88">
						<String ID="P93_ST00257" HPOS="144" VPOS="2739" WIDTH="197" HEIGHT="46" CONTENT="sonore" WC="0.98" CC="650520"/>
						<SP ID="P93_SP00228" HPOS="341" VPOS="2785" WIDTH="45"/>
						<String ID="P93_ST00258" HPOS="386" VPOS="2731" WIDTH="242" HEIGHT="58" CONTENT="devient" WC="1.00" CC="0000100"/>
						<SP ID="P93_SP00229" HPOS="628" VPOS="2789" WIDTH="44"/>
						<String ID="P93_ST00259" HPOS="672" VPOS="2735" WIDTH="55" HEIGHT="57" CONTENT="le" WC="1.00" CC="00"/>
						<SP ID="P93_SP00230" HPOS="727" VPOS="2792" WIDTH="42"/>
						<String ID="P93_ST00260" HPOS="769" VPOS="2738" WIDTH="270" HEIGHT="73" CONTENT="principe" WC="0.99" CC="04000600"/>
						<SP ID="P93_SP00231" HPOS="1039" VPOS="2811" WIDTH="46"/>
						<String ID="P93_ST00261" HPOS="1085" VPOS="2740" WIDTH="179" HEIGHT="57" CONTENT="d'une" WC="0.98" CC="04600"/>
						<SP ID="P93_SP00232" HPOS="1264" VPOS="2811" WIDTH="43"/>
						<String ID="P93_ST00262" HPOS="1307" VPOS="2744" WIDTH="376" HEIGHT="71" CONTENT="progression" WC="1.00" CC="03402000540"/>
						<SP ID="P93_SP00233" HPOS="1683" VPOS="2815" WIDTH="43"/>
						<String ID="P93_ST00263" HPOS="1726" VPOS="2747" WIDTH="210" HEIGHT="71" CONTENT="figurée" WC="0.98" CC="6356070" STYLEREFS="TXT_2"/>
						<SP ID="P93_SP00234" HPOS="1936" VPOS="2818" WIDTH="52"/>
						<String ID="P93_ST00264" HPOS="1988" VPOS="2748" WIDTH="103" HEIGHT="71" CONTENT="qui" WC="0.97" CC="070"/>
						<SP ID="P93_SP00235" HPOS="2091" VPOS="2819" WIDTH="44"/>
						<String ID="P93_ST00265" HPOS="2135" VPOS="2753" WIDTH="92" HEIGHT="52" CONTENT="est" WC="1.00" CC="000"/>
					</TextLine>
					<TextLine ID="P93_TL00031" HPOS="143" VPOS="2810" WIDTH="2084" HEIGHT="92">
						<String ID="P93_ST00266" HPOS="143" VPOS="2820" WIDTH="99" HEIGHT="54" CONTENT="par" WC="0.97" CC="602"/>
						<SP ID="P93_SP00236" HPOS="242" VPOS="2874" WIDTH="34"/>
						<String ID="P93_ST00267" HPOS="276" VPOS="2810" WIDTH="328" HEIGHT="62" CONTENT="elle-même" WC="1.00" CC="030010000"/>
						<SP ID="P93_SP00237" HPOS="604" VPOS="2874" WIDTH="35"/>
						<String ID="P93_ST00268" HPOS="639" VPOS="2818" WIDTH="53" HEIGHT="56" CONTENT="le" WC="1.00" CC="00"/>
						<SP ID="P93_SP00238" HPOS="692" VPOS="2874" WIDTH="37"/>
						<String ID="P93_ST00269" HPOS="729" VPOS="2819" WIDTH="295" HEIGHT="59" CONTENT="véritable" WC="0.99" CC="024000612"/>
						<SP ID="P93_SP00239" HPOS="1024" VPOS="2878" WIDTH="37"/>
						<String ID="P93_ST00270" HPOS="1061" VPOS="2823" WIDTH="158" HEIGHT="71" CONTENT="sujet" WC="0.98" CC="06410"/>
						<SP ID="P93_SP00240" HPOS="1219" VPOS="2894" WIDTH="37"/>
						<String ID="P93_ST00271" HPOS="1256" VPOS="2824" WIDTH="252" HEIGHT="56" CONTENT="musical" WC="0.99" CC="0700100"/>
						<SP ID="P93_SP00241" HPOS="1508" VPOS="2894" WIDTH="34"/>
						<String ID="P93_ST00272" HPOS="1542" VPOS="2832" WIDTH="61" HEIGHT="51" CONTENT="et" WC="0.89" CC="20"/>
						<SP ID="P93_SP00242" HPOS="1603" VPOS="2894" WIDTH="38"/>
						<String ID="P93_ST00273" HPOS="1641" VPOS="2828" WIDTH="103" HEIGHT="70" CONTENT="qui" WC="0.97" CC="070"/>
						<SP ID="P93_SP00243" HPOS="1744" VPOS="2898" WIDTH="37"/>
						<String ID="P93_ST00274" HPOS="1781" VPOS="2834" WIDTH="235" HEIGHT="63" CONTENT="autant," WC="0.99" CC="0700014"/>
						<SP ID="P93_SP00244" HPOS="2016" VPOS="2898" WIDTH="26"/>
						<String ID="P93_ST00275" HPOS="2042" VPOS="2831" WIDTH="185" HEIGHT="71" CONTENT="qu'au" WC="0.99" CC="05000"/>
					</TextLine>
					<TextLine ID="P93_TL00032" HPOS="143" VPOS="2889" WIDTH="1272" HEIGHT="85">
						<String ID="P93_ST00276" HPOS="143" VPOS="2889" WIDTH="328" HEIGHT="75" CONTENT="sentiment," WC="1.00" CC="0000200003"/>
						<SP ID="P93_SP00245" HPOS="471" VPOS="2964" WIDTH="45"/>
						<String ID="P93_ST00277" HPOS="516" VPOS="2897" WIDTH="289" HEIGHT="59" CONTENT="s'adresse" WC="1.00" CC="040050000"/>
						<SP ID="P93_SP00246" HPOS="805" VPOS="2964" WIDTH="39"/>
						<String ID="P93_ST00278" HPOS="844" VPOS="2900" WIDTH="35" HEIGHT="55" CONTENT="à" WC="0.95" CC="0"/>
						<SP ID="P93_SP00247" HPOS="879" VPOS="2964" WIDTH="42"/>
						<String ID="P93_ST00279" HPOS="921" VPOS="2900" WIDTH="439" HEIGHT="74" CONTENT="l'imagination" WC="1.00" CC="0200000002040"/>
						<SP ID="P93_SP00248" HPOS="1360" VPOS="2974" WIDTH="32"/>
						<String ID="P93_ST00280" HPOS="1392" VPOS="2912" WIDTH="23" HEIGHT="48" CONTENT="?" WC="1.00" CC="0"/>
					</TextLine>
					<TextLine ID="P93_TL00033" HPOS="247" VPOS="2970" WIDTH="1977" HEIGHT="93">
						<String ID="P93_ST00281" HPOS="247" VPOS="2970" WIDTH="43" HEIGHT="55" CONTENT="L" WC="0.82" CC="1"/>
						<SP ID="P93_SP00249" HPOS="290" VPOS="3025" WIDTH="25"/>
						<String ID="P93_ST00282" HPOS="315" VPOS="2973" WIDTH="217" HEIGHT="58" CONTENT="intérêt" WC="1.00" CC="0001000"/>
						<SP ID="P93_SP00250" HPOS="532" VPOS="3031" WIDTH="37"/>
						<String ID="P93_ST00283" HPOS="569" VPOS="2987" WIDTH="90" HEIGHT="48" CONTENT="est" WC="1.00" CC="000"/>
						<SP ID="P93_SP00251" HPOS="659" VPOS="3035" WIDTH="39"/>
						<String ID="P93_ST00284" HPOS="698" VPOS="2982" WIDTH="151" HEIGHT="56" CONTENT="dans" WC="0.99" CC="0020"/>
						<SP ID="P93_SP00252" HPOS="849" VPOS="3038" WIDTH="35"/>
						<String ID="P93_ST00285" HPOS="884" VPOS="2999" WIDTH="66" HEIGHT="40" CONTENT="ce" WC="0.95" CC="00"/>
						<SP ID="P93_SP00253" HPOS="950" VPOS="3039" WIDTH="37"/>
						<String ID="P93_ST00286" HPOS="987" VPOS="2984" WIDTH="159" HEIGHT="71" CONTENT="sujet" WC="0.99" CC="07000"/>
						<SP ID="P93_SP00254" HPOS="1146" VPOS="3055" WIDTH="37"/>
						<String ID="P93_ST00287" HPOS="1183" VPOS="2992" WIDTH="62" HEIGHT="48" CONTENT="et" WC="0.91" CC="10"/>
						<SP ID="P93_SP00255" HPOS="1245" VPOS="3055" WIDTH="38"/>
						<String ID="P93_ST00288" HPOS="1283" VPOS="2987" WIDTH="150" HEIGHT="54" CONTENT="dans" WC="1.00" CC="0000"/>
						<SP ID="P93_SP00256" HPOS="1433" VPOS="3055" WIDTH="35"/>
						<String ID="P93_ST00289" HPOS="1468" VPOS="3005" WIDTH="93" HEIGHT="39" CONTENT="ses" WC="1.00" CC="000"/>
						<SP ID="P93_SP00257" HPOS="1561" VPOS="3055" WIDTH="36"/>
						<String ID="P93_ST00290" HPOS="1597" VPOS="2988" WIDTH="160" HEIGHT="57" CONTENT="faces" WC="1.00" CC="20000"/>
						<SP ID="P93_SP00258" HPOS="1757" VPOS="3055" WIDTH="37"/>
						<String ID="P93_ST00291" HPOS="1794" VPOS="2989" WIDTH="279" HEIGHT="70" CONTENT="diverses," WC="1.00" CC="000060004"/>
						<SP ID="P93_SP00259" HPOS="2073" VPOS="3059" WIDTH="47"/>
						<String ID="P93_ST00292" HPOS="2120" VPOS="2992" WIDTH="104" HEIGHT="71" CONTENT="qui" WC="0.97" CC="060"/>
					</TextLine>
					<TextLine ID="P93_TL00034" HPOS="141" VPOS="3057" WIDTH="2079" HEIGHT="72">
						<String ID="P93_ST00293" HPOS="141" VPOS="3057" WIDTH="123" HEIGHT="48" CONTENT="sont" WC="1.00" CC="0010"/>
						<SP ID="P93_SP00260" HPOS="264" VPOS="3105" WIDTH="47"/>
						<String ID="P93_ST00294" HPOS="311" VPOS="3072" WIDTH="230" HEIGHT="42" CONTENT="comme" WC="1.00" CC="03000"/>
						<SP ID="P93_SP00261" HPOS="541" VPOS="3114" WIDTH="49"/>
						<String ID="P93_ST00295" HPOS="590" VPOS="3067" WIDTH="218" HEIGHT="49" CONTENT="autant" WC="1.00" CC="000000"/>
						<SP ID="P93_SP00262" HPOS="808" VPOS="3116" WIDTH="51"/>
						<String ID="P93_ST00296" HPOS="859" VPOS="3063" WIDTH="463" HEIGHT="58" CONTENT="d'illustrations" WC="1.00" CC="030007004000504"/>
						<SP ID="P93_SP00263" HPOS="1322" VPOS="3121" WIDTH="49"/>
						<String ID="P93_ST00297" HPOS="1371" VPOS="3068" WIDTH="179" HEIGHT="57" CONTENT="d'une" WC="0.99" CC="03600"/>
						<SP ID="P93_SP00264" HPOS="1550" VPOS="3125" WIDTH="47"/>
						<String ID="P93_ST00298" HPOS="1597" VPOS="3069" WIDTH="191" HEIGHT="57" CONTENT="même" WC="1.00" CC="0000"/>
						<SP ID="P93_SP00265" HPOS="1788" VPOS="3126" WIDTH="49"/>
						<String ID="P93_ST00299" HPOS="1837" VPOS="3071" WIDTH="148" HEIGHT="55" CONTENT="idée." WC="0.99" CC="00004"/>
						<SP ID="P93_SP00266" HPOS="1985" VPOS="3126" WIDTH="61"/>
						<String ID="P93_ST00300" HPOS="2046" VPOS="3072" WIDTH="52" HEIGHT="54" CONTENT="Il" WC="1.00" CC="00"/>
						<SP ID="P93_SP00267" HPOS="2098" VPOS="3126" WIDTH="47"/>
						<String ID="P93_ST00301" HPOS="2145" VPOS="3092" WIDTH="75" HEIGHT="37" CONTENT="ne" WC="1.00" CC="00"/>
					</TextLine>
					<TextLine ID="P93_TL00035" HPOS="140" VPOS="3124" WIDTH="2082" HEIGHT="101">
						<String ID="P93_ST00302" HPOS="140" VPOS="3124" WIDTH="119" HEIGHT="61" CONTENT="faut" WC="0.95" CC="7970"/>
						<SP ID="P93_SP00268" HPOS="259" VPOS="3185" WIDTH="50"/>
						<String ID="P93_ST00303" HPOS="309" VPOS="3137" WIDTH="152" HEIGHT="55" CONTENT="donc" WC="0.98" CC="7000"/>
						<SP ID="P93_SP00269" HPOS="461" VPOS="3192" WIDTH="49"/>
						<String ID="P93_ST00304" HPOS="510" VPOS="3158" WIDTH="110" HEIGHT="54" CONTENT="pas" WC="1.00" CC="000"/>
						<SP ID="P93_SP00270" HPOS="620" VPOS="3212" WIDTH="48"/>
						<String ID="P93_ST00305" HPOS="668" VPOS="3143" WIDTH="330" HEIGHT="57" CONTENT="s'attacher" WC="1.00" CC="0200000503"/>
						<SP ID="P93_SP00271" HPOS="998" VPOS="3212" WIDTH="50"/>
						<String ID="P93_ST00306" HPOS="1048" VPOS="3165" WIDTH="77" HEIGHT="36" CONTENT="au" WC="1.00" CC="00"/>
						<SP ID="P93_SP00272" HPOS="1125" VPOS="3212" WIDTH="53"/>
						<String ID="P93_ST00307" HPOS="1178" VPOS="3147" WIDTH="293" HEIGHT="72" CONTENT="dialogue," WC="0.99" CC="000079704"/>
						<SP ID="P93_SP00273" HPOS="1471" VPOS="3219" WIDTH="52"/>
						<String ID="P93_ST00308" HPOS="1523" VPOS="3149" WIDTH="391" HEIGHT="71" CONTENT="uniquement" WC="1.00" CC="7000500300"/>
						<SP ID="P93_SP00274" HPOS="1914" VPOS="3220" WIDTH="65"/>
						<String ID="P93_ST00309" HPOS="1979" VPOS="3171" WIDTH="154" HEIGHT="52" CONTENT="pour" WC="0.97" CC="0453"/>
						<SP ID="P93_SP00275" HPOS="2133" VPOS="3223" WIDTH="48"/>
						<String ID="P93_ST00310" HPOS="2181" VPOS="3172" WIDTH="41" HEIGHT="53" CONTENT="y" WC="0.39" CC="6"/>
					</TextLine>
					<TextLine ID="P93_TL00036" HPOS="141" VPOS="3206" WIDTH="2077" HEIGHT="98">
						<String ID="P93_ST00311" HPOS="141" VPOS="3206" WIDTH="295" HEIGHT="66" CONTENT="découvrir" WC="0.99" CC="620560502"/>
						<SP ID="P93_SP00276" HPOS="436" VPOS="3272" WIDTH="33"/>
						<String ID="P93_ST00312" HPOS="469" VPOS="3219" WIDTH="53" HEIGHT="57" CONTENT="le" WC="0.80" CC="30"/>
						<SP ID="P93_SP00277" HPOS="522" VPOS="3276" WIDTH="35"/>
						<String ID="P93_ST00313" HPOS="557" VPOS="3238" WIDTH="135" HEIGHT="40" CONTENT="sens" WC="0.99" CC="0300"/>
						<SP ID="P93_SP00278" HPOS="692" VPOS="3278" WIDTH="35"/>
						<String ID="P93_ST00314" HPOS="727" VPOS="3225" WIDTH="122" HEIGHT="54" CONTENT="oral" WC="0.98" CC="0205"/>
						<SP ID="P93_SP00279" HPOS="849" VPOS="3279" WIDTH="39"/>
						<String ID="P93_ST00315" HPOS="888" VPOS="3227" WIDTH="104" HEIGHT="54" CONTENT="des" WC="0.99" CC="003"/>
						<SP ID="P93_SP00280" HPOS="992" VPOS="3281" WIDTH="33"/>
						<String ID="P93_ST00316" HPOS="1025" VPOS="3228" WIDTH="396" HEIGHT="71" CONTENT="expressions," WC="1.00" CC="000010007003"/>
						<SP ID="P93_SP00281" HPOS="1421" VPOS="3299" WIDTH="36"/>
						<String ID="P93_ST00317" HPOS="1457" VPOS="3229" WIDTH="41" HEIGHT="55" CONTENT="il" WC="1.00" CC="00"/>
						<SP ID="P93_SP00282" HPOS="1498" VPOS="3299" WIDTH="34"/>
						<String ID="P93_ST00318" HPOS="1532" VPOS="3250" WIDTH="74" HEIGHT="36" CONTENT="en" WC="1.00" CC="00"/>
						<SP ID="P93_SP00283" HPOS="1606" VPOS="3299" WIDTH="35"/>
						<String ID="P93_ST00319" HPOS="1641" VPOS="3231" WIDTH="132" HEIGHT="54" CONTENT="faut" WC="0.98" CC="0070"/>
						<SP ID="P93_SP00284" HPOS="1773" VPOS="3299" WIDTH="36"/>
						<String ID="P93_ST00320" HPOS="1809" VPOS="3232" WIDTH="203" HEIGHT="72" CONTENT="plutôt" WC="0.99" CC="006500"/>
						<SP ID="P93_SP00285" HPOS="2012" VPOS="3304" WIDTH="38"/>
						<String ID="P93_ST00321" HPOS="2050" VPOS="3233" WIDTH="168" HEIGHT="59" CONTENT="vivre" WC="1.00" CC="00040"/>
					</TextLine>
					<TextLine ID="P93_TL00037" HPOS="139" VPOS="3284" WIDTH="2077" HEIGHT="93">
						<String ID="P93_ST00322" HPOS="139" VPOS="3284" WIDTH="51" HEIGHT="57" CONTENT="la" WC="0.55" CC="44"/>
						<SP ID="P93_SP00286" HPOS="190" VPOS="3341" WIDTH="35"/>
						<String ID="P93_ST00323" HPOS="225" VPOS="3295" WIDTH="301" HEIGHT="74" CONTENT="péripétie," WC="0.99" CC="0230040024"/>
						<SP ID="P93_SP00287" HPOS="526" VPOS="3369" WIDTH="41"/>
						<String ID="P93_ST00324" HPOS="567" VPOS="3302" WIDTH="85" HEIGHT="56" CONTENT="les" WC="0.99" CC="200"/>
						<SP ID="P93_SP00288" HPOS="652" VPOS="3369" WIDTH="37"/>
						<String ID="P93_ST00325" HPOS="689" VPOS="3305" WIDTH="218" HEIGHT="70" CONTENT="phases" WC="1.00" CC="060000"/>
						<SP ID="P93_SP00289" HPOS="907" VPOS="3375" WIDTH="38"/>
						<String ID="P93_ST00326" HPOS="945" VPOS="3308" WIDTH="278" HEIGHT="69" CONTENT="colorées," WC="0.99" CC="020343004"/>
						<SP ID="P93_SP00290" HPOS="1223" VPOS="3377" WIDTH="41"/>
						<String ID="P93_ST00327" HPOS="1264" VPOS="3328" WIDTH="74" HEIGHT="37" CONTENT="en" WC="0.98" CC="00"/>
						<SP ID="P93_SP00291" HPOS="1338" VPOS="3377" WIDTH="40"/>
						<String ID="P93_ST00328" HPOS="1378" VPOS="3311" WIDTH="192" HEIGHT="54" CONTENT="fixant" WC="1.00" CC="220010"/>
						<SP ID="P93_SP00292" HPOS="1570" VPOS="3377" WIDTH="42"/>
						<String ID="P93_ST00329" HPOS="1612" VPOS="3312" WIDTH="103" HEIGHT="54" CONTENT="des" WC="1.00" CC="000"/>
						<SP ID="P93_SP00293" HPOS="1715" VPOS="3377" WIDTH="38"/>
						<String ID="P93_ST00330" HPOS="1753" VPOS="3311" WIDTH="463" HEIGHT="59" CONTENT="interlocuteurs" WC="1.00" CC="00002060700700"/>
					</TextLine>
					<TextLine ID="P93_TL00038" HPOS="140" VPOS="3369" WIDTH="2071" HEIGHT="89">
						<String ID="P93_ST00331" HPOS="140" VPOS="3369" WIDTH="90" HEIGHT="66" CONTENT="qui" WC="0.96" CC="271"/>
						<SP ID="P93_SP00294" HPOS="230" VPOS="3435" WIDTH="24"/>
						<String ID="P93_ST00332" HPOS="254" VPOS="3384" WIDTH="131" HEIGHT="47" CONTENT="sont" WC="1.00" CC="2000"/>
						<SP ID="P93_SP00295" HPOS="385" VPOS="3435" WIDTH="31"/>
						<String ID="P93_ST00333" HPOS="416" VPOS="3380" WIDTH="156" HEIGHT="56" CONTENT="deux" WC="0.98" CC="0070"/>
						<SP ID="P93_SP00296" HPOS="572" VPOS="3436" WIDTH="26"/>
						<String ID="P93_ST00334" HPOS="598" VPOS="3383" WIDTH="157" HEIGHT="57" CONTENT="êtres" WC="1.00" CC="00100"/>
						<SP ID="P93_SP00297" HPOS="755" VPOS="3440" WIDTH="25"/>
						<String ID="P93_ST00335" HPOS="780" VPOS="3388" WIDTH="295" HEIGHT="70" CONTENT="complets" WC="0.99" CC="04004004"/>
						<SP ID="P93_SP00298" HPOS="1075" VPOS="3458" WIDTH="25"/>
						<String ID="P93_ST00336" HPOS="1100" VPOS="3406" WIDTH="78" HEIGHT="38" CONTENT="ou" WC="0.38" CC="57"/>
						<SP ID="P93_SP00299" HPOS="1178" VPOS="3458" WIDTH="29"/>
						<String ID="P93_ST00337" HPOS="1207" VPOS="3389" WIDTH="157" HEIGHT="56" CONTENT="deux" WC="0.98" CC="0160"/>
						<SP ID="P93_SP00300" HPOS="1364" VPOS="3458" WIDTH="27"/>
						<String ID="P93_ST00338" HPOS="1391" VPOS="3391" WIDTH="249" HEIGHT="54" CONTENT="mondes" WC="0.99" CC="056000"/>
						<SP ID="P93_SP00301" HPOS="1640" VPOS="3458" WIDTH="25"/>
						<String ID="P93_ST00339" HPOS="1665" VPOS="3392" WIDTH="286" HEIGHT="54" CONTENT="évoluant" WC="1.00" CC="00007000"/>
						<SP ID="P93_SP00302" HPOS="1951" VPOS="3458" WIDTH="28"/>
						<String ID="P93_ST00340" HPOS="1979" VPOS="3412" WIDTH="232" HEIGHT="40" CONTENT="comme" WC="1.00" CC="01000"/>
					</TextLine>
					<TextLine ID="P93_TL00039" HPOS="137" VPOS="3444" WIDTH="2076" HEIGHT="94">
						<String ID="P93_ST00341" HPOS="137" VPOS="3444" WIDTH="74" HEIGHT="58" CONTENT="les" WC="0.94" CC="770"/>
						<SP ID="P93_SP00303" HPOS="211" VPOS="3502" WIDTH="28"/>
						<String ID="P93_ST00342" HPOS="239" VPOS="3462" WIDTH="436" HEIGHT="70" CONTENT="protagonistes" WC="1.00" CC="5130004000010"/>
						<SP ID="P93_SP00304" HPOS="675" VPOS="3532" WIDTH="30"/>
						<String ID="P93_ST00343" HPOS="705" VPOS="3466" WIDTH="144" HEIGHT="55" CONTENT="d'un" WC="0.98" CC="0162"/>
						<SP ID="P93_SP00305" HPOS="849" VPOS="3532" WIDTH="31"/>
						<String ID="P93_ST00344" HPOS="880" VPOS="3467" WIDTH="101" HEIGHT="71" CONTENT="jeu" WC="0.95" CC="426"/>
						<SP ID="P93_SP00306" HPOS="981" VPOS="3538" WIDTH="30"/>
						<String ID="P93_ST00345" HPOS="1011" VPOS="3469" WIDTH="257" HEIGHT="55" CONTENT="abstrait" WC="1.00" CC="00004000"/>
						<SP ID="P93_SP00307" HPOS="1268" VPOS="3538" WIDTH="30"/>
						<String ID="P93_ST00346" HPOS="1298" VPOS="3477" WIDTH="61" HEIGHT="48" CONTENT="et" WC="0.88" CC="01"/>
						<SP ID="P93_SP00308" HPOS="1359" VPOS="3538" WIDTH="32"/>
						<String ID="P93_ST00347" HPOS="1391" VPOS="3472" WIDTH="241" HEIGHT="54" CONTENT="éternel." WC="1.00" CC="00000001"/>
						<SP ID="P93_SP00309" HPOS="1632" VPOS="3538" WIDTH="36"/>
						<String ID="P93_ST00348" HPOS="1668" VPOS="3472" WIDTH="91" HEIGHT="53" CONTENT="On" WC="1.00" CC="00"/>
						<SP ID="P93_SP00310" HPOS="1759" VPOS="3538" WIDTH="32"/>
						<String ID="P93_ST00349" HPOS="1791" VPOS="3473" WIDTH="128" HEIGHT="55" CONTENT="voit" WC="1.00" CC="0000"/>
						<SP ID="P93_SP00311" HPOS="1919" VPOS="3538" WIDTH="31"/>
						<String ID="P93_ST00350" HPOS="1950" VPOS="3474" WIDTH="58" HEIGHT="55" CONTENT="la" WC="1.00" CC="00"/>
						<SP ID="P93_SP00312" HPOS="2008" VPOS="3538" WIDTH="32"/>
						<String ID="P93_ST00351" HPOS="2040" VPOS="3476" WIDTH="145" HEIGHT="54" CONTENT="diffé" SUBS_TYPE="HypPart1" SUBS_CONTENT="différence" WC="0.99" CC="00370"/>
						<HYP HPOS="2185" VPOS="3476" WIDTH="28" CONTENT="-"/>
					</TextLine>
					<TextLine ID="P93_TL00040" HPOS="136" VPOS="3542" WIDTH="2078" HEIGHT="84">
						<String ID="P93_ST00352" HPOS="136" VPOS="3542" WIDTH="155" HEIGHT="47" CONTENT="rence" SUBS_TYPE="HypPart2" SUBS_CONTENT="différence" WC="0.98" CC="72600"/>
						<SP ID="P93_SP00313" HPOS="291" VPOS="3589" WIDTH="26"/>
						<String ID="P93_ST00353" HPOS="317" VPOS="3547" WIDTH="166" HEIGHT="51" CONTENT="entre" WC="0.99" CC="24020"/>
						<SP ID="P93_SP00314" HPOS="483" VPOS="3598" WIDTH="27"/>
						<String ID="P93_ST00354" HPOS="510" VPOS="3544" WIDTH="53" HEIGHT="55" CONTENT="le" WC="1.00" CC="00"/>
						<SP ID="P93_SP00315" HPOS="563" VPOS="3599" WIDTH="28"/>
						<String ID="P93_ST00355" HPOS="591" VPOS="3554" WIDTH="278" HEIGHT="49" CONTENT="concerto" WC="0.99" CC="02002505"/>
						<SP ID="P93_SP00316" HPOS="869" VPOS="3603" WIDTH="29"/>
						<String ID="P93_ST00356" HPOS="898" VPOS="3549" WIDTH="217" HEIGHT="71" CONTENT="figurai" WC="0.99" CC="0560000" STYLEREFS="TXT_2"/>
						<SP ID="P93_SP00317" HPOS="1115" VPOS="3620" WIDTH="44"/>
						<String ID="P93_ST00357" HPOS="1159" VPOS="3552" WIDTH="72" HEIGHT="54" CONTENT="de" WC="1.00" CC="00"/>
						<SP ID="P93_SP00318" HPOS="1231" VPOS="3620" WIDTH="39"/>
						<String ID="P93_ST00358" HPOS="1270" VPOS="3552" WIDTH="250" HEIGHT="54" CONTENT="Haendel" WC="0.79" CC="1750000"/>
						<SP ID="P93_SP00319" HPOS="1520" VPOS="3620" WIDTH="17"/>
						<String ID="P93_ST00359" HPOS="1537" VPOS="3558" WIDTH="61" HEIGHT="50" CONTENT="et" WC="0.79" CC="40"/>
						<SP ID="P93_SP00320" HPOS="1598" VPOS="3620" WIDTH="24"/>
						<String ID="P93_ST00360" HPOS="1622" VPOS="3553" WIDTH="52" HEIGHT="55" CONTENT="le" WC="0.92" CC="10"/>
						<SP ID="P93_SP00321" HPOS="1674" VPOS="3620" WIDTH="24"/>
						<String ID="P93_ST00361" HPOS="1698" VPOS="3571" WIDTH="176" HEIGHT="53" CONTENT="genre" WC="0.99" CC="00140"/>
						<SP ID="P93_SP00322" HPOS="1874" VPOS="3624" WIDTH="17"/>
						<String ID="P93_ST00362" HPOS="1891" VPOS="3562" WIDTH="323" HEIGHT="64" CONTENT="purement" WC="0.99" CC="96510000"/>
					</TextLine>
					<TextLine ID="P93_TL00041" HPOS="136" VPOS="3615" WIDTH="2077" HEIGHT="88">
						<String ID="P93_ST00363" HPOS="136" VPOS="3615" WIDTH="259" HEIGHT="73" CONTENT="oratoire," WC="0.99" CC="750640603"/>
						<SP ID="P93_SP00323" HPOS="395" VPOS="3688" WIDTH="36"/>
						<String ID="P93_ST00364" HPOS="431" VPOS="3623" WIDTH="79" HEIGHT="53" CONTENT="où" WC="0.97" CC="00"/>
						<SP ID="P93_SP00324" HPOS="510" VPOS="3688" WIDTH="35"/>
						<String ID="P93_ST00365" HPOS="545" VPOS="3624" WIDTH="59" HEIGHT="55" CONTENT="la" WC="1.00" CC="00"/>
						<SP ID="P93_SP00325" HPOS="604" VPOS="3688" WIDTH="36"/>
						<String ID="P93_ST00366" HPOS="640" VPOS="3628" WIDTH="318" HEIGHT="69" CONTENT="préséance" WC="0.99" CC="024004102"/>
						<SP ID="P93_SP00326" HPOS="958" VPOS="3697" WIDTH="38"/>
						<String ID="P93_ST00367" HPOS="996" VPOS="3629" WIDTH="81" HEIGHT="55" CONTENT="du" WC="0.65" CC="06"/>
						<SP ID="P93_SP00327" HPOS="1077" VPOS="3697" WIDTH="36"/>
						<String ID="P93_ST00368" HPOS="1113" VPOS="3631" WIDTH="202" HEIGHT="55" CONTENT="soliste" WC="1.00" CC="0400000"/>
						<SP ID="P93_SP00328" HPOS="1315" VPOS="3697" WIDTH="25"/>
						<String ID="P93_ST00369" HPOS="1340" VPOS="3633" WIDTH="249" HEIGHT="70" CONTENT="suggéra" WC="0.99" CC="0700400"/>
						<SP ID="P93_SP00329" HPOS="1589" VPOS="3703" WIDTH="36"/>
						<String ID="P93_ST00370" HPOS="1625" VPOS="3638" WIDTH="203" HEIGHT="51" CONTENT="toutes" WC="0.99" CC="007000"/>
						<SP ID="P93_SP00330" HPOS="1828" VPOS="3703" WIDTH="21"/>
						<String ID="P93_ST00371" HPOS="1849" VPOS="3634" WIDTH="85" HEIGHT="56" CONTENT="les" WC="0.98" CC="500"/>
						<SP ID="P93_SP00331" HPOS="1934" VPOS="3703" WIDTH="36"/>
						<String ID="P93_ST00372" HPOS="1970" VPOS="3636" WIDTH="243" HEIGHT="57" CONTENT="sottises" WC="1.00" CC="00000000"/>
					</TextLine>
					<TextLine ID="P93_TL00042" HPOS="136" VPOS="3686" WIDTH="859" HEIGHT="81">
						<String ID="P93_ST00373" HPOS="136" VPOS="3686" WIDTH="62" HEIGHT="55" CONTENT="de" WC="0.21" CC="87"/>
						<SP ID="P93_SP00332" HPOS="198" VPOS="3741" WIDTH="40"/>
						<String ID="P93_ST00374" HPOS="238" VPOS="3693" WIDTH="54" HEIGHT="54" CONTENT="la" WC="1.00" CC="00"/>
						<SP ID="P93_SP00333" HPOS="292" VPOS="3747" WIDTH="42"/>
						<String ID="P93_ST00375" HPOS="334" VPOS="3699" WIDTH="313" HEIGHT="62" CONTENT="virtuosité" WC="1.00" CC="0000500000"/>
						<SP ID="P93_SP00334" HPOS="647" VPOS="3761" WIDTH="44"/>
						<String ID="P93_ST00376" HPOS="691" VPOS="3709" WIDTH="304" HEIGHT="58" CONTENT="moderne." WC="1.00" CC="00006002"/>
					</TextLine>
					<TextLine ID="P93_TL00043" HPOS="2106" VPOS="3770" WIDTH="24" HEIGHT="15">
						<String ID="P93_ST00377" HPOS="2106" VPOS="3770" WIDTH="24" HEIGHT="15" CONTENT="m" WC="1.00" CC="9" STYLEREFS="TXT_4"/>
					</TextLine>
				</TextBlock>
			</PrintSpace>
		</Page>
	</Layout>
</alto>
