2446 4275
291 375 96 51 354

823 378 268 37 BULLETIN
1126 379 264 51 FRANÇAIS
1427 382 72 36 DE
1533 383 66 37 LA
1637 384 41 37 S.
1717 385 33 37 I.
1788 389 55 38 M.

296 526 379 56 Glazounow.
731 527 87 56 La
870 527 309 74 première,
1237 531 179 55 Mark
1580 534 278 72 Béatrice,
1914 539 423 76 négligemment

296 607 348 56 dénommée
687 607 240 74 épisode
971 610 462 72 symphonique,
1477 611 178 59 laisse
1697 633 118 39 une
1858 616 341 75 impression
2238 639 98 56 très

296 687 297 72 adéquate
639 687 36 54 à
717 693 160 52 cette
922 689 369 72 appellation
1336 693 215 55 même.
1597 694 87 54 La
1729 695 228 58 donnée
2001 718 72 38 en
2115 713 84 49 est
2239 731 65 40 em-

295 767 251 72 pruntée
577 785 77 38 au
686 769 202 56 drame
920 790 23 30 «
971 769 52 57 le
1053 770 263 74 Sanglier
1348 773 103 55 des
1479 773 311 58 Ardennes
1819 798 23 30 »
1868 799 14 47 ;
1913 779 251 61 l'auteur
2190 789 147 76 jugea

296 864 116 55 que
437 851 160 51 cette
624 847 294 58 référence
945 850 258 56 suffisait
1232 853 36 53 à
1293 851 419 74 l'intelligence
1741 856 73 56 de
1840 874 108 40 son
1976 861 327 74 adaptation
2326 900 9 10 •

297 927 80 55 du
418 934 154 49 reste
614 929 34 53 à
685 929 123 54 bon
847 930 179 70 droit,
1067 948 103 38 car
1208 931 42 55 il
1288 950 74 38 ne
1404 935 368 57 s'encombre
1813 938 170 71 point
2025 943 68 56 de
2130 964 206 54 pensers

296 1007 343 56 recherchés
696 1027 79 38 ou
835 1010 72 56 de
953 1011 299 71 symboles
1298 1014 351 57 ténébreux.
1697 1016 422 74 L'inspiration
2173 1028 145 63 facile

295 1086 85 57 les
412 1089 214 56 détails
658 1090 339 74 descriptifs
1028 1093 224 55 colorés
1284 1112 145 39 avec
1463 1113 250 55 mesure,
1747 1098 59 56 la
1837 1099 184 58 clarté
2053 1105 77 55 du
2159 1112 176 59 métier

299 1184 230 41 comme
565 1169 261 57 l'ardeur
865 1171 247 74 assagie,
1150 1174 301 57 l'absence
1490 1175 338 73 d'imprévu
1866 1187 137 49 sont
2042 1184 136 58 d'un
2213 1195 92 54 tem-

297 1249 313 72 pérament
644 1250 347 60 réellement
1028 1255 172 69 doué,
1240 1254 152 57 mais
1425 1255 141 57 bien
1600 1256 437 78 lymphatique.

413 1330 86 55 La
545 1330 33 55 8
579 1343 23 26 e
647 1331 355 73 Symphonie
1051 1335 95 69 (en
1192 1335 82 55 mi
1317 1336 222 70 bémol)
1589 1339 66 53 de
1701 1340 345 59 Glazounow
2089 1359 244 54 accentue

299 1409 351 58 l'évolution
692 1414 360 71 regrettable
1095 1416 81 56 du
1218 1418 215 54 maître
1473 1435 136 40 vers
1649 1438 118 38 une
1809 1422 250 59 formule
2100 1429 141 57 d'art
2279 1438 54 55 de

300 1489 193 57 moins
557 1510 72 39 en
692 1493 196 56 moins
949 1495 390 71 personnelle.
1406 1498 79 56 Sa
1548 1499 477 75 thématisation,
2088 1512 247 59 autrefois

300 1570 245 57 raffinée
609 1578 62 51 et
733 1573 301 58 d'essence
1105 1576 332 73 populaire,
1513 1585 90 50 est
1668 1582 269 58 devenue
2013 1584 320 67 l'imitatrice

300 1650 288 59 bénévole
616 1654 73 56 de
714 1654 144 57 celle
885 1656 73 56 de
983 1656 277 56 Brahms.
1289 1658 83 57 Le
1397 1660 407 73 compositeur
1828 1664 197 72 paraît
2050 1669 269 76 envisager

301 1730 56 57 la
416 1733 228 57 science
701 1735 104 56 des
861 1736 532 74 développements
1448 1757 232 42 comme
1734 1743 56 57 le
1843 1745 298 59 critérium
2191 1753 142 58 d'une

305 1830 203 41 œuvre
539 1814 156 58 forte
722 1815 73 70 ;il
824 1815 114 57 fait
968 1836 225 55 preuve
1223 1837 101 39 sur
1353 1838 67 39 ce
1449 1822 174 73 point
1646 1824 300 60 d'aisance
1976 1833 61 51 et
2059 1830 70 56 de
2149 1832 160 59 virtuo-

304 1893 113 57 sité
445 1917 14 48 ;
503 1895 87 56 les
633 1898 339 57 harmonies
1015 1899 394 72 séduisantes,
1440 1909 188 51 restes
1660 1905 180 58 d'une
1871 1908 223 72 palette
2124 1917 211 68 naguère

303 1974 137 72 plus
478 1977 386 73 chatoyante,
904 1998 75 37 ne
1019 1985 137 50 sont
1195 1998 108 55 pas
1345 2001 161 38 rares
1533 2003 15 50 ;
1589 1984 152 57 mais
1780 1985 43 56 il
1861 1989 193 71 règne,
2094 2010 72 36 au
2200 2011 136 39 cours

306 2057 74 55 de
407 2073 66 39 ce
499 2057 140 73 long
666 2059 240 71 travail,
932 2078 84 38 un
1043 2060 377 60 laisser-aller
1449 2065 151 55 dans
1626 2064 411 76 l'abondance,
2064 2091 79 37 un
2169 2073 166 58 défaut

308 2135 73 56 de
423 2135 238 75 rigueur
704 2140 150 55 dans
894 2140 55 56 le
992 2142 177 55 choix
1212 2143 105 56 des
1359 2145 429 73 modulations,
1835 2149 80 56 du
1957 2150 132 73 plus
2126 2152 210 59 fâcheux

308 2218 289 72 exemple.

424 2298 488 75 L'homogénéité
964 2303 81 56 du
1094 2322 381 55 programme
1527 2308 72 57 de
1650 2314 161 54 cette
1861 2313 207 57 séance
2114 2332 57 39 se
2214 2333 92 38 com-

309 2377 214 73 plétait
563 2398 109 53 par
708 2380 367 60 l'ouverture
1114 2385 104 56 des
1242 2384 297 60 Barbares
1564 2389 72 56 de
1660 2389 169 57 Saint
1853 2392 201 71 Saëns,
2077 2394 234 74 d'inspira-

310 2457 128 57 tion
478 2458 137 58 bien
654 2465 168 54 terne
860 2467 62 52 et
960 2463 60 56 la
1058 2464 144 56 voix
1241 2467 264 73 d'ample
1543 2469 262 74 volume,
1843 2472 60 56 la
1942 2473 216 57 diction
2192 2474 145 56 solide

309 2543 62 51 et
424 2557 140 38 sans
615 2542 240 57 flamme
910 2544 72 56 de
1037 2547 157 56 Mme
1249 2548 630 76 Hensel-Schweitzer,
1933 2554 306 58 cantatrice
2282 2556 54 54 de

311 2619 337 74 Francfort,
685 2623 150 56 dans
866 2623 135 57 l'air
1034 2625 75 58 de
1143 2627 231 57 Fidelio
1409 2636 62 50 et
1505 2647 34 55 3
1578 2632 247 58 Poèmes
1858 2636 74 56 de
1969 2636 251 73 Wagner.

427 2702 188 57 Outre
661 2703 56 57 le
764 2704 292 57 Concerto
1104 2708 74 56 de
1226 2709 169 56 Moor
1456 2728 153 56 pour
1670 2714 162 56 deux
1891 2716 367 69 violoncelles,
2296 2714 39 55 le

313 2797 33 53 3
347 2793 23 26 e
422 2782 251 58 Concert
727 2788 364 71 comportait
1143 2789 60 56 la
1254 2792 292 72 première
1598 2794 276 59 audition
1926 2798 81 56 du
2055 2799 189 73 poème
2286 2796 52 56 de

350 2862 243 56 Vincent
916 2864 235 74 d'lndy,
1254 2867 294 73 Souvenirs,
1549 2872 189 58 récemment
1739 2877 165 71 produit
1945 2878 35 55 à
2020 2878 182 56 Paris:
2228 2876 110 56 c'est

311 2961 119 39 une
471 2946 276 57 occasion
790 2948 73 56 de
906 2948 147 58 faire
1095 2952 273 56 ressortir
1411 2954 37 55 à
1490 2972 279 41 nouveau
1810 2958 60 57 la
1910 2959 149 58 belle
2098 2958 242 57 vaillance

315 3024 74 56 de
423 3026 80 54 M.
541 3027 200 73 Ysaye
775 3033 62 51 et
869 3028 61 57 la
963 3032 489 58 reconnaissance
1486 3053 117 56 que
1636 3037 85 57 lui
1757 3039 245 58 doivent
2034 3041 82 56 les
2147 3051 161 57 compo-

315 3102 219 58 siteurs
577 3125 154 54 pour
772 3108 60 56 la
877 3111 429 71 persévérance
1350 3132 148 40 avec
1543 3116 258 75 laquelle
1844 3120 42 55 il
1919 3120 200 57 inscrit
2150 3136 88 39 sur
2274 3126 67 44 ses

316 3202 401 56 programmes
757 3196 158 52 cette
955 3191 196 58 saison
1194 3206 72 58 50
1317 3198 52 68 %
1416 3197 294 58 d'œuvres
1740 3200 264 59 inédites.
2049 3202 87 55 En
2173 3217 57 38 ce
2265 3192 75 76 qui

315 3266 216 57 touche
557 3267 53 57 le
637 3269 207 73 poème
871 3271 83 57 du
979 3273 213 57 maître
1218 3274 273 74 français,
1520 3277 44 56 il
1589 3297 43 55 y
1658 3299 36 36 a
1735 3281 116 58 lieu
1879 3283 72 56 de
1976 3286 259 68 regretter
2257 3290 84 58 que

315 3344 494 76 l'interprétation
847 3371 74 38 en
960 3353 87 57 ait
1086 3356 252 73 quelque
1377 3376 117 55 peu
1532 3361 154 56 trahi
1729 3362 84 58 les
1851 3363 308 57 intentions
2181 3381 13 50 ;
2230 3358 111 56 dans

315 3424 550 75 l'épanouissement
913 3433 75 57 de
1047 3434 261 74 l'unique
1368 3440 199 55 thème
1627 3440 403 61 fondamental
2086 3437 255 76 rappelant

319 3523 114 40 une
471 3508 171 59 chère
682 3511 291 75 disparue,
1015 3516 149 56 dans
1200 3517 59 56 la
1298 3520 372 72 multiplicité
1712 3525 73 56 de
1823 3542 89 40 ses
1954 3527 232 70 aspects,
2223 3513 118 60 aussi

320 3587 186 74 agités
534 3607 114 56 que
675 3592 59 57 la
762 3593 96 59 vie
885 3596 210 72 même,
1123 3597 43 56 il
1195 3598 188 57 fallait
1414 3619 62 39 se
1503 3605 208 69 garder
1739 3607 74 55 de
1840 3605 246 57 sacrifier
2111 3602 205 70 l'impres-

320 3667 127 57 sion
479 3671 354 61 d'ensemble
864 3694 77 38 au
971 3680 187 55 rendu
1189 3681 103 56 des
1322 3681 228 74 détails,
1583 3702 99 39 car
1711 3685 225 58 ceux-ci
1965 3687 160 55 n'ont
2154 3682 64 56 de
2243 3688 98 45 sens
