<?xml version="1.0" encoding="UTF-8"?>
<alto xmlns:xsi="http://www.w3.org/2001/XMLSchema-instance" xmlns="http://www.loc.gov/standards/alto/ns-v2#" xsi:schemaLocation="http://www.loc.gov/standards/alto/ns-v2# http://www.loc.gov/standards/alto/alto-v2.0.xsd" xmlns:xlink="http://www.w3.org/1999/xlink">
	<Description>
		<MeasurementUnit>mm10</MeasurementUnit>
		<sourceImageInformation>
			<fileName>//fileserver7/IN2/Princeton/Batch3/bmtnabh/1908/03/15_01/00000375.tif</fileName>
		</sourceImageInformation>
		<OCRProcessing ID="OCRPROCESSING_1">
			<preProcessingStep>
				<processingSoftware>
					<softwareCreator>CCS Content Conversion Specialists GmbH, Germany</softwareCreator>
					<softwareName>CCS docWORKS</softwareName>
					<softwareVersion>6.6-1.18</softwareVersion>
				</processingSoftware>
			</preProcessingStep>
			<ocrProcessingStep>
				<processingSoftware>
					<softwareCreator>ABBYY (BIT Software), Russia</softwareCreator>
					<softwareName>FineReader</softwareName>
					<softwareVersion>10.0</softwareVersion>
				</processingSoftware>
			</ocrProcessingStep>
		</OCRProcessing>
	</Description>
	<Styles>
		<TextStyle ID="TXT_0" FONTSIZE="14" FONTFAMILY="Times New Roman" FONTSTYLE="bold"/>
		<TextStyle ID="TXT_1" FONTSIZE="21" FONTFAMILY="Times New Roman"/>
		<TextStyle ID="TXT_2" FONTSIZE="21" FONTFAMILY="Times New Roman" FONTSTYLE="italics"/>
		<TextStyle ID="TXT_3" FONTSIZE="20" FONTFAMILY="Times New Roman" FONTSTYLE="italics"/>
		<ParagraphStyle ID="PAR_CENTER" ALIGN="Center"/>
		<ParagraphStyle ID="PAR_RIGHT" ALIGN="Right"/>
		<ParagraphStyle ID="PAR_BLOCK" ALIGN="Block"/>
	</Styles>
	<Layout>
		<Page ID="P101" PHYSICAL_IMG_NR="101" HEIGHT="4275" WIDTH="2446" PC="0.926">
			<TopMargin ID="P101_TM00001" HPOS="0" VPOS="0" WIDTH="2446" HEIGHT="424">
				<TextBlock ID="P101_TB00001" HPOS="1102" VPOS="361" WIDTH="236" HEIGHT="37" STYLEREFS="TXT_0 PAR_CENTER">
					<TextLine ID="P101_TL00001" HPOS="1102" VPOS="361" WIDTH="236" HEIGHT="37">
						<String ID="P101_ST00001" HPOS="1102" VPOS="361" WIDTH="67" HEIGHT="33" CONTENT="LE" WC="0.65" CC="42"/>
						<SP ID="P101_SP00001" HPOS="1169" VPOS="394" WIDTH="38"/>
						<String ID="P101_ST00002" HPOS="1207" VPOS="361" WIDTH="131" HEIGHT="37" CONTENT="MOIS" WC="1.00" CC="0000"/>
					</TextLine>
				</TextBlock>
				<TextBlock ID="P101_TB00002" HPOS="2178" VPOS="373" WIDTH="93" HEIGHT="51" STYLEREFS="TXT_1 PAR_RIGHT">
					<TextLine ID="P101_TL00002" HPOS="2178" VPOS="374" WIDTH="93" HEIGHT="49">
						<String ID="P101_ST00003" HPOS="2178" VPOS="374" WIDTH="93" HEIGHT="49" CONTENT="325" WC="0.68" CC="270"/>
					</TextLine>
				</TextBlock>
			</TopMargin>
			<LeftMargin ID="P101_LM00001" HPOS="0" VPOS="401" WIDTH="155" HEIGHT="3384"/>
			<RightMargin ID="P101_RM00001" HPOS="2271" VPOS="401" WIDTH="175" HEIGHT="3384"/>
			<BottomMargin ID="P101_BM00001" HPOS="0" VPOS="3785" WIDTH="2446" HEIGHT="490"/>
			<PrintSpace ID="P101_PS00001" HPOS="155" VPOS="401" WIDTH="2116" HEIGHT="3384">
				<TextBlock ID="P101_TB00003" HPOS="155" VPOS="500" WIDTH="2116" HEIGHT="3285" STYLEREFS="TXT_1 PAR_BLOCK">
					<TextLine ID="P101_TL00003" HPOS="174" VPOS="500" WIDTH="2097" HEIGHT="80">
						<String ID="P101_ST00004" HPOS="174" VPOS="503" WIDTH="162" HEIGHT="68" CONTENT="dant," WC="0.95" CC="00002"/>
						<SP ID="P101_SP00002" HPOS="336" VPOS="571" WIDTH="29"/>
						<String ID="P101_ST00005" HPOS="365" VPOS="500" WIDTH="200" HEIGHT="57" CONTENT="tandis" WC="0.99" CC="020104"/>
						<SP ID="P101_SP00003" HPOS="565" VPOS="571" WIDTH="28"/>
						<String ID="P101_ST00006" HPOS="593" VPOS="519" WIDTH="116" HEIGHT="55" CONTENT="que" WC="0.96" CC="360"/>
						<SP ID="P101_SP00004" HPOS="709" VPOS="574" WIDTH="27"/>
						<String ID="P101_ST00007" HPOS="736" VPOS="501" WIDTH="85" HEIGHT="59" CONTENT="les" WC="1.00" CC="000"/>
						<SP ID="P101_SP00005" HPOS="821" VPOS="574" WIDTH="26"/>
						<String ID="P101_ST00008" HPOS="847" VPOS="512" WIDTH="270" HEIGHT="50" CONTENT="concerts" WC="0.99" CC="15000600"/>
						<SP ID="P101_SP00006" HPOS="1117" VPOS="574" WIDTH="27"/>
						<String ID="P101_ST00009" HPOS="1144" VPOS="527" WIDTH="152" HEIGHT="39" CONTENT="nous" WC="0.98" CC="0160"/>
						<SP ID="P101_SP00007" HPOS="1296" VPOS="574" WIDTH="26"/>
						<String ID="P101_ST00010" HPOS="1322" VPOS="520" WIDTH="238" HEIGHT="50" CONTENT="servent" WC="1.00" CC="2050000"/>
						<SP ID="P101_SP00008" HPOS="1560" VPOS="574" WIDTH="26"/>
						<String ID="P101_ST00011" HPOS="1586" VPOS="514" WIDTH="55" HEIGHT="59" CONTENT="le" WC="0.69" CC="60"/>
						<SP ID="P101_SP00009" HPOS="1641" VPOS="574" WIDTH="29"/>
						<String ID="P101_ST00012" HPOS="1670" VPOS="517" WIDTH="165" HEIGHT="57" CONTENT="Bach" WC="0.98" CC="6002"/>
						<SP ID="P101_SP00010" HPOS="1835" VPOS="574" WIDTH="27"/>
						<String ID="P101_ST00013" HPOS="1862" VPOS="518" WIDTH="372" HEIGHT="62" CONTENT="bi-hebdoma" SUBS_TYPE="HypPart1" SUBS_CONTENT="bi-hebdomadaire" WC="0.67" CC="7136080400"/>
						<HYP HPOS="2234" VPOS="518" WIDTH="37" CONTENT="-"/>
					</TextLine>
					<TextLine ID="P101_TL00004" HPOS="174" VPOS="580" WIDTH="2097" HEIGHT="92">
						<String ID="P101_ST00014" HPOS="174" VPOS="580" WIDTH="154" HEIGHT="59" CONTENT="daire" SUBS_TYPE="HypPart2" SUBS_CONTENT="bi-hebdomadaire" WC="0.71" CC="08230"/>
						<SP ID="P101_SP00011" HPOS="328" VPOS="639" WIDTH="150"/>
						<String ID="P101_ST00015" HPOS="478" VPOS="599" WIDTH="77" HEIGHT="38" CONTENT="on" WC="0.88" CC="20"/>
						<SP ID="P101_SP00012" HPOS="555" VPOS="639" WIDTH="40"/>
						<String ID="P101_ST00016" HPOS="595" VPOS="583" WIDTH="282" HEIGHT="58" CONTENT="continue" WC="0.99" CC="03000065"/>
						<SP ID="P101_SP00013" HPOS="877" VPOS="641" WIDTH="40"/>
						<String ID="P101_ST00017" HPOS="917" VPOS="587" WIDTH="34" HEIGHT="53" CONTENT="à" WC="1.00" CC="0"/>
						<SP ID="P101_SP00014" HPOS="951" VPOS="641" WIDTH="40"/>
						<String ID="P101_ST00018" HPOS="991" VPOS="585" WIDTH="231" HEIGHT="74" CONTENT="ignorer" WC="0.99" CC="0100556"/>
						<SP ID="P101_SP00015" HPOS="1222" VPOS="659" WIDTH="38"/>
						<String ID="P101_ST00019" HPOS="1260" VPOS="593" WIDTH="354" HEIGHT="58" CONTENT="totalement" WC="1.00" CC="0000036210"/>
						<SP ID="P101_SP00016" HPOS="1614" VPOS="659" WIDTH="40"/>
						<String ID="P101_ST00020" HPOS="1654" VPOS="608" WIDTH="57" HEIGHT="45" CONTENT="la" WC="0.58" CC="80"/>
						<SP ID="P101_SP00017" HPOS="1711" VPOS="659" WIDTH="39"/>
						<String ID="P101_ST00021" HPOS="1750" VPOS="598" WIDTH="311" HEIGHT="74" CONTENT="splendeur" WC="0.99" CC="064130066"/>
						<SP ID="P101_SP00018" HPOS="2061" VPOS="672" WIDTH="41"/>
						<String ID="P101_ST00022" HPOS="2102" VPOS="604" WIDTH="72" HEIGHT="55" CONTENT="de" WC="1.00" CC="00"/>
						<SP ID="P101_SP00019" HPOS="2174" VPOS="672" WIDTH="39"/>
						<String ID="P101_ST00023" HPOS="2213" VPOS="603" WIDTH="58" HEIGHT="57" CONTENT="la" WC="1.00" CC="00"/>
					</TextLine>
					<TextLine ID="P101_TL00005" HPOS="172" VPOS="661" WIDTH="2094" HEIGHT="96">
						<String ID="P101_ST00024" HPOS="172" VPOS="661" WIDTH="264" HEIGHT="73" CONTENT="musique" WC="0.99" CC="3600060"/>
						<SP ID="P101_SP00020" HPOS="436" VPOS="734" WIDTH="57"/>
						<String ID="P101_ST00025" HPOS="493" VPOS="661" WIDTH="300" HEIGHT="75" CONTENT="italienne," WC="1.00" CC="0002000003"/>
						<SP ID="P101_SP00021" HPOS="793" VPOS="736" WIDTH="59"/>
						<String ID="P101_ST00026" HPOS="852" VPOS="665" WIDTH="139" HEIGHT="57" CONTENT="l'art" WC="0.99" CC="02040"/>
						<SP ID="P101_SP00022" HPOS="991" VPOS="736" WIDTH="58"/>
						<String ID="P101_ST00027" HPOS="1049" VPOS="677" WIDTH="360" HEIGHT="66" CONTENT="somptueux" WC="0.99" CC="030407060"/>
						<SP ID="P101_SP00023" HPOS="1409" VPOS="743" WIDTH="57"/>
						<String ID="P101_ST00028" HPOS="1466" VPOS="677" WIDTH="104" HEIGHT="56" CONTENT="des" WC="1.00" CC="001"/>
						<SP ID="P101_SP00024" HPOS="1570" VPOS="743" WIDTH="57"/>
						<String ID="P101_ST00029" HPOS="1627" VPOS="679" WIDTH="174" HEIGHT="71" CONTENT="Cesti," WC="0.84" CC="031004"/>
						<SP ID="P101_SP00025" HPOS="1801" VPOS="750" WIDTH="61"/>
						<String ID="P101_ST00030" HPOS="1862" VPOS="682" WIDTH="104" HEIGHT="56" CONTENT="des" WC="1.00" CC="000"/>
						<SP ID="P101_SP00026" HPOS="1966" VPOS="750" WIDTH="57"/>
						<String ID="P101_ST00031" HPOS="2023" VPOS="684" WIDTH="243" HEIGHT="73" CONTENT="Cavalli," WC="0.64" CC="50902704"/>
					</TextLine>
					<TextLine ID="P101_TL00006" HPOS="172" VPOS="743" WIDTH="2096" HEIGHT="92">
						<String ID="P101_ST00032" HPOS="172" VPOS="745" WIDTH="96" HEIGHT="55" CONTENT="des" WC="0.96" CC="270"/>
						<SP ID="P101_SP00027" HPOS="268" VPOS="800" WIDTH="62"/>
						<String ID="P101_ST00033" HPOS="330" VPOS="743" WIDTH="298" HEIGHT="72" CONTENT="Scariatti," WC="0.91" CC="0002200004"/>
						<SP ID="P101_SP00028" HPOS="628" VPOS="815" WIDTH="64"/>
						<String ID="P101_ST00034" HPOS="692" VPOS="747" WIDTH="103" HEIGHT="55" CONTENT="des" WC="0.98" CC="050"/>
						<SP ID="P101_SP00029" HPOS="795" VPOS="815" WIDTH="76"/>
						<String ID="P101_ST00035" HPOS="871" VPOS="749" WIDTH="376" HEIGHT="74" CONTENT="Provenzale," WC="0.78" CC="65300040030"/>
						<SP ID="P101_SP00030" HPOS="1247" VPOS="823" WIDTH="80"/>
						<String ID="P101_ST00036" HPOS="1327" VPOS="757" WIDTH="102" HEIGHT="54" CONTENT="des" WC="0.96" CC="054"/>
						<SP ID="P101_SP00031" HPOS="1429" VPOS="823" WIDTH="77"/>
						<String ID="P101_ST00037" HPOS="1506" VPOS="759" WIDTH="285" HEIGHT="57" CONTENT="Haendel." WC="0.84" CC="00000524"/>
						<SP ID="P101_SP00032" HPOS="1791" VPOS="823" WIDTH="80"/>
						<String ID="P101_ST00038" HPOS="1871" VPOS="763" WIDTH="199" HEIGHT="72" CONTENT="Quant" WC="0.98" CC="66500"/>
						<SP ID="P101_SP00033" HPOS="2070" VPOS="835" WIDTH="79"/>
						<String ID="P101_ST00039" HPOS="2149" VPOS="785" WIDTH="119" HEIGHT="38" CONTENT="aux" WC="0.97" CC="060"/>
					</TextLine>
					<TextLine ID="P101_TL00007" HPOS="170" VPOS="824" WIDTH="2096" HEIGHT="93">
						<String ID="P101_ST00040" HPOS="170" VPOS="824" WIDTH="306" HEIGHT="56" CONTENT="musiciens" WC="0.99" CC="971001005"/>
						<SP ID="P101_SP00034" HPOS="476" VPOS="880" WIDTH="45"/>
						<String ID="P101_ST00041" HPOS="521" VPOS="824" WIDTH="273" HEIGHT="74" CONTENT="français," WC="0.99" CC="555000204"/>
						<SP ID="P101_SP00035" HPOS="794" VPOS="898" WIDTH="47"/>
						<String ID="P101_ST00042" HPOS="841" VPOS="828" WIDTH="83" HEIGHT="57" CONTENT="les" WC="0.99" CC="030"/>
						<SP ID="P101_SP00036" HPOS="924" VPOS="898" WIDTH="47"/>
						<String ID="P101_ST00043" HPOS="971" VPOS="830" WIDTH="191" HEIGHT="74" CONTENT="Lully," WC="0.70" CC="360034"/>
						<SP ID="P101_SP00037" HPOS="1162" VPOS="904" WIDTH="47"/>
						<String ID="P101_ST00044" HPOS="1209" VPOS="833" WIDTH="84" HEIGHT="56" CONTENT="les" WC="0.99" CC="003"/>
						<SP ID="P101_SP00038" HPOS="1293" VPOS="904" WIDTH="46"/>
						<String ID="P101_ST00045" HPOS="1339" VPOS="835" WIDTH="270" HEIGHT="74" CONTENT="Campra," WC="0.94" CC="0000004"/>
						<SP ID="P101_SP00039" HPOS="1609" VPOS="909" WIDTH="36"/>
						<String ID="P101_ST00046" HPOS="1645" VPOS="839" WIDTH="84" HEIGHT="57" CONTENT="les" WC="1.00" CC="000"/>
						<SP ID="P101_SP00040" HPOS="1729" VPOS="909" WIDTH="40"/>
						<String ID="P101_ST00047" HPOS="1769" VPOS="843" WIDTH="383" HEIGHT="74" CONTENT="Destouches," WC="0.99" CC="35405616004"/>
						<SP ID="P101_SP00041" HPOS="2152" VPOS="917" WIDTH="34"/>
						<String ID="P101_ST00048" HPOS="2186" VPOS="865" WIDTH="80" HEIGHT="38" CONTENT="on" WC="0.75" CC="04"/>
					</TextLine>
					<TextLine ID="P101_TL00008" HPOS="172" VPOS="904" WIDTH="2089" HEIGHT="94">
						<String ID="P101_ST00049" HPOS="172" VPOS="923" WIDTH="68" HEIGHT="38" CONTENT="ne" WC="1.00" CC="00"/>
						<SP ID="P101_SP00042" HPOS="240" VPOS="961" WIDTH="37"/>
						<String ID="P101_ST00050" HPOS="277" VPOS="904" WIDTH="83" HEIGHT="56" CONTENT="les" WC="0.99" CC="020"/>
						<SP ID="P101_SP00043" HPOS="360" VPOS="961" WIDTH="38"/>
						<String ID="P101_ST00051" HPOS="398" VPOS="908" WIDTH="240" HEIGHT="54" CONTENT="connaît" WC="1.00" CC="1100000"/>
						<SP ID="P101_SP00044" HPOS="638" VPOS="962" WIDTH="38"/>
						<String ID="P101_ST00052" HPOS="676" VPOS="910" WIDTH="175" HEIGHT="88" CONTENT="père" WC="0.97" CC="9022"/>
						<SP ID="P101_SP00045" HPOS="851" VPOS="998" WIDTH="41"/>
						<String ID="P101_ST00053" HPOS="892" VPOS="928" WIDTH="114" HEIGHT="55" CONTENT="que" WC="0.96" CC="072"/>
						<SP ID="P101_SP00046" HPOS="1006" VPOS="998" WIDTH="41"/>
						<String ID="P101_ST00054" HPOS="1047" VPOS="913" WIDTH="72" HEIGHT="56" CONTENT="de" WC="0.89" CC="02"/>
						<SP ID="P101_SP00047" HPOS="1119" VPOS="998" WIDTH="39"/>
						<String ID="P101_ST00055" HPOS="1158" VPOS="932" WIDTH="159" HEIGHT="38" CONTENT="nom." WC="0.99" CC="2004"/>
						<SP ID="P101_SP00048" HPOS="1317" VPOS="998" WIDTH="45"/>
						<String ID="P101_ST00056" HPOS="1362" VPOS="918" WIDTH="266" HEIGHT="58" CONTENT="Rameau" WC="0.99" CC="000606"/>
						<SP ID="P101_SP00049" HPOS="1628" VPOS="998" WIDTH="38"/>
						<String ID="P101_ST00057" HPOS="1666" VPOS="928" WIDTH="91" HEIGHT="50" CONTENT="est" WC="0.99" CC="020"/>
						<SP ID="P101_SP00050" HPOS="1757" VPOS="998" WIDTH="39"/>
						<String ID="P101_ST00058" HPOS="1796" VPOS="924" WIDTH="133" HEIGHT="71" CONTENT="plus" WC="0.99" CC="0070"/>
						<SP ID="P101_SP00051" HPOS="1929" VPOS="998" WIDTH="37"/>
						<String ID="P101_ST00059" HPOS="1966" VPOS="926" WIDTH="295" HEIGHT="58" CONTENT="favorisé:" WC="0.99" CC="600033003"/>
					</TextLine>
					<TextLine ID="P101_TL00009" HPOS="178" VPOS="985" WIDTH="2084" HEIGHT="93">
						<String ID="P101_ST00060" HPOS="178" VPOS="1004" WIDTH="72" HEIGHT="38" CONTENT="on" WC="0.54" CC="44"/>
						<SP ID="P101_SP00052" HPOS="250" VPOS="1042" WIDTH="35"/>
						<String ID="P101_ST00061" HPOS="285" VPOS="987" WIDTH="51" HEIGHT="55" CONTENT="le" WC="0.72" CC="50"/>
						<SP ID="P101_SP00053" HPOS="336" VPOS="1042" WIDTH="35"/>
						<String ID="P101_ST00062" HPOS="371" VPOS="985" WIDTH="135" HEIGHT="74" CONTENT="joue" WC="0.97" CC="5073"/>
						<SP ID="P101_SP00054" HPOS="506" VPOS="1059" WIDTH="37"/>
						<String ID="P101_ST00063" HPOS="543" VPOS="989" WIDTH="35" HEIGHT="53" CONTENT="à" WC="0.78" CC="2"/>
						<SP ID="P101_SP00055" HPOS="578" VPOS="1059" WIDTH="34"/>
						<String ID="P101_ST00064" HPOS="612" VPOS="989" WIDTH="202" HEIGHT="73" CONTENT="Dijon," WC="0.99" CC="106101"/>
						<SP ID="P101_SP00056" HPOS="814" VPOS="1062" WIDTH="38"/>
						<String ID="P101_ST00065" HPOS="852" VPOS="993" WIDTH="36" HEIGHT="53" CONTENT="à" WC="0.45" CC="5"/>
						<SP ID="P101_SP00057" HPOS="888" VPOS="1062" WIDTH="37"/>
						<String ID="P101_ST00066" HPOS="925" VPOS="994" WIDTH="387" HEIGHT="74" CONTENT="Montpellier," WC="1.00" CC="040002300454"/>
						<SP ID="P101_SP00058" HPOS="1312" VPOS="1068" WIDTH="37"/>
						<String ID="P101_ST00067" HPOS="1349" VPOS="999" WIDTH="190" HEIGHT="57" CONTENT="même" WC="0.99" CC="0003"/>
						<SP ID="P101_SP00059" HPOS="1539" VPOS="1068" WIDTH="37"/>
						<String ID="P101_ST00068" HPOS="1576" VPOS="1003" WIDTH="36" HEIGHT="53" CONTENT="à" WC="0.59" CC="4"/>
						<SP ID="P101_SP00060" HPOS="1612" VPOS="1068" WIDTH="37"/>
						<String ID="P101_ST00069" HPOS="1649" VPOS="1003" WIDTH="180" HEIGHT="71" CONTENT="Paris," WC="0.99" CC="211004"/>
						<SP ID="P101_SP00061" HPOS="1829" VPOS="1074" WIDTH="38"/>
						<String ID="P101_ST00070" HPOS="1867" VPOS="1007" WIDTH="236" HEIGHT="71" CONTENT="parfois," WC="0.99" CC="00250004"/>
						<SP ID="P101_SP00062" HPOS="2103" VPOS="1078" WIDTH="41"/>
						<String ID="P101_ST00071" HPOS="2144" VPOS="1028" WIDTH="118" HEIGHT="37" CONTENT="aux" WC="0.95" CC="067"/>
					</TextLine>
					<TextLine ID="P101_TL00010" HPOS="181" VPOS="1068" WIDTH="2077" HEIGHT="93">
						<String ID="P101_ST00072" HPOS="181" VPOS="1068" WIDTH="268" HEIGHT="56" CONTENT="Concerts" WC="1.00" CC="40000600"/>
						<SP ID="P101_SP00063" HPOS="449" VPOS="1124" WIDTH="24"/>
						<String ID="P101_ST00073" HPOS="473" VPOS="1069" WIDTH="255" HEIGHT="73" CONTENT="Touche," WC="0.99" CC="0071003"/>
						<SP ID="P101_SP00064" HPOS="728" VPOS="1142" WIDTH="27"/>
						<String ID="P101_ST00074" HPOS="755" VPOS="1072" WIDTH="161" HEIGHT="57" CONTENT="voire" WC="0.99" CC="00800"/>
						<SP ID="P101_SP00065" HPOS="916" VPOS="1142" WIDTH="27"/>
						<String ID="P101_ST00075" HPOS="943" VPOS="1075" WIDTH="34" HEIGHT="54" CONTENT="à" WC="1.00" CC="0"/>
						<SP ID="P101_SP00066" HPOS="977" VPOS="1142" WIDTH="25"/>
						<String ID="P101_ST00076" HPOS="1002" VPOS="1074" WIDTH="57" HEIGHT="56" CONTENT="la" WC="1.00" CC="00"/>
						<SP ID="P101_SP00067" HPOS="1059" VPOS="1142" WIDTH="27"/>
						<String ID="P101_ST00077" HPOS="1086" VPOS="1077" WIDTH="211" HEIGHT="57" CONTENT="Schola" WC="0.98" CC="000100"/>
						<SP ID="P101_SP00068" HPOS="1297" VPOS="1142" WIDTH="28"/>
						<String ID="P101_ST00078" HPOS="1325" VPOS="1081" WIDTH="136" HEIGHT="66" CONTENT="(une" WC="0.99" CC="0600"/>
						<SP ID="P101_SP00069" HPOS="1461" VPOS="1147" WIDTH="25"/>
						<String ID="P101_ST00079" HPOS="1486" VPOS="1081" WIDTH="111" HEIGHT="57" CONTENT="fois" WC="0.99" CC="0600"/>
						<SP ID="P101_SP00070" HPOS="1597" VPOS="1147" WIDTH="22"/>
						<String ID="P101_ST00080" HPOS="1619" VPOS="1089" WIDTH="138" HEIGHT="51" CONTENT="tous" WC="0.98" CC="0360"/>
						<SP ID="P101_SP00071" HPOS="1757" VPOS="1147" WIDTH="35"/>
						<String ID="P101_ST00081" HPOS="1792" VPOS="1086" WIDTH="84" HEIGHT="56" CONTENT="les" WC="0.99" CC="020"/>
						<SP ID="P101_SP00072" HPOS="1876" VPOS="1147" WIDTH="38"/>
						<String ID="P101_ST00082" HPOS="1914" VPOS="1089" WIDTH="156" HEIGHT="55" CONTENT="deux" WC="0.98" CC="0370"/>
						<SP ID="P101_SP00073" HPOS="2070" VPOS="1147" WIDTH="38"/>
						<String ID="P101_ST00083" HPOS="2108" VPOS="1093" WIDTH="150" HEIGHT="68" CONTENT="ans)." WC="0.99" CC="00034"/>
					</TextLine>
					<TextLine ID="P101_TL00011" HPOS="278" VPOS="1149" WIDTH="1982" HEIGHT="86">
						<String ID="P101_ST00084" HPOS="278" VPOS="1149" WIDTH="154" HEIGHT="56" CONTENT="Pour" WC="0.97" CC="6061"/>
						<SP ID="P101_SP00074" HPOS="432" VPOS="1205" WIDTH="32"/>
						<String ID="P101_ST00085" HPOS="464" VPOS="1150" WIDTH="123" HEIGHT="56" CONTENT="être" WC="0.99" CC="2030"/>
						<SP ID="P101_SP00075" HPOS="587" VPOS="1206" WIDTH="33"/>
						<String ID="P101_ST00086" HPOS="620" VPOS="1152" WIDTH="175" HEIGHT="72" CONTENT="juste," WC="0.99" CC="460000"/>
						<SP ID="P101_SP00076" HPOS="795" VPOS="1224" WIDTH="35"/>
						<String ID="P101_ST00087" HPOS="830" VPOS="1153" WIDTH="57" HEIGHT="72" CONTENT="je" WC="0.66" CC="42"/>
						<SP ID="P101_SP00077" HPOS="887" VPOS="1225" WIDTH="34"/>
						<String ID="P101_ST00088" HPOS="921" VPOS="1155" WIDTH="128" HEIGHT="56" CONTENT="dois" WC="1.00" CC="0200"/>
						<SP ID="P101_SP00078" HPOS="1049" VPOS="1225" WIDTH="31"/>
						<String ID="P101_ST00089" HPOS="1080" VPOS="1162" WIDTH="368" HEIGHT="56" CONTENT="reconnaître" WC="1.00" CC="20010600010"/>
						<SP ID="P101_SP00079" HPOS="1448" VPOS="1225" WIDTH="33"/>
						<String ID="P101_ST00090" HPOS="1481" VPOS="1164" WIDTH="180" HEIGHT="71" CONTENT="qu'on" WC="0.98" CC="06320"/>
						<SP ID="P101_SP00080" HPOS="1661" VPOS="1235" WIDTH="35"/>
						<String ID="P101_ST00091" HPOS="1696" VPOS="1185" WIDTH="148" HEIGHT="38" CONTENT="nous" WC="0.99" CC="0040"/>
						<SP ID="P101_SP00081" HPOS="1844" VPOS="1235" WIDTH="32"/>
						<String ID="P101_ST00092" HPOS="1876" VPOS="1168" WIDTH="67" HEIGHT="56" CONTENT="fit" WC="1.00" CC="000"/>
						<SP ID="P101_SP00082" HPOS="1943" VPOS="1235" WIDTH="33"/>
						<String ID="P101_ST00093" HPOS="1976" VPOS="1173" WIDTH="284" HEIGHT="55" CONTENT="entendre" WC="1.00" CC="00000000"/>
					</TextLine>
					<TextLine ID="P101_TL00012" HPOS="167" VPOS="1229" WIDTH="2091" HEIGHT="88">
						<String ID="P101_ST00094" HPOS="167" VPOS="1229" WIDTH="120" HEIGHT="56" CONTENT="l'air" WC="0.99" CC="41000"/>
						<SP ID="P101_SP00083" HPOS="287" VPOS="1285" WIDTH="32"/>
						<String ID="P101_ST00095" HPOS="319" VPOS="1230" WIDTH="240" HEIGHT="58" CONTENT="fameux" WC="0.99" CC="400070"/>
						<SP ID="P101_SP00084" HPOS="559" VPOS="1288" WIDTH="34"/>
						<String ID="P101_ST00096" HPOS="593" VPOS="1233" WIDTH="304" HEIGHT="58" CONTENT="d'Armide" WC="0.87" CC="03020004"/>
						<SP ID="P101_SP00085" HPOS="897" VPOS="1291" WIDTH="38"/>
						<String ID="P101_ST00097" HPOS="935" VPOS="1238" WIDTH="155" HEIGHT="67" CONTENT="(Act." WC="0.82" CC="00503"/>
						<SP ID="P101_SP00086" HPOS="1090" VPOS="1305" WIDTH="37"/>
						<String ID="P101_ST00098" HPOS="1127" VPOS="1255" WIDTH="164" HEIGHT="54" CONTENT="n,sc." WC="0.68" CC="83004"/>
						<SP ID="P101_SP00087" HPOS="1291" VPOS="1309" WIDTH="36"/>
						<String ID="P101_ST00099" HPOS="1327" VPOS="1244" WIDTH="70" HEIGHT="66" CONTENT="n)" WC="0.53" CC="81"/>
						<SP ID="P101_SP00088" HPOS="1397" VPOS="1310" WIDTH="38"/>
						<String ID="P101_ST00100" HPOS="1435" VPOS="1261" WIDTH="77" HEIGHT="38" CONTENT="au" WC="0.66" CC="06"/>
						<SP ID="P101_SP00089" HPOS="1512" VPOS="1310" WIDTH="33"/>
						<String ID="P101_ST00101" HPOS="1545" VPOS="1246" WIDTH="248" HEIGHT="71" CONTENT="premier" WC="1.00" CC="0500001"/>
						<SP ID="P101_SP00090" HPOS="1793" VPOS="1317" WIDTH="32"/>
						<String ID="P101_ST00102" HPOS="1825" VPOS="1258" WIDTH="235" HEIGHT="49" CONTENT="concert" WC="1.00" CC="0000300"/>
						<SP ID="P101_SP00091" HPOS="2060" VPOS="1317" WIDTH="36"/>
						<String ID="P101_ST00103" HPOS="2096" VPOS="1253" WIDTH="71" HEIGHT="55" CONTENT="de" WC="0.85" CC="02"/>
						<SP ID="P101_SP00092" HPOS="2167" VPOS="1317" WIDTH="33"/>
						<String ID="P101_ST00104" HPOS="2200" VPOS="1252" WIDTH="58" HEIGHT="57" CONTENT="la" WC="1.00" CC="00"/>
					</TextLine>
					<TextLine ID="P101_TL00013" HPOS="167" VPOS="1310" WIDTH="2089" HEIGHT="93">
						<String ID="P101_ST00105" HPOS="167" VPOS="1310" WIDTH="218" HEIGHT="56" CONTENT="Schola." WC="0.89" CC="0003004"/>
						<SP ID="P101_SP00093" HPOS="385" VPOS="1366" WIDTH="41"/>
						<String ID="P101_ST00106" HPOS="426" VPOS="1313" WIDTH="78" HEIGHT="55" CONTENT="M." WC="0.79" CC="04"/>
						<SP ID="P101_SP00094" HPOS="504" VPOS="1368" WIDTH="45"/>
						<String ID="P101_ST00107" HPOS="549" VPOS="1313" WIDTH="372" HEIGHT="60" CONTENT="Plamondon" WC="0.90" CC="600020000"/>
						<SP ID="P101_SP00095" HPOS="921" VPOS="1373" WIDTH="34"/>
						<String ID="P101_ST00108" HPOS="955" VPOS="1319" WIDTH="212" HEIGHT="57" CONTENT="n'était" WC="1.00" CC="0200000"/>
						<SP ID="P101_SP00096" HPOS="1167" VPOS="1376" WIDTH="41"/>
						<String ID="P101_ST00109" HPOS="1208" VPOS="1322" WIDTH="296" HEIGHT="60" CONTENT="d'ailleurs" WC="1.00" CC="0000000660"/>
						<SP ID="P101_SP00097" HPOS="1504" VPOS="1382" WIDTH="42"/>
						<String ID="P101_ST00110" HPOS="1546" VPOS="1345" WIDTH="106" HEIGHT="54" CONTENT="pas" WC="0.98" CC="006"/>
						<SP ID="P101_SP00098" HPOS="1652" VPOS="1399" WIDTH="51"/>
						<String ID="P101_ST00111" HPOS="1703" VPOS="1327" WIDTH="361" HEIGHT="76" CONTENT="l'interprète" WC="1.00" CC="030002601000"/>
						<SP ID="P101_SP00099" HPOS="2064" VPOS="1403" WIDTH="56"/>
						<String ID="P101_ST00112" HPOS="2120" VPOS="1333" WIDTH="136" HEIGHT="57" CONTENT="rêvé" WC="1.00" CC="2000"/>
					</TextLine>
					<TextLine ID="P101_TL00014" HPOS="165" VPOS="1398" WIDTH="2092" HEIGHT="80">
						<String ID="P101_ST00113" HPOS="165" VPOS="1409" WIDTH="141" HEIGHT="55" CONTENT="pour" WC="0.95" CC="8267"/>
						<SP ID="P101_SP00100" HPOS="306" VPOS="1464" WIDTH="37"/>
						<String ID="P101_ST00114" HPOS="343" VPOS="1411" WIDTH="65" HEIGHT="38" CONTENT="ce" WC="0.80" CC="04"/>
						<SP ID="P101_SP00101" HPOS="408" VPOS="1464" WIDTH="37"/>
						<String ID="P101_ST00115" HPOS="445" VPOS="1412" WIDTH="293" HEIGHT="41" CONTENT="morceau." WC="0.99" CC="03604004"/>
						<SP ID="P101_SP00102" HPOS="738" VPOS="1464" WIDTH="41"/>
						<String ID="P101_ST00116" HPOS="779" VPOS="1398" WIDTH="77" HEIGHT="56" CONTENT="Sa" WC="1.00" CC="00"/>
						<SP ID="P101_SP00103" HPOS="856" VPOS="1464" WIDTH="40"/>
						<String ID="P101_ST00117" HPOS="896" VPOS="1398" WIDTH="222" HEIGHT="60" CONTENT="diction" WC="1.00" CC="0000020"/>
						<SP ID="P101_SP00104" HPOS="1118" VPOS="1464" WIDTH="35"/>
						<String ID="P101_ST00118" HPOS="1153" VPOS="1403" WIDTH="372" HEIGHT="75" CONTENT="larmoyante" WC="1.00" CC="0050100002"/>
						<SP ID="P101_SP00105" HPOS="1525" VPOS="1478" WIDTH="39"/>
						<String ID="P101_ST00119" HPOS="1564" VPOS="1413" WIDTH="61" HEIGHT="51" CONTENT="et" WC="0.78" CC="40"/>
						<SP ID="P101_SP00106" HPOS="1625" VPOS="1478" WIDTH="36"/>
						<String ID="P101_ST00120" HPOS="1661" VPOS="1411" WIDTH="240" HEIGHT="56" CONTENT="confuse" WC="0.99" CC="0006605"/>
						<SP ID="P101_SP00107" HPOS="1901" VPOS="1478" WIDTH="23"/>
						<String ID="P101_ST00121" HPOS="1924" VPOS="1413" WIDTH="102" HEIGHT="55" CONTENT="eût" WC="0.98" CC="400"/>
						<SP ID="P101_SP00108" HPOS="2026" VPOS="1478" WIDTH="23"/>
						<String ID="P101_ST00122" HPOS="2049" VPOS="1415" WIDTH="179" HEIGHT="55" CONTENT="certai" SUBS_TYPE="HypPart1" SUBS_CONTENT="certainement" WC="0.99" CC="032000"/>
						<HYP HPOS="2228" VPOS="1415" WIDTH="29" CONTENT="-"/>
					</TextLine>
					<TextLine ID="P101_TL00015" HPOS="165" VPOS="1477" WIDTH="2088" HEIGHT="89">
						<String ID="P101_ST00123" HPOS="165" VPOS="1481" WIDTH="230" HEIGHT="48" CONTENT="nement" SUBS_TYPE="HypPart2" SUBS_CONTENT="certainement" WC="1.00" CC="000000"/>
						<SP ID="P101_SP00109" HPOS="395" VPOS="1529" WIDTH="50"/>
						<String ID="P101_ST00124" HPOS="445" VPOS="1477" WIDTH="282" HEIGHT="57" CONTENT="déchaîné" WC="1.00" CC="03000200"/>
						<SP ID="P101_SP00110" HPOS="727" VPOS="1534" WIDTH="47"/>
						<String ID="P101_ST00125" HPOS="774" VPOS="1497" WIDTH="100" HEIGHT="38" CONTENT="sur" WC="0.96" CC="071"/>
						<SP ID="P101_SP00111" HPOS="874" VPOS="1535" WIDTH="44"/>
						<String ID="P101_ST00126" HPOS="918" VPOS="1481" WIDTH="84" HEIGHT="55" CONTENT="lui" WC="0.97" CC="070"/>
						<SP ID="P101_SP00112" HPOS="1002" VPOS="1536" WIDTH="46"/>
						<String ID="P101_ST00127" HPOS="1048" VPOS="1482" WIDTH="60" HEIGHT="56" CONTENT="la" WC="1.00" CC="00"/>
						<SP ID="P101_SP00113" HPOS="1108" VPOS="1538" WIDTH="47"/>
						<String ID="P101_ST00128" HPOS="1155" VPOS="1486" WIDTH="186" HEIGHT="56" CONTENT="colère" WC="1.00" CC="030000"/>
						<SP ID="P101_SP00114" HPOS="1341" VPOS="1542" WIDTH="49"/>
						<String ID="P101_ST00129" HPOS="1390" VPOS="1487" WIDTH="72" HEIGHT="56" CONTENT="de" WC="1.00" CC="00"/>
						<SP ID="P101_SP00115" HPOS="1462" VPOS="1543" WIDTH="34"/>
						<String ID="P101_ST00130" HPOS="1496" VPOS="1488" WIDTH="309" HEIGHT="60" CONTENT="l'irascible" WC="1.00" CC="03030201000"/>
						<SP ID="P101_SP00116" HPOS="1805" VPOS="1548" WIDTH="47"/>
						<String ID="P101_ST00131" HPOS="1852" VPOS="1492" WIDTH="192" HEIGHT="74" CONTENT="Lully." WC="0.71" CC="162024"/>
						<SP ID="P101_SP00117" HPOS="2044" VPOS="1566" WIDTH="50"/>
						<String ID="P101_ST00132" HPOS="2094" VPOS="1496" WIDTH="51" HEIGHT="53" CONTENT="Il" WC="1.00" CC="00"/>
						<SP ID="P101_SP00118" HPOS="2145" VPOS="1566" WIDTH="47"/>
						<String ID="P101_ST00133" HPOS="2192" VPOS="1514" WIDTH="61" HEIGHT="39" CONTENT="se" WC="1.00" CC="00"/>
					</TextLine>
					<TextLine ID="P101_TL00016" HPOS="165" VPOS="1559" WIDTH="2087" HEIGHT="73">
						<String ID="P101_ST00134" HPOS="165" VPOS="1561" WIDTH="228" HEIGHT="49" CONTENT="montra" WC="0.98" CC="960000"/>
						<SP ID="P101_SP00119" HPOS="393" VPOS="1610" WIDTH="38"/>
						<String ID="P101_ST00135" HPOS="431" VPOS="1575" WIDTH="77" HEIGHT="38" CONTENT="au" WC="0.66" CC="06"/>
						<SP ID="P101_SP00120" HPOS="508" VPOS="1613" WIDTH="37"/>
						<String ID="P101_ST00136" HPOS="545" VPOS="1559" WIDTH="292" HEIGHT="57" CONTENT="contraire" WC="0.99" CC="140530053"/>
						<SP ID="P101_SP00121" HPOS="837" VPOS="1616" WIDTH="40"/>
						<String ID="P101_ST00137" HPOS="877" VPOS="1563" WIDTH="287" HEIGHT="57" CONTENT="excellent" WC="1.00" CC="400400120"/>
						<SP ID="P101_SP00122" HPOS="1164" VPOS="1620" WIDTH="39"/>
						<String ID="P101_ST00138" HPOS="1203" VPOS="1567" WIDTH="288" HEIGHT="58" CONTENT="chanteur" WC="0.99" CC="00900068"/>
						<SP ID="P101_SP00123" HPOS="1491" VPOS="1625" WIDTH="36"/>
						<String ID="P101_ST00139" HPOS="1527" VPOS="1576" WIDTH="62" HEIGHT="51" CONTENT="et" WC="0.69" CC="60"/>
						<SP ID="P101_SP00124" HPOS="1589" VPOS="1627" WIDTH="37"/>
						<String ID="P101_ST00140" HPOS="1626" VPOS="1572" WIDTH="120" HEIGHT="56" CONTENT="bon" WC="1.00" CC="000"/>
						<SP ID="P101_SP00125" HPOS="1746" VPOS="1628" WIDTH="39"/>
						<String ID="P101_ST00141" HPOS="1785" VPOS="1573" WIDTH="279" HEIGHT="57" CONTENT="musicien" WC="0.99" CC="04040074"/>
						<SP ID="P101_SP00126" HPOS="2064" VPOS="1630" WIDTH="41"/>
						<String ID="P101_ST00142" HPOS="2105" VPOS="1577" WIDTH="147" HEIGHT="55" CONTENT="dans" WC="0.99" CC="0050"/>
					</TextLine>
					<TextLine ID="P101_TL00017" HPOS="164" VPOS="1633" WIDTH="2089" HEIGHT="95">
						<String ID="P101_ST00143" HPOS="164" VPOS="1633" WIDTH="52" HEIGHT="56" CONTENT="la" WC="0.80" CC="40"/>
						<SP ID="P101_SP00127" HPOS="216" VPOS="1689" WIDTH="37"/>
						<String ID="P101_ST00144" HPOS="253" VPOS="1642" WIDTH="239" HEIGHT="52" CONTENT="cantate" WC="1.00" CC="0000001"/>
						<SP ID="P101_SP00128" HPOS="492" VPOS="1694" WIDTH="24"/>
						<String ID="P101_ST00145" HPOS="516" VPOS="1658" WIDTH="11" HEIGHT="35" CONTENT=":" WC="0.83" CC="1"/>
						<SP ID="P101_SP00129" HPOS="527" VPOS="1694" WIDTH="42"/>
						<String ID="P101_ST00146" HPOS="569" VPOS="1639" WIDTH="104" HEIGHT="55" CONTENT="Ich" WC="0.73" CC="025" STYLEREFS="TXT_2"/>
						<SP ID="P101_SP00130" HPOS="673" VPOS="1694" WIDTH="22"/>
						<String ID="P101_ST00147" HPOS="695" VPOS="1641" WIDTH="145" HEIGHT="56" CONTENT="hatte" WC="0.56" CC="24760" STYLEREFS="TXT_2"/>
						<SP ID="P101_SP00131" HPOS="840" VPOS="1697" WIDTH="21"/>
						<String ID="P101_ST00148" HPOS="861" VPOS="1642" WIDTH="113" HEIGHT="56" CONTENT="viel" WC="0.76" CC="5040" STYLEREFS="TXT_2"/>
						<SP ID="P101_SP00132" HPOS="974" VPOS="1698" WIDTH="37"/>
						<String ID="P101_ST00149" HPOS="1011" VPOS="1646" WIDTH="452" HEIGHT="58" CONTENT="Bekutnmernis." WC="0.57" CC="0406861476016" STYLEREFS="TXT_2"/>
						<SP ID="P101_SP00133" HPOS="1463" VPOS="1704" WIDTH="43"/>
						<String ID="P101_ST00150" HPOS="1506" VPOS="1651" WIDTH="174" HEIGHT="70" CONTENT="C'est," WC="1.00" CC="000004"/>
						<SP ID="P101_SP00134" HPOS="1680" VPOS="1721" WIDTH="42"/>
						<String ID="P101_ST00151" HPOS="1722" VPOS="1653" WIDTH="56" HEIGHT="71" CONTENT="je" WC="0.78" CC="40"/>
						<SP ID="P101_SP00135" HPOS="1778" VPOS="1724" WIDTH="38"/>
						<String ID="P101_ST00152" HPOS="1816" VPOS="1655" WIDTH="167" HEIGHT="69" CONTENT="crois," WC="0.99" CC="302010"/>
						<SP ID="P101_SP00136" HPOS="1983" VPOS="1724" WIDTH="40"/>
						<String ID="P101_ST00153" HPOS="2023" VPOS="1655" WIDTH="57" HEIGHT="55" CONTENT="la" WC="0.97" CC="00"/>
						<SP ID="P101_SP00137" HPOS="2080" VPOS="1724" WIDTH="40"/>
						<String ID="P101_ST00154" HPOS="2120" VPOS="1657" WIDTH="133" HEIGHT="71" CONTENT="plus" WC="0.99" CC="0060"/>
					</TextLine>
					<TextLine ID="P101_TL00018" HPOS="164" VPOS="1721" WIDTH="2087" HEIGHT="78">
						<String ID="P101_ST00155" HPOS="164" VPOS="1733" WIDTH="218" HEIGHT="40" CONTENT="connue" WC="0.99" CC="000062"/>
						<SP ID="P101_SP00138" HPOS="382" VPOS="1773" WIDTH="50"/>
						<String ID="P101_ST00156" HPOS="432" VPOS="1721" WIDTH="102" HEIGHT="54" CONTENT="des" WC="0.98" CC="060"/>
						<SP ID="P101_SP00139" HPOS="534" VPOS="1775" WIDTH="48"/>
						<String ID="P101_ST00157" HPOS="582" VPOS="1728" WIDTH="273" HEIGHT="52" CONTENT="cantates" WC="1.00" CC="00000000"/>
						<SP ID="P101_SP00140" HPOS="855" VPOS="1780" WIDTH="49"/>
						<String ID="P101_ST00158" HPOS="904" VPOS="1726" WIDTH="72" HEIGHT="56" CONTENT="de" WC="1.00" CC="00"/>
						<SP ID="P101_SP00141" HPOS="976" VPOS="1782" WIDTH="50"/>
						<String ID="P101_ST00159" HPOS="1026" VPOS="1727" WIDTH="183" HEIGHT="72" CONTENT="Bach," WC="0.99" CC="30004"/>
						<SP ID="P101_SP00142" HPOS="1209" VPOS="1799" WIDTH="50"/>
						<String ID="P101_ST00160" HPOS="1259" VPOS="1731" WIDTH="146" HEIGHT="56" CONTENT="c'est" WC="1.00" CC="01020"/>
						<SP ID="P101_SP00143" HPOS="1405" VPOS="1799" WIDTH="49"/>
						<String ID="P101_ST00161" HPOS="1454" VPOS="1732" WIDTH="295" HEIGHT="58" CONTENT="d'ailleurs" WC="1.00" CC="0300000720"/>
						<SP ID="P101_SP00144" HPOS="1749" VPOS="1799" WIDTH="46"/>
						<String ID="P101_ST00162" HPOS="1795" VPOS="1755" WIDTH="115" HEIGHT="37" CONTENT="une" WC="0.97" CC="700"/>
						<SP ID="P101_SP00145" HPOS="1910" VPOS="1799" WIDTH="51"/>
						<String ID="P101_ST00163" HPOS="1961" VPOS="1738" WIDTH="71" HEIGHT="55" CONTENT="de" WC="0.83" CC="03"/>
						<SP ID="P101_SP00146" HPOS="2032" VPOS="1799" WIDTH="48"/>
						<String ID="P101_ST00164" HPOS="2080" VPOS="1738" WIDTH="171" HEIGHT="58" CONTENT="celles" WC="1.00" CC="000300"/>
					</TextLine>
					<TextLine ID="P101_TL00019" HPOS="163" VPOS="1797" WIDTH="2085" HEIGHT="94">
						<String ID="P101_ST00165" HPOS="163" VPOS="1797" WIDTH="72" HEIGHT="54" CONTENT="où" WC="0.80" CC="21"/>
						<SP ID="P101_SP00147" HPOS="235" VPOS="1851" WIDTH="31"/>
						<String ID="P101_ST00166" HPOS="266" VPOS="1797" WIDTH="50" HEIGHT="56" CONTENT="le" WC="1.00" CC="00"/>
						<SP ID="P101_SP00148" HPOS="316" VPOS="1853" WIDTH="33"/>
						<String ID="P101_ST00167" HPOS="349" VPOS="1801" WIDTH="209" HEIGHT="56" CONTENT="maître" WC="0.99" CC="000033"/>
						<SP ID="P101_SP00149" HPOS="558" VPOS="1857" WIDTH="34"/>
						<String ID="P101_ST00168" HPOS="592" VPOS="1803" WIDTH="312" HEIGHT="60" CONTENT="manifeste" WC="1.00" CC="000000000"/>
						<SP ID="P101_SP00150" HPOS="904" VPOS="1863" WIDTH="33"/>
						<String ID="P101_ST00169" HPOS="937" VPOS="1825" WIDTH="144" HEIGHT="39" CONTENT="avec" WC="0.99" CC="0020"/>
						<SP ID="P101_SP00151" HPOS="1081" VPOS="1864" WIDTH="33"/>
						<String ID="P101_ST00170" HPOS="1114" VPOS="1808" WIDTH="53" HEIGHT="57" CONTENT="le" WC="0.85" CC="02"/>
						<SP ID="P101_SP00152" HPOS="1167" VPOS="1865" WIDTH="33"/>
						<String ID="P101_ST00171" HPOS="1200" VPOS="1811" WIDTH="134" HEIGHT="72" CONTENT="plus" WC="0.97" CC="0263"/>
						<SP ID="P101_SP00153" HPOS="1334" VPOS="1883" WIDTH="31"/>
						<String ID="P101_ST00172" HPOS="1365" VPOS="1813" WIDTH="73" HEIGHT="56" CONTENT="de" WC="0.91" CC="01"/>
						<SP ID="P101_SP00154" HPOS="1438" VPOS="1883" WIDTH="33"/>
						<String ID="P101_ST00173" HPOS="1471" VPOS="1815" WIDTH="236" HEIGHT="72" CONTENT="lyrisme" WC="0.98" CC="8050504"/>
						<SP ID="P101_SP00155" HPOS="1707" VPOS="1887" WIDTH="32"/>
						<String ID="P101_ST00174" HPOS="1739" VPOS="1834" WIDTH="93" HEIGHT="38" CONTENT="ses" WC="0.97" CC="044"/>
						<SP ID="P101_SP00156" HPOS="1832" VPOS="1887" WIDTH="30"/>
						<String ID="P101_ST00175" HPOS="1862" VPOS="1817" WIDTH="293" HEIGHT="74" CONTENT="angoisses" WC="0.99" CC="037005300"/>
						<SP ID="P101_SP00157" HPOS="2155" VPOS="1891" WIDTH="31"/>
						<String ID="P101_ST00176" HPOS="2186" VPOS="1825" WIDTH="62" HEIGHT="51" CONTENT="et" WC="0.70" CC="50"/>
					</TextLine>
					<TextLine ID="P101_TL00020" HPOS="163" VPOS="1882" WIDTH="2085" HEIGHT="89">
						<String ID="P101_ST00177" HPOS="163" VPOS="1893" WIDTH="86" HEIGHT="40" CONTENT="ses" WC="0.98" CC="004"/>
						<SP ID="P101_SP00158" HPOS="249" VPOS="1933" WIDTH="28"/>
						<String ID="P101_ST00178" HPOS="277" VPOS="1882" WIDTH="356" HEIGHT="70" CONTENT="espérances." WC="1.00" CC="00004004324"/>
						<SP ID="P101_SP00159" HPOS="633" VPOS="1952" WIDTH="17"/>
						<String ID="P101_ST00179" HPOS="650" VPOS="1883" WIDTH="74" HEIGHT="73" CONTENT="Je" WC="0.84" CC="30"/>
						<SP ID="P101_SP00160" HPOS="724" VPOS="1956" WIDTH="22"/>
						<String ID="P101_ST00180" HPOS="746" VPOS="1905" WIDTH="73" HEIGHT="37" CONTENT="ne" WC="1.00" CC="00"/>
						<SP ID="P101_SP00161" HPOS="819" VPOS="1956" WIDTH="31"/>
						<String ID="P101_ST00181" HPOS="850" VPOS="1887" WIDTH="117" HEIGHT="55" CONTENT="sais" WC="0.99" CC="3000"/>
						<SP ID="P101_SP00162" HPOS="967" VPOS="1956" WIDTH="21"/>
						<String ID="P101_ST00182" HPOS="988" VPOS="1888" WIDTH="49" HEIGHT="55" CONTENT="si" WC="1.00" CC="00"/>
						<SP ID="P101_SP00163" HPOS="1037" VPOS="1956" WIDTH="20"/>
						<String ID="P101_ST00183" HPOS="1057" VPOS="1888" WIDTH="292" HEIGHT="60" CONTENT="l'absence" WC="1.00" CC="020502010"/>
						<SP ID="P101_SP00164" HPOS="1349" VPOS="1956" WIDTH="24"/>
						<String ID="P101_ST00184" HPOS="1373" VPOS="1893" WIDTH="71" HEIGHT="58" CONTENT="de" WC="0.74" CC="05"/>
						<SP ID="P101_SP00165" HPOS="1444" VPOS="1956" WIDTH="24"/>
						<String ID="P101_ST00185" HPOS="1468" VPOS="1897" WIDTH="78" HEIGHT="54" CONTENT="M." WC="0.82" CC="03"/>
						<SP ID="P101_SP00166" HPOS="1546" VPOS="1956" WIDTH="20"/>
						<String ID="P101_ST00186" HPOS="1566" VPOS="1895" WIDTH="250" HEIGHT="58" CONTENT="Vincent" WC="1.00" CC="4000000"/>
						<SP ID="P101_SP00167" HPOS="1816" VPOS="1956" WIDTH="18"/>
						<String ID="P101_ST00187" HPOS="1834" VPOS="1897" WIDTH="217" HEIGHT="74" CONTENT="d'lndy" WC="0.92" CC="031000"/>
						<SP ID="P101_SP00168" HPOS="2051" VPOS="1971" WIDTH="17"/>
						<String ID="P101_ST00188" HPOS="2068" VPOS="1917" WIDTH="71" HEIGHT="37" CONTENT="en" WC="1.00" CC="00"/>
						<SP ID="P101_SP00169" HPOS="2139" VPOS="1971" WIDTH="15"/>
						<String ID="P101_ST00189" HPOS="2154" VPOS="1900" WIDTH="94" HEIGHT="56" CONTENT="fat" WC="0.95" CC="670"/>
					</TextLine>
					<TextLine ID="P101_TL00021" HPOS="163" VPOS="1961" WIDTH="2085" HEIGHT="92">
						<String ID="P101_ST00190" HPOS="163" VPOS="1975" WIDTH="180" HEIGHT="56" CONTENT="cause," WC="0.99" CC="007023"/>
						<SP ID="P101_SP00170" HPOS="343" VPOS="2031" WIDTH="28"/>
						<String ID="P101_ST00191" HPOS="371" VPOS="1961" WIDTH="149" HEIGHT="57" CONTENT="mais" WC="1.00" CC="0000"/>
						<SP ID="P101_SP00171" HPOS="520" VPOS="2031" WIDTH="23"/>
						<String ID="P101_ST00192" HPOS="543" VPOS="1963" WIDTH="355" HEIGHT="61" CONTENT="l'exécution" WC="0.99" CC="13004050060"/>
						<SP ID="P101_SP00172" HPOS="898" VPOS="2031" WIDTH="23"/>
						<String ID="P101_ST00193" HPOS="921" VPOS="1968" WIDTH="174" HEIGHT="57" CONTENT="laissa" WC="1.00" CC="000000"/>
						<SP ID="P101_SP00173" HPOS="1095" VPOS="2031" WIDTH="24"/>
						<String ID="P101_ST00194" HPOS="1119" VPOS="1972" WIDTH="309" HEIGHT="75" CONTENT="beaucoup" WC="0.99" CC="60060070"/>
						<SP ID="P101_SP00174" HPOS="1428" VPOS="2047" WIDTH="26"/>
						<String ID="P101_ST00195" HPOS="1454" VPOS="1977" WIDTH="36" HEIGHT="54" CONTENT="à" WC="0.86" CC="1"/>
						<SP ID="P101_SP00175" HPOS="1490" VPOS="2047" WIDTH="25"/>
						<String ID="P101_ST00196" HPOS="1515" VPOS="1976" WIDTH="233" HEIGHT="57" CONTENT="désirer." WC="0.99" CC="01003304"/>
						<SP ID="P101_SP00176" HPOS="1748" VPOS="2047" WIDTH="42"/>
						<String ID="P101_ST00197" HPOS="1790" VPOS="1978" WIDTH="134" HEIGHT="56" CONTENT="Mlle" WC="0.99" CC="0050"/>
						<SP ID="P101_SP00177" HPOS="1924" VPOS="2047" WIDTH="27"/>
						<String ID="P101_ST00198" HPOS="1951" VPOS="1980" WIDTH="297" HEIGHT="73" CONTENT="Pironnay" WC="0.76" CC="00630008"/>
					</TextLine>
					<TextLine ID="P101_TL00022" HPOS="163" VPOS="2044" WIDTH="2081" HEIGHT="74">
						<String ID="P101_ST00199" HPOS="163" VPOS="2048" WIDTH="272" HEIGHT="50" CONTENT="accentua" WC="0.99" CC="70008060"/>
						<SP ID="P101_SP00178" HPOS="435" VPOS="2098" WIDTH="41"/>
						<String ID="P101_ST00200" HPOS="476" VPOS="2044" WIDTH="503" HEIGHT="73" CONTENT="déplorablement" WC="0.94" CC="00025000000000"/>
						<SP ID="P101_SP00179" HPOS="979" VPOS="2117" WIDTH="42"/>
						<String ID="P101_ST00201" HPOS="1021" VPOS="2052" WIDTH="54" HEIGHT="56" CONTENT="le" WC="1.00" CC="00"/>
						<SP ID="P101_SP00180" HPOS="1075" VPOS="2117" WIDTH="39"/>
						<String ID="P101_ST00202" HPOS="1114" VPOS="2056" WIDTH="296" HEIGHT="56" CONTENT="caractère" WC="0.99" CC="006000053"/>
						<SP ID="P101_SP00181" HPOS="1410" VPOS="2117" WIDTH="42"/>
						<String ID="P101_ST00203" HPOS="1452" VPOS="2058" WIDTH="72" HEIGHT="56" CONTENT="de" WC="0.86" CC="02"/>
						<SP ID="P101_SP00182" HPOS="1524" VPOS="2117" WIDTH="41"/>
						<String ID="P101_ST00204" HPOS="1565" VPOS="2060" WIDTH="281" HEIGHT="56" CONTENT="dévotion" WC="1.00" CC="00030000"/>
						<SP ID="P101_SP00183" HPOS="1846" VPOS="2117" WIDTH="48"/>
						<String ID="P101_ST00205" HPOS="1894" VPOS="2060" WIDTH="350" HEIGHT="58" CONTENT="doucereuse" WC="0.99" CC="0250060500"/>
					</TextLine>
					<TextLine ID="P101_TL00023" HPOS="162" VPOS="2119" WIDTH="2082" HEIGHT="83">
						<String ID="P101_ST00206" HPOS="162" VPOS="2119" WIDTH="73" HEIGHT="56" CONTENT="du" WC="0.18" CC="96"/>
						<SP ID="P101_SP00184" HPOS="235" VPOS="2175" WIDTH="36"/>
						<String ID="P101_ST00207" HPOS="271" VPOS="2123" WIDTH="205" HEIGHT="57" CONTENT="duetto" WC="0.88" CC="070000"/>
						<SP ID="P101_SP00185" HPOS="476" VPOS="2180" WIDTH="23"/>
						<String ID="P101_ST00208" HPOS="499" VPOS="2145" WIDTH="10" HEIGHT="34" CONTENT=":" WC="1.00" CC="0"/>
						<SP ID="P101_SP00186" HPOS="509" VPOS="2180" WIDTH="426"/>
						<String ID="P101_ST00209" HPOS="935" VPOS="2126" WIDTH="176" HEIGHT="57" CONTENT="Viens" WC="0.99" CC="00640" STYLEREFS="TXT_2"/>
						<SP ID="P101_SP00187" HPOS="1111" VPOS="2183" WIDTH="251"/>
						<String ID="P101_ST00210" HPOS="1362" VPOS="2130" WIDTH="193" HEIGHT="72" CONTENT="Jésus," WC="0.97" CC="572903" STYLEREFS="TXT_2"/>
						<SP ID="P101_SP00188" HPOS="1555" VPOS="2202" WIDTH="24"/>
						<String ID="P101_ST00211" HPOS="1579" VPOS="2151" WIDTH="132" HEIGHT="37" CONTENT="mon" WC="0.96" CC="503" STYLEREFS="TXT_2"/>
						<SP ID="P101_SP00189" HPOS="1711" VPOS="2202" WIDTH="24"/>
						<String ID="P101_ST00212" HPOS="1735" VPOS="2133" WIDTH="123" HEIGHT="58" CONTENT="âme" WC="0.96" CC="045" STYLEREFS="TXT_2"/>
						<SP ID="P101_SP00190" HPOS="1858" VPOS="2202" WIDTH="-265"/>
						<String ID="P101_ST00213" HPOS="1593" VPOS="2142" WIDTH="292" HEIGHT="50" CONTENT="est" WC="0.95" CC="256" STYLEREFS="TXT_3"/>
						<SP ID="P101_SP00191" HPOS="1885" VPOS="2202" WIDTH="1"/>
						<String ID="P101_ST00214" HPOS="1886" VPOS="2140" WIDTH="66" HEIGHT="57" CONTENT="Vraiment" WC="1.00" CC="12000000"/>
						<SP ID="P101_SP00192" HPOS="1952" VPOS="2202" WIDTH="1"/>
						<String ID="P101_ST00215" HPOS="1953" VPOS="2160" WIDTH="60" HEIGHT="38" CONTENT="on" WC="0.78" CC="40"/>
						<SP ID="P101_SP00193" HPOS="2013" VPOS="2202" WIDTH="37"/>
						<String ID="P101_ST00216" HPOS="2050" VPOS="2142" WIDTH="194" HEIGHT="57" CONTENT="aurait" WC="0.99" CC="061000"/>
					</TextLine>
					<TextLine ID="P101_TL00024" HPOS="163" VPOS="2201" WIDTH="2079" HEIGHT="95">
						<String ID="P101_ST00217" HPOS="163" VPOS="2201" WIDTH="72" HEIGHT="54" CONTENT="dû" WC="0.59" CC="80"/>
						<SP ID="P101_SP00194" HPOS="235" VPOS="2255" WIDTH="34"/>
						<String ID="P101_ST00218" HPOS="269" VPOS="2206" WIDTH="216" HEIGHT="54" CONTENT="avertir" WC="0.99" CC="0706003"/>
						<SP ID="P101_SP00195" HPOS="485" VPOS="2260" WIDTH="33"/>
						<String ID="P101_ST00219" HPOS="518" VPOS="2215" WIDTH="158" HEIGHT="50" CONTENT="cette" WC="1.00" CC="00002"/>
						<SP ID="P101_SP00196" HPOS="676" VPOS="2265" WIDTH="33"/>
						<String ID="P101_ST00220" HPOS="709" VPOS="2210" WIDTH="174" HEIGHT="72" CONTENT="jeune" WC="0.98" CC="44700"/>
						<SP ID="P101_SP00197" HPOS="883" VPOS="2282" WIDTH="35"/>
						<String ID="P101_ST00221" HPOS="918" VPOS="2213" WIDTH="226" HEIGHT="73" CONTENT="artiste," WC="0.99" CC="05001044"/>
						<SP ID="P101_SP00198" HPOS="1144" VPOS="2286" WIDTH="37"/>
						<String ID="P101_ST00222" HPOS="1181" VPOS="2217" WIDTH="148" HEIGHT="57" CONTENT="dont" WC="0.99" CC="0400"/>
						<SP ID="P101_SP00199" HPOS="1329" VPOS="2286" WIDTH="34"/>
						<String ID="P101_ST00223" HPOS="1363" VPOS="2218" WIDTH="58" HEIGHT="58" CONTENT="la" WC="1.00" CC="00"/>
						<SP ID="P101_SP00200" HPOS="1421" VPOS="2286" WIDTH="35"/>
						<String ID="P101_ST00224" HPOS="1456" VPOS="2221" WIDTH="141" HEIGHT="56" CONTENT="voix" WC="1.00" CC="0000"/>
						<SP ID="P101_SP00201" HPOS="1597" VPOS="2286" WIDTH="33"/>
						<String ID="P101_ST00225" HPOS="1630" VPOS="2240" WIDTH="73" HEIGHT="38" CONTENT="ne" WC="1.00" CC="00"/>
						<SP ID="P101_SP00202" HPOS="1703" VPOS="2286" WIDTH="36"/>
						<String ID="P101_ST00226" HPOS="1739" VPOS="2240" WIDTH="255" HEIGHT="56" CONTENT="manque" WC="0.99" CC="000071"/>
						<SP ID="P101_SP00203" HPOS="1994" VPOS="2296" WIDTH="33"/>
						<String ID="P101_ST00227" HPOS="2027" VPOS="2243" WIDTH="108" HEIGHT="53" CONTENT="pas" WC="1.00" CC="000"/>
						<SP ID="P101_SP00204" HPOS="2135" VPOS="2296" WIDTH="34"/>
						<String ID="P101_ST00228" HPOS="2169" VPOS="2225" WIDTH="73" HEIGHT="56" CONTENT="de" WC="0.72" CC="05"/>
					</TextLine>
					<TextLine ID="P101_TL00025" HPOS="160" VPOS="2279" WIDTH="2082" HEIGHT="86">
						<String ID="P101_ST00229" HPOS="160" VPOS="2279" WIDTH="296" HEIGHT="77" CONTENT="fraîcheur," WC="0.99" CC="6700060763"/>
						<SP ID="P101_SP00205" HPOS="456" VPOS="2356" WIDTH="41"/>
						<String ID="P101_ST00230" HPOS="497" VPOS="2290" WIDTH="72" HEIGHT="54" CONTENT="de" WC="1.00" CC="00"/>
						<SP ID="P101_SP00206" HPOS="569" VPOS="2356" WIDTH="37"/>
						<String ID="P101_ST00231" HPOS="606" VPOS="2309" WIDTH="75" HEIGHT="38" CONTENT="ne" WC="1.00" CC="00"/>
						<SP ID="P101_SP00207" HPOS="681" VPOS="2356" WIDTH="38"/>
						<String ID="P101_ST00232" HPOS="719" VPOS="2310" WIDTH="107" HEIGHT="55" CONTENT="pas" WC="1.00" CC="000"/>
						<SP ID="P101_SP00208" HPOS="826" VPOS="2365" WIDTH="39"/>
						<String ID="P101_ST00233" HPOS="865" VPOS="2295" WIDTH="246" HEIGHT="57" CONTENT="chanter" WC="0.99" CC="0600045"/>
						<SP ID="P101_SP00209" HPOS="1111" VPOS="2365" WIDTH="36"/>
						<String ID="P101_ST00234" HPOS="1147" VPOS="2316" WIDTH="118" HEIGHT="40" CONTENT="une" WC="0.98" CC="600"/>
						<SP ID="P101_SP00210" HPOS="1265" VPOS="2365" WIDTH="37"/>
						<String ID="P101_ST00235" HPOS="1302" VPOS="2306" WIDTH="241" HEIGHT="52" CONTENT="cantate" WC="1.00" CC="0000000"/>
						<SP ID="P101_SP00211" HPOS="1543" VPOS="2365" WIDTH="37"/>
						<String ID="P101_ST00236" HPOS="1580" VPOS="2304" WIDTH="75" HEIGHT="54" CONTENT="de" WC="1.00" CC="00"/>
						<SP ID="P101_SP00212" HPOS="1655" VPOS="2365" WIDTH="39"/>
						<String ID="P101_ST00237" HPOS="1694" VPOS="2304" WIDTH="164" HEIGHT="54" CONTENT="Bach" WC="0.98" CC="1006"/>
						<SP ID="P101_SP00213" HPOS="1858" VPOS="2365" WIDTH="36"/>
						<String ID="P101_ST00238" HPOS="1894" VPOS="2321" WIDTH="228" HEIGHT="40" CONTENT="comme" WC="0.99" CC="04000"/>
						<SP ID="P101_SP00214" HPOS="2122" VPOS="2365" WIDTH="36"/>
						<String ID="P101_ST00239" HPOS="2158" VPOS="2324" WIDTH="84" HEIGHT="37" CONTENT="un" WC="0.65" CC="70"/>
					</TextLine>
					<TextLine ID="P101_TL00026" HPOS="160" VPOS="2362" WIDTH="2081" HEIGHT="95">
						<String ID="P101_ST00240" HPOS="160" VPOS="2362" WIDTH="109" HEIGHT="56" CONTENT="duo" WC="0.92" CC="875"/>
						<SP ID="P101_SP00215" HPOS="269" VPOS="2418" WIDTH="33"/>
						<String ID="P101_ST00241" HPOS="302" VPOS="2384" WIDTH="322" HEIGHT="41" CONTENT="amoureux" WC="0.98" CC="20566870"/>
						<SP ID="P101_SP00216" HPOS="624" VPOS="2425" WIDTH="34"/>
						<String ID="P101_ST00242" HPOS="658" VPOS="2373" WIDTH="74" HEIGHT="55" CONTENT="de" WC="1.00" CC="00"/>
						<SP ID="P101_SP00217" HPOS="732" VPOS="2428" WIDTH="35"/>
						<String ID="P101_ST00243" HPOS="767" VPOS="2375" WIDTH="311" HEIGHT="58" CONTENT="Massenet." WC="0.90" CC="000010204"/>
						<SP ID="P101_SP00218" HPOS="1078" VPOS="2433" WIDTH="39"/>
						<String ID="P101_ST00244" HPOS="1117" VPOS="2378" WIDTH="110" HEIGHT="58" CONTENT="Les" WC="1.00" CC="100"/>
						<SP ID="P101_SP00219" HPOS="1227" VPOS="2436" WIDTH="34"/>
						<String ID="P101_ST00245" HPOS="1261" VPOS="2381" WIDTH="234" HEIGHT="57" CONTENT="chœurs" WC="0.98" CC="140650"/>
						<SP ID="P101_SP00220" HPOS="1495" VPOS="2438" WIDTH="34"/>
						<String ID="P101_ST00246" HPOS="1529" VPOS="2384" WIDTH="197" HEIGHT="55" CONTENT="furent" WC="0.99" CC="076000"/>
						<SP ID="P101_SP00221" HPOS="1726" VPOS="2439" WIDTH="37"/>
						<String ID="P101_ST00247" HPOS="1763" VPOS="2385" WIDTH="201" HEIGHT="72" CONTENT="dignes" WC="1.00" CC="000000"/>
						<SP ID="P101_SP00222" HPOS="1964" VPOS="2457" WIDTH="34"/>
						<String ID="P101_ST00248" HPOS="1998" VPOS="2387" WIDTH="72" HEIGHT="55" CONTENT="de" WC="0.81" CC="03"/>
						<SP ID="P101_SP00223" HPOS="2070" VPOS="2457" WIDTH="35"/>
						<String ID="P101_ST00249" HPOS="2105" VPOS="2392" WIDTH="136" HEIGHT="50" CONTENT="tous" WC="0.98" CC="0160"/>
					</TextLine>
					<TextLine ID="P101_TL00027" HPOS="158" VPOS="2441" WIDTH="2079" HEIGHT="99">
						<String ID="P101_ST00250" HPOS="158" VPOS="2441" WIDTH="76" HEIGHT="57" CONTENT="les" WC="0.97" CC="411"/>
						<SP ID="P101_SP00224" HPOS="234" VPOS="2498" WIDTH="39"/>
						<String ID="P101_ST00251" HPOS="273" VPOS="2447" WIDTH="188" HEIGHT="74" CONTENT="éloges" WC="0.98" CC="454900"/>
						<SP ID="P101_SP00225" HPOS="461" VPOS="2521" WIDTH="22"/>
						<String ID="P101_ST00252" HPOS="483" VPOS="2471" WIDTH="10" HEIGHT="34" CONTENT=":" WC="1.00" CC="0"/>
						<SP ID="P101_SP00226" HPOS="493" VPOS="2521" WIDTH="24"/>
						<String ID="P101_ST00253" HPOS="517" VPOS="2451" WIDTH="57" HEIGHT="72" CONTENT="je" WC="0.54" CC="44"/>
						<SP ID="P101_SP00227" HPOS="574" VPOS="2523" WIDTH="42"/>
						<String ID="P101_ST00254" HPOS="616" VPOS="2452" WIDTH="84" HEIGHT="57" CONTENT="les" WC="1.00" CC="000"/>
						<SP ID="P101_SP00228" HPOS="700" VPOS="2523" WIDTH="43"/>
						<String ID="P101_ST00255" HPOS="743" VPOS="2455" WIDTH="57" HEIGHT="56" CONTENT="ai" WC="1.00" CC="00"/>
						<SP ID="P101_SP00229" HPOS="800" VPOS="2523" WIDTH="44"/>
						<String ID="P101_ST00256" HPOS="844" VPOS="2460" WIDTH="210" HEIGHT="54" CONTENT="trouvé" WC="0.99" CC="000601"/>
						<SP ID="P101_SP00230" HPOS="1054" VPOS="2523" WIDTH="44"/>
						<String ID="P101_ST00257" HPOS="1098" VPOS="2479" WIDTH="73" HEIGHT="37" CONTENT="en" WC="1.00" CC="00"/>
						<SP ID="P101_SP00231" HPOS="1171" VPOS="2523" WIDTH="43"/>
						<String ID="P101_ST00258" HPOS="1214" VPOS="2465" WIDTH="190" HEIGHT="70" CONTENT="grand" WC="0.98" CC="95000"/>
						<SP ID="P101_SP00232" HPOS="1404" VPOS="2535" WIDTH="41"/>
						<String ID="P101_ST00259" HPOS="1445" VPOS="2467" WIDTH="237" HEIGHT="72" CONTENT="progrès" WC="0.99" CC="0507000"/>
						<SP ID="P101_SP00233" HPOS="1682" VPOS="2539" WIDTH="43"/>
						<String ID="P101_ST00260" HPOS="1725" VPOS="2484" WIDTH="99" HEIGHT="39" CONTENT="sur" WC="0.96" CC="046"/>
						<SP ID="P101_SP00234" HPOS="1824" VPOS="2539" WIDTH="42"/>
						<String ID="P101_ST00261" HPOS="1866" VPOS="2466" WIDTH="118" HEIGHT="56" CONTENT="l'an" WC="0.98" CC="4400"/>
						<SP ID="P101_SP00235" HPOS="1984" VPOS="2539" WIDTH="44"/>
						<String ID="P101_ST00262" HPOS="2028" VPOS="2469" WIDTH="168" HEIGHT="71" CONTENT="passé" WC="1.00" CC="00200"/>
						<SP ID="P101_SP00236" HPOS="2196" VPOS="2540" WIDTH="25"/>
						<String ID="P101_ST00263" HPOS="2221" VPOS="2489" WIDTH="16" HEIGHT="48" CONTENT=";" WC="0.11" CC="8"/>
					</TextLine>
					<TextLine ID="P101_TL00028" HPOS="159" VPOS="2522" WIDTH="2078" HEIGHT="99">
						<String ID="P101_ST00264" HPOS="159" VPOS="2522" WIDTH="37" HEIGHT="53" CONTENT="il" WC="0.28" CC="76"/>
						<SP ID="P101_SP00237" HPOS="196" VPOS="2575" WIDTH="28"/>
						<String ID="P101_ST00265" HPOS="224" VPOS="2544" WIDTH="37" HEIGHT="52" CONTENT="y" WC="0.29" CC="7"/>
						<SP ID="P101_SP00238" HPOS="261" VPOS="2596" WIDTH="29"/>
						<String ID="P101_ST00266" HPOS="290" VPOS="2546" WIDTH="34" HEIGHT="36" CONTENT="a" WC="0.96" CC="0"/>
						<SP ID="P101_SP00239" HPOS="324" VPOS="2596" WIDTH="32"/>
						<String ID="P101_ST00267" HPOS="356" VPOS="2530" WIDTH="73" HEIGHT="69" CONTENT="là," WC="1.00" CC="000"/>
						<SP ID="P101_SP00240" HPOS="429" VPOS="2599" WIDTH="35"/>
						<String ID="P101_ST00268" HPOS="464" VPOS="2535" WIDTH="250" HEIGHT="70" CONTENT="perdues" WC="0.99" CC="0060700"/>
						<SP ID="P101_SP00241" HPOS="714" VPOS="2605" WIDTH="33"/>
						<String ID="P101_ST00269" HPOS="747" VPOS="2537" WIDTH="147" HEIGHT="56" CONTENT="dans" WC="0.99" CC="0030"/>
						<SP ID="P101_SP00242" HPOS="894" VPOS="2605" WIDTH="31"/>
						<String ID="P101_ST00270" HPOS="925" VPOS="2540" WIDTH="57" HEIGHT="54" CONTENT="la" WC="1.00" CC="00"/>
						<SP ID="P101_SP00243" HPOS="982" VPOS="2605" WIDTH="32"/>
						<String ID="P101_ST00271" HPOS="1014" VPOS="2559" WIDTH="208" HEIGHT="53" CONTENT="masse," WC="1.00" CC="000003"/>
						<SP ID="P101_SP00244" HPOS="1222" VPOS="2612" WIDTH="34"/>
						<String ID="P101_ST00272" HPOS="1256" VPOS="2545" WIDTH="73" HEIGHT="56" CONTENT="de" WC="0.75" CC="04"/>
						<SP ID="P101_SP00245" HPOS="1329" VPOS="2612" WIDTH="31"/>
						<String ID="P101_ST00273" HPOS="1360" VPOS="2544" WIDTH="204" HEIGHT="72" CONTENT="jeunes" WC="0.99" CC="406000"/>
						<SP ID="P101_SP00246" HPOS="1564" VPOS="2616" WIDTH="30"/>
						<String ID="P101_ST00274" HPOS="1594" VPOS="2546" WIDTH="141" HEIGHT="57" CONTENT="voix" WC="1.00" CC="0100"/>
						<SP ID="P101_SP00247" HPOS="1735" VPOS="2616" WIDTH="31"/>
						<String ID="P101_ST00275" HPOS="1766" VPOS="2547" WIDTH="101" HEIGHT="73" CONTENT="qui" WC="0.97" CC="060"/>
						<SP ID="P101_SP00248" HPOS="1867" VPOS="2620" WIDTH="32"/>
						<String ID="P101_ST00276" HPOS="1899" VPOS="2547" WIDTH="338" HEIGHT="74" CONTENT="pourraient" WC="1.00" CC="3560000000"/>
					</TextLine>
					<TextLine ID="P101_TL00029" HPOS="159" VPOS="2608" WIDTH="2076" HEIGHT="84">
						<String ID="P101_ST00277" HPOS="159" VPOS="2608" WIDTH="306" HEIGHT="70" CONTENT="remplacer" WC="0.99" CC="600432042"/>
						<SP ID="P101_SP00249" HPOS="465" VPOS="2678" WIDTH="31"/>
						<String ID="P101_ST00278" HPOS="496" VPOS="2630" WIDTH="142" HEIGHT="41" CONTENT="avec" WC="1.00" CC="0000"/>
						<SP ID="P101_SP00250" HPOS="638" VPOS="2678" WIDTH="32"/>
						<String ID="P101_ST00279" HPOS="670" VPOS="2624" WIDTH="294" HEIGHT="68" CONTENT="avantage" WC="0.99" CC="00000082"/>
						<SP ID="P101_SP00251" HPOS="964" VPOS="2692" WIDTH="31"/>
						<String ID="P101_ST00280" HPOS="995" VPOS="2622" WIDTH="254" HEIGHT="57" CONTENT="certains" WC="1.00" CC="00400003"/>
						<SP ID="P101_SP00252" HPOS="1249" VPOS="2692" WIDTH="30"/>
						<String ID="P101_ST00281" HPOS="1279" VPOS="2626" WIDTH="103" HEIGHT="55" CONTENT="des" WC="1.00" CC="000"/>
						<SP ID="P101_SP00253" HPOS="1382" VPOS="2692" WIDTH="28"/>
						<String ID="P101_ST00282" HPOS="1410" VPOS="2626" WIDTH="230" HEIGHT="57" CONTENT="solistes" WC="1.00" CC="00100000"/>
						<SP ID="P101_SP00254" HPOS="1640" VPOS="2692" WIDTH="30"/>
						<String ID="P101_ST00283" HPOS="1670" VPOS="2630" WIDTH="375" HEIGHT="55" CONTENT="accoutumés" WC="0.99" CC="0006606000"/>
						<SP ID="P101_SP00255" HPOS="2045" VPOS="2692" WIDTH="32"/>
						<String ID="P101_ST00284" HPOS="2077" VPOS="2630" WIDTH="71" HEIGHT="55" CONTENT="de" WC="0.82" CC="03"/>
						<SP ID="P101_SP00256" HPOS="2148" VPOS="2692" WIDTH="30"/>
						<String ID="P101_ST00285" HPOS="2178" VPOS="2629" WIDTH="57" HEIGHT="54" CONTENT="la" WC="0.80" CC="30"/>
					</TextLine>
					<TextLine ID="P101_TL00030" HPOS="159" VPOS="2685" WIDTH="2076" HEIGHT="104">
						<String ID="P101_ST00286" HPOS="159" VPOS="2685" WIDTH="196" HEIGHT="61" CONTENT="Schola" STYLE="superscript" WC="0.34" CC="757476"/>
						<String ID="P101_ST00287" HPOS="356" VPOS="2735" WIDTH="16" HEIGHT="54" CONTENT=";" WC="1.00" CC="0"/>
						<SP ID="P101_SP00257" HPOS="372" VPOS="2789" WIDTH="42"/>
						<String ID="P101_ST00288" HPOS="414" VPOS="2692" WIDTH="200" HEIGHT="73" CONTENT="Quant" WC="0.97" CC="67040"/>
						<SP ID="P101_SP00258" HPOS="614" VPOS="2789" WIDTH="39"/>
						<String ID="P101_ST00289" HPOS="653" VPOS="2697" WIDTH="36" HEIGHT="54" CONTENT="à" WC="0.79" CC="2"/>
						<SP ID="P101_SP00259" HPOS="689" VPOS="2789" WIDTH="35"/>
						<String ID="P101_ST00290" HPOS="724" VPOS="2699" WIDTH="356" HEIGHT="73" CONTENT="l'orchestre," WC="1.00" CC="240100100404"/>
						<SP ID="P101_SP00260" HPOS="1080" VPOS="2789" WIDTH="23"/>
						<String ID="P101_ST00291" HPOS="1103" VPOS="2704" WIDTH="41" HEIGHT="54" CONTENT="il" WC="0.88" CC="02"/>
						<SP ID="P101_SP00261" HPOS="1144" VPOS="2789" WIDTH="39"/>
						<String ID="P101_ST00292" HPOS="1183" VPOS="2723" WIDTH="255" HEIGHT="56" CONTENT="manque" WC="0.99" CC="000070"/>
						<SP ID="P101_SP00262" HPOS="1438" VPOS="2789" WIDTH="41"/>
						<String ID="P101_ST00293" HPOS="1479" VPOS="2710" WIDTH="71" HEIGHT="55" CONTENT="de" WC="0.73" CC="50"/>
						<SP ID="P101_SP00263" HPOS="1550" VPOS="2789" WIDTH="38"/>
						<String ID="P101_ST00294" HPOS="1588" VPOS="2710" WIDTH="246" HEIGHT="71" CONTENT="justesse" WC="0.99" CC="46000002"/>
						<SP ID="P101_SP00264" HPOS="1834" VPOS="2789" WIDTH="37"/>
						<String ID="P101_ST00295" HPOS="1871" VPOS="2716" WIDTH="60" HEIGHT="50" CONTENT="et" WC="1.00" CC="00"/>
						<SP ID="P101_SP00265" HPOS="1931" VPOS="2789" WIDTH="40"/>
						<String ID="P101_ST00296" HPOS="1971" VPOS="2711" WIDTH="227" HEIGHT="55" CONTENT="d'homo" SUBS_TYPE="HypPart1" SUBS_CONTENT="d'homogénéité" WC="0.99" CC="030400"/>
						<HYP HPOS="2198" VPOS="2711" WIDTH="37" CONTENT="-"/>
					</TextLine>
					<TextLine ID="P101_TL00031" HPOS="159" VPOS="2767" WIDTH="2074" HEIGHT="95">
						<String ID="P101_ST00297" HPOS="159" VPOS="2767" WIDTH="212" HEIGHT="67" CONTENT="généité" SUBS_TYPE="HypPart2" SUBS_CONTENT="d'homogénéité" WC="0.98" CC="4720240"/>
						<SP ID="P101_SP00266" HPOS="371" VPOS="2834" WIDTH="29"/>
						<String ID="P101_ST00298" HPOS="400" VPOS="2794" WIDTH="10" HEIGHT="33" CONTENT=":" WC="1.00" CC="0"/>
						<SP ID="P101_SP00267" HPOS="410" VPOS="2834" WIDTH="44"/>
						<String ID="P101_ST00299" HPOS="454" VPOS="2775" WIDTH="157" HEIGHT="56" CONTENT="deux" WC="0.99" CC="0070"/>
						<SP ID="P101_SP00268" HPOS="611" VPOS="2834" WIDTH="41"/>
						<String ID="P101_ST00300" HPOS="652" VPOS="2777" WIDTH="451" HEIGHT="63" CONTENT="violoncellistes" WC="1.00" CC="000321344700000"/>
						<SP ID="P101_SP00269" HPOS="1103" VPOS="2840" WIDTH="40"/>
						<String ID="P101_ST00301" HPOS="1143" VPOS="2793" WIDTH="236" HEIGHT="50" CONTENT="surtout" WC="0.99" CC="0640070"/>
						<SP ID="P101_SP00270" HPOS="1379" VPOS="2843" WIDTH="42"/>
						<String ID="P101_ST00302" HPOS="1421" VPOS="2790" WIDTH="291" HEIGHT="56" CONTENT="semblent" WC="1.00" CC="00000000"/>
						<SP ID="P101_SP00271" HPOS="1712" VPOS="2846" WIDTH="41"/>
						<String ID="P101_ST00303" HPOS="1753" VPOS="2790" WIDTH="260" HEIGHT="55" CONTENT="rivaliser" WC="1.00" CC="220000001"/>
						<SP ID="P101_SP00272" HPOS="2013" VPOS="2846" WIDTH="41"/>
						<String ID="P101_ST00304" HPOS="2054" VPOS="2791" WIDTH="35" HEIGHT="54" CONTENT="à" WC="0.45" CC="5"/>
						<SP ID="P101_SP00273" HPOS="2089" VPOS="2846" WIDTH="40"/>
						<String ID="P101_ST00305" HPOS="2129" VPOS="2790" WIDTH="104" HEIGHT="72" CONTENT="qui" WC="0.97" CC="070"/>
					</TextLine>
					<TextLine ID="P101_TL00032" HPOS="390" VPOS="2853" WIDTH="1839" HEIGHT="91">
						<String ID="P101_ST00306" HPOS="390" VPOS="2853" WIDTH="52" HEIGHT="56" CONTENT="le" WC="0.75" CC="50"/>
						<SP ID="P101_SP00274" HPOS="442" VPOS="2909" WIDTH="31"/>
						<String ID="P101_ST00307" HPOS="473" VPOS="2856" WIDTH="132" HEIGHT="71" CONTENT="plus" WC="0.98" CC="0061"/>
						<SP ID="P101_SP00275" HPOS="605" VPOS="2927" WIDTH="23"/>
						<String ID="P101_ST00308" HPOS="628" VPOS="2859" WIDTH="162" HEIGHT="57" CONTENT="faux." WC="0.98" CC="20603"/>
						<SP ID="P101_SP00276" HPOS="790" VPOS="2927" WIDTH="28"/>
						<String ID="P101_ST00309" HPOS="818" VPOS="2861" WIDTH="80" HEIGHT="56" CONTENT="Ils" WC="1.00" CC="001"/>
						<SP ID="P101_SP00277" HPOS="898" VPOS="2927" WIDTH="23"/>
						<String ID="P101_ST00310" HPOS="921" VPOS="2865" WIDTH="376" HEIGHT="71" CONTENT="dépassèrent" WC="1.00" CC="09000002000"/>
						<SP ID="P101_SP00278" HPOS="1297" VPOS="2936" WIDTH="32"/>
						<String ID="P101_ST00311" HPOS="1329" VPOS="2869" WIDTH="58" HEIGHT="56" CONTENT="la" WC="1.00" CC="00"/>
						<SP ID="P101_SP00279" HPOS="1387" VPOS="2936" WIDTH="31"/>
						<String ID="P101_ST00312" HPOS="1418" VPOS="2888" WIDTH="226" HEIGHT="39" CONTENT="mesure" WC="0.99" CC="000600"/>
						<SP ID="P101_SP00280" HPOS="1644" VPOS="2936" WIDTH="22"/>
						<String ID="P101_ST00313" HPOS="1666" VPOS="2890" WIDTH="73" HEIGHT="37" CONTENT="en" WC="1.00" CC="00"/>
						<SP ID="P101_SP00281" HPOS="1739" VPOS="2936" WIDTH="24"/>
						<String ID="P101_ST00314" HPOS="1763" VPOS="2876" WIDTH="466" HEIGHT="68" CONTENT="accompagnant" WC="1.00" CC="000000001010"/>
					</TextLine>
					<TextLine ID="P101_TL00033" HPOS="156" VPOS="2925" WIDTH="2077" HEIGHT="95">
						<String ID="P101_ST00315" HPOS="156" VPOS="2925" WIDTH="18" HEIGHT="52" CONTENT="1" WC="0.34" CC="6"/>
						<SP ID="P101_SP00282" HPOS="174" VPOS="2977" WIDTH="22"/>
						<String ID="P101_ST00316" HPOS="196" VPOS="2927" WIDTH="77" HEIGHT="55" CONTENT="air" WC="0.97" CC="700"/>
						<SP ID="P101_SP00283" HPOS="273" VPOS="2982" WIDTH="36"/>
						<String ID="P101_ST00317" HPOS="309" VPOS="2933" WIDTH="38" HEIGHT="54" CONTENT="d" WC="1.00" CC="0"/>
						<SP ID="P101_SP00284" HPOS="347" VPOS="2987" WIDTH="22"/>
						<String ID="P101_ST00318" HPOS="369" VPOS="2935" WIDTH="137" HEIGHT="56" CONTENT="Alto" WC="0.98" CC="0503"/>
						<SP ID="P101_SP00285" HPOS="506" VPOS="2991" WIDTH="40"/>
						<String ID="P101_ST00319" HPOS="546" VPOS="2940" WIDTH="71" HEIGHT="53" CONTENT="de" WC="0.84" CC="03"/>
						<SP ID="P101_SP00286" HPOS="617" VPOS="2993" WIDTH="37"/>
						<String ID="P101_ST00320" HPOS="654" VPOS="2940" WIDTH="159" HEIGHT="56" CONTENT="l'Ode" WC="0.98" CC="60303" STYLEREFS="TXT_2"/>
						<SP ID="P101_SP00287" HPOS="813" VPOS="2996" WIDTH="767"/>
						<String ID="P101_ST00321" HPOS="1580" VPOS="2945" WIDTH="257" HEIGHT="56" CONTENT="Funèbre" WC="0.98" CC="0446060" STYLEREFS="TXT_2"/>
						<SP ID="P101_SP00288" HPOS="1837" VPOS="3001" WIDTH="-680"/>
						<String ID="P101_ST00322" HPOS="1157" VPOS="2950" WIDTH="182" HEIGHT="70" CONTENT="qu'on" WC="0.99" CC="04210"/>
						<SP ID="P101_SP00289" HPOS="1837" VPOS="3020" WIDTH="-445"/>
						<String ID="P101_ST00323" HPOS="1392" VPOS="2969" WIDTH="149" HEIGHT="38" CONTENT="nous" WC="0.98" CC="0150"/>
						<SP ID="P101_SP00290" HPOS="1837" VPOS="3020" WIDTH="-261"/>
						<String ID="P101_ST00324" HPOS="1576" VPOS="2954" WIDTH="196" HEIGHT="53" CONTENT="donna" WC="0.99" CC="04000"/>
						<SP ID="P101_SP00291" HPOS="1837" VPOS="3020" WIDTH="-26"/>
						<String ID="P101_ST00325" HPOS="1811" VPOS="2970" WIDTH="76" HEIGHT="38" CONTENT="au" WC="0.70" CC="05"/>
						<SP ID="P101_SP00292" HPOS="1887" VPOS="3020" WIDTH="37"/>
						<String ID="P101_ST00326" HPOS="1924" VPOS="2951" WIDTH="309" HEIGHT="56" CONTENT="deuxième" WC="1.00" CC="00600000"/>
					</TextLine>
					<TextLine ID="P101_TL00034" HPOS="156" VPOS="3021" WIDTH="2074" HEIGHT="81">
						<String ID="P101_ST00327" HPOS="156" VPOS="3021" WIDTH="220" HEIGHT="47" CONTENT="concert" WC="0.98" CC="7360310"/>
						<SP ID="P101_SP00293" HPOS="376" VPOS="3068" WIDTH="52"/>
						<String ID="P101_ST00328" HPOS="428" VPOS="3021" WIDTH="280" HEIGHT="55" CONTENT="mensuel." WC="0.99" CC="00005014"/>
						<SP ID="P101_SP00294" HPOS="708" VPOS="3076" WIDTH="57"/>
						<String ID="P101_ST00329" HPOS="765" VPOS="3025" WIDTH="155" HEIGHT="56" CONTENT="Mme" WC="0.98" CC="004"/>
						<SP ID="P101_SP00295" HPOS="920" VPOS="3081" WIDTH="54"/>
						<String ID="P101_ST00330" HPOS="974" VPOS="3027" WIDTH="270" HEIGHT="75" CONTENT="Philippe" WC="1.00" CC="00305000"/>
						<SP ID="P101_SP00296" HPOS="1244" VPOS="3102" WIDTH="53"/>
						<String ID="P101_ST00331" HPOS="1297" VPOS="3033" WIDTH="109" HEIGHT="54" CONTENT="dut" WC="0.97" CC="070"/>
						<SP ID="P101_SP00297" HPOS="1406" VPOS="3102" WIDTH="53"/>
						<String ID="P101_ST00332" HPOS="1459" VPOS="3033" WIDTH="182" HEIGHT="57" CONTENT="bisser" WC="1.00" CC="000004"/>
						<SP ID="P101_SP00298" HPOS="1641" VPOS="3102" WIDTH="51"/>
						<String ID="P101_ST00333" HPOS="1692" VPOS="3034" WIDTH="53" HEIGHT="56" CONTENT="le" WC="1.00" CC="00"/>
						<SP ID="P101_SP00299" HPOS="1745" VPOS="3102" WIDTH="56"/>
						<String ID="P101_ST00334" HPOS="1801" VPOS="3034" WIDTH="169" HEIGHT="54" CONTENT="Récit" WC="0.99" CC="05000"/>
						<SP ID="P101_SP00300" HPOS="1970" VPOS="3102" WIDTH="28"/>
						<String ID="P101_ST00335" HPOS="1998" VPOS="3054" WIDTH="11" HEIGHT="34" CONTENT=":" WC="0.48" CC="5"/>
						<SP ID="P101_SP00301" HPOS="2009" VPOS="3102" WIDTH="56"/>
						<String ID="P101_ST00336" HPOS="2065" VPOS="3053" WIDTH="23" HEIGHT="29" CONTENT="«" WC="1.00" CC="0"/>
						<SP ID="P101_SP00302" HPOS="2088" VPOS="3102" WIDTH="23"/>
						<String ID="P101_ST00337" HPOS="2111" VPOS="3035" WIDTH="119" HEIGHT="53" CONTENT="Des" WC="0.98" CC="040"/>
					</TextLine>
					<TextLine ID="P101_TL00035" HPOS="158" VPOS="3086" WIDTH="2074" HEIGHT="94">
						<String ID="P101_ST00338" HPOS="158" VPOS="3086" WIDTH="231" HEIGHT="79" CONTENT="cloches," WC="0.99" CC="90004004"/>
						<SP ID="P101_SP00303" HPOS="389" VPOS="3165" WIDTH="35"/>
						<String ID="P101_ST00339" HPOS="424" VPOS="3097" WIDTH="164" HEIGHT="57" CONTENT="vibre" WC="1.00" CC="00000"/>
						<SP ID="P101_SP00304" HPOS="588" VPOS="3165" WIDTH="32"/>
						<String ID="P101_ST00340" HPOS="620" VPOS="3119" WIDTH="74" HEIGHT="38" CONTENT="en" WC="0.71" CC="50"/>
						<SP ID="P101_SP00305" HPOS="694" VPOS="3165" WIDTH="33"/>
						<String ID="P101_ST00341" HPOS="727" VPOS="3121" WIDTH="147" HEIGHT="39" CONTENT="nous" WC="0.99" CC="0060"/>
						<SP ID="P101_SP00306" HPOS="874" VPOS="3165" WIDTH="34"/>
						<String ID="P101_ST00342" HPOS="908" VPOS="3106" WIDTH="52" HEIGHT="56" CONTENT="le" WC="1.00" CC="00"/>
						<SP ID="P101_SP00307" HPOS="960" VPOS="3165" WIDTH="33"/>
						<String ID="P101_ST00343" HPOS="993" VPOS="3107" WIDTH="124" HEIGHT="73" CONTENT="glas" WC="1.00" CC="0000"/>
						<SP ID="P101_SP00308" HPOS="1117" VPOS="3180" WIDTH="22"/>
						<String ID="P101_ST00344" HPOS="1139" VPOS="3130" WIDTH="42" HEIGHT="35" CONTENT="»." WC="1.00" CC="00"/>
						<SP ID="P101_SP00309" HPOS="1181" VPOS="3180" WIDTH="18"/>
						<String ID="P101_ST00345" HPOS="1199" VPOS="3111" WIDTH="495" HEIGHT="59" CONTENT="L'orchestration" WC="1.00" CC="020004030400030"/>
						<SP ID="P101_SP00310" HPOS="1694" VPOS="3180" WIDTH="23"/>
						<String ID="P101_ST00346" HPOS="1717" VPOS="3113" WIDTH="238" HEIGHT="57" CONTENT="raffinée" WC="1.00" CC="10600000"/>
						<SP ID="P101_SP00311" HPOS="1955" VPOS="3180" WIDTH="24"/>
						<String ID="P101_ST00347" HPOS="1979" VPOS="3114" WIDTH="71" HEIGHT="54" CONTENT="de" WC="1.00" CC="00"/>
						<SP ID="P101_SP00312" HPOS="2050" VPOS="3180" WIDTH="22"/>
						<String ID="P101_ST00348" HPOS="2072" VPOS="3119" WIDTH="160" HEIGHT="49" CONTENT="cette" WC="0.99" CC="31000"/>
					</TextLine>
					<TextLine ID="P101_TL00036" HPOS="158" VPOS="3177" WIDTH="2070" HEIGHT="89">
						<String ID="P101_ST00349" HPOS="158" VPOS="3184" WIDTH="133" HEIGHT="58" CONTENT="page" WC="0.97" CC="2063"/>
						<SP ID="P101_SP00313" HPOS="291" VPOS="3242" WIDTH="32"/>
						<String ID="P101_ST00350" HPOS="323" VPOS="3177" WIDTH="348" HEIGHT="75" CONTENT="descriptive" WC="1.00" CC="01601000000"/>
						<SP ID="P101_SP00314" HPOS="671" VPOS="3252" WIDTH="29"/>
						<String ID="P101_ST00351" HPOS="700" VPOS="3190" WIDTH="100" HEIGHT="51" CONTENT="eut" WC="0.98" CC="060"/>
						<SP ID="P101_SP00315" HPOS="800" VPOS="3252" WIDTH="31"/>
						<String ID="P101_ST00352" HPOS="831" VPOS="3205" WIDTH="81" HEIGHT="37" CONTENT="un" WC="0.69" CC="60"/>
						<SP ID="P101_SP00316" HPOS="912" VPOS="3252" WIDTH="29"/>
						<String ID="P101_ST00353" HPOS="941" VPOS="3193" WIDTH="188" HEIGHT="67" CONTENT="grand" WC="1.00" CC="00000"/>
						<SP ID="P101_SP00317" HPOS="1129" VPOS="3260" WIDTH="27"/>
						<String ID="P101_ST00354" HPOS="1156" VPOS="3194" WIDTH="216" HEIGHT="54" CONTENT="succès." WC="0.99" CC="1700004"/>
						<SP ID="P101_SP00318" HPOS="1372" VPOS="3260" WIDTH="34"/>
						<String ID="P101_ST00355" HPOS="1406" VPOS="3195" WIDTH="92" HEIGHT="53" CONTENT="En" WC="1.00" CC="00"/>
						<SP ID="P101_SP00319" HPOS="1498" VPOS="3260" WIDTH="30"/>
						<String ID="P101_ST00356" HPOS="1528" VPOS="3195" WIDTH="127" HEIGHT="70" CONTENT="fait," WC="0.99" CC="60000"/>
						<SP ID="P101_SP00320" HPOS="1655" VPOS="3265" WIDTH="31"/>
						<String ID="P101_ST00357" HPOS="1686" VPOS="3195" WIDTH="41" HEIGHT="55" CONTENT="il" WC="1.00" CC="00"/>
						<SP ID="P101_SP00321" HPOS="1727" VPOS="3265" WIDTH="28"/>
						<String ID="P101_ST00358" HPOS="1755" VPOS="3213" WIDTH="41" HEIGHT="53" CONTENT="y" WC="1.00" CC="0"/>
						<SP ID="P101_SP00322" HPOS="1796" VPOS="3266" WIDTH="29"/>
						<String ID="P101_ST00359" HPOS="1825" VPOS="3213" WIDTH="36" HEIGHT="37" CONTENT="a" WC="1.00" CC="0"/>
						<SP ID="P101_SP00323" HPOS="1861" VPOS="3266" WIDTH="28"/>
						<String ID="P101_ST00360" HPOS="1889" VPOS="3195" WIDTH="57" HEIGHT="55" CONTENT="là" WC="0.62" CC="52"/>
						<SP ID="P101_SP00324" HPOS="1946" VPOS="3266" WIDTH="28"/>
						<String ID="P101_ST00361" HPOS="1974" VPOS="3214" WIDTH="81" HEIGHT="37" CONTENT="un" WC="0.53" CC="63"/>
						<SP ID="P101_SP00325" HPOS="2055" VPOS="3266" WIDTH="29"/>
						<String ID="P101_ST00362" HPOS="2084" VPOS="3194" WIDTH="144" HEIGHT="57" CONTENT="effet" WC="1.00" CC="00300"/>
					</TextLine>
					<TextLine ID="P101_TL00037" HPOS="158" VPOS="3256" WIDTH="2071" HEIGHT="92">
						<String ID="P101_ST00363" HPOS="158" VPOS="3256" WIDTH="357" HEIGHT="58" CONTENT="merveilleux" WC="0.99" CC="80400006060"/>
						<SP ID="P101_SP00326" HPOS="515" VPOS="3314" WIDTH="35"/>
						<String ID="P101_ST00364" HPOS="550" VPOS="3264" WIDTH="71" HEIGHT="54" CONTENT="de" WC="1.00" CC="00"/>
						<SP ID="P101_SP00327" HPOS="621" VPOS="3318" WIDTH="32"/>
						<String ID="P101_ST00365" HPOS="653" VPOS="3266" WIDTH="287" HEIGHT="57" CONTENT="sonorités" WC="0.99" CC="315100002"/>
						<SP ID="P101_SP00328" HPOS="940" VPOS="3323" WIDTH="33"/>
						<String ID="P101_ST00366" HPOS="973" VPOS="3270" WIDTH="210" HEIGHT="57" CONTENT="flûtées" WC="0.82" CC="3600200"/>
						<SP ID="P101_SP00329" HPOS="1183" VPOS="3327" WIDTH="21"/>
						<String ID="P101_ST00367" HPOS="1204" VPOS="3292" WIDTH="61" HEIGHT="38" CONTENT="se" WC="0.86" CC="20"/>
						<SP ID="P101_SP00330" HPOS="1265" VPOS="3330" WIDTH="23"/>
						<String ID="P101_ST00368" HPOS="1288" VPOS="3275" WIDTH="321" HEIGHT="56" CONTENT="détachant" WC="1.00" CC="000005000"/>
						<SP ID="P101_SP00331" HPOS="1609" VPOS="3331" WIDTH="23"/>
						<String ID="P101_ST00369" HPOS="1632" VPOS="3294" WIDTH="99" HEIGHT="38" CONTENT="sur" WC="0.95" CC="066"/>
						<SP ID="P101_SP00332" HPOS="1731" VPOS="3332" WIDTH="27"/>
						<String ID="P101_ST00370" HPOS="1758" VPOS="3276" WIDTH="57" HEIGHT="54" CONTENT="la" WC="0.94" CC="10"/>
						<SP ID="P101_SP00333" HPOS="1815" VPOS="3332" WIDTH="32"/>
						<String ID="P101_ST00371" HPOS="1847" VPOS="3275" WIDTH="246" HEIGHT="73" CONTENT="grisaille" WC="1.00" CC="000400002"/>
						<SP ID="P101_SP00334" HPOS="2093" VPOS="3348" WIDTH="33"/>
						<String ID="P101_ST00372" HPOS="2126" VPOS="3276" WIDTH="103" HEIGHT="55" CONTENT="des" WC="0.99" CC="002"/>
					</TextLine>
					<TextLine ID="P101_TL00038" HPOS="156" VPOS="3332" WIDTH="2069" HEIGHT="92">
						<String ID="P101_ST00373" HPOS="156" VPOS="3332" WIDTH="249" HEIGHT="62" CONTENT="pizzicati" WC="0.70" CC="167400070"/>
						<SP ID="P101_SP00335" HPOS="405" VPOS="3394" WIDTH="47"/>
						<String ID="P101_ST00374" HPOS="452" VPOS="3342" WIDTH="102" HEIGHT="55" CONTENT="des" WC="0.99" CC="030"/>
						<SP ID="P101_SP00336" HPOS="554" VPOS="3397" WIDTH="44"/>
						<String ID="P101_ST00375" HPOS="598" VPOS="3346" WIDTH="205" HEIGHT="55" CONTENT="cordes" WC="1.00" CC="000030"/>
						<SP ID="P101_SP00337" HPOS="803" VPOS="3401" WIDTH="44"/>
						<String ID="P101_ST00376" HPOS="847" VPOS="3354" WIDTH="60" HEIGHT="49" CONTENT="et" WC="1.00" CC="00"/>
						<SP ID="P101_SP00338" HPOS="907" VPOS="3403" WIDTH="47"/>
						<String ID="P101_ST00377" HPOS="954" VPOS="3350" WIDTH="218" HEIGHT="57" CONTENT="frôlant" WC="0.99" CC="4503000"/>
						<SP ID="P101_SP00339" HPOS="1172" VPOS="3407" WIDTH="46"/>
						<String ID="P101_ST00378" HPOS="1218" VPOS="3354" WIDTH="55" HEIGHT="56" CONTENT="le" WC="1.00" CC="00"/>
						<SP ID="P101_SP00340" HPOS="1273" VPOS="3410" WIDTH="45"/>
						<String ID="P101_ST00379" HPOS="1318" VPOS="3354" WIDTH="215" HEIGHT="57" CONTENT="timbre" WC="0.99" CC="000650"/>
						<SP ID="P101_SP00341" HPOS="1533" VPOS="3411" WIDTH="41"/>
						<String ID="P101_ST00380" HPOS="1574" VPOS="3356" WIDTH="169" HEIGHT="55" CONTENT="rêche" WC="0.80" CC="00360"/>
						<SP ID="P101_SP00342" HPOS="1743" VPOS="3411" WIDTH="48"/>
						<String ID="P101_ST00381" HPOS="1791" VPOS="3358" WIDTH="100" HEIGHT="53" CONTENT="des" WC="0.99" CC="003"/>
						<SP ID="P101_SP00343" HPOS="1891" VPOS="3411" WIDTH="38"/>
						<String ID="P101_ST00382" HPOS="1929" VPOS="3356" WIDTH="296" HEIGHT="68" CONTENT="hautbois," WC="0.99" CC="605000003"/>
					</TextLine>
					<TextLine ID="P101_TL00039" HPOS="156" VPOS="3419" WIDTH="2071" HEIGHT="83">
						<String ID="P101_ST00383" HPOS="156" VPOS="3419" WIDTH="312" HEIGHT="61" CONTENT="cependant" WC="0.99" CC="743000000"/>
						<SP ID="P101_SP00344" HPOS="468" VPOS="3480" WIDTH="38"/>
						<String ID="P101_ST00384" HPOS="506" VPOS="3440" WIDTH="113" HEIGHT="55" CONTENT="que" WC="0.94" CC="653"/>
						<SP ID="P101_SP00345" HPOS="619" VPOS="3495" WIDTH="38"/>
						<String ID="P101_ST00385" HPOS="657" VPOS="3428" WIDTH="100" HEIGHT="53" CONTENT="des" WC="1.00" CC="010"/>
						<SP ID="P101_SP00346" HPOS="757" VPOS="3495" WIDTH="34"/>
						<String ID="P101_ST00386" HPOS="791" VPOS="3428" WIDTH="387" HEIGHT="59" CONTENT="instruments" WC="1.00" CC="00004700000"/>
						<SP ID="P101_SP00347" HPOS="1178" VPOS="3495" WIDTH="15"/>
						<String ID="P101_ST00387" HPOS="1193" VPOS="3453" WIDTH="208" HEIGHT="49" CONTENT="graves" WC="0.98" CC="970001"/>
						<SP ID="P101_SP00348" HPOS="1401" VPOS="3502" WIDTH="34"/>
						<String ID="P101_ST00388" HPOS="1435" VPOS="3435" WIDTH="130" HEIGHT="56" CONTENT="font" WC="0.99" CC="0040"/>
						<SP ID="P101_SP00349" HPOS="1565" VPOS="3502" WIDTH="35"/>
						<String ID="P101_ST00389" HPOS="1600" VPOS="3438" WIDTH="281" HEIGHT="54" CONTENT="entendre" WC="1.00" CC="00000000"/>
						<SP ID="P101_SP00350" HPOS="1881" VPOS="3502" WIDTH="33"/>
						<String ID="P101_ST00390" HPOS="1914" VPOS="3438" WIDTH="55" HEIGHT="56" CONTENT="le" WC="0.98" CC="00"/>
						<SP ID="P101_SP00351" HPOS="1969" VPOS="3502" WIDTH="33"/>
						<String ID="P101_ST00391" HPOS="2002" VPOS="3455" WIDTH="108" HEIGHT="39" CONTENT="son" WC="0.99" CC="030"/>
						<SP ID="P101_SP00352" HPOS="2110" VPOS="3502" WIDTH="37"/>
						<String ID="P101_ST00392" HPOS="2147" VPOS="3439" WIDTH="80" HEIGHT="55" CONTENT="du" WC="0.69" CC="06"/>
					</TextLine>
					<TextLine ID="P101_TL00040" HPOS="156" VPOS="3486" WIDTH="127" HEIGHT="71">
						<String ID="P101_ST00393" HPOS="156" VPOS="3486" WIDTH="127" HEIGHT="71" CONTENT="glas." WC="0.97" CC="67304"/>
					</TextLine>
					<TextLine ID="P101_TL00041" HPOS="258" VPOS="3574" WIDTH="1967" HEIGHT="86">
						<String ID="P101_ST00394" HPOS="258" VPOS="3574" WIDTH="103" HEIGHT="57" CONTENT="Les" WC="0.96" CC="900"/>
						<SP ID="P101_SP00353" HPOS="361" VPOS="3631" WIDTH="58"/>
						<String ID="P101_ST00395" HPOS="419" VPOS="3584" WIDTH="231" HEIGHT="57" CONTENT="chœurs" WC="0.99" CC="060420"/>
						<SP ID="P101_SP00354" HPOS="650" VPOS="3641" WIDTH="59"/>
						<String ID="P101_ST00396" HPOS="709" VPOS="3589" WIDTH="348" HEIGHT="58" CONTENT="chantèrent" WC="1.00" CC="0000004320"/>
						<SP ID="P101_SP00355" HPOS="1057" VPOS="3647" WIDTH="61"/>
						<String ID="P101_ST00397" HPOS="1118" VPOS="3596" WIDTH="226" HEIGHT="56" CONTENT="ensuite" WC="1.00" CC="0000000"/>
						<SP ID="P101_SP00356" HPOS="1344" VPOS="3652" WIDTH="60"/>
						<String ID="P101_ST00398" HPOS="1404" VPOS="3598" WIDTH="53" HEIGHT="54" CONTENT="le" WC="1.00" CC="00"/>
						<SP ID="P101_SP00357" HPOS="1457" VPOS="3652" WIDTH="696"/>
						<String ID="P101_ST00399" HPOS="2153" VPOS="3604" WIDTH="72" HEIGHT="56" CONTENT="de" WC="0.64" CC="07"/>
					</TextLine>
					<TextLine ID="P101_TL00042" HPOS="201" VPOS="3657" WIDTH="2022" HEIGHT="93">
						<String ID="P101_ST00400" HPOS="201" VPOS="3657" WIDTH="296" HEIGHT="77" CONTENT="eethoven," WC="0.79" CC="740300003"/>
						<SP ID="P101_SP00358" HPOS="497" VPOS="3734" WIDTH="57"/>
						<String ID="P101_ST00401" HPOS="554" VPOS="3668" WIDTH="223" HEIGHT="69" CONTENT="plainte" WC="1.00" CC="0000000"/>
						<SP ID="P101_SP00359" HPOS="777" VPOS="3737" WIDTH="58"/>
						<String ID="P101_ST00402" HPOS="835" VPOS="3673" WIDTH="384" HEIGHT="59" CONTENT="douloureuse" WC="0.99" CC="00620600602"/>
						<SP ID="P101_SP00360" HPOS="1219" VPOS="3737" WIDTH="55"/>
						<String ID="P101_ST00403" HPOS="1274" VPOS="3683" WIDTH="61" HEIGHT="51" CONTENT="et" WC="0.81" CC="30"/>
						<SP ID="P101_SP00361" HPOS="1335" VPOS="3737" WIDTH="56"/>
						<String ID="P101_ST00404" HPOS="1391" VPOS="3684" WIDTH="284" HEIGHT="66" CONTENT="pouitant" WC="0.96" CC="00030000"/>
						<SP ID="P101_SP00362" HPOS="1675" VPOS="3750" WIDTH="56"/>
						<String ID="P101_ST00405" HPOS="1731" VPOS="3680" WIDTH="217" HEIGHT="57" CONTENT="sereine" WC="1.00" CC="0000000"/>
						<SP ID="P101_SP00363" HPOS="1948" VPOS="3750" WIDTH="23"/>
						<String ID="P101_ST00406" HPOS="1971" VPOS="3684" WIDTH="78" HEIGHT="55" CONTENT="où" WC="0.72" CC="32"/>
						<SP ID="P101_SP00364" HPOS="2049" VPOS="3750" WIDTH="54"/>
						<String ID="P101_ST00407" HPOS="2103" VPOS="3684" WIDTH="120" HEIGHT="57" CONTENT="l'on" WC="0.99" CC="0300"/>
					</TextLine>
				</TextBlock>
			</PrintSpace>
		</Page>
	</Layout>
</alto>
