2446 4275
769 381 267 38 BULLETIN
1073 373 264 51 FRANÇAIS
1375 372 70 33 DE
1483 369 64 33 LA
1589 365 38 35 S.
1669 365 30 32 I.
1741 364 38 34 M

232 388 94 58 2Ô|

235 548 186 56 ceinte
467 542 174 55 d'une
683 536 248 67 écharpe
975 531 146 53 dont
1164 526 83 53 les
1289 523 155 52 deux
1487 514 232 74 pointes
1761 505 333 59 tombaient
2138 523 86 34 sui
2272 509 44 55 le

237 628 220 56 devant
500 622 70 53 de
608 618 59 54 la
707 614 158 55 robe.
887 611 87 53 La
1014 606 237 55 couleur
1294 603 70 52 de
1404 598 292 66 l'écharpe
1738 593 214 51 variait
1994 590 236 49 suivant
2268 588 52 54 la

236 703 282 59 Divinité.

358 876 324 46 CHASSEUR
743 872 77 40 ET
882 861 456 47 CHASSERESSE.
1538 842 402 62 Personnages
2005 830 71 54 de
2142 829 179 57 Ballet

239 966 130 40 vers
416 959 143 57 1750
607 941 124 70 {fig.
781 952 71 54 14
894 940 60 50 et
1002 935 112 67 15).
1161 931 86 52 La
1291 927 357 52 chasseresse
1695 921 145 67 peut
1887 919 156 49 tenir
2088 926 147 53 pour
2278 912 46 56 le

237 1042 361 61 personnage
642 1023 70 53 de
753 1018 211 55 Diane.

357 1200 246 43 BERGER
644 1197 77 39 ET
763 1177 304 57 BERGÈRE.
1227 1172 397 64 Personnages
1669 1163 69 53 de
1782 1158 193 55 Ballet
2019 1171 133 38 vers
2197 1169 129 56 1750

246 1272 141 70 {voir
415 1269 104 71 fig.
553 1265 69 56 16
653 1269 60 50 et
747 1263 113 69 17).

358 1445 85 39 UN
480 1441 118 42 RIS.
740 1422 366 64 Personnage
1141 1412 72 56 de
1246 1410 213 66 Ballet,
1493 1422 131 38 vers
1661 1415 142 58 175°
1840 1398 124 71 (FTÊ-
2004 1396 113 67 I^)-

358 1601 377 45 MATELOTTE.
901 1584 369 66 Personnage
1317 1577 70 53 de
1435 1572 212 66 Ballet,
1680 1585 132 38 vers
1862 1576 143 60 1750
2230 1564 101 69 19).

247 1672 296 68 garniture
575 1662 506 65 conventionnelle
1115 1661 79 53 du
1225 1664 267 49 costume
1522 1670 108 54 par
1661 1669 82 35 un
1775 1644 363 75 quadrillage
2169 1642 162 55 blanc

247 1761 58 50 et
344 1752 156 56 bleu.

363 1916 272 54 DÉMONS.
796 1905 141 56 Voir
979 1905 53 56 le
1075 1916 365 59 personnage
1486 1897 71 55 de
1600 1892 319 71 Tisiphone
2141 1886 110 67 13).

366 1996 49 54 Il
444 1995 131 53 faut
606 1996 168 51 noter
805 2006 114 54 que
947 1987 83 55 les
1059 1998 392 59 personnages
1484 1978 72 55 de
1586 1973 194 58 Ballet
1811 1971 406 72 représentant
2249 1967 86 56 des

250 2079 281 63 Démons,
562 2075 99 53 des
693 2070 123 70 Ris,
848 2070 102 55 des
979 2069 206 64 Vents,
1218 2065 100 54 des
1348 2060 270 66 Ombres,
1648 2053 224 58 étaient
1903 2048 293 73 masqués.

254 2484 101 55 LE
399 2479 267 57 CHANT

369 2646 87 54 La
491 2639 455 59 reconstitution
987 2636 80 56 du
1103 2636 182 52 chant
1326 2632 147 55 dans
1510 2629 247 53 l'œuvre
1797 2623 72 55 de
1910 2622 268 52 Rameau
2213 2623 127 65 peut

257 2724 295 73 s'inspirer
604 2724 101 54 des
754 2717 294 75 principes
1097 2714 271 57 suivants
1395 2733 11 33 :
1459 2710 53 56 le
1564 2705 163 70 récit,
1780 2707 136 51 tout
1971 2700 247 56 d'abord
2265 2705 74 48 est

258 2806 190 56 moins
477 2803 182 72 rigide
691 2806 58 52 et
782 2797 191 58 moins
1003 2813 300 56 pompeux
1335 2810 114 54 que
1479 2786 150 58 celui
1662 2785 71 57 de
1764 2800 92 39 ses
1901 2778 437 75 predecesseuis.

259 2885 634 73 L'accompagnement
955 2897 79 38 au
1093 2875 263 56 clavecin
1416 2875 228 70 permet
1708 2867 71 56 de
1839 2864 85 55 lui
1981 2860 202 56 laisser
2241 2877 99 36 une

260 2968 255 56 certaine
562 2963 207 57 liberté
818 2956 416 61 déclamatoire
1281 2954 103 72 qui
1432 2951 127 59 doit
1608 2966 61 38 se
1716 2944 262 58 traduire
2028 2959 107 56 par
2182 2941 69 55 de
2293 2940 46 53 la

260 3049 258 56 vivacité
546 3053 61 51 et
636 3048 72 54 de
734 3044 244 57 l'allure.
1011 3041 92 55 On
1131 3057 61 38 se
1220 3034 287 76 plaignait
1538 3032 136 73 déjà
1702 3031 35 52 à
1763 3030 21 53 1
1807 3030 230 70 époque
2067 3025 80 54 du
2175 3022 138 55 îalen-

263 3130 304 56 tissement
602 3129 103 55 des
735 3126 413 55 mouvements
1210 3120 307 55 musicaux
1550 3115 73 55 de
1655 3110 175 71 Lully
1858 3130 11 47 ;
1902 3109 21 53 1
1947 3105 151 56 abbé
2131 3102 81 57 du
2240 3104 100 53 Bos

264 3212 244 57 écrivait
550 3213 35 52 à
625 3227 64 38 ce
730 3206 156 73 sujet
914 3227 12 33 :
970 3224 23 29 «
1017 3205 159 55 Ceux
1218 3200 104 72 qui
1360 3203 107 52 ont
1507 3215 84 37 vu
1630 3194 362 72 représenter
2032 3187 85 56 les
2155 3185 185 71 opéras

266 3297 73 54 de
373 3293 173 71 Lully
581 3288 204 76 quand
815 3289 46 53 il
894 3286 189 55 vivait
1119 3280 434 60 encore-disent
1589 3275 175 74 quils
1797 3294 40 53 y
1873 3267 339 59 trouvaient
2245 3281 95 38 une

266 3373 336 73 expression
635 3370 175 74 qu'ils
840 3369 105 71 n'y
976 3369 282 53 trouvent
1293 3363 132 71 plus
1460 3356 254 74 aujourd
1736 3354 120 57 hui.
1893 3354 168 53 Nous
2093 3368 39 53 y
2165 3364 147 38 recon-

265 3455 268 57 naissons
564 3453 138 57 bien
733 3453 85 56 les
849 3452 214 53 chants
1097 3448 71 56 de
1202 3444 173 71 Lully
1409 3440 150 56 mais
1591 3455 151 40 nous
1774 3455 41 36 n
1837 3453 40 53 y
1912 3439 287 49 trouvons
2230 3427 111 72 plus

265 3537 225 73 l'esprit
545 3535 101 73 qui
701 3530 246 59 animait
1002 3547 95 38 ces
1150 3529 230 53 chants.
1437 3525 112 54 Les
1602 3519 176 56 récits
1832 3533 150 39 nous
2036 3511 304 75 paraissent

270 3636 137 39 sans
439 3620 125 54 *ane
590 3623 60 51 et
674 3617 85 56 les
786 3614 114 56 airs
928 3614 71 55 de
1023 3610 185 57 ballet
1234 3624 150 40 nous
1408 3605 241 55 laissent
1679 3617 247 57 presque
1953 3591 337 75 tranquilles
2309 3609 30 30 ».

388 3703 89 53 De
514 3703 135 52 tout
687 3702 213 67 temps,
936 3694 86 55 les
1059 3694 317 53 chanteurs
1412 3692 107 50 ont
1558 3703 75 37 eu
1670 3683 292 56 tendance
2004 3679 34 52 à
2076 3675 257 56 s'écoutei
