2446 4275
249 402 95 61 348

781 407 270 36 BULLETIN
1085 406 265 45 FRANÇAIS
1387 406 71 34 DE
1495 407 66 35 LA
1600 407 42 35 S.
1680 406 35 36 I.
1755 409 53 34 M.

252 560 240 69 Busoni,
532 558 286 68 d'Albert,
857 562 114 50 etc.
1012 555 53 55 Il
1101 574 35 37 a
1172 555 136 71 joué
1346 560 138 66 trop
1520 555 338 55 sèchement
1894 555 82 56 les

259 645 65 54 de
476 640 307 56 Beethoven
827 655 149 54 pour
1018 635 307 73 lesquelles
1365 654 84 36 un
1494 635 100 71 jeu
1639 635 269 55 d'enfant
1951 639 161 57 suffit
2262 661 51 48 et

249 725 59 54 la
471 719 299 57 Fantaisie
1176 719 64 53 de
1410 718 286 54 Schubert.
1167 716 163 55 Liszt
1383 722 92 49 est
1527 715 199 73 plutôt
1781 733 105 38 son
1941 718 279 63 domaine.
2271 733 42 55 Il

252 807 233 52 montra
530 802 72 54 de
643 799 58 55 la
743 798 328 72 puissance,
1118 798 81 54 du
1241 796 155 72 style
1437 802 62 50 et
1541 814 115 38 une
1700 795 148 56 belle
1890 800 253 56 sonorité
2185 809 128 60 dans

250 888 210 67 quatre
517 879 191 72 pièces
766 879 74 55 de
897 879 184 55 haute
1141 876 330 56 virtuosité.

365 963 153 54 Mme
577 960 420 70 Protopopova
1053 977 36 35 a
1145 976 114 38 une
1316 956 141 56 voix
1517 956 269 73 agréable
1844 962 61 49 et
1962 959 134 57 bien
2141 972 171 63 posée.

250 1043 126 56 Elle
427 1061 34 35 a
510 1042 214 54 chanté
775 1038 103 57 des
926 1038 278 56 mélodies
1255 1039 72 55 de
1378 1039 210 67 Fauré,
1639 1039 72 53 de
1763 1038 318 72 Chausson,
2133 1045 66 56 de
2246 1052 64 56 H.

249 1125 240 72 Duparc
527 1128 61 49 et
628 1123 72 54 de
738 1119 187 57 Henri
962 1119 264 70 Defosse,
1268 1137 143 38 avec
1449 1138 83 37 un
1569 1118 321 57 sentiment
1929 1122 118 54 très
2083 1123 163 71 juste.

362 1204 233 55 Notons
643 1202 155 55 enfin
845 1200 85 56 les
977 1200 156 56 deux
1183 1200 279 55 Concerts
1508 1200 73 55 de
1630 1200 141 54 MM.
1821 1199 214 56 Nestor
2082 1205 230 72 Lejeune

253 1284 241 70 (violon)
529 1288 61 51 et
621 1283 220 54 Lazare
871 1282 166 69 Levy
1072 1280 222 73 (piano)
1330 1298 116 53 que
1476 1297 151 39 nous
1650 1278 378 58 connaissons
2049 1289 57 50 et
2131 1293 182 66 appré.

249 1365 179 70 cions,
478 1365 237 55 séances
762 1364 73 55 de
883 1363 267 67 Sonates,
1204 1363 94 67 (de
1348 1360 208 57 Corelli
1604 1363 35 52 à
1687 1362 254 54 Brahms
1988 1369 58 48 et
2094 1367 215 77 Lekeu).

254 1442 330 61 Exécution
607 1444 221 73 précise
851 1449 61 50 et
938 1442 383 72 intelligente.
1349 1443 165 55 Nous
1538 1448 416 50 retrouverons
1979 1445 75 54 M.
2081 1447 227 71 Lejeune

249 1532 60 51 et
353 1544 108 37 son
507 1531 257 66 quatuor
809 1525 36 53 à
888 1523 58 56 la
993 1523 153 56 Salle
1193 1522 216 56 Mustel
1456 1524 148 55 dans
1665 1539 65 37 sa
1791 1522 143 56 série
1983 1525 327 64 d'auditions

250 1605 301 59 d'histoire
601 1608 80 55 du
728 1611 258 66 quatuor
1033 1605 35 54 à
1115 1605 225 55 cordes.

2002 1688 62 53 F.
2116 1689 62 54 G.

249 1930 784 56 SCHOLA
1033 1930 1 56 CANTORUM

363 2093 82 55 Le
479 2092 206 54 Schola
720 2110 37 36 a
791 2092 169 71 passé
995 2092 156 54 l'eau
1184 2097 61 48 et
1283 2092 193 54 donné
1512 2110 82 36 un
1630 2098 237 50 concert
1901 2093 141 56 salle
2077 2093 225 59 Gaveau.

363 2172 154 56 C'est
544 2173 59 53 là
629 2191 82 35 un
741 2172 346 56 événement
1118 2171 101 72 qui
1249 2190 311 53 marquera
1590 2172 149 56 dans
1766 2171 281 58 l'histoire
2083 2176 66 53 de
2174 2182 128 50 cette

249 2253 356 56 institution.
637 2253 92 55 Où
757 2258 135 51 sont
917 2253 84 56 les
1025 2258 196 66 temps
1247 2253 79 55 où
1352 2253 58 55 la
1435 2271 104 38 rue
1576 2253 492 71 François-Miron
2094 2256 208 56 abritait

249 2334 84 56 les
374 2333 278 73 premiers
692 2333 468 56 enthousiasmes
1202 2333 72 56 de
1319 2340 91 49 cet
1453 2333 287 57 excellent
1785 2336 235 56 Charles
2060 2337 200 56 Bordes
2290 2338 10 56 1

252 2414 92 56 On
398 2432 75 38 ne
526 2414 311 72 prévoyait
893 2414 173 72 guère
1123 2414 152 55 alors
1330 2432 114 55 que
1499 2420 157 50 cette
1712 2414 275 73 psallette
2041 2416 260 56 naissante

252 2494 324 73 grandirait
625 2496 236 71 jusqu'à
910 2494 250 73 prendre
1208 2494 168 73 place
1424 2515 84 35 un
1556 2496 133 71 jour
1734 2515 118 37 aux
1901 2498 160 54 côtés
2108 2497 65 56 de
2216 2515 85 37 nos

252 2577 217 70 grands
497 2577 330 56 orchestres
852 2576 305 72 parisiens.
1199 2576 51 54 Il
1308 2596 36 36 a
1382 2577 145 56 fallu
1567 2578 186 55 douze
1809 2596 105 37 ans
1946 2580 72 54 de
2060 2577 239 70 ténacité,

254 2657 286 56 d'audace
590 2663 252 50 souvent
892 2675 82 38 un
1023 2676 116 53 peu
1189 2658 156 70 folle,
1396 2663 61 51 et
1509 2660 71 54 de
1613 2661 380 70 propagande
2050 2665 248 49 soutenue

253 2756 150 53 pour
442 2756 235 37 amener
717 2737 147 56 ainsi
901 2737 58 56 la
998 2738 213 55 Schola
1250 2740 150 54 dans
1435 2738 55 56 le
1528 2738 158 73 plein
1725 2738 133 73 jour
1898 2741 71 54 de
1999 2745 160 49 notre
2194 2738 105 71 plus

254 2817 150 56 belle
433 2818 143 56 salle
605 2820 73 54 de
708 2825 256 49 concert.
998 2820 91 54 Ne
1118 2818 255 73 perdons
1402 2837 112 55 pas
1545 2820 72 55 de
1647 2839 116 36 vue
1792 2820 84 55 les
1905 2821 201 71 étapes
2135 2821 65 54 de
2224 2822 75 51 cet

256 2898 321 70 évolution,
610 2900 103 71 qui
741 2901 221 54 honore
993 2900 167 55 Paris
1186 2906 63 49 et
1278 2917 109 38 nos
1416 2902 261 55 maîtres.

369 2982 283 55 Avouons
692 2981 158 56 aussi
878 3000 114 55 que
1031 2981 55 56 le
1127 2999 251 56 courage
1418 2983 100 54 n'a
1559 3000 107 55 pas
1715 2983 255 72 manqué
2011 2987 146 51 cette
2192 2978 103 68 fois,

258 3079 116 36 aux
428 3061 431 72 organisateurs
912 3063 72 54 de
1037 3062 313 56 l'audition
1405 3063 428 72 d'Euryanthe.
1890 3063 152 56 Tout
2094 3080 61 37 ce
2206 3076 89 55 que

257 3142 609 71 l'opéra-troubadour
927 3143 248 72 pouvait
1240 3145 330 54 accumuler
1633 3145 511 71 d'extravagances
2178 3156 120 57 pour

257 3239 61 39 se
361 3222 335 56 discréditer
736 3222 318 70 lui-même,
1111 3226 140 53 s'est
1294 3226 210 53 trouvé
1548 3225 165 54 réuni
1785 3227 147 54 dans
1983 3225 56 54 la
2091 3218 205 60 cervelle

261 3305 71 54 de
366 3310 156 49 cette
558 3305 400 56 malheureuse
993 3305 272 57 Helmine
1299 3324 119 37 von
1454 3307 211 70 Chézy.
1705 3307 50 52 Il
1790 3309 171 69 règne
1998 3306 140 55 dans
2167 3306 127 51 cette

262 3383 391 58 affabulation
699 3404 81 37 un
827 3391 310 67 grotesque
1184 3386 338 72 persistant,
1573 3406 113 52 que
1731 3394 169 49 toute
1946 3381 348 76 l'inspiration

262 3465 72 54 de
375 3466 208 55 Weber
623 3485 34 36 a
695 3466 136 56 bien
873 3465 70 57 de
982 3467 57 55 la
1077 3467 170 71 peine
1288 3470 34 52 à
1360 3469 272 71 poétiser.
1675 3470 97 53 Un
1811 3470 106 54 flot
1959 3467 69 57 de
2067 3462 227 70 musique

262 3545 101 71 qui
407 3546 242 55 cherche
696 3547 34 54 à
772 3564 63 38 se
880 3546 143 60 faire
1068 3549 132 69 jour
1245 3566 79 38 au
1368 3547 198 57 milieu
1613 3550 141 54 d'un
1800 3566 254 55 paysage
2096 3538 197 74 truqué,

261 3643 81 38 un
379 3632 184 50 essort
602 3629 73 54 de
710 3627 236 71 lyrisme
983 3629 192 71 parmi
1212 3629 84 55 les
1332 3630 397 71 perspectives
1767 3629 175 58 d'une
1979 3621 315 63 convention

262 3706 310 57 défraîchie
610 3709 217 55 offrent
865 3709 135 57 bien
1037 3729 82 37 un
1156 3711 293 71 spectacle
1489 3711 321 72 affligeant.
1852 3711 162 56 Nous
2051 3705 243 58 assistons
