2446 4275
338 940 115 122 LÀ
549 930 452 151 MUSIQUE
1098 927 579 130 ESPAGOLE
1763 927 468 120 MODERNE

1243 1346 42 47 A
1318 1360 117 32 mon
1462 1345 109 47 chef
1600 1341 107 48 ami
1738 1342 209 61 Georges
1985 1339 220 47 Baudin.

239 1463 545 57 CONSIDÉRATIONS
820 1457 384 56 GÉNÉRALES.
1349 1453 89 54 LE
1474 1463 223 41 PUBLIC
1730 1462 79 39 ET
1842 1461 77 40 LA
1952 1461 280 52 MUSIQUE
2264 1463 67 46 EN

357 1561 228 41 VOGUE.
714 1542 90 53 LA
830 1541 449 54 RENAISSANCE
1307 1536 379 56 NATIONALE.
1817 1531 88 53 LE
1935 1529 214 54 CHANT
2175 1542 126 46 POPU-

360 1642 204 41 LAIRE.
751 1625 127 53 LES
944 1621 284 53 MAÎTRES
1295 1631 80 39 ET
1446 1627 115 42 LES
1609 1625 322 42 DISCIPLES
1960 1631 9 32 :
2036 1609 281 59 CASTILLE
2322 1664 9 22 }

361 1712 301 55 VALENCE
705 1719 80 40 ET
830 1703 385 56 CATALOGNE.
1371 1700 128 54 LES
1545 1697 520 55 INDÉPENDANTS.
2228 1693 104 60 LES

367 1788 455 59 INTERPRÈTES.

630 1951 303 55 'ESPAGNE
968 1945 220 56 souffre
1222 1942 132 74 plus
1389 1959 114 54 que
1537 1942 170 52 toute
1742 1941 167 51 autre
1944 1934 207 55 nation
2175 1936 66 53 de
2261 1945 75 49 cet

671 2034 254 71 égoïsme
962 2027 195 70 social,
1197 2026 137 55 bien
1369 2023 152 73 plus,
1555 2023 70 54 de
1663 2025 156 49 cette
1846 2020 155 53 lutte
2057 2018 203 55 sourde
2290 2027 46 48 et

674 2111 337 58 inexorable
1058 2115 204 51 contre
1309 2112 170 50 toute
1528 2101 358 75 suprématie
1932 2098 404 74 intellectuelle,

675 2200 203 52 contre
901 2197 171 52 toute
1096 2187 366 59 aristocratie
1493 2187 72 55 de
1592 2183 226 70 mérite,
1853 2200 115 55 que
1999 2182 78 53 M.
2112 2182 64 53 P.
2222 2182 86 56 Las-

676 2294 154 42 serre
851 2274 305 57 flétrissait
1180 2272 48 55 si
1251 2270 516 73 vigoureusement
1789 2284 74 37 en
1893 2281 106 40 son
2024 2263 153 55 beau
2218 2262 118 59 livre

256 2383 100 39 sur
398 2365 55 56 le
496 2360 390 58 Romantisme
929 2357 277 70 français.

370 2446 347 73 L'Espagne
747 2446 90 51 est
868 2458 117 37 une
1014 2437 151 58 belle
1197 2435 393 57 indifférente.
1626 2431 127 56 Elle
1785 2449 76 37 ne
1891 2426 333 57 méconnaît
2252 2445 85 53 pas

258 2549 90 40 ses
376 2545 242 58 propres
648 2524 205 68 forces,
883 2521 149 56 mais
1060 2519 226 72 néglige
1316 2519 73 54 de
1415 2516 83 55 les
1517 2514 316 73 employer.
1857 2512 126 54 Elle
2011 2509 183 55 sourit
2211 2510 32 53 à
2267 2528 71 38 ses

259 2611 262 77 glorieux
560 2608 257 67 enfants,
858 2604 150 57 mais
1047 2622 74 36 ne
1157 2604 127 54 leur
1322 2601 149 55 tend
1508 2616 107 54 pas
1653 2597 58 55 la
1750 2595 178 56 main.
1974 2595 156 52 Pour
2181 2591 157 69 vivre,

259 2713 92 38 ses
373 2693 408 68 dramaturges
801 2688 82 54 les
902 2686 133 74 plus
1057 2683 315 74 applaudis
1394 2680 243 57 doivent
1658 2676 322 73 multiplier
1999 2672 339 58 hâtivement

258 2779 156 55 leurs
459 2789 232 40 œuvres
715 2793 14 48 ;
773 2788 90 37 ses
906 2769 204 72 poètes
1152 2768 82 54 les
1278 2765 133 74 plus
1453 2760 210 74 exquis
1706 2759 243 57 doivent
1993 2755 251 56 sacrifier
2281 2771 59 39 au

261 2858 200 77 public
500 2858 80 53 du
615 2876 22 29 «
662 2850 297 76 periôdico
983 2872 22 29 »
1025 2872 14 49 ;
1060 2868 90 37 ses
1187 2845 374 69 romanciers,
1601 2845 36 53 à
1673 2841 149 57 celui
1858 2840 82 57 du
1975 2862 22 28 «
2024 2843 168 50 conte
2225 2836 87 55 heb-

263 2939 343 60 domadaire
630 2959 38 32 ».
715 2938 202 71 Quant
977 2935 36 54 à
1055 2950 88 39 ses
1187 2931 257 73 peintres
1486 2934 63 51 et
1589 2945 89 37 ses
1720 2924 334 67 musiciens,
2097 2919 145 56 seuls
2278 2919 62 54 les

263 3024 230 56 musées
521 3025 60 51 et
607 3022 84 54 les
718 3023 265 51 concerts
1011 3018 300 70 étrangers
1338 3013 305 54 s'ouvrent
1669 3010 36 52 à
1731 3027 134 37 eux.

381 3107 169 54 Cette
586 3102 305 57 indolence
928 3098 267 75 générale
1234 3100 91 51 est
1363 3098 236 52 surtout
1637 3090 185 57 fatale
1860 3108 118 36 aux
2035 3083 303 58 musiciens.

266 3191 86 53 La
388 3206 192 52 vogue
615 3185 196 54 inouïe
849 3185 71 54 de
954 3180 225 71 l'opéra
1212 3177 226 68 italien,
1477 3174 140 56 celle
1651 3192 121 35 non
1810 3170 189 56 moins
2036 3168 134 56 vive
2206 3166 64 55 de
2299 3163 42 53 la

266 3271 279 55 Zarzuela
588 3287 78 36 ou
690 3267 231 72 opérette
943 3262 312 68 nationale,
1281 3260 326 70 décourage
1627 3258 82 54 les
1733 3254 326 56 meilleures
2082 3246 255 59 volontés.

267 3354 95 55 On
409 3371 36 37 a
491 3352 170 73 peine
708 3351 35 53 à
789 3347 183 57 croire
1020 3345 178 73 qu'en
1242 3344 60 55 la
1348 3340 255 74 capitale
1636 3339 192 56 même
1877 3338 80 53 du
2006 3325 336 80 royaume,le

293 3438 200 54 Teatro
714 3434 125 56 Real
840 3429 99 59 confie
955 3432 36 53 à
1025 3447 116 38 une
1176 3433 213 65 troupe
1425 3422 235 58 d'ltalie
1693 3422 54 54 le
1782 3419 127 56 soin
1946 3418 103 54 des
2084 3414 230 72 représen-

270 3517 509 75 tationsj#opéra.
809 3516 82 53 Le
916 3511 201 74 public
1145 3509 231 73 élégant
1405 3508 83 56 du
1512 3527 23 29 «
1560 3504 194 74 Royal
1781 3502 220 56 Colisée
2020 3522 21 28 »
2068 3489 273 83 applaudit

270 3602 237 72 surtpifc
535 3598 60 55 la
995 3597 260 67 Bohême,
1587 3594 57 56 la
1761 3594 181 54 Tosca
1220 3597 58 49 et
2129 3597 29 37 e
2189 3572 155 77 petite

477 3687 87 50 est
604 3679 144 56 faite
788 3681 35 52 à
863 3679 272 72 Wagner,
1178 3673 122 74 qui,
1358 3672 323 71 interprété
1745 3671 35 52 à
1839 3664 337 66 l'italienne,
2231 3653 114 76 perd
