2446 4275
1071 406 67 37 LE
1176 410 130 35 MOIS

2237 468 0 0 313

137 556 165 56 parce
327 557 79 52 qu
429 538 39 55 il
494 539 152 59 aime
673 543 173 73 Pilar,
873 565 67 38 sa
964 551 238 60 fiancée.
1233 557 48 54 Il
1309 575 60 39 se
1395 566 207 66 repent
1642 580 77 37 au
1746 562 305 59 deuxième
2077 574 152 67 acte,

136 637 100 55 par
258 619 16 54 1
298 621 306 57 entremise
628 625 41 54 d
689 645 80 35 un
793 626 284 76 fantôme,
1101 641 58 50 et
1183 655 149 39 nous
1355 659 349 54 apprenons,
1729 644 35 54 à
1785 649 168 52 notre
1975 649 254 71 surprise

134 717 107 55 que
265 701 153 54 Pilar
440 720 35 37 a
498 706 170 68 passé
694 707 141 56 d'un
860 710 148 57 frère
1032 715 36 52 à
1088 715 231 73 l'autre,
1345 740 106 53 par
1474 741 81 37 un
1580 730 224 66 respect
1830 726 71 55 de
1924 726 57 56 la
2005 727 222 61 famille

134 783 348 55 assurément
509 783 251 60 louable.
788 790 126 56 Elle
938 799 89 49 est
1054 795 151 57 donc
1228 799 58 54 la
1309 800 234 71 femme,
1568 821 78 37 ou
1667 805 59 54 la
1749 805 219 58 fiancée
1991 826 230 55 encore,

133 862 66 55 de
249 863 247 70 Ramôn,
522 867 101 70 qui
670 872 332 70 cependant
1051 875 162 59 n'ose
1260 881 82 55 lui
1390 901 219 38 avouer
1655 903 106 39 son
1807 887 179 58 crime
2014 910 10 35 :
2075 892 145 58 c'est

129 945 280 69 pourquoi
442 946 105 56 elle
583 956 212 63 meurt,
833 971 76 38 au
942 955 296 61 troisième
1274 969 148 64 acte,
1459 983 99 36 sur
1590 966 58 55 la
1681 970 203 55 tombe
1920 971 72 56 de
2028 974 189 57 Pedro

128 1022 94 72 qui
255 1023 53 55 la
341 1026 248 57 reclame
616 1050 12 47 ;
669 1031 234 57 Ramôn
938 1036 239 57 devient
1213 1040 101 57 fou
1348 1049 59 51 et
1441 1063 61 38 se
1535 1047 146 70 perd
1715 1049 147 56 dans
1895 1050 58 56 la
1986 1053 149 55 nuit.

231 1105 89 54 On
357 1107 294 60 s'accorde
689 1112 36 55 à
762 1119 365 57 reconnaître
1168 1139 114 54 que
1318 1124 58 56 la
1415 1126 269 73 musique
1723 1130 73 55 de
1832 1131 78 55 M.
1953 1134 263 72 Laparra

125 1201 35 36 n
181 1202 33 37 a
251 1204 188 38 aucun
477 1199 244 64 rapport
760 1213 144 39 avec
940 1197 260 74 l'action,
1239 1210 61 50 et
1341 1206 212 71 qu'elle
1590 1227 148 38 nous
1775 1218 89 48 est
1905 1213 305 72 dispensée

123 1281 131 39 avec
299 1286 112 38 une
454 1289 136 56 sage
635 1275 376 71 parcimonie.
1060 1281 84 56 Ici
1187 1303 116 39 une
1347 1287 366 74 quelconque
1756 1293 305 57 habanera
2105 1296 105 73 qui

119 1345 92 55 n'a
252 1348 336 77 d'espagnol
631 1374 114 53 que
788 1375 68 37 sa
898 1360 302 74 trivialité,
1239 1366 80 70 là,
1366 1385 173 55 parce
1583 1371 144 71 qu'il
1770 1371 109 57 fait
1925 1375 149 70 nuit,
2121 1397 82 38 un

119 1435 271 52 nocturne
428 1436 77 53 où
542 1435 52 56 le
632 1437 216 57 basson
886 1447 60 50 et
984 1442 53 58 le
1075 1461 99 40 cor
1213 1449 223 72 anglais
1473 1450 131 56 font
1643 1460 199 50 assaut
1883 1456 71 56 de
1994 1456 208 60 tierces

118 1506 292 76 mineures,
445 1516 133 70 plus
609 1516 140 72 loin,
786 1520 147 57 dans
967 1524 53 56 le
1054 1524 314 75 cimetière,
1402 1530 367 60 l'inévitable
1804 1541 395 54 enterrement

118 1604 129 40 avec
294 1609 87 39 ses
429 1597 232 56 chœurs
707 1604 612 76 pseudo-liturgiques,
1369 1628 65 39 ce
1497 1614 151 54 n'est
1709 1621 243 65 partout
2014 1620 184 70 qu'un

117 1668 158 58 décor
307 1676 117 55 très
458 1680 473 75 conventionnel,
966 1705 108 54 par
1108 1689 221 57 devant
1365 1693 140 72 quoi
1536 1694 83 56 les
1655 1701 229 51 acteurs
1917 1705 106 49 ont
2060 1701 101 56 mis-

114 1748 144 59 sions
292 1755 68 56 de
396 1776 146 39 nous
575 1760 309 60 intéresser
917 1768 35 53 à
984 1768 155 57 leurs
1171 1773 417 57 vociférations
1622 1781 58 50 et
1713 1778 152 56 leurs
1900 1785 290 52 terreurs..

111 1830 158 57 Aussi
303 1842 231 53 va-t-on
567 1842 272 72 répétant
873 1865 115 54 que
1023 1850 77 53 M.
1135 1851 280 74 Laparra,
1450 1856 192 70 poète,
1677 1874 36 37 a
1757 1858 136 57 bien
1940 1862 130 69 plus
2119 1864 71 55 de

109 1910 173 58 talent
326 1935 112 54 que
484 1922 76 54 M.
607 1924 278 72 Laparra,
910 1929 299 60 musicien.
1256 1934 153 57 C'est
1453 1936 53 56 le
1549 1953 98 39 cas
1693 1938 71 56 de
1806 1940 81 56 tel
1931 1943 257 58 écrivain

110 2008 104 39 aux
246 1999 382 59 attributions
661 2006 317 74 multiples,
1014 2011 147 58 dont
1194 2014 82 56 les
1308 2015 259 73 peintres
1601 2019 280 71 sourient,
1916 2041 73 36 en
2023 2024 130 70 ajou-

108 2075 120 53 tant
255 2079 140 70 qu'il
421 2085 221 55 entend
665 2086 59 55 la
750 2090 287 72 musique,
1067 2095 199 57 tandis
1291 2114 115 54 que
1431 2098 84 56 les
1540 2100 310 56 musiciens
1876 2102 81 55 lui
1986 2122 165 38 recon-

105 2154 240 61 naissent
377 2161 52 57 le
459 2182 131 38 sens
614 2166 72 56 de
707 2168 57 55 la
787 2173 235 56 couleur
1044 2180 59 50 et
1129 2194 114 54 que
1266 2178 81 54 les
1369 2197 141 53 gens
1534 2180 72 56 de
1627 2182 202 55 lettres
1856 2201 61 38 se
1942 2185 199 56 deman-

105 2234 127 57 dent
266 2246 286 70 pourquoi
585 2246 40 55 il
659 2250 143 56 écrit
853 2253 71 57 de
974 2262 187 50 sottes
1209 2260 317 70 nouvelles,
1575 2264 205 70 quand
1825 2265 58 55 la
1929 2267 249 71 critique

104 2315 138 57 dart
287 2321 78 55 lui
411 2326 228 56 réussit.
688 2331 76 54 M.
814 2334 264 72 Laparra
1121 2339 151 56 n'est
1319 2343 193 70 poète,
1581 2345 174 70 poète
1802 2345 373 73 dramatique

103 2404 326 72 surtout,qu
454 2425 117 37 aux
592 2427 157 53 yeux
772 2414 101 55 des
895 2415 335 75 musiciens;
1247 2420 84 56 les
1346 2422 344 58 versiculets
1707 2427 144 70 qu'il
1874 2444 35 37 a
1930 2427 247 56 commis

101 2490 65 41 ne
209 2483 197 57 valent
454 2507 108 53 pas
608 2491 314 77 beaucoup
970 2498 221 72 mieux,
1215 2521 75 36 en
1338 2502 167 72 dépit
1554 2505 103 55 des
1703 2508 287 71 quelques
2014 2516 157 48 mots

99 2565 293 66 espagnols
433 2570 246 74 chargés
721 2574 296 60 d'assurer
1055 2579 60 56 la
1154 2583 243 56 couleur
1418 2584 206 70 locale,
1648 2604 116 54 que
1787 2588 58 55 la
1884 2606 172 54 prose
2094 2589 77 57 de

99 2639 70 51 M.
203 2640 260 65 Gustave
500 2650 391 75 Charpentier
920 2678 12 34 :

548 2813 101 41 Elle
681 2827 48 28 se
748 2829 184 29 nomme
949 2834 10 23 :
993 2820 137 42 Chair
1150 2827 8 36 !

548 2872 99 42 Elle
666 2887 49 29 se
739 2890 185 29 nomme
943 2895 9 24 :
989 2880 121 53 Sang
1131 2888 8 35 !

548 2935 100 40 Elle
666 2948 48 28 se
733 2951 184 29 nomme
932 2956 8 23 :
966 2941 193 43 Mienne!

501 2994 56 50 Je
578 2996 75 41 l'ai
677 3010 200 40 compris
900 3001 27 38 à
961 3001 210 44 l'instant
1199 3006 108 39 cher

501 3053 72 43 Où
604 3057 78 50 j'ai
712 3062 138 38 voulu
877 3074 69 27 me
968 3064 163 40 fondre
1158 3078 57 27 en
1238 3067 97 47 elle.

501 3116 71 40 Oh
592 3123 8 35 !
632 3122 255 51 reprendre,
914 3123 113 40 faire
1048 3125 170 40 éternel
1238 3138 23 28 e

496 3177 132 40 Cette
660 3186 220 38 mnute...
917 3182 71 41 Oh
1015 3189 8 35 !
1051 3189 320 49 m'enfuir(i)!

496 3237 73 40 Me
595 3241 160 49 perdre
773 3254 56 28 en
851 3255 83 29 son
955 3248 96 37 être
1077 3248 56 38 de
1152 3249 166 39 femme
1343 3253 7 36 !

494 3297 183 43 Fermer
715 3304 58 38 les
800 3316 120 39 yeux
953 3309 48 36 et
1023 3319 55 27 ne
1114 3309 100 50 plus
1239 3312 59 37 les
1317 3312 167 45 ouvrir,

495 3358 77 47 Et,
602 3362 42 37 le
663 3373 125 29 cœur
811 3365 115 40 dans
945 3368 43 37 le
1001 3379 139 41 cœur,
1165 3381 113 29 nous
1300 3372 144 39 baiser
1468 3372 148 41 l'âme.

190 3483 192 71 Quant
416 3496 35 53 à
482 3496 266 75 l'action,
781 3520 79 38 on
893 3524 74 37 ne
999 3506 117 57 sait
1149 3511 78 54 où
1258 3509 60 57 la
1350 3509 204 57 situer.
1588 3511 168 56 Dans
1787 3513 53 57 le
1873 3532 164 39 ccnur
2070 3518 73 55 de

139 3565 168 57 amôn
329 3587 136 42 sans
487 3577 202 73 doute,
712 3582 254 74 puisque
992 3589 190 54 Pedro
1204 3590 343 72 n'apparaît
1569 3609 116 53 que
1707 3610 151 55 pour
1878 3598 265 54 recevoir

137 3702 32 45 (i
184 3704 11 47 )
212 3707 231 49 Comment
461 3730 52 29 ce
536 3733 100 28 vers
659 3726 328 42 atteindra-t-il
1009 3740 70 29 ses
1106 3731 119 41 huit,
1252 3732 198 51 syllabes
1470 3737 17 36 ?
1522 3733 56 53 Je
1601 3746 56 27 ne
1681 3735 104 42 sais.
