3015 4305
1423 255 62 69 S.
1554 252 54 69 I.
1677 251 107 69 M.

336 292 100 49 20

334 411 287 71 lâchetés,
651 405 250 84 j'espère
936 405 125 57 être
1095 402 236 59 bientôt
1366 400 72 58 de
1475 415 223 55 retour,
1734 412 58 44 et
1818 395 253 81 j'espère
2118 396 174 71 aussi,
2327 415 125 38 mes
2487 392 170 60 chers
2702 396 169 70 amis,

340 525 118 61 que
511 520 151 40 nous
698 517 150 39 nous
901 506 362 46 remettrons
1316 512 71 35 au
1448 490 235 70 travail,
1719 503 56 42 et
1836 486 292 80 quoique,
2173 484 155 58 hélas
2333 532 14 23 ,
2401 482 73 59 né
2510 481 32 60 à
2576 484 296 78 Cologne,

337 614 151 40 vous
544 590 323 78 daignerez
924 604 217 37 encore
1199 603 99 36 me
1358 578 226 61 confier
1649 599 80 37 un
1795 574 241 84 poème.
2093 574 417 58 Ecrivez-moi
2577 574 296 57 Goldram

341 686 279 64 Lamme,
680 678 261 67 Vienne,
1006 670 278 61 Autriche
1339 691 104 58 pas
1508 668 333 58 allemande
1879 664 131 79 ;je
2076 664 97 81 n'y
2239 661 106 60 réf.
2516 661 216 79 jamais
2793 664 81 57 les

337 773 170 83 pieds
560 769 143 59 dans
760 787 68 37 ce
881 762 236 61 maudit
1182 781 161 61 pays.
1406 760 256 58 Nuitter
1717 757 334 58 embrassez
2116 754 139 57 bien
2311 750 224 60 Tréfeu
2573 777 13 46 ;
2646 750 227 60 Tréfeu

338 862 337 60 embrassez
737 856 138 58 bien
945 853 256 59 Nuitter
1265 865 59 43 et
1389 851 124 57 moi
1584 847 339 76 j'embrasse
1991 846 54 57 la
2107 843 229 58 femme
2393 842 71 58 de
2521 862 143 38 mon
2732 842 144 58 cher

333 948 249 63 Tréfeu.
621 947 192 59 Votre
841 945 54 77 J.
935 943 78 59 O.

521 1122 348 66 Offenbach
907 1121 196 60 s'était
1137 1119 112 59 fait
1284 1119 353 59 naturaliser
1673 1117 71 57 de
1778 1115 201 58 bonne
2015 1112 188 59 heure
2239 1136 13 46 ;
2290 1133 106 58 par
2430 1131 104 38 son
2581 1110 295 58 caractère

340 1235 58 46 et
456 1240 103 39 son
616 1213 472 83 tempérament,
1142 1232 107 59 par
1305 1211 54 57 le
1418 1224 137 42 tour
1612 1206 71 59 de
1738 1227 105 38 son
1897 1205 205 80 esprit,
2159 1223 59 38 sa
2269 1223 179 35 verve
2506 1215 56 43 et
2620 1220 102 38 son
2789 1214 87 44 art

338 1308 449 84 primesautier,
853 1304 43 57 il
955 1300 148 59 était
1175 1300 304 57 vraiment
1555 1295 275 79 français.
1900 1295 164 57 C'est
2130 1291 329 80 pourquoi,
2529 1291 204 69 seules,
2797 1290 81 57 les

342 1402 224 79 injures
624 1395 173 60 faites
849 1392 32 59 à
938 1413 105 37 son
1102 1411 167 38 cœur
1319 1404 57 44 et
1434 1387 31 58 à
1523 1408 57 37 sa
1631 1384 215 83 pensée
1895 1385 85 57 lui
2024 1384 237 57 avaient
2302 1402 148 58 paru
2500 1376 381 61 intolérables

347 1491 219 58 durant
616 1488 55 56 le
728 1483 147 60 rude
928 1494 264 67 martyre
1253 1479 71 57 de
1373 1478 296 80 plusieurs
1719 1474 155 59 mois
1922 1470 226 60 enduré
2206 1492 106 58 par
2368 1470 56 58 la
2478 1468 165 58 faute
2699 1468 73 58 de
2826 1469 55 57 la

342 1578 259 61 maladie
638 1576 105 80 qui
779 1573 201 59 devait
1013 1569 353 80 l'emporter
1400 1567 104 58 dix
1540 1587 101 37 ans
1676 1567 133 79 plus
1846 1563 147 58 tard.
2027 1563 163 56 Pour
2217 1559 261 59 affirmer
2511 1559 55 56 la
2601 1555 276 61 sincérité

340 1671 72 58 de
468 1671 56 56 la
574 1667 178 57 lettre
809 1663 73 58 de
933 1663 280 78 Jacques,
1268 1660 43 57 il
1368 1679 98 36 me
1517 1656 225 58 semble
1792 1655 150 57 utile
1992 1652 71 57 de
2114 1663 316 68 rapporter
2478 1648 146 57 celle
2670 1668 117 59 que
2820 1668 60 37 sa

340 1760 252 69 femme,
629 1754 333 61 Herminie
996 1750 72 58 de
1104 1750 218 58 Alcain
1363 1745 307 82 expédiait
1706 1746 71 57 de
1815 1745 80 57 St.
1937 1741 328 70 Sébastien,
2302 1741 53 56 le
2401 1759 256 36 iomars
2695 1736 182 81 1871,

341 1850 32 60 à
411 1849 249 60 Charles
695 1845 258 58 Nuitter
988 1864 12 36 :
1108 1841 164 57 Mon
1307 1837 145 59 cher
1485 1837 144 69 ami,
1657 1835 62 79 je
1753 1855 74 37 ne
1860 1835 137 79 puis
2030 1851 148 38 vous
2220 1830 127 57 dire
2392 1827 282 60 combien
2709 1842 169 42 votre

343 1940 178 59 lettre
557 1957 150 38 nous
741 1957 30 34 a
806 1931 110 59 fait
950 1930 206 81 plaisir
1189 1928 31 58 à
1254 1929 128 57 lire.
1406 1928 73 77 Je
1505 1925 186 60 savais
1719 1924 71 57 de
1815 1943 108 37 vos
1957 1921 307 59 nouvelles
2297 1939 106 60 par
2438 1938 124 37 mes
2596 1915 285 81 parisiens

347 2044 57 44 et
440 2028 143 58 dans
616 2047 99 37 ma
748 2025 178 56 lettre
961 2020 30 59 à
1024 2018 252 71 Tréfeu,
1303 2018 61 78 je
1400 2037 150 37 vous
1584 2014 306 80 envoyais,
1926 2033 73 37 au
2035 2009 141 82 père
2234 2024 58 43 et
2345 2029 72 36 au
2468 2004 111 73 fils,
2629 2028 80 35 un
2760 2005 118 58 bon

342 2117 302 61 souvenir.
685 2114 176 57 Nous
896 2129 183 39 avons
1113 2109 141 57 bien
1289 2127 183 60 pense
1509 2127 31 34 a
1573 2124 150 37 vous
1757 2117 134 42 tous
1927 2100 265 80 pendant
2238 2118 94 37 ces
2380 2098 173 77 longs
2603 2116 155 36 mois
2807 2095 71 56 de

341 2207 183 80 siège,
562 2225 148 38 nous
743 2221 185 39 avons
962 2211 251 47 souvent
1248 2193 199 83 essayé
1484 2194 72 57 de
1590 2189 431 81 correspondre
2058 2208 142 38 avec
2236 2207 95 38 ces
2363 2206 254 61 pauvres
2673 2182 205 72 exilés,

343 2319 130 38 sans
529 2295 169 58 avoir
750 2291 316 77 beaucoup
1126 2284 202 60 réussi.
1383 2281 182 61 Enfin
1616 2295 133 44 tout
1799 2295 85 43 est
1935 2277 128 72 fini,
2100 2278 165 57 Dieu
2299 2276 221 58 veuille
2556 2296 117 58 que
2707 2287 171 48 notre

342 2408 226 61 pauvre
602 2403 146 62 pays
783 2381 195 80 puisse
1015 2399 57 37 se
1107 2377 226 57 relever
1367 2395 81 37 un
1475 2372 162 80 jour,
1684 2371 150 57 mais
1874 2368 61 80 je
1985 2368 157 57 crois
2191 2386 120 60 que
2344 2385 149 37 nous
2528 2385 72 35 ne
2636 2383 244 37 verrons

343 2498 102 61 pas
482 2489 159 46 cette
674 2470 426 68 résurrection,
1136 2486 150 38 nous
1321 2484 183 38 avons
1555 2460 93 59 été
1700 2475 136 65 trop
1888 2457 416 59 terriblement
2358 2451 327 61 maltraités
2726 2474 154 58 pour

346 2569 124 57 cela
503 2565 11 60 !
577 2563 53 59 Il
686 2560 212 60 faudra
954 2557 73 59 de
1079 2557 252 78 longues
1381 2550 217 61 années
1649 2565 57 43 et
1757 2549 71 58 de
1876 2550 174 77 longs
2100 2542 293 62 sacrifices
2432 2565 154 59 pour
2622 2564 117 58 que
2775 2563 105 36 nos

343 2654 237 62 enfants
614 2654 272 57 assistent
921 2671 73 35 au
1029 2648 257 77 relevage
1321 2644 71 57 de
1428 2663 67 37 ce
1530 2660 223 61 pauvre
1789 2659 162 60 pays.

892 2752 84 44 est
1029 2735 31 59 à
1115 2737 225 67 Milan,
1392 2754 71 36 en
1517 2749 236 40 courses
1804 2729 142 56 dans
1994 2739 172 45 toute
2211 2724 243 68 l'ltalie,
2491 2723 42 57 il
2566 2721 312 57 reviendra

345 2837 143 58 dans
524 2855 118 36 une
679 2828 325 83 quinzaine
1038 2825 74 58 de
1136 2824 169 80 jours
1338 2820 31 59 à
1405 2822 235 57 Etretat
1677 2814 76 61 où
1780 2817 61 78 je
1876 2829 249 65 compte
2161 2814 141 56 aller
2335 2832 134 39 sous
2502 2809 116 60 très
2652 2831 137 59 peu.
2830 2809 50 57 Il

346 2949 32 35 a
431 2922 93 61 été
577 2921 117 59 très
745 2921 312 57 vivement
1117 2911 226 61 touché
1395 2931 105 60 par
1550 2922 157 46 cette
1757 2905 251 59 affreuse
2054 2923 234 59 guerre,
2325 2923 57 36 sa
2416 2898 163 61 santé
2615 2921 71 35 en
2722 2921 29 34 a
2786 2897 92 58 été

343 3016 118 58 très
496 3012 429 60 sérieusement
961 3003 218 61 altérée
1215 3017 57 43 et
1307 3002 212 79 depuis
1555 2999 146 56 trois
1734 2997 155 57 mois
1924 2997 42 56 il
2002 2993 93 59 n'a
2138 3013 103 60 pas
2292 3013 69 36 eu
2413 2991 138 57 huit
2591 2989 167 80 jours
2808 2989 72 56 de

342 3106 169 59 bons.
544 3099 262 82 J'espère
841 3119 117 58 que
992 3096 56 57 la
1081 3090 235 62 rentrée
1352 3091 143 56 dans
1530 3090 53 55 le
1618 3087 216 57 milieu
1894 3083 150 80 qu'il
2101 3083 159 56 aime
2312 3095 58 43 et
2420 3079 148 58 dont
2609 3079 41 56 il
2685 3100 32 35 a
2751 3091 127 43 tant

342 3195 211 58 besoin
585 3192 53 56 le
672 3201 286 46 remettra
995 3199 133 44 tout
1161 3182 32 57 à
1226 3180 130 59 fait.

595 3281 209 58 Est-ce
841 3297 118 59 que
991 3294 149 38 vous
1175 3294 73 36 ne
1282 3269 283 59 viendrez
1602 3286 99 60 pas
1737 3279 133 42 tous
1905 3262 160 57 deux
2098 3260 31 58 à
2166 3261 235 57 Etretat
2431 3260 18 57 ?
2488 3259 176 57 Nous
2698 3276 183 38 avons

346 3377 46 58 si
444 3372 208 59 besoin
713 3368 71 57 de
841 3365 200 59 revoir
1093 3363 99 57 des
1239 3361 230 77 visages
1518 3356 150 57 amis
1717 3369 59 42 et
1827 3350 184 60 aimés
2050 3351 9 57 !
2112 3365 58 43 et
2219 3372 80 35 vu
2350 3350 52 56 la
2452 3345 161 61 santé
2648 3346 71 57 de
2754 3365 126 37 mes

346 3462 234 61 enfants
605 3459 61 80 je
701 3480 75 36 ne
811 3454 254 81 passerai
1118 3472 100 60 pas
1268 3469 107 60 par
1425 3446 165 59 Paris
1639 3444 151 57 mais
1841 3463 104 58 par
1996 3441 249 56 Lisieux
2298 3460 76 36 ou
2435 3434 323 61 Honfleur.
2819 3435 58 56 Si

345 3572 151 41 vous
554 3551 207 56 n'avez
818 3565 104 59 pas
980 3538 181 84 gardé
1211 3560 80 36 un
1344 3552 139 62 trop
1532 3533 272 58 mauvais
1853 3530 282 57 souvenir
2184 3528 80 57 du
2319 3539 135 46 vent
2454 3575 14 21 ,
2526 3544 150 37 nous
2731 3542 149 38 vous

348 3638 351 65 attendrons
732 3655 146 38 avec
903 3632 146 79 joie.
1088 3626 268 62 Amitiés
1390 3624 29 59 à
1456 3643 155 38 ceux
1646 3622 106 80 qui
1803 3641 57 37 se
1909 3619 400 59 souviennent
2361 3634 218 40 encore
2631 3613 72 57 de
2754 3613 123 56 moi
