3015 4305
848 232 448 99 JACQUES
1360 232 622 70 OFFENBACH

2583 259 99 50 2Q

336 380 59 59 A
428 379 282 81 l'époque
745 375 79 62 où
861 399 151 38 nous
1045 399 151 38 nous
1229 394 313 56 trouvons,
1580 379 345 60 Offenbach
1961 378 146 62 était
2141 403 216 38 encore
2392 383 301 61 directeur

157 470 71 59 de
261 472 55 57 la
353 468 204 61 Gaîté.
616 470 97 57 Ses
746 470 243 57 anciens
1023 466 263 61 démêlés
1321 489 144 38 avec
1498 469 57 57 la
1591 466 235 61 Société
1863 470 99 57 des
2019 472 268 59 Auteurs
2321 487 57 44 et
2415 474 231 80 Compo-

153 562 215 57 siteurs
425 558 409 81 dramatiques
890 557 356 59 semblaient
1305 557 209 58 devoir
1571 578 58 38 se
1686 559 353 57 renouveler
2091 558 32 60 à
2174 582 223 58 propos
2442 562 74 58 de

189 649 302 77 Quichotte.
524 648 250 71 Sardou,
829 648 107 80 qui
989 646 208 59 n'était
1253 667 103 60 pas
1407 647 152 58 alors
1611 661 135 45 tout
1798 649 267 79 puissant
2100 647 32 61 à
2163 651 53 58 la
2276 649 256 74 Société,
2568 652 120 58 s'en

155 760 186 39 ouvre
374 737 32 60 à
443 739 257 58 Nuitter
734 760 11 35 :
786 738 170 79 "J'ai
992 759 81 36 vu
1108 737 143 58 dans
1285 757 81 37 un
1392 737 245 79 journal
1671 759 119 58 que
1823 738 55 59 la
1901 739 414 60 Commission
2351 741 144 59 était
2518 745 172 55 saisie

153 830 73 58 de
260 844 173 43 notre
467 828 224 58 affaire.
733 827 50 59 Il
816 849 40 59 y
890 849 32 37 a
955 825 53 59 là
1044 849 80 35 un
1158 827 179 80 point
1370 826 403 60 embarassant
1808 828 107 80 qui
1949 849 101 38 me
2105 828 362 83 préoccupe.
2498 833 101 82 J'y
2634 835 53 56 ai

152 919 319 80 beaucoup
529 916 179 83 pensé
744 931 60 45 et
847 917 60 79 je
942 938 75 36 ne
1050 917 130 57 vois
1232 936 104 60 pas
1370 938 222 59 moyen
1632 916 134 60 d'en
1825 919 176 57 sortir
2034 934 343 44 autrement
2413 943 117 58 que
2580 944 111 58 par

148 1006 336 61 l'adhésion
519 1007 73 58 de
623 1007 57 58 la
715 1006 434 59 Commission.

479 1098 175 57 serait
689 1094 351 82 impossible
1097 1094 72 58 de
1204 1115 57 37 se
1296 1109 221 45 mettre
1552 1115 73 37 en
1660 1095 155 59 lutte
1849 1094 256 61 sérieuse
2140 1119 143 37 avec
2319 1099 128 58 elle.
2511 1100 175 59 Nous

150 1188 303 58 n'aurions
489 1185 134 83 qu'à
658 1208 38 61 y
730 1207 227 61 gagner
992 1185 80 59 du
1107 1187 272 57 mauvais
1412 1187 260 69 vouloir,
1708 1201 60 43 et
1794 1187 42 57 il
1869 1208 38 60 y
1943 1208 73 37 en
2042 1208 32 37 a
2099 1208 159 38 assez
2292 1187 127 81 déjà
2443 1211 245 38 comme

147 1298 88 60 ça,
272 1292 209 44 contre
515 1278 148 57 moi.

405 1366 343 61 Offenbach
786 1387 74 36 ne
894 1366 272 81 pourrait
1200 1386 103 60 pas
1337 1364 127 59 dire
1500 1364 152 82 qu'il
1685 1386 75 37 ne
1794 1364 225 60 touche
2053 1367 127 57 rien
2217 1388 12 36 :
2283 1388 292 59 personne
2610 1391 75 37 ne

147 1460 55 57 le
251 1458 245 57 croirait
547 1471 57 43 et
655 1476 150 38 nous
853 1456 243 57 aurions
1143 1456 129 57 l'air
1321 1455 73 58 de
1449 1453 250 83 fripons.
1768 1456 88 58 La
1921 1457 417 58 Commission
2391 1457 296 61 d'ailleurs

147 1547 445 80 m'appellerait
625 1543 31 60 à
692 1566 58 37 sa
783 1545 191 71 barre,
1011 1566 155 59 pour
1214 1566 99 37 me
1346 1542 150 60 faire
1520 1545 169 78 jurer
1736 1566 101 37 sur
1869 1546 60 57 la
1939 1543 104 80 foi
2067 1546 76 58 du
2177 1559 234 45 serment
2413 1594 14 23 ,
2464 1569 118 58 que
2621 1548 62 79 je

147 1659 74 37 ne
255 1653 249 66 partage
536 1656 104 61 pas
673 1656 142 39 avec
849 1636 88 57 lui
973 1649 58 44 et
1055 1635 62 80 je
1152 1636 176 57 serais
1362 1634 139 59 bien
1536 1632 167 61 forcé
1740 1635 71 58 de
1846 1634 264 59 déclarer
2143 1636 55 57 la
2231 1635 211 61 vérité.

401 1729 138 63 Que
575 1726 88 59 s'il
696 1726 230 59 voulait
962 1747 196 58 passer
1192 1739 173 43 outre
1401 1739 80 57 et,
1517 1739 135 44 tout
1686 1747 69 35 en
1796 1740 340 43 convenant
2170 1725 100 58 des
2311 1726 188 60 droits
2533 1729 149 79 qu'il

146 1815 313 73 touchera,
496 1837 57 37 se
586 1815 220 59 borner
839 1814 31 58 à
905 1836 184 59 payer
1121 1814 318 71 l'amende,
1467 1814 54 57 la
1555 1814 125 57 dite
1717 1815 413 57 Commission
2166 1836 99 36 me
2298 1818 273 57 mettrait
2607 1838 72 37 en

143 1908 273 70 interdit,
452 1907 127 57 moi
636 1904 584 83 particulièrement,
2376 1926 53 37 m
2451 1903 243 60 interdira
1702 1905 72 58 de
1827 1904 231 59 donner
2113 1927 100 37 ma
2268 1904 192 83 pièce,
2512 1921 56 43 et
2617 1907 62 80 je

143 1999 176 57 serais
353 2017 218 37 encore
604 1994 165 59 forcé
806 1996 71 58 de
913 2017 99 36 me
1045 2008 352 45 soumettre.

396 2087 169 57 Tout
600 2086 126 57 cela
762 2084 301 59 d'ailleurs
1097 2084 436 80 provoquerait
1569 2103 79 37 un
1703 2083 274 59 scandale
2030 2083 237 59 affreux
2301 2098 57 44 et
2408 2086 271 58 mauvais

141 2197 155 60 pour
345 2177 87 56 lui
490 2196 244 37 comme
790 2196 156 59 pour
1002 2175 146 57 moi.
1211 2175 51 57 Il
1326 2187 143 45 vaut
1526 2173 158 57 donc
1749 2173 212 57 mieux
2024 2175 172 78 plier,
2249 2173 334 60 s'entendre
2648 2173 33 60 à

138 2265 321 71 l'amiable,
495 2265 171 58 offrir
724 2286 104 59 par
884 2265 279 79 exemple
1216 2285 119 37 une
1392 2260 476 84 représentation
1925 2285 158 59 pour
2137 2263 56 58 la
2244 2265 198 57 Caisse
2495 2263 71 59 de
2624 2266 54 57 la

141 2354 259 73 Société,
435 2354 117 59 très
585 2354 252 59 sensible
871 2354 30 58 à
938 2375 94 38 ces
1068 2369 181 44 sortes
1285 2354 71 58 de
1392 2352 288 73 cadeaux,
1717 2368 57 44 et
1808 2355 179 57 sortir
2020 2352 73 59 de
2127 2352 53 59 là
2237 2375 129 37 sans
2417 2355 257 80 dispute.

142 2446 51 59 Il
227 2468 32 37 a
292 2444 131 81 déjà
457 2445 80 59 dû
573 2445 297 59 d'ailleurs
903 2443 259 82 prendre
1196 2465 81 37 un
1312 2444 179 80 parti,
1528 2458 58 43 et
1611 2444 61 79 je
1721 2464 100 37 me
1854 2440 75 61 fie
1964 2441 31 60 à
2028 2444 86 57 lui
2171 2464 157 60 pour
2362 2445 152 79 qu'il
2561 2446 117 58 soit

141 2535 138 59 bon.
317 2534 250 58 Tâchez
603 2535 70 56 de
710 2556 72 36 ne
816 2554 102 60 pas
952 2556 99 36 me
1086 2534 199 58 laisser
1318 2554 128 38 sans
1481 2533 328 71 nouvelles,
1844 2531 124 59 l'un
2005 2554 79 36 ou
2132 2534 236 70 l'autre,
2404 2547 58 44 et
2511 2535 167 56 mille

141 2627 230 58 bonnes
405 2623 255 60 amitiés.

324 2714 87 59 La
476 2714 438 57 collaboration
966 2714 292 57 continue
1308 2726 58 44 et
1416 2711 226 60 semble
1693 2712 209 58 devoir
1935 2732 59 37 se
2028 2713 292 57 terminer
2353 2711 288 59 heureuse-

142 2820 188 43 ment.
360 2806 261 79 Jacques
655 2805 152 58 tient
842 2802 31 60 à
908 2825 103 37 son
1064 2817 140 45 tour
1237 2825 119 37 aux
1392 2817 290 45 taureaux
1738 2816 59 43 et
1834 2822 116 37 aux
2008 2802 266 58 cochons
2309 2824 242 36 comme
2605 2825 73 35 au

141 2896 186 80 palais
362 2895 71 57 de
470 2895 321 71 Barataria,
827 2895 151 57 mais
1013 2893 224 59 Sardou
1275 2890 321 83 s'inquiète
1630 2891 73 58 de
1736 2893 54 56 la
1822 2892 292 79 partition
2154 2914 11 35 :
2270 2892 50 56 V
2334 2912 105 37 ous
2472 2912 74 37 ne
2580 2912 99 39 me

143 2985 151 57 dites
352 2985 125 56 rien
561 2984 71 58 de
701 2984 57 57 la
823 2984 193 78 partie
1092 2982 310 73 musicale,
1454 2981 248 58 écrit-il.
1771 2981 326 57 Etes-vous
2160 2977 146 61 fixés
2334 2982 18 56 ?
2419 2981 260 79 Jacques

142 3074 350 58 trouve-t-il
526 3074 153 58 aussi
716 3094 118 58 que
867 3086 135 45 tout
1037 3074 126 57 cela
1211 3070 416 61 s'emmanche
1660 3070 138 58 bien
1832 3072 18 56 ?
1915 3070 162 58 C'est
2112 3092 147 35 mon
2295 3071 123 57 avis
2455 3093 10 35 :
2526 3071 150 59 mais

138 3164 56 57 le
228 3164 125 58 sien
386 3165 85 56 ?...

322 3253 82 57 Et
439 3253 142 57 dans
617 3266 159 44 cette
823 3252 197 71 lettre,
1056 3253 42 57 il
1149 3252 221 78 ajoute,
1428 3249 32 60 à
1511 3271 225 59 propos
1788 3249 72 58 de
1911 3250 55 56 la
2019 3248 184 58 chute
2260 3249 73 57 de

209 3340 115 80 J'ai
358 3363 81 36 vu
473 3362 146 37 avec
655 3354 196 66 regret
884 3340 56 58 le
974 3356 120 43 sort
1131 3339 73 59 de
2351 3343 261 57 Carmen.
1534 3340 72 78 Je
1639 3339 202 57 l'avais
1891 3338 139 57 bien
2067 3358 82 37 un
2199 3360 117 58 peu
2368 3337 209 81 prévu.
2607 3339 74 78 Je

142 3453 75 37 ne
251 3432 155 58 crois
461 3452 103 60 pas
619 3432 134 79 plus
802 3429 31 59 à
870 3431 174 57 Bizet
1097 3429 138 82 qu'à
1275 3433 241 56 Carmen
1573 3451 74 36 en
1705 3427 522 82 opéra-comique.
2267 3427 285 60 L'ombre
2605 3428 72 59 de

145 3520 204 60 Scribe
385 3542 30 36 a
449 3520 82 58 dû
565 3541 71 37 en
672 3518 213 60 frémir
943 3518 339 73 d'horreur,
1319 3535 59 43 et
1411 3521 54 56 le
1519 3516 141 84 père
1696 3517 206 60 Scribe
1936 3514 213 60 n'était
2183 3537 104 60 pas
2345 3539 116 35 une
2495 3516 135 59 bête
2665 3517 11 58 !

263 3610 80 59 oh
378 3610 10 59 !
426 3611 150 57 mais
611 3631 120 37 non
766 3608 10 61 !
936 3610 105 58 Du
1078 3610 188 58 Locle
1301 3610 140 57 n'en
1478 3622 85 45 est
1592 3630 102 57 pas
1728 3629 158 38 assez
1920 3608 359 58 convaincu.
