3015 4305
1403 248 62 70 S.
1534 248 56 70 I.
1657 247 109 71 M.

430 319 0 0 16

570 401 169 57 Dans
771 418 119 60 peu
926 397 72 57 de
1022 397 170 78 jours
1216 395 61 80 je
1313 397 149 57 serai
1496 394 32 59 à
1564 395 185 59 Paris.
1788 395 52 59 Il
1876 395 175 80 s'agit
2086 395 73 58 de
2193 409 220 45 mettre
2456 417 74 38 en
2582 394 172 61 scène
2803 398 53 57 la

322 488 225 84 grande
583 486 191 81 Bouffe
806 508 64 37 on
901 507 64 37 ne
997 486 78 57 rie
1097 484 285 82 plusieurs
1415 497 147 46 actes
1595 506 143 37 aura
1773 498 157 45 cette
1966 506 227 49 œuvre,
2230 505 66 59 ça
2329 506 74 37 va
2436 505 129 39 sans
2599 486 146 58 dire.
2782 487 71 77 Je

317 592 253 68 compte
604 599 98 38 sur
735 596 168 39 vous.
1061 575 94 58 En
1192 573 303 61 Président
1524 587 158 45 cette
1710 576 191 79 petite
1926 572 144 74 fête,
2099 587 66 45 tu
2193 595 102 37 vas
2323 595 96 37 me
2436 588 312 67 procureur
2772 596 80 36 un

320 663 260 80 bon
841 663 86 80 !
1014 663 87 80 a
1470 663 64 80 je
1585 665 120 57 suis
1755 665 131 78 prêt
1930 677 59 45 et
2034 684 98 38 sur
2166 677 135 45 tous
2334 665 83 57 les
2451 677 134 45 tons
2620 677 57 45 et
2711 684 142 38 avec

322 774 201 44 toutes
557 771 187 46 sortes
778 757 73 58 de
885 756 240 80 papiers
1161 752 252 61 timbrés
1448 769 59 43 et
1543 768 214 44 autres.

802 844 146 59 cher
979 846 206 69 vieux,
1220 844 433 80 compliments
1686 842 32 59 à
1752 840 230 61 Tréfeu
2015 842 48 59 si
2098 863 148 38 vous
2279 842 56 58 le
2368 864 214 58 voyez,
2625 844 47 57 si
2706 863 149 38 vous

322 961 74 36 ne
430 939 54 57 le
518 958 194 60 voyez
747 957 104 59 pas
885 956 74 36 ne
993 935 85 57 lui
1115 934 153 57 dites
1303 935 147 57 rien.

573 1028 213 68 Votre,
821 1039 173 45 votre
1027 1039 59 44 et
1122 1024 271 79 toujours
1426 1037 173 44 votre
1625 1023 394 77 JACQUES

504 1118 179 58 Cette
738 1117 176 57 lettre
974 1116 272 55 curieusé
1303 1135 150 36 nous
1510 1127 241 43 montre
1799 1113 253 57 l'artiste
2100 1132 135 38 sous
2284 1132 105 38 son
2438 1112 127 58 vrai
2608 1112 141 78 jour
2785 1110 72 60 de

312 1206 301 82 jovialité,
669 1206 72 58 de
799 1204 316 70 modestie,
1174 1203 72 57 de
1295 1201 401 82 spontanéité,
1742 1223 144 37 avec
1920 1223 79 36 un
2038 1202 184 80 esprit
2257 1201 270 80 toujours
2560 1222 74 37 en
2679 1199 174 74 éveil,

321 1296 216 60 tourné
573 1316 130 38 vers
736 1296 82 56 les
853 1293 208 59 choses
1096 1292 81 58 du
1214 1290 253 72 théâtre,
1502 1305 59 44 et
1606 1288 299 62 sacrifiant
1953 1291 330 58 volontiers
2316 1290 32 58 à
2381 1291 55 57 la
2550 1291 217 79 blague

321 1389 132 58 Elle
486 1385 111 59 fait
631 1385 323 81 pressentir
985 1383 154 59 aussi
1173 1382 101 59 des
1309 1380 324 61 difficultés
1667 1403 207 58 graves
1909 1403 139 36 avec
2089 1382 81 57 les
2221 1381 262 58 Bouffes.
2537 1382 95 56 En
2687 1380 163 73 effet,

321 1499 83 36 un
438 1490 143 45 vent
616 1475 73 58 de
722 1472 275 61 discorde
1023 1472 131 59 s'est
1181 1471 209 59 abattu
1426 1493 96 37 sur
1558 1491 66 37 ce
1660 1470 235 58 théâtre
1929 1484 57 44 et
2020 1471 54 57 le
2110 1484 277 56 maestro,
2425 1467 256 61 brouillé
2710 1490 143 37 avec

322 1569 55 57 la
429 1566 279 59 nouvelle
766 1564 321 68 direction,
1139 1584 185 59 songe
1374 1560 32 60 à
1454 1583 58 37 se
1563 1559 267 82 réfugier
1863 1582 120 38 aux
2018 1559 292 59 Variétés.
2351 1560 53 58 Il
2438 1560 268 58 travaille
2739 1559 32 58 à
2804 1561 56 56 la

345 1658 159 58 Belle
764 1655 128 59 Hélene
893 1674 85 37 avec
1009 1650 281 60 Meilhac
1343 1664 60 45 et
1454 1648 246 83 Halévy
1751 1664 57 45 et
1844 1671 244 36 comme
2121 1650 43 57 il
2198 1649 300 58 n'obtient
2533 1671 102 58 pas
2669 1649 73 57 de
2776 1669 85 38 ses

325 1745 467 60 collaborateurs
827 1757 135 44 tout
997 1763 67 37 ce
1100 1743 153 80 qu'il
1286 1754 165 59 veut,
1487 1742 43 56 il
1564 1754 239 45 soumet
1837 1740 55 58 le
2009 1753 267 45 monstre
2386 1738 142 60 d'un
2578 1758 283 38 morceau

327 1838 337 80 important
700 1833 31 60 à
763 1834 165 57 l'ami
965 1833 255 58 Nuitter
1256 1833 105 79 qui
1397 1831 179 58 devra
1610 1832 55 57 le
1698 1845 221 44 mettre
1953 1851 98 38 sur
2075 1831 143 80 pied
2246 1843 60 45 et
2333 1829 246 59 devenir
2606 1850 117 36 une
2748 1827 116 59 fois

326 1949 219 36 encore
581 1946 82 37 un
698 1923 441 60 collaborateur
1173 1919 313 74 bénévole,
1522 1942 304 60 anonyme
1859 1935 60 43 et
1953 1918 251 60 dévoué.

510 2016 115 57 Les
689 2012 357 83 répétitions
1111 2032 57 39 se
1237 2012 395 80 poursuivent
1696 2011 371 57 activement
2133 2008 193 59 tandis
2385 2006 477 82 qu'Offenbach,

327 2106 218 60 cédant
581 2105 32 58 à
645 2106 56 56 la
735 2118 314 55 coutume,
1084 2104 210 77 soigne
1328 2123 59 36 sa
1421 2099 343 83 popularité
1799 2114 57 44 et
1906 2121 57 37 se
1996 2097 109 61 fait
2159 2120 117 37 une
2311 2096 258 61 réclame
2617 2119 212 58 person-

330 2198 154 57 nelle
522 2217 118 58 que
674 2194 276 81 publiera
987 2194 257 57 Nuitter
1277 2190 169 82 après
1483 2191 370 59 corrections
1886 2213 10 35 :

1166 2370 114 59 LA
1333 2370 280 59 BELLE
1666 2347 370 80 HÉLÈNE

1115 2571 86 38 AU
1251 2570 303 39 THEATRE
1604 2570 106 37 DES
1757 2552 322 55 VARIÉTÉS.

580 2734 103 58 On
716 2732 111 59 sait
862 2753 117 59 que
1014 2744 159 44 cette
1206 2727 189 60 année
1428 2728 55 58 la
1517 2728 284 79 musique
1849 2725 413 59 d'Offenbach
2312 2737 86 46 est
2456 2721 399 82 transplantée

320 2847 75 36 au
446 2822 232 60 théâtre
724 2822 99 59 des
858 2819 295 72 Variétés,
1188 2820 144 58 c'est
1384 2840 75 37 au
1516 2830 532 47 commencement
2100 2815 73 59 de
2231 2814 318 59 décembre
2607 2814 248 80 qu'aura

321 2915 125 57 lieu
493 2914 54 57 la
598 2911 223 83 grande
875 2909 178 61 Pièce
1102 2910 72 58 de
1229 2909 222 58 l'hiver
1637 2907 54 58 le
1747 2907 141 56 titre
1940 2927 77 36 en
2067 2919 85 44 est
2208 2906 55 56 la
2297 2904 160 58 Belle
2507 2904 212 57 Hélene

326 3001 460 84 Opéra-Bouffe
820 3024 70 36 en
934 3021 30 59 3
1003 3014 178 57 actes,
1216 3001 55 58 le
1305 2998 220 82 poème
1559 3012 85 44 est
1680 2996 72 59 de
1789 2996 186 59 MM.
2017 2994 279 60 Meilhac
2330 3008 59 44 et
2424 2991 264 82 Halévy.

581 3094 101 59 On
734 3090 106 60 fait
893 3092 72 58 de
1017 3090 217 80 grands
1286 3085 357 85 préparatifs
1699 3085 74 59 de
1830 3084 206 60 décors
2094 3099 57 43 et
2196 3084 72 58 de
2320 3097 301 45 costumes
2773 3081 83 58 les

324 3183 241 60 chœurs
599 3197 135 45 sont
768 3181 323 71 renforcés,
1125 3179 352 60 l'orchestre
1510 3174 327 83 augmenté
1992 3172 163 61 enfin
2188 3174 55 57 la
2277 3173 297 58 direction
2608 3172 93 57 n'a
2726 3172 129 57 rien

321 3271 263 82 épargné
618 3292 156 60 pour
806 3269 149 60 faire
990 3268 397 81 grandement
1420 3268 81 59 les
1550 3266 305 58 honneurs
1887 3286 76 37 au
1999 3264 412 80 compositeur
2460 3263 45 57 si
2540 3261 316 80 populaire

322 3365 108 80 qui
479 3363 151 58 livre
663 3361 31 58 à
752 3382 67 37 ce
856 3360 231 59 théâtre
1139 3381 58 37 sa
1232 3357 299 83 première
1587 3356 258 58 bataille.
1883 3356 116 57 Les
2053 3353 193 59 bruits
2295 3353 99 59 des
2442 3352 298 70 coulisses,
2776 3349 81 59 du

326 3466 172 57 reste,
534 3465 135 44 sont
703 3449 140 60 faits
877 3471 157 60 pour
1067 3469 227 38 assurer
1345 3469 117 35 une
1496 3443 292 61 véritable
1822 3445 258 57 victoire
2114 3464 120 37 aux
2265 3456 233 45 acteurs
2654 3461 79 36 on
2767 3438 88 58 dit

325 3544 56 57 la
437 3540 174 83 pièce
668 3540 99 58 des
823 3541 136 79 plus
1014 3553 341 44 amusantes
1521 3549 188 67 quant
1763 3532 31 60 à
1849 3535 54 56 la
1954 3534 304 78 musique,
2293 3554 78 35 on
2429 3527 258 84 prétend
2749 3549 117 60 que

316 3633 217 80 jamais
569 3629 349 61 Offenbach
952 3630 135 57 n'en
1139 3650 30 36 a
1202 3626 112 59 fait
1350 3628 71 57 de
1479 3628 132 78 plus
1663 3624 334 81 spirituelle
2050 3638 58 43 et
2144 3623 69 58 de
2272 3623 133 80 plus
2462 3617 400 61 entraînante.
