3015 4305
1406 245 62 69 S.
1537 244 51 70 I.
1660 244 107 69 M.

333 252 98 70 26

328 397 149 59 faire
510 418 144 38 avec
689 398 382 56 l'armement
1107 394 80 59 du
1222 394 306 59 chevalier
1562 414 73 37 au
1672 390 236 60 tableau
1942 390 258 71 suivant,
2238 389 248 81 qu'avec
2520 409 67 37 ce
2622 387 193 80 rajout
2845 409 14 36 :

327 502 59 45 et
421 489 42 58 il
494 486 131 61 faut
659 484 502 61 nécessairement
1195 480 259 63 sacrifier
1485 483 124 58 l'un
1645 479 30 61 à
1710 482 233 58 l'autre.
1983 480 296 59 D'autant
2313 479 133 80 plus
2491 498 117 61 que
2639 474 223 61 Térésa

328 578 207 57 n'aura
569 578 125 56 rien
732 574 30 60 à
797 576 251 58 chanter
1082 574 143 59 dans
1258 574 233 59 l'autre.

577 667 49 57 Il
663 688 97 36 me
794 663 192 83 paraît
1023 665 156 58 donc
1213 663 141 60 bien
1391 665 132 80 plus
1557 684 138 58 sage
1730 661 72 58 de
1835 656 260 63 sacrifier
2128 661 53 57 le
2215 660 254 57 beaume
2496 654 32 60 à
2553 658 55 57 la
2633 656 229 57 lecture

329 757 82 59 du
459 757 148 58 livre
658 756 73 59 de
781 756 251 59 cuisine.
1086 754 54 59 Il
1179 776 99 36 me
1311 754 226 59 semble
1573 754 252 80 qu'avec
1876 773 117 36 une
2029 747 148 84 épée
2211 764 58 43 et
2303 750 53 56 le
2389 748 169 69 livre,
2595 747 110 57 elle
2740 743 123 60 fera

329 849 135 79 plus
521 844 137 82 qu'à
715 845 252 58 chanter
1015 845 80 58 ici
1146 865 104 37 son
1301 845 87 57 air
1437 865 72 37 en
1561 842 286 59 écumant
1896 841 55 57 le
1999 854 108 66 pot
2142 839 8 59 !
2195 873 89 9 —
2316 851 58 44 et
2408 836 149 81 qu'il
2590 858 38 59 y
2661 856 33 37 a
2728 848 135 44 tout

329 934 182 84 profit
546 935 31 59 à
612 934 329 82 dégraisser
974 957 68 37 ce
1077 934 235 60 tableau
1348 957 73 35 au
1457 931 183 84 profit
1675 933 73 57 de
1781 933 228 57 l'autre.

582 1025 121 60 ...Il
736 1023 129 61 faut
902 1047 118 58 que
1053 1025 55 57 la
1142 1025 150 57 mise
1327 1046 70 36 en
1435 1023 174 59 scène
1646 1023 79 57 du
1761 1020 269 82 reposoir
2056 1019 115 58 soit
2199 1016 374 82 splendide...
2606 1015 159 57 Rien
2793 1033 72 37 ne

332 1137 126 38 sera
491 1117 134 80 plus
649 1115 135 79 joli,
821 1137 117 60 que
973 1136 67 37 ce
1076 1135 235 59 groupe
1345 1114 71 57 de
1449 1112 258 58 femmes
1740 1107 400 63 échelonnées
2176 1108 143 57 dans
2351 1107 83 58 les
2468 1104 194 70 fleurs,
2690 1124 31 36 a
2750 1123 118 37 une

333 1207 225 80 grande
593 1206 280 71 hauteur,
910 1220 56 43 et
1002 1204 305 82 disposant
1341 1206 82 57 les
1457 1202 362 81 guirlandes.
1849 1201 97 81 J'y
1980 1199 130 59 vois
2145 1198 99 58 des
2279 1196 251 81 grandes
2566 1194 302 82 quantités

334 1297 71 57 de
461 1297 220 79 petites
733 1295 252 80 bougies
1039 1295 184 80 qu'on
1280 1295 288 57 allumera
1602 1292 71 58 de
1719 1289 176 82 façon
1931 1288 31 60 à
1996 1287 148 60 faire
2180 1307 243 38 comme
2458 1307 80 36 un
2575 1286 293 56 immense

334 1385 169 59 arbre
539 1386 71 57 de
647 1387 162 56 Noël
846 1386 103 80 qui
987 1406 150 37 nous
1171 1383 266 59 donnera
1472 1405 82 36 un
1589 1383 126 58 vrai
1750 1381 238 58 tableau
2022 1377 117 60 très
2163 1378 113 79 joli
2327 1376 143 58 dans
2520 1389 156 45 cette
2722 1392 149 38 cour

334 1474 253 61 éclairée
615 1498 71 35 en
717 1475 146 58 haut
889 1496 108 60 par
1023 1476 54 56 la
1104 1475 193 58 Lune.
1329 1475 349 79 Expliquez
1701 1471 137 59 bien
1867 1484 134 44 tout
2030 1470 126 57 cela
2177 1488 243 38 comme
2432 1465 61 80 je
2515 1460 352 63 l'entends."

517 1566 79 57 Et
632 1564 158 59 voilà
826 1587 140 58 que,
1000 1587 156 58 pour
1192 1564 139 58 bien
1366 1564 265 57 affirmer
1664 1583 85 38 ses
1783 1560 332 58 intentions
2159 1557 107 80 qui
2319 1570 132 45 sont
2505 1555 175 57 celles
2730 1550 139 58 d'un

337 1654 254 58 homme
645 1655 72 57 de
783 1653 235 59 théâtre
1082 1655 211 70 averti,
1333 1653 228 58 Sardou
1617 1649 235 61 fournit
1902 1649 72 58 de
2032 1646 306 60 nouvelles
2374 1643 401 82 explications
2840 1660 32 36 a

339 1744 347 59 Offenbach
723 1767 11 36 :
851 1744 115 79 J'ai
1025 1742 305 82 griffonné
1388 1744 293 79 quelques
1731 1761 134 38 vers
1921 1738 72 59 de
2046 1738 294 80 couplets,
2378 1735 150 57 mais
2562 1734 42 56 il
2636 1753 73 36 va
2744 1749 129 40 sans

339 1834 127 59 dire
502 1856 118 60 que
656 1856 66 37 ce
756 1850 135 43 sont
926 1834 99 59 des
1063 1848 299 43 monstres
1396 1847 57 43 et
1490 1832 149 81 qu'il
1696 1852 73 37 ne
1822 1829 171 80 s'agit
2046 1848 103 61 pas
2201 1825 73 59 de
2332 1825 147 58 taire
2534 1822 251 59 chanter
2840 1839 32 36 a

339 1922 223 61 Térésa
597 1924 346 59 elle-même
980 1946 11 36 :
2098 1922 135 80 fais
2435 1923 60 59 la
2622 1944 123 36 noce
2763 1924 22 56 !
1749 1942 78 36 ou

1265 2030 140 53 Vive
1434 2029 50 53 le
1513 2029 206 53 cochon
1747 2027 10 52 !

1265 2106 216 53 Comm'
1512 2105 132 53 dans
1673 2104 48 52 la
1750 2104 226 52 Femme

1267 2182 153 54 Tout
1449 2201 66 33 en
1547 2194 80 40 est
1655 2181 108 52 bon
1797 2181 11 52 !

587 2284 88 58 Ce
710 2305 74 36 ne
819 2298 133 44 sont
988 2305 117 59 que
1141 2283 99 58 des
1275 2283 365 57 indications
1673 2279 32 58 à
1739 2278 217 82 grands
1990 2278 191 68 traits,
2209 2270 343 84 exégérées,
2580 2289 294 50 énormes,

343 2394 244 37 comme
645 2374 143 57 dans
840 2388 198 44 toutes
1094 2375 80 56 les
1223 2370 299 60 ébauches
1556 2385 59 44 et
1649 2366 79 61 où
1762 2372 54 54 la
1851 2382 142 44 note
2026 2380 85 45 est
2145 2361 204 61 forcée
2382 2382 155 61 pour
2570 2360 307 78 souligner

342 2464 370 59 l'intention.
760 2466 71 77 Je
889 2477 248 67 compte
1193 2485 99 36 sur
1349 2463 254 57 Nuitter
1658 2481 157 59 pour
1877 2457 248 59 adoucir
2181 2468 58 44 et
2290 2466 217 45 mettre
2562 2472 75 37 au
2702 2449 174 81 point

346 2575 142 37 avec
525 2556 105 57 toi.

602 2643 276 59 ...Tâche
913 2643 185 80 qu'on
1132 2639 207 61 réalise
1372 2643 81 56 les
1489 2638 264 61 cochons
1801 2657 144 38 avec
1996 2634 71 59 de
2115 2634 54 58 la
2219 2628 353 62 baudruche
2629 2650 98 38 sur
2779 2627 100 57 des

347 2735 246 57 clowns.
634 2735 123 57 Des
792 2754 144 58 gens
971 2733 105 80 qui
1110 2731 135 60 font
1282 2732 99 57 des
1415 2732 197 78 singes
1645 2741 265 67 peuvent
1945 2723 148 60 faire
2128 2723 97 59 des
2260 2741 349 62 pourceaux
2636 2732 58 45 et
2722 2731 156 44 cette

347 2822 240 59 bataille
623 2844 142 37 avec
795 2821 238 60 Sancho
1062 2838 145 63 peut
1235 2821 123 57 être
1385 2821 138 57 bien
1554 2819 182 58 drôle.
1766 2852 89 7 —
1877 2815 292 58 D'autant
2205 2811 221 81 qu'elle
2451 2824 86 44 est
2564 2806 315 61 conforme

350 2935 72 36 au
456 2934 141 37 vœu
633 2913 71 58 de
741 2911 412 60 Cervantès....
1194 2913 53 58 Il
1279 2909 214 61 faudra
1526 2909 307 81 peut-être
1866 2904 147 59 faire
2048 2904 231 58 assister
2330 2902 77 58 D.
2459 2897 342 68 Quichotte
2849 2918 30 35 a

347 3004 55 56 la
436 3001 175 60 scène
645 3004 81 56 du
761 3005 211 78 cirque
1007 3024 155 57 pour
1193 3003 54 57 le
1282 3001 186 58 mêler
1501 2998 32 59 à
1566 2998 249 59 l'action
1849 2995 148 59 dont
2031 2995 42 56 il
2107 3007 84 44 est
2225 2989 130 82 déjà
2392 3003 299 67 peut-etre
2741 3000 138 65 trop

350 3090 166 73 isolé,
557 3093 287 79 puisqu'il
875 3090 111 60 fait
1019 3093 54 57 le
1109 3090 408 59 dénouement
1555 3112 11 35 :
1604 3088 150 57 mais
1777 3088 43 56 il
1847 3099 217 45 restera
2097 3094 172 46 muet
2294 3079 283 81 jusqu'au
2613 3093 266 43 taureau.

593 3183 89 56 Ce
715 3196 248 44 taureau
997 3182 42 57 il
1072 3183 55 57 le
1160 3179 129 59 faut
1325 3179 32 59 à
1390 3193 134 45 tout
1560 3178 156 80 prix.
1745 3177 71 77 Je
1843 3175 249 80 persiste
2124 3170 30 59 à
2190 3172 213 69 croire,
2439 3188 242 40 comme
2700 3167 60 78 je
2785 3164 97 60 lai

351 3271 90 58 dit
493 3269 31 59 à
583 3271 276 71 Nuitter,
917 3269 149 82 qu'il
1120 3291 72 37 ne
1242 3268 125 60 fera
1419 3268 138 57 bien
1613 3267 252 80 qu'avec
1922 3285 80 36 un
2054 3262 198 58 clown
2288 3272 179 69 ayant
2500 3280 72 35 en
2609 3257 168 80 guise
2811 3253 71 58 de

353 3362 265 80 polisson
653 3374 132 44 tout
821 3382 81 36 un
938 3381 174 60 corps
1146 3375 57 43 et
1240 3381 80 36 un
1355 3356 407 59 arrière-train
1799 3355 72 57 de
1905 3368 267 55 taureau,
2219 3365 57 43 et
2327 3348 216 60 faisant
2600 3344 285 60 mouvoir

352 3451 83 57 les
469 3450 168 80 pieds
671 3448 72 59 de
776 3447 259 61 derrière
1070 3470 143 37 avec
1249 3469 84 43 ses
1366 3447 132 57 bras
1531 3466 73 37 au
1640 3464 222 59 moyen
1898 3442 73 57 de
2020 3440 208 59 cordes
2277 3452 59 45 et
2384 3438 73 57 de
2511 3436 252 81 poulies.
2812 3433 71 78 Je

355 3562 75 36 ne
464 3540 156 57 crois
654 3560 102 59 pas
790 3540 126 57 cela
949 3540 46 57 si
1032 3539 247 58 difficile
1312 3536 32 59 à
1377 3535 150 58 faire
1562 3535 152 80 qu'il
1747 3535 54 56 le
1837 3530 242 61 semble.
2119 3531 78 57 Et
2232 3530 47 57 si
2313 3528 55 58 le
2402 3546 175 61 corps
2611 3540 83 43 est
2745 3523 138 59 bien

355 3628 205 72 réussi,
597 3650 68 36 ce
699 3630 199 57 clown
933 3626 124 60 fera
1091 3626 427 83 parfaitement
1573 3639 133 43 tous
1763 3624 80 57 les
1896 3633 425 47 mouvements
2378 3617 72 59 de
2504 3616 119 59 tête
2670 3615 216 58 voulus
