3015 4305
1066 279 168 70 LES
1298 279 355 69 LIVRES

2517 284 93 68 61

228 426 412 52 BELLAIGUE
667 426 256 64 (Camille).
2013 426 136 48 Notes
2334 426 183 47 Brèves.
1420 424 301 64 (Delagrave,
1756 440 148 48 1911,
1930 423 128 51 in-8°
2084 428 57 46 de
2168 426 99 64 356
2296 430 169 62 pages).

231 499 93 47 Les
367 498 184 47 articles
575 497 159 48 réunis
775 516 58 29 ici
861 508 84 36 ont
985 513 118 46 pour
1143 496 44 48 la
1229 496 186 62 plupart
1458 512 114 43 paru
1599 496 113 45 dans
1754 494 42 47 le
1824 493 199 51 Gaulois
2048 497 56 46 de
2137 511 128 49 1907
2306 498 26 47 à
2376 515 88 47 191
2481 515 18 31 1
2533 521 12 37 ;
2575 501 52 47 ils

86 570 208 46 forment
320 587 66 28 un
414 569 165 61 parfait
604 567 184 48 modèle
816 568 58 47 de
899 567 240 63 l'ouvrage
1166 567 57 45 de
1249 565 333 64 vulgarisation
1610 565 181 47 destiné
1815 583 91 29 aux
1935 584 113 45 gens
2074 568 62 47 du
2164 568 188 61 monde,
2462 570 42 46 le
2525 584 100 33 mot

87 642 58 45 de
171 640 308 63 musicologie
504 640 138 47 serait
668 640 58 46 ici
754 650 104 36 tout
885 638 25 47 à
936 639 82 46 fait
1045 638 204 62 déplacé.
1280 638 137 46 Nous
1443 637 288 47 entendrons
1756 637 164 60 parler,
1948 638 25 46 à
2000 639 164 47 bâtons
2182 657 191 44 rompus
2398 640 200 64 quelque-

87 711 101 60 fois,
216 723 47 34 et
303 711 210 63 toujours
538 709 92 47 très
672 710 160 46 succin
858 719 178 50 ement,
1065 709 56 44 de
1166 708 321 59 Stradivarius,
1515 708 57 44 de
1617 705 259 65 Pergolèse,
1905 708 54 45 de
2005 709 151 46 Henri
2199 709 177 47 Schtitz
2403 723 45 33 et
2474 723 152 35 autres

86 783 170 63 grands
282 783 217 45 hommes
524 798 89 46 que
653 780 63 47 les
759 798 115 44 gens
899 780 90 46 dits
1015 779 196 47 cultivés
1236 797 59 27 ne
1321 789 331 49 soupçonnent
1677 795 92 45 que
1796 777 91 47 très
1914 791 298 50 vaguement.
2260 780 77 47 M.
2368 781 257 64 Bellaigue,

89 863 105 36 tout
220 851 41 47 le
289 851 174 47 monde
505 851 41 46 le
571 851 101 60 sait,
701 851 156 46 manie
884 850 43 46 la
954 849 160 62 plume
1140 866 113 30 avec
1279 850 181 46 aisance
1488 860 47 34 et
1561 847 147 47 talent
1732 870 12 36 ;
1785 865 63 28 on
1874 849 41 45 le
1943 847 84 47 lira
2052 850 212 62 toujours
2288 868 103 29 sans
2417 850 136 48 effort
2578 854 48 44 ni

87 924 146 45 ennui
263 944 12 37 ;
322 922 31 47 il
380 934 83 49 est,
491 924 56 44 de
592 921 119 62 plus,
738 939 66 29 un
830 921 144 64 grand
1004 921 263 46 convaincu
1295 941 13 37 ;
1354 936 61 29 on
1443 930 102 35 sent
1590 936 148 43 passer
1764 920 114 47 dans
1902 938 84 29 son
2013 922 138 45 verbe
2197 921 41 46 la
2277 922 190 46 chaleur
2511 922 115 47 d'un

86 992 163 62 apôtre
274 995 244 44 conscient
538 992 56 46 de
622 1004 155 49 porter
804 991 43 47 la
874 992 156 45 bonne
1058 990 155 62 parole
1242 1006 10 31 :
1283 988 251 63 puisse-t-il
1554 991 127 44 avoir
1703 988 161 47 éveillé
1884 990 225 62 quelques
2126 992 241 46 curiosités
2392 1004 46 34 et
2457 993 170 46 suscité

87 1065 225 62 quelques
338 1065 369 45 enthousiasmes
734 1059 10 50 !

2316 1132 59 48 L.
2404 1132 77 49 M.

230 1228 565 52 GAUTHIER-VILI
819 1228 145 61 ARS,
995 1227 108 65 (H.)
1133 1227 183 64 Georges
1341 1227 140 47 Bizet
1506 1227 288 62 (Collection
1824 1226 227 63 Laurens,
2086 1244 18 30 1
2140 1228 89 47 vol.
2259 1230 71 44 in-
2343 1230 94 61 12.)

230 1302 71 48 Le
327 1302 103 62 plus
456 1302 211 46 mauvais
691 1317 175 29 service
891 1298 145 64 qu'on
1075 1301 65 44 ait
1177 1317 64 42 pu
1279 1299 166 46 rendre
1473 1298 27 47 à
1526 1298 153 61 Bizet,
1708 1297 71 48 c'a
1807 1298 72 46 été
1906 1299 56 46 de
1984 1298 181 62 publier
2193 1316 69 29 ses
2288 1298 173 48 lettres.
2490 1299 38 47 Il
2555 1299 70 65 s'y

86 1373 154 48 révèle
267 1373 130 48 selon
424 1373 43 46 la
493 1372 146 47 vérité
664 1372 56 46 de
747 1388 47 30 sa
818 1383 167 35 nature
1013 1382 47 34 et
1086 1387 97 29 non
1211 1369 102 63 plus
1338 1369 130 47 selon
1496 1368 42 48 la
1564 1369 195 64 légende
1788 1369 116 46 dont
1923 1387 62 28 on
2013 1368 231 48 l'entoure
2271 1387 186 29 encore.
2486 1371 139 45 Bizet

87 1446 68 45 vit
193 1446 113 45 dans
344 1442 257 48 l'affection
642 1442 58 45 de
735 1440 43 49 la
813 1440 186 63 plupart
1037 1457 98 30 non
1175 1442 134 59 point
1351 1439 267 47 seulement
1655 1457 118 43 pour
1798 1439 65 47 les
1887 1457 185 29 œuvres
2098 1440 56 45 de
2497 1452 45 34 et
2568 1440 56 46 de

101 1517 215 59 Carmen,
333 1515 116 46 mais
475 1531 136 44 parce
637 1512 116 63 qu'il
781 1524 67 35 est
875 1523 126 36 mort
1021 1510 145 64 jeune
1192 1522 47 34 et
1265 1528 91 43 que
1385 1510 209 47 Carmen
1622 1510 72 46 fut
1718 1509 159 48 sifHée.

230 1585 40 48 Il
310 1584 81 57 n'y
429 1603 25 29 a
493 1595 111 51 peut
642 1584 97 46 être
777 1600 79 44 pas
890 1583 114 45 dans
1036 1581 224 47 l'histoire
1286 1593 47 34 et
1359 1580 43 47 la
1429 1581 213 63 musique
1670 1580 180 47 d'autre
1877 1580 213 61 exemple
2118 1579 144 48 d'une
2287 1581 117 46 aussi
2433 1580 189 64 étrange

86 1668 227 37 aventure
339 1673 91 46 que
457 1655 116 47 celle
602 1655 56 46 de
684 1653 140 47 Bizet
848 1670 10 31 :
888 1670 53 30 ce
969 1654 230 46 musicien
1238 1664 311 49 respectueux
1582 1651 219 64 jusqu'au
1839 1653 235 59 parti-pris
2100 1651 78 46 des
2203 1651 223 61 procédés
2446 1651 179 47 d'école

87 1741 47 36 et
165 1730 77 60 qui
282 1727 87 61 fut,
410 1726 56 46 de
503 1744 84 29 son
626 1726 175 59 vivant,
842 1726 147 45 honni
1029 1741 80 45 par
1148 1722 63 49 les
1248 1735 352 36 conservateurs
1637 1740 117 43 pour
1788 1725 127 44 avoir
1953 1722 230 46 introduit
2227 1722 115 46 dans
2380 1740 67 29 ses
2488 1740 137 46 pages

89 1799 223 63 quelques
350 1797 251 47 hardiesses
637 1797 351 61 harmoniques,
1027 1795 28 47 ô
1093 1796 223 46 combien
1355 1795 187 45 timides
1578 1793 280 61 cependant.
1898 1792 94 48 Les
2029 1793 380 63 musicographes
2446 1793 56 46 de
2540 1811 84 28 son

90 1882 155 49 temps
284 1885 60 29 ne
388 1868 221 55 voyaient
648 1884 92 45 que
780 1884 75 29 ces
893 1866 251 46 hardiesses
1182 1866 78 61 qui
1300 1863 101 47 leur
1440 1865 229 45 irritaient
1707 1863 63 47 les
1796 1863 195 61 oreilles,
2020 1880 120 29 ceux
2169 1861 345 66 d'aujourd'hui
2542 1862 83 65 n'y

89 1941 162 47 voient
277 1956 89 45 que
394 1938 64 46 les
484 1938 294 47 concessions
804 1948 200 36 souvent
1031 1934 258 65 pitoyables
1326 1936 132 47 faites
1483 1952 59 29 au
1568 1934 116 64 goût
1710 1933 159 62 public
1888 1952 10 29 :
1928 1951 115 46 pour
2069 1951 94 29 une
2191 1933 100 60 fois,
2320 1933 43 47 la
2389 1932 144 47 vérité
2559 1945 67 35 est

87 2012 115 47 dans
227 2009 334 47 l'entre-deux.

231 2082 81 46 Ah
340 2079 42 47 la
406 2096 276 30 savoureuse
703 2079 93 64 joie
824 2094 89 46 que
941 2077 44 47 la
1009 2077 180 47 lecture
1218 2077 77 47 des
1322 2077 223 62 critiques
1571 2075 56 47 de
1651 2075 225 60 Carmen,
1900 2074 207 62 publiées
2127 2073 24 47 à
2172 2073 215 63 l'époque
2408 2074 61 46 où
2490 2086 136 49 parut

89 2163 124 37 cette
254 2166 162 31 œuvre
444 2167 12 32 :
500 2149 337 64 l'intelligence
876 2148 407 47 invraisemblable
1319 2159 49 35 et
1404 2148 42 46 le
1486 2148 236 61 parti-pris
1759 2148 137 46 obtus
1933 2144 70 66 s'y
2041 2145 216 46 donnent
2295 2144 193 48 carrière
2508 2162 10 30 :
2551 2162 76 29 ces

89 2221 230 50 choses-là
344 2239 60 29 ne
432 2221 161 46 datent
618 2237 79 44 pas
724 2219 363 65 d'aujourd'hui.

232 2293 89 48 On
348 2293 254 47 cherchera
626 2291 185 47 ailleurs
848 2290 177 47 l'étude
1063 2290 197 62 critique
1288 2290 57 46 de
1371 2288 197 48 l'œuvre
1595 2289 57 46 de
1679 2288 139 47 Bizet
1841 2304 10 31 :
1893 2305 94 30 une
2015 2286 252 49 collection
2295 2303 186 30 comme
2508 2285 117 48 celle

91 2365 80 46 des
251 2362 268 49 Musiciens
546 2361 223 48 Célèbres
847 2379 61 29 ne
946 2360 218 48 s'adresse
1204 2378 77 44 pas
1318 2371 103 35 tant
1458 2376 92 30 aux
1590 2357 357 63 professionnels
1972 2357 141 63 qu'au
2150 2357 146 64 grand
2324 2356 173 62 public,
2523 2356 27 47 à
2574 2374 53 29 ce

90 2436 108 46 titre
237 2434 43 47 le
319 2432 113 47 livre
471 2432 55 46 de
566 2431 78 48 M.
673 2430 439 51 Gauthier-Villars
1150 2442 69 35 est
1251 2430 236 47 excellent
1506 2446 10 31 :
1547 2427 30 47 il
1605 2440 112 49 peut
1742 2430 126 44 aider
1893 2427 27 47 à
1945 2427 176 47 calmer
2147 2427 42 46 le
2217 2426 142 47 délire
2386 2427 79 46 des
2489 2444 88 29 uns
2601 2426 26 47 à

90 2505 175 64 l'égard
292 2505 56 47 de
376 2503 209 49 Carmen
612 2514 48 35 et
686 2502 214 47 modérer
927 2501 343 47 l'indifférence
1298 2501 77 47 des
1401 2511 169 36 autres.

232 2575 88 49 On
360 2594 31 45 y
429 2586 268 34 retrouvera
736 2590 60 30 en
838 2573 173 47 maints
1051 2572 209 47 endroits
1296 2571 44 47 la
1378 2587 137 31 verve
1554 2569 55 47 de
1636 2569 157 64 Willy
1818 2580 46 35 et
1904 2586 54 29 ce
1996 2567 113 47 n'en
2147 2580 68 34 est
2241 2585 78 43 pas
2344 2567 42 46 le
2414 2567 213 47 moindre

89 2647 208 47 charme.
2243 2636 66 49 G.
2347 2638 136 62 J.-A.

231 2754 220 50 ISTEL.
1067 2754 101 45 Das
1322 2751 270 47 Kunstwerk
1918 2750 213 47 Richard
2392 2749 224 62 Wagners
1495 2749 122 62 (Aus
1653 2749 158 45 Natur
1848 2747 96 47 und
1982 2745 319 62 Geisteswelt,
2329 2757 128 35 tome
2485 2759 99 49 330
2611 2766 14 38 ;

90 2829 218 62 Leipzig,
335 2826 234 47 Teubner
603 2823 166 64 1910.)

232 2898 78 49 M.
338 2896 110 47 Istel
475 2912 26 31 a
526 2893 152 49 résolu
706 2892 406 65 ingénieusement
1152 2891 43 47 le
1222 2890 241 62 problème
1502 2906 127 30 assez
1669 2888 188 47 malaisé
1892 2888 56 46 de
1987 2905 117 29 nous
2142 2887 179 46 donner
2358 2903 94 28 une
2492 2886 137 47 brève

89 2971 141 48 étude
256 2966 290 49 d'ensemble
570 2982 78 29 sur
674 2963 196 47 l'œuvre
908 2963 57 46 de
992 2963 216 61 Wagner
1233 2962 80 61 qui
1341 2978 60 30 ne
1426 2961 88 47 soit
1542 2961 47 44 ni
1615 2976 66 29 un
1708 2958 185 47 résumé
1920 2957 102 62 plus
2047 2975 61 29 ou
2135 2958 153 45 moins
2312 2956 315 47 adroitement

87 3037 338 52 confectionné
452 3037 79 46 des
556 3051 224 46 ouvrages
805 3033 244 61 classiques
1075 3033 56 44 de
1158 3030 43 47 la
1225 3032 198 61 critique
1449 3028 350 65 wagnérienne,
1822 3029 47 45 ni
1896 3028 298 60 l'expression
2213 3025 254 64 subjective
2489 3024 112 47 d'im-

89 3112 227 63 pressions
341 3105 331 65 personnelles.
700 3104 40 47 Il
767 3122 41 43 a,
848 3103 208 60 d'abord,
1084 3113 268 36 nettement
1390 3100 272 47 circonscrit
1698 3117 48 29 sa
1783 3098 151 47 tâche.
1975 3098 39 46 Il
2050 3116 58 28 ne
2136 3098 201 44 cherche
2365 3113 76 44 pas
2465 3095 25 46 à
2517 3097 110 44 faire

87 3180 247 50 connaître
359 3178 45 47 la
429 3178 72 46 vie
540 3177 57 45 de
622 3175 231 62 Wagner,
884 3174 44 46 ni
957 3173 26 47 à
1008 3189 120 31 nous
1164 3188 193 44 exposer
1383 3188 68 29 ses
1477 3170 200 46 théories
1702 3168 377 62 philosophiques
2116 3184 62 29 ou
2203 3166 296 60 esthétiques,
2528 3166 47 45 ni
2603 3165 28 46 à

89 3271 119 30 nous
251 3250 178 47 décrire
454 3265 49 31 sa
528 3245 314 64 personnalité
862 3262 64 29 ou
950 3262 84 29 son
1063 3244 236 46 influence
1324 3259 77 31 sur
1427 3241 43 47 la
1497 3241 183 47 culture
1708 3240 239 46 moderne.
1976 3237 39 46 Il
2045 3239 144 44 borne
2225 3254 85 29 son
2347 3236 230 46 ambition
2602 3235 27 47 à

87 3324 177 58 réunir,
291 3338 59 30 en
377 3337 67 29 un
482 3328 136 36 court
654 3315 208 60 volume,
884 3314 64 47 les
969 3314 207 47 données
1215 3312 65 47 les
1305 3312 102 63 plus
1444 3310 277 47 nécessaires
1746 3309 24 47 à
1797 3307 335 63 l'intelligence
2161 3306 78 47 des
2264 3305 362 48 chefs-d'œuvre

87 3395 248 61 classiques
360 3391 64 46 du
451 3390 160 46 drame
637 3386 273 64 wagnérien
937 3385 161 61 depuis
1124 3384 66 47 les
1214 3384 100 45 Fées
1335 3381 186 66 jusqu'à
1547 3380 219 64 Parsifal.
1791 3378 68 49 Le
1887 3380 138 45 choix
2048 3378 56 46 de
2132 3395 75 28 ces
2232 3376 207 47 données
2465 3392 118 30 nous
2601 3394 26 28 a

87 3483 117 47 paru
230 3480 59 31 en
317 3457 188 68 général
532 3458 93 46 fort
651 3457 107 46 bien
786 3456 216 60 compris.
1031 3453 86 49 On
1147 3465 68 35 est
1241 3455 212 44 heureux
1492 3452 56 46 de
1576 3462 188 35 trouver
1791 3450 118 45 chez
1935 3448 76 47 M.
2041 3447 37 47 I.
2108 3448 79 45 des
2212 3446 207 47 données
2445 3457 185 34 exactes

86 3554 78 31 sur
192 3535 43 47 la
618 3527 79 46 des
717 3538 150 35 textes
886 3525 242 62 poétiques
1147 3535 47 35 et
1213 3525 246 45 musicaux
1479 3521 55 47 de
1562 3522 231 61 Wagner,
1813 3536 77 29 sur
1918 3518 62 46 les
2004 3518 364 46 remaniements
2392 3514 242 49 successifs

87 3607 172 65 qu'ont
283 3603 102 49 subi
413 3608 303 40 notamment
755 3596 169 47 Rieuzi
950 3612 63 29 ou
1045 3594 306 47 Tannhâuser.
1392 3592 203 48 L'étude
1623 3601 301 52 proprement
1949 3587 224 48 musicale
2201 3588 77 44 des
2305 3587 197 45 diverses
2527 3603 77 43 par-

86 3679 164 49 titions
275 3671 360 65 wagnériennes
660 3669 121 46 tient
819 3665 103 63 plus
960 3667 57 45 de
1054 3664 131 62 place
1211 3676 47 35 et
1285 3676 69 34 est
1378 3664 110 46 faite
1515 3679 112 30 avec
1653 3660 103 63 plus
1782 3660 55 46 de
1864 3659 230 62 précision
2119 3676 92 43 que
2238 3658 113 46 dans
2376 3657 44 47 la
2446 3657 184 61 plupart
