3015 4305
398 208 98 90 98

1434 210 62 69 S.
1566 208 53 70 I.
1689 208 106 71 M.

388 357 177 47 étaient
609 355 187 47 remises
821 353 26 47 à
874 353 229 61 Houdon,
1130 353 25 47 à
1182 353 41 47 la
1249 353 104 47 date
1395 355 63 45 du
1509 369 58 45 14
1604 355 153 64 juillet
1809 352 146 66 1786.
1985 354 175 48 Lenoir
2200 356 226 48 duement
2465 359 200 60 instruit,
2703 378 102 31 sans
2831 364 81 46 nul

391 431 157 58 doute,
595 443 78 44 par
701 424 189 48 Laferté
917 442 62 28 ou
1016 436 148 48 autre,
1193 424 78 46 des
1311 425 172 64 projets
1524 425 62 47 du
1612 426 84 60 roi,
1720 422 15 27 1
1764 425 170 46 relatifs
1960 425 25 46 à
2010 423 181 50 l'Ecole
2236 427 56 45 de
2319 428 144 45 chant
2490 428 55 47 de
2590 428 214 64 l'Opéra,
2831 433 83 47 dut

387 510 172 36 mettre
586 508 104 35 tout
717 513 56 28 en
802 512 160 29 œuvre
991 512 115 43 pour
1132 512 46 29 se
1205 494 171 47 défaire
1404 495 54 46 de
1479 512 83 29 son
1583 496 275 62 acquisition
1882 496 54 45 de
1962 494 145 63 1781.
2126 495 39 47 Il
2194 513 57 29 ne
2277 499 135 44 serait
2439 515 77 44 pas
2536 502 374 62 extraordinaire,

387 569 250 58 d'ailleurs,
665 583 92 43 que
784 583 53 29 ce
863 566 72 47 fût
961 576 124 36 cette
1105 566 276 60 acquisition
1409 566 156 46 même
1599 567 77 61 qui
1703 567 64 45 ait
1793 565 262 47 déterminé
2080 565 336 61 l'installation,
2446 569 228 64 faubourg
2700 570 186 49 Poisson-

389 640 143 59 nière,
574 639 62 44 du
680 637 129 46 futur
837 635 360 48 Conservatoire
1238 635 55 46 de
1334 635 292 63 Musique....
1673 635 38 47 Il
1742 635 269 63 s'empressa
2046 636 123 47 donc
2209 637 56 45 de
2307 637 111 47 faire
2454 639 220 62 quelques
2714 641 104 47 frais
2858 644 55 46 de

388 710 284 62 réparations
697 724 91 29 aux
815 707 346 46 constructions
1187 705 100 65 déjà
1313 707 265 46 existantes.

529 779 114 48 Une
686 788 111 36 note
824 793 97 30 non
949 776 147 59 datée,
1144 777 114 46 mais
1284 778 76 61 qui
1389 789 67 34 est
1493 776 356 62 probablement
1874 777 63 46 du
1963 776 163 47 milieu
2169 777 56 46 de
2258 776 146 64 1784,
2431 780 342 63 accompagnée
2799 781 113 49 d'un

387 851 109 62 plan
522 847 323 62 schématique
871 847 63 46 du
960 848 189 60 terrain,
1176 846 176 47 semble
1380 847 180 46 donner
1587 846 41 47 le
1655 848 102 60 prix
1784 846 117 64 payé
1928 864 79 44 par
2035 846 191 61 Lenoir,
2254 859 47 35 et
2340 865 52 29 ce
2418 848 116 62 qu'il
2561 868 59 28 en
2646 851 267 49 demandait

386 940 60 29 en
480 919 130 64 1784
635 935 11 31 :
675 916 15 27 2

659 1039 94 40 Prix
773 1038 48 38 de
842 1035 270 54 l'acquisition
1135 1038 215 53 primitive.
1372 1038 140 39 Droits
1534 1038 48 39 de
1600 1035 87 42 lods
1705 1047 38 30 et
1764 1047 128 39 vente,
1922 1043 106 43 100%
2051 1047 89 46 pots
2160 1038 48 39 de
2230 1038 67 39 vin
2507 1044 176 43 128,000

616 1107 38 29 et
675 1095 162 39 intérêts
856 1095 141 53 depuis
1021 1109 19 36 3
1065 1108 70 25 ans
1162 1091 66 59 1/2
2528 1109 154 39 45,000

616 1156 201 52 Dépenses
839 1152 114 40 faites
2535 1169 148 33 12,000

2504 1274 178 47 185,000

616 1326 26 40 il
664 1336 98 31 reste
782 1329 23 37 à
820 1325 97 39 faire
938 1326 168 38 environ
1127 1339 104 41 pour
1257 1340 150 33 12,000
1428 1324 116 40 livres
1564 1326 48 40 de
1633 1325 188 55 dépenses
1841 1339 104 41 pour
1967 1325 94 39 finir
2081 1324 37 40 la

527 1451 85 49 On
638 1451 204 45 estimait
867 1448 119 47 alors
1011 1466 88 44 que
1126 1448 41 47 le
1195 1449 171 46 terrain
1393 1447 139 49 valait
1559 1463 98 49 433
1686 1448 139 48 livres
1850 1448 42 47 la
1919 1449 113 46 toise
2053 1449 155 47 carrée
2235 1449 105 63 (soit
2366 1449 25 47 à
2416 1467 91 45 peu
2533 1449 101 63 près
2656 1463 91 49 115
2777 1451 133 49 livres

383 1524 43 46 le
454 1522 148 47 mètre
630 1521 161 61 carré),
819 1537 52 28 ce
909 1519 80 61 qui
1018 1518 161 61 faisait,
1223 1536 116 44 pour
1366 1517 98 61 428
1512 1521 151 58 toises,
1709 1531 298 34 exactement
2054 1518 218 64 185,834
2317 1518 135 48 livres
2475 1541 11 37 ;
2532 1532 46 34 et
2603 1537 90 46 que
2720 1521 41 47 le
2790 1535 117 48 tout,

382 1594 348 47 constructions
755 1592 264 59 comprises,
1047 1590 122 46 avait
1209 1607 94 29 une
1329 1589 159 47 valeur
1527 1589 58 47 de
1612 1588 223 61 220,810
1878 1589 150 48 livres.
2058 1589 191 61 Lenoir,
2278 1589 79 48 dès
2399 1589 43 47 la
2484 1590 228 61 première
2755 1604 153 50 vente,

381 1665 123 47 avait
529 1663 122 46 donc
678 1660 364 64 intégralement
1068 1659 237 61 récupéré,
1352 1662 154 44 moins
1530 1659 65 47 les
1620 1660 107 46 frais
1752 1672 47 34 et
1825 1660 209 60 intérêts,
2060 1660 41 46 le
2129 1662 102 59 prix
2258 1662 54 44 de
2339 1678 82 29 son
2448 1663 276 59 acquisition
2750 1663 157 48 totale.

524 1731 92 49 Les
657 1729 390 48 Menus-Plaisirs
1073 1747 95 29 une
1193 1729 87 47 fois
1305 1747 59 29 en
1392 1730 251 61 possession
1670 1729 57 47 de
1753 1747 75 29 ces
1863 1729 97 60 428
1991 1731 151 59 toises,
2170 1748 62 29 on
2258 1730 255 62 aménagea
2537 1743 103 34 tant
2684 1733 107 45 bien
2816 1750 92 45 que

383 1805 111 61 mal,
520 1804 65 45 les
610 1803 346 46 constructions
981 1803 249 44 existantes
1256 1813 62 48 et,
1339 1799 42 48 le
1417 1815 16 32 lerI
1442 1804 36 19 er
1502 1800 112 47 avril
1647 1799 148 64 1785,
1823 1799 182 49 l'Ecole
2027 1800 171 65 royale,
2216 1800 174 63 dirigée
2410 1818 79 45 par
2515 1800 195 62 Gossec,
2729 1805 180 46 ouvrait

378 1891 71 32 ses
489 1884 167 52 portes.
684 1872 47 46 A
758 1871 44 47 la
828 1870 308 60 Révolution,
1163 1869 88 47 elle
1295 1881 193 36 mourut
1513 1888 92 44 peu
1629 1870 27 46 à
1681 1888 107 44 peu,
1817 1871 124 46 faute
1968 1870 56 47 de
2049 1871 282 46 subvention
2357 1871 250 61 suffisante,
2635 1872 152 47 tandis
2816 1891 91 45 que

382 1946 63 46 les
472 1943 197 60 Menus,
715 1942 221 60 devenus,
962 1957 106 31 sous
1110 1940 44 47 la
1179 1941 230 46 direction
1437 1941 62 46 du
1543 1941 188 62 citoyen
1778 1941 227 61 Houdon,
2034 1940 42 47 le
2103 1941 219 62 Magasin
2350 1940 78 48 des
2455 1941 137 47 Fêtes
2617 1942 288 61 Nationales,

379 2017 176 46 étaient
580 2015 89 45 mis
693 2030 103 30 sans
821 2030 123 29 cesse
971 2012 26 47 à
1022 2012 321 46 contribution
1371 2029 116 43 pour
1512 2022 154 36 toutes
1690 2011 65 46 les
1779 2011 254 47 solennités
2056 2013 218 61 civiques.

522 2084 71 47 Le
621 2083 373 60 Conservatoire,
1023 2100 62 28 ou
1126 2081 154 62 plutôt
1319 2081 230 47 l'lnstitut
1588 2081 207 47 national
1825 2082 55 46 de
1908 2083 228 60 musique,
2165 2081 138 47 établi
2345 2100 80 43 par
2462 2082 66 47 les
2566 2082 179 48 décrets
2771 2083 54 46 de
2863 2083 42 47 la

381 2156 323 57 Convention,
731 2170 47 29 se
805 2153 68 46 vit
909 2152 241 59 attribuer,
1178 2150 42 47 le
1249 2150 63 47 28
1341 2150 155 47 floréal
1532 2168 59 29 an
1620 2149 65 61 11,
1724 2168 80 43 par
1844 2150 42 47 le
1913 2150 194 47 Comité
2133 2152 62 45 du
2230 2150 129 49 Salut
2397 2152 174 62 public,
2659 2152 42 47 la
2728 2154 175 46 maison

379 2225 237 49 nationale
642 2224 243 47 ci-devant
909 2222 192 62 appelée
1125 2222 65 47 les
1218 2222 193 61 Menus,
1436 2222 149 47 située
1610 2239 81 28 rue
1719 2220 217 64 Bergère,
2021 2222 130 62 après
2188 2222 221 47 toutefois
2433 2239 88 45 que
2561 2222 42 47 la
2639 2225 176 45 section
2843 2224 61 47 du

378 2298 230 61 faubourg
651 2294 324 47 Montmartre
1016 2309 45 31 se
1104 2294 136 44 serait
1285 2291 166 47 établie
1498 2293 112 45 dans
1652 2309 95 29 une
1786 2304 131 34 autre
1962 2294 178 44 maison
2187 2291 250 61 nationale,
2482 2304 47 34 et
2569 2311 90 44 que
2697 2305 104 36 tous
2839 2294 65 47 les

377 2365 212 48 meubles
641 2375 47 36 et
744 2363 133 47 effets
939 2364 259 44 nationaux
1248 2363 77 61 qui
1381 2361 188 61 étaient,
1630 2363 212 45 auraient
1883 2360 72 47 été
2000 2361 189 61 déposés
2242 2361 199 49 ailleurs.
2481 2361 71 47 La
2602 2364 178 46 section
2841 2364 62 46 du

378 2438 229 60 faubourg
633 2434 324 47 Montmartre
984 2450 30 47 y
1038 2432 124 46 avait
1187 2449 58 28 en
1272 2430 111 48 effet
1407 2449 84 30 son
1516 2432 123 63 siège
1679 2431 25 47 à
1739 2444 122 34 cette
1903 2431 198 62 époque,
2124 2429 17 28 3
2181 2444 49 34 et
2270 2431 309 48 l'évacuation
2618 2432 78 47 des
2735 2432 168 49 locaux

378 2507 274 47 nécessaires
677 2506 26 46 à
739 2504 231 47 l'lnstitut
995 2505 56 44 de
1079 2502 226 64 Musique
1332 2520 46 31 se
1404 2502 54 47 fit
1483 2520 169 29 encore
1691 2502 215 47 attendre
1945 2502 281 64 longtemps.
2258 2502 71 47 Ce
2367 2520 58 29 ne
2460 2504 72 45 fut
2565 2504 211 62 qu'après
2808 2521 95 31 une

376 2577 149 47 année
553 2577 55 46 de
637 2575 287 59 démarches,
951 2573 25 47 à
1013 2573 43 47 la
1080 2575 118 45 suite
1226 2573 205 47 d'ordres
1458 2572 188 48 formels
1684 2573 62 46 du
1784 2573 227 60 ministre,
2044 2590 88 44 que
2174 2572 200 48 Sarrette
2415 2586 84 50 put
2540 2576 155 44 ouvrir
2720 2573 180 49 l'Ecole

374 2648 61 63 (le
471 2662 15 32 lerI
497 2650 35 20 er
558 2646 233 47 brumaire
816 2662 59 28 an
904 2645 61 59 V,
997 2657 61 35 22
1087 2643 190 47 octobre
1312 2642 162 63 1796).

515 2716 106 48 Elle
646 2732 31 47 y
702 2727 67 36 est
795 2714 144 47 restée
967 2726 111 34 cent
1103 2714 173 63 quinze
1301 2731 97 42 ans,
1426 2713 411 46 alternativement
1863 2712 172 65 royale,
2058 2712 235 48 nationale
2319 2731 63 28 ou
2408 2713 254 61 impériale,
2683 2714 217 63 jusqu'au

373 2788 163 47 récent
574 2787 156 47 décret
769 2787 62 45 du
866 2784 26 47 8
920 2785 266 61 septembre
1224 2784 199 60 dernier,
1461 2785 78 61 qui
1574 2782 164 48 affecte
1926 2783 239 47 ministère
2204 2784 79 46 des
2320 2784 228 47 Travaux
2589 2784 194 62 publics,
2823 2784 76 47 des

374 2857 159 48 Postes
558 2869 47 35 et
632 2858 78 44 des
748 2854 322 64 Télégraphes
1108 2854 190 62 (service
1324 2854 80 46 des
1441 2864 150 51 postes
1615 2864 48 36 et
1690 2854 77 46 des
1807 2852 305 63 télégraphes)
2150 2852 43 47 la
2228 2855 146 60 partie
2495 2854 79 47 dès
2603 2855 296 46 maintenant

373 2926 258 64 disponible
754 2925 56 47 de
848 2924 203 48 l'ancien
1079 2924 358 48 Conservatoire
1477 2924 54 46 de
1571 2924 213 61 musique
1821 2924 54 44 de
1908 2923 127 47 Paris
2060 2934 47 34 et
2133 2924 255 46 consistant
2415 2940 60 30 en
2501 2942 65 28 un
2593 2923 305 63 quadrilatère

372 2999 57 46 de
458 3012 62 49 32
550 3015 63 28 m.
647 2994 195 62 50X56
871 3013 63 29 m.
969 3005 62 48 50
1056 3006 216 35 attenant
1296 3012 93 29 aux
1414 3010 103 29 rues
1544 2994 63 45 du
1634 2992 598 64 Faubourg-Poissonnière
2259 3005 47 34 et
2333 2992 215 64 Bergère.

514 3067 71 47 La
612 3067 291 60 désignation
929 3083 68 29 un
1023 3083 90 44 peu
1140 3081 147 46 vague
1315 3065 56 46 de
1398 3081 52 30 ce
1477 3064 307 63 quadrilatère
1811 3065 76 60 qui
1926 3064 78 45 n'a
2029 3080 88 45 que
2145 3064 123 47 deux
2303 3064 141 61 côtés,
2479 3076 45 35 et
2550 3066 115 45 dont
2684 3081 59 30 au
2768 3075 128 36 omet

487 3198 11 22 1
520 3201 81 37 Dès
634 3197 36 41 le
701 3214 49 24 22
776 3197 162 40 octobre
966 3204 119 42 1781,
1122 3197 36 40 la
1182 3200 113 37 Ferté
1317 3198 190 47 émettait,
1531 3197 98 38 dans
1651 3210 78 25 une
1764 3195 113 41 lettre
1907 3210 51 25 au
1981 3197 72 47 roi,
2091 3195 115 41 Fidée
2228 3198 47 38 de
2296 3196 143 40 fonder
2463 3211 77 25 une
2563 3195 121 41 Ecole
2704 3197 48 39 de
2775 3197 120 39 chant

370 3271 103 40 pour
504 3255 173 55 l'Opéra.
713 3257 115 49 (Voir
859 3256 80 38 Ad.
963 3255 163 52 Jullien,
1162 3257 59 38 Un
1253 3258 171 36 Potentat
1452 3254 171 48 musical,
1656 3253 177 52 Papillon
1864 3254 46 38 de
1940 3255 43 37 la
2013 3255 116 38 Ferté.
2165 3253 61 41 Cf.
2260 3256 196 37 Constant
2489 3255 143 46 Pierre,
2665 3256 44 36 U
2715 3255 105 38 Ecole
2849 3255 46 37 de

372 3316 131 39 Chant
522 3315 45 36 de
588 3314 170 50 l'Opéra,
781 3327 38 40 p.
849 3315 156 47 16-17.)

485 3370 14 22 *
570 3372 289 51 Comparaison
882 3372 55 37 du
960 3371 96 38 Prix
1077 3371 66 37 des
1163 3371 191 37 Terreins
1375 3379 39 29 et
1435 3370 218 45 Batimens,
1688 3367 144 40 faisant
1853 3366 276 51 l'encoignure
2151 3369 66 38 des
2239 3371 108 37 Ru£s
2361 3370 275 38 Poissonnière
2658 3378 37 29 et
2712 3370 178 47 Bergère,

370 3429 136 51 acquis
527 3438 38 28 et
587 3438 263 43 appartenans
870 3430 22 37 à
922 3429 86 38 Mr.
1032 3428 149 38 Lenoir
1200 3428 214 38 architecte
1435 3427 179 51 mitoyen
1647 3440 93 24 avec
1762 3424 52 40 les
1837 3426 153 38 Menûs
2008 3425 156 39 Plaisirs
2185 3427 54 37 du
2258 3428 90 50 Roy
2369 3440 92 26 avec
2482 3426 35 39 le
2552 3427 90 53 prix
2662 3426 48 38 de
2731 3434 160 30 revente

370 3485 146 40 desdits
536 3485 189 38 Terreins
746 3495 38 28 et
807 3485 203 38 Bâtimens
1031 3485 98 38 dans
1150 3484 125 39 l'Etat
1296 3498 53 24 ou
1372 3483 44 39 ils
1437 3492 89 29 sont
1547 3481 280 40 actuellement
1851 3483 143 49 (Arch.
2021 3485 106 45 Nat.,
2152 3485 35 36 O
2193 3482 9 22 1
2228 3487 113 46 628).

484 3540 15 23 *
529 3544 57 37 La
610 3544 113 37 Ferté
757 3543 103 38 avait
890 3551 140 30 ouvert
1059 3540 52 41 les
1134 3543 153 38 Menus
1320 3555 78 24 aux
1431 3539 228 40 assemblées
1692 3538 237 56 populaires,
1957 3540 61 39 dit
2049 3542 66 37 M.
2140 3542 144 51 Boysse
2308 3543 10 47 (
2318 3541 180 49 Journal
2515 3541 46 38 de
2580 3542 42 37 P.
2644 3541 47 37 de
2711 3540 43 38 la
2773 3541 116 45 Ferté,

369 3598 167 55 préface,
559 3614 37 39 p.
623 3601 85 48 60).
