3459 4366
1659 196 99 50 173

170 344 177 46 Herren
389 343 39 47 J.
459 340 190 50 Barbier
691 339 92 49 und
818 339 133 48 Mich.
983 339 140 48 Caire
1158 355 86 32 neu
1282 339 236 63 gemachte
1547 338 126 63 Oper

165 421 42 46 in
238 420 92 47 drei
355 424 142 43 Aden
529 420 78 46 mit
629 417 145 49 Musik
798 434 82 30 von
904 416 254 47 Beethoven
1189 416 58 47 im

162 513 78 29 zur
269 504 148 39 ersten
446 495 300 57 Aufführung
775 492 209 64 gelangte
1014 491 90 48 und
1133 491 84 50 den
1246 491 117 48 oben
1392 492 280 54 erwähnten,

162 572 281 64 keineswegs
473 569 273 66 glänzenden
776 569 158 63 Erfolg
964 569 135 48 halte.

280 650 62 47 W
348 665 47 31 as
442 647 149 47 haben
633 646 71 47 die
742 645 264 48 Bearbeiter
1045 646 59 47 im
1137 646 220 62 Auftrage
1398 645 78 47 des
1518 644 152 46 Herrn

162 725 220 47 Carvalho
427 740 81 31 aus
546 722 101 47 dem
681 722 151 47 Buche
873 722 242 64 gemacht?
1169 722 85 47 Die
1288 721 250 62 Handlung
1576 736 96 29 war

159 800 91 47 ihm
273 817 55 30 zu
348 798 275 65 bürgerlich,
647 797 70 48 die
742 800 331 45 Decorationen
1096 816 51 29 zu
1171 798 170 55 düster,
1369 797 70 47 die
1458 798 214 46 Costume

160 891 52 32 zu
243 875 199 63 schäbig.
492 875 96 47 Auf
623 875 149 47 seinen
805 875 207 48 Wunsch
1056 875 158 47 wurde
1255 873 142 49 daher
1434 875 235 45 Florestan

155 967 102 31 zum
292 951 183 47 Johann
513 951 217 47 Galeazzo
771 951 172 56 Sforza,
986 950 297 48 Thronerben
1327 966 84 31 von
1453 948 216 56 Mailand,

158 1028 227 56 Leonore,
413 1026 121 48 seine
564 1027 169 56 Gattin,
761 1045 79 29 zur
860 1027 249 47 Prinzessin
1138 1026 191 48 Isabella
1357 1042 82 31 von
1467 1026 174 62 Arrago-

154 1103 122 56 nien,
304 1103 80 49 der
412 1105 203 47 Minister
643 1120 136 40 sogar
805 1121 54 29 zu
888 1103 145 47 einem
1063 1102 196 58 Könige,
1294 1103 110 46 Karl
1438 1102 117 46 VIII.
1585 1117 83 31 von

158 1181 293 56 Frankreich,
489 1181 228 64 gemacht,
760 1179 80 49 der
874 1178 143 50 1493
1057 1179 81 47 auf
1172 1179 167 46 seinem
1369 1181 126 61 Zuge
1524 1195 144 47 gegen

155 1257 172 63 Neapel
357 1257 113 47 nach
502 1256 198 48 Mailand
733 1256 117 47 kam.
880 1256 182 47 Pizarro
1092 1254 54 47 ist
1165 1271 99 30 zum
1291 1254 162 47 Oheim
1480 1253 76 47 des
1580 1254 59 46 Ga-

156 1333 163 56 leazzo,
362 1332 228 47 Ludovico
620 1332 25 46 il
676 1333 129 46 Moro
836 1331 251 64 geheissen,
1129 1331 212 54 avancirt,
1383 1329 82 47 der
1505 1329 43 49 in
1592 1329 80 47 der

158 1408 261 48 wirklichen
442 1408 267 47 Geschichte
730 1409 153 46 seinen
906 1407 161 48 Neffen
1091 1425 80 30 aus
1194 1407 100 47 dem
1324 1407 148 63 Wege
1496 1411 174 43 räumte

156 1484 94 49 und
290 1486 92 47 sich
422 1486 81 47 auf
536 1484 85 49 den
650 1486 341 63 Herzogsthron
1020 1502 83 31 von
1134 1484 198 49 Mailand
1360 1491 146 40 setzte.
1552 1484 118 47 Was

158 1563 56 47 ist
240 1560 203 50 dadurch
474 1563 283 63 gewonnen?
788 1562 69 56 Ei,
880 1562 70 47 ein
973 1562 168 63 junger
1162 1562 179 62 Herzog
1373 1560 57 47 im
1463 1559 206 47 feuchten

158 1638 197 58 Kerker,
385 1639 98 47 eine
513 1639 233 47 fürstliche
776 1638 154 48 Gattin
958 1639 63 47 als
1049 1638 195 53 Knecht,
1282 1638 96 47 eine
1409 1638 232 46 Thronräu-

160 1714 123 50 berei
315 1732 146 48 gegen
492 1717 85 47 alle
605 1715 291 65 Legitimität,
943 1714 78 48 das
1063 1714 95 48 sind
1197 1714 114 48 doch
1355 1731 110 45 ganz
1504 1713 168 48 andere

160 1792 316 64 Gegenstände
504 1792 82 47 der
614 1792 299 47 Theilnahme
943 1790 90 47 und
1064 1790 242 64 Rührung,
1343 1792 62 45 als
1435 1790 68 47 ein
1534 1789 114 47 einfa-

158 1869 106 47 ches
304 1870 134 55 Paar,
482 1868 78 48 das
601 1869 90 46 sich
734 1868 127 47 liebt!
918 1867 97 49 Und
1053 1868 117 47 dann
1203 1867 204 48 bedenke
1447 1883 103 29 man
1586 1865 86 47 den

159 1947 364 64 Hauptgewinn:
548 1945 228 65 prächtige
800 1945 235 49 Costume!
1064 1947 94 44 Der
1181 1944 108 48 böse
1310 1943 228 48 Ludovico
1564 1943 110 47 bunt

159 2023 86 47 wie
291 2023 71 47 ein
399 2023 330 63 Kartenkönig,
770 2023 110 47 Karl
913 2023 116 45 VIII.
1058 2021 59 47 im
1147 2020 405 48 Hermelinmantel
1583 2019 91 48 und

160 2098 357 66 goldgestickten
534 2099 228 55 Wamms,
780 2096 88 49 und
885 2114 78 31 vor
979 2098 116 47 allen
1118 2098 179 62 Dingen
1320 2096 326 47 Florestan-Ga-

160 2176 145 47 leazzo
330 2175 92 47 und
445 2174 428 48 Leonore-Isabella
894 2174 59 46 im
982 2174 152 47 Finale
1158 2174 61 47 als
1241 2174 183 62 Herzog
1448 2171 90 47 und
1556 2173 88 45 Her-

159 2251 130 65 zogin
319 2251 245 64 prachtvoll
593 2249 226 66 gekleidet
830 2249 185 48 —denn
1045 2250 112 46 nach
1189 2249 102 47 dem
1321 2250 142 45 Duett
1501 2249 69 53 „0
1595 2264 52 31 na-

160 2329 200 47 menlose
639 2328 95 47 fällt
762 2326 80 47 der
870 2326 221 64 Vorhang
1128 2325 88 47 und
1259 2341 46 31 es
1334 2325 94 47 tritt
1456 2325 68 47 ein
1553 2324 88 47 Zwi-

160 2405 211 47 schenact
409 2405 88 56 ein,
540 2405 76 46 für
656 2404 158 48 dessen
844 2404 154 62 Länge
1037 2402 78 47 das
1144 2402 238 47 Publicum
1414 2401 139 48 durch
1586 2400 84 48 den

160 2481 195 48 Anblick
385 2480 76 48 des
492 2480 167 49 Grand
676 2479 110 68 gala
821 2496 72 31 am
924 2479 119 48 Hofe
1071 2479 148 47 Karl's
1249 2479 116 47 VIII.
1396 2476 278 66 entschädigt

162 2557 134 49 wird!

275 2636 105 47 Nun
410 2635 96 47 tritt
534 2634 110 49 aber
672 2634 70 47 ein
774 2634 132 47 böser
934 2632 221 50 Umstand
1185 2632 83 47 ein.
1297 2632 136 47 Trotz
1462 2630 80 47 der
1569 2646 76 31 sou-

160 2712 209 49 verainen
403 2711 217 56 Willkür,
662 2711 81 48 mit
783 2710 80 48 der
903 2711 70 47 die
1016 2709 325 49 französischen
1379 2707 294 50 Dramatiker

162 2790 80 48 mit
268 2789 80 48 der
377 2790 266 47 Geschichte
673 2787 90 49 und
794 2787 80 49 der
903 2789 304 62 Chronologie
1246 2785 309 66 umspringen,
1595 2783 78 47 hat

160 2866 186 48 diesmal
386 2866 115 47 doch
541 2865 87 48 den
658 2863 295 49 Bearbeitern
995 2863 78 49 das
1104 2863 230 49 Gewissen
1369 2861 301 65 geschlagen;

159 2943 62 47 sie
250 2942 150 48 haben
438 2943 91 47 sich
570 2941 124 49 nicht
736 2949 195 57 getraut,
974 2941 80 47 der
1081 2940 192 48 Isabella
1302 2956 84 31 von
1423 2937 138 48 1490
1593 2936 79 47 das

158 3021 137 48 Pistol
325 3021 82 47 der
429 3021 209 47 Leonore
667 3020 43 47 in
739 3020 70 47 die
835 3018 133 49 Hand
996 3036 52 29 zu
1078 3017 164 65 geben,
1274 3016 89 48 and
1387 3015 174 48 meiden
1586 3013 84 47 den

158 3097 406 57 Anachronismus,
606 3096 147 48 indem
784 3097 62 46 sie
874 3096 62 47 sie
967 3096 77 46 mit
1073 3095 124 47 einer
1226 3095 169 62 Stange
1423 3109 83 30 von
1537 3091 133 47 Eisen

158 3175 261 47 bewehren.
461 3173 455 54 Ludovico-Pizarro,
963 3171 183 49 obwohl
1195 3170 79 48 mit
1318 3170 207 47 Schwert
1581 3166 88 48 und

156 3252 148 48 Dolch
338 3251 259 57 bewaffnet,
639 3252 53 46 ist
720 3267 49 32 so
799 3251 169 63 galant,
1009 3266 78 31 vor
1117 3248 78 49 der
1225 3250 168 62 Stange
1423 3244 165 49 zurück
1618 3262 51 29 zu

158 3328 219 57 weichen,
405 3327 143 50 damit
574 3328 71 47 die
673 3327 322 64 Entwicklung
1023 3326 121 48 nicht
1172 3328 169 61 gestört
1369 3322 168 55 werde,
1581 3321 89 48 und

158 3422 48 32 so
236 3406 115 47 wird
380 3404 81 49 der
489 3404 363 65 Schauspielerin
882 3404 81 47 der
991 3403 207 47 schönste
1219 3402 202 47 Moment
1452 3399 80 47 der
1561 3416 82 46 gan-

156 3500 80 30 zen
267 3483 128 47 Rolle
426 3500 289 48 genommen,
757 3481 92 48 und
885 3481 70 48 die
987 3478 279 67 ergreifende
1297 3478 142 47 Scene
1470 3474 110 49 wird

159 3561 264 47 lächerlich!

273 3638 172 47 Ausser
473 3637 150 47 diesen
649 3636 215 48 albernen
889 3634 403 65 Umgestaltungen
1322 3631 112 48 oder
1462 3628 211 65 richtiger

159 3713 371 66 Verkleidungen
554 3716 51 45 ist
625 3722 123 39 sonst
770 3714 81 47 der
875 3713 132 64 Gang
1030 3712 76 47 des
1131 3711 209 48 Drama's
1371 3707 302 54 beibehalten,

159 3791 131 48 keine
318 3807 117 32 neue
465 3792 222 48 Situation
719 3791 319 64 hineingelegt,
1067 3806 86 30 nur
1181 3789 42 46 in
1254 3788 100 46 dem
1386 3785 162 63 Dialog
1579 3783 95 47 hier

159 3868 93 48 und
281 3868 57 48 da
362 3868 282 65 Aenderung
673 3868 90 48 und
785 3868 182 47 Zuthat.
997 3869 93 46 Das
1113 3868 141 44 Duett
1280 3863 218 49 zwischen
1524 3863 149 46 Rocco

159 3946 93 50 und
280 3947 183 47 Pizarro
490 3946 70 54 ist,
598 3962 103 30 man
737 3946 128 46 weiss
896 3944 167 48 freilich
1094 3943 137 56 nicht,
1269 3957 190 38 warum,
1490 3954 152 49 wegge-

159 4023 146 50 lassen
336 4023 90 48 und
455 4023 44 48 in
529 4023 166 63 Dialog
724 4022 300 56 verwandelt;
1054 4022 139 47 dafür
1221 4020 54 47 ist
1302 4019 70 48 ein
1405 4019 137 45 Duett
1570 4015 78 47 zwi-

158 4100 137 49 schen
338 4100 262 50 Marcelline
634 4099 91 48 und
766 4098 173 49 Fidelio
982 4116 81 31 aus
1106 4098 80 48 der
1228 4095 207 65 leipziger
1475 4093 198 48 Partitur

1744 337 80 47 der
2178 353 83 33 von
2291 337 56 49 0.
2376 336 117 48 Jahn
2524 336 387 66 herausgegeben,
2961 336 165 48 wieder
3154 337 68 49 ein-

1744 415 146 42 ffplpot

1743 449 26 29 b
1846 454 26 22 o

1858 490 83 47 Die
1981 490 155 48 Revue
2178 490 235 54 bedauert,
2454 487 99 49 dass
2594 487 118 50 Mad.
2743 489 188 48 Viardot
2975 489 57 47 im
3072 487 169 50 Fidelio

1745 563 127 49 keine
1903 566 293 62 Gelegenheit
2225 566 90 55 hat,
2357 566 69 46 ihr
2463 580 174 47 grosses
2665 565 160 47 Talent
2854 565 62 47 als
2945 565 218 63 Sängerin
3193 581 51 29 zu

1743 642 169 62 zeigen,
1955 642 82 47 wie
2080 642 56 46 im
2168 642 212 62 Orpheus
2423 640 87 64 (wo
2545 641 61 47 sie
2910 641 70 47 die
3008 641 233 48 einfachen

1745 717 296 47 Gluck'schen
2072 717 137 47 Arien
2244 717 286 47 dermaassen
2561 717 78 46 mit
2668 716 296 47 Coloraturen
2997 717 246 47 überladen

1746 793 91 56 hat,
1867 793 99 47 dass
1995 793 61 46 sie
2086 792 120 47 nicht
2232 810 50 29 zu
2315 792 173 47 kennen
2517 790 151 63 sind!).
2703 791 112 54 „Die
2837 791 168 63 einzige
3029 793 123 55 Arie,
3174 792 70 48 die

1744 871 61 46 sie
1848 870 92 55 hat,
1981 870 54 47 ist
2077 868 128 47 keine
2246 868 261 64 glückliche.
2562 867 103 46 Ihre
2693 867 149 47 Partie
2878 867 168 47 enthält
3083 868 43 47 in
3161 868 87 49 den

1744 947 216 53 Duetten,
1978 946 251 51 Terzetten,
2247 944 270 58 Quartetten
2543 942 127 47 keine
2694 942 166 62 einzige
2881 942 364 48 hervortretende

2021 1019 43 65 (!)
2173 1019 178 64 Richtig
2380 1018 205 65 dagegen
2614 1018 53 46 ist
2695 1018 70 47 die
2795 1019 317 64 Behauptung,
3149 1018 99 48 dass

1743 1098 70 47 ihr
1840 1098 70 47 die
1941 1098 148 47 Partie
2119 1097 80 47 viel
2228 1113 52 31 zu
2312 1096 113 47 hoch
2459 1094 121 64 liegt,
2620 1093 99 47 dass
2747 1094 61 46 sie
2837 1094 63 47 oft
2929 1094 127 47 mehr
3084 1094 164 49 schreit

1744 1177 62 46 als
1833 1176 132 63 singt,
1993 1176 86 45 und
2114 1174 99 47 dass
2241 1190 130 39 „man
2389 1172 89 47 sich
2505 1172 120 46 nicht
2643 1171 248 63 ungestraft
2912 1187 79 31 aus
3014 1172 143 47 einem
3176 1173 74 46 Alt

1741 1268 99 30 zum
1867 1252 175 63 Sopran
2067 1251 174 55 mache,
2268 1266 47 32 so
2341 1248 122 47 kühn
2487 1245 90 50 und
2606 1245 229 65 geschickt
2863 1262 103 32 man
2996 1247 114 47 auch

1858 1328 220 51 Dagegen
2107 1334 141 40 streut
2276 1328 56 44 H.
2364 1324 171 48 Berlioz
2564 1323 70 47 ihr
2671 1322 114 48 auch
2831 1323 76 47 für
2944 1322 70 47 die
3042 1323 207 47 Leonore

1935 1374 24 17 o
1994 1374 25 16 o

1743 1403 224 55 Lorbern,
1999 1403 153 46 rühmt
2178 1403 70 46 ihr
2275 1402 302 63 vorzügliches
2600 1399 118 65 Spiel
2743 1398 89 48 und
2858 1398 139 48 findet
3024 1399 116 47 auch
3164 1398 85 48 den

1746 1480 196 60 Vortrag
1973 1479 78 47 der
2080 1494 185 49 grossen
2289 1479 124 55 Arie,
2441 1477 172 47 sowohl
2635 1475 268 49 dramatisch
2935 1477 62 45 als
3025 1475 94 47 rein
3151 1492 66 30 mu-

1744 1555 199 49 sicalisch
1975 1572 287 47 genommen,
2291 1554 104 47 sehr
2423 1554 152 47 schön.
2624 1553 74 46 Sie
2735 1552 77 47 hat
2839 1552 127 48 darin
3003 1569 85 30 nur
3124 1552 124 48 eine

1746 1633 177 49 Cadenz
2044 1651 71 29 am
2147 1633 208 46 Schlüsse
2385 1630 75 47 des
2489 1630 185 63 Allegro
2780 1629 234 62 gemacht;
3052 1628 58 49 ob
3140 1628 110 48 aber

1745 1709 272 56 Beethoven,
2061 1709 84 46 wie
2176 1709 170 46 Berlioz
2378 1706 151 54 meint,
2572 1705 136 46 selbst
2747 1704 70 47 die
2844 1705 134 46 Stelle
3020 1705 75 46 für
3131 1704 119 48 diese

1748 1785 175 48 Cadenz
1953 1784 261 48 bezeichnet
2242 1784 133 56 habe,
2407 1781 176 49 möchte
2613 1781 68 47 ich
2713 1779 270 48 bezweifeln.
3025 1780 84 48 Die
3140 1781 81 47 Fer-

1746 1870 120 40 mate
1895 1863 56 47 im
1984 1863 245 47 Orchester
2258 1861 82 47 auf
2361 1860 79 47 der
2469 1860 159 46 letzten
2660 1858 339 47 Viertel-Pause
3028 1858 76 47 hat
3132 1858 119 47 wohl

1745 1955 88 31 nur
1861 1939 71 47 die
1960 1938 287 63 Bedeutung,
2276 1936 99 49 dass
2404 1936 79 47 das
2506 1935 260 52 Orchester,
2799 1933 212 48 während
3041 1933 69 48 die
3141 1934 82 47 Sän-

1746 2018 125 62 gerin
1901 2015 79 47 das
2011 2016 116 46 hohe
2155 2015 30 47 h
2213 2014 189 56 aushält,
2431 2013 251 63 schweigen
2714 2011 93 47 soll.

1861 2093 133 47 Sonst
2022 2091 53 47 ist
2103 2091 209 47 Berlioz's
2342 2089 180 48 Bericht
2549 2095 137 48 ernst,
2717 2087 77 46 mit
2822 2085 202 48 Einsicht
3052 2085 91 47 und
3173 2086 79 47 mit

1746 2184 180 46 grosser
1966 2168 194 48 Wärme
2201 2165 294 65 geschrieben
2538 2162 90 47 und
2672 2164 165 52 macht,
2879 2161 101 47 dass
3022 2178 104 30 man
3168 2160 84 48 den

1746 2244 243 47 Schreiber
2017 2241 352 66 liebgewinnt*).
2404 2240 290 48 Wirtheilen
2724 2237 209 49 desshalb
2962 2237 145 64 einige
3126 2239 125 45 Sätze

1745 2319 165 49 daraus
1940 2320 326 63 auszugsweise
2295 2319 92 47 mit.

1861 2397 124 56 „Wo
2014 2397 96 47 sind
2141 2396 252 48 Gaveaux's
2423 2394 91 48 und
2539 2394 151 47 Paer's
2712 2392 237 47 Leonoren
2977 2390 272 66 geblieben?

1744 2474 72 47 Sie
1846 2474 96 47 sind
1970 2490 232 47 gewesen;
2233 2472 114 47 denn
2373 2488 82 30 von
2479 2468 85 49 den
2587 2468 93 47 drei
2705 2468 237 47 Leonoren
2968 2467 55 47 ist
3046 2466 68 48 die
3136 2468 85 47 Par-

1743 2551 108 46 titur
1879 2551 80 47 der
1987 2559 144 39 ersten
2162 2550 105 47 sehr
2304 2547 226 56 schwach,
2572 2546 70 47 die
2670 2546 153 46 zweite
2864 2545 136 47 kaum
3036 2545 99 47 eine
3163 2546 58 46 Ar-

1746 2626 89 48 beit
1863 2644 83 30 von
1976 2627 177 55 Talent,
2182 2625 70 48 die
2281 2625 132 47 dritte
2442 2623 70 47 ein
2544 2622 147 48 Werk
2721 2621 74 47 des
2821 2620 189 48 Genie's.
3039 2621 54 47 Je
3122 2620 128 48 mehr

1743 2703 67 47 ich
1842 2703 294 49 Beethoven's
2167 2701 145 49 Werk
2356 2702 109 46 höre
2502 2698 90 49 und
2630 2700 103 53 lese,
2773 2697 124 47 desto
2928 2696 293 48 bewunderns-

1744 2781 229 49 würdiger
1997 2780 118 47 finde
2139 2780 67 47 ich
2230 2795 59 30 es.
2323 2780 89 45 Das
2434 2778 149 46 Ganze
2614 2775 88 47 und
2732 2775 70 45 die
2832 2775 226 47 einzelnen
3083 2773 166 47 Stücke

1894 2827 25 17 o

1745 2858 117 46 halte
1891 2858 68 46 ich
1993 2858 75 46 für
2096 2856 143 65 gleich
2281 2856 160 53 schön;
2488 2853 172 47 überall
2703 2851 226 47 offenbart
2969 2851 91 47 sich
3104 2852 145 55 Kraft,

1744 2935 180 54 Grösse,
1953 2933 289 65 Originalität
2268 2931 91 48 und
2389 2932 70 47 ein
2489 2930 115 50 eben
2633 2946 47 30 so
2712 2930 122 45 tieles
2863 2928 62 47 als
2956 2927 175 48 wahres
3161 2930 58 45 Ge-

1744 3011 112 47 fühl.
1905 3012 60 46 Es
2007 3011 164 63 gehört
2197 3010 131 63 jener
2366 3007 183 48 starken
2580 3007 86 47 Art
2699 3021 83 32 von
2811 3004 325 63 Erzeugnissen
3174 3020 74 38 an,

1741 3087 138 48 deren
1895 3087 404 63 Lebensfähigkeit
2322 3084 141 49 durch
2491 3083 127 47 keine
2643 3081 301 56 Vorurtheile,
2968 3081 250 47 Schmähun-

1743 3182 83 36 gen
1860 3164 87 47 und
1979 3166 157 52 Lügen
2167 3162 213 49 erdrückt
2409 3159 181 49 werden
2622 3159 130 47 kann.
2789 3158 73 46 Sie
2891 3157 155 47 stehen
3075 3157 175 48 danach

1744 3212 25 17 o
2053 3211 24 17 o

1745 3258 73 30 um
1848 3257 47 31 so
1927 3241 147 53 fester,
2103 3239 176 49 ähnlich
2310 3238 84 46 den
2416 3237 197 52 Buchen,
2643 3236 70 45 die
2743 3234 70 46 ihr
2842 3233 215 64 kräftiger
3076 3233 176 50 Wuchs

1743 3318 141 46 durch
1932 3318 155 47 Felsen
2131 3316 89 48 und
2252 3317 245 46 Trümmer
2538 3311 312 64 emportreibt,
2888 3311 81 46 auf
3006 3311 143 46 denen
3192 3309 60 47 sie

1743 3394 118 49 dann
1891 3396 106 47 stolz
2028 3394 87 47 und
2149 3392 334 49 unerschüttert
2510 3406 84 30 von
2623 3389 213 46 Stürmen

1871 3495 13 16 >
2312 3467 199 64 (Schluss
2541 3467 140 63 folgt.)

1809 3689 39 46 *)
1879 3688 137 35 Woher
2045 3699 37 22 er
2110 3686 70 33 den
2209 3685 169 45 einzigen
2408 3683 113 45 Spass
2550 3682 285 44 hergenommen
2863 3679 77 46 bat,
2982 3680 84 33 dass
3098 3678 132 35 Ceetho-

1871 3761 72 22 ven
1971 3749 96 33 beim
2095 3743 349 46 Nachhausegeben
2486 3754 68 23 aus
2582 3740 126 36 Paer's
2738 3740 165 35 Leonore
2941 3750 45 22 zu
3023 3738 140 34 diesem
3191 3749 42 35 ge-

1873 3812 84 41 sagt
1986 3807 118 34 baben
2131 3805 113 35 solle:
2296 3805 108 43 „Ihre
2434 3803 100 45 Oper
2562 3801 134 46 gefällt
2724 3801 79 42 mir,
2844 3799 59 33 ich
2933 3798 97 34 habe
3059 3798 106 43 Lust,
3203 3799 52 33 sie

1873 3869 36 32 in
1927 3866 127 34 Musik
2085 3876 46 22 zu
2152 3867 125 31 setzen
2284 3864 14 15 a
2322 3884 59 24 —,
2414 3865 133 32 wissen
2576 3862 65 33 wir
2668 3860 115 35 nicht.
2812 3859 69 33 Die
2898 3858 246 45 Aeusserung
3172 3870 85 34 mag

1875 3927 97 34 wohl
2000 3937 48 22 zu
2075 3924 71 34 den
2173 3922 286 46 mannigfachen
2488 3920 224 34 Anekdoten
2739 3918 179 46 gehören,
2959 3918 58 33 die
3046 3919 71 33 auf
3140 3918 94 34 Rech-

1872 3999 102 33 nung
2002 3996 146 35 grosser
2169 3984 157 34 Männer
2352 3986 144 42 gesetzt
2524 3980 156 36 werden.
2710 3979 79 34 Von
2818 3978 296 34 französischem
3137 3978 120 47 Esprit

1873 4048 74 35 und
1976 4048 243 33 Witzworten
2259 4056 75 23 war
2375 4042 247 37 Beethoven's
2660 4039 120 37 Natur
2821 4038 97 36 wohl
2963 4038 169 35 ziemlich
3175 4038 82 34 weit

1873 4111 176 31 entfernt.
