<?xml version="1.0" encoding="UTF-8"?>
<alto xmlns:xsi="http://www.w3.org/2001/XMLSchema-instance" xmlns="http://www.loc.gov/standards/alto/ns-v2#" xsi:schemaLocation="http://www.loc.gov/standards/alto/ns-v2# http://www.loc.gov/standards/alto/alto-v2.0.xsd" xmlns:xlink="http://www.w3.org/1999/xlink">
	<Description>
		<MeasurementUnit>mm10</MeasurementUnit>
		<sourceImageInformation>
			<fileName>//fileserver7/IN2/Princeton/Batch2/bmtnaaq/1916/03/04_01/00000168.tif</fileName>
		</sourceImageInformation>
		<OCRProcessing ID="OCRPROCESSING_1">
			<preProcessingStep>
				<processingSoftware>
					<softwareCreator>CCS Content Conversion Specialists GmbH, Germany</softwareCreator>
					<softwareName>CCS docWORKS</softwareName>
					<softwareVersion>6.6-0.29</softwareVersion>
				</processingSoftware>
			</preProcessingStep>
			<ocrProcessingStep>
				<processingSoftware>
					<softwareCreator>ABBYY (BIT Software), Russia</softwareCreator>
					<softwareName>FineReader</softwareName>
					<softwareVersion>10.0</softwareVersion>
				</processingSoftware>
			</ocrProcessingStep>
		</OCRProcessing>
	</Description>
	<Styles>
		<TextStyle ID="TXT_0" FONTSIZE="10" FONTFAMILY="Times New Roman"/>
		<ParagraphStyle ID="PAR_RIGHT" ALIGN="Right"/>
		<ParagraphStyle ID="PAR_LEFT" ALIGN="Left"/>
		<ParagraphStyle ID="PAR_BLOCK" ALIGN="Block"/>
	</Styles>
	<Layout>
		<Page ID="P6" PHYSICAL_IMG_NR="6" HEIGHT="4300" WIDTH="2354" PRINTED_IMG_NR="522" PC="0.915">
			<TopMargin ID="P6_TM00001" HPOS="0" VPOS="0" WIDTH="2354" HEIGHT="324">
				<TextBlock ID="P6_TB00001" HPOS="840" VPOS="257" WIDTH="760" HEIGHT="57" STYLEREFS="TXT_0 PAR_RIGHT">
					<TextLine ID="P6_TL00001" HPOS="841" VPOS="257" WIDTH="759" HEIGHT="57">
						<String ID="P6_ST00001" HPOS="841" VPOS="262" WIDTH="337" HEIGHT="52" CONTENT="BRUNO'S" WC="0.98" CC="5534532"/>
						<SP ID="P6_SP00001" HPOS="1178" VPOS="314" WIDTH="72"/>
						<String ID="P6_ST00002" HPOS="1250" VPOS="257" WIDTH="350" HEIGHT="55" CONTENT="WEEKLY" WC="0.99" CC="200022"/>
					</TextLine>
				</TextBlock>
				<TextBlock ID="P6_TB00002" HPOS="227" VPOS="272" WIDTH="92" HEIGHT="50" STYLEREFS="TXT_0 PAR_LEFT">
					<TextLine ID="P6_TL00002" HPOS="229" VPOS="272" WIDTH="90" HEIGHT="50">
						<String ID="P6_ST00003" HPOS="229" VPOS="272" WIDTH="90" HEIGHT="50" CONTENT="522" WC="0.30" CC="955"/>
					</TextLine>
				</TextBlock>
			</TopMargin>
			<LeftMargin ID="P6_LM00001" HPOS="0" VPOS="324" WIDTH="6" HEIGHT="3952"/>
			<RightMargin ID="P6_RM00001" HPOS="2346" VPOS="324" WIDTH="8" HEIGHT="3952"/>
			<BottomMargin ID="P6_BM00001" HPOS="0" VPOS="4276" WIDTH="2354" HEIGHT="24"/>
			<PrintSpace ID="P6_PS00001" HPOS="6" VPOS="324" WIDTH="2340" HEIGHT="3952">
				<TextBlock ID="P6_TB00003" HPOS="219" VPOS="359" WIDTH="2004" HEIGHT="2773" STYLEREFS="TXT_0 PAR_BLOCK">
					<TextLine ID="P6_TL00003" HPOS="229" VPOS="359" WIDTH="1989" HEIGHT="76">
						<String ID="P6_ST00004" HPOS="229" VPOS="384" WIDTH="107" HEIGHT="51" CONTENT="and" WC="0.98" CC="500"/>
						<SP ID="P6_SP00002" HPOS="336" VPOS="435" WIDTH="40"/>
						<String ID="P6_ST00005" HPOS="376" VPOS="383" WIDTH="103" HEIGHT="49" CONTENT="left" WC="0.97" CC="3053"/>
						<SP ID="P6_SP00003" HPOS="479" VPOS="435" WIDTH="41"/>
						<String ID="P6_ST00006" HPOS="520" VPOS="382" WIDTH="157" HEIGHT="49" CONTENT="there" WC="0.99" CC="15010"/>
						<SP ID="P6_SP00004" HPOS="677" VPOS="435" WIDTH="44"/>
						<String ID="P6_ST00007" HPOS="721" VPOS="379" WIDTH="94" HEIGHT="50" CONTENT="the" WC="0.97" CC="060"/>
						<SP ID="P6_SP00005" HPOS="815" VPOS="435" WIDTH="43"/>
						<String ID="P6_ST00008" HPOS="858" VPOS="378" WIDTH="123" HEIGHT="48" CONTENT="first" WC="1.00" CC="22000"/>
						<SP ID="P6_SP00006" HPOS="981" VPOS="435" WIDTH="39"/>
						<String ID="P6_ST00009" HPOS="1020" VPOS="374" WIDTH="149" HEIGHT="55" CONTENT="seed," WC="0.99" CC="60010"/>
						<SP ID="P6_SP00007" HPOS="1169" VPOS="435" WIDTH="39"/>
						<String ID="P6_ST00010" HPOS="1208" VPOS="373" WIDTH="151" HEIGHT="49" CONTENT="from" WC="0.98" CC="3300"/>
						<SP ID="P6_SP00008" HPOS="1359" VPOS="435" WIDTH="40"/>
						<String ID="P6_ST00011" HPOS="1399" VPOS="369" WIDTH="184" HEIGHT="52" CONTENT="which" WC="0.98" CC="50500"/>
						<SP ID="P6_SP00009" HPOS="1583" VPOS="435" WIDTH="42"/>
						<String ID="P6_ST00012" HPOS="1625" VPOS="366" WIDTH="54" HEIGHT="50" CONTENT="in" WC="0.59" CC="34"/>
						<SP ID="P6_SP00010" HPOS="1679" VPOS="435" WIDTH="41"/>
						<String ID="P6_ST00013" HPOS="1720" VPOS="366" WIDTH="95" HEIGHT="49" CONTENT="the" WC="1.00" CC="000"/>
						<SP ID="P6_SP00011" HPOS="1815" VPOS="435" WIDTH="43"/>
						<String ID="P6_ST00014" HPOS="1858" VPOS="363" WIDTH="110" HEIGHT="50" CONTENT="last" WC="1.00" CC="0000"/>
						<SP ID="P6_SP00012" HPOS="1968" VPOS="435" WIDTH="40"/>
						<String ID="P6_ST00015" HPOS="2008" VPOS="359" WIDTH="210" HEIGHT="52" CONTENT="decade" WC="0.99" CC="700000"/>
					</TextLine>
					<TextLine ID="P6_TL00004" HPOS="224" VPOS="426" WIDTH="1996" HEIGHT="75">
						<String ID="P6_ST00016" HPOS="224" VPOS="448" WIDTH="62" HEIGHT="52" CONTENT="of" WC="0.27" CC="77"/>
						<SP ID="P6_SP00013" HPOS="286" VPOS="500" WIDTH="40"/>
						<String ID="P6_ST00017" HPOS="326" VPOS="449" WIDTH="94" HEIGHT="49" CONTENT="the" WC="1.00" CC="000"/>
						<SP ID="P6_SP00014" HPOS="420" VPOS="500" WIDTH="39"/>
						<String ID="P6_ST00018" HPOS="459" VPOS="443" WIDTH="330" HEIGHT="52" CONTENT="nineteenth" WC="0.99" CC="9280000670"/>
						<SP ID="P6_SP00015" HPOS="789" VPOS="500" WIDTH="43"/>
						<String ID="P6_ST00019" HPOS="832" VPOS="450" WIDTH="237" HEIGHT="51" CONTENT="century" WC="0.99" CC="0171503"/>
						<SP ID="P6_SP00016" HPOS="1069" VPOS="501" WIDTH="41"/>
						<String ID="P6_ST00020" HPOS="1110" VPOS="454" WIDTH="213" HEIGHT="46" CONTENT="sprang" WC="0.99" CC="040406"/>
						<SP ID="P6_SP00017" HPOS="1323" VPOS="501" WIDTH="39"/>
						<String ID="P6_ST00021" HPOS="1362" VPOS="453" WIDTH="29" HEIGHT="33" CONTENT="a" WC="0.32" CC="6"/>
						<SP ID="P6_SP00018" HPOS="1391" VPOS="501" WIDTH="41"/>
						<String ID="P6_ST00022" HPOS="1432" VPOS="450" WIDTH="136" HEIGHT="45" CONTENT="crop" WC="0.99" CC="0203"/>
						<SP ID="P6_SP00019" HPOS="1568" VPOS="501" WIDTH="42"/>
						<String ID="P6_ST00023" HPOS="1610" VPOS="431" WIDTH="58" HEIGHT="51" CONTENT="of" WC="0.77" CC="40"/>
						<SP ID="P6_SP00020" HPOS="1668" VPOS="501" WIDTH="41"/>
						<String ID="P6_ST00024" HPOS="1709" VPOS="430" WIDTH="276" HEIGHT="49" CONTENT="cabarets." WC="0.99" CC="091000704"/>
						<SP ID="P6_SP00021" HPOS="1985" VPOS="501" WIDTH="78"/>
						<String ID="P6_ST00025" HPOS="2063" VPOS="426" WIDTH="157" HEIGHT="48" CONTENT="Most" WC="1.00" CC="0100"/>
					</TextLine>
					<TextLine ID="P6_TL00005" HPOS="225" VPOS="492" WIDTH="1995" HEIGHT="71">
						<String ID="P6_ST00026" HPOS="225" VPOS="514" WIDTH="61" HEIGHT="49" CONTENT="of" WC="0.39" CC="92"/>
						<SP ID="P6_SP00022" HPOS="286" VPOS="563" WIDTH="38"/>
						<String ID="P6_ST00027" HPOS="324" VPOS="512" WIDTH="157" HEIGHT="50" CONTENT="them" WC="0.97" CC="0047"/>
						<SP ID="P6_SP00023" HPOS="481" VPOS="563" WIDTH="38"/>
						<String ID="P6_ST00028" HPOS="519" VPOS="526" WIDTH="147" HEIGHT="35" CONTENT="were" WC="0.95" CC="5773"/>
						<SP ID="P6_SP00024" HPOS="666" VPOS="563" WIDTH="39"/>
						<String ID="P6_ST00029" HPOS="705" VPOS="506" WIDTH="358" HEIGHT="51" CONTENT="short-lived." WC="0.99" CC="000700730705"/>
						<SP ID="P6_SP00025" HPOS="1063" VPOS="563" WIDTH="84"/>
						<String ID="P6_ST00030" HPOS="1147" VPOS="505" WIDTH="109" HEIGHT="47" CONTENT="Ihe" WC="0.36" CC="603"/>
						<SP ID="P6_SP00026" HPOS="1256" VPOS="563" WIDTH="44"/>
						<String ID="P6_ST00031" HPOS="1300" VPOS="498" WIDTH="217" HEIGHT="53" CONTENT="French" WC="0.98" CC="477000"/>
						<SP ID="P6_SP00027" HPOS="1517" VPOS="563" WIDTH="43"/>
						<String ID="P6_ST00032" HPOS="1560" VPOS="497" WIDTH="107" HEIGHT="48" CONTENT="had" WC="1.00" CC="000"/>
						<SP ID="P6_SP00028" HPOS="1667" VPOS="563" WIDTH="42"/>
						<String ID="P6_ST00033" HPOS="1709" VPOS="495" WIDTH="213" HEIGHT="58" CONTENT="always" WC="0.98" CC="667000"/>
						<SP ID="P6_SP00029" HPOS="1922" VPOS="563" WIDTH="41"/>
						<String ID="P6_ST00034" HPOS="1963" VPOS="492" WIDTH="257" HEIGHT="48" CONTENT="featuied" WC="0.57" CC="14900369"/>
					</TextLine>
					<TextLine ID="P6_TL00006" HPOS="229" VPOS="556" WIDTH="1989" HEIGHT="72">
						<String ID="P6_ST00035" HPOS="229" VPOS="577" WIDTH="189" HEIGHT="51" CONTENT="rather" WC="0.99" CC="800000"/>
						<SP ID="P6_SP00030" HPOS="418" VPOS="628" WIDTH="36"/>
						<String ID="P6_ST00036" HPOS="454" VPOS="576" WIDTH="94" HEIGHT="49" CONTENT="the" WC="1.00" CC="000"/>
						<SP ID="P6_SP00031" HPOS="548" VPOS="628" WIDTH="37"/>
						<String ID="P6_ST00037" HPOS="585" VPOS="571" WIDTH="218" HEIGHT="52" CONTENT="artistic" WC="1.00" CC="00060030"/>
						<SP ID="P6_SP00032" HPOS="803" VPOS="628" WIDTH="37"/>
						<String ID="P6_ST00038" HPOS="840" VPOS="571" WIDTH="248" HEIGHT="49" CONTENT="element" WC="0.99" CC="0704000"/>
						<SP ID="P6_SP00033" HPOS="1088" VPOS="628" WIDTH="36"/>
						<String ID="P6_ST00039" HPOS="1124" VPOS="568" WIDTH="134" HEIGHT="50" CONTENT="than" WC="1.00" CC="0000"/>
						<SP ID="P6_SP00034" HPOS="1258" VPOS="628" WIDTH="38"/>
						<String ID="P6_ST00040" HPOS="1296" VPOS="562" WIDTH="279" HEIGHT="62" CONTENT="anything" WC="0.99" CC="80000707"/>
						<SP ID="P6_SP00035" HPOS="1575" VPOS="628" WIDTH="35"/>
						<String ID="P6_ST00041" HPOS="1610" VPOS="561" WIDTH="132" HEIGHT="49" CONTENT="else." WC="1.00" CC="01000"/>
						<SP ID="P6_SP00036" HPOS="1742" VPOS="628" WIDTH="81"/>
						<String ID="P6_ST00042" HPOS="1823" VPOS="558" WIDTH="112" HEIGHT="48" CONTENT="Ihe" WC="0.94" CC="400"/>
						<SP ID="P6_SP00037" HPOS="1935" VPOS="628" WIDTH="39"/>
						<String ID="P6_ST00043" HPOS="1974" VPOS="556" WIDTH="244" HEIGHT="49" CONTENT="German" WC="0.99" CC="002606"/>
					</TextLine>
					<TextLine ID="P6_TL00007" HPOS="224" VPOS="620" WIDTH="1995" HEIGHT="77">
						<String ID="P6_ST00044" HPOS="224" VPOS="641" WIDTH="230" HEIGHT="51" CONTENT="cabaret" WC="0.99" CC="4970000"/>
						<SP ID="P6_SP00038" HPOS="454" VPOS="692" WIDTH="33"/>
						<String ID="P6_ST00045" HPOS="487" VPOS="636" WIDTH="383" HEIGHT="61" CONTENT="degenerated" WC="1.00" CC="00820130000"/>
						<SP ID="P6_SP00039" HPOS="870" VPOS="697" WIDTH="35"/>
						<String ID="P6_ST00046" HPOS="905" VPOS="651" WIDTH="137" HEIGHT="43" CONTENT="very" WC="0.98" CC="2060"/>
						<SP ID="P6_SP00040" HPOS="1042" VPOS="697" WIDTH="37"/>
						<String ID="P6_ST00047" HPOS="1079" VPOS="648" WIDTH="142" HEIGHT="33" CONTENT="soon" WC="1.00" CC="0000"/>
						<SP ID="P6_SP00041" HPOS="1221" VPOS="697" WIDTH="38"/>
						<String ID="P6_ST00048" HPOS="1259" VPOS="629" WIDTH="146" HEIGHT="51" CONTENT="after" WC="0.98" CC="07033"/>
						<SP ID="P6_SP00042" HPOS="1405" VPOS="697" WIDTH="36"/>
						<String ID="P6_ST00049" HPOS="1441" VPOS="627" WIDTH="71" HEIGHT="48" CONTENT="its" WC="0.98" CC="500"/>
						<SP ID="P6_SP00043" HPOS="1512" VPOS="697" WIDTH="37"/>
						<String ID="P6_ST00050" HPOS="1549" VPOS="620" WIDTH="322" HEIGHT="54" CONTENT="institution" WC="1.00" CC="50004010500"/>
						<SP ID="P6_SP00044" HPOS="1871" VPOS="697" WIDTH="38"/>
						<String ID="P6_ST00051" HPOS="1909" VPOS="620" WIDTH="120" HEIGHT="49" CONTENT="into" WC="0.97" CC="4802"/>
						<SP ID="P6_SP00045" HPOS="2029" VPOS="697" WIDTH="38"/>
						<String ID="P6_ST00052" HPOS="2067" VPOS="633" WIDTH="114" HEIGHT="34" CONTENT="com" SUBS_TYPE="HypPart1" SUBS_CONTENT="commercial" WC="0.99" CC="000"/>
						<HYP HPOS="2181" VPOS="633" WIDTH="38" CONTENT="-"/>
					</TextLine>
					<TextLine ID="P6_TL00008" HPOS="225" VPOS="684" WIDTH="1997" HEIGHT="80">
						<String ID="P6_ST00053" HPOS="225" VPOS="703" WIDTH="230" HEIGHT="52" CONTENT="mercial" SUBS_TYPE="HypPart2" SUBS_CONTENT="commercial" WC="0.98" CC="9570401"/>
						<SP ID="P6_SP00046" HPOS="455" VPOS="755" WIDTH="33"/>
						<String ID="P6_ST00054" HPOS="488" VPOS="699" WIDTH="391" HEIGHT="65" CONTENT="propositions" WC="0.99" CC="900040504500"/>
						<SP ID="P6_SP00047" HPOS="879" VPOS="764" WIDTH="37"/>
						<String ID="P6_ST00055" HPOS="916" VPOS="698" WIDTH="188" HEIGHT="48" CONTENT="linked" WC="0.98" CC="065060"/>
						<SP ID="P6_SP00048" HPOS="1104" VPOS="764" WIDTH="34"/>
						<String ID="P6_ST00056" HPOS="1138" VPOS="693" WIDTH="215" HEIGHT="61" CONTENT="closely" WC="0.99" CC="0600030"/>
						<SP ID="P6_SP00049" HPOS="1353" VPOS="764" WIDTH="34"/>
						<String ID="P6_ST00057" HPOS="1387" VPOS="690" WIDTH="136" HEIGHT="52" CONTENT="with" WC="0.99" CC="0400"/>
						<SP ID="P6_SP00050" HPOS="1523" VPOS="764" WIDTH="37"/>
						<String ID="P6_ST00058" HPOS="1560" VPOS="690" WIDTH="93" HEIGHT="48" CONTENT="the" WC="0.99" CC="030"/>
						<SP ID="P6_SP00051" HPOS="1653" VPOS="764" WIDTH="37"/>
						<String ID="P6_ST00059" HPOS="1690" VPOS="684" WIDTH="403" HEIGHT="57" CONTENT="demi-monde," WC="0.99" CC="00050028054"/>
						<SP ID="P6_SP00052" HPOS="2093" VPOS="764" WIDTH="36"/>
						<String ID="P6_ST00060" HPOS="2129" VPOS="684" WIDTH="62" HEIGHT="47" CONTENT="be" SUBS_TYPE="HypPart1" SUBS_CONTENT="becoming" WC="0.95" CC="66"/>
						<HYP HPOS="2191" VPOS="684" WIDTH="31" CONTENT="-"/>
					</TextLine>
					<TextLine ID="P6_TL00009" HPOS="221" VPOS="747" WIDTH="1998" HEIGHT="80">
						<String ID="P6_ST00061" HPOS="221" VPOS="769" WIDTH="234" HEIGHT="58" CONTENT="coming" SUBS_TYPE="HypPart2" SUBS_CONTENT="becoming" WC="0.98" CC="930600"/>
						<SP ID="P6_SP00053" HPOS="455" VPOS="827" WIDTH="42"/>
						<String ID="P6_ST00062" HPOS="497" VPOS="783" WIDTH="70" HEIGHT="34" CONTENT="an" WC="0.67" CC="06"/>
						<SP ID="P6_SP00054" HPOS="567" VPOS="827" WIDTH="44"/>
						<String ID="P6_ST00063" HPOS="611" VPOS="766" WIDTH="314" HEIGHT="61" CONTENT="important" WC="0.99" CC="500000980"/>
						<SP ID="P6_SP00055" HPOS="925" VPOS="827" WIDTH="42"/>
						<String ID="P6_ST00064" HPOS="967" VPOS="763" WIDTH="184" HEIGHT="49" CONTENT="factor" WC="0.99" CC="400013"/>
						<SP ID="P6_SP00056" HPOS="1151" VPOS="827" WIDTH="42"/>
						<String ID="P6_ST00065" HPOS="1193" VPOS="760" WIDTH="60" HEIGHT="50" CONTENT="of" WC="0.34" CC="57"/>
						<SP ID="P6_SP00057" HPOS="1253" VPOS="827" WIDTH="43"/>
						<String ID="P6_ST00066" HPOS="1296" VPOS="760" WIDTH="94" HEIGHT="47" CONTENT="the" WC="0.97" CC="060"/>
						<SP ID="P6_SP00058" HPOS="1390" VPOS="827" WIDTH="44"/>
						<String ID="P6_ST00067" HPOS="1434" VPOS="752" WIDTH="364" HEIGHT="59" CONTENT="not-healthy" WC="0.99" CC="64037005460"/>
						<SP ID="P6_SP00059" HPOS="1798" VPOS="827" WIDTH="44"/>
						<String ID="P6_ST00068" HPOS="1842" VPOS="750" WIDTH="108" HEIGHT="49" CONTENT="and" WC="0.97" CC="070"/>
						<SP ID="P6_SP00060" HPOS="1950" VPOS="827" WIDTH="44"/>
						<String ID="P6_ST00069" HPOS="1994" VPOS="747" WIDTH="193" HEIGHT="50" CONTENT="not-de" SUBS_TYPE="HypPart1" SUBS_CONTENT="not-desired" WC="0.79" CC="600203"/>
						<HYP HPOS="2187" VPOS="747" WIDTH="32" CONTENT="-"/>
					</TextLine>
					<TextLine ID="P6_TL00010" HPOS="226" VPOS="830" WIDTH="475" HEIGHT="62">
						<String ID="P6_ST00070" HPOS="226" VPOS="834" WIDTH="148" HEIGHT="49" CONTENT="sired" SUBS_TYPE="HypPart2" SUBS_CONTENT="not-desired" WC="0.95" CC="77378"/>
						<SP ID="P6_SP00061" HPOS="374" VPOS="883" WIDTH="33"/>
						<String ID="P6_ST00071" HPOS="407" VPOS="832" WIDTH="163" HEIGHT="60" CONTENT="night" WC="0.96" CC="82566"/>
						<SP ID="P6_SP00062" HPOS="570" VPOS="892" WIDTH="35"/>
						<String ID="P6_ST00072" HPOS="605" VPOS="830" WIDTH="96" HEIGHT="49" CONTENT="life" WC="0.94" CC="6787"/>
					</TextLine>
					<TextLine ID="P6_TL00011" HPOS="291" VPOS="876" WIDTH="1927" HEIGHT="72">
						<String ID="P6_ST00073" HPOS="291" VPOS="897" WIDTH="177" HEIGHT="51" CONTENT="What" WC="0.97" CC="0670"/>
						<SP ID="P6_SP00063" HPOS="468" VPOS="948" WIDTH="30"/>
						<String ID="P6_ST00074" HPOS="498" VPOS="911" WIDTH="116" HEIGHT="36" CONTENT="was" WC="0.98" CC="006"/>
						<SP ID="P6_SP00064" HPOS="614" VPOS="948" WIDTH="32"/>
						<String ID="P6_ST00075" HPOS="646" VPOS="895" WIDTH="94" HEIGHT="49" CONTENT="the" WC="0.99" CC="010"/>
						<SP ID="P6_SP00065" HPOS="740" VPOS="948" WIDTH="29"/>
						<String ID="P6_ST00076" HPOS="769" VPOS="893" WIDTH="194" HEIGHT="50" CONTENT="charm" WC="0.99" CC="07010"/>
						<SP ID="P6_SP00066" HPOS="963" VPOS="948" WIDTH="32"/>
						<String ID="P6_ST00077" HPOS="995" VPOS="891" WIDTH="121" HEIGHT="49" CONTENT="that" WC="0.98" CC="0700"/>
						<SP ID="P6_SP00067" HPOS="1116" VPOS="948" WIDTH="30"/>
						<String ID="P6_ST00078" HPOS="1146" VPOS="886" WIDTH="249" HEIGHT="60" CONTENT="brought" WC="0.99" CC="4100060"/>
						<SP ID="P6_SP00068" HPOS="1395" VPOS="948" WIDTH="29"/>
						<String ID="P6_ST00079" HPOS="1424" VPOS="895" WIDTH="107" HEIGHT="39" CONTENT="tout" WC="0.96" CC="0584"/>
						<SP ID="P6_SP00069" HPOS="1531" VPOS="948" WIDTH="28"/>
						<String ID="P6_ST00080" HPOS="1559" VPOS="881" WIDTH="150" HEIGHT="49" CONTENT="Paris" WC="0.98" CC="64043"/>
						<SP ID="P6_SP00070" HPOS="1709" VPOS="948" WIDTH="31"/>
						<String ID="P6_ST00081" HPOS="1740" VPOS="888" WIDTH="59" HEIGHT="41" CONTENT="to" WC="1.00" CC="00"/>
						<SP ID="P6_SP00071" HPOS="1799" VPOS="948" WIDTH="32"/>
						<String ID="P6_ST00082" HPOS="1831" VPOS="878" WIDTH="95" HEIGHT="51" CONTENT="the" WC="0.98" CC="040"/>
						<SP ID="P6_SP00072" HPOS="1926" VPOS="948" WIDTH="32"/>
						<String ID="P6_ST00083" HPOS="1958" VPOS="876" WIDTH="260" HEIGHT="50" CONTENT="cabaret?" WC="1.00" CC="00006000"/>
					</TextLine>
					<TextLine ID="P6_TL00012" HPOS="220" VPOS="939" WIDTH="2000" HEIGHT="83">
						<String ID="P6_ST00084" HPOS="220" VPOS="961" WIDTH="184" HEIGHT="51" CONTENT="-—this" WC="0.97" CC="680670"/>
						<SP ID="P6_SP00073" HPOS="404" VPOS="1012" WIDTH="36"/>
						<String ID="P6_ST00085" HPOS="440" VPOS="958" WIDTH="264" HEIGHT="64" CONTENT="peculiar," WC="0.99" CC="000677500"/>
						<SP ID="P6_SP00074" HPOS="704" VPOS="1022" WIDTH="38"/>
						<String ID="P6_ST00086" HPOS="742" VPOS="954" WIDTH="339" HEIGHT="52" CONTENT="indefinable" WC="0.99" CC="28053350150"/>
						<SP ID="P6_SP00075" HPOS="1081" VPOS="1022" WIDTH="37"/>
						<String ID="P6_ST00087" HPOS="1118" VPOS="953" WIDTH="194" HEIGHT="50" CONTENT="charm" WC="0.99" CC="07000"/>
						<SP ID="P6_SP00076" HPOS="1312" VPOS="1022" WIDTH="16"/>
						<String ID="P6_ST00088" HPOS="1328" VPOS="965" WIDTH="16" HEIGHT="33" CONTENT="r" WC="1.00" CC="9"/>
						<SP ID="P6_SP00077" HPOS="1344" VPOS="1022" WIDTH="74"/>
						<String ID="P6_ST00089" HPOS="1418" VPOS="946" WIDTH="296" HEIGHT="53" CONTENT="Wouldn't" WC="0.98" CC="00360809"/>
						<SP ID="P6_SP00078" HPOS="1714" VPOS="1022" WIDTH="35"/>
						<String ID="P6_ST00090" HPOS="1749" VPOS="959" WIDTH="113" HEIGHT="45" CONTENT="you" WC="0.98" CC="005"/>
						<SP ID="P6_SP00079" HPOS="1862" VPOS="1022" WIDTH="37"/>
						<String ID="P6_ST00091" HPOS="1899" VPOS="940" WIDTH="164" HEIGHT="51" CONTENT="think" WC="0.97" CC="07651"/>
						<SP ID="P6_SP00080" HPOS="2063" VPOS="1022" WIDTH="34"/>
						<String ID="P6_ST00092" HPOS="2097" VPOS="939" WIDTH="123" HEIGHT="50" CONTENT="that" WC="0.99" CC="0600"/>
					</TextLine>
					<TextLine ID="P6_TL00013" HPOS="227" VPOS="1005" WIDTH="1991" HEIGHT="81">
						<String ID="P6_ST00093" HPOS="227" VPOS="1028" WIDTH="93" HEIGHT="50" CONTENT="the" WC="0.97" CC="034"/>
						<SP ID="P6_SP00081" HPOS="320" VPOS="1078" WIDTH="50"/>
						<String ID="P6_ST00094" HPOS="370" VPOS="1026" WIDTH="189" HEIGHT="60" CONTENT="public" WC="0.98" CC="084260"/>
						<SP ID="P6_SP00082" HPOS="559" VPOS="1086" WIDTH="47"/>
						<String ID="P6_ST00095" HPOS="606" VPOS="1022" WIDTH="189" HEIGHT="52" CONTENT="would" WC="0.97" CC="04565"/>
						<SP ID="P6_SP00083" HPOS="795" VPOS="1086" WIDTH="47"/>
						<String ID="P6_ST00096" HPOS="842" VPOS="1020" WIDTH="194" HEIGHT="51" CONTENT="rather" WC="0.99" CC="400307"/>
						<SP ID="P6_SP00084" HPOS="1036" VPOS="1086" WIDTH="44"/>
						<String ID="P6_ST00097" HPOS="1080" VPOS="1017" WIDTH="244" HEIGHT="50" CONTENT="hesitate" WC="0.99" CC="55040064"/>
						<SP ID="P6_SP00085" HPOS="1324" VPOS="1086" WIDTH="48"/>
						<String ID="P6_ST00098" HPOS="1372" VPOS="1023" WIDTH="58" HEIGHT="41" CONTENT="to" WC="1.00" CC="00"/>
						<SP ID="P6_SP00086" HPOS="1430" VPOS="1086" WIDTH="49"/>
						<String ID="P6_ST00099" HPOS="1479" VPOS="1012" WIDTH="265" HEIGHT="59" CONTENT="frequent" WC="0.99" CC="46120060"/>
						<SP ID="P6_SP00087" HPOS="1744" VPOS="1086" WIDTH="46"/>
						<String ID="P6_ST00100" HPOS="1790" VPOS="1008" WIDTH="192" HEIGHT="61" CONTENT="places" WC="0.99" CC="020740"/>
						<SP ID="P6_SP00088" HPOS="1982" VPOS="1086" WIDTH="48"/>
						<String ID="P6_ST00101" HPOS="2030" VPOS="1005" WIDTH="188" HEIGHT="50" CONTENT="where" WC="0.97" CC="07451"/>
					</TextLine>
					<TextLine ID="P6_TL00014" HPOS="224" VPOS="1070" WIDTH="1996" HEIGHT="81">
						<String ID="P6_ST00102" HPOS="224" VPOS="1108" WIDTH="171" HEIGHT="43" CONTENT="every" WC="0.98" CC="66040"/>
						<SP ID="P6_SP00089" HPOS="395" VPOS="1151" WIDTH="40"/>
						<String ID="P6_ST00103" HPOS="435" VPOS="1106" WIDTH="129" HEIGHT="33" CONTENT="man" WC="0.98" CC="033"/>
						<SP ID="P6_SP00090" HPOS="564" VPOS="1151" WIDTH="41"/>
						<String ID="P6_ST00104" HPOS="605" VPOS="1097" WIDTH="57" HEIGHT="40" CONTENT="at" WC="1.00" CC="00"/>
						<SP ID="P6_SP00091" HPOS="662" VPOS="1151" WIDTH="38"/>
						<String ID="P6_ST00105" HPOS="700" VPOS="1086" WIDTH="87" HEIGHT="50" CONTENT="his" WC="0.94" CC="753"/>
						<SP ID="P6_SP00092" HPOS="787" VPOS="1151" WIDTH="39"/>
						<String ID="P6_ST00106" HPOS="826" VPOS="1084" WIDTH="262" HEIGHT="58" CONTENT="entering" WC="0.99" CC="05003470"/>
						<SP ID="P6_SP00093" HPOS="1088" VPOS="1151" WIDTH="36"/>
						<String ID="P6_ST00107" HPOS="1124" VPOS="1097" WIDTH="117" HEIGHT="34" CONTENT="was" WC="1.00" CC="000"/>
						<SP ID="P6_SP00094" HPOS="1241" VPOS="1151" WIDTH="41"/>
						<String ID="P6_ST00108" HPOS="1282" VPOS="1076" WIDTH="231" HEIGHT="64" CONTENT="greeted" WC="1.00" CC="0300000"/>
						<SP ID="P6_SP00095" HPOS="1513" VPOS="1151" WIDTH="41"/>
						<String ID="P6_ST00109" HPOS="1554" VPOS="1092" WIDTH="61" HEIGHT="33" CONTENT="as" WC="0.56" CC="80"/>
						<SP ID="P6_SP00096" HPOS="1615" VPOS="1151" WIDTH="42"/>
						<String ID="P6_ST00110" HPOS="1657" VPOS="1071" WIDTH="252" HEIGHT="51" CONTENT="'&#34;muffle&#34;" WC="0.99" CC="010033340"/>
						<SP ID="P6_SP00097" HPOS="1909" VPOS="1151" WIDTH="49"/>
						<String ID="P6_ST00111" HPOS="1958" VPOS="1070" WIDTH="262" HEIGHT="61" CONTENT="(clown)," WC="0.98" CC="30900726"/>
					</TextLine>
					<TextLine ID="P6_TL00015" HPOS="224" VPOS="1133" WIDTH="1996" HEIGHT="80">
						<String ID="P6_ST00112" HPOS="224" VPOS="1155" WIDTH="109" HEIGHT="51" CONTENT="and" WC="0.91" CC="977"/>
						<SP ID="P6_SP00098" HPOS="333" VPOS="1206" WIDTH="36"/>
						<String ID="P6_ST00113" HPOS="369" VPOS="1170" WIDTH="169" HEIGHT="43" CONTENT="every" WC="0.97" CC="70770"/>
						<SP ID="P6_SP00099" HPOS="538" VPOS="1213" WIDTH="36"/>
						<String ID="P6_ST00114" HPOS="574" VPOS="1151" WIDTH="130" HEIGHT="61" CONTENT="lady" WC="0.97" CC="6700"/>
						<SP ID="P6_SP00100" HPOS="704" VPOS="1213" WIDTH="34"/>
						<String ID="P6_ST00115" HPOS="738" VPOS="1166" WIDTH="61" HEIGHT="35" CONTENT="as" WC="1.00" CC="00"/>
						<SP ID="P6_SP00101" HPOS="799" VPOS="1213" WIDTH="36"/>
						<String ID="P6_ST00116" HPOS="835" VPOS="1146" WIDTH="281" HEIGHT="52" CONTENT='"binette"' WC="0.54" CC="083880083"/>
						<SP ID="P6_SP00102" HPOS="1116" VPOS="1213" WIDTH="43"/>
						<String ID="P6_ST00117" HPOS="1159" VPOS="1145" WIDTH="205" HEIGHT="60" CONTENT="(funny" WC="0.98" CC="046870"/>
						<SP ID="P6_SP00103" HPOS="1364" VPOS="1213" WIDTH="37"/>
						<String ID="P6_ST00118" HPOS="1401" VPOS="1140" WIDTH="162" HEIGHT="60" CONTENT="mug)" WC="0.97" CC="0392"/>
						<SP ID="P6_SP00104" HPOS="1563" VPOS="1213" WIDTH="41"/>
						<String ID="P6_ST00119" HPOS="1604" VPOS="1139" WIDTH="107" HEIGHT="49" CONTENT="and" WC="0.97" CC="080"/>
						<SP ID="P6_SP00105" HPOS="1711" VPOS="1213" WIDTH="73"/>
						<String ID="P6_ST00120" HPOS="1784" VPOS="1135" WIDTH="201" HEIGHT="61" CONTENT="gueule" WC="0.49" CC="008768"/>
						<SP ID="P6_SP00106" HPOS="1985" VPOS="1213" WIDTH="77"/>
						<String ID="P6_ST00121" HPOS="2062" VPOS="1133" WIDTH="127" HEIGHT="60" CONTENT="(gos" SUBS_TYPE="HypPart1" SUBS_CONTENT="(gossip)," WC="0.98" CC="0900"/>
						<HYP HPOS="2189" VPOS="1133" WIDTH="31" CONTENT="-"/>
					</TextLine>
					<TextLine ID="P6_TL00016" HPOS="227" VPOS="1197" WIDTH="1993" HEIGHT="83">
						<String ID="P6_ST00122" HPOS="227" VPOS="1220" WIDTH="134" HEIGHT="60" CONTENT="sip)," SUBS_TYPE="HypPart2" SUBS_CONTENT="(gossip)," WC="0.98" CC="16004"/>
						<SP ID="P6_SP00107" HPOS="361" VPOS="1280" WIDTH="45"/>
						<String ID="P6_ST00123" HPOS="406" VPOS="1234" WIDTH="59" HEIGHT="33" CONTENT="as" WC="1.00" CC="00"/>
						<SP ID="P6_SP00108" HPOS="465" VPOS="1280" WIDTH="46"/>
						<String ID="P6_ST00124" HPOS="511" VPOS="1217" WIDTH="41" HEIGHT="49" CONTENT="it" WC="0.68" CC="60"/>
						<SP ID="P6_SP00109" HPOS="552" VPOS="1280" WIDTH="44"/>
						<String ID="P6_ST00125" HPOS="596" VPOS="1212" WIDTH="296" HEIGHT="64" CONTENT="happened" WC="0.99" CC="40000600"/>
						<SP ID="P6_SP00110" HPOS="892" VPOS="1280" WIDTH="44"/>
						<String ID="P6_ST00126" HPOS="936" VPOS="1227" WIDTH="169" HEIGHT="42" CONTENT="every" WC="1.00" CC="00000"/>
						<SP ID="P6_SP00111" HPOS="1105" VPOS="1280" WIDTH="45"/>
						<String ID="P6_ST00127" HPOS="1150" VPOS="1208" WIDTH="164" HEIGHT="59" CONTENT="night" WC="0.98" CC="24060"/>
						<SP ID="P6_SP00112" HPOS="1314" VPOS="1280" WIDTH="43"/>
						<String ID="P6_ST00128" HPOS="1357" VPOS="1206" WIDTH="53" HEIGHT="49" CONTENT="in" WC="0.41" CC="37"/>
						<SP ID="P6_SP00113" HPOS="1410" VPOS="1280" WIDTH="47"/>
						<String ID="P6_ST00129" HPOS="1457" VPOS="1202" WIDTH="264" HEIGHT="52" CONTENT="Bruant's" WC="0.92" CC="00300030"/>
						<SP ID="P6_SP00114" HPOS="1721" VPOS="1280" WIDTH="46"/>
						<String ID="P6_ST00130" HPOS="1767" VPOS="1197" WIDTH="293" HEIGHT="52" CONTENT="Mirliton?" WC="0.79" CC="060240040"/>
						<SP ID="P6_SP00115" HPOS="2060" VPOS="1280" WIDTH="82"/>
						<String ID="P6_ST00131" HPOS="2142" VPOS="1197" WIDTH="78" HEIGHT="48" CONTENT="Of" WC="0.83" CC="03"/>
					</TextLine>
					<TextLine ID="P6_TL00017" HPOS="224" VPOS="1262" WIDTH="1995" HEIGHT="77">
						<String ID="P6_ST00132" HPOS="224" VPOS="1299" WIDTH="218" HEIGHT="40" CONTENT="course," WC="0.99" CC="3212000"/>
						<SP ID="P6_SP00116" HPOS="442" VPOS="1339" WIDTH="36"/>
						<String ID="P6_ST00133" HPOS="478" VPOS="1281" WIDTH="145" HEIGHT="51" CONTENT="Salis" WC="0.53" CC="27670"/>
						<SP ID="P6_SP00117" HPOS="623" VPOS="1339" WIDTH="34"/>
						<String ID="P6_ST00134" HPOS="657" VPOS="1276" WIDTH="312" HEIGHT="53" CONTENT="welcomed" WC="0.99" CC="00625000"/>
						<SP ID="P6_SP00118" HPOS="969" VPOS="1339" WIDTH="37"/>
						<String ID="P6_ST00135" HPOS="1006" VPOS="1274" WIDTH="85" HEIGHT="50" CONTENT="his" WC="0.96" CC="460"/>
						<SP ID="P6_SP00119" HPOS="1091" VPOS="1339" WIDTH="37"/>
						<String ID="P6_ST00136" HPOS="1128" VPOS="1281" WIDTH="196" HEIGHT="52" CONTENT="guests" WC="1.00" CC="010000"/>
						<SP ID="P6_SP00120" HPOS="1324" VPOS="1339" WIDTH="34"/>
						<String ID="P6_ST00137" HPOS="1358" VPOS="1269" WIDTH="161" HEIGHT="51" CONTENT="with:" WC="0.99" CC="00460"/>
						<SP ID="P6_SP00121" HPOS="1519" VPOS="1339" WIDTH="38"/>
						<String ID="P6_ST00138" HPOS="1557" VPOS="1268" WIDTH="127" HEIGHT="59" CONTENT='"my' WC="0.99" CC="200"/>
						<SP ID="P6_SP00122" HPOS="1684" VPOS="1339" WIDTH="36"/>
						<String ID="P6_ST00139" HPOS="1720" VPOS="1264" WIDTH="211" HEIGHT="63" CONTENT="prince," WC="0.99" CC="0050030"/>
						<SP ID="P6_SP00123" HPOS="1931" VPOS="1339" WIDTH="70"/>
						<String ID="P6_ST00140" HPOS="2001" VPOS="1263" WIDTH="97" HEIGHT="48" CONTENT="but" WC="0.95" CC="560"/>
						<SP ID="P6_SP00124" HPOS="2098" VPOS="1339" WIDTH="35"/>
						<String ID="P6_ST00141" HPOS="2133" VPOS="1262" WIDTH="86" HEIGHT="47" CONTENT="his" WC="0.95" CC="670"/>
					</TextLine>
					<TextLine ID="P6_TL00018" HPOS="225" VPOS="1327" WIDTH="1995" HEIGHT="73">
						<String ID="P6_ST00142" HPOS="225" VPOS="1365" WIDTH="117" HEIGHT="33" CONTENT="was" WC="0.97" CC="800"/>
						<SP ID="P6_SP00125" HPOS="342" VPOS="1398" WIDTH="43"/>
						<String ID="P6_ST00143" HPOS="385" VPOS="1347" WIDTH="94" HEIGHT="51" CONTENT="the" WC="0.96" CC="064"/>
						<SP ID="P6_SP00126" HPOS="479" VPOS="1398" WIDTH="46"/>
						<String ID="P6_ST00144" HPOS="525" VPOS="1361" WIDTH="155" HEIGHT="34" CONTENT="same" WC="0.99" CC="0500"/>
						<SP ID="P6_SP00127" HPOS="680" VPOS="1398" WIDTH="44"/>
						<String ID="P6_ST00145" HPOS="724" VPOS="1348" WIDTH="295" HEIGHT="52" CONTENT="contempt" WC="1.00" CC="02400000"/>
						<SP ID="P6_SP00128" HPOS="1019" VPOS="1400" WIDTH="43"/>
						<String ID="P6_ST00146" HPOS="1062" VPOS="1338" WIDTH="90" HEIGHT="51" CONTENT="for" WC="0.95" CC="608"/>
						<SP ID="P6_SP00129" HPOS="1152" VPOS="1400" WIDTH="44"/>
						<String ID="P6_ST00147" HPOS="1196" VPOS="1338" WIDTH="92" HEIGHT="48" CONTENT="the" WC="0.98" CC="051"/>
						<SP ID="P6_SP00130" HPOS="1288" VPOS="1400" WIDTH="43"/>
						<String ID="P6_ST00148" HPOS="1331" VPOS="1334" WIDTH="293" HEIGHT="64" CONTENT="Philistines" WC="1.00" CC="50000000255"/>
						<SP ID="P6_SP00131" HPOS="1624" VPOS="1400" WIDTH="44"/>
						<String ID="P6_ST00149" HPOS="1668" VPOS="1347" WIDTH="61" HEIGHT="33" CONTENT="as" WC="1.00" CC="00"/>
						<SP ID="P6_SP00132" HPOS="1729" VPOS="1400" WIDTH="44"/>
						<String ID="P6_ST00150" HPOS="1773" VPOS="1330" WIDTH="54" HEIGHT="49" CONTENT="in" WC="0.51" CC="36"/>
						<SP ID="P6_SP00133" HPOS="1827" VPOS="1400" WIDTH="44"/>
						<String ID="P6_ST00151" HPOS="1871" VPOS="1329" WIDTH="95" HEIGHT="48" CONTENT="the" WC="0.98" CC="060"/>
						<SP ID="P6_SP00134" HPOS="1966" VPOS="1400" WIDTH="44"/>
						<String ID="P6_ST00152" HPOS="2010" VPOS="1327" WIDTH="175" HEIGHT="58" CONTENT="rough" SUBS_TYPE="HypPart1" SUBS_CONTENT="roughness" WC="0.99" CC="40602"/>
						<HYP HPOS="2185" VPOS="1327" WIDTH="35" CONTENT="-"/>
					</TextLine>
					<TextLine ID="P6_TL00019" HPOS="225" VPOS="1390" WIDTH="1993" HEIGHT="77">
						<String ID="P6_ST00153" HPOS="225" VPOS="1428" WIDTH="131" HEIGHT="34" CONTENT="ness" SUBS_TYPE="HypPart2" SUBS_CONTENT="roughness" WC="0.95" CC="7706"/>
						<SP ID="P6_SP00135" HPOS="356" VPOS="1462" WIDTH="33"/>
						<String ID="P6_ST00154" HPOS="389" VPOS="1410" WIDTH="61" HEIGHT="51" CONTENT="of" WC="0.71" CC="05"/>
						<SP ID="P6_SP00136" HPOS="450" VPOS="1462" WIDTH="33"/>
						<String ID="P6_ST00155" HPOS="483" VPOS="1412" WIDTH="231" HEIGHT="55" CONTENT="Bruant," WC="0.53" CC="0649704"/>
						<SP ID="P6_SP00137" HPOS="714" VPOS="1467" WIDTH="32"/>
						<String ID="P6_ST00156" HPOS="746" VPOS="1407" WIDTH="129" HEIGHT="49" CONTENT="who" WC="0.98" CC="040"/>
						<SP ID="P6_SP00138" HPOS="875" VPOS="1467" WIDTH="34"/>
						<String ID="P6_ST00157" HPOS="909" VPOS="1403" WIDTH="187" HEIGHT="52" CONTENT="would" WC="0.98" CC="05540"/>
						<SP ID="P6_SP00139" HPOS="1096" VPOS="1467" WIDTH="36"/>
						<String ID="P6_ST00158" HPOS="1132" VPOS="1403" WIDTH="279" HEIGHT="57" CONTENT="interrupt" WC="0.98" CC="780776100"/>
						<SP ID="P6_SP00140" HPOS="1411" VPOS="1467" WIDTH="35"/>
						<String ID="P6_ST00159" HPOS="1446" VPOS="1398" WIDTH="85" HEIGHT="49" CONTENT="his" WC="0.97" CC="160"/>
						<SP ID="P6_SP00141" HPOS="1531" VPOS="1467" WIDTH="37"/>
						<String ID="P6_ST00160" HPOS="1568" VPOS="1412" WIDTH="161" HEIGHT="43" CONTENT="song," WC="0.98" CC="02800"/>
						<SP ID="P6_SP00142" HPOS="1729" VPOS="1467" WIDTH="35"/>
						<String ID="P6_ST00161" HPOS="1764" VPOS="1393" WIDTH="233" HEIGHT="61" CONTENT="turning" WC="0.96" CC="9688979"/>
						<SP ID="P6_SP00143" HPOS="1997" VPOS="1467" WIDTH="33"/>
						<String ID="P6_ST00162" HPOS="2030" VPOS="1399" WIDTH="58" HEIGHT="42" CONTENT="to" WC="1.00" CC="00"/>
						<SP ID="P6_SP00144" HPOS="2088" VPOS="1467" WIDTH="36"/>
						<String ID="P6_ST00163" HPOS="2124" VPOS="1390" WIDTH="94" HEIGHT="50" CONTENT="the" WC="0.95" CC="077"/>
					</TextLine>
					<TextLine ID="P6_TL00020" HPOS="224" VPOS="1457" WIDTH="1994" HEIGHT="71">
						<String ID="P6_ST00164" HPOS="224" VPOS="1492" WIDTH="130" HEIGHT="34" CONTENT="man" WC="0.94" CC="097"/>
						<SP ID="P6_SP00145" HPOS="354" VPOS="1526" WIDTH="43"/>
						<String ID="P6_ST00165" HPOS="397" VPOS="1474" WIDTH="129" HEIGHT="51" CONTENT="who" WC="0.96" CC="064"/>
						<SP ID="P6_SP00146" HPOS="526" VPOS="1526" WIDTH="60"/>
						<String ID="P6_ST00166" HPOS="586" VPOS="1471" WIDTH="108" HEIGHT="50" CONTENT="had" WC="0.97" CC="700"/>
						<SP ID="P6_SP00147" HPOS="694" VPOS="1526" WIDTH="58"/>
						<String ID="P6_ST00167" HPOS="752" VPOS="1467" WIDTH="319" HEIGHT="61" CONTENT="whispered" WC="0.99" CC="075007530"/>
						<SP ID="P6_SP00148" HPOS="1071" VPOS="1528" WIDTH="61"/>
						<String ID="P6_ST00168" HPOS="1132" VPOS="1474" WIDTH="60" HEIGHT="40" CONTENT="to" WC="1.00" CC="00"/>
						<SP ID="P6_SP00149" HPOS="1192" VPOS="1528" WIDTH="59"/>
						<String ID="P6_ST00169" HPOS="1251" VPOS="1465" WIDTH="87" HEIGHT="48" CONTENT="his" WC="0.94" CC="753"/>
						<SP ID="P6_SP00150" HPOS="1338" VPOS="1528" WIDTH="59"/>
						<String ID="P6_ST00170" HPOS="1397" VPOS="1461" WIDTH="296" HEIGHT="61" CONTENT="neighbor," WC="0.98" CC="805964263"/>
						<SP ID="P6_SP00151" HPOS="1693" VPOS="1528" WIDTH="44"/>
						<String ID="P6_ST00171" HPOS="1737" VPOS="1457" WIDTH="179" HEIGHT="51" CONTENT='"Shut' WC="0.99" CC="30600"/>
						<SP ID="P6_SP00152" HPOS="1916" VPOS="1528" WIDTH="59"/>
						<String ID="P6_ST00172" HPOS="1975" VPOS="1473" WIDTH="89" HEIGHT="43" CONTENT="up," WC="0.98" CC="400"/>
						<SP ID="P6_SP00153" HPOS="2064" VPOS="1528" WIDTH="42"/>
						<String ID="P6_ST00173" HPOS="2106" VPOS="1469" WIDTH="112" HEIGHT="45" CONTENT="you" WC="0.95" CC="086"/>
					</TextLine>
					<TextLine ID="P6_TL00021" HPOS="224" VPOS="1518" WIDTH="1995" HEIGHT="80">
						<String ID="P6_ST00174" HPOS="224" VPOS="1542" WIDTH="177" HEIGHT="56" CONTENT="beast," WC="0.98" CC="750004"/>
						<SP ID="P6_SP00154" HPOS="401" VPOS="1598" WIDTH="33"/>
						<String ID="P6_ST00175" HPOS="434" VPOS="1539" WIDTH="41" HEIGHT="48" CONTENT="if" WC="0.68" CC="23"/>
						<SP ID="P6_SP00155" HPOS="475" VPOS="1598" WIDTH="33"/>
						<String ID="P6_ST00176" HPOS="508" VPOS="1539" WIDTH="22" HEIGHT="47" CONTENT="I" WC="0.76" CC="2"/>
						<SP ID="P6_SP00156" HPOS="530" VPOS="1598" WIDTH="36"/>
						<String ID="P6_ST00177" HPOS="566" VPOS="1553" WIDTH="89" HEIGHT="33" CONTENT="am" WC="1.00" CC="00"/>
						<SP ID="P6_SP00157" HPOS="655" VPOS="1598" WIDTH="34"/>
						<String ID="P6_ST00178" HPOS="689" VPOS="1532" WIDTH="277" HEIGHT="61" CONTENT='singing."' WC="0.99" CC="068045040"/>
						<SP ID="P6_SP00158" HPOS="966" VPOS="1598" WIDTH="68"/>
						<String ID="P6_ST00179" HPOS="1034" VPOS="1530" WIDTH="130" HEIGHT="49" CONTENT="And" WC="0.97" CC="080"/>
						<SP ID="P6_SP00159" HPOS="1164" VPOS="1598" WIDTH="34"/>
						<String ID="P6_ST00180" HPOS="1198" VPOS="1528" WIDTH="132" HEIGHT="58" CONTENT="still," WC="0.98" CC="005554"/>
						<SP ID="P6_SP00160" HPOS="1330" VPOS="1598" WIDTH="33"/>
						<String ID="P6_ST00181" HPOS="1363" VPOS="1527" WIDTH="94" HEIGHT="48" CONTENT="the" WC="1.00" CC="000"/>
						<SP ID="P6_SP00161" HPOS="1457" VPOS="1598" WIDTH="36"/>
						<String ID="P6_ST00182" HPOS="1493" VPOS="1532" WIDTH="151" HEIGHT="42" CONTENT="most" WC="1.00" CC="0001"/>
						<SP ID="P6_SP00162" HPOS="1644" VPOS="1598" WIDTH="34"/>
						<String ID="P6_ST00183" HPOS="1678" VPOS="1521" WIDTH="287" HEIGHT="52" CONTENT="exclusive" WC="1.00" CC="030020700"/>
						<SP ID="P6_SP00163" HPOS="1965" VPOS="1598" WIDTH="36"/>
						<String ID="P6_ST00184" HPOS="2001" VPOS="1518" WIDTH="218" HEIGHT="60" CONTENT="society" WC="1.00" CC="0005010"/>
					</TextLine>
					<TextLine ID="P6_TL00022" HPOS="224" VPOS="1583" WIDTH="1994" HEIGHT="72">
						<String ID="P6_ST00185" HPOS="224" VPOS="1605" WIDTH="61" HEIGHT="50" CONTENT="of" WC="0.22" CC="95"/>
						<SP ID="P6_SP00164" HPOS="285" VPOS="1655" WIDTH="44"/>
						<String ID="P6_ST00186" HPOS="329" VPOS="1602" WIDTH="160" HEIGHT="51" CONTENT="Paris" WC="0.98" CC="54150"/>
						<SP ID="P6_SP00165" HPOS="489" VPOS="1655" WIDTH="46"/>
						<String ID="P6_ST00187" HPOS="535" VPOS="1617" WIDTH="116" HEIGHT="35" CONTENT="was" WC="0.98" CC="005"/>
						<SP ID="P6_SP00166" HPOS="651" VPOS="1655" WIDTH="44"/>
						<String ID="P6_ST00188" HPOS="695" VPOS="1598" WIDTH="240" HEIGHT="51" CONTENT="anxious" WC="0.98" CC="0556152"/>
						<SP ID="P6_SP00167" HPOS="935" VPOS="1655" WIDTH="46"/>
						<String ID="P6_ST00189" HPOS="981" VPOS="1605" WIDTH="60" HEIGHT="40" CONTENT="to" WC="1.00" CC="00"/>
						<SP ID="P6_SP00168" HPOS="1041" VPOS="1655" WIDTH="45"/>
						<String ID="P6_ST00190" HPOS="1086" VPOS="1593" WIDTH="129" HEIGHT="61" CONTENT="gain" WC="0.95" CC="7057"/>
						<SP ID="P6_SP00169" HPOS="1215" VPOS="1655" WIDTH="47"/>
						<String ID="P6_ST00191" HPOS="1262" VPOS="1611" WIDTH="29" HEIGHT="30" CONTENT="a" WC="1.00" CC="0"/>
						<SP ID="P6_SP00170" HPOS="1291" VPOS="1655" WIDTH="45"/>
						<String ID="P6_ST00192" HPOS="1336" VPOS="1592" WIDTH="176" HEIGHT="49" CONTENT="ticket" WC="0.99" CC="030030"/>
						<SP ID="P6_SP00171" HPOS="1512" VPOS="1655" WIDTH="44"/>
						<String ID="P6_ST00193" HPOS="1556" VPOS="1589" WIDTH="60" HEIGHT="50" CONTENT="of" WC="0.65" CC="06"/>
						<SP ID="P6_SP00172" HPOS="1616" VPOS="1655" WIDTH="44"/>
						<String ID="P6_ST00194" HPOS="1660" VPOS="1587" WIDTH="311" HEIGHT="51" CONTENT="admission" WC="1.00" CC="010300205"/>
						<SP ID="P6_SP00173" HPOS="1971" VPOS="1655" WIDTH="47"/>
						<String ID="P6_ST00195" HPOS="2018" VPOS="1593" WIDTH="60" HEIGHT="41" CONTENT="to" WC="0.94" CC="01"/>
						<SP ID="P6_SP00174" HPOS="2078" VPOS="1655" WIDTH="45"/>
						<String ID="P6_ST00196" HPOS="2123" VPOS="1583" WIDTH="95" HEIGHT="50" CONTENT="the" WC="0.98" CC="050"/>
					</TextLine>
					<TextLine ID="P6_TL00023" HPOS="224" VPOS="1649" WIDTH="1996" HEIGHT="80">
						<String ID="P6_ST00197" HPOS="224" VPOS="1668" WIDTH="126" HEIGHT="61" CONTENT="gala" WC="0.96" CC="6067"/>
						<SP ID="P6_SP00175" HPOS="350" VPOS="1729" WIDTH="34"/>
						<String ID="P6_ST00198" HPOS="384" VPOS="1666" WIDTH="272" HEIGHT="58" CONTENT="evenings" WC="0.99" CC="00070800"/>
						<SP ID="P6_SP00176" HPOS="656" VPOS="1729" WIDTH="35"/>
						<String ID="P6_ST00199" HPOS="691" VPOS="1663" WIDTH="60" HEIGHT="50" CONTENT="of" WC="0.65" CC="06"/>
						<SP ID="P6_SP00177" HPOS="751" VPOS="1729" WIDTH="33"/>
						<String ID="P6_ST00200" HPOS="784" VPOS="1661" WIDTH="146" HEIGHT="52" CONTENT="Salis" WC="0.72" CC="00354"/>
						<SP ID="P6_SP00178" HPOS="930" VPOS="1729" WIDTH="36"/>
						<String ID="P6_ST00201" HPOS="966" VPOS="1659" WIDTH="53" HEIGHT="50" CONTENT="in" WC="0.27" CC="68"/>
						<SP ID="P6_SP00179" HPOS="1019" VPOS="1729" WIDTH="36"/>
						<String ID="P6_ST00202" HPOS="1055" VPOS="1655" WIDTH="309" HEIGHT="54" CONTENT='the"Chat' WC="0.99" CC="02046400"/>
						<SP ID="P6_SP00180" HPOS="1364" VPOS="1729" WIDTH="35"/>
						<String ID="P6_ST00203" HPOS="1399" VPOS="1653" WIDTH="191" HEIGHT="60" CONTENT='Noir,"' WC="0.76" CC="005044"/>
						<SP ID="P6_SP00181" HPOS="1590" VPOS="1729" WIDTH="36"/>
						<String ID="P6_ST00204" HPOS="1626" VPOS="1652" WIDTH="109" HEIGHT="49" CONTENT="and" WC="0.97" CC="080"/>
						<SP ID="P6_SP00182" HPOS="1735" VPOS="1729" WIDTH="35"/>
						<String ID="P6_ST00205" HPOS="1770" VPOS="1667" WIDTH="73" HEIGHT="34" CONTENT="on" WC="0.35" CC="48"/>
						<SP ID="P6_SP00183" HPOS="1843" VPOS="1729" WIDTH="37"/>
						<String ID="P6_ST00206" HPOS="1880" VPOS="1649" WIDTH="137" HEIGHT="50" CONTENT="such" WC="0.98" CC="0306"/>
						<SP ID="P6_SP00184" HPOS="2017" VPOS="1729" WIDTH="37"/>
						<String ID="P6_ST00207" HPOS="2054" VPOS="1663" WIDTH="133" HEIGHT="34" CONTENT="even" SUBS_TYPE="HypPart1" SUBS_CONTENT="evenings" WC="0.98" CC="0008"/>
						<HYP HPOS="2187" VPOS="1663" WIDTH="33" CONTENT="-"/>
					</TextLine>
					<TextLine ID="P6_TL00024" HPOS="223" VPOS="1714" WIDTH="1995" HEIGHT="79">
						<String ID="P6_ST00208" HPOS="223" VPOS="1733" WIDTH="125" HEIGHT="60" CONTENT="ings" SUBS_TYPE="HypPart2" SUBS_CONTENT="evenings" WC="0.95" CC="6873"/>
						<SP ID="P6_SP00185" HPOS="348" VPOS="1793" WIDTH="37"/>
						<String ID="P6_ST00209" HPOS="385" VPOS="1732" WIDTH="96" HEIGHT="49" CONTENT="the" WC="0.97" CC="070"/>
						<SP ID="P6_SP00186" HPOS="481" VPOS="1793" WIDTH="35"/>
						<String ID="P6_ST00210" HPOS="516" VPOS="1744" WIDTH="156" HEIGHT="36" CONTENT="same" WC="1.00" CC="0000"/>
						<SP ID="P6_SP00187" HPOS="672" VPOS="1793" WIDTH="37"/>
						<String ID="P6_ST00211" HPOS="709" VPOS="1725" WIDTH="285" HEIGHT="60" CONTENT="carriages" WC="0.99" CC="005130004"/>
						<SP ID="P6_SP00188" HPOS="994" VPOS="1793" WIDTH="38"/>
						<String ID="P6_ST00212" HPOS="1032" VPOS="1723" WIDTH="136" HEIGHT="49" CONTENT="witli" WC="0.51" CC="05089"/>
						<SP ID="P6_SP00189" HPOS="1168" VPOS="1793" WIDTH="39"/>
						<String ID="P6_ST00213" HPOS="1207" VPOS="1720" WIDTH="231" HEIGHT="50" CONTENT="liveried" WC="1.00" CC="00000500"/>
						<SP ID="P6_SP00190" HPOS="1438" VPOS="1793" WIDTH="38"/>
						<String ID="P6_ST00214" HPOS="1476" VPOS="1719" WIDTH="259" HEIGHT="48" CONTENT="footmen" WC="0.99" CC="5026000"/>
						<SP ID="P6_SP00191" HPOS="1735" VPOS="1793" WIDTH="40"/>
						<String ID="P6_ST00215" HPOS="1775" VPOS="1714" WIDTH="165" HEIGHT="51" CONTENT="could" WC="0.99" CC="00060"/>
						<SP ID="P6_SP00192" HPOS="1940" VPOS="1793" WIDTH="39"/>
						<String ID="P6_ST00216" HPOS="1979" VPOS="1714" WIDTH="67" HEIGHT="48" CONTENT="be" WC="0.47" CC="63"/>
						<SP ID="P6_SP00193" HPOS="2046" VPOS="1793" WIDTH="40"/>
						<String ID="P6_ST00217" HPOS="2086" VPOS="1728" WIDTH="132" HEIGHT="33" CONTENT="seen" WC="0.99" CC="0004"/>
					</TextLine>
					<TextLine ID="P6_TL00025" HPOS="225" VPOS="1776" WIDTH="1993" HEIGHT="70">
						<String ID="P6_ST00218" HPOS="225" VPOS="1798" WIDTH="51" HEIGHT="48" CONTENT="in" WC="0.39" CC="75"/>
						<SP ID="P6_SP00194" HPOS="276" VPOS="1846" WIDTH="42"/>
						<String ID="P6_ST00219" HPOS="318" VPOS="1796" WIDTH="159" HEIGHT="50" CONTENT="front" WC="0.99" CC="00440"/>
						<SP ID="P6_SP00195" HPOS="477" VPOS="1846" WIDTH="38"/>
						<String ID="P6_ST00220" HPOS="515" VPOS="1794" WIDTH="59" HEIGHT="51" CONTENT="of" WC="0.44" CC="46"/>
						<SP ID="P6_SP00196" HPOS="574" VPOS="1846" WIDTH="41"/>
						<String ID="P6_ST00221" HPOS="615" VPOS="1794" WIDTH="94" HEIGHT="49" CONTENT="the" WC="0.97" CC="062"/>
						<SP ID="P6_SP00197" HPOS="709" VPOS="1846" WIDTH="42"/>
						<String ID="P6_ST00222" HPOS="751" VPOS="1790" WIDTH="212" HEIGHT="50" CONTENT='"Black' WC="0.99" CC="405000"/>
						<SP ID="P6_SP00198" HPOS="963" VPOS="1846" WIDTH="41"/>
						<String ID="P6_ST00223" HPOS="1004" VPOS="1788" WIDTH="136" HEIGHT="50" CONTENT='Cat"' WC="0.97" CC="4007"/>
						<SP ID="P6_SP00199" HPOS="1140" VPOS="1846" WIDTH="43"/>
						<String ID="P6_ST00224" HPOS="1183" VPOS="1803" WIDTH="61" HEIGHT="33" CONTENT="as" WC="1.00" CC="00"/>
						<SP ID="P6_SP00200" HPOS="1244" VPOS="1846" WIDTH="40"/>
						<String ID="P6_ST00225" HPOS="1284" VPOS="1801" WIDTH="74" HEIGHT="34" CONTENT="on" WC="0.51" CC="27"/>
						<SP ID="P6_SP00201" HPOS="1358" VPOS="1846" WIDTH="42"/>
						<String ID="P6_ST00226" HPOS="1400" VPOS="1784" WIDTH="95" HEIGHT="49" CONTENT="the" WC="0.97" CC="060"/>
						<SP ID="P6_SP00202" HPOS="1495" VPOS="1846" WIDTH="42"/>
						<String ID="P6_ST00227" HPOS="1537" VPOS="1782" WIDTH="127" HEIGHT="60" CONTENT="gala" WC="0.98" CC="1060"/>
						<SP ID="P6_SP00203" HPOS="1664" VPOS="1846" WIDTH="42"/>
						<String ID="P6_ST00228" HPOS="1706" VPOS="1779" WIDTH="273" HEIGHT="59" CONTENT="evenings" WC="0.99" CC="00085700"/>
						<SP ID="P6_SP00204" HPOS="1979" VPOS="1846" WIDTH="42"/>
						<String ID="P6_ST00229" HPOS="2021" VPOS="1776" WIDTH="197" HEIGHT="51" CONTENT="before" WC="0.99" CC="101050"/>
					</TextLine>
					<TextLine ID="P6_TL00026" HPOS="223" VPOS="1859" WIDTH="536" HEIGHT="61">
						<String ID="P6_ST00230" HPOS="223" VPOS="1861" WIDTH="94" HEIGHT="50" CONTENT="the" WC="0.98" CC="410"/>
						<SP ID="P6_SP00205" HPOS="317" VPOS="1911" WIDTH="37"/>
						<String ID="P6_ST00231" HPOS="354" VPOS="1859" WIDTH="180" HEIGHT="61" CONTENT="grand" WC="0.99" CC="05010"/>
						<SP ID="P6_SP00206" HPOS="534" VPOS="1920" WIDTH="37"/>
						<String ID="P6_ST00232" HPOS="571" VPOS="1873" WIDTH="188" HEIGHT="44" CONTENT="opera." WC="0.98" CC="306184"/>
					</TextLine>
					<TextLine ID="P6_TL00027" HPOS="289" VPOS="1909" WIDTH="1931" HEIGHT="73">
						<String ID="P6_ST00233" HPOS="289" VPOS="1925" WIDTH="123" HEIGHT="49" CONTENT="The" WC="1.00" CC="010"/>
						<SP ID="P6_SP00207" HPOS="412" VPOS="1974" WIDTH="32"/>
						<String ID="P6_ST00234" HPOS="444" VPOS="1940" WIDTH="141" HEIGHT="42" CONTENT="new," WC="0.97" CC="1092"/>
						<SP ID="P6_SP00208" HPOS="585" VPOS="1982" WIDTH="34"/>
						<String ID="P6_ST00235" HPOS="619" VPOS="1922" WIDTH="94" HEIGHT="50" CONTENT="the" WC="0.97" CC="260"/>
						<SP ID="P6_SP00209" HPOS="713" VPOS="1982" WIDTH="33"/>
						<String ID="P6_ST00236" HPOS="746" VPOS="1936" WIDTH="108" HEIGHT="34" CONTENT="one" WC="0.97" CC="080"/>
						<SP ID="P6_SP00210" HPOS="854" VPOS="1982" WIDTH="34"/>
						<String ID="P6_ST00237" HPOS="888" VPOS="1917" WIDTH="164" HEIGHT="60" CONTENT="thing" WC="0.97" CC="36480"/>
						<SP ID="P6_SP00211" HPOS="1052" VPOS="1982" WIDTH="33"/>
						<String ID="P6_ST00238" HPOS="1085" VPOS="1916" WIDTH="124" HEIGHT="49" CONTENT="that" WC="0.98" CC="0700"/>
						<SP ID="P6_SP00212" HPOS="1209" VPOS="1982" WIDTH="34"/>
						<String ID="P6_ST00239" HPOS="1243" VPOS="1912" WIDTH="227" HEIGHT="52" CONTENT="seemed" WC="1.00" CC="000000"/>
						<SP ID="P6_SP00213" HPOS="1470" VPOS="1982" WIDTH="34"/>
						<String ID="P6_ST00240" HPOS="1504" VPOS="1920" WIDTH="59" HEIGHT="40" CONTENT="to" WC="1.00" CC="00"/>
						<SP ID="P6_SP00214" HPOS="1563" VPOS="1982" WIDTH="34"/>
						<String ID="P6_ST00241" HPOS="1597" VPOS="1916" WIDTH="320" HEIGHT="53" CONTENT="magnetize" WC="0.99" CC="080500560"/>
						<SP ID="P6_SP00215" HPOS="1917" VPOS="1982" WIDTH="37"/>
						<String ID="P6_ST00242" HPOS="1954" VPOS="1909" WIDTH="95" HEIGHT="47" CONTENT="the" WC="0.98" CC="004"/>
						<SP ID="P6_SP00216" HPOS="2049" VPOS="1982" WIDTH="34"/>
						<String ID="P6_ST00243" HPOS="2083" VPOS="1909" WIDTH="103" HEIGHT="58" CONTENT="pub" SUBS_TYPE="HypPart1" SUBS_CONTENT="public" WC="0.99" CC="003"/>
						<HYP HPOS="2186" VPOS="1909" WIDTH="34" CONTENT="-"/>
					</TextLine>
					<TextLine ID="P6_TL00028" HPOS="224" VPOS="1972" WIDTH="1995" HEIGHT="72">
						<String ID="P6_ST00244" HPOS="224" VPOS="1989" WIDTH="70" HEIGHT="51" CONTENT="lic" SUBS_TYPE="HypPart2" SUBS_CONTENT="public" WC="0.95" CC="570"/>
						<SP ID="P6_SP00217" HPOS="294" VPOS="2040" WIDTH="34"/>
						<String ID="P6_ST00245" HPOS="328" VPOS="2005" WIDTH="142" HEIGHT="35" CONTENT="was:" WC="0.99" CC="0006"/>
						<SP ID="P6_SP00218" HPOS="470" VPOS="2040" WIDTH="37"/>
						<String ID="P6_ST00246" HPOS="507" VPOS="1987" WIDTH="135" HEIGHT="49" CONTENT="here" WC="0.95" CC="6365"/>
						<SP ID="P6_SP00219" HPOS="642" VPOS="2040" WIDTH="37"/>
						<String ID="P6_ST00247" HPOS="679" VPOS="1986" WIDTH="134" HEIGHT="58" CONTENT="they" WC="0.98" CC="0730"/>
						<SP ID="P6_SP00220" HPOS="813" VPOS="2044" WIDTH="37"/>
						<String ID="P6_ST00248" HPOS="850" VPOS="1982" WIDTH="166" HEIGHT="51" CONTENT="could" WC="0.99" CC="00540"/>
						<SP ID="P6_SP00221" HPOS="1016" VPOS="2044" WIDTH="39"/>
						<String ID="P6_ST00249" HPOS="1055" VPOS="1987" WIDTH="149" HEIGHT="42" CONTENT="meet" WC="0.99" CC="0040"/>
						<SP ID="P6_SP00222" HPOS="1204" VPOS="2044" WIDTH="37"/>
						<String ID="P6_ST00250" HPOS="1241" VPOS="1978" WIDTH="123" HEIGHT="50" CONTENT="face" WC="0.98" CC="3004"/>
						<SP ID="P6_SP00223" HPOS="1364" VPOS="2044" WIDTH="37"/>
						<String ID="P6_ST00251" HPOS="1401" VPOS="1986" WIDTH="60" HEIGHT="40" CONTENT="to" WC="0.53" CC="53"/>
						<SP ID="P6_SP00224" HPOS="1461" VPOS="2044" WIDTH="38"/>
						<String ID="P6_ST00252" HPOS="1499" VPOS="1975" WIDTH="121" HEIGHT="50" CONTENT="face" WC="1.00" CC="0002"/>
						<SP ID="P6_SP00225" HPOS="1620" VPOS="2044" WIDTH="39"/>
						<String ID="P6_ST00253" HPOS="1659" VPOS="1975" WIDTH="94" HEIGHT="49" CONTENT="the" WC="0.97" CC="070"/>
						<SP ID="P6_SP00226" HPOS="1753" VPOS="2044" WIDTH="38"/>
						<String ID="P6_ST00254" HPOS="1791" VPOS="1972" WIDTH="196" HEIGHT="49" CONTENT="artists" WC="0.99" CC="9144000"/>
						<SP ID="P6_SP00227" HPOS="1987" VPOS="2044" WIDTH="38"/>
						<String ID="P6_ST00255" HPOS="2025" VPOS="1972" WIDTH="194" HEIGHT="48" CONTENT="whose" WC="0.99" CC="05003"/>
					</TextLine>
					<TextLine ID="P6_TL00029" HPOS="224" VPOS="2033" WIDTH="1995" HEIGHT="71">
						<String ID="P6_ST00256" HPOS="224" VPOS="2053" WIDTH="188" HEIGHT="51" CONTENT="works" WC="0.99" CC="80000"/>
						<SP ID="P6_SP00228" HPOS="412" VPOS="2104" WIDTH="39"/>
						<String ID="P6_ST00257" HPOS="451" VPOS="2049" WIDTH="167" HEIGHT="52" CONTENT="could" WC="0.99" CC="00050"/>
						<SP ID="P6_SP00229" HPOS="618" VPOS="2104" WIDTH="39"/>
						<String ID="P6_ST00258" HPOS="657" VPOS="2049" WIDTH="67" HEIGHT="50" CONTENT="be" WC="0.54" CC="71"/>
						<SP ID="P6_SP00230" HPOS="724" VPOS="2104" WIDTH="38"/>
						<String ID="P6_ST00259" HPOS="762" VPOS="2047" WIDTH="178" HEIGHT="50" CONTENT="found" WC="0.98" CC="62500"/>
						<SP ID="P6_SP00231" HPOS="940" VPOS="2104" WIDTH="38"/>
						<String ID="P6_ST00260" HPOS="978" VPOS="2062" WIDTH="74" HEIGHT="33" CONTENT="on" WC="0.70" CC="05"/>
						<SP ID="P6_SP00232" HPOS="1052" VPOS="2104" WIDTH="41"/>
						<String ID="P6_ST00261" HPOS="1093" VPOS="2052" WIDTH="208" HEIGHT="52" CONTENT="stages," WC="0.99" CC="0009003"/>
						<SP ID="P6_SP00233" HPOS="1301" VPOS="2104" WIDTH="39"/>
						<String ID="P6_ST00262" HPOS="1340" VPOS="2042" WIDTH="54" HEIGHT="48" CONTENT="in" WC="0.37" CC="65"/>
						<SP ID="P6_SP00234" HPOS="1394" VPOS="2104" WIDTH="40"/>
						<String ID="P6_ST00263" HPOS="1434" VPOS="2047" WIDTH="280" HEIGHT="49" CONTENT="concerts," WC="1.00" CC="022002003"/>
						<SP ID="P6_SP00235" HPOS="1714" VPOS="2104" WIDTH="40"/>
						<String ID="P6_ST00264" HPOS="1754" VPOS="2036" WIDTH="54" HEIGHT="49" CONTENT="in" WC="0.57" CC="53"/>
						<SP ID="P6_SP00236" HPOS="1808" VPOS="2104" WIDTH="39"/>
						<String ID="P6_ST00265" HPOS="1847" VPOS="2044" WIDTH="89" HEIGHT="41" CONTENT="art" WC="0.99" CC="030"/>
						<SP ID="P6_SP00237" HPOS="1936" VPOS="2104" WIDTH="38"/>
						<String ID="P6_ST00266" HPOS="1974" VPOS="2033" WIDTH="245" HEIGHT="52" CONTENT="exhibits" WC="0.99" CC="00605503"/>
					</TextLine>
					<TextLine ID="P6_TL00030" HPOS="223" VPOS="2097" WIDTH="1997" HEIGHT="72">
						<String ID="P6_ST00267" HPOS="223" VPOS="2119" WIDTH="108" HEIGHT="50" CONTENT="and" WC="0.94" CC="950"/>
						<SP ID="P6_SP00238" HPOS="331" VPOS="2169" WIDTH="38"/>
						<String ID="P6_ST00268" HPOS="369" VPOS="2118" WIDTH="53" HEIGHT="48" CONTENT="in" WC="0.68" CC="32"/>
						<SP ID="P6_SP00239" HPOS="422" VPOS="2169" WIDTH="36"/>
						<String ID="P6_ST00269" HPOS="458" VPOS="2115" WIDTH="345" HEIGHT="51" CONTENT="bookstores" WC="1.00" CC="2000403000"/>
						<String ID="P6_ST00270" HPOS="806" VPOS="2110" WIDTH="188" HEIGHT="51" CONTENT="—real" WC="0.97" CC="89003"/>
						<SP ID="P6_SP00240" HPOS="994" VPOS="2169" WIDTH="35"/>
						<String ID="P6_ST00271" HPOS="1029" VPOS="2109" WIDTH="177" HEIGHT="60" CONTENT="living" WC="0.99" CC="000670"/>
						<SP ID="P6_SP00241" HPOS="1206" VPOS="2169" WIDTH="35"/>
						<String ID="P6_ST00272" HPOS="1241" VPOS="2114" WIDTH="181" HEIGHT="55" CONTENT="poets," WC="1.00" CC="000000"/>
						<SP ID="P6_SP00242" HPOS="1422" VPOS="2169" WIDTH="36"/>
						<String ID="P6_ST00273" HPOS="1458" VPOS="2104" WIDTH="270" HEIGHT="62" CONTENT="painters," WC="0.99" CC="005500004"/>
						<SP ID="P6_SP00243" HPOS="1728" VPOS="2169" WIDTH="38"/>
						<String ID="P6_ST00274" HPOS="1766" VPOS="2100" WIDTH="307" HEIGHT="51" CONTENT="musicians" WC="0.99" CC="020606020"/>
						<SP ID="P6_SP00244" HPOS="2073" VPOS="2169" WIDTH="38"/>
						<String ID="P6_ST00275" HPOS="2111" VPOS="2097" WIDTH="109" HEIGHT="51" CONTENT="and" WC="0.98" CC="006"/>
					</TextLine>
					<TextLine ID="P6_TL00031" HPOS="225" VPOS="2163" WIDTH="1995" HEIGHT="78">
						<String ID="P6_ST00276" HPOS="225" VPOS="2179" WIDTH="494" HEIGHT="62" CONTENT="sculptors.—Not" WC="0.99" CC="70460000048415"/>
						<SP ID="P6_SP00245" HPOS="719" VPOS="2241" WIDTH="41"/>
						<String ID="P6_ST00277" HPOS="760" VPOS="2176" WIDTH="118" HEIGHT="61" CONTENT="just" WC="0.98" CC="6300"/>
						<SP ID="P6_SP00246" HPOS="878" VPOS="2241" WIDTH="42"/>
						<String ID="P6_ST00278" HPOS="920" VPOS="2190" WIDTH="124" HEIGHT="42" CONTENT="one," WC="0.98" CC="1404"/>
						<SP ID="P6_SP00247" HPOS="1044" VPOS="2241" WIDTH="45"/>
						<String ID="P6_ST00279" HPOS="1089" VPOS="2171" WIDTH="108" HEIGHT="51" CONTENT="like" WC="0.97" CC="5600"/>
						<SP ID="P6_SP00248" HPOS="1197" VPOS="2241" WIDTH="43"/>
						<String ID="P6_ST00280" HPOS="1240" VPOS="2180" WIDTH="57" HEIGHT="41" CONTENT="at" WC="1.00" CC="00"/>
						<SP ID="P6_SP00249" HPOS="1297" VPOS="2241" WIDTH="41"/>
						<String ID="P6_ST00281" HPOS="1338" VPOS="2185" WIDTH="159" HEIGHT="34" CONTENT="some" WC="1.00" CC="0100"/>
						<SP ID="P6_SP00250" HPOS="1497" VPOS="2241" WIDTH="45"/>
						<String ID="P6_ST00282" HPOS="1542" VPOS="2166" WIDTH="244" HEIGHT="60" CONTENT="evening" WC="0.98" CC="0006159"/>
						<SP ID="P6_SP00251" HPOS="1786" VPOS="2241" WIDTH="41"/>
						<String ID="P6_ST00283" HPOS="1827" VPOS="2163" WIDTH="178" HEIGHT="60" CONTENT="affair," WC="0.99" CC="0020403"/>
						<SP ID="P6_SP00252" HPOS="2005" VPOS="2241" WIDTH="43"/>
						<String ID="P6_ST00284" HPOS="2048" VPOS="2163" WIDTH="100" HEIGHT="49" CONTENT="but" WC="0.99" CC="100"/>
						<SP ID="P6_SP00253" HPOS="2148" VPOS="2241" WIDTH="42"/>
						<String ID="P6_ST00285" HPOS="2190" VPOS="2179" WIDTH="30" HEIGHT="33" CONTENT="a" WC="1.00" CC="0"/>
					</TextLine>
					<TextLine ID="P6_TL00032" HPOS="224" VPOS="2227" WIDTH="1996" HEIGHT="71">
						<String ID="P6_ST00286" HPOS="224" VPOS="2245" WIDTH="183" HEIGHT="51" CONTENT="whole" WC="0.97" CC="75450"/>
						<SP ID="P6_SP00254" HPOS="407" VPOS="2296" WIDTH="34"/>
						<String ID="P6_ST00287" HPOS="441" VPOS="2243" WIDTH="187" HEIGHT="51" CONTENT="bunch" WC="0.98" CC="40305"/>
						<SP ID="P6_SP00255" HPOS="628" VPOS="2296" WIDTH="35"/>
						<String ID="P6_ST00288" HPOS="663" VPOS="2241" WIDTH="61" HEIGHT="51" CONTENT="of" WC="0.54" CC="35"/>
						<SP ID="P6_SP00256" HPOS="724" VPOS="2296" WIDTH="36"/>
						<String ID="P6_ST00289" HPOS="760" VPOS="2241" WIDTH="173" HEIGHT="57" CONTENT="them," WC="0.99" CC="05004"/>
						<SP ID="P6_SP00257" HPOS="933" VPOS="2298" WIDTH="35"/>
						<String ID="P6_ST00290" HPOS="968" VPOS="2238" WIDTH="73" HEIGHT="50" CONTENT="all" WC="0.95" CC="074"/>
						<SP ID="P6_SP00258" HPOS="1041" VPOS="2298" WIDTH="35"/>
						<String ID="P6_ST00291" HPOS="1076" VPOS="2236" WIDTH="235" HEIGHT="58" CONTENT="moving" WC="0.99" CC="000460"/>
						<SP ID="P6_SP00259" HPOS="1311" VPOS="2298" WIDTH="36"/>
						<String ID="P6_ST00292" HPOS="1347" VPOS="2233" WIDTH="217" HEIGHT="50" CONTENT="around" WC="0.99" CC="000360"/>
						<SP ID="P6_SP00260" HPOS="1564" VPOS="2298" WIDTH="37"/>
						<String ID="P6_ST00293" HPOS="1601" VPOS="2229" WIDTH="180" HEIGHT="61" CONTENT="freely" WC="0.99" CC="520010"/>
						<SP ID="P6_SP00261" HPOS="1781" VPOS="2298" WIDTH="38"/>
						<String ID="P6_ST00294" HPOS="1819" VPOS="2229" WIDTH="52" HEIGHT="49" CONTENT="in" WC="0.47" CC="46"/>
						<SP ID="P6_SP00262" HPOS="1871" VPOS="2298" WIDTH="38"/>
						<String ID="P6_ST00295" HPOS="1909" VPOS="2227" WIDTH="146" HEIGHT="51" CONTENT="their" WC="0.99" CC="07003"/>
						<SP ID="P6_SP00263" HPOS="2055" VPOS="2298" WIDTH="37"/>
						<String ID="P6_ST00296" HPOS="2092" VPOS="2242" WIDTH="128" HEIGHT="34" CONTENT="own" WC="0.98" CC="006"/>
					</TextLine>
					<TextLine ID="P6_TL00033" HPOS="223" VPOS="2292" WIDTH="1999" HEIGHT="77">
						<String ID="P6_ST00297" HPOS="223" VPOS="2312" WIDTH="185" HEIGHT="57" CONTENT="home," WC="0.96" CC="70774"/>
						<SP ID="P6_SP00264" HPOS="408" VPOS="2369" WIDTH="38"/>
						<String ID="P6_ST00298" HPOS="446" VPOS="2308" WIDTH="52" HEIGHT="50" CONTENT="in" WC="0.62" CC="07"/>
						<SP ID="P6_SP00265" HPOS="498" VPOS="2369" WIDTH="40"/>
						<String ID="P6_ST00299" HPOS="538" VPOS="2307" WIDTH="146" HEIGHT="51" CONTENT="their" WC="0.96" CC="06748"/>
						<SP ID="P6_SP00266" HPOS="684" VPOS="2369" WIDTH="38"/>
						<String ID="P6_ST00300" HPOS="722" VPOS="2304" WIDTH="114" HEIGHT="51" CONTENT="real" WC="0.95" CC="0794"/>
						<SP ID="P6_SP00267" HPOS="836" VPOS="2369" WIDTH="41"/>
						<String ID="P6_ST00301" HPOS="877" VPOS="2320" WIDTH="127" HEIGHT="34" CONTENT="own" WC="0.95" CC="308"/>
						<SP ID="P6_SP00268" HPOS="1004" VPOS="2369" WIDTH="39"/>
						<String ID="P6_ST00302" HPOS="1043" VPOS="2302" WIDTH="263" HEIGHT="49" CONTENT="element." WC="0.98" CC="76707701"/>
						<SP ID="P6_SP00269" HPOS="1306" VPOS="2369" WIDTH="75"/>
						<String ID="P6_ST00303" HPOS="1381" VPOS="2298" WIDTH="149" HEIGHT="50" CONTENT="Such" WC="0.97" CC="0506"/>
						<SP ID="P6_SP00270" HPOS="1530" VPOS="2369" WIDTH="39"/>
						<String ID="P6_ST00304" HPOS="1569" VPOS="2304" WIDTH="303" HEIGHT="41" CONTENT="attraction" WC="0.98" CC="0078701788"/>
						<SP ID="P6_SP00271" HPOS="1872" VPOS="2369" WIDTH="44"/>
						<String ID="P6_ST00305" HPOS="1916" VPOS="2292" WIDTH="166" HEIGHT="51" CONTENT="could" WC="0.98" CC="04710"/>
						<SP ID="P6_SP00272" HPOS="2082" VPOS="2369" WIDTH="39"/>
						<String ID="P6_ST00306" HPOS="2121" VPOS="2299" WIDTH="101" HEIGHT="41" CONTENT="not" WC="0.96" CC="704"/>
					</TextLine>
					<TextLine ID="P6_TL00034" HPOS="227" VPOS="2365" WIDTH="1017" HEIGHT="66">
						<String ID="P6_ST00307" HPOS="227" VPOS="2378" WIDTH="64" HEIGHT="48" CONTENT="be" WC="0.63" CC="70"/>
						<SP ID="P6_SP00273" HPOS="291" VPOS="2426" WIDTH="33"/>
						<String ID="P6_ST00308" HPOS="324" VPOS="2373" WIDTH="178" HEIGHT="52" CONTENT="found" WC="0.98" CC="50700"/>
						<SP ID="P6_SP00274" HPOS="502" VPOS="2426" WIDTH="38"/>
						<String ID="P6_ST00309" HPOS="540" VPOS="2373" WIDTH="52" HEIGHT="48" CONTENT="in" WC="0.25" CC="68"/>
						<SP ID="P6_SP00275" HPOS="592" VPOS="2426" WIDTH="36"/>
						<String ID="P6_ST00310" HPOS="628" VPOS="2388" WIDTH="110" HEIGHT="43" CONTENT="any" WC="0.97" CC="080"/>
						<SP ID="P6_SP00276" HPOS="738" VPOS="2431" WIDTH="35"/>
						<String ID="P6_ST00311" HPOS="773" VPOS="2369" WIDTH="161" HEIGHT="50" CONTENT="salon" WC="0.98" CC="00517"/>
						<SP ID="P6_SP00277" HPOS="934" VPOS="2431" WIDTH="37"/>
						<String ID="P6_ST00312" HPOS="971" VPOS="2368" WIDTH="59" HEIGHT="49" CONTENT="of" WC="0.59" CC="16"/>
						<SP ID="P6_SP00278" HPOS="1030" VPOS="2431" WIDTH="39"/>
						<String ID="P6_ST00313" HPOS="1069" VPOS="2365" WIDTH="175" HEIGHT="50" CONTENT="Paris." WC="0.99" CC="100500"/>
					</TextLine>
					<TextLine ID="P6_TL00035" HPOS="295" VPOS="2421" WIDTH="1925" HEIGHT="73">
						<String ID="P6_ST00314" HPOS="295" VPOS="2440" WIDTH="382" HEIGHT="49" CONTENT="Montmartre" WC="0.91" CC="0330000000"/>
						<SP ID="P6_SP00279" HPOS="677" VPOS="2489" WIDTH="52"/>
						<String ID="P6_ST00315" HPOS="729" VPOS="2449" WIDTH="141" HEIGHT="45" CONTENT="gave" WC="1.00" CC="0000"/>
						<SP ID="P6_SP00280" HPOS="870" VPOS="2494" WIDTH="52"/>
						<String ID="P6_ST00316" HPOS="922" VPOS="2431" WIDTH="155" HEIGHT="50" CONTENT="them" WC="0.99" CC="0500"/>
						<SP ID="P6_SP00281" HPOS="1077" VPOS="2494" WIDTH="52"/>
						<String ID="P6_ST00317" HPOS="1129" VPOS="2447" WIDTH="69" HEIGHT="31" CONTENT="an" WC="0.18" CC="78"/>
						<SP ID="P6_SP00282" HPOS="1198" VPOS="2494" WIDTH="53"/>
						<String ID="P6_ST00318" HPOS="1251" VPOS="2426" WIDTH="247" HEIGHT="60" CONTENT="offering" WC="0.98" CC="26702470"/>
						<SP ID="P6_SP00283" HPOS="1498" VPOS="2494" WIDTH="49"/>
						<String ID="P6_ST00319" HPOS="1547" VPOS="2424" WIDTH="183" HEIGHT="52" CONTENT="which" WC="0.98" CC="07006"/>
						<SP ID="P6_SP00284" HPOS="1730" VPOS="2494" WIDTH="55"/>
						<String ID="P6_ST00320" HPOS="1785" VPOS="2421" WIDTH="165" HEIGHT="52" CONTENT="could" WC="0.97" CC="04468"/>
						<SP ID="P6_SP00285" HPOS="1950" VPOS="2494" WIDTH="52"/>
						<String ID="P6_ST00321" HPOS="2002" VPOS="2429" WIDTH="102" HEIGHT="42" CONTENT="not" WC="0.97" CC="800"/>
						<SP ID="P6_SP00286" HPOS="2104" VPOS="2494" WIDTH="49"/>
						<String ID="P6_ST00322" HPOS="2153" VPOS="2421" WIDTH="67" HEIGHT="49" CONTENT="be" WC="1.00" CC="00"/>
					</TextLine>
					<TextLine ID="P6_TL00036" HPOS="227" VPOS="2487" WIDTH="1993" HEIGHT="75">
						<String ID="P6_ST00323" HPOS="227" VPOS="2504" WIDTH="175" HEIGHT="51" CONTENT="found" WC="0.97" CC="70680"/>
						<SP ID="P6_SP00287" HPOS="402" VPOS="2555" WIDTH="33"/>
						<String ID="P6_ST00324" HPOS="435" VPOS="2500" WIDTH="305" HEIGHT="62" CONTENT="anywhere" WC="0.98" CC="08006707"/>
						<SP ID="P6_SP00288" HPOS="740" VPOS="2562" WIDTH="34"/>
						<String ID="P6_ST00325" HPOS="774" VPOS="2497" WIDTH="114" HEIGHT="51" CONTENT="else" WC="0.95" CC="7707"/>
						<SP ID="P6_SP00289" HPOS="888" VPOS="2562" WIDTH="37"/>
						<String ID="P6_ST00326" HPOS="925" VPOS="2497" WIDTH="53" HEIGHT="47" CONTENT="in" WC="0.25" CC="68"/>
						<SP ID="P6_SP00290" HPOS="978" VPOS="2562" WIDTH="36"/>
						<String ID="P6_ST00327" HPOS="1014" VPOS="2496" WIDTH="95" HEIGHT="50" CONTENT="the" WC="0.93" CC="377"/>
						<SP ID="P6_SP00291" HPOS="1109" VPOS="2562" WIDTH="36"/>
						<String ID="P6_ST00328" HPOS="1145" VPOS="2494" WIDTH="185" HEIGHT="50" CONTENT="whole" WC="0.97" CC="07157"/>
						<SP ID="P6_SP00292" HPOS="1330" VPOS="2562" WIDTH="34"/>
						<String ID="P6_ST00329" HPOS="1364" VPOS="2490" WIDTH="199" HEIGHT="52" CONTENT="world." WC="0.99" CC="000504"/>
						<SP ID="P6_SP00293" HPOS="1563" VPOS="2562" WIDTH="69"/>
						<String ID="P6_ST00330" HPOS="1632" VPOS="2491" WIDTH="129" HEIGHT="60" CONTENT="Just" WC="0.96" CC="9700"/>
						<SP ID="P6_SP00294" HPOS="1761" VPOS="2562" WIDTH="35"/>
						<String ID="P6_ST00331" HPOS="1796" VPOS="2504" WIDTH="60" HEIGHT="33" CONTENT="as" WC="0.50" CC="90"/>
						<SP ID="P6_SP00295" HPOS="1856" VPOS="2562" WIDTH="37"/>
						<String ID="P6_ST00332" HPOS="1893" VPOS="2487" WIDTH="134" HEIGHT="59" CONTENT="they" WC="0.96" CC="4780"/>
						<SP ID="P6_SP00296" HPOS="2027" VPOS="2562" WIDTH="37"/>
						<String ID="P6_ST00333" HPOS="2064" VPOS="2501" WIDTH="156" HEIGHT="35" CONTENT="came" WC="0.99" CC="0006"/>
					</TextLine>
					<TextLine ID="P6_TL00037" HPOS="227" VPOS="2550" WIDTH="1993" HEIGHT="73">
						<String ID="P6_ST00334" HPOS="227" VPOS="2570" WIDTH="148" HEIGHT="49" CONTENT="from" WC="0.97" CC="4900"/>
						<SP ID="P6_SP00297" HPOS="375" VPOS="2619" WIDTH="42"/>
						<String ID="P6_ST00335" HPOS="417" VPOS="2567" WIDTH="94" HEIGHT="50" CONTENT="the" WC="0.97" CC="060"/>
						<SP ID="P6_SP00298" HPOS="511" VPOS="2619" WIDTH="42"/>
						<String ID="P6_ST00336" HPOS="553" VPOS="2574" WIDTH="193" HEIGHT="49" CONTENT="street," WC="0.99" CC="1006004"/>
						<SP ID="P6_SP00299" HPOS="746" VPOS="2623" WIDTH="43"/>
						<String ID="P6_ST00337" HPOS="789" VPOS="2562" WIDTH="161" HEIGHT="51" CONTENT="these" WC="0.99" CC="07010"/>
						<SP ID="P6_SP00300" HPOS="950" VPOS="2623" WIDTH="42"/>
						<String ID="P6_ST00338" HPOS="992" VPOS="2560" WIDTH="196" HEIGHT="49" CONTENT="artists" WC="1.00" CC="0005000"/>
						<SP ID="P6_SP00301" HPOS="1188" VPOS="2623" WIDTH="43"/>
						<String ID="P6_ST00339" HPOS="1231" VPOS="2556" WIDTH="273" HEIGHT="51" CONTENT="mounted" WC="0.99" CC="0146000"/>
						<SP ID="P6_SP00302" HPOS="1504" VPOS="2623" WIDTH="43"/>
						<String ID="P6_ST00340" HPOS="1547" VPOS="2555" WIDTH="96" HEIGHT="49" CONTENT="the" WC="0.98" CC="060"/>
						<SP ID="P6_SP00303" HPOS="1643" VPOS="2623" WIDTH="44"/>
						<String ID="P6_ST00341" HPOS="1687" VPOS="2561" WIDTH="177" HEIGHT="51" CONTENT="stage," WC="1.00" CC="000004"/>
						<SP ID="P6_SP00304" HPOS="1864" VPOS="2623" WIDTH="44"/>
						<String ID="P6_ST00342" HPOS="1908" VPOS="2550" WIDTH="312" HEIGHT="50" CONTENT="declaimed" WC="1.00" CC="000405000"/>
					</TextLine>
					<TextLine ID="P6_TL00038" HPOS="227" VPOS="2616" WIDTH="1993" HEIGHT="76">
						<String ID="P6_ST00343" HPOS="227" VPOS="2650" WIDTH="62" HEIGHT="33" CONTENT="or" WC="0.35" CC="75"/>
						<SP ID="P6_SP00305" HPOS="289" VPOS="2683" WIDTH="35"/>
						<String ID="P6_ST00344" HPOS="324" VPOS="2649" WIDTH="144" HEIGHT="43" CONTENT="sang" WC="0.95" CC="0869"/>
						<SP ID="P6_SP00306" HPOS="468" VPOS="2692" WIDTH="34"/>
						<String ID="P6_ST00345" HPOS="502" VPOS="2630" WIDTH="146" HEIGHT="50" CONTENT="their" WC="0.99" CC="06000"/>
						<SP ID="P6_SP00307" HPOS="648" VPOS="2692" WIDTH="36"/>
						<String ID="P6_ST00346" HPOS="684" VPOS="2643" WIDTH="199" HEIGHT="46" CONTENT="poems" WC="0.98" CC="93000"/>
						<SP ID="P6_SP00308" HPOS="883" VPOS="2692" WIDTH="37"/>
						<String ID="P6_ST00347" HPOS="920" VPOS="2626" WIDTH="109" HEIGHT="49" CONTENT="and" WC="0.93" CC="980"/>
						<SP ID="P6_SP00309" HPOS="1029" VPOS="2692" WIDTH="38"/>
						<String ID="P6_ST00348" HPOS="1067" VPOS="2623" WIDTH="121" HEIGHT="51" CONTENT="said" WC="0.99" CC="0050"/>
						<SP ID="P6_SP00310" HPOS="1188" VPOS="2692" WIDTH="35"/>
						<String ID="P6_ST00349" HPOS="1223" VPOS="2622" WIDTH="120" HEIGHT="60" CONTENT="just" WC="0.97" CC="5700"/>
						<SP ID="P6_SP00311" HPOS="1343" VPOS="2692" WIDTH="34"/>
						<String ID="P6_ST00350" HPOS="1377" VPOS="2621" WIDTH="154" HEIGHT="50" CONTENT="what" WC="0.99" CC="0500"/>
						<SP ID="P6_SP00312" HPOS="1531" VPOS="2692" WIDTH="35"/>
						<String ID="P6_ST00351" HPOS="1566" VPOS="2619" WIDTH="135" HEIGHT="60" CONTENT="they" WC="0.99" CC="2400"/>
						<SP ID="P6_SP00313" HPOS="1701" VPOS="2692" WIDTH="37"/>
						<String ID="P6_ST00352" HPOS="1738" VPOS="2616" WIDTH="231" HEIGHT="62" CONTENT="pleased" WC="1.00" CC="0600000"/>
						<SP ID="P6_SP00314" HPOS="1969" VPOS="2692" WIDTH="38"/>
						<String ID="P6_ST00353" HPOS="2007" VPOS="2623" WIDTH="58" HEIGHT="42" CONTENT="to" WC="0.94" CC="01"/>
						<SP ID="P6_SP00315" HPOS="2065" VPOS="2692" WIDTH="40"/>
						<String ID="P6_ST00354" HPOS="2105" VPOS="2631" WIDTH="115" HEIGHT="43" CONTENT="say." WC="1.00" CC="0001"/>
					</TextLine>
					<TextLine ID="P6_TL00039" HPOS="228" VPOS="2678" WIDTH="1995" HEIGHT="77">
						<String ID="P6_ST00355" HPOS="228" VPOS="2697" WIDTH="258" HEIGHT="58" CONTENT="Nothing" WC="0.98" CC="5317470"/>
						<SP ID="P6_SP00316" HPOS="486" VPOS="2755" WIDTH="35"/>
						<String ID="P6_ST00356" HPOS="521" VPOS="2710" WIDTH="116" HEIGHT="34" CONTENT="was" WC="1.00" CC="000"/>
						<SP ID="P6_SP00317" HPOS="637" VPOS="2755" WIDTH="40"/>
						<String ID="P6_ST00357" HPOS="677" VPOS="2692" WIDTH="197" HEIGHT="51" CONTENT="sacred" WC="1.00" CC="000400"/>
						<SP ID="P6_SP00318" HPOS="874" VPOS="2755" WIDTH="40"/>
						<String ID="P6_ST00358" HPOS="914" VPOS="2699" WIDTH="59" HEIGHT="41" CONTENT="to" WC="1.00" CC="00"/>
						<SP ID="P6_SP00319" HPOS="973" VPOS="2755" WIDTH="38"/>
						<String ID="P6_ST00359" HPOS="1011" VPOS="2689" WIDTH="158" HEIGHT="50" CONTENT="them" WC="0.99" CC="0600"/>
						<String ID="P6_ST00360" HPOS="1170" VPOS="2696" WIDTH="173" HEIGHT="40" CONTENT="—not" WC="0.97" CC="8600"/>
						<SP ID="P6_SP00320" HPOS="1343" VPOS="2755" WIDTH="39"/>
						<String ID="P6_ST00361" HPOS="1382" VPOS="2702" WIDTH="140" HEIGHT="33" CONTENT="even" WC="0.98" CC="0007"/>
						<SP ID="P6_SP00321" HPOS="1522" VPOS="2755" WIDTH="41"/>
						<String ID="P6_ST00362" HPOS="1563" VPOS="2683" WIDTH="94" HEIGHT="49" CONTENT="the" WC="0.97" CC="051"/>
						<SP ID="P6_SP00322" HPOS="1657" VPOS="2755" WIDTH="41"/>
						<String ID="P6_ST00363" HPOS="1698" VPOS="2678" WIDTH="525" HEIGHT="61" CONTENT="three-times-holy" WC="0.85" CC="0200020100007260"/>
					</TextLine>
					<TextLine ID="P6_TL00040" HPOS="225" VPOS="2746" WIDTH="1997" HEIGHT="75">
						<String ID="P6_ST00364" HPOS="225" VPOS="2760" WIDTH="187" HEIGHT="61" CONTENT="public" WC="0.97" CC="956710"/>
						<SP ID="P6_SP00323" HPOS="412" VPOS="2821" WIDTH="44"/>
						<String ID="P6_ST00365" HPOS="456" VPOS="2759" WIDTH="197" HEIGHT="50" CONTENT="before" WC="0.99" CC="000540"/>
						<SP ID="P6_SP00324" HPOS="653" VPOS="2821" WIDTH="46"/>
						<String ID="P6_ST00366" HPOS="699" VPOS="2757" WIDTH="192" HEIGHT="50" CONTENT="whom" WC="0.99" CC="0600"/>
						<SP ID="P6_SP00325" HPOS="891" VPOS="2821" WIDTH="44"/>
						<String ID="P6_ST00367" HPOS="935" VPOS="2769" WIDTH="170" HEIGHT="43" CONTENT="every" WC="0.99" CC="00430"/>
						<SP ID="P6_SP00326" HPOS="1105" VPOS="2821" WIDTH="47"/>
						<String ID="P6_ST00368" HPOS="1152" VPOS="2748" WIDTH="527" HEIGHT="62" CONTENT="halfway-sensible" WC="0.99" CC="7045000102646540"/>
						<SP ID="P6_SP00327" HPOS="1679" VPOS="2821" WIDTH="49"/>
						<String ID="P6_ST00369" HPOS="1728" VPOS="2746" WIDTH="158" HEIGHT="50" CONTENT="show" WC="0.98" CC="0720"/>
						<SP ID="P6_SP00328" HPOS="1886" VPOS="2821" WIDTH="49"/>
						<String ID="P6_ST00370" HPOS="1935" VPOS="2759" WIDTH="287" HEIGHT="43" CONTENT="manager," WC="0.99" CC="40700054"/>
					</TextLine>
					<TextLine ID="P6_TL00041" HPOS="227" VPOS="2815" WIDTH="1267" HEIGHT="70">
						<String ID="P6_ST00371" HPOS="227" VPOS="2835" WIDTH="174" HEIGHT="50" CONTENT="actor," WC="0.98" CC="603204"/>
						<SP ID="P6_SP00329" HPOS="401" VPOS="2885" WIDTH="35"/>
						<String ID="P6_ST00372" HPOS="436" VPOS="2824" WIDTH="191" HEIGHT="60" CONTENT="singer" WC="0.98" CC="046803"/>
						<SP ID="P6_SP00330" HPOS="627" VPOS="2885" WIDTH="34"/>
						<String ID="P6_ST00373" HPOS="661" VPOS="2838" WIDTH="63" HEIGHT="34" CONTENT="or" WC="0.52" CC="44"/>
						<SP ID="P6_SP00331" HPOS="724" VPOS="2885" WIDTH="35"/>
						<String ID="P6_ST00374" HPOS="759" VPOS="2820" WIDTH="165" HEIGHT="50" CONTENT="artist" WC="1.00" CC="000000"/>
						<SP ID="P6_SP00332" HPOS="924" VPOS="2885" WIDTH="35"/>
						<String ID="P6_ST00375" HPOS="959" VPOS="2819" WIDTH="159" HEIGHT="48" CONTENT="bows" WC="0.99" CC="5000"/>
						<SP ID="P6_SP00333" HPOS="1118" VPOS="2885" WIDTH="36"/>
						<String ID="P6_ST00376" HPOS="1154" VPOS="2815" WIDTH="340" HEIGHT="58" CONTENT="reverently." WC="1.00" CC="40000030504"/>
					</TextLine>
					<TextLine ID="P6_TL00042" HPOS="296" VPOS="2875" WIDTH="1926" HEIGHT="64">
						<String ID="P6_ST00377" HPOS="296" VPOS="2889" WIDTH="160" HEIGHT="50" CONTENT="Paris" WC="0.99" CC="00060"/>
						<SP ID="P6_SP00334" HPOS="456" VPOS="2939" WIDTH="35"/>
						<String ID="P6_ST00378" HPOS="491" VPOS="2886" WIDTH="227" HEIGHT="52" CONTENT="seemed" WC="1.00" CC="000000"/>
						<SP ID="P6_SP00335" HPOS="718" VPOS="2939" WIDTH="34"/>
						<String ID="P6_ST00379" HPOS="752" VPOS="2894" WIDTH="59" HEIGHT="40" CONTENT="to" WC="0.82" CC="03"/>
						<SP ID="P6_SP00336" HPOS="811" VPOS="2939" WIDTH="34"/>
						<String ID="P6_ST00380" HPOS="845" VPOS="2882" WIDTH="235" HEIGHT="51" CONTENT="breathe" WC="0.98" CC="6900050"/>
						<SP ID="P6_SP00337" HPOS="1080" VPOS="2939" WIDTH="34"/>
						<String ID="P6_ST00381" HPOS="1114" VPOS="2899" WIDTH="29" HEIGHT="32" CONTENT="a" WC="1.00" CC="0"/>
						<SP ID="P6_SP00338" HPOS="1143" VPOS="2939" WIDTH="36"/>
						<String ID="P6_ST00382" HPOS="1179" VPOS="2880" WIDTH="268" HEIGHT="51" CONTENT="different" WC="0.99" CC="077700170"/>
						<SP ID="P6_SP00339" HPOS="1447" VPOS="2939" WIDTH="34"/>
						<String ID="P6_ST00383" HPOS="1481" VPOS="2877" WIDTH="80" HEIGHT="50" CONTENT="air" WC="0.98" CC="050"/>
						<SP ID="P6_SP00340" HPOS="1561" VPOS="2939" WIDTH="36"/>
						<String ID="P6_ST00384" HPOS="1597" VPOS="2884" WIDTH="57" HEIGHT="41" CONTENT="at" WC="1.00" CC="00"/>
						<SP ID="P6_SP00341" HPOS="1654" VPOS="2939" WIDTH="34"/>
						<String ID="P6_ST00385" HPOS="1688" VPOS="2875" WIDTH="96" HEIGHT="50" CONTENT="the" WC="0.97" CC="070"/>
						<SP ID="P6_SP00342" HPOS="1784" VPOS="2939" WIDTH="36"/>
						<String ID="P6_ST00386" HPOS="1820" VPOS="2875" WIDTH="402" HEIGHT="49" CONTENT="Montmartre." WC="0.93" CC="00000020103"/>
					</TextLine>
					<TextLine ID="P6_TL00043" HPOS="225" VPOS="2936" WIDTH="1998" HEIGHT="77">
						<String ID="P6_ST00387" HPOS="225" VPOS="2953" WIDTH="132" HEIGHT="51" CONTENT="And" WC="0.97" CC="060"/>
						<SP ID="P6_SP00343" HPOS="357" VPOS="3004" WIDTH="38"/>
						<String ID="P6_ST00388" HPOS="395" VPOS="2953" WIDTH="134" HEIGHT="60" CONTENT="they" WC="0.99" CC="0500"/>
						<SP ID="P6_SP00344" HPOS="529" VPOS="3013" WIDTH="39"/>
						<String ID="P6_ST00389" HPOS="568" VPOS="2966" WIDTH="170" HEIGHT="34" CONTENT="never" WC="0.99" CC="70001"/>
						<SP ID="P6_SP00345" HPOS="738" VPOS="3013" WIDTH="40"/>
						<String ID="P6_ST00390" HPOS="778" VPOS="2947" WIDTH="108" HEIGHT="51" CONTENT="had" WC="0.98" CC="600"/>
						<SP ID="P6_SP00346" HPOS="886" VPOS="3013" WIDTH="40"/>
						<String ID="P6_ST00391" HPOS="926" VPOS="2947" WIDTH="220" HEIGHT="48" CONTENT="dreamt" WC="0.99" CC="000600"/>
						<SP ID="P6_SP00347" HPOS="1146" VPOS="3013" WIDTH="38"/>
						<String ID="P6_ST00392" HPOS="1184" VPOS="2944" WIDTH="123" HEIGHT="49" CONTENT="that" WC="0.99" CC="0500"/>
						<SP ID="P6_SP00348" HPOS="1307" VPOS="3013" WIDTH="40"/>
						<String ID="P6_ST00393" HPOS="1347" VPOS="2943" WIDTH="158" HEIGHT="48" CONTENT="there" WC="0.99" CC="07000"/>
						<SP ID="P6_SP00349" HPOS="1505" VPOS="3013" WIDTH="40"/>
						<String ID="P6_ST00394" HPOS="1545" VPOS="2956" WIDTH="115" HEIGHT="34" CONTENT="was" WC="1.00" CC="000"/>
						<SP ID="P6_SP00350" HPOS="1660" VPOS="3013" WIDTH="42"/>
						<String ID="P6_ST00395" HPOS="1702" VPOS="2956" WIDTH="64" HEIGHT="33" CONTENT="so" WC="0.90" CC="02"/>
						<SP ID="P6_SP00351" HPOS="1766" VPOS="3013" WIDTH="39"/>
						<String ID="P6_ST00396" HPOS="1805" VPOS="2938" WIDTH="165" HEIGHT="50" CONTENT="much" WC="0.98" CC="0505"/>
						<SP ID="P6_SP00352" HPOS="1970" VPOS="3013" WIDTH="42"/>
						<String ID="P6_ST00397" HPOS="2012" VPOS="2936" WIDTH="181" HEIGHT="61" CONTENT="origin" SUBS_TYPE="HypPart1" SUBS_CONTENT="originality," WC="0.99" CC="301060"/>
						<HYP HPOS="2193" VPOS="2936" WIDTH="30" CONTENT="-"/>
					</TextLine>
					<TextLine ID="P6_TL00044" HPOS="227" VPOS="3000" WIDTH="1996" HEIGHT="78">
						<String ID="P6_ST00398" HPOS="227" VPOS="3018" WIDTH="153" HEIGHT="60" CONTENT="ality," SUBS_TYPE="HypPart2" SUBS_CONTENT="originality," WC="0.99" CC="033104"/>
						<SP ID="P6_SP00353" HPOS="380" VPOS="3078" WIDTH="41"/>
						<String ID="P6_ST00399" HPOS="421" VPOS="3033" WIDTH="65" HEIGHT="33" CONTENT="so" WC="0.81" CC="03"/>
						<SP ID="P6_SP00354" HPOS="486" VPOS="3078" WIDTH="40"/>
						<String ID="P6_ST00400" HPOS="526" VPOS="3014" WIDTH="165" HEIGHT="51" CONTENT="much" WC="0.97" CC="0803"/>
						<SP ID="P6_SP00355" HPOS="691" VPOS="3078" WIDTH="44"/>
						<String ID="P6_ST00401" HPOS="735" VPOS="3009" WIDTH="354" HEIGHT="64" CONTENT="unexpected" WC="1.00" CC="5400000200"/>
						<SP ID="P6_SP00356" HPOS="1089" VPOS="3078" WIDTH="43"/>
						<String ID="P6_ST00402" HPOS="1132" VPOS="3008" WIDTH="108" HEIGHT="50" CONTENT="and" WC="0.95" CC="480"/>
						<SP ID="P6_SP00357" HPOS="1240" VPOS="3078" WIDTH="44"/>
						<String ID="P6_ST00403" HPOS="1284" VPOS="3024" WIDTH="64" HEIGHT="32" CONTENT="so" WC="1.00" CC="00"/>
						<SP ID="P6_SP00358" HPOS="1348" VPOS="3078" WIDTH="43"/>
						<String ID="P6_ST00404" HPOS="1391" VPOS="3023" WIDTH="169" HEIGHT="43" CONTENT="many" WC="0.98" CC="0070"/>
						<SP ID="P6_SP00359" HPOS="1560" VPOS="3078" WIDTH="42"/>
						<String ID="P6_ST00405" HPOS="1602" VPOS="3002" WIDTH="381" HEIGHT="61" CONTENT="wonderfully" WC="0.99" CC="02401030630"/>
						<SP ID="P6_SP00360" HPOS="1983" VPOS="3078" WIDTH="43"/>
						<String ID="P6_ST00406" HPOS="2026" VPOS="3000" WIDTH="165" HEIGHT="61" CONTENT="enjoy" SUBS_TYPE="HypPart1" SUBS_CONTENT="enjoyable" WC="0.99" CC="05200"/>
						<HYP HPOS="2191" VPOS="3000" WIDTH="32" CONTENT="-"/>
					</TextLine>
					<TextLine ID="P6_TL00045" HPOS="228" VPOS="3075" WIDTH="797" HEIGHT="57">
						<String ID="P6_ST00407" HPOS="228" VPOS="3083" WIDTH="123" HEIGHT="49" CONTENT="able" SUBS_TYPE="HypPart2" SUBS_CONTENT="enjoyable" WC="0.96" CC="6730"/>
						<SP ID="P6_SP00361" HPOS="351" VPOS="3132" WIDTH="33"/>
						<String ID="P6_ST00408" HPOS="384" VPOS="3082" WIDTH="343" HEIGHT="49" CONTENT="intramuras" WC="0.80" CC="0704006000"/>
						<SP ID="P6_SP00362" HPOS="727" VPOS="3132" WIDTH="30"/>
						<String ID="P6_ST00409" HPOS="757" VPOS="3078" WIDTH="60" HEIGHT="49" CONTENT="of" WC="0.73" CC="05"/>
						<SP ID="P6_SP00363" HPOS="817" VPOS="3132" WIDTH="33"/>
						<String ID="P6_ST00410" HPOS="850" VPOS="3075" WIDTH="175" HEIGHT="51" CONTENT="Paris." WC="0.99" CC="004601"/>
					</TextLine>
				</TextBlock>
				<TextBlock ID="P6_TB00004" HPOS="226" VPOS="3188" WIDTH="1013" HEIGHT="106" STYLEREFS="TXT_0 PAR_LEFT">
					<TextLine ID="P6_TL00046" HPOS="226" VPOS="3190" WIDTH="1013" HEIGHT="104">
						<String ID="P6_ST00411" HPOS="226" VPOS="3196" WIDTH="202" HEIGHT="89" CONTENT="The" WC="0.96" CC="046"/>
						<SP ID="P6_SP00364" HPOS="428" VPOS="3285" WIDTH="59"/>
						<String ID="P6_ST00412" HPOS="487" VPOS="3195" WIDTH="315" HEIGHT="87" CONTENT="Bruno" WC="0.98" CC="06260"/>
						<SP ID="P6_SP00365" HPOS="802" VPOS="3285" WIDTH="58"/>
						<String ID="P6_ST00413" HPOS="860" VPOS="3190" WIDTH="379" HEIGHT="104" CONTENT="Players" WC="0.98" CC="3515042"/>
					</TextLine>
				</TextBlock>
				<TextBlock ID="P6_TB00005" HPOS="222" VPOS="3305" WIDTH="2004" HEIGHT="589" STYLEREFS="TXT_0 PAR_RIGHT">
					<TextLine ID="P6_TL00047" HPOS="227" VPOS="3305" WIDTH="1999" HEIGHT="76">
						<String ID="P6_ST00414" HPOS="227" VPOS="3323" WIDTH="194" HEIGHT="48" CONTENT='"THE' WC="0.95" CC="4970"/>
						<SP ID="P6_SP00366" HPOS="421" VPOS="3371" WIDTH="37"/>
						<String ID="P6_ST00415" HPOS="458" VPOS="3317" WIDTH="391" HEIGHT="64" CONTENT="presentation" WC="1.00" CC="000000000605"/>
						<SP ID="P6_SP00367" HPOS="849" VPOS="3381" WIDTH="39"/>
						<String ID="P6_ST00416" HPOS="888" VPOS="3314" WIDTH="60" HEIGHT="52" CONTENT="of" WC="0.84" CC="03"/>
						<SP ID="P6_SP00368" HPOS="948" VPOS="3381" WIDTH="37"/>
						<String ID="P6_ST00417" HPOS="985" VPOS="3314" WIDTH="179" HEIGHT="50" CONTENT='"Miss' WC="0.98" CC="70700"/>
						<SP ID="P6_SP00369" HPOS="1164" VPOS="3381" WIDTH="35"/>
						<String ID="P6_ST00418" HPOS="1199" VPOS="3310" WIDTH="198" HEIGHT="64" CONTENT='Julia,"' WC="0.98" CC="6645023"/>
						<SP ID="P6_SP00370" HPOS="1397" VPOS="3381" WIDTH="39"/>
						<String ID="P6_ST00419" HPOS="1436" VPOS="3312" WIDTH="94" HEIGHT="49" CONTENT="the" WC="0.94" CC="473"/>
						<SP ID="P6_SP00371" HPOS="1530" VPOS="3381" WIDTH="38"/>
						<String ID="P6_ST00420" HPOS="1568" VPOS="3310" WIDTH="124" HEIGHT="50" CONTENT="first" WC="1.00" CC="00001"/>
						<SP ID="P6_SP00372" HPOS="1692" VPOS="3381" WIDTH="38"/>
						<String ID="P6_ST00421" HPOS="1730" VPOS="3308" WIDTH="398" HEIGHT="62" CONTENT="performance" WC="1.00" CC="00000000000"/>
						<SP ID="P6_SP00373" HPOS="2128" VPOS="3381" WIDTH="38"/>
						<String ID="P6_ST00422" HPOS="2166" VPOS="3305" WIDTH="60" HEIGHT="52" CONTENT="of" WC="0.80" CC="03"/>
					</TextLine>
					<TextLine ID="P6_TL00048" HPOS="398" VPOS="3378" WIDTH="1827" HEIGHT="69">
						<String ID="P6_ST00423" HPOS="398" VPOS="3392" WIDTH="94" HEIGHT="50" CONTENT="the" WC="0.97" CC="070"/>
						<SP ID="P6_SP00374" HPOS="492" VPOS="3442" WIDTH="36"/>
						<String ID="P6_ST00424" HPOS="528" VPOS="3392" WIDTH="193" HEIGHT="47" CONTENT="Bruno" WC="0.98" CC="00673"/>
						<SP ID="P6_SP00375" HPOS="721" VPOS="3442" WIDTH="35"/>
						<String ID="P6_ST00425" HPOS="756" VPOS="3388" WIDTH="252" HEIGHT="59" CONTENT="Players," WC="0.99" CC="06900420"/>
						<SP ID="P6_SP00376" HPOS="1008" VPOS="3447" WIDTH="34"/>
						<String ID="P6_ST00426" HPOS="1042" VPOS="3402" WIDTH="71" HEIGHT="33" CONTENT="on" WC="0.64" CC="07"/>
						<SP ID="P6_SP00377" HPOS="1113" VPOS="3447" WIDTH="37"/>
						<String ID="P6_ST00427" HPOS="1150" VPOS="3384" WIDTH="108" HEIGHT="48" CONTENT="last" WC="0.99" CC="3000"/>
						<SP ID="P6_SP00378" HPOS="1258" VPOS="3447" WIDTH="35"/>
						<String ID="P6_ST00428" HPOS="1293" VPOS="3381" WIDTH="271" HEIGHT="60" CONTENT="Monday," WC="1.00" CC="0020004"/>
						<SP ID="P6_SP00379" HPOS="1564" VPOS="3447" WIDTH="33"/>
						<String ID="P6_ST00429" HPOS="1597" VPOS="3380" WIDTH="53" HEIGHT="50" CONTENT="in" WC="0.31" CC="76"/>
						<SP ID="P6_SP00380" HPOS="1650" VPOS="3447" WIDTH="40"/>
						<String ID="P6_ST00430" HPOS="1690" VPOS="3379" WIDTH="233" HEIGHT="52" CONTENT="Charles" WC="1.00" CC="0000000"/>
						<SP ID="P6_SP00381" HPOS="1923" VPOS="3447" WIDTH="38"/>
						<String ID="P6_ST00431" HPOS="1961" VPOS="3378" WIDTH="264" HEIGHT="49" CONTENT="Edison's" WC="0.99" CC="00500223"/>
					</TextLine>
					<TextLine ID="P6_TL00049" HPOS="229" VPOS="3447" WIDTH="1994" HEIGHT="61">
						<String ID="P6_ST00432" HPOS="229" VPOS="3456" WIDTH="174" HEIGHT="52" CONTENT="Little" WC="0.98" CC="771050"/>
						<SP ID="P6_SP00382" HPOS="403" VPOS="3508" WIDTH="43"/>
						<String ID="P6_ST00433" HPOS="446" VPOS="3454" WIDTH="264" HEIGHT="52" CONTENT="Thimble" WC="0.98" CC="0670750"/>
						<SP ID="P6_SP00383" HPOS="710" VPOS="3508" WIDTH="45"/>
						<String ID="P6_ST00434" HPOS="755" VPOS="3452" WIDTH="247" HEIGHT="49" CONTENT="Theatre" WC="1.00" CC="0600000"/>
						<SP ID="P6_SP00384" HPOS="1002" VPOS="3508" WIDTH="45"/>
						<String ID="P6_ST00435" HPOS="1047" VPOS="3458" WIDTH="57" HEIGHT="41" CONTENT="at" WC="1.00" CC="00"/>
						<SP ID="P6_SP00385" HPOS="1104" VPOS="3508" WIDTH="46"/>
						<String ID="P6_ST00436" HPOS="1150" VPOS="3449" WIDTH="59" HEIGHT="49" CONTENT="10" WC="0.85" CC="02"/>
						<SP ID="P6_SP00386" HPOS="1209" VPOS="3508" WIDTH="45"/>
						<String ID="P6_ST00437" HPOS="1254" VPOS="3447" WIDTH="154" HEIGHT="49" CONTENT="Fifth" WC="0.98" CC="04006"/>
						<SP ID="P6_SP00387" HPOS="1408" VPOS="3508" WIDTH="43"/>
						<String ID="P6_ST00438" HPOS="1451" VPOS="3447" WIDTH="251" HEIGHT="58" CONTENT="Avenue," WC="0.99" CC="0001700"/>
						<SP ID="P6_SP00388" HPOS="1702" VPOS="3508" WIDTH="42"/>
						<String ID="P6_ST00439" HPOS="1744" VPOS="3460" WIDTH="117" HEIGHT="34" CONTENT="was" WC="1.00" CC="000"/>
						<SP ID="P6_SP00389" HPOS="1861" VPOS="3508" WIDTH="43"/>
						<String ID="P6_ST00440" HPOS="1904" VPOS="3461" WIDTH="29" HEIGHT="32" CONTENT="a" WC="1.00" CC="0"/>
						<SP ID="P6_SP00390" HPOS="1933" VPOS="3508" WIDTH="45"/>
						<String ID="P6_ST00441" HPOS="1978" VPOS="3459" WIDTH="245" HEIGHT="34" CONTENT="success." WC="1.00" CC="04000004"/>
					</TextLine>
					<TextLine ID="P6_TL00050" HPOS="227" VPOS="3507" WIDTH="1996" HEIGHT="75">
						<String ID="P6_ST00442" HPOS="227" VPOS="3524" WIDTH="227" HEIGHT="58" CONTENT="August" WC="0.99" CC="050410"/>
						<SP ID="P6_SP00391" HPOS="454" VPOS="3582" WIDTH="44"/>
						<String ID="P6_ST00443" HPOS="498" VPOS="3517" WIDTH="341" HEIGHT="59" CONTENT="Strindberg" WC="0.71" CC="0006606008"/>
						<SP ID="P6_SP00392" HPOS="839" VPOS="3582" WIDTH="42"/>
						<String ID="P6_ST00444" HPOS="881" VPOS="3513" WIDTH="226" HEIGHT="51" CONTENT="wanted" WC="0.99" CC="058000"/>
						<SP ID="P6_SP00393" HPOS="1107" VPOS="3582" WIDTH="43"/>
						<String ID="P6_ST00445" HPOS="1150" VPOS="3530" WIDTH="30" HEIGHT="32" CONTENT="a" WC="1.00" CC="0"/>
						<SP ID="P6_SP00394" HPOS="1180" VPOS="3582" WIDTH="45"/>
						<String ID="P6_ST00446" HPOS="1225" VPOS="3511" WIDTH="162" HEIGHT="49" CONTENT="small" WC="0.99" CC="00004"/>
						<SP ID="P6_SP00395" HPOS="1387" VPOS="3582" WIDTH="46"/>
						<String ID="P6_ST00447" HPOS="1433" VPOS="3519" WIDTH="161" HEIGHT="50" CONTENT="stage" WC="1.00" CC="00000"/>
						<SP ID="P6_SP00396" HPOS="1594" VPOS="3582" WIDTH="45"/>
						<String ID="P6_ST00448" HPOS="1639" VPOS="3508" WIDTH="90" HEIGHT="51" CONTENT="for" WC="0.99" CC="002"/>
						<SP ID="P6_SP00397" HPOS="1729" VPOS="3582" WIDTH="44"/>
						<String ID="P6_ST00449" HPOS="1773" VPOS="3508" WIDTH="88" HEIGHT="50" CONTENT="his" WC="0.96" CC="640"/>
						<SP ID="P6_SP00398" HPOS="1861" VPOS="3582" WIDTH="44"/>
						<String ID="P6_ST00450" HPOS="1905" VPOS="3507" WIDTH="148" HEIGHT="62" CONTENT="play." WC="0.99" CC="05004"/>
						<SP ID="P6_SP00399" HPOS="2053" VPOS="3582" WIDTH="80"/>
						<String ID="P6_ST00451" HPOS="2133" VPOS="3507" WIDTH="90" HEIGHT="50" CONTENT="He" WC="0.76" CC="40"/>
					</TextLine>
					<TextLine ID="P6_TL00051" HPOS="224" VPOS="3572" WIDTH="1999" HEIGHT="65">
						<String ID="P6_ST00452" HPOS="224" VPOS="3585" WIDTH="230" HEIGHT="52" CONTENT="wanted" WC="0.98" CC="908000"/>
						<SP ID="P6_SP00400" HPOS="454" VPOS="3637" WIDTH="44"/>
						<String ID="P6_ST00453" HPOS="498" VPOS="3601" WIDTH="32" HEIGHT="32" CONTENT="a" WC="0.37" CC="6"/>
						<SP ID="P6_SP00401" HPOS="530" VPOS="3637" WIDTH="44"/>
						<String ID="P6_ST00454" HPOS="574" VPOS="3581" WIDTH="166" HEIGHT="51" CONTENT="small" WC="0.99" CC="00040"/>
						<SP ID="P6_SP00402" HPOS="740" VPOS="3637" WIDTH="45"/>
						<String ID="P6_ST00455" HPOS="785" VPOS="3579" WIDTH="287" HEIGHT="50" CONTENT="audience." WC="0.99" CC="030505001"/>
						<SP ID="P6_SP00403" HPOS="1072" VPOS="3637" WIDTH="83"/>
						<String ID="P6_ST00456" HPOS="1155" VPOS="3577" WIDTH="90" HEIGHT="48" CONTENT="He" WC="0.72" CC="50"/>
						<SP ID="P6_SP00404" HPOS="1245" VPOS="3637" WIDTH="46"/>
						<String ID="P6_ST00457" HPOS="1291" VPOS="3576" WIDTH="92" HEIGHT="49" CONTENT="did" WC="0.99" CC="030"/>
						<SP ID="P6_SP00405" HPOS="1383" VPOS="3637" WIDTH="45"/>
						<String ID="P6_ST00458" HPOS="1428" VPOS="3582" WIDTH="102" HEIGHT="42" CONTENT="not" WC="0.97" CC="700"/>
						<SP ID="P6_SP00406" HPOS="1530" VPOS="3637" WIDTH="43"/>
						<String ID="P6_ST00459" HPOS="1573" VPOS="3581" WIDTH="152" HEIGHT="43" CONTENT="want" WC="0.99" CC="0050"/>
						<SP ID="P6_SP00407" HPOS="1725" VPOS="3637" WIDTH="46"/>
						<String ID="P6_ST00460" HPOS="1771" VPOS="3581" WIDTH="190" HEIGHT="42" CONTENT="actors" WC="1.00" CC="006000"/>
						<SP ID="P6_SP00408" HPOS="1961" VPOS="3637" WIDTH="47"/>
						<String ID="P6_ST00461" HPOS="2008" VPOS="3588" WIDTH="74" HEIGHT="33" CONTENT="on" WC="0.74" CC="05"/>
						<SP ID="P6_SP00409" HPOS="2082" VPOS="3637" WIDTH="46"/>
						<String ID="P6_ST00462" HPOS="2128" VPOS="3572" WIDTH="95" HEIGHT="49" CONTENT="the" WC="1.00" CC="000"/>
					</TextLine>
					<TextLine ID="P6_TL00052" HPOS="225" VPOS="3635" WIDTH="2000" HEIGHT="75">
						<String ID="P6_ST00463" HPOS="225" VPOS="3659" WIDTH="179" HEIGHT="51" CONTENT="stage," WC="0.99" CC="600000"/>
						<SP ID="P6_SP00410" HPOS="404" VPOS="3710" WIDTH="33"/>
						<String ID="P6_ST00464" HPOS="437" VPOS="3649" WIDTH="102" HEIGHT="50" CONTENT="but" WC="0.97" CC="530"/>
						<SP ID="P6_SP00411" HPOS="539" VPOS="3710" WIDTH="30"/>
						<String ID="P6_ST00465" HPOS="569" VPOS="3646" WIDTH="116" HEIGHT="50" CONTENT="real" WC="0.97" CC="0094"/>
						<SP ID="P6_SP00412" HPOS="685" VPOS="3710" WIDTH="33"/>
						<String ID="P6_ST00466" HPOS="718" VPOS="3643" WIDTH="218" HEIGHT="65" CONTENT="people." WC="1.00" CC="0000200"/>
						<SP ID="P6_SP00413" HPOS="936" VPOS="3710" WIDTH="68"/>
						<String ID="P6_ST00467" HPOS="1004" VPOS="3640" WIDTH="129" HEIGHT="51" CONTENT="And" WC="0.97" CC="080"/>
						<SP ID="P6_SP00414" HPOS="1133" VPOS="3710" WIDTH="33"/>
						<String ID="P6_ST00468" HPOS="1166" VPOS="3643" WIDTH="68" HEIGHT="47" CONTENT="he" WC="1.00" CC="00"/>
						<SP ID="P6_SP00415" HPOS="1234" VPOS="3710" WIDTH="34"/>
						<String ID="P6_ST00469" HPOS="1268" VPOS="3639" WIDTH="225" HEIGHT="51" CONTENT="wanted" WC="1.00" CC="000000"/>
						<SP ID="P6_SP00416" HPOS="1493" VPOS="3710" WIDTH="33"/>
						<String ID="P6_ST00470" HPOS="1526" VPOS="3638" WIDTH="90" HEIGHT="49" CONTENT="for" WC="0.98" CC="302"/>
						<SP ID="P6_SP00417" HPOS="1616" VPOS="3710" WIDTH="34"/>
						<String ID="P6_ST00471" HPOS="1650" VPOS="3638" WIDTH="266" HEIGHT="49" CONTENT="listeners" WC="0.99" CC="450000040"/>
						<SP ID="P6_SP00418" HPOS="1916" VPOS="3710" WIDTH="31"/>
						<String ID="P6_ST00472" HPOS="1947" VPOS="3635" WIDTH="120" HEIGHT="60" CONTENT="just" WC="0.99" CC="2400"/>
						<SP ID="P6_SP00419" HPOS="2067" VPOS="3710" WIDTH="33"/>
						<String ID="P6_ST00473" HPOS="2100" VPOS="3635" WIDTH="125" HEIGHT="50" CONTENT="that" WC="0.99" CC="0600"/>
					</TextLine>
					<TextLine ID="P6_TL00053" HPOS="225" VPOS="3700" WIDTH="2000" HEIGHT="69">
						<String ID="P6_ST00474" HPOS="225" VPOS="3715" WIDTH="240" HEIGHT="54" CONTENT="number" WC="0.98" CC="880205"/>
						<SP ID="P6_SP00420" HPOS="465" VPOS="3769" WIDTH="33"/>
						<String ID="P6_ST00475" HPOS="498" VPOS="3713" WIDTH="63" HEIGHT="51" CONTENT="of" WC="0.69" CC="06"/>
						<SP ID="P6_SP00421" HPOS="561" VPOS="3769" WIDTH="31"/>
						<String ID="P6_ST00476" HPOS="592" VPOS="3728" WIDTH="129" HEIGHT="33" CONTENT="men" WC="0.99" CC="001"/>
						<SP ID="P6_SP00422" HPOS="721" VPOS="3769" WIDTH="35"/>
						<String ID="P6_ST00477" HPOS="756" VPOS="3708" WIDTH="111" HEIGHT="52" CONTENT="and" WC="0.97" CC="080"/>
						<SP ID="P6_SP00423" HPOS="867" VPOS="3769" WIDTH="34"/>
						<String ID="P6_ST00478" HPOS="901" VPOS="3723" WIDTH="223" HEIGHT="36" CONTENT="women" WC="0.99" CC="01008"/>
						<SP ID="P6_SP00424" HPOS="1124" VPOS="3769" WIDTH="36"/>
						<String ID="P6_ST00479" HPOS="1160" VPOS="3705" WIDTH="123" HEIGHT="50" CONTENT="that" WC="1.00" CC="0100"/>
						<SP ID="P6_SP00425" HPOS="1283" VPOS="3769" WIDTH="34"/>
						<String ID="P6_ST00480" HPOS="1317" VPOS="3703" WIDTH="167" HEIGHT="50" CONTENT="could" WC="0.98" CC="01550"/>
						<SP ID="P6_SP00426" HPOS="1484" VPOS="3769" WIDTH="34"/>
						<String ID="P6_ST00481" HPOS="1518" VPOS="3701" WIDTH="258" HEIGHT="63" CONTENT="possibly" WC="1.00" CC="01003400"/>
						<SP ID="P6_SP00427" HPOS="1776" VPOS="3769" WIDTH="34"/>
						<String ID="P6_ST00482" HPOS="1810" VPOS="3703" WIDTH="69" HEIGHT="49" CONTENT="be" WC="0.81" CC="30"/>
						<SP ID="P6_SP00428" HPOS="1879" VPOS="3769" WIDTH="35"/>
						<String ID="P6_ST00483" HPOS="1914" VPOS="3700" WIDTH="311" HEIGHT="51" CONTENT="addressed" WC="1.00" CC="000000000"/>
					</TextLine>
					<TextLine ID="P6_TL00054" HPOS="224" VPOS="3765" WIDTH="2000" HEIGHT="76">
						<String ID="P6_ST00484" HPOS="224" VPOS="3781" WIDTH="75" HEIGHT="60" CONTENT="by" WC="0.63" CC="70"/>
						<SP ID="P6_SP00429" HPOS="299" VPOS="3841" WIDTH="30"/>
						<String ID="P6_ST00485" HPOS="329" VPOS="3795" WIDTH="70" HEIGHT="35" CONTENT="an" WC="0.58" CC="08"/>
						<SP ID="P6_SP00430" HPOS="399" VPOS="3841" WIDTH="33"/>
						<String ID="P6_ST00486" HPOS="432" VPOS="3773" WIDTH="309" HEIGHT="54" CONTENT="individual" WC="0.99" CC="5100080276"/>
						<SP ID="P6_SP00431" HPOS="741" VPOS="3841" WIDTH="32"/>
						<String ID="P6_ST00487" HPOS="773" VPOS="3773" WIDTH="242" HEIGHT="50" CONTENT="without" WC="0.99" CC="0307060"/>
						<SP ID="P6_SP00432" HPOS="1015" VPOS="3841" WIDTH="32"/>
						<String ID="P6_ST00488" HPOS="1047" VPOS="3769" WIDTH="189" HEIGHT="61" CONTENT="losing" WC="0.97" CC="550589"/>
						<SP ID="P6_SP00433" HPOS="1236" VPOS="3841" WIDTH="29"/>
						<String ID="P6_ST00489" HPOS="1265" VPOS="3767" WIDTH="96" HEIGHT="50" CONTENT="the" WC="0.97" CC="070"/>
						<SP ID="P6_SP00434" HPOS="1361" VPOS="3841" WIDTH="34"/>
						<String ID="P6_ST00490" HPOS="1395" VPOS="3767" WIDTH="269" HEIGHT="59" CONTENT="intimacy" WC="0.99" CC="86000000"/>
						<SP ID="P6_SP00435" HPOS="1664" VPOS="3841" WIDTH="32"/>
						<String ID="P6_ST00491" HPOS="1696" VPOS="3766" WIDTH="62" HEIGHT="50" CONTENT="of" WC="0.63" CC="43"/>
						<SP ID="P6_SP00436" HPOS="1758" VPOS="3841" WIDTH="31"/>
						<String ID="P6_ST00492" HPOS="1789" VPOS="3784" WIDTH="29" HEIGHT="30" CONTENT="a" WC="1.00" CC="0"/>
						<SP ID="P6_SP00437" HPOS="1818" VPOS="3841" WIDTH="33"/>
						<String ID="P6_ST00493" HPOS="1851" VPOS="3765" WIDTH="123" HEIGHT="51" CONTENT="face" WC="0.97" CC="2900"/>
						<SP ID="P6_SP00438" HPOS="1974" VPOS="3841" WIDTH="34"/>
						<String ID="P6_ST00494" HPOS="2008" VPOS="3773" WIDTH="59" HEIGHT="41" CONTENT="to" WC="0.76" CC="04"/>
						<SP ID="P6_SP00439" HPOS="2067" VPOS="3841" WIDTH="34"/>
						<String ID="P6_ST00495" HPOS="2101" VPOS="3765" WIDTH="123" HEIGHT="49" CONTENT="face" WC="0.99" CC="3000"/>
					</TextLine>
					<TextLine ID="P6_TL00055" HPOS="224" VPOS="3844" WIDTH="133" HEIGHT="50">
						<String ID="P6_ST00496" HPOS="224" VPOS="3844" WIDTH="133" HEIGHT="50" CONTENT="talk." WC="0.96" CC="29880"/>
					</TextLine>
				</TextBlock>
			</PrintSpace>
		</Page>
	</Layout>
</alto>
