<?xml version="1.0" encoding="UTF-8"?>
<alto xmlns:xsi="http://www.w3.org/2001/XMLSchema-instance" xmlns="http://www.loc.gov/standards/alto/ns-v2#" xsi:schemaLocation="http://www.loc.gov/standards/alto/ns-v2# http://www.loc.gov/standards/alto/v2/alto-2-0.xsd" xmlns:xlink="http://www.w3.org/1999/xlink">
	<Description>
		<MeasurementUnit>mm10</MeasurementUnit>
		<sourceImageInformation>
			<fileName>./bmtnabr_1916-03_01_0083.jp2</fileName>
		</sourceImageInformation>
		<OCRProcessing ID="OCRPROCESSING_1">
			<preProcessingStep>
				<processingSoftware>
					<softwareCreator>CCS Content Conversion Specialists GmbH, Germany</softwareCreator>
					<softwareName>CCS docWorks</softwareName>
					<softwareVersion>6.8-1.27</softwareVersion>
				</processingSoftware>
			</preProcessingStep>
			<ocrProcessingStep>
				<processingSoftware>
					<softwareCreator>ABBYY (BIT Software), Russia</softwareCreator>
					<softwareName>FineReader</softwareName>
					<softwareVersion>11.0</softwareVersion>
				</processingSoftware>
			</ocrProcessingStep>
			<postProcessingStep>
				<processingSoftware>
					<softwareCreator>CCS Content Conversion Specialists GmbH, Germany</softwareCreator>
					<softwareName>CCS docWorks</softwareName>
					<softwareVersion>6.8-1.27</softwareVersion>
					<applicationDescription>docWorks: Text modified manually, or automatically replaced</applicationDescription>
				</processingSoftware>
			</postProcessingStep>
		</OCRProcessing>
	</Description>
	<Styles>
		<TextStyle ID="TXT_0" FONTSIZE="17" FONTFAMILY="Times New Roman" FONTSTYLE="bold italics"/>
		<TextStyle ID="TXT_1" FONTSIZE="29" FONTFAMILY="Times New Roman"/>
		<TextStyle ID="TXT_2" FONTSIZE="21" FONTFAMILY="Times New Roman"/>
		<TextStyle ID="TXT_3" FONTSIZE="17" FONTFAMILY="Times New Roman"/>
		<TextStyle ID="TXT_4" FONTSIZE="9" FONTFAMILY="Times New Roman"/>
		<TextStyle ID="TXT_5" FONTSIZE="14" FONTFAMILY="Times New Roman" FONTSTYLE="bold italics"/>
		<ParagraphStyle ID="PAR_LEFT" ALIGN="Left"/>
		<ParagraphStyle ID="PAR_RIGHT" ALIGN="Right"/>
		<ParagraphStyle ID="PAR_BLOCK" ALIGN="Block"/>
	</Styles>
	<Layout>
		<Page ID="P83" PHYSICAL_IMG_NR="83" HEIGHT="4572" WIDTH="3353" PRINTED_IMG_NR="339" PC="0.871">
			<TopMargin ID="P83_TM00001" HPOS="0" VPOS="0" WIDTH="3353" HEIGHT="561">
				<TextBlock ID="P83_TB00001" HPOS="917" VPOS="507" WIDTH="1033" HEIGHT="51" STYLEREFS="TXT_0 PAR_LEFT">
					<TextLine ID="P83_TL00001" HPOS="917" VPOS="508" WIDTH="1033" HEIGHT="50">
						<String ID="P83_ST00001" HPOS="917" VPOS="508" WIDTH="231" HEIGHT="50" CONTENT="Heinrich" WC="0.99" CC="06640117"/>
						<SP ID="P83_SP00001" HPOS="1148" VPOS="558" WIDTH="28"/>
						<String ID="P83_ST00002" HPOS="1176" VPOS="508" WIDTH="310" HEIGHT="49" CONTENT="Lautensacß" WC="0.72" CC="0400634404"/>
						<SP ID="P83_SP00002" HPOS="1486" VPOS="558" WIDTH="28"/>
						<String ID="P83_ST00003" HPOS="1514" VPOS="532" WIDTH="9" HEIGHT="11" CONTENT="•" WC="0.20" CC="8"/>
						<SP ID="P83_SP00003" HPOS="1523" VPOS="558" WIDTH="36"/>
						<String ID="P83_ST00004" HPOS="1559" VPOS="509" WIDTH="118" HEIGHT="49" CONTENT="Das" WC="0.97" CC="403"/>
						<SP ID="P83_SP00004" HPOS="1677" VPOS="558" WIDTH="43"/>
						<String ID="P83_ST00005" HPOS="1720" VPOS="508" WIDTH="230" HEIGHT="49" CONTENT="Gefüßde" WC="0.46" CC="0960559"/>
					</TextLine>
				</TextBlock>
				<TextBlock ID="P83_TB00002" HPOS="2450" VPOS="510" WIDTH="92" HEIGHT="48" STYLEREFS="TXT_1 PAR_RIGHT">
					<TextLine ID="P83_TL00002" HPOS="2450" VPOS="510" WIDTH="92" HEIGHT="48">
						<String ID="P83_ST00006" HPOS="2450" VPOS="510" WIDTH="92" HEIGHT="48" CONTENT="339" WC="1.00" CC="000"/>
					</TextLine>
				</TextBlock>
			</TopMargin>
			<LeftMargin ID="P83_LM00001" HPOS="0" VPOS="561" WIDTH="323" HEIGHT="3957"/>
			<RightMargin ID="P83_RM00001" HPOS="3298" VPOS="561" WIDTH="55" HEIGHT="3957"/>
			<BottomMargin ID="P83_BM00001" HPOS="0" VPOS="4518" WIDTH="3353" HEIGHT="54"/>
			<PrintSpace ID="P83_PS00001" HPOS="323" VPOS="561" WIDTH="2975" HEIGHT="3957">
				<TextBlock ID="P83_TB00003" HPOS="323" VPOS="695" WIDTH="2230" HEIGHT="3329" STYLEREFS="TXT_2 PAR_BLOCK">
					<TextLine ID="P83_TL00003" HPOS="324" VPOS="695" WIDTH="2221" HEIGHT="72">
						<String ID="P83_ST00007" HPOS="324" VPOS="701" WIDTH="134" HEIGHT="65" CONTENT="Und" WC="0.93" CC="667"/>
						<SP ID="P83_SP00005" HPOS="458" VPOS="766" WIDTH="38"/>
						<String ID="P83_ST00008" HPOS="496" VPOS="722" WIDTH="144" HEIGHT="39" CONTENT="vorn" WC="0.97" CC="0066"/>
						<SP ID="P83_SP00006" HPOS="640" VPOS="766" WIDTH="40"/>
						<String ID="P83_ST00009" HPOS="680" VPOS="697" WIDTH="126" HEIGHT="62" CONTENT="sind" WC="0.97" CC="0069"/>
						<SP ID="P83_SP00007" HPOS="806" VPOS="766" WIDTH="32"/>
						<String ID="P83_ST00010" HPOS="838" VPOS="720" WIDTH="67" HEIGHT="38" CONTENT="so" WC="0.77" CC="04"/>
						<SP ID="P83_SP00008" HPOS="905" VPOS="766" WIDTH="33"/>
						<String ID="P83_ST00011" HPOS="938" VPOS="697" WIDTH="111" HEIGHT="60" CONTENT="viel" WC="0.98" CC="0047"/>
						<SP ID="P83_SP00009" HPOS="1049" VPOS="766" WIDTH="39"/>
						<String ID="P83_ST00012" HPOS="1088" VPOS="695" WIDTH="189" HEIGHT="60" CONTENT="Plätze" WC="0.98" CC="270375"/>
						<SP ID="P83_SP00010" HPOS="1277" VPOS="766" WIDTH="31"/>
						<String ID="P83_ST00013" HPOS="1308" VPOS="705" WIDTH="311" HEIGHT="62" CONTENT="reserviert," WC="0.99" CC="70005030664"/>
						<SP ID="P83_SP00011" HPOS="1619" VPOS="767" WIDTH="43"/>
						<String ID="P83_ST00014" HPOS="1662" VPOS="695" WIDTH="89" HEIGHT="62" CONTENT="die" WC="1.00" CC="000"/>
						<SP ID="P83_SP00012" HPOS="1751" VPOS="767" WIDTH="33"/>
						<String ID="P83_ST00015" HPOS="1784" VPOS="696" WIDTH="136" HEIGHT="61" CONTENT="nodi" WC="0.52" CC="1097"/>
						<SP ID="P83_SP00013" HPOS="1920" VPOS="767" WIDTH="42"/>
						<String ID="P83_ST00016" HPOS="1962" VPOS="695" WIDTH="247" HEIGHT="62" CONTENT="halbleer" WC="0.98" CC="74677004"/>
						<SP ID="P83_SP00014" HPOS="2209" VPOS="767" WIDTH="31"/>
						<String ID="P83_ST00017" HPOS="2240" VPOS="695" WIDTH="143" HEIGHT="63" CONTENT="sind." WC="0.99" CC="03103"/>
						<SP ID="P83_SP00015" HPOS="2383" VPOS="767" WIDTH="42"/>
						<String ID="P83_ST00018" HPOS="2425" VPOS="696" WIDTH="120" HEIGHT="59" CONTENT="Für" WC="0.97" CC="205"/>
					</TextLine>
					<TextLine ID="P83_TL00004" HPOS="326" VPOS="789" WIDTH="2220" HEIGHT="77">
						<String ID="P83_ST00019" HPOS="326" VPOS="799" WIDTH="84" HEIGHT="61" CONTENT="die" WC="0.96" CC="900"/>
						<SP ID="P83_SP00016" HPOS="410" VPOS="860" WIDTH="38"/>
						<String ID="P83_ST00020" HPOS="448" VPOS="790" WIDTH="381" HEIGHT="65" CONTENT="Verwanden" WC="0.98" CC="406735086"/>
						<SP ID="P83_SP00017" HPOS="829" VPOS="860" WIDTH="48"/>
						<String ID="P83_ST00021" HPOS="877" VPOS="813" WIDTH="117" HEIGHT="38" CONTENT="von" WC="0.97" CC="026"/>
						<SP ID="P83_SP00018" HPOS="994" VPOS="860" WIDTH="52"/>
						<String ID="P83_ST00022" HPOS="1046" VPOS="789" WIDTH="98" HEIGHT="60" CONTENT="der" WC="0.98" CC="006"/>
						<SP ID="P83_SP00019" HPOS="1144" VPOS="860" WIDTH="47"/>
						<String ID="P83_ST00023" HPOS="1191" VPOS="789" WIDTH="284" HEIGHT="77" CONTENT="gräflichh" WC="0.80" CC="060604000"/>
						<SP ID="P83_SP00020" HPOS="1475" VPOS="866" WIDTH="41"/>
						<String ID="P83_ST00024" HPOS="1516" VPOS="789" WIDTH="448" HEIGHT="62" CONTENT="Himmelsbraut" WC="0.99" CC="500007095645"/>
						<SP ID="P83_SP00021" HPOS="1964" VPOS="866" WIDTH="46"/>
						<String ID="P83_ST00025" HPOS="2010" VPOS="789" WIDTH="287" HEIGHT="76" CONTENT="jedhfalls," WC="0.82" CC="8000600002"/>
						<SP ID="P83_SP00022" HPOS="2297" VPOS="866" WIDTH="55"/>
						<String ID="P83_ST00026" HPOS="2352" VPOS="789" WIDTH="194" HEIGHT="59" CONTENT="Unser" WC="0.98" CC="62025"/>
					</TextLine>
					<TextLine ID="P83_TL00005" HPOS="324" VPOS="881" WIDTH="2225" HEIGHT="88">
						<String ID="P83_ST00027" HPOS="324" VPOS="896" WIDTH="217" HEIGHT="73" CONTENT="jetziger" WC="0.99" CC="70060606"/>
						<SP ID="P83_SP00023" HPOS="541" VPOS="969" WIDTH="31"/>
						<String ID="P83_ST00028" HPOS="572" VPOS="885" WIDTH="422" HEIGHT="77" CONTENT="Justizminister" WC="0.99" CC="65004605040005"/>
						<SP ID="P83_SP00024" HPOS="994" VPOS="969" WIDTH="24"/>
						<String ID="P83_ST00029" HPOS="1018" VPOS="881" WIDTH="106" HEIGHT="62" CONTENT="soll" WC="0.97" CC="0077"/>
						<SP ID="P83_SP00025" HPOS="1124" VPOS="969" WIDTH="24"/>
						<String ID="P83_ST00030" HPOS="1148" VPOS="891" WIDTH="56" HEIGHT="68" CONTENT="ja" WC="0.64" CC="70"/>
						<SP ID="P83_SP00026" HPOS="1204" VPOS="969" WIDTH="40"/>
						<String ID="P83_ST00031" HPOS="1244" VPOS="881" WIDTH="135" HEIGHT="61" CONTENT="auch" WC="0.96" CC="3077"/>
						<SP ID="P83_SP00027" HPOS="1379" VPOS="969" WIDTH="143"/>
						<String ID="P83_ST00032" HPOS="1522" VPOS="881" WIDTH="117" HEIGHT="61" CONTENT="und" WC="0.98" CC="600"/>
						<SP ID="P83_SP00028" HPOS="1639" VPOS="969" WIDTH="40"/>
						<String ID="P83_ST00033" HPOS="1679" VPOS="905" WIDTH="156" HEIGHT="37" CONTENT="zwar" WC="0.97" CC="0816"/>
						<SP ID="P83_SP00029" HPOS="1835" VPOS="969" WIDTH="42"/>
						<String ID="P83_ST00034" HPOS="1877" VPOS="890" WIDTH="89" HEIGHT="52" CONTENT="ein" WC="0.96" CC="054"/>
						<SP ID="P83_SP00030" HPOS="1966" VPOS="969" WIDTH="39"/>
						<String ID="P83_ST00035" HPOS="2005" VPOS="905" WIDTH="99" HEIGHT="54" CONTENT="gar" WC="0.96" CC="046"/>
						<SP ID="P83_SP00031" HPOS="2104" VPOS="969" WIDTH="41"/>
						<String ID="P83_ST00036" HPOS="2145" VPOS="881" WIDTH="138" HEIGHT="61" CONTENT="nicht" WC="0.97" CC="30970"/>
						<SP ID="P83_SP00032" HPOS="2283" VPOS="969" WIDTH="32"/>
						<String ID="P83_ST00037" HPOS="2315" VPOS="905" WIDTH="68" HEIGHT="37" CONTENT="so" WC="0.69" CC="06"/>
						<SP ID="P83_SP00033" HPOS="2383" VPOS="969" WIDTH="33"/>
						<String ID="P83_ST00038" HPOS="2416" VPOS="890" WIDTH="133" HEIGHT="52" CONTENT="weit" WC="0.97" CC="7053"/>
					</TextLine>
					<TextLine ID="P83_TL00006" HPOS="331" VPOS="974" WIDTH="1645" HEIGHT="71">
						<String ID="P83_ST00039" HPOS="331" VPOS="980" WIDTH="302" HEIGHT="65" CONTENT="entfernter" WC="0.99" CC="0005061006"/>
						<SP ID="P83_SP00034" HPOS="633" VPOS="1045" WIDTH="157"/>
						<String ID="P83_ST00040" HPOS="790" VPOS="975" WIDTH="383" HEIGHT="62" CONTENT="Verwandter" WC="0.99" CC="0079600046"/>
						<SP ID="P83_SP00035" HPOS="1173" VPOS="1045" WIDTH="41"/>
						<String ID="P83_ST00041" HPOS="1214" VPOS="998" WIDTH="115" HEIGHT="37" CONTENT="von" WC="0.97" CC="044"/>
						<SP ID="P83_SP00036" HPOS="1329" VPOS="1045" WIDTH="42"/>
						<String ID="P83_ST00042" HPOS="1371" VPOS="974" WIDTH="83" HEIGHT="61" CONTENT="ihr" WC="0.94" CC="475"/>
						<SP ID="P83_SP00037" HPOS="1454" VPOS="1045" WIDTH="39"/>
						<String ID="P83_ST00043" HPOS="1493" VPOS="985" WIDTH="134" HEIGHT="51" CONTENT="sein," WC="0.98" CC="00473"/>
						<SP ID="P83_SP00038" HPOS="1627" VPOS="1045" WIDTH="35"/>
						<String ID="P83_ST00044" HPOS="1662" VPOS="984" WIDTH="95" HEIGHT="55" CONTENT="(Sie" WC="0.99" CC="0005" STYLEREFS="TXT_3"/>
						<SP ID="P83_SP00039" HPOS="1757" VPOS="1045" WIDTH="33"/>
						<String ID="P83_ST00045" HPOS="1790" VPOS="985" WIDTH="186" HEIGHT="54" CONTENT="seufzt.)" WC="0.99" CC="11506000" STYLEREFS="TXT_3"/>
					</TextLine>
					<TextLine ID="P83_TL00007" HPOS="397" VPOS="1074" WIDTH="1989" HEIGHT="64">
						<String ID="P83_ST00046" HPOS="397" VPOS="1074" WIDTH="198" HEIGHT="61" CONTENT="Herrn" WC="0.95" CC="67788"/>
						<SP ID="P83_SP00040" HPOS="595" VPOS="1135" WIDTH="12"/>
						<String ID="P83_ST00047" HPOS="607" VPOS="1081" WIDTH="104" HEIGHT="50" CONTENT="ine" WC="0.97" CC="260"/>
						<SP ID="P83_SP00041" HPOS="711" VPOS="1135" WIDTH="42"/>
						<String ID="P83_ST00048" HPOS="753" VPOS="1078" WIDTH="91" HEIGHT="55" CONTENT="(die" WC="0.95" CC="7736" STYLEREFS="TXT_3"/>
						<SP ID="P83_SP00042" HPOS="844" VPOS="1135" WIDTH="33"/>
						<String ID="P83_ST00049" HPOS="877" VPOS="1078" WIDTH="145" HEIGHT="48" CONTENT="Leute" WC="0.98" CC="05601" STYLEREFS="TXT_3"/>
						<SP ID="P83_SP00043" HPOS="1022" VPOS="1135" WIDTH="32"/>
						<String ID="P83_ST00050" HPOS="1054" VPOS="1076" WIDTH="214" HEIGHT="49" CONTENT="kommen" WC="0.98" CC="510064" STYLEREFS="TXT_3"/>
						<SP ID="P83_SP00044" HPOS="1268" VPOS="1135" WIDTH="32"/>
						<String ID="P83_ST00051" HPOS="1300" VPOS="1076" WIDTH="132" HEIGHT="58" CONTENT="sieht," WC="0.98" CC="142704" STYLEREFS="TXT_3"/>
						<SP ID="P83_SP00045" HPOS="1432" VPOS="1135" WIDTH="37"/>
						<String ID="P83_ST00052" HPOS="1469" VPOS="1078" WIDTH="127" HEIGHT="60" CONTENT="zupft" WC="0.98" CC="45300" STYLEREFS="TXT_3"/>
						<SP ID="P83_SP00046" HPOS="1596" VPOS="1138" WIDTH="31"/>
						<String ID="P83_ST00053" HPOS="1627" VPOS="1082" WIDTH="67" HEIGHT="44" CONTENT="sie" WC="0.96" CC="063" STYLEREFS="TXT_3"/>
						<SP ID="P83_SP00047" HPOS="1694" VPOS="1138" WIDTH="32"/>
						<String ID="P83_ST00054" HPOS="1726" VPOS="1083" WIDTH="72" HEIGHT="45" CONTENT="ein" WC="0.94" CC="365" STYLEREFS="TXT_3"/>
						<SP ID="P83_SP00048" HPOS="1798" VPOS="1138" WIDTH="33"/>
						<String ID="P83_ST00055" HPOS="1831" VPOS="1077" WIDTH="213" HEIGHT="61" CONTENT="paarmal" WC="0.98" CC="5546057" STYLEREFS="TXT_3"/>
						<SP ID="P83_SP00049" HPOS="2044" VPOS="1138" WIDTH="33"/>
						<String ID="P83_ST00056" HPOS="2077" VPOS="1095" WIDTH="75" HEIGHT="30" CONTENT="am" WC="0.36" CC="75" STYLEREFS="TXT_3"/>
						<SP ID="P83_SP00050" HPOS="2152" VPOS="1138" WIDTH="37"/>
						<String ID="P83_ST00057" HPOS="2189" VPOS="1076" WIDTH="197" HEIGHT="55" CONTENT="Ärmel)." WC="0.98" CC="0506770" STYLEREFS="TXT_3"/>
					</TextLine>
					<TextLine ID="P83_TL00008" HPOS="397" VPOS="1161" WIDTH="1886" HEIGHT="78">
						<String ID="P83_ST00058" HPOS="397" VPOS="1166" WIDTH="266" HEIGHT="62" CONTENT="FräuTn" WC="0.57" CC="260285"/>
						<SP ID="P83_SP00051" HPOS="663" VPOS="1228" WIDTH="42"/>
						<String ID="P83_ST00059" HPOS="705" VPOS="1161" WIDTH="278" HEIGHT="63" CONTENT="Theres:" WC="0.99" CC="5006005"/>
						<SP ID="P83_SP00052" HPOS="983" VPOS="1228" WIDTH="44"/>
						<String ID="P83_ST00060" HPOS="1027" VPOS="1162" WIDTH="151" HEIGHT="61" CONTENT="Was" WC="0.96" CC="730"/>
						<SP ID="P83_SP00053" HPOS="1178" VPOS="1228" WIDTH="43"/>
						<String ID="P83_ST00061" HPOS="1221" VPOS="1162" WIDTH="186" HEIGHT="61" CONTENT="woll'n" WC="0.59" CC="008880"/>
						<SP ID="P83_SP00054" HPOS="1407" VPOS="1228" WIDTH="42"/>
						<String ID="P83_ST00062" HPOS="1449" VPOS="1161" WIDTH="29" HEIGHT="78" CONTENT="S" WC="1.00" CC="0"/>
						<SP ID="P83_SP00055" HPOS="1478" VPOS="1239" WIDTH="30"/>
						<String ID="P83_ST00063" HPOS="1508" VPOS="1161" WIDTH="29" HEIGHT="78" CONTENT="7" STYLE="superscript" WC="1.00" CC="0" STYLEREFS="TXT_4"/>
						<SP ID="P83_SP00056" HPOS="1537" VPOS="1239" WIDTH="30"/>
						<String ID="P83_ST00064" HPOS="1567" VPOS="1161" WIDTH="147" HEIGHT="78" CONTENT="denn," WC="0.99" CC="00234"/>
						<SP ID="P83_SP00057" HPOS="1714" VPOS="1239" WIDTH="41"/>
						<String ID="P83_ST00065" HPOS="1755" VPOS="1163" WIDTH="157" HEIGHT="60" CONTENT="Frau" WC="0.97" CC="3640"/>
						<SP ID="P83_SP00058" HPOS="1912" VPOS="1239" WIDTH="40"/>
						<String ID="P83_ST00066" HPOS="1952" VPOS="1162" WIDTH="331" HEIGHT="77" CONTENT="Pfaffinger?" WC="0.66" CC="05464220046"/>
					</TextLine>
					<TextLine ID="P83_TL00009" HPOS="326" VPOS="1270" WIDTH="2221" HEIGHT="63">
						<String ID="P83_ST00067" HPOS="326" VPOS="1279" WIDTH="84" HEIGHT="54" CONTENT="(Es" WC="0.96" CC="710" STYLEREFS="TXT_3"/>
						<SP ID="P83_SP00059" HPOS="410" VPOS="1333" WIDTH="42"/>
						<String ID="P83_ST00068" HPOS="452" VPOS="1275" WIDTH="141" HEIGHT="51" CONTENT="bildet" WC="0.97" CC="763900" STYLEREFS="TXT_3"/>
						<SP ID="P83_SP00060" HPOS="593" VPOS="1333" WIDTH="40"/>
						<String ID="P83_ST00069" HPOS="633" VPOS="1274" WIDTH="89" HEIGHT="49" CONTENT="sich" WC="0.97" CC="3507" STYLEREFS="TXT_3"/>
						<SP ID="P83_SP00061" HPOS="722" VPOS="1333" WIDTH="41"/>
						<String ID="P83_ST00070" HPOS="763" VPOS="1279" WIDTH="102" HEIGHT="43" CONTENT="eine" WC="0.97" CC="5205" STYLEREFS="TXT_3"/>
						<SP ID="P83_SP00062" HPOS="865" VPOS="1333" WIDTH="35"/>
						<String ID="P83_ST00071" HPOS="900" VPOS="1271" WIDTH="158" HEIGHT="50" CONTENT="Gasse" WC="0.99" CC="02002" STYLEREFS="TXT_3"/>
						<SP ID="P83_SP00063" HPOS="1058" VPOS="1333" WIDTH="38"/>
						<String ID="P83_ST00072" HPOS="1096" VPOS="1289" WIDTH="97" HEIGHT="30" CONTENT="von" WC="0.97" CC="006" STYLEREFS="TXT_3"/>
						<SP ID="P83_SP00064" HPOS="1193" VPOS="1333" WIDTH="35"/>
						<String ID="P83_ST00073" HPOS="1228" VPOS="1270" WIDTH="214" HEIGHT="49" CONTENT="Gaffern:" WC="0.98" CC="25004555" STYLEREFS="TXT_3"/>
						<SP ID="P83_SP00065" HPOS="1442" VPOS="1333" WIDTH="35"/>
						<String ID="P83_ST00074" HPOS="1477" VPOS="1271" WIDTH="68" HEIGHT="50" CONTENT="Es" WC="0.74" CC="50" STYLEREFS="TXT_3"/>
						<SP ID="P83_SP00066" HPOS="1545" VPOS="1333" WIDTH="42"/>
						<String ID="P83_ST00075" HPOS="1587" VPOS="1271" WIDTH="236" HEIGHT="50" CONTENT="kommen;" WC="0.98" CC="4004644" STYLEREFS="TXT_3"/>
						<SP ID="P83_SP00067" HPOS="1823" VPOS="1333" WIDTH="46"/>
						<String ID="P83_ST00076" HPOS="1869" VPOS="1271" WIDTH="73" HEIGHT="50" CONTENT="die" WC="0.96" CC="045" STYLEREFS="TXT_3"/>
						<SP ID="P83_SP00068" HPOS="1942" VPOS="1333" WIDTH="31"/>
						<String ID="P83_ST00077" HPOS="1973" VPOS="1271" WIDTH="187" HEIGHT="56" CONTENT="Eltern," WC="0.98" CC="1705604" STYLEREFS="TXT_3"/>
						<SP ID="P83_SP00069" HPOS="2160" VPOS="1333" WIDTH="43"/>
						<String ID="P83_ST00078" HPOS="2203" VPOS="1270" WIDTH="344" HEIGHT="51" CONTENT="Oberleutnant" WC="0.99" CC="072474505300" STYLEREFS="TXT_3"/>
					</TextLine>
					<TextLine ID="P83_TL00010" HPOS="326" VPOS="1347" WIDTH="2221" HEIGHT="61">
						<String ID="P83_ST00079" HPOS="326" VPOS="1352" WIDTH="207" HEIGHT="52" CONTENT="Freiherr" WC="0.98" CC="57267460" STYLEREFS="TXT_3"/>
						<SP ID="P83_SP00070" HPOS="533" VPOS="1404" WIDTH="41"/>
						<String ID="P83_ST00080" HPOS="574" VPOS="1351" WIDTH="118" HEIGHT="48" CONTENT="Karl" WC="0.96" CC="0656" STYLEREFS="TXT_3"/>
						<SP ID="P83_SP00071" HPOS="692" VPOS="1404" WIDTH="40"/>
						<String ID="P83_ST00081" HPOS="732" VPOS="1369" WIDTH="98" HEIGHT="30" CONTENT="von" WC="0.99" CC="030" STYLEREFS="TXT_3"/>
						<SP ID="P83_SP00072" HPOS="830" VPOS="1404" WIDTH="40"/>
						<String ID="P83_ST00082" HPOS="870" VPOS="1349" WIDTH="160" HEIGHT="49" CONTENT="Ruchti" WC="0.59" CC="055760" STYLEREFS="TXT_3"/>
						<SP ID="P83_SP00073" HPOS="1030" VPOS="1404" WIDTH="43"/>
						<String ID="P83_ST00083" HPOS="1073" VPOS="1347" WIDTH="95" HEIGHT="49" CONTENT="und" WC="0.98" CC="400" STYLEREFS="TXT_3"/>
						<SP ID="P83_SP00074" HPOS="1168" VPOS="1404" WIDTH="38"/>
						<String ID="P83_ST00084" HPOS="1206" VPOS="1347" WIDTH="74" HEIGHT="50" CONTENT="die" WC="1.00" CC="001" STYLEREFS="TXT_3"/>
						<SP ID="P83_SP00075" HPOS="1280" VPOS="1404" WIDTH="39"/>
						<String ID="P83_ST00085" HPOS="1319" VPOS="1347" WIDTH="192" HEIGHT="61" CONTENT="übrigen" WC="0.97" CC="0764956" STYLEREFS="TXT_3"/>
						<SP ID="P83_SP00076" HPOS="1511" VPOS="1408" WIDTH="41"/>
						<String ID="P83_ST00086" HPOS="1552" VPOS="1354" WIDTH="99" HEIGHT="43" CONTENT="vier" WC="0.96" CC="0565" STYLEREFS="TXT_3"/>
						<SP ID="P83_SP00077" HPOS="1651" VPOS="1408" WIDTH="30"/>
						<String ID="P83_ST00087" HPOS="1681" VPOS="1349" WIDTH="177" HEIGHT="48" CONTENT="Brüder" WC="0.99" CC="070006" STYLEREFS="TXT_3"/>
						<SP ID="P83_SP00078" HPOS="1858" VPOS="1408" WIDTH="30"/>
						<String ID="P83_ST00088" HPOS="1888" VPOS="1347" WIDTH="320" HEIGHT="56" CONTENT="Helmtrudis'," WC="0.61" CC="668006490003" STYLEREFS="TXT_3"/>
						<SP ID="P83_SP00079" HPOS="2208" VPOS="1408" WIDTH="40"/>
						<String ID="P83_ST00089" HPOS="2248" VPOS="1352" WIDTH="146" HEIGHT="45" CONTENT="sowie" WC="0.98" CC="22702" STYLEREFS="TXT_3"/>
						<SP ID="P83_SP00080" HPOS="2394" VPOS="1408" WIDTH="40"/>
						<String ID="P83_ST00090" HPOS="2434" VPOS="1347" WIDTH="113" HEIGHT="49" CONTENT="noch" WC="0.97" CC="0167" STYLEREFS="TXT_3"/>
					</TextLine>
					<TextLine ID="P83_TL00011" HPOS="327" VPOS="1424" WIDTH="2220" HEIGHT="68">
						<String ID="P83_ST00091" HPOS="327" VPOS="1437" WIDTH="141" HEIGHT="55" CONTENT="einige" WC="0.98" CC="100653" STYLEREFS="TXT_3"/>
						<SP ID="P83_SP00081" HPOS="468" VPOS="1492" WIDTH="32"/>
						<String ID="P83_ST00092" HPOS="500" VPOS="1427" WIDTH="371" HEIGHT="51" CONTENT="Anverwandte." WC="0.99" CC="020469550044" STYLEREFS="TXT_3"/>
						<SP ID="P83_SP00082" HPOS="871" VPOS="1492" WIDTH="129"/>
						<String ID="P83_ST00093" HPOS="1000" VPOS="1424" WIDTH="348" HEIGHT="50" CONTENT="Offizierssäbel" WC="1.00" CC="00004603000047" STYLEREFS="TXT_3"/>
						<SP ID="P83_SP00083" HPOS="1348" VPOS="1492" WIDTH="33"/>
						<String ID="P83_ST00094" HPOS="1381" VPOS="1425" WIDTH="178" HEIGHT="49" CONTENT="klirren." WC="0.99" CC="07633200" STYLEREFS="TXT_3"/>
						<SP ID="P83_SP00084" HPOS="1559" VPOS="1492" WIDTH="36"/>
						<String ID="P83_ST00095" HPOS="1595" VPOS="1425" WIDTH="179" HEIGHT="61" CONTENT="Sporen" WC="0.99" CC="001640" STYLEREFS="TXT_3"/>
						<SP ID="P83_SP00085" HPOS="1774" VPOS="1492" WIDTH="32"/>
						<String ID="P83_ST00096" HPOS="1806" VPOS="1431" WIDTH="175" HEIGHT="55" CONTENT="singen," WC="0.99" CC="0040064" STYLEREFS="TXT_3"/>
						<SP ID="P83_SP00086" HPOS="1981" VPOS="1492" WIDTH="134"/>
						<String ID="P83_ST00097" HPOS="2115" VPOS="1426" WIDTH="91" HEIGHT="48" CONTENT="Die" WC="0.94" CC="456" STYLEREFS="TXT_3"/>
						<SP ID="P83_SP00087" HPOS="2206" VPOS="1492" WIDTH="30"/>
						<String ID="P83_ST00098" HPOS="2236" VPOS="1426" WIDTH="111" HEIGHT="47" CONTENT="fünf" WC="0.98" CC="4004" STYLEREFS="TXT_3"/>
						<SP ID="P83_SP00088" HPOS="2347" VPOS="1492" WIDTH="25"/>
						<String ID="P83_ST00099" HPOS="2372" VPOS="1425" WIDTH="175" HEIGHT="49" CONTENT="Brüder" WC="0.98" CC="350067" STYLEREFS="TXT_3"/>
					</TextLine>
					<TextLine ID="P83_TL00012" HPOS="326" VPOS="1502" WIDTH="2223" HEIGHT="66">
						<String ID="P83_ST00100" HPOS="326" VPOS="1509" WIDTH="99" HEIGHT="49" CONTENT="sind" WC="1.00" CC="0000" STYLEREFS="TXT_3"/>
						<SP ID="P83_SP00089" HPOS="425" VPOS="1558" WIDTH="31"/>
						<String ID="P83_ST00101" HPOS="456" VPOS="1515" WIDTH="45" HEIGHT="53" CONTENT="ja" WC="0.43" CC="65" STYLEREFS="TXT_3"/>
						<SP ID="P83_SP00090" HPOS="501" VPOS="1568" WIDTH="32"/>
						<String ID="P83_ST00102" HPOS="533" VPOS="1505" WIDTH="203" HEIGHT="51" CONTENT="sämtlich" WC="0.99" CC="04007707" STYLEREFS="TXT_3"/>
						<SP ID="P83_SP00091" HPOS="736" VPOS="1568" WIDTH="29"/>
						<String ID="P83_ST00103" HPOS="765" VPOS="1506" WIDTH="223" HEIGHT="48" CONTENT="Offiziere" WC="0.98" CC="052276371" STYLEREFS="TXT_3"/>
						<SP ID="P83_SP00092" HPOS="988" VPOS="1568" WIDTH="31"/>
						<String ID="P83_ST00104" HPOS="1019" VPOS="1502" WIDTH="97" HEIGHT="50" CONTENT="und" WC="0.96" CC="540" STYLEREFS="TXT_3"/>
						<SP ID="P83_SP00093" HPOS="1116" VPOS="1568" WIDTH="32"/>
						<String ID="P83_ST00105" HPOS="1148" VPOS="1502" WIDTH="80" HEIGHT="49" CONTENT="der" WC="0.97" CC="015" STYLEREFS="TXT_3"/>
						<SP ID="P83_SP00094" HPOS="1228" VPOS="1568" WIDTH="20"/>
						<String ID="P83_ST00106" HPOS="1248" VPOS="1502" WIDTH="152" HEIGHT="49" CONTENT="Vater" WC="0.98" CC="00057" STYLEREFS="TXT_3"/>
						<SP ID="P83_SP00095" HPOS="1400" VPOS="1568" WIDTH="22"/>
						<String ID="P83_ST00107" HPOS="1422" VPOS="1502" WIDTH="306" HEIGHT="50" CONTENT="Helmtrudis'" WC="0.65" CC="01600750538" STYLEREFS="TXT_3"/>
						<SP ID="P83_SP00096" HPOS="1728" VPOS="1568" WIDTH="23"/>
						<String ID="P83_ST00108" HPOS="1751" VPOS="1509" WIDTH="60" HEIGHT="43" CONTENT="ist" WC="0.98" CC="600" STYLEREFS="TXT_3"/>
						<SP ID="P83_SP00097" HPOS="1811" VPOS="1568" WIDTH="23"/>
						<String ID="P83_ST00109" HPOS="1834" VPOS="1520" WIDTH="81" HEIGHT="43" CONTENT="gar" WC="0.98" CC="050" STYLEREFS="TXT_3"/>
						<SP ID="P83_SP00098" HPOS="1915" VPOS="1568" WIDTH="23"/>
						<String ID="P83_ST00110" HPOS="1938" VPOS="1502" WIDTH="222" HEIGHT="50" CONTENT="General," WC="0.99" CC="00356203" STYLEREFS="TXT_3"/>
						<SP ID="P83_SP00099" HPOS="2160" VPOS="1568" WIDTH="107"/>
						<String ID="P83_ST00111" HPOS="2267" VPOS="1504" WIDTH="134" HEIGHT="48" CONTENT="Aber" WC="0.95" CC="4746" STYLEREFS="TXT_3"/>
						<SP ID="P83_SP00100" HPOS="2401" VPOS="1568" WIDTH="23"/>
						<String ID="P83_ST00112" HPOS="2424" VPOS="1502" WIDTH="125" HEIGHT="50" CONTENT="diese" WC="0.99" CC="00403" STYLEREFS="TXT_3"/>
					</TextLine>
					<TextLine ID="P83_TL00013" HPOS="327" VPOS="1578" WIDTH="2222" HEIGHT="69">
						<String ID="P83_ST00113" HPOS="327" VPOS="1604" WIDTH="140" HEIGHT="43" CONTENT="ganze" WC="0.97" CC="93043" STYLEREFS="TXT_3"/>
						<SP ID="P83_SP00101" HPOS="467" VPOS="1647" WIDTH="32"/>
						<String ID="P83_ST00114" HPOS="499" VPOS="1584" WIDTH="251" HEIGHT="50" CONTENT="vornehme" WC="0.99" CC="00505745" STYLEREFS="TXT_3"/>
						<SP ID="P83_SP00102" HPOS="750" VPOS="1647" WIDTH="22"/>
						<String ID="P83_ST00115" HPOS="772" VPOS="1582" WIDTH="140" HEIGHT="61" CONTENT="Sippe" WC="0.99" CC="00005" STYLEREFS="TXT_3"/>
						<SP ID="P83_SP00103" HPOS="912" VPOS="1647" WIDTH="31"/>
						<String ID="P83_ST00116" HPOS="943" VPOS="1582" WIDTH="177" HEIGHT="49" CONTENT="kommt" WC="1.00" CC="01000" STYLEREFS="TXT_3"/>
						<SP ID="P83_SP00104" HPOS="1120" VPOS="1647" WIDTH="33"/>
						<String ID="P83_ST00117" HPOS="1153" VPOS="1591" WIDTH="132" HEIGHT="38" CONTENT="sonst" WC="1.00" CC="00000" STYLEREFS="TXT_3"/>
						<SP ID="P83_SP00105" HPOS="1285" VPOS="1647" WIDTH="32"/>
						<String ID="P83_ST00118" HPOS="1317" VPOS="1578" WIDTH="218" HEIGHT="51" CONTENT="natürlich" WC="0.98" CC="660066607" STYLEREFS="TXT_3"/>
						<SP ID="P83_SP00106" HPOS="1535" VPOS="1647" WIDTH="33"/>
						<String ID="P83_ST00119" HPOS="1568" VPOS="1580" WIDTH="301" HEIGHT="59" CONTENT="schweigend," WC="0.99" CC="09005506504" STYLEREFS="TXT_3"/>
						<SP ID="P83_SP00107" HPOS="1869" VPOS="1647" WIDTH="32"/>
						<String ID="P83_ST00120" HPOS="1901" VPOS="1580" WIDTH="145" HEIGHT="49" CONTENT="außer" WC="0.97" CC="06426" STYLEREFS="TXT_3"/>
						<SP ID="P83_SP00108" HPOS="2046" VPOS="1647" WIDTH="31"/>
						<String ID="P83_ST00121" HPOS="2077" VPOS="1580" WIDTH="89" HEIGHT="48" CONTENT="daß" WC="0.98" CC="040" STYLEREFS="TXT_3"/>
						<SP ID="P83_SP00109" HPOS="2166" VPOS="1647" WIDTH="35"/>
						<String ID="P83_ST00122" HPOS="2201" VPOS="1580" WIDTH="72" HEIGHT="48" CONTENT="die" WC="0.96" CC="055" STYLEREFS="TXT_3"/>
						<SP ID="P83_SP00110" HPOS="2273" VPOS="1647" WIDTH="32"/>
						<String ID="P83_ST00123" HPOS="2305" VPOS="1578" WIDTH="138" HEIGHT="50" CONTENT="Säbel" WC="0.98" CC="00746" STYLEREFS="TXT_3"/>
						<SP ID="P83_SP00111" HPOS="2443" VPOS="1647" WIDTH="33"/>
						<String ID="P83_ST00124" HPOS="2476" VPOS="1585" WIDTH="73" HEIGHT="44" CONTENT="ein" WC="0.94" CC="662" STYLEREFS="TXT_3"/>
					</TextLine>
					<TextLine ID="P83_TL00014" HPOS="327" VPOS="1656" WIDTH="2226" HEIGHT="67">
						<String ID="P83_ST00125" HPOS="327" VPOS="1669" WIDTH="146" HEIGHT="54" CONTENT="wenig" WC="0.98" CC="94000" STYLEREFS="TXT_3"/>
						<SP ID="P83_SP00112" HPOS="473" VPOS="1723" WIDTH="35"/>
						<String ID="P83_ST00126" HPOS="508" VPOS="1662" WIDTH="83" HEIGHT="49" CONTENT="auf" WC="0.98" CC="040" STYLEREFS="TXT_3"/>
						<SP ID="P83_SP00113" HPOS="591" VPOS="1723" WIDTH="28"/>
						<String ID="P83_ST00127" HPOS="619" VPOS="1661" WIDTH="105" HEIGHT="51" CONTENT="dem" WC="0.97" CC="070" STYLEREFS="TXT_3"/>
						<SP ID="P83_SP00114" HPOS="724" VPOS="1723" WIDTH="31"/>
						<String ID="P83_ST00128" HPOS="755" VPOS="1661" WIDTH="188" HEIGHT="48" CONTENT="Pflaster" WC="0.99" CC="42220056" STYLEREFS="TXT_3"/>
						<SP ID="P83_SP00115" HPOS="943" VPOS="1723" WIDTH="32"/>
						<String ID="P83_ST00129" HPOS="975" VPOS="1658" WIDTH="182" HEIGHT="49" CONTENT="klirren." WC="0.98" CC="26406664" STYLEREFS="TXT_3"/>
						<SP ID="P83_SP00116" HPOS="1157" VPOS="1723" WIDTH="40"/>
						<String ID="P83_ST00130" HPOS="1197" VPOS="1657" WIDTH="76" HEIGHT="48" CONTENT="Sie" WC="0.96" CC="063" STYLEREFS="TXT_3"/>
						<SP ID="P83_SP00117" HPOS="1273" VPOS="1723" WIDTH="31"/>
						<String ID="P83_ST00131" HPOS="1304" VPOS="1667" WIDTH="147" HEIGHT="38" CONTENT="treten" WC="0.98" CC="054067" STYLEREFS="TXT_3"/>
						<SP ID="P83_SP00118" HPOS="1451" VPOS="1723" WIDTH="33"/>
						<String ID="P83_ST00132" HPOS="1484" VPOS="1657" WIDTH="209" HEIGHT="50" CONTENT="allesamt" WC="0.98" CC="77760540" STYLEREFS="TXT_3"/>
						<SP ID="P83_SP00119" HPOS="1693" VPOS="1723" WIDTH="40"/>
						<String ID="P83_ST00133" HPOS="1733" VPOS="1662" WIDTH="46" HEIGHT="43" CONTENT="in" WC="0.31" CC="67" STYLEREFS="TXT_3"/>
						<SP ID="P83_SP00120" HPOS="1779" VPOS="1723" WIDTH="32"/>
						<String ID="P83_ST00134" HPOS="1811" VPOS="1657" WIDTH="73" HEIGHT="50" CONTENT="die" WC="0.97" CC="053" STYLEREFS="TXT_3"/>
						<SP ID="P83_SP00121" HPOS="1884" VPOS="1723" WIDTH="32"/>
						<String ID="P83_ST00135" HPOS="1916" VPOS="1657" WIDTH="178" HEIGHT="50" CONTENT="Kirche," WC="0.98" CC="0479053" STYLEREFS="TXT_3"/>
						<SP ID="P83_SP00122" HPOS="2094" VPOS="1723" WIDTH="43"/>
						<String ID="P83_ST00136" HPOS="2137" VPOS="1656" WIDTH="114" HEIGHT="49" CONTENT="Und" WC="0.95" CC="760" STYLEREFS="TXT_3"/>
						<SP ID="P83_SP00123" HPOS="2251" VPOS="1723" WIDTH="31"/>
						<String ID="P83_ST00137" HPOS="2282" VPOS="1656" WIDTH="72" HEIGHT="49" CONTENT="die" WC="0.98" CC="021" STYLEREFS="TXT_3"/>
						<SP ID="P83_SP00124" HPOS="2354" VPOS="1723" WIDTH="35"/>
						<String ID="P83_ST00138" HPOS="2389" VPOS="1657" WIDTH="164" HEIGHT="50" CONTENT="Gaffer" WC="0.98" CC="060067" STYLEREFS="TXT_3"/>
					</TextLine>
					<TextLine ID="P83_TL00015" HPOS="1141" VPOS="1735" WIDTH="583" HEIGHT="61">
						<String ID="P83_ST00139" HPOS="1141" VPOS="1735" WIDTH="138" HEIGHT="49" CONTENT="ihnen" WC="0.97" CC="57605" STYLEREFS="TXT_3"/>
						<SP ID="P83_SP00125" HPOS="1279" VPOS="1784" WIDTH="30"/>
						<String ID="P83_ST00140" HPOS="1309" VPOS="1735" WIDTH="235" HEIGHT="61" CONTENT="wispernd" WC="0.99" CC="06606010" STYLEREFS="TXT_3"/>
						<SP ID="P83_SP00126" HPOS="1544" VPOS="1796" WIDTH="32"/>
						<String ID="P83_ST00141" HPOS="1576" VPOS="1735" WIDTH="148" HEIGHT="54" CONTENT="nach.)" WC="0.98" CC="671006" STYLEREFS="TXT_3"/>
					</TextLine>
					<TextLine ID="P83_TL00016" HPOS="401" VPOS="1812" WIDTH="2151" HEIGHT="66">
						<String ID="P83_ST00142" HPOS="401" VPOS="1817" WIDTH="317" HEIGHT="60" CONTENT="Hermine" WC="0.99" CC="3070014"/>
						<SP ID="P83_SP00127" HPOS="718" VPOS="1877" WIDTH="32"/>
						<String ID="P83_ST00143" HPOS="750" VPOS="1822" WIDTH="212" HEIGHT="56" CONTENT="(Fräul'n" WC="0.65" CC="03506605" STYLEREFS="TXT_3"/>
						<SP ID="P83_SP00128" HPOS="962" VPOS="1878" WIDTH="22"/>
						<String ID="P83_ST00144" HPOS="984" VPOS="1820" WIDTH="175" HEIGHT="51" CONTENT="Theres" WC="0.98" CC="605520" STYLEREFS="TXT_3"/>
						<SP ID="P83_SP00129" HPOS="1159" VPOS="1878" WIDTH="33"/>
						<String ID="P83_ST00145" HPOS="1192" VPOS="1825" WIDTH="70" HEIGHT="44" CONTENT="ins" WC="1.00" CC="000" STYLEREFS="TXT_3"/>
						<SP ID="P83_SP00130" HPOS="1262" VPOS="1878" WIDTH="25"/>
						<String ID="P83_ST00146" HPOS="1287" VPOS="1820" WIDTH="105" HEIGHT="49" CONTENT="Ohr" WC="0.98" CC="006" STYLEREFS="TXT_3"/>
						<SP ID="P83_SP00131" HPOS="1392" VPOS="1878" WIDTH="33"/>
						<String ID="P83_ST00147" HPOS="1425" VPOS="1820" WIDTH="270" HEIGHT="56" CONTENT="schreiend);" WC="0.99" CC="00056730071" STYLEREFS="TXT_3"/>
						<SP ID="P83_SP00132" HPOS="1695" VPOS="1878" WIDTH="36"/>
						<String ID="P83_ST00148" HPOS="1731" VPOS="1812" WIDTH="127" HEIGHT="60" CONTENT="Das" WC="1.00" CC="000"/>
						<SP ID="P83_SP00133" HPOS="1858" VPOS="1878" WIDTH="34"/>
						<String ID="P83_ST00149" HPOS="1892" VPOS="1835" WIDTH="122" HEIGHT="37" CONTENT="war" WC="0.78" CC="006"/>
						<String ID="P83_ST00150" HPOS="2016" VPOS="1812" WIDTH="17" HEIGHT="20" CONTENT="7" STYLE="superscript" WC="0.23" CC="7"/>
						<String ID="P83_ST00151" HPOS="2035" VPOS="1836" WIDTH="36" HEIGHT="36" CONTENT="n" WC="0.35" CC="6"/>
						<SP ID="P83_SP00134" HPOS="2071" VPOS="1878" WIDTH="33"/>
						<String ID="P83_ST00152" HPOS="2104" VPOS="1812" WIDTH="154" HEIGHT="61" CONTENT="wohl" WC="0.97" CC="0607"/>
						<SP ID="P83_SP00135" HPOS="2258" VPOS="1878" WIDTH="26"/>
						<String ID="P83_ST00153" HPOS="2284" VPOS="1812" WIDTH="91" HEIGHT="61" CONTENT="die" WC="1.00" CC="000"/>
						<SP ID="P83_SP00136" HPOS="2375" VPOS="1878" WIDTH="24"/>
						<String ID="P83_ST00154" HPOS="2399" VPOS="1812" WIDTH="153" HEIGHT="61" CONTENT="An*" WC="0.94" CC="564"/>
					</TextLine>
					<TextLine ID="P83_TL00017" HPOS="327" VPOS="1907" WIDTH="859" HEIGHT="80">
						<String ID="P83_ST00155" HPOS="327" VPOS="1910" WIDTH="331" HEIGHT="77" CONTENT="gehörigen" WC="0.99" CC="040260080"/>
						<SP ID="P83_SP00137" HPOS="658" VPOS="1987" WIDTH="248"/>
						<String ID="P83_ST00156" HPOS="906" VPOS="1932" WIDTH="116" HEIGHT="36" CONTENT="von" WC="0.96" CC="037"/>
						<SP ID="P83_SP00138" HPOS="1022" VPOS="1987" WIDTH="42"/>
						<String ID="P83_ST00157" HPOS="1064" VPOS="1907" WIDTH="122" HEIGHT="61" CONTENT="ihr!" WC="0.98" CC="3060"/>
					</TextLine>
					<TextLine ID="P83_TL00018" HPOS="404" VPOS="1998" WIDTH="2149" HEIGHT="66">
						<String ID="P83_ST00158" HPOS="404" VPOS="2004" WIDTH="266" HEIGHT="60" CONTENT="Fräulh" WC="0.71" CC="470400"/>
						<SP ID="P83_SP00139" HPOS="670" VPOS="2064" WIDTH="33"/>
						<String ID="P83_ST00159" HPOS="703" VPOS="2000" WIDTH="277" HEIGHT="64" CONTENT="Theres:" WC="0.99" CC="6006004"/>
						<SP ID="P83_SP00140" HPOS="980" VPOS="2064" WIDTH="36"/>
						<String ID="P83_ST00160" HPOS="1016" VPOS="2001" WIDTH="292" HEIGHT="61" CONTENT="Vielleicht" WC="1.00" CC="0107700000"/>
						<SP ID="P83_SP00141" HPOS="1308" VPOS="2064" WIDTH="139"/>
						<String ID="P83_ST00161" HPOS="1447" VPOS="1999" WIDTH="105" HEIGHT="61" CONTENT="dös" WC="1.00" CC="000"/>
						<SP ID="P83_SP00142" HPOS="1552" VPOS="2064" WIDTH="34"/>
						<String ID="P83_ST00162" HPOS="1586" VPOS="1999" WIDTH="74" HEIGHT="60" CONTENT="ka" WC="1.00" CC="00"/>
						<String ID="P83_ST00163" HPOS="1661" VPOS="1999" WIDTH="13" HEIGHT="20" CONTENT="7" STYLE="superscript" WC="1.00" CC="9" STYLEREFS="TXT_4"/>
						<SP ID="P83_SP00143" HPOS="1674" VPOS="2064" WIDTH="33"/>
						<String ID="P83_ST00164" HPOS="1707" VPOS="2004" WIDTH="111" HEIGHT="55" CONTENT="ma'" WC="0.54" CC="058"/>
						<SP ID="P83_SP00144" HPOS="1818" VPOS="2064" WIDTH="35"/>
						<String ID="P83_ST00165" HPOS="1853" VPOS="1998" WIDTH="76" HEIGHT="61" CONTENT="do" WC="0.78" CC="04"/>
						<String ID="P83_ST00166" HPOS="1933" VPOS="1999" WIDTH="16" HEIGHT="20" CONTENT="7" STYLE="superscript" WC="1.00" CC="0" STYLEREFS="TXT_4"/>
						<SP ID="P83_SP00145" HPOS="1949" VPOS="2064" WIDTH="34"/>
						<String ID="P83_ST00167" HPOS="1983" VPOS="2014" WIDTH="97" HEIGHT="46" CONTENT="net" WC="0.98" CC="004"/>
						<SP ID="P83_SP00146" HPOS="2080" VPOS="2064" WIDTH="30"/>
						<String ID="P83_ST00168" HPOS="2110" VPOS="2000" WIDTH="196" HEIGHT="60" CONTENT="wissh" WC="0.97" CC="00000"/>
						<SP ID="P83_SP00147" HPOS="2306" VPOS="2064" WIDTH="27"/>
						<String ID="P83_ST00169" HPOS="2333" VPOS="2022" WIDTH="220" HEIGHT="37" CONTENT="—war" WC="0.96" CC="8036"/>
					</TextLine>
					<TextLine ID="P83_TL00019" HPOS="330" VPOS="2092" WIDTH="2222" HEIGHT="64">
						<String ID="P83_ST00170" HPOS="330" VPOS="2095" WIDTH="129" HEIGHT="61" CONTENT="aber" WC="0.96" CC="4716"/>
						<SP ID="P83_SP00148" HPOS="459" VPOS="2156" WIDTH="33"/>
						<String ID="P83_ST00171" HPOS="492" VPOS="2121" WIDTH="131" HEIGHT="35" CONTENT="von" WC="0.96" CC="046"/>
						<SP ID="P83_SP00149" HPOS="623" VPOS="2156" WIDTH="35"/>
						<String ID="P83_ST00172" HPOS="658" VPOS="2095" WIDTH="127" HEIGHT="61" CONTENT="ihm" WC="0.96" CC="370"/>
						<SP ID="P83_SP00150" HPOS="785" VPOS="2156" WIDTH="34"/>
						<String ID="P83_ST00173" HPOS="819" VPOS="2094" WIDTH="329" HEIGHT="62" CONTENT="ebenfalls" WC="0.99" CC="070563070"/>
						<SP ID="P83_SP00151" HPOS="1148" VPOS="2156" WIDTH="34"/>
						<String ID="P83_ST00174" HPOS="1182" VPOS="2103" WIDTH="103" HEIGHT="52" CONTENT="ein" WC="0.98" CC="050"/>
						<SP ID="P83_SP00152" HPOS="1285" VPOS="2156" WIDTH="34"/>
						<String ID="P83_ST00175" HPOS="1319" VPOS="2093" WIDTH="446" HEIGHT="61" CONTENT="Verwandtes" WC="0.99" CC="0060060500"/>
						<SP ID="P83_SP00153" HPOS="1765" VPOS="2156" WIDTH="36"/>
						<String ID="P83_ST00176" HPOS="1801" VPOS="2092" WIDTH="281" HEIGHT="60" CONTENT="darunter," WC="0.99" CC="066044074"/>
						<SP ID="P83_SP00154" HPOS="2082" VPOS="2156" WIDTH="145"/>
						<String ID="P83_ST00177" HPOS="2227" VPOS="2092" WIDTH="140" HEIGHT="60" CONTENT="Auf" WC="0.98" CC="600"/>
						<SP ID="P83_SP00155" HPOS="2367" VPOS="2156" WIDTH="25"/>
						<String ID="P83_ST00178" HPOS="2392" VPOS="2102" WIDTH="160" HEIGHT="50" CONTENT="einen" WC="0.98" CC="00346"/>
					</TextLine>
					<TextLine ID="P83_TL00020" HPOS="329" VPOS="2184" WIDTH="2220" HEIGHT="82">
						<String ID="P83_ST00179" HPOS="329" VPOS="2189" WIDTH="160" HEIGHT="77" CONTENT="jeden" WC="0.99" CC="70000"/>
						<SP ID="P83_SP00156" HPOS="489" VPOS="2266" WIDTH="31"/>
						<String ID="P83_ST00180" HPOS="520" VPOS="2189" WIDTH="125" HEIGHT="60" CONTENT="Fall" WC="0.98" CC="1007"/>
						<SP ID="P83_SP00157" HPOS="645" VPOS="2266" WIDTH="40"/>
						<String ID="P83_ST00181" HPOS="685" VPOS="2211" WIDTH="194" HEIGHT="38" CONTENT="waren" WC="0.98" CC="00735"/>
						<SP ID="P83_SP00158" HPOS="879" VPOS="2266" WIDTH="41"/>
						<String ID="P83_ST00182" HPOS="920" VPOS="2187" WIDTH="154" HEIGHT="61" CONTENT="diese" WC="0.99" CC="04000"/>
						<SP ID="P83_SP00159" HPOS="1074" VPOS="2266" WIDTH="32"/>
						<String ID="P83_ST00183" HPOS="1106" VPOS="2187" WIDTH="312" HEIGHT="61" CONTENT="sämtlichen" WC="1.00" CC="0000710700"/>
						<SP ID="P83_SP00160" HPOS="1418" VPOS="2266" WIDTH="33"/>
						<String ID="P83_ST00184" HPOS="1451" VPOS="2196" WIDTH="54" HEIGHT="66" CONTENT="ja" WC="0.61" CC="70"/>
						<SP ID="P83_SP00161" HPOS="1505" VPOS="2266" WIDTH="33"/>
						<String ID="P83_ST00185" HPOS="1538" VPOS="2186" WIDTH="134" HEIGHT="60" CONTENT="auch" WC="1.00" CC="0000"/>
						<SP ID="P83_SP00162" HPOS="1672" VPOS="2266" WIDTH="36"/>
						<String ID="P83_ST00186" HPOS="1708" VPOS="2184" WIDTH="202" HEIGHT="61" CONTENT="einmal" WC="1.00" CC="030000"/>
						<SP ID="P83_SP00163" HPOS="1910" VPOS="2266" WIDTH="33"/>
						<String ID="P83_ST00187" HPOS="1943" VPOS="2184" WIDTH="299" HEIGHT="61" CONTENT="verwandt" WC="0.99" CC="00600005"/>
						<SP ID="P83_SP00164" HPOS="2242" VPOS="2266" WIDTH="32"/>
						<String ID="P83_ST00188" HPOS="2274" VPOS="2194" WIDTH="98" HEIGHT="51" CONTENT="mit" WC="0.98" CC="003"/>
						<SP ID="P83_SP00165" HPOS="2372" VPOS="2266" WIDTH="32"/>
						<String ID="P83_ST00189" HPOS="2404" VPOS="2186" WIDTH="145" HEIGHT="60" CONTENT="ihm." WC="0.97" CC="3704"/>
					</TextLine>
					<TextLine ID="P83_TL00021" HPOS="406" VPOS="2281" WIDTH="622" HEIGHT="61">
						<String ID="P83_ST00190" HPOS="406" VPOS="2282" WIDTH="340" HEIGHT="60" CONTENT="Hermine:" WC="0.99" CC="40600306"/>
						<SP ID="P83_SP00166" HPOS="746" VPOS="2342" WIDTH="42"/>
						<String ID="P83_ST00191" HPOS="788" VPOS="2281" WIDTH="240" HEIGHT="61" CONTENT="Wieso?" WC="0.97" CC="906065"/>
					</TextLine>
					<TextLine ID="P83_TL00022" HPOS="407" VPOS="2371" WIDTH="2144" HEIGHT="77">
						<String ID="P83_ST00192" HPOS="407" VPOS="2373" WIDTH="267" HEIGHT="61" CONTENT="Fräulh" WC="0.71" CC="160070"/>
						<SP ID="P83_SP00167" HPOS="674" VPOS="2434" WIDTH="41"/>
						<String ID="P83_ST00193" HPOS="715" VPOS="2371" WIDTH="96" HEIGHT="62" CONTENT="Th" WC="1.00" CC="00"/>
						<SP ID="P83_SP00168" HPOS="811" VPOS="2434" WIDTH="13"/>
						<String ID="P83_ST00194" HPOS="824" VPOS="2398" WIDTH="169" HEIGHT="36" CONTENT="eres:" WC="0.99" CC="06004"/>
						<SP ID="P83_SP00169" HPOS="993" VPOS="2434" WIDTH="43"/>
						<String ID="P83_ST00195" HPOS="1036" VPOS="2373" WIDTH="131" HEIGHT="70" CONTENT="Na," WC="0.97" CC="204"/>
						<SP ID="P83_SP00170" HPOS="1167" VPOS="2443" WIDTH="40"/>
						<String ID="P83_ST00196" HPOS="1207" VPOS="2372" WIDTH="110" HEIGHT="62" CONTENT="daß" WC="0.98" CC="005"/>
						<SP ID="P83_SP00171" HPOS="1317" VPOS="2443" WIDTH="40"/>
						<String ID="P83_ST00197" HPOS="1357" VPOS="2395" WIDTH="68" HEIGHT="38" CONTENT="er" WC="0.69" CC="06"/>
						<SP ID="P83_SP00172" HPOS="1425" VPOS="2443" WIDTH="39"/>
						<String ID="P83_ST00198" HPOS="1464" VPOS="2381" WIDTH="81" HEIGHT="52" CONTENT="sie" WC="0.99" CC="020"/>
						<SP ID="P83_SP00173" HPOS="1545" VPOS="2443" WIDTH="43"/>
						<String ID="P83_ST00199" HPOS="1588" VPOS="2371" WIDTH="135" HEIGHT="61" CONTENT="doch" WC="1.00" CC="0000"/>
						<SP ID="P83_SP00174" HPOS="1723" VPOS="2443" WIDTH="45"/>
						<String ID="P83_ST00200" HPOS="1768" VPOS="2371" WIDTH="217" HEIGHT="61" CONTENT="frühers" WC="0.73" CC="5700060"/>
						<SP ID="P83_SP00175" HPOS="1985" VPOS="2443" WIDTH="43"/>
						<String ID="P83_ST00201" HPOS="2028" VPOS="2371" WIDTH="147" HEIGHT="61" CONTENT="amal" WC="0.68" CC="0057"/>
						<SP ID="P83_SP00176" HPOS="2175" VPOS="2443" WIDTH="43"/>
						<String ID="P83_ST00202" HPOS="2218" VPOS="2371" WIDTH="333" HEIGHT="77" CONTENT="g'heirat't" WC="0.69" CC="0800160086"/>
					</TextLine>
					<TextLine ID="P83_TL00023" HPOS="329" VPOS="2465" WIDTH="335" HEIGHT="76">
						<String ID="P83_ST00203" HPOS="329" VPOS="2465" WIDTH="184" HEIGHT="76" CONTENT="ghabt" WC="0.84" CC="00070"/>
						<SP ID="P83_SP00177" HPOS="513" VPOS="2541" WIDTH="39"/>
						<String ID="P83_ST00204" HPOS="552" VPOS="2465" WIDTH="112" HEIGHT="62" CONTENT="hat." WC="0.96" CC="7054"/>
					</TextLine>
					<TextLine ID="P83_TL00024" HPOS="409" VPOS="2558" WIDTH="1019" HEIGHT="68">
						<String ID="P83_ST00205" HPOS="409" VPOS="2559" WIDTH="317" HEIGHT="60" CONTENT="Hermine" WC="0.99" CC="5000200"/>
						<SP ID="P83_SP00178" HPOS="726" VPOS="2619" WIDTH="41"/>
						<String ID="P83_ST00206" HPOS="767" VPOS="2565" WIDTH="247" HEIGHT="61" CONTENT="(begreift);" WC="0.99" CC="07403440005" STYLEREFS="TXT_3"/>
						<SP ID="P83_SP00179" HPOS="1014" VPOS="2626" WIDTH="42"/>
						<String ID="P83_ST00207" HPOS="1056" VPOS="2558" WIDTH="122" HEIGHT="59" CONTENT="Ach" WC="0.95" CC="507"/>
						<SP ID="P83_SP00180" HPOS="1178" VPOS="2626" WIDTH="42"/>
						<String ID="P83_ST00208" HPOS="1220" VPOS="2580" WIDTH="75" HEIGHT="37" CONTENT="so" WC="0.81" CC="03"/>
						<SP ID="P83_SP00181" HPOS="1295" VPOS="2626" WIDTH="34"/>
						<String ID="P83_ST00209" HPOS="1329" VPOS="2558" WIDTH="99" HEIGHT="58" CONTENT="—!" WC="0.60" CC="80"/>
					</TextLine>
					<TextLine ID="P83_TL00025" HPOS="409" VPOS="2647" WIDTH="2143" HEIGHT="81">
						<String ID="P83_ST00210" HPOS="409" VPOS="2652" WIDTH="271" HEIGHT="59" CONTENT="Fräulh" WC="0.41" CC="460589"/>
						<SP ID="P83_SP00182" HPOS="680" VPOS="2711" WIDTH="41"/>
						<String ID="P83_ST00211" HPOS="721" VPOS="2647" WIDTH="278" HEIGHT="64" CONTENT="Theres:" WC="0.99" CC="0006004"/>
						<SP ID="P83_SP00183" HPOS="999" VPOS="2711" WIDTH="42"/>
						<String ID="P83_ST00212" HPOS="1041" VPOS="2652" WIDTH="114" HEIGHT="76" CONTENT="Jetz" WC="0.68" CC="1037"/>
						<String ID="P83_ST00213" HPOS="1159" VPOS="2652" WIDTH="15" HEIGHT="19" CONTENT="7" STYLE="superscript" WC="1.00" CC="0" STYLEREFS="TXT_4"/>
						<SP ID="P83_SP00184" HPOS="1174" VPOS="2728" WIDTH="41"/>
						<String ID="P83_ST00214" HPOS="1215" VPOS="2650" WIDTH="133" HEIGHT="61" CONTENT="muß" WC="0.94" CC="069"/>
						<SP ID="P83_SP00185" HPOS="1348" VPOS="2728" WIDTH="41"/>
						<String ID="P83_ST00215" HPOS="1389" VPOS="2674" WIDTH="17" HEIGHT="36" CONTENT="i" WC="0.68" CC="3" STYLEREFS="TXT_5"/>
						<SP ID="P83_SP00186" HPOS="1406" VPOS="2728" WIDTH="59"/>
						<String ID="P83_ST00216" HPOS="1465" VPOS="2658" WIDTH="75" HEIGHT="51" CONTENT="mi" WC="1.00" CC="00"/>
						<String ID="P83_ST00217" HPOS="1541" VPOS="2649" WIDTH="14" HEIGHT="20" CONTENT="7" STYLE="superscript" WC="1.00" CC="9" STYLEREFS="TXT_4"/>
						<SP ID="P83_SP00187" HPOS="1555" VPOS="2728" WIDTH="40"/>
						<String ID="P83_ST00218" HPOS="1595" VPOS="2648" WIDTH="133" HEIGHT="61" CONTENT="aber" WC="0.96" CC="2746"/>
						<SP ID="P83_SP00188" HPOS="1728" VPOS="2728" WIDTH="40"/>
						<String ID="P83_ST00219" HPOS="1768" VPOS="2648" WIDTH="217" HEIGHT="79" CONTENT="gehald" WC="0.83" CC="009000"/>
						<SP ID="P83_SP00189" HPOS="1985" VPOS="2728" WIDTH="47"/>
						<String ID="P83_ST00220" HPOS="2032" VPOS="2648" WIDTH="306" HEIGHT="72" CONTENT="schlaunh," WC="0.68" CC="007840404"/>
						<SP ID="P83_SP00190" HPOS="2338" VPOS="2728" WIDTH="40"/>
						<String ID="P83_ST00221" HPOS="2378" VPOS="2650" WIDTH="174" HEIGHT="61" CONTENT="damit" WC="0.99" CC="01005"/>
					</TextLine>
					<TextLine ID="P83_TL00026" HPOS="334" VPOS="2740" WIDTH="2218" HEIGHT="79">
						<String ID="P83_ST00222" HPOS="334" VPOS="2743" WIDTH="109" HEIGHT="61" CONTENT="daß" WC="0.98" CC="050"/>
						<SP ID="P83_SP00191" HPOS="443" VPOS="2804" WIDTH="48"/>
						<String ID="P83_ST00223" HPOS="491" VPOS="2740" WIDTH="26" HEIGHT="79" CONTENT="i" WC="0.39" CC="6"/>
						<SP ID="P83_SP00192" HPOS="517" VPOS="2819" WIDTH="26"/>
						<String ID="P83_ST00224" HPOS="543" VPOS="2740" WIDTH="25" HEIGHT="79" CONTENT="7" STYLE="superscript" WC="1.00" CC="0" STYLEREFS="TXT_4"/>
						<SP ID="P83_SP00193" HPOS="568" VPOS="2819" WIDTH="26"/>
						<String ID="P83_ST00225" HPOS="594" VPOS="2740" WIDTH="51" HEIGHT="79" CONTENT="no" WC="0.94" CC="01"/>
						<String ID="P83_ST00226" HPOS="647" VPOS="2743" WIDTH="16" HEIGHT="20" CONTENT="7" STYLE="superscript" WC="1.00" CC="9" STYLEREFS="TXT_4"/>
						<SP ID="P83_SP00194" HPOS="663" VPOS="2819" WIDTH="47"/>
						<String ID="P83_ST00227" HPOS="710" VPOS="2767" WIDTH="34" HEIGHT="36" CONTENT="a" WC="0.59" CC="4"/>
						<SP ID="P83_SP00195" HPOS="744" VPOS="2819" WIDTH="48"/>
						<String ID="P83_ST00228" HPOS="792" VPOS="2743" WIDTH="234" HEIGHT="61" CONTENT="Platzerl" WC="0.98" CC="06055446"/>
						<SP ID="P83_SP00196" HPOS="1026" VPOS="2819" WIDTH="48"/>
						<String ID="P83_ST00229" HPOS="1074" VPOS="2743" WIDTH="149" HEIGHT="76" CONTENT="krieg" WC="0.99" CC="06040"/>
						<String ID="P83_ST00230" HPOS="1224" VPOS="2743" WIDTH="15" HEIGHT="20" CONTENT="7" STYLE="superscript" WC="1.00" CC="0"/>
						<String ID="P83_ST00231" HPOS="1243" VPOS="2790" WIDTH="10" HEIGHT="13" CONTENT="," WC="0.66" CC="3"/>
						<SP ID="P83_SP00197" HPOS="1253" VPOS="2819" WIDTH="159"/>
						<String ID="P83_ST00232" HPOS="1412" VPOS="2742" WIDTH="165" HEIGHT="59" CONTENT="Aber" WC="0.98" CC="5005"/>
						<SP ID="P83_SP00198" HPOS="1577" VPOS="2819" WIDTH="46"/>
						<String ID="P83_ST00233" HPOS="1623" VPOS="2740" WIDTH="138" HEIGHT="78" CONTENT="grad" WC="0.70" CC="0560"/>
						<String ID="P83_ST00234" HPOS="1762" VPOS="2742" WIDTH="14" HEIGHT="19" CONTENT="7" STYLE="superscript" WC="0.23" CC="7" STYLEREFS="TXT_4"/>
						<SP ID="P83_SP00199" HPOS="1776" VPOS="2819" WIDTH="40"/>
						<String ID="P83_ST00235" HPOS="1816" VPOS="2740" WIDTH="164" HEIGHT="61" CONTENT="schad" WC="0.85" CC="00700"/>
						<String ID="P83_ST00236" HPOS="1980" VPOS="2742" WIDTH="15" HEIGHT="20" CONTENT="7" STYLE="superscript" WC="0.23" CC="7" STYLEREFS="TXT_4"/>
						<SP ID="P83_SP00200" HPOS="1995" VPOS="2819" WIDTH="47"/>
						<String ID="P83_ST00237" HPOS="2042" VPOS="2749" WIDTH="46" HEIGHT="52" CONTENT="is" WC="0.81" CC="30"/>
						<String ID="P83_ST00238" HPOS="2090" VPOS="2742" WIDTH="14" HEIGHT="20" CONTENT="7" STYLE="superscript" WC="1.00" CC="9"/>
						<String ID="P83_ST00239" HPOS="2105" VPOS="2790" WIDTH="17" HEIGHT="22" CONTENT="," WC="0.55" CC="4"/>
						<SP ID="P83_SP00201" HPOS="2122" VPOS="2819" WIDTH="49"/>
						<String ID="P83_ST00240" HPOS="2171" VPOS="2742" WIDTH="111" HEIGHT="62" CONTENT="daß" WC="0.98" CC="050"/>
						<SP ID="P83_SP00202" HPOS="2282" VPOS="2819" WIDTH="41"/>
						<String ID="P83_ST00241" HPOS="2323" VPOS="2742" WIDTH="96" HEIGHT="62" CONTENT="Sie" WC="0.97" CC="610"/>
						<SP ID="P83_SP00203" HPOS="2419" VPOS="2819" WIDTH="42"/>
						<String ID="P83_ST00242" HPOS="2461" VPOS="2767" WIDTH="76" HEIGHT="37" CONTENT="no" WC="0.86" CC="02"/>
						<String ID="P83_ST00243" HPOS="2540" VPOS="2744" WIDTH="12" HEIGHT="21" CONTENT="7" STYLE="superscript" WC="1.00" CC="9" STYLEREFS="TXT_4"/>
					</TextLine>
					<TextLine ID="P83_TL00027" HPOS="334" VPOS="2834" WIDTH="2218" HEIGHT="79">
						<String ID="P83_ST00244" HPOS="334" VPOS="2837" WIDTH="209" HEIGHT="61" CONTENT="herauß" WC="0.54" CC="767060"/>
						<String ID="P83_ST00245" HPOS="548" VPOS="2838" WIDTH="16" HEIGHT="21" CONTENT="7" STYLE="superscript" WC="1.00" CC="9"/>
						<String ID="P83_ST00246" HPOS="567" VPOS="2861" WIDTH="36" HEIGHT="36" CONTENT="n" WC="0.55" CC="4"/>
						<SP ID="P83_SP00204" HPOS="603" VPOS="2898" WIDTH="41"/>
						<String ID="P83_ST00247" HPOS="644" VPOS="2838" WIDTH="121" HEIGHT="59" CONTENT="steh" WC="0.53" CC="2537"/>
						<String ID="P83_ST00248" HPOS="771" VPOS="2838" WIDTH="15" HEIGHT="19" CONTENT="7" STYLE="superscript" WC="0.23" CC="7"/>
						<String ID="P83_ST00249" HPOS="788" VPOS="2861" WIDTH="36" HEIGHT="36" CONTENT="n" WC="1.00" CC="0"/>
						<SP ID="P83_SP00205" HPOS="824" VPOS="2898" WIDTH="55"/>
						<String ID="P83_ST00250" HPOS="879" VPOS="2837" WIDTH="144" HEIGHT="60" CONTENT="bleib" WC="1.00" CC="00000"/>
						<String ID="P83_ST00251" HPOS="1028" VPOS="2837" WIDTH="16" HEIGHT="20" CONTENT="7" STYLE="superscript" WC="0.23" CC="7"/>
						<String ID="P83_ST00252" HPOS="1046" VPOS="2860" WIDTH="34" HEIGHT="35" CONTENT="n" WC="0.63" CC="3"/>
						<SP ID="P83_SP00206" HPOS="1080" VPOS="2898" WIDTH="59"/>
						<String ID="P83_ST00253" HPOS="1139" VPOS="2836" WIDTH="132" HEIGHT="61" CONTENT="wo!l" WC="0.74" CC="0280"/>
						<String ID="P83_ST00254" HPOS="1273" VPOS="2837" WIDTH="17" HEIGHT="20" CONTENT="7" STYLE="superscript" WC="0.23" CC="7" STYLEREFS="TXT_4"/>
						<String ID="P83_ST00255" HPOS="1293" VPOS="2860" WIDTH="60" HEIGHT="46" CONTENT="n," WC="0.54" CC="44"/>
						<SP ID="P83_SP00207" HPOS="1353" VPOS="2906" WIDTH="42"/>
						<String ID="P83_ST00256" HPOS="1395" VPOS="2836" WIDTH="157" HEIGHT="59" CONTENT="Frau" WC="0.95" CC="4646"/>
						<SP ID="P83_SP00208" HPOS="1552" VPOS="2906" WIDTH="40"/>
						<String ID="P83_ST00257" HPOS="1592" VPOS="2834" WIDTH="314" HEIGHT="78" CONTENT="Pfaffinger." WC="0.74" CC="25250000054"/>
						<SP ID="P83_SP00209" HPOS="1906" VPOS="2912" WIDTH="43"/>
						<String ID="P83_ST00258" HPOS="1949" VPOS="2836" WIDTH="140" HEIGHT="59" CONTENT="I" WC="0.20" CC="2"/>
						<String ID="P83_ST00259" HPOS="2090" VPOS="2836" WIDTH="14" HEIGHT="20" CONTENT="7" STYLE="superscript" WC="0.23" CC="7" STYLEREFS="TXT_4"/>
						<SP ID="P83_SP00210" HPOS="2104" VPOS="2912" WIDTH="39"/>
						<String ID="P83_ST00260" HPOS="2143" VPOS="2836" WIDTH="113" HEIGHT="61" CONTENT="hält" WC="0.96" CC="6076"/>
						<String ID="P83_ST00261" HPOS="2258" VPOS="2836" WIDTH="14" HEIGHT="20" CONTENT="7" STYLE="superscript" WC="0.23" CC="7" STYLEREFS="TXT_4"/>
						<SP ID="P83_SP00211" HPOS="2272" VPOS="2912" WIDTH="38"/>
						<String ID="P83_ST00262" HPOS="2310" VPOS="2860" WIDTH="67" HEIGHT="37" CONTENT="so" WC="0.78" CC="04"/>
						<SP ID="P83_SP00212" HPOS="2377" VPOS="2912" WIDTH="41"/>
						<String ID="P83_ST00263" HPOS="2418" VPOS="2860" WIDTH="134" HEIGHT="53" CONTENT="gern" WC="0.98" CC="0250"/>
					</TextLine>
					<TextLine ID="P83_TL00028" HPOS="334" VPOS="2927" WIDTH="2219" HEIGHT="80">
						<String ID="P83_ST00264" HPOS="334" VPOS="2930" WIDTH="200" HEIGHT="77" CONTENT="ghabt," WC="0.83" CC="000054"/>
						<SP ID="P83_SP00213" HPOS="534" VPOS="3007" WIDTH="42"/>
						<String ID="P83_ST00265" HPOS="576" VPOS="2928" WIDTH="108" HEIGHT="61" CONTENT="daß" WC="1.00" CC="000"/>
						<SP ID="P83_SP00214" HPOS="684" VPOS="3007" WIDTH="42"/>
						<String ID="P83_ST00266" HPOS="726" VPOS="2930" WIDTH="95" HEIGHT="61" CONTENT="Sie" WC="0.97" CC="540"/>
						<SP ID="P83_SP00215" HPOS="821" VPOS="3007" WIDTH="41"/>
						<String ID="P83_ST00267" HPOS="862" VPOS="2928" WIDTH="114" HEIGHT="61" CONTENT="a!Ts" WC="0.66" CC="0570"/>
						<SP ID="P83_SP00216" HPOS="976" VPOS="3007" WIDTH="40"/>
						<String ID="P83_ST00268" HPOS="1016" VPOS="2953" WIDTH="144" HEIGHT="53" CONTENT="ganz" WC="0.98" CC="0007"/>
						<SP ID="P83_SP00217" HPOS="1160" VPOS="3007" WIDTH="39"/>
						<String ID="P83_ST00269" HPOS="1199" VPOS="2951" WIDTH="185" HEIGHT="54" CONTENT="genau" WC="1.00" CC="00004"/>
						<SP ID="P83_SP00218" HPOS="1384" VPOS="3007" WIDTH="41"/>
						<String ID="P83_ST00270" HPOS="1425" VPOS="2951" WIDTH="34" HEIGHT="54" CONTENT="g" WC="1.00" CC="0"/>
						<String ID="P83_ST00271" HPOS="1460" VPOS="2928" WIDTH="14" HEIGHT="21" CONTENT="7" STYLE="superscript" WC="0.23" CC="7" STYLEREFS="TXT_4"/>
						<String ID="P83_ST00272" HPOS="1475" VPOS="2928" WIDTH="99" HEIGHT="60" CONTENT="seh" WC="0.77" CC="006"/>
						<String ID="P83_ST00273" HPOS="1577" VPOS="2927" WIDTH="14" HEIGHT="22" CONTENT="7" STYLE="superscript" WC="1.00" CC="9"/>
						<String ID="P83_ST00274" HPOS="1592" VPOS="2951" WIDTH="36" HEIGHT="37" CONTENT="n" WC="1.00" CC="0"/>
						<SP ID="P83_SP00219" HPOS="1628" VPOS="3007" WIDTH="42"/>
						<String ID="P83_ST00275" HPOS="1670" VPOS="2928" WIDTH="113" HEIGHT="60" CONTENT="hätt" WC="0.58" CC="6036"/>
						<String ID="P83_ST00276" HPOS="1785" VPOS="2928" WIDTH="16" HEIGHT="21" CONTENT="7" STYLE="superscript" WC="1.00" CC="0"/>
						<String ID="P83_ST00277" HPOS="1804" VPOS="2951" WIDTH="37" HEIGHT="37" CONTENT="n" WC="0.43" CC="5"/>
						<SP ID="P83_SP00220" HPOS="1841" VPOS="3007" WIDTH="156"/>
						<String ID="P83_ST00278" HPOS="1997" VPOS="2928" WIDTH="110" HEIGHT="61" CONTENT="den" WC="0.99" CC="003"/>
						<SP ID="P83_SP00221" HPOS="2107" VPOS="3007" WIDTH="40"/>
						<String ID="P83_ST00279" HPOS="2147" VPOS="2930" WIDTH="197" HEIGHT="76" CONTENT="ganzh" WC="0.82" CC="01070"/>
						<SP ID="P83_SP00222" HPOS="2344" VPOS="3007" WIDTH="43"/>
						<String ID="P83_ST00280" HPOS="2387" VPOS="2928" WIDTH="166" HEIGHT="63" CONTENT="feier*" WC="0.62" CC="600554"/>
					</TextLine>
					<TextLine ID="P83_TL00029" HPOS="335" VPOS="3020" WIDTH="2218" HEIGHT="80">
						<String ID="P83_ST00281" HPOS="335" VPOS="3022" WIDTH="145" HEIGHT="61" CONTENT="lichh" WC="0.70" CC="07070"/>
						<SP ID="P83_SP00223" HPOS="480" VPOS="3083" WIDTH="40"/>
						<String ID="P83_ST00282" HPOS="520" VPOS="3022" WIDTH="279" HEIGHT="78" CONTENT="Vorgang" WC="1.00" CC="0150000"/>
						<SP ID="P83_SP00224" HPOS="799" VPOS="3100" WIDTH="31"/>
						<String ID="P83_ST00283" HPOS="830" VPOS="3047" WIDTH="68" HEIGHT="36" CONTENT="so" WC="0.88" CC="02"/>
						<SP ID="P83_SP00225" HPOS="898" VPOS="3100" WIDTH="40"/>
						<String ID="P83_ST00284" HPOS="938" VPOS="3031" WIDTH="151" HEIGHT="51" CONTENT="einer" WC="1.00" CC="00000"/>
						<SP ID="P83_SP00226" HPOS="1089" VPOS="3100" WIDTH="32"/>
						<String ID="P83_ST00285" HPOS="1121" VPOS="3020" WIDTH="626" HEIGHT="79" CONTENT="Nonneneinkleidung." WC="1.00" CC="102030020000005003"/>
						<SP ID="P83_SP00227" HPOS="1747" VPOS="3100" WIDTH="161"/>
						<String ID="P83_ST00286" HPOS="1908" VPOS="3021" WIDTH="171" HEIGHT="61" CONTENT="Denn" WC="0.99" CC="0600"/>
						<SP ID="P83_SP00228" HPOS="2079" VPOS="3100" WIDTH="26"/>
						<String ID="P83_ST00287" HPOS="2105" VPOS="3071" WIDTH="10" HEIGHT="11" CONTENT="." WC="0.66" CC="3"/>
						<SP ID="P83_SP00229" HPOS="2115" VPOS="3100" WIDTH="31"/>
						<String ID="P83_ST00288" HPOS="2146" VPOS="3068" WIDTH="42" HEIGHT="15" CONTENT=".." WC="0.58" CC="34"/>
						<SP ID="P83_SP00230" HPOS="2188" VPOS="3100" WIDTH="42"/>
						<String ID="P83_ST00289" HPOS="2230" VPOS="3024" WIDTH="323" HEIGHT="61" CONTENT="vielleicht" WC="0.99" CC="0660603071"/>
					</TextLine>
					<TextLine ID="P83_TL00030" HPOS="336" VPOS="3114" WIDTH="2217" HEIGHT="74">
						<String ID="P83_ST00290" HPOS="336" VPOS="3125" WIDTH="135" HEIGHT="50" CONTENT="wär" WC="0.79" CC="006"/>
						<String ID="P83_ST00291" HPOS="478" VPOS="3115" WIDTH="14" HEIGHT="20" CONTENT="7" STYLE="superscript" WC="1.00" CC="0"/>
						<String ID="P83_ST00292" HPOS="494" VPOS="3138" WIDTH="35" HEIGHT="37" CONTENT="n" WC="1.00" CC="0"/>
						<SP ID="P83_SP00231" HPOS="529" VPOS="3175" WIDTH="56"/>
						<String ID="P83_ST00293" HPOS="585" VPOS="3115" WIDTH="112" HEIGHT="61" CONTENT="Sie" WC="0.99" CC="300"/>
						<SP ID="P83_SP00232" HPOS="697" VPOS="3176" WIDTH="63"/>
						<String ID="P83_ST00294" HPOS="760" VPOS="3114" WIDTH="173" HEIGHT="61" CONTENT="dann" WC="1.00" CC="0000"/>
						<SP ID="P83_SP00233" HPOS="933" VPOS="3176" WIDTH="74"/>
						<String ID="P83_ST00295" HPOS="1007" VPOS="3115" WIDTH="151" HEIGHT="60" CONTENT="doch" WC="1.00" CC="0000"/>
						<SP ID="P83_SP00234" HPOS="1158" VPOS="3176" WIDTH="65"/>
						<String ID="P83_ST00296" HPOS="1223" VPOS="3115" WIDTH="150" HEIGHT="60" CONTENT="noch" WC="0.99" CC="3000"/>
						<SP ID="P83_SP00235" HPOS="1373" VPOS="3176" WIDTH="66"/>
						<String ID="P83_ST00297" HPOS="1439" VPOS="3114" WIDTH="293" HEIGHT="61" CONTENT="anderen" WC="0.99" CC="0003600"/>
						<SP ID="P83_SP00236" HPOS="1732" VPOS="3176" WIDTH="58"/>
						<String ID="P83_ST00298" HPOS="1790" VPOS="3114" WIDTH="240" HEIGHT="61" CONTENT="Sinnes" WC="1.00" CC="000000"/>
						<SP ID="P83_SP00237" HPOS="2030" VPOS="3176" WIDTH="60"/>
						<String ID="P83_ST00299" HPOS="2090" VPOS="3115" WIDTH="249" HEIGHT="73" CONTENT="Vorn," WC="0.96" CC="95664"/>
						<SP ID="P83_SP00238" HPOS="2339" VPOS="3188" WIDTH="57"/>
						<String ID="P83_ST00300" HPOS="2396" VPOS="3116" WIDTH="157" HEIGHT="61" CONTENT="Frau" WC="0.97" CC="3605"/>
					</TextLine>
					<TextLine ID="P83_TL00031" HPOS="336" VPOS="3207" WIDTH="2217" HEIGHT="77">
						<String ID="P83_ST00301" HPOS="336" VPOS="3207" WIDTH="295" HEIGHT="77" CONTENT="Pfaffinger" WC="0.77" CC="0615000035"/>
						<SP ID="P83_SP00239" HPOS="631" VPOS="3284" WIDTH="32"/>
						<String ID="P83_ST00302" HPOS="663" VPOS="3210" WIDTH="99" HEIGHT="59" CONTENT="—!" WC="0.60" CC="80"/>
						<SP ID="P83_SP00240" HPOS="762" VPOS="3284" WIDTH="144"/>
						<String ID="P83_ST00303" HPOS="906" VPOS="3209" WIDTH="272" HEIGHT="60" CONTENT="Denn..." WC="0.99" CC="0002443"/>
						<SP ID="P83_SP00241" HPOS="1178" VPOS="3284" WIDTH="37"/>
						<String ID="P83_ST00304" HPOS="1215" VPOS="3207" WIDTH="32" HEIGHT="77" CONTENT="i" WC="0.66" CC="3"/>
						<SP ID="P83_SP00242" HPOS="1247" VPOS="3284" WIDTH="32"/>
						<String ID="P83_ST00305" HPOS="1279" VPOS="3207" WIDTH="31" HEIGHT="77" CONTENT="7" STYLE="superscript" WC="1.00" CC="0" STYLEREFS="TXT_4"/>
						<SP ID="P83_SP00243" HPOS="1310" VPOS="3284" WIDTH="77"/>
						<String ID="P83_ST00306" HPOS="1387" VPOS="3207" WIDTH="30" HEIGHT="77" CONTENT="i" WC="0.63" CC="3"/>
						<SP ID="P83_SP00244" HPOS="1417" VPOS="3284" WIDTH="30"/>
						<String ID="P83_ST00307" HPOS="1447" VPOS="3207" WIDTH="29" HEIGHT="77" CONTENT="7" STYLE="superscript" WC="1.00" CC="0" STYLEREFS="TXT_4"/>
						<SP ID="P83_SP00245" HPOS="1476" VPOS="3284" WIDTH="30"/>
						<String ID="P83_ST00308" HPOS="1506" VPOS="3207" WIDTH="119" HEIGHT="77" CONTENT="mueß" WC="0.85" CC="0410"/>
						<SP ID="P83_SP00246" HPOS="1625" VPOS="3284" WIDTH="42"/>
						<String ID="P83_ST00309" HPOS="1667" VPOS="3217" WIDTH="75" HEIGHT="52" CONTENT="mi" WC="1.00" CC="00"/>
						<String ID="P83_ST00310" HPOS="1745" VPOS="3208" WIDTH="12" HEIGHT="20" CONTENT="7" STYLE="superscript" WC="1.00" CC="9" STYLEREFS="TXT_4"/>
						<SP ID="P83_SP00247" HPOS="1757" VPOS="3284" WIDTH="40"/>
						<String ID="P83_ST00311" HPOS="1797" VPOS="3218" WIDTH="54" HEIGHT="66" CONTENT="ja" WC="0.77" CC="40"/>
						<SP ID="P83_SP00248" HPOS="1851" VPOS="3284" WIDTH="41"/>
						<String ID="P83_ST00312" HPOS="1892" VPOS="3208" WIDTH="100" HEIGHT="61" CONTENT="frei" WC="0.97" CC="5600"/>
						<SP ID="P83_SP00249" HPOS="1992" VPOS="3284" WIDTH="33"/>
						<String ID="P83_ST00313" HPOS="2025" VPOS="3209" WIDTH="184" HEIGHT="61" CONTENT="Sünd" WC="0.98" CC="0000"/>
						<String ID="P83_ST00314" HPOS="2211" VPOS="3209" WIDTH="14" HEIGHT="20" CONTENT="7" STYLE="superscript" WC="1.00" CC="0" STYLEREFS="TXT_4"/>
						<SP ID="P83_SP00250" HPOS="2225" VPOS="3284" WIDTH="40"/>
						<String ID="P83_ST00315" HPOS="2265" VPOS="3209" WIDTH="288" HEIGHT="71" CONTENT="fürchth," WC="0.63" CC="60607304"/>
					</TextLine>
					<TextLine ID="P83_TL00032" HPOS="340" VPOS="3297" WIDTH="2213" HEIGHT="80">
						<String ID="P83_ST00316" HPOS="340" VPOS="3297" WIDTH="107" HEIGHT="61" CONTENT="daß" WC="0.98" CC="040"/>
						<SP ID="P83_SP00251" HPOS="447" VPOS="3358" WIDTH="40"/>
						<String ID="P83_ST00317" HPOS="487" VPOS="3297" WIDTH="25" HEIGHT="80" CONTENT="i" WC="0.84" CC="1"/>
						<SP ID="P83_SP00252" HPOS="512" VPOS="3377" WIDTH="25"/>
						<String ID="P83_ST00318" HPOS="537" VPOS="3297" WIDTH="25" HEIGHT="80" CONTENT="7" STYLE="superscript" WC="1.00" CC="0" STYLEREFS="TXT_4"/>
						<SP ID="P83_SP00253" HPOS="562" VPOS="3377" WIDTH="25"/>
						<String ID="P83_ST00319" HPOS="587" VPOS="3297" WIDTH="76" HEIGHT="80" CONTENT="mei" WC="0.70" CC="043"/>
						<String ID="P83_ST00320" HPOS="665" VPOS="3302" WIDTH="17" HEIGHT="19" CONTENT="7" STYLE="superscript" WC="1.00" CC="9" STYLEREFS="TXT_4"/>
						<SP ID="P83_SP00254" HPOS="682" VPOS="3377" WIDTH="31"/>
						<String ID="P83_ST00321" HPOS="713" VPOS="3299" WIDTH="320" HEIGHT="78" CONTENT="Wohnung" WC="0.98" CC="0276500"/>
						<SP ID="P83_SP00255" HPOS="1033" VPOS="3377" WIDTH="40"/>
						<String ID="P83_ST00322" HPOS="1073" VPOS="3325" WIDTH="73" HEIGHT="35" CONTENT="zu" WC="0.34" CC="66"/>
						<SP ID="P83_SP00256" HPOS="1146" VPOS="3377" WIDTH="41"/>
						<String ID="P83_ST00323" HPOS="1187" VPOS="3299" WIDTH="346" HEIGHT="78" CONTENT="demjenigen" WC="0.99" CC="0000055006"/>
						<SP ID="P83_SP00257" HPOS="1533" VPOS="3377" WIDTH="41"/>
						<String ID="P83_ST00324" HPOS="1574" VPOS="3299" WIDTH="206" HEIGHT="76" CONTENT="hergeb" WC="0.99" CC="006007"/>
						<String ID="P83_ST00325" HPOS="1784" VPOS="3301" WIDTH="15" HEIGHT="20" CONTENT="7" STYLE="superscript" WC="1.00" CC="9"/>
						<String ID="P83_ST00326" HPOS="1803" VPOS="3348" WIDTH="17" HEIGHT="21" CONTENT="," WC="0.55" CC="4"/>
						<SP ID="P83_SP00258" HPOS="1820" VPOS="3377" WIDTH="43"/>
						<String ID="P83_ST00327" HPOS="1863" VPOS="3323" WIDTH="120" HEIGHT="37" CONTENT="was" WC="1.00" CC="000"/>
						<SP ID="P83_SP00259" HPOS="1983" VPOS="3377" WIDTH="35"/>
						<String ID="P83_ST00328" HPOS="2018" VPOS="3301" WIDTH="95" HEIGHT="61" CONTENT="Sie" WC="0.98" CC="060"/>
						<SP ID="P83_SP00260" HPOS="2113" VPOS="3377" WIDTH="42"/>
						<String ID="P83_ST00329" HPOS="2155" VPOS="3301" WIDTH="72" HEIGHT="59" CONTENT="da" WC="1.00" CC="00"/>
						<SP ID="P83_SP00261" HPOS="2227" VPOS="3377" WIDTH="32"/>
						<String ID="P83_ST00330" HPOS="2259" VPOS="3309" WIDTH="98" HEIGHT="51" CONTENT="mit" WC="1.00" CC="000"/>
						<SP ID="P83_SP00262" HPOS="2357" VPOS="3377" WIDTH="30"/>
						<String ID="P83_ST00331" HPOS="2387" VPOS="3301" WIDTH="90" HEIGHT="59" CONTENT="Ihr" WC="0.43" CC="277"/>
						<String ID="P83_ST00332" HPOS="2479" VPOS="3302" WIDTH="17" HEIGHT="20" CONTENT="7" STYLE="superscript" WC="1.00" CC="9"/>
						<String ID="P83_ST00333" HPOS="2498" VPOS="3325" WIDTH="55" HEIGHT="37" CONTENT="m" WC="1.00" CC="0"/>
					</TextLine>
					<TextLine ID="P83_TL00033" HPOS="340" VPOS="3389" WIDTH="2213" HEIGHT="82">
						<String ID="P83_ST00334" HPOS="340" VPOS="3389" WIDTH="207" HEIGHT="61" CONTENT="Mann" WC="1.00" CC="2000"/>
						<SP ID="P83_SP00263" HPOS="547" VPOS="3450" WIDTH="56"/>
						<String ID="P83_ST00335" HPOS="603" VPOS="3393" WIDTH="288" HEIGHT="63" CONTENT="vorhabh," WC="0.77" CC="00560004"/>
						<SP ID="P83_SP00264" HPOS="891" VPOS="3456" WIDTH="52"/>
						<String ID="P83_ST00336" HPOS="943" VPOS="3395" WIDTH="182" HEIGHT="76" CONTENT="—Ja" WC="0.91" CC="860"/>
						<SP ID="P83_SP00265" HPOS="1125" VPOS="3471" WIDTH="154"/>
						<String ID="P83_ST00337" HPOS="1279" VPOS="3393" WIDTH="138" HEIGHT="76" CONTENT="gibt" WC="0.78" CC="0304"/>
						<String ID="P83_ST00338" HPOS="1427" VPOS="3393" WIDTH="14" HEIGHT="21" CONTENT="7" STYLE="superscript" WC="0.23" CC="7"/>
						<String ID="P83_ST00339" HPOS="1445" VPOS="3416" WIDTH="27" HEIGHT="37" CONTENT="s" WC="1.00" CC="0"/>
						<SP ID="P83_SP00266" HPOS="1472" VPOS="3471" WIDTH="59"/>
						<String ID="P83_ST00340" HPOS="1531" VPOS="3392" WIDTH="169" HEIGHT="61" CONTENT="denn" WC="1.00" CC="0000"/>
						<SP ID="P83_SP00267" HPOS="1700" VPOS="3471" WIDTH="59"/>
						<String ID="P83_ST00341" HPOS="1759" VPOS="3393" WIDTH="102" HEIGHT="59" CONTENT="für" WC="0.96" CC="406"/>
						<SP ID="P83_SP00268" HPOS="1861" VPOS="3471" WIDTH="59"/>
						<String ID="P83_ST00342" HPOS="1920" VPOS="3416" WIDTH="74" HEIGHT="37" CONTENT="so" WC="0.81" CC="03"/>
						<SP ID="P83_SP00269" HPOS="1994" VPOS="3471" WIDTH="57"/>
						<String ID="P83_ST00343" HPOS="2051" VPOS="3389" WIDTH="39" HEIGHT="82" CONTENT="a" WC="1.00" CC="0"/>
						<SP ID="P83_SP00270" HPOS="2090" VPOS="3471" WIDTH="39"/>
						<String ID="P83_ST00344" HPOS="2129" VPOS="3389" WIDTH="38" HEIGHT="82" CONTENT="7" STYLE="superscript" WC="1.00" CC="0" STYLEREFS="TXT_4"/>
						<SP ID="P83_SP00271" HPOS="2167" VPOS="3471" WIDTH="39"/>
						<String ID="P83_ST00345" HPOS="2206" VPOS="3389" WIDTH="347" HEIGHT="82" CONTENT="Mannsbild" WC="0.99" CC="100600270"/>
					</TextLine>
					<TextLine ID="P83_TL00034" HPOS="341" VPOS="3481" WIDTH="2210" HEIGHT="81">
						<String ID="P83_ST00346" HPOS="341" VPOS="3481" WIDTH="371" HEIGHT="80" CONTENT="überhaupt" WC="0.71" CC="000763403"/>
						<String ID="P83_ST00347" HPOS="721" VPOS="3486" WIDTH="17" HEIGHT="19" CONTENT="7" STYLE="superscript" WC="1.00" CC="9"/>
						<String ID="P83_ST00348" HPOS="740" VPOS="3508" WIDTH="27" HEIGHT="36" CONTENT="s" WC="1.00" CC="0"/>
						<SP ID="P83_SP00272" HPOS="767" VPOS="3561" WIDTH="40"/>
						<String ID="P83_ST00349" HPOS="807" VPOS="3510" WIDTH="138" HEIGHT="37" CONTENT="was" WC="0.99" CC="020"/>
						<SP ID="P83_SP00273" HPOS="945" VPOS="3561" WIDTH="34"/>
						<String ID="P83_ST00350" HPOS="979" VPOS="3486" WIDTH="317" HEIGHT="60" CONTENT="Besseres" WC="1.00" CC="00000710"/>
						<SP ID="P83_SP00274" HPOS="1296" VPOS="3561" WIDTH="42"/>
						<String ID="P83_ST00351" HPOS="1338" VPOS="3494" WIDTH="55" HEIGHT="50" CONTENT="in" WC="0.93" CC="10"/>
						<SP ID="P83_SP00275" HPOS="1393" VPOS="3561" WIDTH="41"/>
						<String ID="P83_ST00352" HPOS="1434" VPOS="3483" WIDTH="135" HEIGHT="61" CONTENT="dera" WC="0.86" CC="0050"/>
						<SP ID="P83_SP00276" HPOS="1569" VPOS="3561" WIDTH="32"/>
						<String ID="P83_ST00353" HPOS="1601" VPOS="3483" WIDTH="163" HEIGHT="61" CONTENT="Welt" WC="0.99" CC="0005"/>
						<SP ID="P83_SP00277" HPOS="1764" VPOS="3561" WIDTH="39"/>
						<String ID="P83_ST00354" HPOS="1803" VPOS="3485" WIDTH="83" HEIGHT="59" CONTENT="als" WC="0.97" CC="060"/>
						<SP ID="P83_SP00278" HPOS="1886" VPOS="3561" WIDTH="42"/>
						<String ID="P83_ST00355" HPOS="1928" VPOS="3494" WIDTH="109" HEIGHT="50" CONTENT="wie" WC="0.98" CC="060"/>
						<SP ID="P83_SP00279" HPOS="2037" VPOS="3561" WIDTH="32"/>
						<String ID="P83_ST00356" HPOS="2069" VPOS="3508" WIDTH="168" HEIGHT="38" CONTENT="—er" WC="0.91" CC="800"/>
						<SP ID="P83_SP00280" HPOS="2237" VPOS="3561" WIDTH="32"/>
						<String ID="P83_ST00357" HPOS="2269" VPOS="3485" WIDTH="131" HEIGHT="77" CONTENT="geht" WC="0.98" CC="0073"/>
						<SP ID="P83_SP00281" HPOS="2400" VPOS="3562" WIDTH="32"/>
						<String ID="P83_ST00358" HPOS="2432" VPOS="3494" WIDTH="62" HEIGHT="50" CONTENT="in" WC="0.87" CC="20"/>
						<String ID="P83_ST00359" HPOS="2505" VPOS="3486" WIDTH="17" HEIGHT="20" CONTENT="7" STYLE="superscript" WC="0.23" CC="7"/>
						<String ID="P83_ST00360" HPOS="2524" VPOS="3510" WIDTH="27" HEIGHT="36" CONTENT="s" WC="1.00" CC="0"/>
					</TextLine>
					<TextLine ID="P83_TL00035" HPOS="341" VPOS="3574" WIDTH="2210" HEIGHT="73">
						<String ID="P83_ST00361" HPOS="341" VPOS="3574" WIDTH="130" HEIGHT="59" CONTENT="Klo" WC="0.95" CC="075"/>
						<SP ID="P83_SP00282" HPOS="471" VPOS="3633" WIDTH="10"/>
						<String ID="P83_ST00362" HPOS="481" VPOS="3590" WIDTH="135" HEIGHT="45" CONTENT="ster" WC="0.94" CC="0200"/>
						<SP ID="P83_SP00283" HPOS="616" VPOS="3635" WIDTH="39"/>
						<String ID="P83_ST00363" HPOS="655" VPOS="3577" WIDTH="136" HEIGHT="60" CONTENT="—??" WC="0.91" CC="897"/>
						<SP ID="P83_SP00284" HPOS="791" VPOS="3637" WIDTH="156"/>
						<String ID="P83_ST00364" HPOS="947" VPOS="3579" WIDTH="95" HEIGHT="62" CONTENT="Sie" WC="0.94" CC="645"/>
						<SP ID="P83_SP00285" HPOS="1042" VPOS="3641" WIDTH="49"/>
						<String ID="P83_ST00365" HPOS="1091" VPOS="3579" WIDTH="165" HEIGHT="61" CONTENT="laden" WC="0.99" CC="70000"/>
						<SP ID="P83_SP00286" HPOS="1256" VPOS="3641" WIDTH="49"/>
						<String ID="P83_ST00366" HPOS="1305" VPOS="3588" WIDTH="123" HEIGHT="50" CONTENT="eine" WC="1.00" CC="0100"/>
						<SP ID="P83_SP00287" HPOS="1428" VPOS="3641" WIDTH="49"/>
						<String ID="P83_ST00367" HPOS="1477" VPOS="3579" WIDTH="280" HEIGHT="58" CONTENT="schwere" WC="1.00" CC="0000060"/>
						<SP ID="P83_SP00288" HPOS="1757" VPOS="3641" WIDTH="50"/>
						<String ID="P83_ST00368" HPOS="1807" VPOS="3576" WIDTH="203" HEIGHT="62" CONTENT="Schuld" WC="0.98" CC="607400"/>
						<SP ID="P83_SP00289" HPOS="2010" VPOS="3641" WIDTH="47"/>
						<String ID="P83_ST00369" HPOS="2057" VPOS="3577" WIDTH="109" HEIGHT="60" CONTENT="auf" WC="0.97" CC="051"/>
						<SP ID="P83_SP00290" HPOS="2166" VPOS="3641" WIDTH="46"/>
						<String ID="P83_ST00370" HPOS="2212" VPOS="3579" WIDTH="133" HEIGHT="68" CONTENT="sich," WC="0.98" CC="06074"/>
						<SP ID="P83_SP00291" HPOS="2345" VPOS="3647" WIDTH="49"/>
						<String ID="P83_ST00371" HPOS="2394" VPOS="3577" WIDTH="157" HEIGHT="61" CONTENT="Frau" WC="0.98" CC="2500"/>
					</TextLine>
					<TextLine ID="P83_TL00036" HPOS="343" VPOS="3665" WIDTH="2210" HEIGHT="80">
						<String ID="P83_ST00372" HPOS="343" VPOS="3665" WIDTH="295" HEIGHT="78" CONTENT="Pfaffinger" WC="0.80" CC="0405000006"/>
						<SP ID="P83_SP00292" HPOS="638" VPOS="3743" WIDTH="32"/>
						<String ID="P83_ST00373" HPOS="670" VPOS="3670" WIDTH="123" HEIGHT="59" CONTENT="—!!" WC="0.96" CC="802"/>
						<SP ID="P83_SP00293" HPOS="793" VPOS="3743" WIDTH="144"/>
						<String ID="P83_ST00374" HPOS="937" VPOS="3671" WIDTH="194" HEIGHT="61" CONTENT="Unser" WC="0.98" CC="70035"/>
						<SP ID="P83_SP00294" HPOS="1131" VPOS="3743" WIDTH="38"/>
						<String ID="P83_ST00375" HPOS="1169" VPOS="3670" WIDTH="171" HEIGHT="61" CONTENT="lieber" WC="0.98" CC="600706"/>
						<SP ID="P83_SP00295" HPOS="1340" VPOS="3743" WIDTH="30"/>
						<String ID="P83_ST00376" HPOS="1370" VPOS="3670" WIDTH="265" HEIGHT="75" CONTENT="Herrgott" WC="0.99" CC="01600005"/>
						<SP ID="P83_SP00296" HPOS="1635" VPOS="3745" WIDTH="33"/>
						<String ID="P83_ST00377" HPOS="1668" VPOS="3676" WIDTH="131" HEIGHT="69" CONTENT="mög" WC="0.88" CC="110"/>
						<String ID="P83_ST00378" HPOS="1803" VPOS="3669" WIDTH="13" HEIGHT="20" CONTENT="7" STYLE="superscript" WC="1.00" CC="9"/>
						<String ID="P83_ST00379" HPOS="1823" VPOS="3692" WIDTH="26" HEIGHT="37" CONTENT="s" WC="1.00" CC="0"/>
						<SP ID="P83_SP00297" HPOS="1849" VPOS="3745" WIDTH="32"/>
						<String ID="P83_ST00380" HPOS="1881" VPOS="3669" WIDTH="201" HEIGHT="60" CONTENT="Ihnen" WC="0.99" CC="06000"/>
						<SP ID="P83_SP00298" HPOS="2082" VPOS="3745" WIDTH="41"/>
						<String ID="P83_ST00381" HPOS="2123" VPOS="3669" WIDTH="117" HEIGHT="61" CONTENT="und" WC="0.98" CC="400"/>
						<SP ID="P83_SP00299" HPOS="2240" VPOS="3745" WIDTH="30"/>
						<String ID="P83_ST00382" HPOS="2270" VPOS="3679" WIDTH="119" HEIGHT="51" CONTENT="mir" WC="0.98" CC="006"/>
						<SP ID="P83_SP00300" HPOS="2389" VPOS="3745" WIDTH="31"/>
						<String ID="P83_ST00383" HPOS="2420" VPOS="3693" WIDTH="133" HEIGHT="38" CONTENT="ver*" WC="0.72" CC="0064"/>
					</TextLine>
					<TextLine ID="P83_TL00037" HPOS="343" VPOS="3758" WIDTH="2210" HEIGHT="82">
						<String ID="P83_ST00384" HPOS="343" VPOS="3758" WIDTH="104" HEIGHT="75" CONTENT="geb" WC="0.75" CC="007"/>
						<String ID="P83_ST00385" HPOS="449" VPOS="3759" WIDTH="17" HEIGHT="20" CONTENT="7" STYLE="superscript" WC="0.23" CC="7"/>
						<String ID="P83_ST00386" HPOS="468" VPOS="3782" WIDTH="36" HEIGHT="35" CONTENT="n" WC="1.00" CC="0"/>
						<SP ID="P83_SP00301" HPOS="504" VPOS="3833" WIDTH="39"/>
						<String ID="P83_ST00387" HPOS="543" VPOS="3768" WIDTH="55" HEIGHT="51" CONTENT="in" WC="1.00" CC="00"/>
						<SP ID="P83_SP00302" HPOS="598" VPOS="3833" WIDTH="40"/>
						<String ID="P83_ST00388" HPOS="638" VPOS="3769" WIDTH="180" HEIGHT="52" CONTENT="seiner" WC="0.99" CC="021026"/>
						<SP ID="P83_SP00303" HPOS="818" VPOS="3833" WIDTH="40"/>
						<String ID="P83_ST00389" HPOS="858" VPOS="3763" WIDTH="178" HEIGHT="71" CONTENT="Güte," WC="0.97" CC="50544"/>
						<SP ID="P83_SP00304" HPOS="1036" VPOS="3834" WIDTH="39"/>
						<String ID="P83_ST00390" HPOS="1075" VPOS="3765" WIDTH="158" HEIGHT="60" CONTENT="Frau" WC="0.99" CC="3030"/>
						<SP ID="P83_SP00305" HPOS="1233" VPOS="3834" WIDTH="39"/>
						<String ID="P83_ST00391" HPOS="1272" VPOS="3762" WIDTH="297" HEIGHT="77" CONTENT="Pfaffinger" WC="0.89" CC="0002000006"/>
						<SP ID="P83_SP00306" HPOS="1569" VPOS="3839" WIDTH="31"/>
						<String ID="P83_ST00392" HPOS="1600" VPOS="3763" WIDTH="100" HEIGHT="58" CONTENT="—!" WC="0.34" CC="85"/>
						<SP ID="P83_SP00307" HPOS="1700" VPOS="3839" WIDTH="43"/>
						<String ID="P83_ST00393" HPOS="1743" VPOS="3760" WIDTH="143" HEIGHT="63" CONTENT="Und" WC="0.96" CC="740"/>
						<SP ID="P83_SP00308" HPOS="1886" VPOS="3839" WIDTH="40"/>
						<String ID="P83_ST00394" HPOS="1926" VPOS="3760" WIDTH="165" HEIGHT="64" CONTENT="dafür" WC="0.98" CC="00605"/>
						<SP ID="P83_SP00309" HPOS="2091" VPOS="3839" WIDTH="40"/>
						<String ID="P83_ST00395" HPOS="2131" VPOS="3786" WIDTH="118" HEIGHT="37" CONTENT="wer" WC="0.97" CC="006"/>
						<String ID="P83_ST00396" HPOS="2251" VPOS="3763" WIDTH="17" HEIGHT="21" CONTENT="7" STYLE="superscript" WC="1.00" CC="9" STYLEREFS="TXT_4"/>
						<SP ID="P83_SP00310" HPOS="2268" VPOS="3839" WIDTH="42"/>
						<String ID="P83_ST00397" HPOS="2310" VPOS="3763" WIDTH="75" HEIGHT="61" CONTENT="ich" WC="0.93" CC="197"/>
						<SP ID="P83_SP00311" HPOS="2385" VPOS="3839" WIDTH="39"/>
						<String ID="P83_ST00398" HPOS="2424" VPOS="3773" WIDTH="111" HEIGHT="67" CONTENT="jetz" WC="0.83" CC="0006"/>
						<String ID="P83_ST00399" HPOS="2537" VPOS="3764" WIDTH="16" HEIGHT="22" CONTENT="7" STYLE="superscript" WC="1.00" CC="9" STYLEREFS="TXT_4"/>
					</TextLine>
					<TextLine ID="P83_TL00038" HPOS="344" VPOS="3850" WIDTH="1087" HEIGHT="84">
						<String ID="P83_ST00400" HPOS="344" VPOS="3873" WIDTH="72" HEIGHT="37" CONTENT="zu" WC="0.66" CC="60"/>
						<SP ID="P83_SP00312" HPOS="416" VPOS="3910" WIDTH="41"/>
						<String ID="P83_ST00401" HPOS="457" VPOS="3850" WIDTH="109" HEIGHT="61" CONTENT="ihm" WC="0.95" CC="570"/>
						<SP ID="P83_SP00313" HPOS="566" VPOS="3911" WIDTH="42"/>
						<String ID="P83_ST00402" HPOS="608" VPOS="3876" WIDTH="98" HEIGHT="53" CONTENT="gar" WC="1.00" CC="000"/>
						<SP ID="P83_SP00314" HPOS="706" VPOS="3929" WIDTH="40"/>
						<String ID="P83_ST00403" HPOS="746" VPOS="3856" WIDTH="456" HEIGHT="78" CONTENT="andächtiglich" WC="0.86" CC="0000071107000"/>
						<SP ID="P83_SP00315" HPOS="1202" VPOS="3934" WIDTH="41"/>
						<String ID="P83_ST00404" HPOS="1243" VPOS="3857" WIDTH="108" HEIGHT="60" CONTENT="bet" WC="0.67" CC="702"/>
						<String ID="P83_ST00405" HPOS="1360" VPOS="3857" WIDTH="16" HEIGHT="20" CONTENT="7" STYLE="superscript" WC="0.23" CC="7" STYLEREFS="TXT_4"/>
						<String ID="P83_ST00406" HPOS="1379" VPOS="3880" WIDTH="52" HEIGHT="38" CONTENT="n." WC="0.78" CC="04"/>
					</TextLine>
					<TextLine ID="P83_TL00039" HPOS="1055" VPOS="3962" WIDTH="780" HEIGHT="62">
						<String ID="P83_ST00407" HPOS="1055" VPOS="3965" WIDTH="94" HEIGHT="54" CONTENT="(Sie" WC="0.99" CC="0023" STYLEREFS="TXT_3"/>
						<SP ID="P83_SP00316" HPOS="1149" VPOS="4019" WIDTH="33"/>
						<String ID="P83_ST00408" HPOS="1182" VPOS="3965" WIDTH="121" HEIGHT="59" CONTENT="geht." WC="0.98" CC="06604" STYLEREFS="TXT_3"/>
						<SP ID="P83_SP00317" HPOS="1303" VPOS="4024" WIDTH="34"/>
						<String ID="P83_ST00409" HPOS="1337" VPOS="3964" WIDTH="84" HEIGHT="49" CONTENT="Ab" WC="0.63" CC="07" STYLEREFS="TXT_3"/>
						<SP ID="P83_SP00318" HPOS="1421" VPOS="4024" WIDTH="33"/>
						<String ID="P83_ST00410" HPOS="1454" VPOS="3969" WIDTH="46" HEIGHT="43" CONTENT="in" WC="0.57" CC="52" STYLEREFS="TXT_3"/>
						<SP ID="P83_SP00319" HPOS="1500" VPOS="4024" WIDTH="34"/>
						<String ID="P83_ST00411" HPOS="1534" VPOS="3962" WIDTH="71" HEIGHT="50" CONTENT="die" WC="0.95" CC="535" STYLEREFS="TXT_3"/>
						<SP ID="P83_SP00320" HPOS="1605" VPOS="4024" WIDTH="32"/>
						<String ID="P83_ST00412" HPOS="1637" VPOS="3962" WIDTH="198" HEIGHT="56" CONTENT="Kirche.)" WC="0.99" CC="00407500" STYLEREFS="TXT_3"/>
					</TextLine>
				</TextBlock>
			</PrintSpace>
		</Page>
	</Layout>
</alto>
