<?xml version="1.0" encoding="UTF-8"?>
<alto xmlns:xsi="http://www.w3.org/2001/XMLSchema-instance" xmlns="http://www.loc.gov/standards/alto/ns-v2#" xsi:schemaLocation="http://www.loc.gov/standards/alto/ns-v2# http://www.loc.gov/standards/alto/v2/alto-2-0.xsd" xmlns:xlink="http://www.w3.org/1999/xlink">
	<Description>
		<MeasurementUnit>mm10</MeasurementUnit>
		<sourceImageInformation>
			<fileName>./bmtnabr_1916-03_01_0104.jp2</fileName>
		</sourceImageInformation>
		<OCRProcessing ID="OCRPROCESSING_1">
			<preProcessingStep>
				<processingSoftware>
					<softwareCreator>CCS Content Conversion Specialists GmbH, Germany</softwareCreator>
					<softwareName>CCS docWorks</softwareName>
					<softwareVersion>6.8-1.27</softwareVersion>
				</processingSoftware>
			</preProcessingStep>
			<ocrProcessingStep>
				<processingSoftware>
					<softwareCreator>ABBYY (BIT Software), Russia</softwareCreator>
					<softwareName>FineReader</softwareName>
					<softwareVersion>11.0</softwareVersion>
				</processingSoftware>
			</ocrProcessingStep>
			<postProcessingStep>
				<processingSoftware>
					<softwareCreator>CCS Content Conversion Specialists GmbH, Germany</softwareCreator>
					<softwareName>CCS docWorks</softwareName>
					<softwareVersion>6.8-1.27</softwareVersion>
					<applicationDescription>docWorks: Text modified manually, or automatically replaced</applicationDescription>
				</processingSoftware>
			</postProcessingStep>
		</OCRProcessing>
	</Description>
	<Styles>
		<TextStyle ID="TXT_0" FONTSIZE="29" FONTFAMILY="Times New Roman"/>
		<TextStyle ID="TXT_1" FONTSIZE="17" FONTFAMILY="Times New Roman" FONTSTYLE="bold italics"/>
		<TextStyle ID="TXT_2" FONTSIZE="21" FONTFAMILY="Times New Roman"/>
		<ParagraphStyle ID="PAR_LEFT" ALIGN="Left"/>
		<ParagraphStyle ID="PAR_RIGHT" ALIGN="Right"/>
	</Styles>
	<Layout>
		<Page ID="P104" PHYSICAL_IMG_NR="104" HEIGHT="4572" WIDTH="3739" PRINTED_IMG_NR="360" PC="0.943">
			<TopMargin ID="P104_TM00001" HPOS="0" VPOS="0" WIDTH="3739" HEIGHT="509">
				<TextBlock ID="P104_TB00001" HPOS="1196" VPOS="445" WIDTH="97" HEIGHT="50" STYLEREFS="TXT_0 PAR_LEFT">
					<TextLine ID="P104_TL00001" HPOS="1196" VPOS="445" WIDTH="97" HEIGHT="50">
						<String ID="P104_ST00001" HPOS="1196" VPOS="445" WIDTH="97" HEIGHT="50" CONTENT="360" WC="1.00" CC="000"/>
					</TextLine>
				</TextBlock>
				<TextBlock ID="P104_TB00002" HPOS="1880" VPOS="442" WIDTH="868" HEIGHT="64" STYLEREFS="TXT_1 PAR_RIGHT">
					<TextLine ID="P104_TL00002" HPOS="1881" VPOS="442" WIDTH="867" HEIGHT="64">
						<String ID="P104_ST00002" HPOS="1881" VPOS="445" WIDTH="182" HEIGHT="51" CONTENT="ACßert" WC="0.75" CC="070600"/>
						<SP ID="P104_SP00001" HPOS="2063" VPOS="496" WIDTH="26"/>
						<String ID="P104_ST00003" HPOS="2089" VPOS="445" WIDTH="301" HEIGHT="49" CONTENT="Eßrenstein" WC="0.54" CC="6906330662"/>
						<SP ID="P104_SP00002" HPOS="2390" VPOS="496" WIDTH="34"/>
						<String ID="P104_ST00004" HPOS="2424" VPOS="468" WIDTH="13" HEIGHT="12" CONTENT="•" WC="0.57" CC="4" STYLEREFS="TXT_2"/>
						<SP ID="P104_SP00003" HPOS="2437" VPOS="496" WIDTH="32"/>
						<String ID="P104_ST00005" HPOS="2469" VPOS="442" WIDTH="279" HEIGHT="64" CONTENT="Begräßnis" WC="0.71" CC="360005450"/>
					</TextLine>
				</TextBlock>
			</TopMargin>
			<LeftMargin ID="P104_LM00001" HPOS="0" VPOS="509" WIDTH="77" HEIGHT="4000"/>
			<RightMargin ID="P104_RM00001" HPOS="3434" VPOS="509" WIDTH="305" HEIGHT="4000"/>
			<BottomMargin ID="P104_BM00001" HPOS="0" VPOS="4509" WIDTH="3739" HEIGHT="63"/>
			<PrintSpace ID="P104_PS00001" HPOS="77" VPOS="509" WIDTH="3357" HEIGHT="4000">
				<TextBlock ID="P104_TB00003" HPOS="1180" VPOS="644" WIDTH="2254" HEIGHT="3361" STYLEREFS="TXT_2 PAR_LEFT">
					<TextLine ID="P104_TL00003" HPOS="1196" VPOS="646" WIDTH="2231" HEIGHT="81">
						<String ID="P104_ST00006" HPOS="1196" VPOS="650" WIDTH="201" HEIGHT="62" CONTENT="wurde" WC="0.96" CC="75675"/>
						<SP ID="P104_SP00004" HPOS="1397" VPOS="712" WIDTH="42"/>
						<String ID="P104_ST00007" HPOS="1439" VPOS="674" WIDTH="61" HEIGHT="38" CONTENT="er" WC="0.48" CC="54"/>
						<SP ID="P104_SP00005" HPOS="1500" VPOS="712" WIDTH="39"/>
						<String ID="P104_ST00008" HPOS="1539" VPOS="650" WIDTH="249" HEIGHT="77" CONTENT="schläfrig" WC="0.98" CC="069767754"/>
						<SP ID="P104_SP00006" HPOS="1788" VPOS="727" WIDTH="40"/>
						<String ID="P104_ST00009" HPOS="1828" VPOS="649" WIDTH="117" HEIGHT="61" CONTENT="und" WC="0.92" CC="669"/>
						<SP ID="P104_SP00007" HPOS="1945" VPOS="727" WIDTH="41"/>
						<String ID="P104_ST00010" HPOS="1986" VPOS="657" WIDTH="119" HEIGHT="53" CONTENT="sein" WC="0.98" CC="0055"/>
						<SP ID="P104_SP00008" HPOS="2105" VPOS="727" WIDTH="41"/>
						<String ID="P104_ST00011" HPOS="2146" VPOS="647" WIDTH="170" HEIGHT="79" CONTENT="Kopf" WC="0.97" CC="0066"/>
						<SP ID="P104_SP00009" HPOS="2316" VPOS="727" WIDTH="41"/>
						<String ID="P104_ST00012" HPOS="2357" VPOS="647" WIDTH="118" HEIGHT="78" CONTENT="glitt" WC="0.97" CC="77304"/>
						<SP ID="P104_SP00010" HPOS="2475" VPOS="727" WIDTH="48"/>
						<String ID="P104_ST00013" HPOS="2523" VPOS="671" WIDTH="73" HEIGHT="37" CONTENT="an" WC="0.48" CC="45"/>
						<SP ID="P104_SP00011" HPOS="2596" VPOS="727" WIDTH="50"/>
						<String ID="P104_ST00014" HPOS="2646" VPOS="646" WIDTH="101" HEIGHT="61" CONTENT="der" WC="0.98" CC="005"/>
						<SP ID="P104_SP00012" HPOS="2747" VPOS="727" WIDTH="48"/>
						<String ID="P104_ST00015" HPOS="2795" VPOS="646" WIDTH="418" HEIGHT="78" CONTENT="aufgestützten" WC="0.99" CC="0667000016400"/>
						<SP ID="P104_SP00013" HPOS="3213" VPOS="727" WIDTH="40"/>
						<String ID="P104_ST00016" HPOS="3253" VPOS="650" WIDTH="174" HEIGHT="65" CONTENT="Hand" WC="0.98" CC="6020"/>
					</TextLine>
					<TextLine ID="P104_TL00004" HPOS="1196" VPOS="739" WIDTH="2228" HEIGHT="82">
						<String ID="P104_ST00017" HPOS="1196" VPOS="744" WIDTH="193" HEIGHT="62" CONTENT="nieder" WC="0.99" CC="040006"/>
						<SP ID="P104_SP00014" HPOS="1389" VPOS="806" WIDTH="41"/>
						<String ID="P104_ST00018" HPOS="1430" VPOS="768" WIDTH="101" HEIGHT="37" CONTENT="zur" WC="0.95" CC="606"/>
						<SP ID="P104_SP00015" HPOS="1531" VPOS="806" WIDTH="23"/>
						<String ID="P104_ST00019" HPOS="1554" VPOS="740" WIDTH="338" HEIGHT="81" CONTENT="Tischplatte" WC="1.00" CC="01007000250"/>
						<SP ID="P104_SP00016" HPOS="1892" VPOS="821" WIDTH="29"/>
						<String ID="P104_ST00020" HPOS="1921" VPOS="791" WIDTH="12" HEIGHT="13" CONTENT="." WC="0.71" CC="2"/>
						<SP ID="P104_SP00017" HPOS="1933" VPOS="821" WIDTH="31"/>
						<String ID="P104_ST00021" HPOS="1964" VPOS="790" WIDTH="12" HEIGHT="14" CONTENT="." WC="0.55" CC="4"/>
						<SP ID="P104_SP00018" HPOS="1976" VPOS="821" WIDTH="32"/>
						<String ID="P104_ST00022" HPOS="2008" VPOS="790" WIDTH="11" HEIGHT="12" CONTENT="." WC="0.57" CC="4"/>
						<SP ID="P104_SP00019" HPOS="2019" VPOS="821" WIDTH="43"/>
						<String ID="P104_ST00023" HPOS="2062" VPOS="741" WIDTH="144" HEIGHT="60" CONTENT="Und" WC="0.98" CC="500"/>
						<SP ID="P104_SP00020" HPOS="2206" VPOS="821" WIDTH="40"/>
						<String ID="P104_ST00024" HPOS="2246" VPOS="740" WIDTH="151" HEIGHT="61" CONTENT="dann" WC="0.99" CC="0400"/>
						<SP ID="P104_SP00021" HPOS="2397" VPOS="821" WIDTH="42"/>
						<String ID="P104_ST00025" HPOS="2439" VPOS="750" WIDTH="74" HEIGHT="51" CONTENT="im" WC="0.41" CC="65"/>
						<SP ID="P104_SP00022" HPOS="2513" VPOS="821" WIDTH="41"/>
						<String ID="P104_ST00026" HPOS="2554" VPOS="740" WIDTH="218" HEIGHT="61" CONTENT="Herbst" WC="0.98" CC="006903"/>
						<SP ID="P104_SP00023" HPOS="2772" VPOS="821" WIDTH="39"/>
						<String ID="P104_ST00027" HPOS="2811" VPOS="740" WIDTH="91" HEIGHT="61" CONTENT="die" WC="0.99" CC="030"/>
						<SP ID="P104_SP00024" HPOS="2902" VPOS="821" WIDTH="31"/>
						<String ID="P104_ST00028" HPOS="2933" VPOS="739" WIDTH="181" HEIGHT="62" CONTENT="Fahrt" WC="0.96" CC="44764"/>
						<SP ID="P104_SP00025" HPOS="3114" VPOS="821" WIDTH="39"/>
						<String ID="P104_ST00029" HPOS="3153" VPOS="765" WIDTH="132" HEIGHT="39" CONTENT="zum" WC="0.98" CC="006"/>
						<SP ID="P104_SP00026" HPOS="3285" VPOS="821" WIDTH="32"/>
						<String ID="P104_ST00030" HPOS="3317" VPOS="745" WIDTH="72" HEIGHT="61" CONTENT="Be" SUBS_TYPE="HypPart1" SUBS_CONTENT="Begräbnis" WC="0.97" CC="05"/>
						<HYP HPOS="3389" VPOS="745" WIDTH="35" CONTENT="-"/>
					</TextLine>
					<TextLine ID="P104_TL00005" HPOS="1193" VPOS="831" WIDTH="2232" HEIGHT="84">
						<String ID="P104_ST00031" HPOS="1193" VPOS="838" WIDTH="224" HEIGHT="77" CONTENT="gräbnis" SUBS_TYPE="HypPart2" SUBS_CONTENT="Begräbnis" WC="0.98" CC="0507660"/>
						<SP ID="P104_SP00027" HPOS="1417" VPOS="915" WIDTH="36"/>
						<String ID="P104_ST00032" HPOS="1453" VPOS="845" WIDTH="99" HEIGHT="53" CONTENT="mit" WC="0.97" CC="052"/>
						<SP ID="P104_SP00028" HPOS="1552" VPOS="915" WIDTH="31"/>
						<String ID="P104_ST00033" HPOS="1583" VPOS="845" WIDTH="221" HEIGHT="53" CONTENT="meinen" WC="0.99" CC="034020"/>
						<SP ID="P104_SP00029" HPOS="1804" VPOS="915" WIDTH="19"/>
						<String ID="P104_ST00034" HPOS="1823" VPOS="835" WIDTH="280" HEIGHT="70" CONTENT="Cousins," WC="0.99" CC="05605004"/>
						<SP ID="P104_SP00030" HPOS="2103" VPOS="915" WIDTH="25"/>
						<String ID="P104_ST00035" HPOS="2128" VPOS="834" WIDTH="109" HEIGHT="61" CONTENT="den" WC="1.00" CC="000"/>
						<SP ID="P104_SP00031" HPOS="2237" VPOS="915" WIDTH="19"/>
						<String ID="P104_ST00036" HPOS="2256" VPOS="833" WIDTH="390" HEIGHT="71" CONTENT="Hoisenfelds," WC="0.65" CC="625056307004"/>
						<SP ID="P104_SP00032" HPOS="2646" VPOS="915" WIDTH="28"/>
						<String ID="P104_ST00037" HPOS="2674" VPOS="833" WIDTH="89" HEIGHT="61" CONTENT="die" WC="0.98" CC="040"/>
						<SP ID="P104_SP00033" HPOS="2763" VPOS="915" WIDTH="35"/>
						<String ID="P104_ST00038" HPOS="2798" VPOS="833" WIDTH="82" HEIGHT="61" CONTENT="als" WC="0.97" CC="070"/>
						<SP ID="P104_SP00034" HPOS="2880" VPOS="915" WIDTH="36"/>
						<String ID="P104_ST00039" HPOS="2916" VPOS="833" WIDTH="89" HEIGHT="61" CONTENT="die" WC="1.00" CC="000"/>
						<SP ID="P104_SP00035" HPOS="3005" VPOS="915" WIDTH="26"/>
						<String ID="P104_ST00040" HPOS="3031" VPOS="831" WIDTH="238" HEIGHT="64" CONTENT="Älteren" WC="0.98" CC="0744700"/>
						<SP ID="P104_SP00036" HPOS="3269" VPOS="915" WIDTH="28"/>
						<String ID="P104_ST00041" HPOS="3297" VPOS="840" WIDTH="128" HEIGHT="59" CONTENT="mich" WC="0.96" CC="0277"/>
					</TextLine>
					<TextLine ID="P104_TL00006" HPOS="1193" VPOS="925" WIDTH="2234" HEIGHT="80">
						<String ID="P104_ST00042" HPOS="1193" VPOS="948" WIDTH="148" HEIGHT="45" CONTENT="trotz" WC="0.97" CC="55206"/>
						<SP ID="P104_SP00037" HPOS="1341" VPOS="993" WIDTH="33"/>
						<String ID="P104_ST00043" HPOS="1374" VPOS="939" WIDTH="211" HEIGHT="53" CONTENT="meiner" WC="0.99" CC="006007"/>
						<SP ID="P104_SP00038" HPOS="1585" VPOS="993" WIDTH="15"/>
						<String ID="P104_ST00044" HPOS="1600" VPOS="925" WIDTH="222" HEIGHT="65" CONTENT="Trauer" WC="0.97" CC="660636"/>
						<SP ID="P104_SP00039" HPOS="1822" VPOS="993" WIDTH="33"/>
						<String ID="P104_ST00045" HPOS="1855" VPOS="938" WIDTH="55" HEIGHT="51" CONTENT="in" WC="0.64" CC="15"/>
						<SP ID="P104_SP00040" HPOS="1910" VPOS="993" WIDTH="25"/>
						<String ID="P104_ST00046" HPOS="1935" VPOS="928" WIDTH="388" HEIGHT="77" CONTENT="Lundenburg" WC="0.79" CC="0520007050"/>
						<SP ID="P104_SP00041" HPOS="2323" VPOS="1005" WIDTH="31"/>
						<String ID="P104_ST00047" HPOS="2354" VPOS="927" WIDTH="155" HEIGHT="62" CONTENT="leicht" WC="0.97" CC="705674"/>
						<SP ID="P104_SP00042" HPOS="2509" VPOS="1005" WIDTH="32"/>
						<String ID="P104_ST00048" HPOS="2541" VPOS="927" WIDTH="392" HEIGHT="72" CONTENT="überredeten," WC="1.00" CC="000660003004"/>
						<SP ID="P104_SP00043" HPOS="2933" VPOS="1005" WIDTH="27"/>
						<String ID="P104_ST00049" HPOS="2960" VPOS="927" WIDTH="213" HEIGHT="61" CONTENT="ebenso" WC="1.00" CC="000302"/>
						<SP ID="P104_SP00044" HPOS="3173" VPOS="1005" WIDTH="35"/>
						<String ID="P104_ST00050" HPOS="3208" VPOS="938" WIDTH="109" HEIGHT="52" CONTENT="wie" WC="0.95" CC="930"/>
						<SP ID="P104_SP00045" HPOS="3317" VPOS="1005" WIDTH="32"/>
						<String ID="P104_ST00051" HPOS="3349" VPOS="942" WIDTH="78" HEIGHT="51" CONTENT="sie" WC="0.97" CC="070"/>
					</TextLine>
					<TextLine ID="P104_TL00007" HPOS="1193" VPOS="1016" WIDTH="2234" HEIGHT="83">
						<String ID="P104_ST00052" HPOS="1193" VPOS="1033" WIDTH="105" HEIGHT="51" CONTENT="mir" WC="0.96" CC="056"/>
						<SP ID="P104_SP00046" HPOS="1298" VPOS="1084" WIDTH="38"/>
						<String ID="P104_ST00053" HPOS="1336" VPOS="1047" WIDTH="104" HEIGHT="37" CONTENT="zur" WC="0.93" CC="754"/>
						<SP ID="P104_SP00047" HPOS="1440" VPOS="1084" WIDTH="39"/>
						<String ID="P104_ST00054" HPOS="1479" VPOS="1022" WIDTH="440" HEIGHT="77" CONTENT="Zehnuhrjause" WC="1.00" CC="000300690000"/>
						<SP ID="P104_SP00048" HPOS="1919" VPOS="1099" WIDTH="39"/>
						<String ID="P104_ST00055" HPOS="1958" VPOS="1045" WIDTH="119" HEIGHT="38" CONTENT="von" WC="1.00" CC="000"/>
						<SP ID="P104_SP00049" HPOS="2077" VPOS="1099" WIDTH="44"/>
						<String ID="P104_ST00056" HPOS="2121" VPOS="1021" WIDTH="110" HEIGHT="61" CONTENT="den" WC="1.00" CC="000"/>
						<SP ID="P104_SP00050" HPOS="2231" VPOS="1099" WIDTH="41"/>
						<String ID="P104_ST00057" HPOS="2272" VPOS="1019" WIDTH="485" HEIGHT="63" CONTENT="wunderschönen" WC="1.00" CC="0600040071040"/>
						<SP ID="P104_SP00051" HPOS="2757" VPOS="1099" WIDTH="33"/>
						<String ID="P104_ST00058" HPOS="2790" VPOS="1016" WIDTH="273" HEIGHT="66" CONTENT="Träuben" WC="0.68" CC="6075030"/>
						<SP ID="P104_SP00052" HPOS="3063" VPOS="1099" WIDTH="33"/>
						<String ID="P104_ST00059" HPOS="3096" VPOS="1045" WIDTH="75" HEIGHT="37" CONTENT="zu" WC="0.66" CC="60"/>
						<SP ID="P104_SP00053" HPOS="3171" VPOS="1099" WIDTH="33"/>
						<String ID="P104_ST00060" HPOS="3204" VPOS="1021" WIDTH="223" HEIGHT="68" CONTENT="kaufen," WC="0.99" CC="4005010"/>
					</TextLine>
					<TextLine ID="P104_TL00008" HPOS="1191" VPOS="1113" WIDTH="2239" HEIGHT="79">
						<String ID="P104_ST00061" HPOS="1191" VPOS="1117" WIDTH="190" HEIGHT="61" CONTENT="wofür" WC="0.98" CC="01603"/>
						<SP ID="P104_SP00054" HPOS="1381" VPOS="1178" WIDTH="32"/>
						<String ID="P104_ST00062" HPOS="1413" VPOS="1117" WIDTH="76" HEIGHT="60" CONTENT="ich" WC="0.95" CC="607"/>
						<SP ID="P104_SP00055" HPOS="1489" VPOS="1178" WIDTH="35"/>
						<String ID="P104_ST00063" HPOS="1524" VPOS="1117" WIDTH="132" HEIGHT="61" CONTENT="mich" WC="0.98" CC="0700"/>
						<SP ID="P104_SP00056" HPOS="1656" VPOS="1178" WIDTH="34"/>
						<String ID="P104_ST00064" HPOS="1690" VPOS="1117" WIDTH="138" HEIGHT="60" CONTENT="noch" WC="1.00" CC="0100"/>
						<SP ID="P104_SP00057" HPOS="1828" VPOS="1178" WIDTH="34"/>
						<String ID="P104_ST00065" HPOS="1862" VPOS="1116" WIDTH="171" HEIGHT="61" CONTENT="heute" WC="0.98" CC="60433"/>
						<SP ID="P104_SP00058" HPOS="2033" VPOS="1178" WIDTH="33"/>
						<String ID="P104_ST00066" HPOS="2066" VPOS="1115" WIDTH="291" HEIGHT="77" CONTENT="ohrfeigen" WC="0.99" CC="406606050"/>
						<SP ID="P104_SP00059" HPOS="2357" VPOS="1192" WIDTH="33"/>
						<String ID="P104_ST00067" HPOS="2390" VPOS="1115" WIDTH="216" HEIGHT="59" CONTENT="möchte" WC="1.00" CC="010000"/>
						<SP ID="P104_SP00060" HPOS="2606" VPOS="1192" WIDTH="28"/>
						<String ID="P104_ST00068" HPOS="2634" VPOS="1162" WIDTH="11" HEIGHT="14" CONTENT="." WC="0.63" CC="3"/>
						<SP ID="P104_SP00061" HPOS="2645" VPOS="1192" WIDTH="32"/>
						<String ID="P104_ST00069" HPOS="2677" VPOS="1162" WIDTH="11" HEIGHT="14" CONTENT="." WC="0.55" CC="4"/>
						<SP ID="P104_SP00062" HPOS="2688" VPOS="1192" WIDTH="32"/>
						<String ID="P104_ST00070" HPOS="2720" VPOS="1162" WIDTH="11" HEIGHT="14" CONTENT="." WC="0.56" CC="4"/>
						<SP ID="P104_SP00063" HPOS="2731" VPOS="1192" WIDTH="45"/>
						<String ID="P104_ST00071" HPOS="2776" VPOS="1115" WIDTH="174" HEIGHT="59" CONTENT="Denn" WC="0.99" CC="0400"/>
						<SP ID="P104_SP00064" HPOS="2950" VPOS="1192" WIDTH="33"/>
						<String ID="P104_ST00072" HPOS="2983" VPOS="1113" WIDTH="103" HEIGHT="61" CONTENT="das" WC="1.00" CC="000"/>
						<SP ID="P104_SP00065" HPOS="3086" VPOS="1192" WIDTH="26"/>
						<String ID="P104_ST00073" HPOS="3112" VPOS="1113" WIDTH="318" HEIGHT="64" CONTENT="Abschied*" WC="0.99" CC="570004204"/>
					</TextLine>
					<TextLine ID="P104_TL00009" HPOS="1192" VPOS="1205" WIDTH="2237" HEIGHT="80">
						<String ID="P104_ST00074" HPOS="1192" VPOS="1210" WIDTH="242" HEIGHT="62" CONTENT="nehmen" WC="0.99" CC="007006"/>
						<SP ID="P104_SP00066" HPOS="1434" VPOS="1272" WIDTH="41"/>
						<String ID="P104_ST00075" HPOS="1475" VPOS="1233" WIDTH="117" HEIGHT="38" CONTENT="von" WC="0.97" CC="060"/>
						<SP ID="P104_SP00067" HPOS="1592" VPOS="1272" WIDTH="51"/>
						<String ID="P104_ST00076" HPOS="1643" VPOS="1209" WIDTH="128" HEIGHT="62" CONTENT="dem" WC="0.98" CC="050"/>
						<SP ID="P104_SP00068" HPOS="1771" VPOS="1272" WIDTH="41"/>
						<String ID="P104_ST00077" HPOS="1812" VPOS="1205" WIDTH="211" HEIGHT="75" CONTENT="Toten," WC="0.99" CC="600004"/>
						<SP ID="P104_SP00069" HPOS="2023" VPOS="1280" WIDTH="51"/>
						<String ID="P104_ST00078" HPOS="2074" VPOS="1209" WIDTH="104" HEIGHT="61" CONTENT="das" WC="1.00" CC="000"/>
						<SP ID="P104_SP00070" HPOS="2178" VPOS="1280" WIDTH="49"/>
						<String ID="P104_ST00079" HPOS="2227" VPOS="1207" WIDTH="852" HEIGHT="78" CONTENT="Ihn*um*Verzeihung-bitten" WC="0.73" CC="062060030652106004705500"/>
						<SP ID="P104_SP00071" HPOS="3079" VPOS="1285" WIDTH="54"/>
						<String ID="P104_ST00080" HPOS="3133" VPOS="1253" WIDTH="12" HEIGHT="14" CONTENT="." WC="0.79" CC="2"/>
						<SP ID="P104_SP00072" HPOS="3145" VPOS="1285" WIDTH="47"/>
						<String ID="P104_ST00081" HPOS="3192" VPOS="1256" WIDTH="12" HEIGHT="12" CONTENT="." WC="0.57" CC="4"/>
						<SP ID="P104_SP00073" HPOS="3204" VPOS="1285" WIDTH="48"/>
						<String ID="P104_ST00082" HPOS="3252" VPOS="1257" WIDTH="12" HEIGHT="14" CONTENT="." WC="0.57" CC="4"/>
						<SP ID="P104_SP00074" HPOS="3264" VPOS="1285" WIDTH="52"/>
						<String ID="P104_ST00083" HPOS="3316" VPOS="1211" WIDTH="113" HEIGHT="60" CONTENT="und" WC="0.96" CC="650"/>
					</TextLine>
					<TextLine ID="P104_TL00010" HPOS="1192" VPOS="1301" WIDTH="2242" HEIGHT="80">
						<String ID="P104_ST00084" HPOS="1192" VPOS="1304" WIDTH="253" HEIGHT="63" CONTENT="draußen" WC="0.99" CC="0600500"/>
						<SP ID="P104_SP00075" HPOS="1445" VPOS="1367" WIDTH="39"/>
						<String ID="P104_ST00085" HPOS="1484" VPOS="1328" WIDTH="108" HEIGHT="37" CONTENT="vor" WC="0.95" CC="066"/>
						<SP ID="P104_SP00076" HPOS="1592" VPOS="1367" WIDTH="42"/>
						<String ID="P104_ST00086" HPOS="1634" VPOS="1304" WIDTH="130" HEIGHT="61" CONTENT="dem" WC="0.98" CC="050"/>
						<SP ID="P104_SP00077" HPOS="1764" VPOS="1367" WIDTH="31"/>
						<String ID="P104_ST00087" HPOS="1795" VPOS="1304" WIDTH="171" HEIGHT="61" CONTENT="Haus" WC="0.98" CC="5500"/>
						<SP ID="P104_SP00078" HPOS="1966" VPOS="1367" WIDTH="34"/>
						<String ID="P104_ST00088" HPOS="2000" VPOS="1304" WIDTH="103" HEIGHT="61" CONTENT="das" WC="1.00" CC="000"/>
						<SP ID="P104_SP00079" HPOS="2103" VPOS="1367" WIDTH="37"/>
						<String ID="P104_ST00089" HPOS="2140" VPOS="1303" WIDTH="334" HEIGHT="78" CONTENT="Geschimpf" WC="0.85" CC="100074000"/>
						<SP ID="P104_SP00080" HPOS="2474" VPOS="1381" WIDTH="26"/>
						<String ID="P104_ST00090" HPOS="2500" VPOS="1301" WIDTH="99" HEIGHT="63" CONTENT="der" WC="0.96" CC="064"/>
						<SP ID="P104_SP00081" HPOS="2599" VPOS="1381" WIDTH="32"/>
						<String ID="P104_ST00091" HPOS="2631" VPOS="1303" WIDTH="304" HEIGHT="61" CONTENT="Schnorrer" WC="0.99" CC="400007603"/>
						<SP ID="P104_SP00082" HPOS="2935" VPOS="1381" WIDTH="29"/>
						<String ID="P104_ST00092" HPOS="2964" VPOS="1326" WIDTH="118" HEIGHT="38" CONTENT="von" WC="1.00" CC="010"/>
						<SP ID="P104_SP00083" HPOS="3082" VPOS="1381" WIDTH="33"/>
						<String ID="P104_ST00093" HPOS="3115" VPOS="1301" WIDTH="319" HEIGHT="63" CONTENT="Motschid*" WC="0.75" CC="042007700"/>
					</TextLine>
					<TextLine ID="P104_TL00011" HPOS="1191" VPOS="1395" WIDTH="2236" HEIGHT="80">
						<String ID="P104_ST00094" HPOS="1191" VPOS="1398" WIDTH="110" HEIGHT="71" CONTENT="lan," WC="0.89" CC="0004"/>
						<SP ID="P104_SP00084" HPOS="1301" VPOS="1469" WIDTH="44"/>
						<String ID="P104_ST00095" HPOS="1345" VPOS="1398" WIDTH="110" HEIGHT="71" CONTENT="die," WC="0.98" CC="0204"/>
						<SP ID="P104_SP00085" HPOS="1455" VPOS="1469" WIDTH="41"/>
						<String ID="P104_ST00096" HPOS="1496" VPOS="1398" WIDTH="129" HEIGHT="61" CONTENT="weil" WC="0.98" CC="0017"/>
						<SP ID="P104_SP00086" HPOS="1625" VPOS="1469" WIDTH="41"/>
						<String ID="P104_ST00097" HPOS="1666" VPOS="1398" WIDTH="155" HEIGHT="77" CONTENT="jeder" WC="0.98" CC="70005"/>
						<SP ID="P104_SP00087" HPOS="1821" VPOS="1475" WIDTH="39"/>
						<String ID="P104_ST00098" HPOS="1860" VPOS="1421" WIDTH="108" HEIGHT="37" CONTENT="nur" WC="0.98" CC="006"/>
						<SP ID="P104_SP00088" HPOS="1968" VPOS="1475" WIDTH="40"/>
						<String ID="P104_ST00099" HPOS="2008" VPOS="1407" WIDTH="125" HEIGHT="52" CONTENT="eine" WC="0.98" CC="0520"/>
						<SP ID="P104_SP00089" HPOS="2133" VPOS="1475" WIDTH="35"/>
						<String ID="P104_ST00100" HPOS="2168" VPOS="1398" WIDTH="200" HEIGHT="60" CONTENT="Krone" WC="0.98" CC="06220"/>
						<SP ID="P104_SP00090" HPOS="2368" VPOS="1475" WIDTH="41"/>
						<String ID="P104_ST00101" HPOS="2409" VPOS="1395" WIDTH="336" HEIGHT="63" CONTENT="bekommen" WC="1.00" CC="01340000"/>
						<SP ID="P104_SP00091" HPOS="2745" VPOS="1475" WIDTH="36"/>
						<String ID="P104_ST00102" HPOS="2781" VPOS="1395" WIDTH="174" HEIGHT="71" CONTENT="hatte," WC="0.98" CC="706604"/>
						<SP ID="P104_SP00092" HPOS="2955" VPOS="1475" WIDTH="42"/>
						<String ID="P104_ST00103" HPOS="2997" VPOS="1397" WIDTH="236" HEIGHT="61" CONTENT="schrien:" WC="0.99" CC="00755003"/>
						<SP ID="P104_SP00093" HPOS="3233" VPOS="1475" WIDTH="45"/>
						<String ID="P104_ST00104" HPOS="3278" VPOS="1397" WIDTH="149" HEIGHT="77" CONTENT="»Jach" WC="0.97" CC="53009"/>
					</TextLine>
					<TextLine ID="P104_TL00012" HPOS="1192" VPOS="1489" WIDTH="2237" HEIGHT="82">
						<String ID="P104_ST00105" HPOS="1192" VPOS="1491" WIDTH="111" HEIGHT="61" CONTENT="hab" WC="0.75" CC="007"/>
						<SP ID="P104_SP00094" HPOS="1303" VPOS="1552" WIDTH="42"/>
						<String ID="P104_ST00106" HPOS="1345" VPOS="1492" WIDTH="285" HEIGHT="79" CONTENT="geglaubt," WC="0.99" CC="000700054"/>
						<SP ID="P104_SP00095" HPOS="1630" VPOS="1571" WIDTH="51"/>
						<String ID="P104_ST00107" HPOS="1681" VPOS="1515" WIDTH="61" HEIGHT="38" CONTENT="es" WC="1.00" CC="00"/>
						<SP ID="P104_SP00096" HPOS="1742" VPOS="1571" WIDTH="50"/>
						<String ID="P104_ST00108" HPOS="1792" VPOS="1501" WIDTH="71" HEIGHT="52" CONTENT="ist" WC="0.95" CC="605"/>
						<SP ID="P104_SP00097" HPOS="1863" VPOS="1571" WIDTH="40"/>
						<String ID="P104_ST00109" HPOS="1903" VPOS="1491" WIDTH="106" HEIGHT="61" CONTENT="dos" WC="1.00" CC="000"/>
						<SP ID="P104_SP00098" HPOS="2009" VPOS="1571" WIDTH="43"/>
						<String ID="P104_ST00110" HPOS="2052" VPOS="1515" WIDTH="33" HEIGHT="37" CONTENT="e" WC="1.00" CC="0"/>
						<SP ID="P104_SP00099" HPOS="2085" VPOS="1571" WIDTH="39"/>
						<String ID="P104_ST00111" HPOS="2124" VPOS="1492" WIDTH="195" HEIGHT="76" CONTENT="groiße" WC="0.81" CC="000045"/>
						<SP ID="P104_SP00100" HPOS="2319" VPOS="1571" WIDTH="39"/>
						<String ID="P104_ST00112" HPOS="2358" VPOS="1491" WIDTH="213" HEIGHT="69" CONTENT="Firma," WC="0.98" CC="256003"/>
						<SP ID="P104_SP00101" HPOS="2571" VPOS="1571" WIDTH="50"/>
						<String ID="P104_ST00113" HPOS="2621" VPOS="1489" WIDTH="72" HEIGHT="61" CONTENT="de" WC="1.00" CC="00"/>
						<SP ID="P104_SP00102" HPOS="2693" VPOS="1571" WIDTH="49"/>
						<String ID="P104_ST00114" HPOS="2742" VPOS="1491" WIDTH="228" HEIGHT="76" CONTENT="Singers" WC="0.99" CC="4500200"/>
						<SP ID="P104_SP00103" HPOS="2970" VPOS="1571" WIDTH="43"/>
						<String ID="P104_ST00115" HPOS="3013" VPOS="1513" WIDTH="117" HEIGHT="37" CONTENT="von" WC="0.97" CC="035"/>
						<SP ID="P104_SP00104" HPOS="3130" VPOS="1571" WIDTH="41"/>
						<String ID="P104_ST00116" HPOS="3171" VPOS="1489" WIDTH="258" HEIGHT="74" CONTENT="Maltsch," WC="0.72" CC="00720074"/>
					</TextLine>
					<TextLine ID="P104_TL00013" HPOS="1193" VPOS="1582" WIDTH="2237" HEIGHT="66">
						<String ID="P104_ST00117" HPOS="1193" VPOS="1585" WIDTH="74" HEIGHT="62" CONTENT="da" WC="1.00" CC="00"/>
						<SP ID="P104_SP00105" HPOS="1267" VPOS="1647" WIDTH="3"/>
						<String ID="P104_ST00118" HPOS="1270" VPOS="1587" WIDTH="128" HEIGHT="60" CONTENT="weil" WC="0.98" CC="0007"/>
						<SP ID="P104_SP00106" HPOS="1398" VPOS="1647" WIDTH="44"/>
						<String ID="P104_ST00119" HPOS="1442" VPOS="1634" WIDTH="13" HEIGHT="13" CONTENT="." WC="0.66" CC="3"/>
						<SP ID="P104_SP00107" HPOS="1455" VPOS="1647" WIDTH="47"/>
						<String ID="P104_ST00120" HPOS="1502" VPOS="1634" WIDTH="12" HEIGHT="14" CONTENT="." WC="0.61" CC="3"/>
						<SP ID="P104_SP00108" HPOS="1514" VPOS="1648" WIDTH="44"/>
						<String ID="P104_ST00121" HPOS="1558" VPOS="1635" WIDTH="10" HEIGHT="12" CONTENT="." WC="0.62" CC="3"/>
						<SP ID="P104_SP00109" HPOS="1568" VPOS="1648" WIDTH="42"/>
						<String ID="P104_ST00122" HPOS="1610" VPOS="1587" WIDTH="140" HEIGHT="60" CONTENT="nicht" WC="0.99" CC="00070"/>
						<SP ID="P104_SP00110" HPOS="1750" VPOS="1648" WIDTH="40"/>
						<String ID="P104_ST00123" HPOS="1790" VPOS="1585" WIDTH="225" HEIGHT="62" CONTENT="erleben" WC="0.99" CC="0560000"/>
						<SP ID="P104_SP00111" HPOS="2015" VPOS="1648" WIDTH="42"/>
						<String ID="P104_ST00124" HPOS="2057" VPOS="1585" WIDTH="178" HEIGHT="61" CONTENT="sollen" WC="0.99" CC="000700"/>
						<SP ID="P104_SP00112" HPOS="2235" VPOS="1648" WIDTH="41"/>
						<String ID="P104_ST00125" HPOS="2276" VPOS="1586" WIDTH="127" HEIGHT="60" CONTENT="se!«" WC="0.95" CC="0001"/>
						<SP ID="P104_SP00113" HPOS="2403" VPOS="1648" WIDTH="48"/>
						<String ID="P104_ST00126" HPOS="2451" VPOS="1633" WIDTH="10" HEIGHT="11" CONTENT="." WC="0.59" CC="4"/>
						<SP ID="P104_SP00114" HPOS="2461" VPOS="1648" WIDTH="39"/>
						<String ID="P104_ST00127" HPOS="2500" VPOS="1633" WIDTH="12" HEIGHT="13" CONTENT="." WC="0.63" CC="3"/>
						<SP ID="P104_SP00115" HPOS="2512" VPOS="1648" WIDTH="40"/>
						<String ID="P104_ST00128" HPOS="2552" VPOS="1633" WIDTH="11" HEIGHT="11" CONTENT="." WC="0.59" CC="4"/>
						<SP ID="P104_SP00116" HPOS="2563" VPOS="1648" WIDTH="45"/>
						<String ID="P104_ST00129" HPOS="2608" VPOS="1583" WIDTH="120" HEIGHT="61" CONTENT="und" WC="0.98" CC="040"/>
						<SP ID="P104_SP00117" HPOS="2728" VPOS="1648" WIDTH="39"/>
						<String ID="P104_ST00130" HPOS="2767" VPOS="1582" WIDTH="103" HEIGHT="62" CONTENT="das" WC="1.00" CC="000"/>
						<SP ID="P104_SP00118" HPOS="2870" VPOS="1648" WIDTH="44"/>
						<String ID="P104_ST00131" HPOS="2914" VPOS="1583" WIDTH="270" HEIGHT="63" CONTENT="Geschrei" WC="0.99" CC="00000654"/>
						<SP ID="P104_SP00119" HPOS="3184" VPOS="1648" WIDTH="41"/>
						<String ID="P104_ST00132" HPOS="3225" VPOS="1592" WIDTH="205" HEIGHT="52" CONTENT="meiner" WC="0.99" CC="000404"/>
					</TextLine>
					<TextLine ID="P104_TL00014" HPOS="1191" VPOS="1677" WIDTH="2239" HEIGHT="77">
						<String ID="P104_ST00133" HPOS="1191" VPOS="1680" WIDTH="207" HEIGHT="61" CONTENT="Mama" WC="1.00" CC="0000"/>
						<SP ID="P104_SP00120" HPOS="1398" VPOS="1741" WIDTH="48"/>
						<String ID="P104_ST00134" HPOS="1446" VPOS="1680" WIDTH="121" HEIGHT="61" CONTENT="und" WC="0.96" CC="720"/>
						<SP ID="P104_SP00121" HPOS="1567" VPOS="1741" WIDTH="41"/>
						<String ID="P104_ST00135" HPOS="1608" VPOS="1680" WIDTH="143" HEIGHT="61" CONTENT="ihrer" WC="0.96" CC="57566"/>
						<SP ID="P104_SP00122" HPOS="1751" VPOS="1741" WIDTH="41"/>
						<String ID="P104_ST00136" HPOS="1792" VPOS="1680" WIDTH="351" HEIGHT="62" CONTENT="Schwestern" WC="0.99" CC="4900400005"/>
						<SP ID="P104_SP00123" HPOS="2143" VPOS="1742" WIDTH="44"/>
						<String ID="P104_ST00137" HPOS="2187" VPOS="1703" WIDTH="91" HEIGHT="37" CONTENT="am" WC="1.00" CC="00"/>
						<SP ID="P104_SP00124" HPOS="2278" VPOS="1742" WIDTH="43"/>
						<String ID="P104_ST00138" HPOS="2321" VPOS="1679" WIDTH="189" HEIGHT="61" CONTENT="Grab:" WC="0.97" CC="06372"/>
						<SP ID="P104_SP00125" HPOS="2510" VPOS="1742" WIDTH="58"/>
						<String ID="P104_ST00139" HPOS="2568" VPOS="1677" WIDTH="203" HEIGHT="61" CONTENT="»Mein" WC="1.00" CC="30000"/>
						<SP ID="P104_SP00126" HPOS="2771" VPOS="1742" WIDTH="42"/>
						<String ID="P104_ST00140" HPOS="2813" VPOS="1677" WIDTH="189" HEIGHT="71" CONTENT="lieber," WC="0.98" CC="7560064"/>
						<SP ID="P104_SP00127" HPOS="3002" VPOS="1748" WIDTH="41"/>
						<String ID="P104_ST00141" HPOS="3043" VPOS="1677" WIDTH="189" HEIGHT="70" CONTENT="süßer," WC="0.99" CC="000042"/>
						<SP ID="P104_SP00128" HPOS="3232" VPOS="1748" WIDTH="40"/>
						<String ID="P104_ST00142" HPOS="3272" VPOS="1694" WIDTH="158" HEIGHT="60" CONTENT="guter" WC="0.98" CC="00536"/>
					</TextLine>
					<TextLine ID="P104_TL00015" HPOS="1191" VPOS="1770" WIDTH="2236" HEIGHT="81">
						<String ID="P104_ST00143" HPOS="1191" VPOS="1773" WIDTH="221" HEIGHT="78" CONTENT="Papa!«" WC="1.00" CC="000003"/>
						<SP ID="P104_SP00129" HPOS="1412" VPOS="1851" WIDTH="29"/>
						<String ID="P104_ST00144" HPOS="1441" VPOS="1773" WIDTH="118" HEIGHT="61" CONTENT="dies" WC="1.00" CC="0000"/>
						<SP ID="P104_SP00130" HPOS="1559" VPOS="1851" WIDTH="35"/>
						<String ID="P104_ST00145" HPOS="1594" VPOS="1773" WIDTH="134" HEIGHT="61" CONTENT="alles" WC="0.99" CC="06000"/>
						<SP ID="P104_SP00131" HPOS="1728" VPOS="1851" WIDTH="36"/>
						<String ID="P104_ST00146" HPOS="1764" VPOS="1781" WIDTH="70" HEIGHT="53" CONTENT="ist" WC="0.96" CC="504"/>
						<SP ID="P104_SP00132" HPOS="1834" VPOS="1851" WIDTH="24"/>
						<String ID="P104_ST00147" HPOS="1858" VPOS="1773" WIDTH="141" HEIGHT="61" CONTENT="über" WC="0.99" CC="0005"/>
						<SP ID="P104_SP00133" HPOS="1999" VPOS="1851" WIDTH="31"/>
						<String ID="P104_ST00148" HPOS="2030" VPOS="1773" WIDTH="133" HEIGHT="59" CONTENT="mich" WC="0.96" CC="0387"/>
						<SP ID="P104_SP00134" HPOS="2163" VPOS="1851" WIDTH="29"/>
						<String ID="P104_ST00149" HPOS="2192" VPOS="1773" WIDTH="406" HEIGHT="76" CONTENT="hingegangen," WC="1.00" CC="600000040004"/>
						<SP ID="P104_SP00135" HPOS="2598" VPOS="1851" WIDTH="27"/>
						<String ID="P104_ST00150" HPOS="2625" VPOS="1770" WIDTH="119" HEIGHT="61" CONTENT="und" WC="0.98" CC="400"/>
						<SP ID="P104_SP00136" HPOS="2744" VPOS="1851" WIDTH="24"/>
						<String ID="P104_ST00151" HPOS="2768" VPOS="1770" WIDTH="201" HEIGHT="61" CONTENT="wurde" WC="0.99" CC="03600"/>
						<SP ID="P104_SP00137" HPOS="2969" VPOS="1851" WIDTH="25"/>
						<String ID="P104_ST00152" HPOS="2994" VPOS="1770" WIDTH="433" HEIGHT="76" CONTENT="aufgenommen" WC="1.00" CC="00000020005"/>
					</TextLine>
					<TextLine ID="P104_TL00016" HPOS="1191" VPOS="1864" WIDTH="2242" HEIGHT="80">
						<String ID="P104_ST00153" HPOS="1191" VPOS="1891" WIDTH="117" HEIGHT="38" CONTENT="von" WC="1.00" CC="000"/>
						<SP ID="P104_SP00138" HPOS="1308" VPOS="1929" WIDTH="35"/>
						<String ID="P104_ST00154" HPOS="1343" VPOS="1877" WIDTH="183" HEIGHT="52" CONTENT="einem" WC="1.00" CC="02000"/>
						<SP ID="P104_SP00139" HPOS="1526" VPOS="1929" WIDTH="33"/>
						<String ID="P104_ST00155" HPOS="1559" VPOS="1867" WIDTH="205" HEIGHT="71" CONTENT="kalten," WC="0.99" CC="0471004"/>
						<SP ID="P104_SP00140" HPOS="1764" VPOS="1938" WIDTH="34"/>
						<String ID="P104_ST00156" HPOS="1798" VPOS="1867" WIDTH="456" HEIGHT="77" CONTENT="selbstsüchtigen" WC="0.99" CC="007705009724000"/>
						<SP ID="P104_SP00141" HPOS="2254" VPOS="1944" WIDTH="25"/>
						<String ID="P104_ST00157" HPOS="2279" VPOS="1867" WIDTH="253" HEIGHT="69" CONTENT="Herzen," WC="0.98" CC="3366004"/>
						<SP ID="P104_SP00142" HPOS="2532" VPOS="1944" WIDTH="32"/>
						<String ID="P104_ST00158" HPOS="2564" VPOS="1865" WIDTH="307" HEIGHT="71" CONTENT="tränenlos," WC="0.99" CC="4600007004"/>
						<SP ID="P104_SP00143" HPOS="2871" VPOS="1944" WIDTH="19"/>
						<String ID="P104_ST00159" HPOS="2890" VPOS="1864" WIDTH="128" HEIGHT="61" CONTENT="weil" WC="1.00" CC="0000"/>
						<SP ID="P104_SP00144" HPOS="3018" VPOS="1944" WIDTH="27"/>
						<String ID="P104_ST00160" HPOS="3045" VPOS="1865" WIDTH="140" HEIGHT="60" CONTENT="nicht" WC="0.99" CC="01003"/>
						<SP ID="P104_SP00145" HPOS="3185" VPOS="1944" WIDTH="25"/>
						<String ID="P104_ST00161" HPOS="3210" VPOS="1864" WIDTH="223" HEIGHT="61" CONTENT="schlecht" WC="1.00" CC="00000006"/>
					</TextLine>
					<TextLine ID="P104_TL00017" HPOS="1192" VPOS="1957" WIDTH="2238" HEIGHT="82">
						<String ID="P104_ST00162" HPOS="1192" VPOS="1982" WIDTH="206" HEIGHT="56" CONTENT="genug," WC="0.99" CC="000504"/>
						<SP ID="P104_SP00146" HPOS="1398" VPOS="2038" WIDTH="25"/>
						<String ID="P104_ST00163" HPOS="1423" VPOS="1957" WIDTH="229" HEIGHT="64" CONTENT="Tränen" WC="0.98" CC="060506"/>
						<SP ID="P104_SP00147" HPOS="1652" VPOS="2038" WIDTH="28"/>
						<String ID="P104_ST00164" HPOS="1680" VPOS="1983" WIDTH="292" HEIGHT="56" CONTENT="erpressen" WC="0.99" CC="060730000"/>
						<SP ID="P104_SP00148" HPOS="1972" VPOS="2039" WIDTH="33"/>
						<String ID="P104_ST00165" HPOS="2005" VPOS="1985" WIDTH="75" HEIGHT="35" CONTENT="zu" WC="0.64" CC="70"/>
						<SP ID="P104_SP00149" HPOS="2080" VPOS="2039" WIDTH="25"/>
						<String ID="P104_ST00166" HPOS="2105" VPOS="1959" WIDTH="226" HEIGHT="71" CONTENT="wollen," WC="0.98" CC="0467024"/>
						<SP ID="P104_SP00150" HPOS="2331" VPOS="2039" WIDTH="35"/>
						<String ID="P104_ST00167" HPOS="2366" VPOS="1958" WIDTH="119" HEIGHT="61" CONTENT="und" WC="0.97" CC="600"/>
						<SP ID="P104_SP00151" HPOS="2485" VPOS="2039" WIDTH="33"/>
						<String ID="P104_ST00168" HPOS="2518" VPOS="1958" WIDTH="137" HEIGHT="61" CONTENT="doch" WC="0.99" CC="0500"/>
						<SP ID="P104_SP00152" HPOS="2655" VPOS="2039" WIDTH="33"/>
						<String ID="P104_ST00169" HPOS="2688" VPOS="1957" WIDTH="352" HEIGHT="62" CONTENT="mitfühlend." WC="1.00" CC="00000770003"/>
						<SP ID="P104_SP00153" HPOS="3040" VPOS="2039" WIDTH="43"/>
						<String ID="P104_ST00170" HPOS="3083" VPOS="1957" WIDTH="142" HEIGHT="62" CONTENT="Nur" WC="0.94" CC="645"/>
						<SP ID="P104_SP00154" HPOS="3225" VPOS="2039" WIDTH="34"/>
						<String ID="P104_ST00171" HPOS="3259" VPOS="1957" WIDTH="171" HEIGHT="61" CONTENT="fühlte" WC="0.99" CC="400001"/>
					</TextLine>
					<TextLine ID="P104_TL00018" HPOS="1193" VPOS="2049" WIDTH="2234" HEIGHT="82">
						<String ID="P104_ST00172" HPOS="1193" VPOS="2054" WIDTH="77" HEIGHT="60" CONTENT="ich" WC="0.96" CC="530"/>
						<SP ID="P104_SP00155" HPOS="1270" VPOS="2114" WIDTH="42"/>
						<String ID="P104_ST00173" HPOS="1312" VPOS="2053" WIDTH="155" HEIGHT="70" CONTENT="alles," WC="0.99" CC="060004"/>
						<SP ID="P104_SP00156" HPOS="1467" VPOS="2123" WIDTH="48"/>
						<String ID="P104_ST00174" HPOS="1515" VPOS="2063" WIDTH="110" HEIGHT="51" CONTENT="wie" WC="0.98" CC="050"/>
						<SP ID="P104_SP00157" HPOS="1625" VPOS="2123" WIDTH="41"/>
						<String ID="P104_ST00175" HPOS="1666" VPOS="2062" WIDTH="89" HEIGHT="52" CONTENT="ein" WC="0.98" CC="050"/>
						<SP ID="P104_SP00158" HPOS="1755" VPOS="2123" WIDTH="42"/>
						<String ID="P104_ST00176" HPOS="1797" VPOS="2054" WIDTH="166" HEIGHT="60" CONTENT="schon" WC="1.00" CC="00000"/>
						<SP ID="P104_SP00159" HPOS="1963" VPOS="2123" WIDTH="42"/>
						<String ID="P104_ST00177" HPOS="2005" VPOS="2053" WIDTH="183" HEIGHT="78" CONTENT="längst" WC="0.99" CC="704003"/>
						<SP ID="P104_SP00160" HPOS="2188" VPOS="2131" WIDTH="32"/>
						<String ID="P104_ST00178" HPOS="2220" VPOS="2052" WIDTH="283" HEIGHT="71" CONTENT="Erlebtes," WC="0.99" CC="767072004"/>
						<SP ID="P104_SP00161" HPOS="2503" VPOS="2131" WIDTH="43"/>
						<String ID="P104_ST00179" HPOS="2546" VPOS="2051" WIDTH="118" HEIGHT="61" CONTENT="und" WC="0.98" CC="600"/>
						<SP ID="P104_SP00162" HPOS="2664" VPOS="2131" WIDTH="42"/>
						<String ID="P104_ST00180" HPOS="2706" VPOS="2051" WIDTH="178" HEIGHT="62" CONTENT="fühlte" WC="0.98" CC="407710"/>
						<SP ID="P104_SP00163" HPOS="2884" VPOS="2131" WIDTH="33"/>
						<String ID="P104_ST00181" HPOS="2917" VPOS="2060" WIDTH="207" HEIGHT="68" CONTENT="wenig," WC="1.00" CC="000104"/>
						<SP ID="P104_SP00164" HPOS="3124" VPOS="2131" WIDTH="42"/>
						<String ID="P104_ST00182" HPOS="3166" VPOS="2049" WIDTH="131" HEIGHT="63" CONTENT="weil" WC="0.98" CC="0027"/>
						<SP ID="P104_SP00165" HPOS="3297" VPOS="2131" WIDTH="40"/>
						<String ID="P104_ST00183" HPOS="3337" VPOS="2051" WIDTH="90" HEIGHT="70" CONTENT="ich," WC="0.96" CC="7074"/>
					</TextLine>
					<TextLine ID="P104_TL00019" HPOS="1192" VPOS="2143" WIDTH="2238" HEIGHT="74">
						<String ID="P104_ST00184" HPOS="1192" VPOS="2156" WIDTH="112" HEIGHT="52" CONTENT="wie" WC="0.98" CC="060"/>
						<SP ID="P104_SP00166" HPOS="1304" VPOS="2208" WIDTH="48"/>
						<String ID="P104_ST00185" HPOS="1352" VPOS="2162" WIDTH="167" HEIGHT="55" CONTENT="stets," WC="0.99" CC="051004"/>
						<SP ID="P104_SP00167" HPOS="1519" VPOS="2217" WIDTH="48"/>
						<String ID="P104_ST00186" HPOS="1567" VPOS="2147" WIDTH="339" HEIGHT="61" CONTENT="benommen" WC="0.99" CC="71030000"/>
						<SP ID="P104_SP00168" HPOS="1906" VPOS="2217" WIDTH="49"/>
						<String ID="P104_ST00187" HPOS="1955" VPOS="2170" WIDTH="122" HEIGHT="37" CONTENT="war" WC="0.98" CC="005"/>
						<SP ID="P104_SP00169" HPOS="2077" VPOS="2217" WIDTH="47"/>
						<String ID="P104_ST00188" HPOS="2124" VPOS="2170" WIDTH="138" HEIGHT="37" CONTENT="vom" WC="0.98" CC="040"/>
						<SP ID="P104_SP00170" HPOS="2262" VPOS="2217" WIDTH="49"/>
						<String ID="P104_ST00189" HPOS="2311" VPOS="2146" WIDTH="205" HEIGHT="61" CONTENT="Sehen," WC="0.98" CC="067162"/>
						<SP ID="P104_SP00171" HPOS="2516" VPOS="2217" WIDTH="53"/>
						<String ID="P104_ST00190" HPOS="2569" VPOS="2146" WIDTH="82" HEIGHT="60" CONTENT="Ich" WC="0.96" CC="107"/>
						<SP ID="P104_SP00172" HPOS="2651" VPOS="2217" WIDTH="50"/>
						<String ID="P104_ST00191" HPOS="2701" VPOS="2145" WIDTH="102" HEIGHT="61" CONTENT="sah" WC="1.00" CC="000"/>
						<SP ID="P104_SP00173" HPOS="2803" VPOS="2217" WIDTH="50"/>
						<String ID="P104_ST00192" HPOS="2853" VPOS="2145" WIDTH="120" HEIGHT="61" CONTENT="und" WC="0.98" CC="500"/>
						<SP ID="P104_SP00174" HPOS="2973" VPOS="2217" WIDTH="48"/>
						<String ID="P104_ST00193" HPOS="3021" VPOS="2145" WIDTH="164" HEIGHT="61" CONTENT="hörte" WC="0.99" CC="00630"/>
						<SP ID="P104_SP00175" HPOS="3185" VPOS="2217" WIDTH="51"/>
						<String ID="P104_ST00194" HPOS="3236" VPOS="2143" WIDTH="194" HEIGHT="63" CONTENT="Groß*" WC="0.97" CC="06259"/>
					</TextLine>
					<TextLine ID="P104_TL00020" HPOS="1192" VPOS="2239" WIDTH="2239" HEIGHT="81">
						<String ID="P104_ST00195" HPOS="1192" VPOS="2265" WIDTH="178" HEIGHT="55" CONTENT="papas" WC="1.00" CC="00000"/>
						<SP ID="P104_SP00176" HPOS="1370" VPOS="2320" WIDTH="41"/>
						<String ID="P104_ST00196" HPOS="1411" VPOS="2242" WIDTH="384" HEIGHT="78" CONTENT="Kompagnon" WC="0.99" CC="046000046"/>
						<SP ID="P104_SP00177" HPOS="1795" VPOS="2320" WIDTH="42"/>
						<String ID="P104_ST00197" HPOS="1837" VPOS="2250" WIDTH="223" HEIGHT="52" CONTENT="weinen" WC="1.00" CC="000050"/>
						<SP ID="P104_SP00178" HPOS="2060" VPOS="2320" WIDTH="43"/>
						<String ID="P104_ST00198" HPOS="2103" VPOS="2240" WIDTH="118" HEIGHT="61" CONTENT="und" WC="1.00" CC="000"/>
						<SP ID="P104_SP00179" HPOS="2221" VPOS="2320" WIDTH="39"/>
						<String ID="P104_ST00199" HPOS="2260" VPOS="2241" WIDTH="319" HEIGHT="60" CONTENT="schluchzen" WC="0.99" CC="0006007600"/>
						<SP ID="P104_SP00180" HPOS="2579" VPOS="2320" WIDTH="130"/>
						<String ID="P104_ST00200" HPOS="2709" VPOS="2263" WIDTH="61" HEIGHT="38" CONTENT="es" WC="1.00" CC="00"/>
						<SP ID="P104_SP00181" HPOS="2770" VPOS="2320" WIDTH="41"/>
						<String ID="P104_ST00201" HPOS="2811" VPOS="2264" WIDTH="124" HEIGHT="37" CONTENT="war" WC="0.98" CC="005"/>
						<SP ID="P104_SP00182" HPOS="2935" VPOS="2320" WIDTH="39"/>
						<String ID="P104_ST00202" HPOS="2974" VPOS="2239" WIDTH="265" HEIGHT="61" CONTENT="niemand" WC="1.00" CC="0400000"/>
						<SP ID="P104_SP00183" HPOS="3239" VPOS="2320" WIDTH="40"/>
						<String ID="P104_ST00203" HPOS="3279" VPOS="2239" WIDTH="152" HEIGHT="59" CONTENT="mehr" WC="0.96" CC="0366"/>
					</TextLine>
					<TextLine ID="P104_TL00021" HPOS="1193" VPOS="2333" WIDTH="2125" HEIGHT="80">
						<String ID="P104_ST00204" HPOS="1193" VPOS="2335" WIDTH="102" HEIGHT="71" CONTENT="da," WC="0.98" CC="004"/>
						<SP ID="P104_SP00184" HPOS="1295" VPOS="2406" WIDTH="51"/>
						<String ID="P104_ST00205" HPOS="1346" VPOS="2335" WIDTH="110" HEIGHT="62" CONTENT="den" WC="1.00" CC="000"/>
						<SP ID="P104_SP00185" HPOS="1456" VPOS="2406" WIDTH="49"/>
						<String ID="P104_ST00206" HPOS="1505" VPOS="2359" WIDTH="61" HEIGHT="37" CONTENT="er" WC="0.69" CC="06"/>
						<SP ID="P104_SP00186" HPOS="1566" VPOS="2406" WIDTH="49"/>
						<String ID="P104_ST00207" HPOS="1615" VPOS="2335" WIDTH="208" HEIGHT="61" CONTENT="ähnlich" WC="0.99" CC="0007307"/>
						<SP ID="P104_SP00187" HPOS="1823" VPOS="2406" WIDTH="44"/>
						<String ID="P104_ST00208" HPOS="1867" VPOS="2335" WIDTH="275" HEIGHT="78" CONTENT="betrügen" WC="0.99" CC="70460005"/>
						<SP ID="P104_SP00188" HPOS="2142" VPOS="2413" WIDTH="45"/>
						<String ID="P104_ST00209" HPOS="2187" VPOS="2334" WIDTH="238" HEIGHT="72" CONTENT="konnte,-" WC="0.99" CC="02002044"/>
						<SP ID="P104_SP00189" HPOS="2425" VPOS="2413" WIDTH="49"/>
						<String ID="P104_ST00210" HPOS="2474" VPOS="2335" WIDTH="75" HEIGHT="60" CONTENT="ich" WC="0.97" CC="007"/>
						<SP ID="P104_SP00190" HPOS="2549" VPOS="2413" WIDTH="41"/>
						<String ID="P104_ST00211" HPOS="2590" VPOS="2334" WIDTH="105" HEIGHT="61" CONTENT="sah" WC="0.97" CC="007"/>
						<SP ID="P104_SP00191" HPOS="2695" VPOS="2413" WIDTH="43"/>
						<String ID="P104_ST00212" HPOS="2738" VPOS="2333" WIDTH="110" HEIGHT="62" CONTENT="den" WC="1.00" CC="000"/>
						<SP ID="P104_SP00192" HPOS="2848" VPOS="2413" WIDTH="42"/>
						<String ID="P104_ST00213" HPOS="2890" VPOS="2333" WIDTH="162" HEIGHT="62" CONTENT="Sohn" WC="0.98" CC="4500"/>
						<SP ID="P104_SP00193" HPOS="3052" VPOS="2413" WIDTH="44"/>
						<String ID="P104_ST00214" HPOS="3096" VPOS="2342" WIDTH="222" HEIGHT="52" CONTENT="weinen" WC="1.00" CC="000010"/>
						<SP ID="P104_SP00194" HPOS="3318" VPOS="2413" WIDTH="0"/>
					</TextLine>
					<TextLine ID="P104_TL00022" HPOS="1191" VPOS="2424" WIDTH="2238" HEIGHT="81">
						<String ID="P104_ST00215" HPOS="1191" VPOS="2452" WIDTH="121" HEIGHT="38" CONTENT="wer" WC="0.98" CC="005"/>
						<SP ID="P104_SP00195" HPOS="1312" VPOS="2490" WIDTH="40"/>
						<String ID="P104_ST00216" HPOS="1352" VPOS="2429" WIDTH="201" HEIGHT="61" CONTENT="würde" WC="0.99" CC="00600"/>
						<SP ID="P104_SP00196" HPOS="1553" VPOS="2490" WIDTH="41"/>
						<String ID="P104_ST00217" HPOS="1594" VPOS="2430" WIDTH="111" HEIGHT="60" CONTENT="ihm" WC="1.00" CC="000"/>
						<SP ID="P104_SP00197" HPOS="1705" VPOS="2490" WIDTH="49"/>
						<String ID="P104_ST00218" HPOS="1754" VPOS="2439" WIDTH="132" HEIGHT="66" CONTENT="jetzt" WC="0.97" CC="70455"/>
						<SP ID="P104_SP00198" HPOS="1886" VPOS="2505" WIDTH="49"/>
						<String ID="P104_ST00219" HPOS="1935" VPOS="2429" WIDTH="89" HEIGHT="61" CONTENT="die" WC="0.98" CC="040"/>
						<SP ID="P104_SP00199" HPOS="2024" VPOS="2505" WIDTH="42"/>
						<String ID="P104_ST00220" HPOS="2066" VPOS="2428" WIDTH="276" HEIGHT="62" CONTENT="Schulden" WC="0.99" CC="27066000"/>
						<SP ID="P104_SP00200" HPOS="2342" VPOS="2505" WIDTH="49"/>
						<String ID="P104_ST00221" HPOS="2391" VPOS="2428" WIDTH="231" HEIGHT="61" CONTENT="zahlen?" WC="0.99" CC="7007006"/>
						<SP ID="P104_SP00201" HPOS="2622" VPOS="2505" WIDTH="59"/>
						<String ID="P104_ST00222" HPOS="2681" VPOS="2428" WIDTH="143" HEIGHT="60" CONTENT="Und" WC="0.98" CC="600"/>
						<SP ID="P104_SP00202" HPOS="2824" VPOS="2505" WIDTH="51"/>
						<String ID="P104_ST00223" HPOS="2875" VPOS="2428" WIDTH="208" HEIGHT="60" CONTENT="ähnlich" WC="0.99" CC="0057400"/>
						<SP ID="P104_SP00203" HPOS="3083" VPOS="2505" WIDTH="42"/>
						<String ID="P104_ST00224" HPOS="3125" VPOS="2427" WIDTH="153" HEIGHT="59" CONTENT="teilte" WC="0.99" CC="002740"/>
						<SP ID="P104_SP00204" HPOS="3278" VPOS="2505" WIDTH="40"/>
						<String ID="P104_ST00225" HPOS="3318" VPOS="2424" WIDTH="111" HEIGHT="61" CONTENT="und" WC="0.94" CC="709"/>
					</TextLine>
					<TextLine ID="P104_TL00023" HPOS="1193" VPOS="2518" WIDTH="2238" HEIGHT="81">
						<String ID="P104_ST00226" HPOS="1193" VPOS="2523" WIDTH="299" HEIGHT="61" CONTENT="erforschte" WC="0.99" CC="0544600724"/>
						<SP ID="P104_SP00205" HPOS="1492" VPOS="2584" WIDTH="39"/>
						<String ID="P104_ST00227" HPOS="1531" VPOS="2524" WIDTH="77" HEIGHT="60" CONTENT="ich" WC="0.98" CC="500"/>
						<SP ID="P104_SP00206" HPOS="1608" VPOS="2584" WIDTH="41"/>
						<String ID="P104_ST00228" HPOS="1649" VPOS="2523" WIDTH="111" HEIGHT="61" CONTENT="den" WC="1.00" CC="000"/>
						<SP ID="P104_SP00207" HPOS="1760" VPOS="2584" WIDTH="33"/>
						<String ID="P104_ST00229" HPOS="1793" VPOS="2523" WIDTH="259" HEIGHT="61" CONTENT="Schmerz" WC="0.99" CC="3070006"/>
						<SP ID="P104_SP00208" HPOS="2052" VPOS="2584" WIDTH="41"/>
						<String ID="P104_ST00230" HPOS="2093" VPOS="2532" WIDTH="153" HEIGHT="52" CONTENT="eines" WC="0.99" CC="61000"/>
						<SP ID="P104_SP00209" HPOS="2246" VPOS="2584" WIDTH="42"/>
						<String ID="P104_ST00231" HPOS="2288" VPOS="2522" WIDTH="187" HEIGHT="77" CONTENT="jeden," WC="0.99" CC="000024"/>
						<SP ID="P104_SP00210" HPOS="2475" VPOS="2599" WIDTH="48"/>
						<String ID="P104_ST00232" HPOS="2523" VPOS="2531" WIDTH="112" HEIGHT="51" CONTENT="wie" WC="0.98" CC="050"/>
						<SP ID="P104_SP00211" HPOS="2635" VPOS="2599" WIDTH="43"/>
						<String ID="P104_ST00233" HPOS="2678" VPOS="2529" WIDTH="86" HEIGHT="53" CONTENT="ein" WC="0.96" CC="560"/>
						<SP ID="P104_SP00212" HPOS="2764" VPOS="2599" WIDTH="41"/>
						<String ID="P104_ST00234" HPOS="2805" VPOS="2522" WIDTH="205" HEIGHT="76" CONTENT="großer" WC="0.98" CC="064205"/>
						<SP ID="P104_SP00213" HPOS="3010" VPOS="2599" WIDTH="40"/>
						<String ID="P104_ST00235" HPOS="3050" VPOS="2519" WIDTH="245" HEIGHT="79" CONTENT="Spiegel," WC="0.99" CC="00600074"/>
						<SP ID="P104_SP00214" HPOS="3295" VPOS="2599" WIDTH="42"/>
						<String ID="P104_ST00236" HPOS="3337" VPOS="2518" WIDTH="94" HEIGHT="61" CONTENT="der" WC="0.95" CC="056"/>
					</TextLine>
					<TextLine ID="P104_TL00024" HPOS="1191" VPOS="2615" WIDTH="2238" HEIGHT="80">
						<String ID="P104_ST00237" HPOS="1191" VPOS="2616" WIDTH="156" HEIGHT="62" CONTENT="wohl" WC="0.97" CC="0507"/>
						<SP ID="P104_SP00215" HPOS="1347" VPOS="2678" WIDTH="47"/>
						<String ID="P104_ST00238" HPOS="1394" VPOS="2617" WIDTH="259" HEIGHT="78" CONTENT="jeglichen" WC="1.00" CC="000600020"/>
						<SP ID="P104_SP00216" HPOS="1653" VPOS="2695" WIDTH="48"/>
						<String ID="P104_ST00239" HPOS="1701" VPOS="2616" WIDTH="413" HEIGHT="61" CONTENT="Lichteindruck" WC="0.99" CC="0307505006009"/>
						<SP ID="P104_SP00217" HPOS="2114" VPOS="2695" WIDTH="51"/>
						<String ID="P104_ST00240" HPOS="2165" VPOS="2616" WIDTH="309" HEIGHT="79" CONTENT="empfängt," WC="1.00" CC="000302034"/>
						<SP ID="P104_SP00218" HPOS="2474" VPOS="2695" WIDTH="58"/>
						<String ID="P104_ST00241" HPOS="2532" VPOS="2615" WIDTH="136" HEIGHT="61" CONTENT="aber" WC="0.97" CC="0705"/>
						<SP ID="P104_SP00219" HPOS="2668" VPOS="2695" WIDTH="57"/>
						<String ID="P104_ST00242" HPOS="2725" VPOS="2615" WIDTH="90" HEIGHT="59" CONTENT="bei" WC="1.00" CC="000"/>
						<SP ID="P104_SP00220" HPOS="2815" VPOS="2695" WIDTH="57"/>
						<String ID="P104_ST00243" HPOS="2872" VPOS="2622" WIDTH="185" HEIGHT="54" CONTENT="seiner" WC="0.98" CC="045406"/>
						<SP ID="P104_SP00221" HPOS="3057" VPOS="2695" WIDTH="57"/>
						<String ID="P104_ST00244" HPOS="3114" VPOS="2621" WIDTH="315" HEIGHT="70" CONTENT="rezeptiven" WC="0.99" CC="6060016067"/>
					</TextLine>
					<TextLine ID="P104_TL00025" HPOS="1191" VPOS="2706" WIDTH="2239" HEIGHT="83">
						<String ID="P104_ST00245" HPOS="1191" VPOS="2706" WIDTH="279" HEIGHT="83" CONTENT="Tätigkeit" WC="1.00" CC="000400043"/>
						<SP ID="P104_SP00222" HPOS="1470" VPOS="2789" WIDTH="33"/>
						<String ID="P104_ST00246" HPOS="1503" VPOS="2720" WIDTH="89" HEIGHT="52" CONTENT="nie" WC="0.95" CC="265"/>
						<SP ID="P104_SP00223" HPOS="1592" VPOS="2789" WIDTH="35"/>
						<String ID="P104_ST00247" HPOS="1627" VPOS="2711" WIDTH="151" HEIGHT="61" CONTENT="dazu" WC="0.97" CC="0076"/>
						<SP ID="P104_SP00224" HPOS="1778" VPOS="2789" WIDTH="33"/>
						<String ID="P104_ST00248" HPOS="1811" VPOS="2710" WIDTH="233" HEIGHT="71" CONTENT="kommt," WC="0.99" CC="030044"/>
						<SP ID="P104_SP00225" HPOS="2044" VPOS="2789" WIDTH="35"/>
						<String ID="P104_ST00249" HPOS="2079" VPOS="2734" WIDTH="59" HEIGHT="38" CONTENT="er" WC="0.65" CC="06"/>
						<SP ID="P104_SP00226" HPOS="2138" VPOS="2789" WIDTH="33"/>
						<String ID="P104_ST00250" HPOS="2171" VPOS="2710" WIDTH="176" HEIGHT="61" CONTENT="selbst" WC="0.99" CC="007003"/>
						<SP ID="P104_SP00227" HPOS="2347" VPOS="2789" WIDTH="31"/>
						<String ID="P104_ST00251" HPOS="2378" VPOS="2734" WIDTH="74" HEIGHT="37" CONTENT="zu" WC="0.65" CC="70"/>
						<SP ID="P104_SP00228" HPOS="2452" VPOS="2789" WIDTH="34"/>
						<String ID="P104_ST00252" HPOS="2486" VPOS="2717" WIDTH="136" HEIGHT="54" CONTENT="sein." WC="0.98" CC="05504"/>
						<SP ID="P104_SP00229" HPOS="2622" VPOS="2789" WIDTH="45"/>
						<String ID="P104_ST00253" HPOS="2667" VPOS="2709" WIDTH="115" HEIGHT="61" CONTENT="Ein" WC="0.95" CC="760"/>
						<SP ID="P104_SP00230" HPOS="2782" VPOS="2789" WIDTH="33"/>
						<String ID="P104_ST00254" HPOS="2815" VPOS="2709" WIDTH="245" HEIGHT="78" CONTENT="Spiegel," WC="0.99" CC="00300474"/>
						<SP ID="P104_SP00231" HPOS="3060" VPOS="2789" WIDTH="35"/>
						<String ID="P104_ST00255" HPOS="3095" VPOS="2716" WIDTH="89" HEIGHT="52" CONTENT="ein" WC="0.98" CC="013"/>
						<SP ID="P104_SP00232" HPOS="3184" VPOS="2789" WIDTH="35"/>
						<String ID="P104_ST00256" HPOS="3219" VPOS="2706" WIDTH="211" HEIGHT="62" CONTENT="Gram*" WC="0.97" CC="66604"/>
					</TextLine>
					<TextLine ID="P104_TL00026" HPOS="1191" VPOS="2800" WIDTH="2235" HEIGHT="83">
						<String ID="P104_ST00257" HPOS="1191" VPOS="2804" WIDTH="277" HEIGHT="79" CONTENT="mophon!" WC="0.99" CC="0307000"/>
						<SP ID="P104_SP00233" HPOS="1468" VPOS="2883" WIDTH="60"/>
						<String ID="P104_ST00258" HPOS="1528" VPOS="2804" WIDTH="115" HEIGHT="61" CONTENT="Ein" WC="0.95" CC="770"/>
						<SP ID="P104_SP00234" HPOS="1643" VPOS="2883" WIDTH="50"/>
						<String ID="P104_ST00259" HPOS="1693" VPOS="2803" WIDTH="153" HEIGHT="77" CONTENT="jeder" WC="0.99" CC="00005"/>
						<SP ID="P104_SP00235" HPOS="1846" VPOS="2883" WIDTH="40"/>
						<String ID="P104_ST00260" HPOS="1886" VPOS="2803" WIDTH="136" HEIGHT="60" CONTENT="Hall" WC="0.97" CC="6070"/>
						<SP ID="P104_SP00236" HPOS="2022" VPOS="2883" WIDTH="50"/>
						<String ID="P104_ST00261" HPOS="2072" VPOS="2803" WIDTH="118" HEIGHT="60" CONTENT="und" WC="0.98" CC="600"/>
						<SP ID="P104_SP00237" HPOS="2190" VPOS="2883" WIDTH="42"/>
						<String ID="P104_ST00262" HPOS="2232" VPOS="2803" WIDTH="178" HEIGHT="62" CONTENT="Schall" WC="0.98" CC="400076"/>
						<SP ID="P104_SP00238" HPOS="2410" VPOS="2883" WIDTH="48"/>
						<String ID="P104_ST00263" HPOS="2458" VPOS="2801" WIDTH="144" HEIGHT="79" CONTENT="grub" WC="0.97" CC="0607"/>
						<SP ID="P104_SP00239" HPOS="2602" VPOS="2883" WIDTH="49"/>
						<String ID="P104_ST00264" HPOS="2651" VPOS="2803" WIDTH="107" HEIGHT="60" CONTENT="sich" WC="0.98" CC="0207"/>
						<SP ID="P104_SP00240" HPOS="2758" VPOS="2883" WIDTH="42"/>
						<String ID="P104_ST00265" HPOS="2800" VPOS="2810" WIDTH="55" HEIGHT="51" CONTENT="in" WC="0.67" CC="60"/>
						<SP ID="P104_SP00241" HPOS="2855" VPOS="2883" WIDTH="42"/>
						<String ID="P104_ST00266" HPOS="2897" VPOS="2810" WIDTH="148" HEIGHT="52" CONTENT="mein" WC="1.00" CC="0010"/>
						<SP ID="P104_SP00242" HPOS="3045" VPOS="2883" WIDTH="43"/>
						<String ID="P104_ST00267" HPOS="3088" VPOS="2800" WIDTH="338" HEIGHT="62" CONTENT="Gedächtnis" WC="0.99" CC="3000972000"/>
					</TextLine>
					<TextLine ID="P104_TL00027" HPOS="1192" VPOS="2894" WIDTH="2234" HEIGHT="77">
						<String ID="P104_ST00268" HPOS="1192" VPOS="2907" WIDTH="104" HEIGHT="61" CONTENT="ein," WC="0.98" CC="0034"/>
						<SP ID="P104_SP00243" HPOS="1296" VPOS="2968" WIDTH="35"/>
						<String ID="P104_ST00269" HPOS="1331" VPOS="2899" WIDTH="75" HEIGHT="60" CONTENT="ich" WC="0.98" CC="400"/>
						<SP ID="P104_SP00244" HPOS="1406" VPOS="2968" WIDTH="43"/>
						<String ID="P104_ST00270" HPOS="1449" VPOS="2898" WIDTH="174" HEIGHT="61" CONTENT="selbst" WC="0.99" CC="007005"/>
						<SP ID="P104_SP00245" HPOS="1623" VPOS="2968" WIDTH="39"/>
						<String ID="P104_ST00271" HPOS="1662" VPOS="2897" WIDTH="168" HEIGHT="62" CONTENT="stand" WC="0.99" CC="05400"/>
						<SP ID="P104_SP00246" HPOS="1830" VPOS="2968" WIDTH="32"/>
						<String ID="P104_ST00272" HPOS="1862" VPOS="2898" WIDTH="110" HEIGHT="61" CONTENT="nah" WC="0.96" CC="046"/>
						<SP ID="P104_SP00247" HPOS="1972" VPOS="2968" WIDTH="36"/>
						<String ID="P104_ST00273" HPOS="2008" VPOS="2897" WIDTH="119" HEIGHT="60" CONTENT="und" WC="0.98" CC="400"/>
						<SP ID="P104_SP00248" HPOS="2127" VPOS="2968" WIDTH="32"/>
						<String ID="P104_ST00274" HPOS="2159" VPOS="2921" WIDTH="123" HEIGHT="36" CONTENT="war" WC="0.98" CC="004"/>
						<SP ID="P104_SP00249" HPOS="2282" VPOS="2968" WIDTH="33"/>
						<String ID="P104_ST00275" HPOS="2315" VPOS="2895" WIDTH="137" HEIGHT="61" CONTENT="doch" WC="0.98" CC="0107"/>
						<SP ID="P104_SP00250" HPOS="2452" VPOS="2968" WIDTH="36"/>
						<String ID="P104_ST00276" HPOS="2488" VPOS="2905" WIDTH="152" HEIGHT="61" CONTENT="weit," WC="0.98" CC="00244"/>
						<SP ID="P104_SP00251" HPOS="2640" VPOS="2968" WIDTH="42"/>
						<String ID="P104_ST00277" HPOS="2682" VPOS="2904" WIDTH="135" HEIGHT="52" CONTENT="weit" WC="0.98" CC="0027"/>
						<SP ID="P104_SP00252" HPOS="2817" VPOS="2968" WIDTH="40"/>
						<String ID="P104_ST00278" HPOS="2857" VPOS="2918" WIDTH="130" HEIGHT="53" CONTENT="weg" WC="1.00" CC="000"/>
						<SP ID="P104_SP00253" HPOS="2987" VPOS="2971" WIDTH="34"/>
						<String ID="P104_ST00279" HPOS="3021" VPOS="2894" WIDTH="118" HEIGHT="61" CONTENT="und" WC="0.98" CC="400"/>
						<SP ID="P104_SP00254" HPOS="3139" VPOS="2971" WIDTH="33"/>
						<String ID="P104_ST00280" HPOS="3172" VPOS="2894" WIDTH="136" HEIGHT="60" CONTENT="doch" WC="0.97" CC="0690"/>
						<SP ID="P104_SP00255" HPOS="3308" VPOS="2971" WIDTH="34"/>
						<String ID="P104_ST00281" HPOS="3342" VPOS="2916" WIDTH="84" HEIGHT="36" CONTENT="am" WC="0.75" CC="40"/>
					</TextLine>
					<TextLine ID="P104_TL00028" HPOS="1192" VPOS="2987" WIDTH="2233" HEIGHT="81">
						<String ID="P104_ST00282" HPOS="1192" VPOS="2989" WIDTH="192" HEIGHT="62" CONTENT="selben" WC="0.99" CC="007700"/>
						<SP ID="P104_SP00256" HPOS="1384" VPOS="3051" WIDTH="36"/>
						<String ID="P104_ST00283" HPOS="1420" VPOS="2990" WIDTH="135" HEIGHT="61" CONTENT="Ort:" WC="0.98" CC="0540"/>
						<SP ID="P104_SP00257" HPOS="1555" VPOS="3051" WIDTH="44"/>
						<String ID="P104_ST00284" HPOS="1599" VPOS="2992" WIDTH="118" HEIGHT="59" CONTENT="und" WC="1.00" CC="000"/>
						<SP ID="P104_SP00258" HPOS="1717" VPOS="3051" WIDTH="31"/>
						<String ID="P104_ST00285" HPOS="1748" VPOS="2992" WIDTH="105" HEIGHT="59" CONTENT="sah" WC="0.96" CC="027"/>
						<SP ID="P104_SP00259" HPOS="1853" VPOS="3051" WIDTH="26"/>
						<String ID="P104_ST00286" HPOS="1879" VPOS="2990" WIDTH="102" HEIGHT="61" CONTENT="das" WC="0.99" CC="030"/>
						<SP ID="P104_SP00260" HPOS="1981" VPOS="3051" WIDTH="27"/>
						<String ID="P104_ST00287" HPOS="2008" VPOS="2990" WIDTH="308" HEIGHT="78" CONTENT="Begräbnis" WC="0.99" CC="000607060"/>
						<SP ID="P104_SP00261" HPOS="2316" VPOS="3068" WIDTH="28"/>
						<String ID="P104_ST00288" HPOS="2344" VPOS="2998" WIDTH="212" HEIGHT="52" CONTENT="meiner" WC="0.99" CC="000006"/>
						<SP ID="P104_SP00262" HPOS="2556" VPOS="3068" WIDTH="24"/>
						<String ID="P104_ST00289" HPOS="2580" VPOS="2990" WIDTH="139" HEIGHT="60" CONTENT="noch" WC="0.98" CC="0007"/>
						<SP ID="P104_SP00263" HPOS="2719" VPOS="3068" WIDTH="25"/>
						<String ID="P104_ST00290" HPOS="2744" VPOS="2988" WIDTH="277" HEIGHT="61" CONTENT="lebenden" WC="0.99" CC="70000050"/>
						<SP ID="P104_SP00264" HPOS="3021" VPOS="3068" WIDTH="28"/>
						<String ID="P104_ST00291" HPOS="3049" VPOS="2987" WIDTH="376" HEIGHT="62" CONTENT="Großmama!" WC="0.99" CC="663000046"/>
					</TextLine>
					<TextLine ID="P104_TL00029" HPOS="1192" VPOS="3081" WIDTH="2235" HEIGHT="77">
						<String ID="P104_ST00292" HPOS="1192" VPOS="3084" WIDTH="239" HEIGHT="61" CONTENT="Damals" WC="0.99" CC="030060"/>
						<SP ID="P104_SP00265" HPOS="1431" VPOS="3145" WIDTH="43"/>
						<String ID="P104_ST00293" HPOS="1474" VPOS="3109" WIDTH="122" HEIGHT="35" CONTENT="war" WC="0.97" CC="033"/>
						<SP ID="P104_SP00266" HPOS="1596" VPOS="3145" WIDTH="50"/>
						<String ID="P104_ST00294" HPOS="1646" VPOS="3107" WIDTH="81" HEIGHT="47" CONTENT="es," WC="0.99" CC="002"/>
						<SP ID="P104_SP00267" HPOS="1727" VPOS="3154" WIDTH="48"/>
						<String ID="P104_ST00295" HPOS="1775" VPOS="3083" WIDTH="111" HEIGHT="61" CONTENT="daß" WC="1.00" CC="000"/>
						<SP ID="P104_SP00268" HPOS="1886" VPOS="3154" WIDTH="49"/>
						<String ID="P104_ST00296" HPOS="1935" VPOS="3084" WIDTH="76" HEIGHT="60" CONTENT="ich" WC="0.95" CC="407"/>
						<SP ID="P104_SP00269" HPOS="2011" VPOS="3154" WIDTH="42"/>
						<String ID="P104_ST00297" HPOS="2053" VPOS="3084" WIDTH="135" HEIGHT="59" CONTENT="mich" WC="0.97" CC="0670"/>
						<SP ID="P104_SP00270" HPOS="2188" VPOS="3154" WIDTH="42"/>
						<String ID="P104_ST00298" HPOS="2230" VPOS="3106" WIDTH="108" HEIGHT="37" CONTENT="vor" WC="0.97" CC="016"/>
						<SP ID="P104_SP00271" HPOS="2338" VPOS="3154" WIDTH="40"/>
						<String ID="P104_ST00299" HPOS="2378" VPOS="3092" WIDTH="102" HEIGHT="51" CONTENT="mir" WC="0.96" CC="055"/>
						<SP ID="P104_SP00272" HPOS="2480" VPOS="3154" WIDTH="41"/>
						<String ID="P104_ST00300" HPOS="2521" VPOS="3107" WIDTH="75" HEIGHT="36" CONTENT="zu" WC="0.67" CC="60"/>
						<SP ID="P104_SP00273" HPOS="2596" VPOS="3154" WIDTH="43"/>
						<String ID="P104_ST00301" HPOS="2639" VPOS="3082" WIDTH="247" HEIGHT="60" CONTENT="fürchten" WC="0.99" CC="60500400"/>
						<SP ID="P104_SP00274" HPOS="2886" VPOS="3154" WIDTH="42"/>
						<String ID="P104_ST00302" HPOS="2928" VPOS="3081" WIDTH="240" HEIGHT="77" CONTENT="begann." WC="0.99" CC="0200604"/>
						<SP ID="P104_SP00275" HPOS="3168" VPOS="3158" WIDTH="60"/>
						<String ID="P104_ST00303" HPOS="3228" VPOS="3081" WIDTH="199" HEIGHT="61" CONTENT="Etwas" WC="0.98" CC="74030"/>
					</TextLine>
					<TextLine ID="P104_TL00030" HPOS="1195" VPOS="3176" WIDTH="2234" HEIGHT="74">
						<String ID="P104_ST00304" HPOS="1195" VPOS="3177" WIDTH="423" HEIGHT="62" CONTENT="Grauenvolles" WC="0.99" CC="050030027700"/>
						<SP ID="P104_SP00276" HPOS="1618" VPOS="3239" WIDTH="42"/>
						<String ID="P104_ST00305" HPOS="1660" VPOS="3177" WIDTH="147" HEIGHT="64" CONTENT="lebte" WC="0.99" CC="60000"/>
						<SP ID="P104_SP00277" HPOS="1807" VPOS="3241" WIDTH="41"/>
						<String ID="P104_ST00306" HPOS="1848" VPOS="3186" WIDTH="54" HEIGHT="52" CONTENT="in" WC="0.69" CC="60"/>
						<SP ID="P104_SP00278" HPOS="1902" VPOS="3241" WIDTH="41"/>
						<String ID="P104_ST00307" HPOS="1943" VPOS="3186" WIDTH="123" HEIGHT="64" CONTENT="mir," WC="0.98" CC="0224"/>
						<SP ID="P104_SP00279" HPOS="2066" VPOS="3250" WIDTH="39"/>
						<String ID="P104_ST00308" HPOS="2105" VPOS="3186" WIDTH="99" HEIGHT="51" CONTENT="mit" WC="1.00" CC="000"/>
						<SP ID="P104_SP00280" HPOS="2204" VPOS="3250" WIDTH="41"/>
						<String ID="P104_ST00309" HPOS="2245" VPOS="3186" WIDTH="118" HEIGHT="51" CONTENT="mir." WC="0.97" CC="0443"/>
						<SP ID="P104_SP00281" HPOS="2363" VPOS="3250" WIDTH="52"/>
						<String ID="P104_ST00310" HPOS="2415" VPOS="3177" WIDTH="83" HEIGHT="60" CONTENT="Ich" WC="0.95" CC="507"/>
						<SP ID="P104_SP00282" HPOS="2498" VPOS="3250" WIDTH="43"/>
						<String ID="P104_ST00311" HPOS="2541" VPOS="3176" WIDTH="168" HEIGHT="70" CONTENT="lebte," WC="0.98" CC="700504"/>
						<SP ID="P104_SP00283" HPOS="2709" VPOS="3250" WIDTH="43"/>
						<String ID="P104_ST00312" HPOS="2752" VPOS="3176" WIDTH="198" HEIGHT="70" CONTENT="fühlte," WC="0.98" CC="3070554"/>
						<SP ID="P104_SP00284" HPOS="2950" VPOS="3250" WIDTH="42"/>
						<String ID="P104_ST00313" HPOS="2992" VPOS="3176" WIDTH="197" HEIGHT="70" CONTENT="hoffte," WC="0.98" CC="0357204"/>
						<SP ID="P104_SP00285" HPOS="3189" VPOS="3250" WIDTH="40"/>
						<String ID="P104_ST00314" HPOS="3229" VPOS="3182" WIDTH="200" HEIGHT="54" CONTENT="weinte" WC="0.99" CC="003504"/>
					</TextLine>
					<TextLine ID="P104_TL00031" HPOS="1192" VPOS="3267" WIDTH="2234" HEIGHT="78">
						<String ID="P104_ST00315" HPOS="1192" VPOS="3271" WIDTH="120" HEIGHT="62" CONTENT="und" WC="0.97" CC="600"/>
						<SP ID="P104_SP00286" HPOS="1312" VPOS="3333" WIDTH="39"/>
						<String ID="P104_ST00316" HPOS="1351" VPOS="3272" WIDTH="173" HEIGHT="61" CONTENT="lachte" WC="0.99" CC="700000"/>
						<SP ID="P104_SP00287" HPOS="1524" VPOS="3333" WIDTH="33"/>
						<String ID="P104_ST00317" HPOS="1557" VPOS="3271" WIDTH="119" HEIGHT="61" CONTENT="und" WC="0.98" CC="060"/>
						<SP ID="P104_SP00288" HPOS="1676" VPOS="3333" WIDTH="32"/>
						<String ID="P104_ST00318" HPOS="1708" VPOS="3295" WIDTH="117" HEIGHT="37" CONTENT="nun" WC="0.95" CC="570"/>
						<SP ID="P104_SP00289" HPOS="1825" VPOS="3333" WIDTH="33"/>
						<String ID="P104_ST00319" HPOS="1858" VPOS="3295" WIDTH="123" HEIGHT="36" CONTENT="war" WC="0.98" CC="004"/>
						<SP ID="P104_SP00290" HPOS="1981" VPOS="3333" WIDTH="33"/>
						<String ID="P104_ST00320" HPOS="2014" VPOS="3271" WIDTH="137" HEIGHT="61" CONTENT="auch" WC="0.98" CC="0460"/>
						<SP ID="P104_SP00291" HPOS="2151" VPOS="3333" WIDTH="34"/>
						<String ID="P104_ST00321" HPOS="2185" VPOS="3271" WIDTH="135" HEIGHT="60" CONTENT="noch" WC="0.99" CC="0300"/>
						<SP ID="P104_SP00292" HPOS="2320" VPOS="3333" WIDTH="38"/>
						<String ID="P104_ST00322" HPOS="2358" VPOS="3286" WIDTH="179" HEIGHT="45" CONTENT="etwas" WC="0.99" CC="04040"/>
						<SP ID="P104_SP00293" HPOS="2537" VPOS="3333" WIDTH="36"/>
						<String ID="P104_ST00323" HPOS="2573" VPOS="3269" WIDTH="306" HEIGHT="62" CONTENT="außerdem" WC="1.00" CC="04006000"/>
						<SP ID="P104_SP00294" HPOS="2879" VPOS="3333" WIDTH="35"/>
						<String ID="P104_ST00324" HPOS="2914" VPOS="3269" WIDTH="92" HEIGHT="71" CONTENT="da," WC="0.98" CC="004"/>
						<SP ID="P104_SP00295" HPOS="3006" VPOS="3340" WIDTH="44"/>
						<String ID="P104_ST00325" HPOS="3050" VPOS="3269" WIDTH="102" HEIGHT="61" CONTENT="das" WC="1.00" CC="000"/>
						<SP ID="P104_SP00296" HPOS="3152" VPOS="3340" WIDTH="34"/>
						<String ID="P104_ST00326" HPOS="3186" VPOS="3267" WIDTH="240" HEIGHT="78" CONTENT="jegliches" WC="0.99" CC="700000720"/>
					</TextLine>
					<TextLine ID="P104_TL00032" HPOS="1192" VPOS="3355" WIDTH="2235" HEIGHT="85">
						<String ID="P104_ST00327" HPOS="1192" VPOS="3375" WIDTH="193" HEIGHT="51" CONTENT="innere" WC="0.99" CC="300060"/>
						<SP ID="P104_SP00297" HPOS="1385" VPOS="3426" WIDTH="41"/>
						<String ID="P104_ST00328" HPOS="1426" VPOS="3365" WIDTH="118" HEIGHT="61" CONTENT="und" WC="1.00" CC="000"/>
						<SP ID="P104_SP00298" HPOS="1544" VPOS="3426" WIDTH="42"/>
						<String ID="P104_ST00329" HPOS="1586" VPOS="3365" WIDTH="209" HEIGHT="61" CONTENT="äußere" WC="0.98" CC="050370"/>
						<SP ID="P104_SP00299" HPOS="1795" VPOS="3426" WIDTH="35"/>
						<String ID="P104_ST00330" HPOS="1830" VPOS="3363" WIDTH="349" HEIGHT="62" CONTENT="Geschehnis" WC="1.00" CC="6000000050"/>
						<SP ID="P104_SP00300" HPOS="2179" VPOS="3426" WIDTH="43"/>
						<String ID="P104_ST00331" HPOS="2222" VPOS="3363" WIDTH="132" HEIGHT="61" CONTENT="bald" WC="0.97" CC="7060"/>
						<SP ID="P104_SP00301" HPOS="2354" VPOS="3426" WIDTH="40"/>
						<String ID="P104_ST00332" HPOS="2394" VPOS="3363" WIDTH="235" HEIGHT="77" CONTENT="flüchtig," WC="1.00" CC="220000304"/>
						<SP ID="P104_SP00302" HPOS="2629" VPOS="3440" WIDTH="40"/>
						<String ID="P104_ST00333" HPOS="2669" VPOS="3361" WIDTH="134" HEIGHT="63" CONTENT="bald" WC="1.00" CC="0000"/>
						<SP ID="P104_SP00303" HPOS="2803" VPOS="3440" WIDTH="31"/>
						<String ID="P104_ST00334" HPOS="2834" VPOS="3361" WIDTH="431" HEIGHT="77" CONTENT="weitschweifig," WC="1.00" CC="00530000000004"/>
						<SP ID="P104_SP00304" HPOS="3265" VPOS="3440" WIDTH="39"/>
						<String ID="P104_ST00335" HPOS="3304" VPOS="3355" WIDTH="123" HEIGHT="65" CONTENT="bald" WC="0.97" CC="0067"/>
					</TextLine>
					<TextLine ID="P104_TL00033" HPOS="1191" VPOS="3453" WIDTH="2236" HEIGHT="85">
						<String ID="P104_ST00336" HPOS="1191" VPOS="3460" WIDTH="286" HEIGHT="70" CONTENT="kunstlos," WC="1.00" CC="000004004"/>
						<SP ID="P104_SP00305" HPOS="1477" VPOS="3530" WIDTH="48"/>
						<String ID="P104_ST00337" HPOS="1525" VPOS="3459" WIDTH="132" HEIGHT="61" CONTENT="bald" WC="1.00" CC="0000"/>
						<SP ID="P104_SP00306" HPOS="1657" VPOS="3530" WIDTH="50"/>
						<String ID="P104_ST00338" HPOS="1707" VPOS="3468" WIDTH="261" HEIGHT="70" CONTENT="pointiert" WC="0.99" CC="032000371"/>
						<SP ID="P104_SP00307" HPOS="1968" VPOS="3538" WIDTH="47"/>
						<String ID="P104_ST00339" HPOS="2015" VPOS="3468" WIDTH="55" HEIGHT="52" CONTENT="in" WC="0.40" CC="65"/>
						<SP ID="P104_SP00308" HPOS="2070" VPOS="3538" WIDTH="52"/>
						<String ID="P104_ST00340" HPOS="2122" VPOS="3458" WIDTH="101" HEIGHT="62" CONTENT="das" WC="0.98" CC="050"/>
						<SP ID="P104_SP00309" HPOS="2223" VPOS="3538" WIDTH="51"/>
						<String ID="P104_ST00341" HPOS="2274" VPOS="3458" WIDTH="189" HEIGHT="61" CONTENT="keines" WC="1.00" CC="002000"/>
						<SP ID="P104_SP00310" HPOS="2463" VPOS="3538" WIDTH="42"/>
						<String ID="P104_ST00342" HPOS="2505" VPOS="3457" WIDTH="441" HEIGHT="62" CONTENT="Widerstandes" WC="1.00" CC="700000000030"/>
						<SP ID="P104_SP00311" HPOS="2946" VPOS="3538" WIDTH="45"/>
						<String ID="P104_ST00343" HPOS="2991" VPOS="3457" WIDTH="185" HEIGHT="77" CONTENT="fähige" WC="0.98" CC="507500"/>
						<SP ID="P104_SP00312" HPOS="3176" VPOS="3538" WIDTH="43"/>
						<String ID="P104_ST00344" HPOS="3219" VPOS="3453" WIDTH="208" HEIGHT="63" CONTENT="Gehirn" WC="0.98" CC="006067"/>
					</TextLine>
					<TextLine ID="P104_TL00034" HPOS="1192" VPOS="3544" WIDTH="2235" HEIGHT="85">
						<String ID="P104_ST00345" HPOS="1192" VPOS="3552" WIDTH="225" HEIGHT="62" CONTENT="schrieb." WC="0.99" CC="00066073"/>
						<SP ID="P104_SP00313" HPOS="1417" VPOS="3614" WIDTH="44"/>
						<String ID="P104_ST00346" HPOS="1461" VPOS="3553" WIDTH="135" HEIGHT="61" CONTENT="Daß" WC="0.98" CC="006"/>
						<SP ID="P104_SP00314" HPOS="1596" VPOS="3614" WIDTH="41"/>
						<String ID="P104_ST00347" HPOS="1637" VPOS="3576" WIDTH="62" HEIGHT="38" CONTENT="es" WC="1.00" CC="00"/>
						<SP ID="P104_SP00315" HPOS="1699" VPOS="3614" WIDTH="34"/>
						<String ID="P104_ST00348" HPOS="1733" VPOS="3562" WIDTH="103" HEIGHT="51" CONTENT="mir" WC="0.96" CC="036"/>
						<SP ID="P104_SP00316" HPOS="1836" VPOS="3614" WIDTH="32"/>
						<String ID="P104_ST00349" HPOS="1868" VPOS="3552" WIDTH="253" HEIGHT="77" CONTENT="gegeben" WC="1.00" CC="0000000"/>
						<SP ID="P104_SP00317" HPOS="2121" VPOS="3629" WIDTH="49"/>
						<String ID="P104_ST00350" HPOS="2170" VPOS="3576" WIDTH="141" HEIGHT="46" CONTENT="war," WC="0.97" CC="0454"/>
						<SP ID="P104_SP00318" HPOS="2311" VPOS="3629" WIDTH="43"/>
						<String ID="P104_ST00351" HPOS="2354" VPOS="3551" WIDTH="150" HEIGHT="61" CONTENT="ohne" WC="0.97" CC="6700"/>
						<SP ID="P104_SP00319" HPOS="2504" VPOS="3629" WIDTH="41"/>
						<String ID="P104_ST00352" HPOS="2545" VPOS="3551" WIDTH="120" HEIGHT="61" CONTENT="dies" WC="1.00" CC="0000"/>
						<SP ID="P104_SP00320" HPOS="2665" VPOS="3629" WIDTH="41"/>
						<String ID="P104_ST00353" HPOS="2706" VPOS="3575" WIDTH="76" HEIGHT="37" CONTENT="zu" WC="0.64" CC="70"/>
						<SP ID="P104_SP00321" HPOS="2782" VPOS="3629" WIDTH="41"/>
						<String ID="P104_ST00354" HPOS="2823" VPOS="3549" WIDTH="229" HEIGHT="71" CONTENT="wollen," WC="0.99" CC="0365004"/>
						<SP ID="P104_SP00322" HPOS="3052" VPOS="3629" WIDTH="39"/>
						<String ID="P104_ST00355" HPOS="3091" VPOS="3548" WIDTH="108" HEIGHT="61" CONTENT="tief" WC="0.98" CC="2106"/>
						<SP ID="P104_SP00323" HPOS="3199" VPOS="3629" WIDTH="32"/>
						<String ID="P104_ST00356" HPOS="3231" VPOS="3557" WIDTH="53" HEIGHT="51" CONTENT="in" WC="0.68" CC="60"/>
						<SP ID="P104_SP00324" HPOS="3284" VPOS="3629" WIDTH="42"/>
						<String ID="P104_ST00357" HPOS="3326" VPOS="3544" WIDTH="101" HEIGHT="60" CONTENT="den" WC="0.95" CC="066"/>
					</TextLine>
					<TextLine ID="P104_TL00035" HPOS="1192" VPOS="3638" WIDTH="2234" HEIGHT="88">
						<String ID="P104_ST00358" HPOS="1192" VPOS="3647" WIDTH="344" HEIGHT="79" CONTENT="geheimsten" WC="1.00" CC="0003500400"/>
						<SP ID="P104_SP00325" HPOS="1536" VPOS="3726" WIDTH="35"/>
						<String ID="P104_ST00359" HPOS="1571" VPOS="3646" WIDTH="321" HEIGHT="62" CONTENT="Gedanken" WC="1.00" CC="20000000"/>
						<SP ID="P104_SP00326" HPOS="1892" VPOS="3726" WIDTH="43"/>
						<String ID="P104_ST00360" HPOS="1935" VPOS="3647" WIDTH="99" HEIGHT="60" CONTENT="der" WC="0.98" CC="005"/>
						<SP ID="P104_SP00327" HPOS="2034" VPOS="3726" WIDTH="40"/>
						<String ID="P104_ST00361" HPOS="2074" VPOS="3655" WIDTH="102" HEIGHT="52" CONTENT="mir" WC="0.98" CC="014"/>
						<SP ID="P104_SP00328" HPOS="2176" VPOS="3726" WIDTH="32"/>
						<String ID="P104_ST00362" HPOS="2208" VPOS="3646" WIDTH="329" HEIGHT="61" CONTENT="Bekannten" WC="0.99" CC="000037300"/>
						<SP ID="P104_SP00329" HPOS="2537" VPOS="3726" WIDTH="41"/>
						<String ID="P104_ST00363" HPOS="2578" VPOS="3670" WIDTH="75" HEIGHT="35" CONTENT="zu" WC="0.39" CC="75"/>
						<SP ID="P104_SP00330" HPOS="2653" VPOS="3726" WIDTH="33"/>
						<String ID="P104_ST00364" HPOS="2686" VPOS="3645" WIDTH="255" HEIGHT="60" CONTENT="wühlen!" WC="0.99" CC="0006050"/>
						<SP ID="P104_SP00331" HPOS="2941" VPOS="3726" WIDTH="44"/>
						<String ID="P104_ST00365" HPOS="2985" VPOS="3643" WIDTH="143" HEIGHT="61" CONTENT="Und" WC="0.95" CC="750"/>
						<SP ID="P104_SP00332" HPOS="3128" VPOS="3726" WIDTH="33"/>
						<String ID="P104_ST00366" HPOS="3161" VPOS="3642" WIDTH="139" HEIGHT="61" CONTENT="nicht" WC="0.98" CC="04071"/>
						<SP ID="P104_SP00333" HPOS="3300" VPOS="3726" WIDTH="31"/>
						<String ID="P104_ST00367" HPOS="3331" VPOS="3638" WIDTH="95" HEIGHT="60" CONTENT="das" WC="0.95" CC="057"/>
					</TextLine>
					<TextLine ID="P104_TL00036" HPOS="1193" VPOS="3732" WIDTH="2234" HEIGHT="84">
						<String ID="P104_ST00368" HPOS="1193" VPOS="3741" WIDTH="191" HEIGHT="71" CONTENT="allein," WC="0.98" CC="0670264"/>
						<SP ID="P104_SP00334" HPOS="1384" VPOS="3812" WIDTH="42"/>
						<String ID="P104_ST00369" HPOS="1426" VPOS="3741" WIDTH="75" HEIGHT="61" CONTENT="ich" WC="0.99" CC="200"/>
						<SP ID="P104_SP00335" HPOS="1501" VPOS="3812" WIDTH="49"/>
						<String ID="P104_ST00370" HPOS="1550" VPOS="3741" WIDTH="195" HEIGHT="61" CONTENT="wußte" WC="1.00" CC="00030"/>
						<SP ID="P104_SP00336" HPOS="1745" VPOS="3812" WIDTH="48"/>
						<String ID="P104_ST00371" HPOS="1793" VPOS="3740" WIDTH="90" HEIGHT="61" CONTENT="die" WC="1.00" CC="000"/>
						<SP ID="P104_SP00337" HPOS="1883" VPOS="3812" WIDTH="42"/>
						<String ID="P104_ST00372" HPOS="1925" VPOS="3739" WIDTH="258" HEIGHT="60" CONTENT="Zukunft" WC="0.98" CC="9445000"/>
						<SP ID="P104_SP00338" HPOS="2183" VPOS="3812" WIDTH="40"/>
						<String ID="P104_ST00373" HPOS="2223" VPOS="3747" WIDTH="154" HEIGHT="52" CONTENT="eines" WC="1.00" CC="04000"/>
						<SP ID="P104_SP00339" HPOS="2377" VPOS="3812" WIDTH="41"/>
						<String ID="P104_ST00374" HPOS="2418" VPOS="3739" WIDTH="165" HEIGHT="77" CONTENT="jeden" WC="1.00" CC="00020"/>
						<SP ID="P104_SP00340" HPOS="2583" VPOS="3816" WIDTH="39"/>
						<String ID="P104_ST00375" HPOS="2622" VPOS="3761" WIDTH="118" HEIGHT="37" CONTENT="von" WC="0.97" CC="043"/>
						<SP ID="P104_SP00341" HPOS="2740" VPOS="3816" WIDTH="44"/>
						<String ID="P104_ST00376" HPOS="2784" VPOS="3737" WIDTH="184" HEIGHT="61" CONTENT="ihnen." WC="0.98" CC="073304"/>
						<SP ID="P104_SP00342" HPOS="2968" VPOS="3816" WIDTH="44"/>
						<String ID="P104_ST00377" HPOS="3012" VPOS="3737" WIDTH="61" HEIGHT="60" CONTENT="In" WC="0.78" CC="03"/>
						<SP ID="P104_SP00343" HPOS="3073" VPOS="3816" WIDTH="43"/>
						<String ID="P104_ST00378" HPOS="3116" VPOS="3736" WIDTH="144" HEIGHT="61" CONTENT="ihrer" WC="0.96" CC="47646"/>
						<SP ID="P104_SP00344" HPOS="3260" VPOS="3816" WIDTH="38"/>
						<String ID="P104_ST00379" HPOS="3298" VPOS="3732" WIDTH="129" HEIGHT="61" CONTENT="An*" WC="0.93" CC="664"/>
					</TextLine>
					<TextLine ID="P104_TL00037" HPOS="1193" VPOS="3829" WIDTH="2233" HEIGHT="82">
						<String ID="P104_ST00380" HPOS="1193" VPOS="3834" WIDTH="329" HEIGHT="72" CONTENT="Wesenheit," WC="0.99" CC="0003000634"/>
						<SP ID="P104_SP00345" HPOS="1522" VPOS="3906" WIDTH="41"/>
						<String ID="P104_ST00381" HPOS="1563" VPOS="3834" WIDTH="274" HEIGHT="61" CONTENT="während" WC="1.00" CC="0005000"/>
						<SP ID="P104_SP00346" HPOS="1837" VPOS="3906" WIDTH="42"/>
						<String ID="P104_ST00382" HPOS="1879" VPOS="3843" WIDTH="82" HEIGHT="52" CONTENT="sie" WC="0.98" CC="040"/>
						<SP ID="P104_SP00347" HPOS="1961" VPOS="3906" WIDTH="41"/>
						<String ID="P104_ST00383" HPOS="2002" VPOS="3843" WIDTH="100" HEIGHT="50" CONTENT="mit" WC="0.97" CC="034"/>
						<SP ID="P104_SP00348" HPOS="2102" VPOS="3906" WIDTH="38"/>
						<String ID="P104_ST00384" HPOS="2140" VPOS="3841" WIDTH="103" HEIGHT="52" CONTENT="mir" WC="0.97" CC="062"/>
						<SP ID="P104_SP00349" HPOS="2243" VPOS="3906" WIDTH="40"/>
						<String ID="P104_ST00385" HPOS="2283" VPOS="3834" WIDTH="286" HEIGHT="77" CONTENT="sprachen," WC="1.00" CC="006000004"/>
						<SP ID="P104_SP00350" HPOS="2569" VPOS="3911" WIDTH="42"/>
						<String ID="P104_ST00386" HPOS="2611" VPOS="3831" WIDTH="214" HEIGHT="78" CONTENT="begrub" WC="0.97" CC="700667"/>
						<SP ID="P104_SP00351" HPOS="2825" VPOS="3911" WIDTH="51"/>
						<String ID="P104_ST00387" HPOS="2876" VPOS="3831" WIDTH="141" HEIGHT="61" CONTENT="oder" WC="0.98" CC="2005"/>
						<SP ID="P104_SP00352" HPOS="3017" VPOS="3911" WIDTH="47"/>
						<String ID="P104_ST00388" HPOS="3064" VPOS="3829" WIDTH="362" HEIGHT="62" CONTENT="verheiratete" WC="0.99" CC="005765505046"/>
					</TextLine>
					<TextLine ID="P104_TL00038" HPOS="1197" VPOS="3924" WIDTH="2230" HEIGHT="81">
						<String ID="P104_ST00389" HPOS="1197" VPOS="3929" WIDTH="75" HEIGHT="60" CONTENT="ich" WC="1.00" CC="000"/>
						<SP ID="P104_SP00353" HPOS="1272" VPOS="3989" WIDTH="43"/>
						<String ID="P104_ST00390" HPOS="1315" VPOS="3937" WIDTH="110" HEIGHT="62" CONTENT="sie," WC="0.99" CC="0004"/>
						<SP ID="P104_SP00354" HPOS="1425" VPOS="3999" WIDTH="40"/>
						<String ID="P104_ST00391" HPOS="1465" VPOS="3938" WIDTH="52" HEIGHT="67" CONTENT="je" WC="1.00" CC="00"/>
						<SP ID="P104_SP00355" HPOS="1517" VPOS="4005" WIDTH="41"/>
						<String ID="P104_ST00392" HPOS="1558" VPOS="3928" WIDTH="133" HEIGHT="61" CONTENT="nach" WC="0.99" CC="6000"/>
						<SP ID="P104_SP00356" HPOS="1691" VPOS="4005" WIDTH="44"/>
						<String ID="P104_ST00393" HPOS="1735" VPOS="3926" WIDTH="175" HEIGHT="63" CONTENT="ihrem" WC="0.99" CC="40500"/>
						<SP ID="P104_SP00357" HPOS="1910" VPOS="4005" WIDTH="40"/>
						<String ID="P104_ST00394" HPOS="1950" VPOS="3926" WIDTH="186" HEIGHT="63" CONTENT="Alter," WC="0.98" CC="071053"/>
						<SP ID="P104_SP00358" HPOS="2136" VPOS="4005" WIDTH="56"/>
						<String ID="P104_ST00395" HPOS="2192" VPOS="3925" WIDTH="139" HEIGHT="62" CONTENT="Und" WC="0.97" CC="700"/>
						<SP ID="P104_SP00359" HPOS="2331" VPOS="4005" WIDTH="40"/>
						<String ID="P104_ST00396" HPOS="2371" VPOS="3935" WIDTH="129" HEIGHT="69" CONTENT="ging" WC="1.00" CC="0200"/>
						<SP ID="P104_SP00360" HPOS="2500" VPOS="4005" WIDTH="41"/>
						<String ID="P104_ST00397" HPOS="2541" VPOS="3925" WIDTH="90" HEIGHT="61" CONTENT="bei" WC="0.95" CC="706"/>
						<SP ID="P104_SP00361" HPOS="2631" VPOS="4005" WIDTH="41"/>
						<String ID="P104_ST00398" HPOS="2672" VPOS="3924" WIDTH="155" HEIGHT="62" CONTENT="ihren" WC="0.97" CC="36435"/>
						<SP ID="P104_SP00362" HPOS="2827" VPOS="4005" WIDTH="40"/>
						<String ID="P104_ST00399" HPOS="2867" VPOS="3924" WIDTH="412" HEIGHT="79" CONTENT="Begräbnissen" WC="1.00" CC="000707060020"/>
						<SP ID="P104_SP00363" HPOS="3279" VPOS="4005" WIDTH="39"/>
						<String ID="P104_ST00400" HPOS="3318" VPOS="3924" WIDTH="109" HEIGHT="60" CONTENT="mit." WC="0.95" CC="6664"/>
					</TextLine>
				</TextBlock>
			</PrintSpace>
		</Page>
	</Layout>
</alto>
