3400 4572
961 439 236 49 Heinrich
1224 440 315 48 Lautensacß
1566 463 9 12 •
1763 442 230 48 Gefüßde

2497 445 91 48 289

439 632 57 59 P,
543 627 378 61 Guardian:
964 626 547 61 Ausnahmsweise?
1652 627 126 61 Das
1829 628 171 61 heißt:
2053 638 54 51 in
2156 638 182 51 einem
2378 630 173 62 beson-

367 726 162 60 deren
569 720 156 59 Fall?
865 719 105 60 Na
1009 719 286 59 natürlich!

439 819 55 58 P,
538 814 217 61 Felix:
802 861 11 12 ,
843 862 8 10 ,
882 861 9 11 ,
923 811 166 62 Oder
1131 812 158 60 aber:
1333 821 148 51 mein
1522 812 474 80 Schwiegervater
2046 815 147 60 hätte
2235 838 60 38 es
2338 815 82 61 bis
2462 825 131 66 jetzt

369 912 127 61 noch
547 908 139 59 nicht
727 906 89 60 für
858 914 155 67 nötig
1060 904 315 71 befunden,
1425 906 134 60 mich
1609 908 133 59 auch
1793 932 107 35 nur
1942 908 101 59 das
2084 917 278 68 geringste
2404 908 189 62 davon

372 1013 126 52 wiss
501 1003 14 20 7
520 1027 35 34 n
595 1026 75 35 zu
712 999 195 61 lass'h!

440 1098 55 60 P,
542 1094 380 61 Guardian:
965 1094 136 60 Hm.

440 1193 56 59 P.
540 1188 214 61 Felix:
801 1235 97 13 ...
924 1187 167 61 Oder
1140 1187 156 61 diese
1346 1188 156 61 dritte
1550 1190 384 76 Möglichkeit:
1985 1199 181 52 meine
2207 1190 158 61 Frau
2414 1191 183 61 selber

371 1282 184 63 wüßte
588 1281 200 76 längst,
821 1280 110 61 daß
965 1281 75 59 ich
1065 1280 292 77 gleichfalls
1384 1280 216 62 damals
1625 1293 98 49 mit
1749 1282 127 60 dem
1901 1282 193 61 Leben
2121 1282 190 61 davon
2315 1285 15 19 7
2333 1282 263 63 kommen

369 1378 104 59 bin.
526 1375 135 60 Nur
687 1420 96 15 ...
828 1383 82 51 sie
959 1374 199 60 würde
1209 1374 106 60 sich
1366 1374 209 61 einfach
1624 1375 139 60 nicht
1812 1384 72 51 im
1934 1375 311 61 mindesten
2296 1376 156 61 mehr
2500 1400 96 37 um

371 1469 125 61 mich
537 1468 305 59 kümmern.

442 1563 56 60 P,
543 1561 379 60 Guardian:
974 1561 127 60 Oh!
1153 1562 98 59 Da
1299 1561 263 60 könntest
1611 1562 77 59 du
1740 1563 134 58 aber
1925 1563 111 60 fein
2085 1563 108 60 auf

373 1654 234 77 Stellung
647 1653 100 61 der
787 1653 273 61 ehelichen
1105 1654 415 61 Gemeinschaft
1561 1654 125 78 klag
1689 1656 16 20 7
1708 1679 35 35 n
1757 1657 11 58 !

443 1750 52 59 P.
536 1747 194 61 Felix
780 1756 238 61 {schweigt
1050 1762 100 42 eine
1183 1756 169 48 Weile.
1388 1757 185 55 Dann):
1614 1750 62 77 Ja
1717 1750 123 61 also
1869 1798 10 11 ,
1912 1798 11 11 .
1954 1795 12 13 .
2011 1748 103 61 das
2165 1750 145 70 ist’s,
2363 1774 120 37 was
2523 1752 75 59 ich

369 1865 113 37 von
526 1840 81 61 dir
646 1840 258 62 erfahren
946 1841 207 62 wollte.
1205 1841 199 61 Meine
1444 1841 418 78 Vorbereitung
1903 1842 107 60 auf
2044 1841 108 61 den
2193 1842 409 61 Priesterstand

372 1944 66 52 ist
472 1934 212 61 damals
813 1936 138 60 nicht
983 1935 211 61 zuletzt
1227 1935 105 61 auf
1356 1945 183 52 meine
1573 1945 196 69 eigene
1801 1936 141 61 Bitte
2066 1936 241 61 ziemlich
2340 1936 126 78 eilig
2498 1936 66 61 be-

366 2027 212 61 trieben
620 2029 199 60 wor'n.
865 2028 81 61 Ich
988 2052 120 37 war
1249 2029 77 60 ich
1360 2028 109 61 hab
1474 2030 15 21 7
1524 2030 136 60 auch
1694 2028 211 61 danach
1938 2028 289 77 gebüffelt!
2373 2038 54 52 in
2464 2030 134 60 noch

374 2122 136 58 nicht
541 2131 143 51 zwei
708 2121 127 78 Jahr
835 2122 16 20 7
852 2146 34 36 n
913 2122 364 77 ausgeweiht.
1318 2123 204 60 Dürfte
1548 2124 133 59 mich
1709 2146 170 38 unser
1905 2123 203 61 Orden
2133 2146 117 37 nun
2277 2123 108 60 auf
2401 2122 198 62 keinen

372 2213 121 60 Fall
541 2215 193 76 länger
776 2215 376 71 einbehalten,
1202 2215 122 61 falls
1366 2251 78 4 -
1484 2240 106 36 nur
1638 2216 133 60 bloß
1821 2217 436 75 angenommen!
2418 2225 181 52 meine

378 2306 151 61 Frau
555 2307 247 78 plötzlich
829 2307 212 61 wieder
1065 2333 32 37 z
1101 2309 15 20 7
1119 2307 293 61 rückkäme
1439 2309 117 61 und
1580 2310 133 60 mich
1735 2307 368 63 ausdrücklich
2123 2309 228 61 fordern
2370 2309 231 61 würde?

444 2400 56 61 P,
541 2401 380 61 Guardian:
962 2401 177 62 Nein,
1183 2403 97 59 Da
1321 2401 181 61 dürfte
1543 2401 114 61 dich
1699 2425 171 37 unser
1905 2401 202 62 Orden
2140 2401 109 61 auf
2271 2425 100 55 gar
2403 2403 196 60 keinen

376 2491 119 61 Fall
536 2494 134 60 auch
712 2517 106 37 nur
860 2503 123 52 eine
1022 2494 230 61 Minute
1291 2494 192 77 länger
1524 2494 366 62 einbehalten.

443 2585 56 61 P.
536 2587 193 61 Felix
771 2594 119 56 {läßt
921 2596 88 48 sich
1044 2596 139 48 nichts
1219 2597 269 56 anmerken,
1522 2594 202 51 sondern
1757 2597 218 60 schweigt
2005 2615 88 30 nur
2126 2602 132 44 einen
2291 2596 306 61 Augenblick,

373 2686 203 57 Sodann)
594 2705 9 32 :
646 2681 358 62 Nämlich,.,
1039 2682 218 60 Bruder
1289 2681 345 62 Edmundus
1670 2682 118 60 und
1821 2683 75 59 ich
1939 2682 109 61 hab
2052 2683 17 21 7
2071 2706 36 37 n
2147 2698 223 61 gestern
2411 2682 188 61 abend

373 2773 132 59 noch
546 2773 138 61 über
725 2773 190 61 diesen
948 2773 182 61 Punkt
1169 2797 36 54 g
1208 2775 15 20 7
1227 2775 191 77 sproch
1423 2775 16 20 7
1442 2797 36 37 n
1520 2775 117 61 und
1662 2823 94 13 ...
1801 2776 75 60 ich
1920 2799 121 37 war
2080 2799 75 37 zu
2188 2784 187 68 wenig
2406 2792 160 44 unter-

373 2866 180 60 richtet
588 2914 10 13 .
637 2916 10 11 ,
686 2917 11 13 .

444 2959 56 61 P.
547 2960 61 61 G
618 2961 306 60 uardian:
980 2963 123 59 Hat
1143 2961 218 61 Bruder
1401 2961 346 63 Edmundus
1790 2979 223 61 gestern
2064 2963 185 61 abend
2288 2963 140 59 nicht
2467 2964 135 60 auch

372 3050 109 62 fast
522 3062 53 50 in
625 3063 176 52 einem
847 3055 110 60 fort
998 3057 136 59 noch
1176 3065 54 51 in
1274 3057 113 59 dich
1430 3057 440 77 hineingeredet,
1921 3055 76 61 du
2039 3057 159 61 sollst
2238 3057 163 76 gleich
2446 3055 136 63 heut
2587 3057 15 20 7

369 3152 54 51 in
473 3145 133 61 aller
645 3147 156 61 Früh
806 3149 15 19 7
865 3157 87 52 ein
993 3144 356 81 Telegramm
1390 3151 132 58 nach
1572 3149 286 61 München
1907 3149 207 78 aufgeb
2118 3149 17 21 7
2137 3173 36 36 n
2224 3148 139 61 oder
2403 3148 195 61 besser

373 3238 133 57 noch
548 3238 199 62 deinen
788 3241 474 77 Schwiegervater
1303 3241 176 61 direkt
1520 3242 423 77 ante!ephonier
1944 3242 15 20 7
1959 3243 68 59 n?

448 3330 56 59 P.
548 3331 214 62 Felix:
805 3333 156 78 Ja.,.
1007 3335 134 59 aber
1182 3344 111 52 wie
1335 3335 199 61 würde
1576 3335 101 61 das
1722 3335 274 61 aussehn!
2041 3342 172 55 {Fest):
2265 3333 185 60 Nein!

446 3422 53 60 P,
536 3424 374 63 Guardian:
954 3429 359 61 Nämlich.,,
1350 3429 142 59 eben
1526 3452 122 36 war
1680 3429 218 59 Bruder
1931 3426 343 65 Edmundus
2309 3426 137 60 noch
2481 3434 120 52 ein=

372 3515 110 58 mal
515 3515 115 61 hier
661 3519 88 60 bei
782 3530 123 51 mir:
1058 3546 169 36 wenn
1261 3521 77 60 du
1370 3523 140 58 nicht
1543 3520 264 70 wolltest,
1849 3520 164 60 sollte
2044 3520 75 59 ich
2155 3542 61 37 es
2250 3542 106 37 aus
2391 3526 88 69 eig
2480 3519 17 20 7
2500 3542 99 37 ner

371 3606 270 64 Initiative
682 3614 123 59 tun!

446 3699 57 61 P.
546 3700 213 64 Felix:
804 3706 139 61 Und
965 3755 44 12 ~.
1086 3707 78 60 du
1208 3707 127 60 hast
1337 3708 15 19 7
1356 3731 26 37 s
1423 3707 200 76 getan?

446 3793 55 62 P.
540 3794 375 65 Guardian:
960 3801 207 59 Sowas
1202 3800 166 59 würd
1370 3801 15 20 7
1420 3801 75 58 ich
1530 3808 102 51 mir
1663 3798 150 61 ohne
1848 3798 162 61 deine
2043 3798 403 82 Einwilligung
2479 3811 92 52 nie-

372 3885 137 61 mals
552 3887 215 64 erlaubt
807 3891 108 61 hab
921 3894 15 20 7
940 3895 61 57 n!
