3680 4572
1147 467 95 50 260

1700 468 242 51 Mecßtifcf
2227 469 103 62 Licßnowsßy
2331 493 61 13 •
2393 469 122 50 Der
2516 469 282 62 Bräutigam

1331 665 139 66 Tief
1500 669 316 71 verwandt,
1857 669 397 71 Melandiolia,
2295 669 174 61 winkt
2510 669 90 61 die
2642 669 312 61 Schwester

1332 763 221 61 deinem
1593 763 310 62 Nebelhild
1943 787 92 37 am
2075 763 167 61 Rand
2282 763 99 61 der
2420 764 281 75 Lichtung,

1332 856 219 77 Spannt
1593 856 127 61 dein
1760 856 195 59 Mund
1994 880 133 37 zum
2167 856 236 59 Lächeln
2446 856 104 61 sich
2592 865 55 50 in
2689 854 170 63 stiller
2898 854 184 72 Feier,

1331 973 222 36 warum
1597 948 166 61 bohrt
1804 948 128 61 dein
1974 948 179 78 Auge
2193 948 361 61 schmerzvoll
2595 948 105 60 sich
2743 957 54 51 in
2837 948 271 78 Richtung

1334 1051 150 52 eines
1528 1041 381 79 ungeseh'nen
1951 1041 264 62 Ziels?.,
2248 1091 10 12 ,
2304 1042 113 60 Die
2458 1041 176 61 Hand
2676 1065 90 37 am
2809 1041 238 62 Schleier

1331 1135 194 62 knotet
1565 1135 109 61 auf
1706 1135 117 61 und
1863 1160 75 36 zu
1979 1136 118 60 und
2138 1136 224 76 schlingt
2402 1135 94 61 ihn
2538 1135 184 62 fester.

1861 1398 189 61 DER
2089 1394 583 66 BRÄUTIGAM

1333 1541 227 61 Einmal
1602 1541 81 60 als
1725 1540 188 61 Mann
1954 1549 157 52 wirst
2153 1538 206 63 endlich
2401 1540 101 59 Du
2544 1538 90 61 Ihr
2674 1538 310 79 begegnen,

1331 1634 303 61 tiefblauer
1676 1632 373 72 Glockenton,
2092 1632 99 61 der
2230 1634 102 59 Du
2374 1657 116 36 von
2533 1632 214 61 drüben
2791 1632 96 63 Sie
2926 1632 172 63 riefst.

1333 1726 268 61 Indessen
1642 1726 144 61 wird
1828 1735 88 52 ein
1956 1725 375 79 Jahrtausend
2371 1725 253 78 langsam
2667 1734 54 52 in
2754 1721 199 82 Tagen
2994 1748 331 55 verregnen,

1333 1819 198 71 bevor,
1573 1819 431 80 erzsprengend,
2048 1818 99 62 der
2180 1814 132 66 Ton
2354 1828 72 51 im
2469 1843 186 38 neuen
2695 1819 226 61 Mantel
2963 1819 90 61 Ihr
3094 1819 152 62 naht.

1331 1988 162 62 Über
1535 1991 107 60 den
1683 1991 234 69 Höhen,
1959 1999 70 51 im
2074 1989 311 61 atemlosen
2429 1991 231 60 Blinken
2702 1991 99 60 der
2840 1991 207 69 Nacht,

1331 2106 93 37 am
1466 2083 337 61 windstillen
1844 2083 191 62 Schlaf
2069 2082 99 62 der
2208 2082 209 62 Fluten
2459 2092 74 51 im
2573 2083 292 61 ruhenden
2906 2085 193 59 Hafen

1333 2176 266 61 erkannte
1639 2177 227 76 gläubig
1907 2177 114 60 dich
2064 2177 150 60 Eine
2255 2200 136 37 vom
2432 2178 240 60 scheuen
2717 2177 325 61 Geschlecht

1331 2270 99 61 der
1471 2270 304 70 Mädchen,
1818 2271 90 60 die
1949 2279 236 62 einsam,
2227 2294 106 37 nur
2374 2280 98 51 mit
2514 2271 106 61 den
2666 2270 239 62 Blumen
2947 2270 330 79 geschlafen.

1330 2438 232 61 Endlich
1607 2439 81 60 als
1730 2439 187 60 Mann
1959 2448 158 51 wirst
2157 2439 101 60 Du
2299 2463 75 36 zu
2416 2438 88 61 Ihr
2544 2448 215 68 singen,

1330 2532 461 62 kindheitsferner
1824 2528 150 75 Ton,
2017 2533 109 60 den
2168 2533 89 60 Ihr
2299 2533 131 60 Ohr
2471 2557 67 37 so
2580 2534 244 76 gesucht,

1330 2626 302 60 traumhaft
1673 2626 373 69 vervielfacht,
2090 2634 261 69 entsteigt
2392 2626 259 60 Melodie
2693 2627 244 61 Deinem
2979 2627 264 79 Klingen,

1331 2728 55 51 in
1429 2718 266 61 frommer
1735 2718 349 78 Erwartung
2125 2718 97 61 hat
2262 2718 95 62 Sie
2397 2720 124 76 jede
2562 2720 185 60 Pause
2788 2720 250 77 gebucht.

1331 2890 102 59 Du
1476 2899 193 68 steigst
1711 2890 149 59 dann
1902 2890 311 71 hernieder,
2256 2890 114 61 voll
2411 2891 120 60 Erz
2572 2891 156 70 noch,
2770 2892 167 60 schon
2979 2916 179 37 warm

1331 3007 136 36 vom
1508 2984 239 76 gleichen
1787 2984 164 59 Blute
1992 2993 110 50 wie
2144 2984 116 68 Sie,
2303 2984 315 61 verwehrst
2657 2984 90 61 Ihr
2788 2994 231 52 weitere
3062 2985 253 71 Schritte,-

1334 3075 250 78 ergreifst
1626 3075 96 62 Sie
1750 3126 11 13 .
1794 3125 11 12 .
1834 3123 10 13 ,
1888 3076 240 60 Zärtlich
2172 3076 230 61 berührt
2443 3076 88 63 Ihr
2571 3079 202 77 Haupt
2815 3080 223 60 Deinen
3080 3079 179 72 Arm,-

1331 3192 117 37 nun
1489 3169 153 61 weilt
1682 3170 292 60 enträtselt
2015 3169 415 78 Ungreifbares
2472 3179 56 52 in
2570 3170 144 61 ihrer
2754 3172 183 61 Mitte,
