3383 4572
979 513 236 49 Heinrieß
1243 514 311 50 Lautensaeß
1581 538 10 12 >
1624 515 117 50 Das

2511 521 92 47 309

379 702 157 76 ruhig
583 700 164 62 deine
802 701 223 61 frühere
1066 701 131 61 Ehe
1246 711 98 52 mit
1392 703 191 61 deiner
1622 705 156 61 Frau
1829 706 126 61 fort.
2015 706 166 61 Aber
2222 724 162 43 unter
2425 707 178 62 dieser

378 805 157 52 einen
577 792 353 79 Bedingung:
974 795 102 59 Du
1118 794 178 60 darfst
1336 795 164 62 deine
1541 796 273 64 ehelichen
1847 799 251 61 Pflichten
2140 800 220 60 deinem
2398 800 205 62 Weibe

378 885 313 81 gegenüber
748 886 154 61 wohl
961 886 316 73 erfüllen,
1333 889 223 76 jedoch
1613 891 165 61 nicht
1836 891 290 63 fordern.
2186 893 117 61 Mit
2359 893 244 62 anderen

379 983 267 59 Worten:
696 980 102 61 Du
840 980 128 61 hast
1007 981 249 61 insofern
1298 983 193 61 allem
1542 987 388 59 staatlichen
1970 987 192 61 Recht
2209 1011 147 37 zum
2397 983 206 66 Trotz

378 1077 224 58 deiner
642 1073 319 77 gelobten
1001 1074 407 62 Keuschheit
1447 1079 151 59 auch
1642 1079 341 61 fernerhin
2023 1096 149 44 treu
2213 1105 82 36 zu
2336 1081 267 62 bleiben

488 1168 246 60 insofern
776 1168 82 60 als
901 1168 79 60 du
1021 1168 115 60 dich
1178 1169 232 63 niemals
1453 1175 360 59 unterstehen
1856 1173 203 71 darfst,
2109 1175 221 59 deinem
2371 1183 232 69 eigenen

375 1261 343 63 fleischlichen
759 1257 171 65 Trieb
987 1262 405 78 nachzugeben.
1451 1265 261 62 Sondern
1763 1267 76 60 du
1889 1267 124 61 hast
2062 1285 162 43 unter
2264 1267 144 61 allen
2450 1268 153 60 Um*

375 1355 235 62 ständen
643 1354 114 61 dich
793 1356 235 76 solange
1061 1365 152 51 eines
1245 1356 165 76 jeden
1444 1359 220 61 solchen
1697 1360 293 61 sinnlichen
2026 1360 301 62 Genusses
2369 1385 74 36 zu
2476 1378 127 44 ent»

375 1449 180 61 halten
698 1446 233 79 solange
972 1470 61 40 es
1077 1449 163 61 deine
1281 1449 158 61 Frau
1480 1453 140 58 nicht
1658 1477 117 35 von
1818 1453 82 61 dir
1940 1453 269 77 verlangt.
2252 1454 172 61 Nicht
2463 1478 140 37 aus»

370 1542 335 78 gesprochen
746 1564 117 38 von
905 1540 83 61 dir
1028 1543 310 77 verlangt.«
1499 1545 127 61 Das
1668 1556 72 50 ist
1880 1557 122 51 wär
2004 1548 17 20 7
2063 1548 74 60 ich
2171 1547 306 78 persönlich
2511 1557 89 51 ein

371 1643 243 69 weniger
656 1634 265 61 frommer
963 1634 199 62 Christ
1202 1637 118 61 und
1359 1638 143 60 nicht
1540 1638 331 78 gleichzeitig
1904 1638 699 64 Gemeindebevollmäch»

369 1738 176 68 tigter,
586 1728 321 78 aufgestellt
945 1752 117 38 von
1105 1729 99 61 der
1244 1731 490 79 Zentrumspartei
1776 1769 91 35 —,
1910 1756 68 38 so
2018 1735 202 59 würde
2261 1735 75 59 ich
2378 1735 203 61 beinah
2586 1736 15 20 7

367 1845 197 53 sagen,
623 1822 109 61 daß
790 1822 183 61 dieser
1027 1822 373 64 katholischen
1448 1825 386 78 Bestimmung
1890 1843 179 45 etwas
2117 1827 346 78 Jesuitisches
2514 1837 87 53 in»

371 1915 224 70 häriert,
643 1939 123 37 was
816 1939 132 37 man
988 1940 68 37 so
1096 1917 317 77 gemeinhin
1452 1917 348 79 Jesuitisches
1842 1937 173 43 nennt
2055 1920 117 61 und
2214 1938 163 43 unter
2418 1921 182 61 dieser

370 2009 380 77 Bezeichnung
789 2010 316 61 verächtlich
1147 2013 225 59 machen
1406 2013 129 59 will,
1696 2014 166 60 Aber
1910 2013 373 62 andererseits
2333 2024 69 52 ist
2443 2015 155 61 diese

369 2102 398 77 Bestimmung,
807 2112 110 51 wie
959 2104 164 60 schon
1157 2122 216 60 gesagt,
1408 2105 209 61 einfach
1650 2107 428 61 wundervoll
2120 2131 475 54 ausgesonnen

367 2218 148 37 vom
555 2196 454 62 katholischen
1051 2198 464 61 Kirchenrecht,

441 2290 418 61 Helmtrudis
893 2304 111 49 (wie
1035 2300 243 54 Marmor,-
1308 2300 98 49 und
1438 2301 112 48 auch
1583 2320 56 32 so
1673 2301 183 56 bleich):
1896 2293 265 63 Finden
2203 2296 96 61 Sie
2318 2296 99 60 —?

441 2382 277 61 Kreidle
743 2391 272 56 (unbeirrt):
1053 2384 122 71 Na,
1218 2384 134 61 und
1383 2385 84 61 ob
1502 2386 74 59 ich
1612 2385 102 62 das
1742 2386 165 71 finde,
1932 2386 345 64 verehrteste
2300 2389 294 78 gnädigste

366 2474 153 62 Frau
569 2476 221 61 Gräfin!
957 2484 350 62 (Triumphiert,
1340 2491 83 45 mit
1456 2486 105 50 dem
1593 2486 119 50 Buch
1747 2493 45 43 in
1827 2488 80 49 der
1938 2489 183 56 Hand);
2172 2481 274 63 Nehmen
2496 2484 96 61 Sie

366 2591 103 36 nur
524 2569 174 61 selbst
753 2570 201 61 einmal
1011 2594 102 47 an,
1166 2572 296 77 gnädigste
1517 2573 159 61 Frau
1735 2573 225 62 Gräfin:
2021 2583 164 52 einen
2248 2575 211 61 Mann

365 2660 228 63 Mönch
720 2664 308 61 Priester,
1159 2665 123 60 Der
1321 2665 98 60 hat
1458 2690 117 36 nun
1617 2682 165 46 unter
1814 2668 232 61 anderm
2079 2668 102 62 das
2218 2668 369 62 Gelübde,,,

365 2753 99 61 das
506 2754 195 79 heilige
727 2757 388 79 Versprechen
1157 2758 98 61 der
1297 2775 180 44 steten
1504 2759 401 63 Keuschheit
1946 2762 272 76 abgelegt.
2265 2762 137 62 Das
2438 2772 135 52 ist,,

365 2846 113 61 das
521 2857 85 52 ist
647 2859 104 50 ein
792 2850 434 62 Ehrenwort!

437 2940 442 65 Helmtrudis:
921 2944 62 77 Ja
1023 2945 134 60 aber
1414 2954 230 61 (plötzlich
1667 2954 636 52 hervorstörzendeTränen,
2337 2956 94 50 Ein
2455 2958 135 49 Auf»

362 3033 271 58 schluchzen,
665 3040 73 45 ein
770 3036 386 51 Heraussdireien
1251 3058 88 30 nur
1372 3040 361 61 sekundenlang,
1764 3046 91 45 wie
1888 3041 71 50 die
1990 3041 223 63 tapferste
2236 3043 129 49 Frau
2397 3044 86 48 auf
2510 3044 81 49 der

364 3111 435 52 mittelalterlichsten
822 3115 161 50 Folter
1014 3115 211 61 plötzlich
1248 3116 111 50 doch
1385 3119 184 57 einmal,
1589 3138 137 30 wenn
1749 3120 127 56 auch,
1900 3125 89 45 wie
2012 3133 179 48 gesagt,
2213 3139 87 32 nur
2324 3121 265 50 Sekunden»

364 3196 119 61 lang,
505 3200 302 51 aufschluchzt
837 3200 97 50 und
955 3201 351 58 herausschreit)
1320 3220 10 36 :
1499 3219 60 38 er
1607 3222 122 35 war
1777 3198 137 61 doch
1963 3198 350 62 Ehemann
2472 3200 115 60 und

361 3279 174 62 blieb
539 3284 15 19 7
558 3307 25 35 s
741 3287 117 59 und
897 3287 178 62 blieb
1079 3289 16 19 7
1098 3312 26 37 s
1400 3297 240 56 (Vorbei.)

437 3374 273 65 Kreidle
751 3392 99 48 (um
883 3406 56 30 so
971 3388 327 61 hartnäckiger,
1331 3396 244 49 eiserner):
1617 3382 86 61 Er
1743 3383 110 78 gab
1894 3392 119 52 sein
2053 3383 421 61 Ehrenwort,

361 3464 149 63 Was
553 3468 100 61 das
693 3473 134 59 noch
870 3473 268 62 überdem
1178 3474 208 78 gerade
1425 3483 54 52 in
1521 3477 181 75 bezug
1744 3477 108 58 auf
1876 3476 160 61 Ihren
2077 3477 286 76 gräflichen
2396 3477 188 60 Herrn

362 3556 282 63 Gemahl
685 3562 195 62 heißen
922 3567 112 60 will
1192 3567 118 70 der,
1352 3567 247 76 adelig,
1641 3591 169 54 sogar
1852 3568 298 61 Offizier
2190 3593 122 35 war

435 3650 411 67 Helmtrudis
889 3668 94 53 (für
1016 3669 135 54 sich):
1199 3661 83 59 Ich
1555 3660 170 60 kann
1998 3661 140 60 nicht
2176 3661 157 60 mehr

359 3740 83 60 Er
482 3745 108 75 gab
632 3746 133 61 doch
804 3753 135 58 auch
981 3761 118 51 mir
1254 3777 105 37 vor
1363 3753 15 20 7
1381 3777 56 35 m
1470 3749 362 65 Traualtar
1973 3753 103 61 das
2110 3753 347 63 Ehrenwort

433 3835 298 64 Kreidle:
775 3840 79 61 Ich
897 3844 191 61 wollte
1128 3868 197 54 sagen:
1369 3844 168 61 welch
1541 3845 15 21 7
1590 3854 124 51 eine
1756 3845 284 65 unendlich
2082 3855 174 53 weise
2280 3848 301 79 Vorsorge

359 3924 99 64 das
498 3952 115 38 von
646 3941 172 53 seiten
851 3937 99 61 des
985 3937 369 63 katholischen
1380 3938 409 61 Kirchenrechts
1822 3939 320 78 gegenüber
2173 3939 130 63 dem
2333 3942 245 77 gültigen
