<?xml version="1.0" encoding="UTF-8"?>
<alto xmlns:xsi="http://www.w3.org/2001/XMLSchema-instance" xmlns="http://www.loc.gov/standards/alto/ns-v2#" xsi:schemaLocation="http://www.loc.gov/standards/alto/ns-v2# http://www.loc.gov/standards/alto/v2/alto-2-0.xsd" xmlns:xlink="http://www.w3.org/1999/xlink">
	<Description>
		<MeasurementUnit>mm10</MeasurementUnit>
		<sourceImageInformation>
			<fileName>./bmtnabr_1916-03_01_0122.jp2</fileName>
		</sourceImageInformation>
		<OCRProcessing ID="OCRPROCESSING_1">
			<preProcessingStep>
				<processingSoftware>
					<softwareCreator>CCS Content Conversion Specialists GmbH, Germany</softwareCreator>
					<softwareName>CCS docWorks</softwareName>
					<softwareVersion>6.8-1.27</softwareVersion>
				</processingSoftware>
			</preProcessingStep>
			<ocrProcessingStep>
				<processingSoftware>
					<softwareCreator>ABBYY (BIT Software), Russia</softwareCreator>
					<softwareName>FineReader</softwareName>
					<softwareVersion>11.0</softwareVersion>
				</processingSoftware>
			</ocrProcessingStep>
			<postProcessingStep>
				<processingSoftware>
					<softwareCreator>CCS Content Conversion Specialists GmbH, Germany</softwareCreator>
					<softwareName>CCS docWorks</softwareName>
					<softwareVersion>6.8-1.27</softwareVersion>
					<applicationDescription>docWorks: Text modified manually, or automatically replaced</applicationDescription>
				</processingSoftware>
			</postProcessingStep>
		</OCRProcessing>
	</Description>
	<Styles>
		<TextStyle ID="TXT_0" FONTSIZE="29" FONTFAMILY="Times New Roman"/>
		<TextStyle ID="TXT_1" FONTSIZE="17" FONTFAMILY="Times New Roman" FONTSTYLE="italics"/>
		<TextStyle ID="TXT_2" FONTSIZE="40" FONTFAMILY="Courier New"/>
		<TextStyle ID="TXT_3" FONTSIZE="21" FONTFAMILY="Times New Roman"/>
		<ParagraphStyle ID="PAR_LEFT" ALIGN="Left"/>
		<ParagraphStyle ID="PAR_RIGHT" ALIGN="Right"/>
	</Styles>
	<Layout>
		<Page ID="P122" PHYSICAL_IMG_NR="122" HEIGHT="4572" WIDTH="3764" PRINTED_IMG_NR="378" PC="0.952">
			<TopMargin ID="P122_TM00001" HPOS="0" VPOS="0" WIDTH="3764" HEIGHT="554">
				<TextBlock ID="P122_TB00001" HPOS="1212" VPOS="485" WIDTH="93" HEIGHT="50" STYLEREFS="TXT_0 PAR_LEFT">
					<TextLine ID="P122_TL00001" HPOS="1212" VPOS="485" WIDTH="93" HEIGHT="50">
						<String ID="P122_ST00001" HPOS="1212" VPOS="485" WIDTH="93" HEIGHT="50" CONTENT="378" WC="1.00" CC="000"/>
					</TextLine>
				</TextBlock>
				<TextBlock ID="P122_TB00002" HPOS="1798" VPOS="486" WIDTH="1077" HEIGHT="65" STYLEREFS="TXT_1 PAR_RIGHT">
					<TextLine ID="P122_TL00002" HPOS="1798" VPOS="487" WIDTH="1076" HEIGHT="62">
						<String ID="P122_ST00002" HPOS="1798" VPOS="487" WIDTH="228" HEIGHT="49" CONTENT="Eduard" WC="0.97" CC="583647"/>
						<SP ID="P122_SP00001" HPOS="2026" VPOS="536" WIDTH="19"/>
						<String ID="P122_ST00003" HPOS="2045" VPOS="488" WIDTH="253" HEIGHT="61" CONTENT="Bernfitein" WC="0.99" CC="0636000651"/>
						<SP ID="P122_SP00002" HPOS="2298" VPOS="549" WIDTH="37"/>
						<String ID="P122_ST00004" HPOS="2335" VPOS="513" WIDTH="8" HEIGHT="10" CONTENT="•" WC="0.57" CC="4" STYLEREFS="TXT_2"/>
						<SP ID="P122_SP00003" HPOS="2343" VPOS="549" WIDTH="46"/>
						<String ID="P122_ST00005" HPOS="2389" VPOS="488" WIDTH="176" HEIGHT="49" CONTENT="Vöfker" WC="0.69" CC="802700"/>
						<SP ID="P122_SP00004" HPOS="2565" VPOS="549" WIDTH="28"/>
						<String ID="P122_ST00006" HPOS="2593" VPOS="508" WIDTH="65" HEIGHT="30" CONTENT="zu" WC="0.81" CC="12"/>
						<SP ID="P122_SP00005" HPOS="2658" VPOS="549" WIDTH="32"/>
						<String ID="P122_ST00007" HPOS="2690" VPOS="490" WIDTH="184" HEIGHT="49" CONTENT="Hause" WC="0.99" CC="40030"/>
					</TextLine>
				</TextBlock>
			</TopMargin>
			<LeftMargin ID="P122_LM00001" HPOS="0" VPOS="554" WIDTH="61" HEIGHT="3878"/>
			<RightMargin ID="P122_RM00001" HPOS="3446" VPOS="554" WIDTH="318" HEIGHT="3878"/>
			<BottomMargin ID="P122_BM00001" HPOS="0" VPOS="4432" WIDTH="3764" HEIGHT="140"/>
			<PrintSpace ID="P122_PS00001" HPOS="61" VPOS="554" WIDTH="3385" HEIGHT="3878">
				<TextBlock ID="P122_TB00003" HPOS="1196" VPOS="673" WIDTH="2250" HEIGHT="3362" STYLEREFS="TXT_3 PAR_LEFT">
					<TextLine ID="P122_TL00003" HPOS="1211" VPOS="673" WIDTH="2235" HEIGHT="78">
						<String ID="P122_ST00008" HPOS="1211" VPOS="675" WIDTH="378" HEIGHT="76" CONTENT="geschwärmt." WC="0.99" CC="76017606462"/>
						<SP ID="P122_SP00006" HPOS="1589" VPOS="751" WIDTH="68"/>
						<String ID="P122_ST00009" HPOS="1657" VPOS="675" WIDTH="85" HEIGHT="59" CONTENT="Es" WC="0.40" CC="65"/>
						<SP ID="P122_SP00007" HPOS="1742" VPOS="751" WIDTH="66"/>
						<String ID="P122_ST00010" HPOS="1808" VPOS="673" WIDTH="235" HEIGHT="61" CONTENT="würden" WC="0.97" CC="905766"/>
						<SP ID="P122_SP00008" HPOS="2043" VPOS="751" WIDTH="67"/>
						<String ID="P122_ST00011" HPOS="2110" VPOS="684" WIDTH="118" HEIGHT="52" CONTENT="vier" WC="0.98" CC="0205"/>
						<SP ID="P122_SP00009" HPOS="2228" VPOS="751" WIDTH="66"/>
						<String ID="P122_ST00012" HPOS="2294" VPOS="676" WIDTH="140" HEIGHT="61" CONTENT="oder" WC="0.98" CC="0621"/>
						<SP ID="P122_SP00010" HPOS="2434" VPOS="751" WIDTH="65"/>
						<String ID="P122_ST00013" HPOS="2499" VPOS="676" WIDTH="134" HEIGHT="61" CONTENT="fünf" WC="0.96" CC="6046"/>
						<SP ID="P122_SP00011" HPOS="2633" VPOS="751" WIDTH="50"/>
						<String ID="P122_ST00014" HPOS="2683" VPOS="677" WIDTH="212" HEIGHT="61" CONTENT="andere" WC="0.98" CC="330464"/>
						<SP ID="P122_SP00012" HPOS="2895" VPOS="751" WIDTH="58"/>
						<String ID="P122_ST00015" HPOS="2953" VPOS="679" WIDTH="299" HEIGHT="63" CONTENT="Geistliche" WC="0.99" CC="0060064671"/>
						<SP ID="P122_SP00013" HPOS="3252" VPOS="751" WIDTH="56"/>
						<String ID="P122_ST00016" HPOS="3308" VPOS="685" WIDTH="138" HEIGHT="63" CONTENT="beim" WC="0.96" CC="7514"/>
					</TextLine>
					<TextLine ID="P122_TL00004" HPOS="1209" VPOS="766" WIDTH="2237" HEIGHT="75">
						<String ID="P122_ST00017" HPOS="1209" VPOS="769" WIDTH="237" HEIGHT="58" CONTENT="Priester" WC="0.98" CC="56363604"/>
						<SP ID="P122_SP00014" HPOS="1446" VPOS="827" WIDTH="40"/>
						<String ID="P122_ST00018" HPOS="1486" VPOS="792" WIDTH="74" HEIGHT="34" CONTENT="zu" WC="1.00" CC="00"/>
						<SP ID="P122_SP00015" HPOS="1560" VPOS="827" WIDTH="41"/>
						<String ID="P122_ST00019" HPOS="1601" VPOS="766" WIDTH="212" HEIGHT="61" CONTENT="Besuch" WC="0.97" CC="360097"/>
						<SP ID="P122_SP00016" HPOS="1813" VPOS="827" WIDTH="43"/>
						<String ID="P122_ST00020" HPOS="1856" VPOS="776" WIDTH="118" HEIGHT="51" CONTENT="sein" WC="0.97" CC="0443"/>
						<SP ID="P122_SP00017" HPOS="1974" VPOS="827" WIDTH="154"/>
						<String ID="P122_ST00021" HPOS="2128" VPOS="767" WIDTH="298" HEIGHT="63" CONTENT="Prudenza" WC="0.78" CC="06000460"/>
						<SP ID="P122_SP00018" HPOS="2426" VPOS="830" WIDTH="41"/>
						<String ID="P122_ST00022" HPOS="2467" VPOS="770" WIDTH="278" HEIGHT="71" CONTENT="brauchte," WC="0.98" CC="940667164"/>
						<SP ID="P122_SP00019" HPOS="2745" VPOS="841" WIDTH="43"/>
						<String ID="P122_ST00023" HPOS="2788" VPOS="794" WIDTH="170" HEIGHT="37" CONTENT="wenn" WC="0.96" CC="9603"/>
						<SP ID="P122_SP00020" HPOS="2958" VPOS="841" WIDTH="42"/>
						<String ID="P122_ST00024" HPOS="3000" VPOS="781" WIDTH="80" HEIGHT="51" CONTENT="sie" WC="0.99" CC="010"/>
						<SP ID="P122_SP00021" HPOS="3080" VPOS="841" WIDTH="42"/>
						<String ID="P122_ST00025" HPOS="3122" VPOS="798" WIDTH="113" HEIGHT="36" CONTENT="von" WC="0.96" CC="064"/>
						<SP ID="P122_SP00022" HPOS="3235" VPOS="841" WIDTH="46"/>
						<String ID="P122_ST00026" HPOS="3281" VPOS="778" WIDTH="165" HEIGHT="62" CONTENT="ihrem" WC="0.97" CC="66520"/>
					</TextLine>
					<TextLine ID="P122_TL00005" HPOS="1208" VPOS="861" WIDTH="2238" HEIGHT="88">
						<String ID="P122_ST00027" HPOS="1208" VPOS="861" WIDTH="215" HEIGHT="60" CONTENT="Bruder" WC="0.98" CC="457042"/>
						<SP ID="P122_SP00023" HPOS="1423" VPOS="921" WIDTH="57"/>
						<String ID="P122_ST00028" HPOS="1480" VPOS="861" WIDTH="206" HEIGHT="77" CONTENT="sprach," WC="0.98" CC="0465674"/>
						<SP ID="P122_SP00024" HPOS="1686" VPOS="938" WIDTH="61"/>
						<String ID="P122_ST00029" HPOS="1747" VPOS="870" WIDTH="90" HEIGHT="50" CONTENT="nie" WC="0.95" CC="706"/>
						<SP ID="P122_SP00025" HPOS="1837" VPOS="938" WIDTH="57"/>
						<String ID="P122_ST00030" HPOS="1894" VPOS="861" WIDTH="108" HEIGHT="60" CONTENT="den" WC="0.97" CC="044"/>
						<SP ID="P122_SP00026" HPOS="2002" VPOS="938" WIDTH="52"/>
						<String ID="P122_ST00031" HPOS="2054" VPOS="861" WIDTH="305" HEIGHT="61" CONTENT="Ausdruck" WC="0.99" CC="60005007"/>
						<SP ID="P122_SP00027" HPOS="2359" VPOS="938" WIDTH="61"/>
						<String ID="P122_ST00032" HPOS="2420" VPOS="873" WIDTH="183" HEIGHT="51" CONTENT="»mein" WC="0.97" CC="50557"/>
						<SP ID="P122_SP00028" HPOS="2603" VPOS="938" WIDTH="58"/>
						<String ID="P122_ST00033" HPOS="2661" VPOS="865" WIDTH="273" HEIGHT="71" CONTENT="Bruder«," WC="0.98" CC="00686044"/>
						<SP ID="P122_SP00029" HPOS="2934" VPOS="938" WIDTH="59"/>
						<String ID="P122_ST00034" HPOS="2993" VPOS="867" WIDTH="245" HEIGHT="60" CONTENT="sondern" WC="0.98" CC="0360066"/>
						<SP ID="P122_SP00030" HPOS="3238" VPOS="938" WIDTH="57"/>
						<String ID="P122_ST00035" HPOS="3295" VPOS="891" WIDTH="151" HEIGHT="58" CONTENT="sagte" WC="0.97" CC="25704"/>
					</TextLine>
					<TextLine ID="P122_TL00006" HPOS="1209" VPOS="953" WIDTH="2232" HEIGHT="79">
						<String ID="P122_ST00036" HPOS="1209" VPOS="963" WIDTH="192" HEIGHT="52" CONTENT="immer" WC="0.96" CC="75066"/>
						<SP ID="P122_SP00031" HPOS="1401" VPOS="1015" WIDTH="41"/>
						<String ID="P122_ST00037" HPOS="1442" VPOS="978" WIDTH="105" HEIGHT="36" CONTENT="nur" WC="0.93" CC="675"/>
						<SP ID="P122_SP00032" HPOS="1547" VPOS="1015" WIDTH="41"/>
						<String ID="P122_ST00038" HPOS="1588" VPOS="962" WIDTH="98" HEIGHT="52" CONTENT="mit" WC="0.96" CC="056"/>
						<SP ID="P122_SP00033" HPOS="1686" VPOS="1015" WIDTH="33"/>
						<String ID="P122_ST00039" HPOS="1719" VPOS="953" WIDTH="299" HEIGHT="62" CONTENT="Ehrfurcht" WC="0.99" CC="706065005"/>
						<SP ID="P122_SP00034" HPOS="2018" VPOS="1015" WIDTH="45"/>
						<String ID="P122_ST00040" HPOS="2063" VPOS="955" WIDTH="70" HEIGHT="60" CONTENT="»il" WC="0.41" CC="367"/>
						<SP ID="P122_SP00035" HPOS="2133" VPOS="1015" WIDTH="40"/>
						<String ID="P122_ST00041" HPOS="2173" VPOS="971" WIDTH="210" HEIGHT="61" CONTENT="prete«." WC="0.64" CC="1564024"/>
						<SP ID="P122_SP00036" HPOS="2383" VPOS="1032" WIDTH="46"/>
						<String ID="P122_ST00042" HPOS="2429" VPOS="957" WIDTH="184" HEIGHT="61" CONTENT="Wohl" WC="0.98" CC="4007"/>
						<SP ID="P122_SP00037" HPOS="2613" VPOS="1032" WIDTH="43"/>
						<String ID="P122_ST00043" HPOS="2656" VPOS="958" WIDTH="137" HEIGHT="61" CONTENT="oder" WC="0.98" CC="1006"/>
						<SP ID="P122_SP00038" HPOS="2793" VPOS="1032" WIDTH="42"/>
						<String ID="P122_ST00044" HPOS="2835" VPOS="958" WIDTH="130" HEIGHT="61" CONTENT="übel" WC="0.97" CC="0760"/>
						<SP ID="P122_SP00039" HPOS="2965" VPOS="1032" WIDTH="33"/>
						<String ID="P122_ST00045" HPOS="2998" VPOS="958" WIDTH="190" HEIGHT="62" CONTENT="hatten" WC="0.98" CC="700436"/>
						<SP ID="P122_SP00040" HPOS="3188" VPOS="1032" WIDTH="34"/>
						<String ID="P122_ST00046" HPOS="3222" VPOS="971" WIDTH="102" HEIGHT="52" CONTENT="wir" WC="0.92" CC="946"/>
						<SP ID="P122_SP00041" HPOS="3324" VPOS="1032" WIDTH="33"/>
						<String ID="P122_ST00047" HPOS="3357" VPOS="966" WIDTH="84" HEIGHT="61" CONTENT="die" WC="0.96" CC="046"/>
					</TextLine>
					<TextLine ID="P122_TL00007" HPOS="1208" VPOS="1046" WIDTH="2233" HEIGHT="77">
						<String ID="P122_ST00048" HPOS="1208" VPOS="1047" WIDTH="329" HEIGHT="76" CONTENT="Einladung" WC="0.98" CC="663600069"/>
						<SP ID="P122_SP00042" HPOS="1537" VPOS="1123" WIDTH="57"/>
						<String ID="P122_ST00049" HPOS="1594" VPOS="1046" WIDTH="315" HEIGHT="61" CONTENT="annehmen" WC="0.99" CC="30540034"/>
						<SP ID="P122_SP00043" HPOS="1909" VPOS="1123" WIDTH="60"/>
						<String ID="P122_ST00050" HPOS="1969" VPOS="1058" WIDTH="245" HEIGHT="60" CONTENT="müssen," WC="0.99" CC="0000534"/>
						<SP ID="P122_SP00044" HPOS="2214" VPOS="1123" WIDTH="61"/>
						<String ID="P122_ST00051" HPOS="2275" VPOS="1048" WIDTH="133" HEIGHT="61" CONTENT="aber" WC="0.95" CC="1776"/>
						<SP ID="P122_SP00045" HPOS="2408" VPOS="1123" WIDTH="58"/>
						<String ID="P122_ST00052" HPOS="2466" VPOS="1058" WIDTH="72" HEIGHT="51" CONTENT="im" WC="0.74" CC="50"/>
						<SP ID="P122_SP00046" HPOS="2538" VPOS="1123" WIDTH="57"/>
						<String ID="P122_ST00053" HPOS="2595" VPOS="1049" WIDTH="203" HEIGHT="61" CONTENT="letzten" WC="0.98" CC="0447401"/>
						<SP ID="P122_SP00047" HPOS="2798" VPOS="1123" WIDTH="61"/>
						<String ID="P122_ST00054" HPOS="2859" VPOS="1051" WIDTH="267" HEIGHT="62" CONTENT="Moment" WC="0.99" CC="000303"/>
						<SP ID="P122_SP00048" HPOS="3126" VPOS="1123" WIDTH="57"/>
						<String ID="P122_ST00055" HPOS="3183" VPOS="1053" WIDTH="103" HEIGHT="62" CONTENT="ließ" WC="0.96" CC="6064"/>
						<SP ID="P122_SP00049" HPOS="3286" VPOS="1123" WIDTH="56"/>
						<String ID="P122_ST00056" HPOS="3342" VPOS="1060" WIDTH="99" HEIGHT="59" CONTENT="sich" WC="0.98" CC="0007"/>
					</TextLine>
					<TextLine ID="P122_TL00008" HPOS="1208" VPOS="1140" WIDTH="2229" HEIGHT="82">
						<String ID="P122_ST00057" HPOS="1208" VPOS="1141" WIDTH="299" HEIGHT="76" CONTENT="Höchberg" WC="0.98" CC="42007656"/>
						<SP ID="P122_SP00050" HPOS="1507" VPOS="1217" WIDTH="52"/>
						<String ID="P122_ST00058" HPOS="1559" VPOS="1140" WIDTH="410" HEIGHT="77" CONTENT="entschuldigen" WC="0.99" CC="6040070705907"/>
						<SP ID="P122_SP00051" HPOS="1969" VPOS="1217" WIDTH="53"/>
						<String ID="P122_ST00059" HPOS="2022" VPOS="1141" WIDTH="120" HEIGHT="61" CONTENT="und" WC="0.94" CC="770"/>
						<SP ID="P122_SP00052" HPOS="2142" VPOS="1217" WIDTH="42"/>
						<String ID="P122_ST00060" HPOS="2184" VPOS="1143" WIDTH="97" HEIGHT="60" CONTENT="bat" WC="0.91" CC="787"/>
						<SP ID="P122_SP00053" HPOS="2281" VPOS="1217" WIDTH="41"/>
						<String ID="P122_ST00061" HPOS="2322" VPOS="1143" WIDTH="152" HEIGHT="72" CONTENT="mich," WC="0.97" CC="06774"/>
						<SP ID="P122_SP00054" HPOS="2474" VPOS="1217" WIDTH="52"/>
						<String ID="P122_ST00062" HPOS="2526" VPOS="1143" WIDTH="162" HEIGHT="61" CONTENT="allein" WC="0.99" CC="070016"/>
						<SP ID="P122_SP00055" HPOS="2688" VPOS="1217" WIDTH="43"/>
						<String ID="P122_ST00063" HPOS="2731" VPOS="1145" WIDTH="364" HEIGHT="77" CONTENT="hinzugehen." WC="0.99" CC="71366007062"/>
						<SP ID="P122_SP00056" HPOS="3095" VPOS="1222" WIDTH="44"/>
						<String ID="P122_ST00064" HPOS="3139" VPOS="1146" WIDTH="81" HEIGHT="61" CONTENT="Ich" WC="0.96" CC="090"/>
						<SP ID="P122_SP00057" HPOS="3220" VPOS="1222" WIDTH="42"/>
						<String ID="P122_ST00065" HPOS="3262" VPOS="1165" WIDTH="80" HEIGHT="44" CONTENT="tat" WC="0.97" CC="204"/>
						<SP ID="P122_SP00058" HPOS="3342" VPOS="1222" WIDTH="39"/>
						<String ID="P122_ST00066" HPOS="3381" VPOS="1175" WIDTH="56" HEIGHT="38" CONTENT="es" WC="1.00" CC="00"/>
					</TextLine>
					<TextLine ID="P122_TL00009" HPOS="1208" VPOS="1234" WIDTH="2234" HEIGHT="80">
						<String ID="P122_ST00067" HPOS="1208" VPOS="1235" WIDTH="139" HEIGHT="60" CONTENT="nicht" WC="0.99" CC="00004"/>
						<SP ID="P122_SP00059" HPOS="1347" VPOS="1295" WIDTH="57"/>
						<String ID="P122_ST00068" HPOS="1404" VPOS="1234" WIDTH="148" HEIGHT="61" CONTENT="ohne" WC="0.97" CC="3035"/>
						<SP ID="P122_SP00060" HPOS="1552" VPOS="1295" WIDTH="61"/>
						<String ID="P122_ST00069" HPOS="1613" VPOS="1235" WIDTH="286" HEIGHT="61" CONTENT="allerhand" WC="0.99" CC="707660040"/>
						<SP ID="P122_SP00061" HPOS="1899" VPOS="1296" WIDTH="59"/>
						<String ID="P122_ST00070" HPOS="1958" VPOS="1235" WIDTH="488" HEIGHT="79" CONTENT="Beklemmungen." WC="0.99" CC="0560600660074"/>
						<SP ID="P122_SP00062" HPOS="2446" VPOS="1314" WIDTH="59"/>
						<String ID="P122_ST00071" HPOS="2505" VPOS="1237" WIDTH="115" HEIGHT="63" CONTENT="Mit" WC="0.96" CC="026"/>
						<SP ID="P122_SP00063" HPOS="2620" VPOS="1314" WIDTH="56"/>
						<String ID="P122_ST00072" HPOS="2676" VPOS="1248" WIDTH="182" HEIGHT="50" CONTENT="einem" WC="0.97" CC="60709"/>
						<SP ID="P122_SP00064" HPOS="2858" VPOS="1314" WIDTH="57"/>
						<String ID="P122_ST00073" HPOS="2915" VPOS="1240" WIDTH="202" HEIGHT="60" CONTENT="halben" WC="0.98" CC="027760"/>
						<SP ID="P122_SP00065" HPOS="3117" VPOS="1314" WIDTH="61"/>
						<String ID="P122_ST00074" HPOS="3178" VPOS="1241" WIDTH="264" HEIGHT="65" CONTENT="Dutzend" WC="0.98" CC="0506429"/>
					</TextLine>
					<TextLine ID="P122_TL00010" HPOS="1207" VPOS="1326" WIDTH="2238" HEIGHT="85">
						<String ID="P122_ST00075" HPOS="1207" VPOS="1326" WIDTH="361" HEIGHT="61" CONTENT="katholischer" WC="0.99" CC="490607700776"/>
						<SP ID="P122_SP00066" HPOS="1568" VPOS="1387" WIDTH="35"/>
						<String ID="P122_ST00076" HPOS="1603" VPOS="1328" WIDTH="328" HEIGHT="62" CONTENT="Geistlicher" WC="0.99" CC="35405730006"/>
						<SP ID="P122_SP00067" HPOS="1931" VPOS="1390" WIDTH="40"/>
						<String ID="P122_ST00077" HPOS="1971" VPOS="1352" WIDTH="329" HEIGHT="38" CONTENT="zusammen" WC="0.98" CC="66060055"/>
						<SP ID="P122_SP00068" HPOS="2300" VPOS="1390" WIDTH="44"/>
						<String ID="P122_ST00078" HPOS="2344" VPOS="1339" WIDTH="242" HEIGHT="69" CONTENT="speisen," WC="0.99" CC="00060654"/>
						<SP ID="P122_SP00069" HPOS="2586" VPOS="1408" WIDTH="43"/>
						<String ID="P122_ST00079" HPOS="2629" VPOS="1355" WIDTH="122" HEIGHT="37" CONTENT="was" WC="0.96" CC="900"/>
						<SP ID="P122_SP00070" HPOS="2751" VPOS="1408" WIDTH="43"/>
						<String ID="P122_ST00080" HPOS="2794" VPOS="1333" WIDTH="199" HEIGHT="61" CONTENT="würde" WC="0.97" CC="90506"/>
						<SP ID="P122_SP00071" HPOS="2993" VPOS="1408" WIDTH="34"/>
						<String ID="P122_ST00081" HPOS="3027" VPOS="1334" WIDTH="103" HEIGHT="60" CONTENT="das" WC="1.00" CC="000"/>
						<SP ID="P122_SP00072" HPOS="3130" VPOS="1408" WIDTH="35"/>
						<String ID="P122_ST00082" HPOS="3165" VPOS="1334" WIDTH="280" HEIGHT="77" CONTENT="abgeben?" WC="0.98" CC="07007756"/>
					</TextLine>
					<TextLine ID="P122_TL00011" HPOS="1207" VPOS="1420" WIDTH="1839" HEIGHT="80">
						<String ID="P122_ST00083" HPOS="1207" VPOS="1420" WIDTH="129" HEIGHT="61" CONTENT="Wie" WC="0.94" CC="907"/>
						<SP ID="P122_SP00073" HPOS="1336" VPOS="1481" WIDTH="41"/>
						<String ID="P122_ST00084" HPOS="1377" VPOS="1422" WIDTH="160" HEIGHT="59" CONTENT="sollte" WC="0.99" CC="330000"/>
						<SP ID="P122_SP00074" HPOS="1537" VPOS="1481" WIDTH="42"/>
						<String ID="P122_ST00085" HPOS="1579" VPOS="1423" WIDTH="75" HEIGHT="58" CONTENT="ich" WC="0.97" CC="007"/>
						<SP ID="P122_SP00075" HPOS="1654" VPOS="1481" WIDTH="43"/>
						<String ID="P122_ST00086" HPOS="1697" VPOS="1423" WIDTH="135" HEIGHT="59" CONTENT="mich" WC="0.98" CC="5600"/>
						<SP ID="P122_SP00076" HPOS="1832" VPOS="1482" WIDTH="42"/>
						<String ID="P122_ST00087" HPOS="1874" VPOS="1446" WIDTH="129" HEIGHT="36" CONTENT="zum" WC="0.95" CC="750"/>
						<SP ID="P122_SP00077" HPOS="2003" VPOS="1482" WIDTH="36"/>
						<String ID="P122_ST00088" HPOS="2039" VPOS="1423" WIDTH="241" HEIGHT="77" CONTENT="Beispiel" WC="0.99" CC="20300600"/>
						<SP ID="P122_SP00078" HPOS="2280" VPOS="1500" WIDTH="43"/>
						<String ID="P122_ST00089" HPOS="2323" VPOS="1423" WIDTH="90" HEIGHT="61" CONTENT="bei" WC="0.94" CC="707"/>
						<SP ID="P122_SP00079" HPOS="2413" VPOS="1500" WIDTH="42"/>
						<String ID="P122_ST00090" HPOS="2455" VPOS="1425" WIDTH="107" HEIGHT="60" CONTENT="den" WC="0.99" CC="002"/>
						<SP ID="P122_SP00080" HPOS="2562" VPOS="1500" WIDTH="43"/>
						<String ID="P122_ST00091" HPOS="2605" VPOS="1425" WIDTH="441" HEIGHT="61" CONTENT="wahrscheinlich" WC="0.99" CC="90760075000497"/>
						<SP ID="P122_SP00081" HPOS="3046" VPOS="1500" WIDTH="0"/>
					</TextLine>
					<TextLine ID="P122_TL00012" HPOS="1207" VPOS="1514" WIDTH="2233" HEIGHT="80">
						<String ID="P122_ST00092" HPOS="1207" VPOS="1514" WIDTH="166" HEIGHT="61" CONTENT="liehen" WC="0.99" CC="050060"/>
						<SP ID="P122_SP00082" HPOS="1373" VPOS="1575" WIDTH="38"/>
						<String ID="P122_ST00093" HPOS="1411" VPOS="1514" WIDTH="262" HEIGHT="62" CONTENT="Gebeten" WC="0.98" CC="4070444"/>
						<SP ID="P122_SP00083" HPOS="1673" VPOS="1576" WIDTH="43"/>
						<String ID="P122_ST00094" HPOS="1716" VPOS="1517" WIDTH="323" HEIGHT="59" CONTENT="verhalten?" WC="0.99" CC="0047360066"/>
						<SP ID="P122_SP00084" HPOS="2039" VPOS="1576" WIDTH="40"/>
						<String ID="P122_ST00095" HPOS="2079" VPOS="1518" WIDTH="225" HEIGHT="76" CONTENT="Byrons" WC="0.97" CC="477260"/>
						<SP ID="P122_SP00085" HPOS="2304" VPOS="1594" WIDTH="38"/>
						<String ID="P122_ST00096" HPOS="2342" VPOS="1518" WIDTH="124" HEIGHT="60" CONTENT="»Er" WC="0.93" CC="476"/>
						<SP ID="P122_SP00086" HPOS="2466" VPOS="1594" WIDTH="31"/>
						<String ID="P122_ST00097" HPOS="2497" VPOS="1519" WIDTH="282" HEIGHT="61" CONTENT="heuchelte" WC="0.99" CC="060772006"/>
						<SP ID="P122_SP00087" HPOS="2779" VPOS="1594" WIDTH="32"/>
						<String ID="P122_ST00098" HPOS="2811" VPOS="1529" WIDTH="99" HEIGHT="53" CONTENT="mit" WC="0.98" CC="006"/>
						<SP ID="P122_SP00088" HPOS="2910" VPOS="1594" WIDTH="31"/>
						<String ID="P122_ST00099" HPOS="2941" VPOS="1521" WIDTH="499" HEIGHT="63" CONTENT="40-Pfarrerkraft«" WC="0.63" CC="5334723506050335"/>
					</TextLine>
					<TextLine ID="P122_TL00013" HPOS="1208" VPOS="1609" WIDTH="2233" HEIGHT="82">
						<String ID="P122_ST00100" HPOS="1208" VPOS="1617" WIDTH="132" HEIGHT="69" CONTENT="ging" WC="0.97" CC="0470"/>
						<SP ID="P122_SP00089" HPOS="1340" VPOS="1686" WIDTH="42"/>
						<String ID="P122_ST00101" HPOS="1382" VPOS="1618" WIDTH="102" HEIGHT="52" CONTENT="mir" WC="0.96" CC="207"/>
						<SP ID="P122_SP00090" HPOS="1484" VPOS="1686" WIDTH="43"/>
						<String ID="P122_ST00102" HPOS="1527" VPOS="1609" WIDTH="166" HEIGHT="61" CONTENT="durch" WC="0.99" CC="00600"/>
						<SP ID="P122_SP00091" HPOS="1693" VPOS="1686" WIDTH="45"/>
						<String ID="P122_ST00103" HPOS="1738" VPOS="1609" WIDTH="108" HEIGHT="61" CONTENT="den" WC="1.00" CC="000"/>
						<SP ID="P122_SP00092" HPOS="1846" VPOS="1686" WIDTH="42"/>
						<String ID="P122_ST00104" HPOS="1888" VPOS="1611" WIDTH="174" HEIGHT="77" CONTENT="Kopf," WC="0.99" CC="03004"/>
						<SP ID="P122_SP00093" HPOS="2062" VPOS="1688" WIDTH="50"/>
						<String ID="P122_ST00105" HPOS="2112" VPOS="1611" WIDTH="167" HEIGHT="61" CONTENT="Aber" WC="0.95" CC="1766"/>
						<SP ID="P122_SP00094" HPOS="2279" VPOS="1688" WIDTH="39"/>
						<String ID="P122_ST00106" HPOS="2318" VPOS="1621" WIDTH="181" HEIGHT="52" CONTENT="meine" WC="0.98" CC="00564"/>
						<SP ID="P122_SP00095" HPOS="2499" VPOS="1688" WIDTH="41"/>
						<String ID="P122_ST00107" HPOS="2540" VPOS="1613" WIDTH="445" HEIGHT="78" CONTENT="Befürchtungen" WC="0.99" CC="0000607300903"/>
						<SP ID="P122_SP00096" HPOS="2985" VPOS="1691" WIDTH="44"/>
						<String ID="P122_ST00108" HPOS="3029" VPOS="1625" WIDTH="272" HEIGHT="51" CONTENT="erwiesen" WC="0.98" CC="57903005"/>
						<SP ID="P122_SP00097" HPOS="3301" VPOS="1691" WIDTH="41"/>
						<String ID="P122_ST00109" HPOS="3342" VPOS="1620" WIDTH="99" HEIGHT="63" CONTENT="sich" WC="0.98" CC="0007"/>
					</TextLine>
					<TextLine ID="P122_TL00014" HPOS="1209" VPOS="1702" WIDTH="2231" HEIGHT="81">
						<String ID="P122_ST00110" HPOS="1209" VPOS="1702" WIDTH="81" HEIGHT="60" CONTENT="als" WC="0.93" CC="972"/>
						<SP ID="P122_SP00098" HPOS="1290" VPOS="1762" WIDTH="50"/>
						<String ID="P122_ST00111" HPOS="1340" VPOS="1702" WIDTH="408" HEIGHT="78" CONTENT="unbegründet." WC="0.99" CC="057704050040"/>
						<SP ID="P122_SP00099" HPOS="1748" VPOS="1780" WIDTH="60"/>
						<String ID="P122_ST00112" HPOS="1808" VPOS="1703" WIDTH="87" HEIGHT="61" CONTENT="Es" WC="0.64" CC="70"/>
						<SP ID="P122_SP00100" HPOS="1895" VPOS="1780" WIDTH="50"/>
						<String ID="P122_ST00113" HPOS="1945" VPOS="1714" WIDTH="129" HEIGHT="68" CONTENT="ging" WC="0.99" CC="0030"/>
						<SP ID="P122_SP00101" HPOS="2074" VPOS="1782" WIDTH="49"/>
						<String ID="P122_ST00114" HPOS="2123" VPOS="1706" WIDTH="147" HEIGHT="60" CONTENT="beim" WC="0.99" CC="0040"/>
						<SP ID="P122_SP00102" HPOS="2270" VPOS="1782" WIDTH="51"/>
						<String ID="P122_ST00115" HPOS="2321" VPOS="1724" WIDTH="222" HEIGHT="59" CONTENT="»prete«" WC="0.77" CC="0050620"/>
						<SP ID="P122_SP00103" HPOS="2543" VPOS="1783" WIDTH="53"/>
						<String ID="P122_ST00116" HPOS="2596" VPOS="1730" WIDTH="146" HEIGHT="53" CONTENT="ganz" WC="0.97" CC="0356"/>
						<SP ID="P122_SP00104" HPOS="2742" VPOS="1783" WIDTH="51"/>
						<String ID="P122_ST00117" HPOS="2793" VPOS="1709" WIDTH="314" HEIGHT="59" CONTENT="unkirchlich" WC="0.99" CC="04066076007"/>
						<SP ID="P122_SP00105" HPOS="3107" VPOS="1783" WIDTH="44"/>
						<String ID="P122_ST00118" HPOS="3151" VPOS="1733" WIDTH="87" HEIGHT="36" CONTENT="zu." WC="0.93" CC="674"/>
						<SP ID="P122_SP00106" HPOS="3238" VPOS="1783" WIDTH="49"/>
						<String ID="P122_ST00119" HPOS="3287" VPOS="1710" WIDTH="153" HEIGHT="62" CONTENT="Vom" WC="0.97" CC="052"/>
					</TextLine>
					<TextLine ID="P122_TL00015" HPOS="1207" VPOS="1792" WIDTH="2231" HEIGHT="78">
						<String ID="P122_ST00120" HPOS="1207" VPOS="1795" WIDTH="178" HEIGHT="61" CONTENT="Beten" WC="0.99" CC="50000"/>
						<SP ID="P122_SP00107" HPOS="1385" VPOS="1856" WIDTH="58"/>
						<String ID="P122_ST00121" HPOS="1443" VPOS="1796" WIDTH="89" HEIGHT="60" CONTENT="bei" WC="0.92" CC="766"/>
						<SP ID="P122_SP00108" HPOS="1532" VPOS="1856" WIDTH="42"/>
						<String ID="P122_ST00122" HPOS="1574" VPOS="1792" WIDTH="160" HEIGHT="65" CONTENT="Tisch" WC="0.97" CC="75007"/>
						<SP ID="P122_SP00109" HPOS="1734" VPOS="1857" WIDTH="58"/>
						<String ID="P122_ST00123" HPOS="1792" VPOS="1822" WIDTH="122" HEIGHT="35" CONTENT="war" WC="0.98" CC="005"/>
						<SP ID="P122_SP00110" HPOS="1914" VPOS="1857" WIDTH="57"/>
						<String ID="P122_ST00124" HPOS="1971" VPOS="1799" WIDTH="159" HEIGHT="59" CONTENT="keine" WC="0.98" CC="00506"/>
						<SP ID="P122_SP00111" HPOS="2130" VPOS="1858" WIDTH="50"/>
						<String ID="P122_ST00125" HPOS="2180" VPOS="1799" WIDTH="176" HEIGHT="71" CONTENT="Rede," WC="0.99" CC="20004"/>
						<SP ID="P122_SP00112" HPOS="2356" VPOS="1870" WIDTH="60"/>
						<String ID="P122_ST00126" HPOS="2416" VPOS="1824" WIDTH="131" HEIGHT="36" CONTENT="man" WC="0.97" CC="006"/>
						<SP ID="P122_SP00113" HPOS="2547" VPOS="1870" WIDTH="59"/>
						<String ID="P122_ST00127" HPOS="2606" VPOS="1801" WIDTH="300" HEIGHT="60" CONTENT="unterhielt" WC="0.99" CC="6505476006"/>
						<SP ID="P122_SP00114" HPOS="2906" VPOS="1870" WIDTH="57"/>
						<String ID="P122_ST00128" HPOS="2963" VPOS="1803" WIDTH="107" HEIGHT="59" CONTENT="sich" WC="1.00" CC="0000"/>
						<SP ID="P122_SP00115" HPOS="3070" VPOS="1870" WIDTH="58"/>
						<String ID="P122_ST00129" HPOS="3128" VPOS="1827" WIDTH="116" HEIGHT="36" CONTENT="von" WC="0.98" CC="005"/>
						<SP ID="P122_SP00116" HPOS="3244" VPOS="1870" WIDTH="60"/>
						<String ID="P122_ST00130" HPOS="3304" VPOS="1804" WIDTH="134" HEIGHT="61" CONTENT="allen" WC="0.99" CC="35010"/>
					</TextLine>
					<TextLine ID="P122_TL00016" HPOS="1208" VPOS="1890" WIDTH="2232" HEIGHT="81">
						<String ID="P122_ST00131" HPOS="1208" VPOS="1890" WIDTH="304" HEIGHT="76" CONTENT="möglichen" WC="0.99" CC="020600057"/>
						<SP ID="P122_SP00117" HPOS="1512" VPOS="1966" WIDTH="34"/>
						<String ID="P122_ST00132" HPOS="1546" VPOS="1891" WIDTH="248" HEIGHT="77" CONTENT="Dingen," WC="0.99" CC="0330044"/>
						<SP ID="P122_SP00118" HPOS="1794" VPOS="1968" WIDTH="42"/>
						<String ID="P122_ST00133" HPOS="1836" VPOS="1916" WIDTH="105" HEIGHT="35" CONTENT="nur" WC="0.98" CC="600"/>
						<SP ID="P122_SP00119" HPOS="1941" VPOS="1968" WIDTH="43"/>
						<String ID="P122_ST00134" HPOS="1984" VPOS="1893" WIDTH="140" HEIGHT="59" CONTENT="nicht" WC="0.98" CC="07004"/>
						<SP ID="P122_SP00120" HPOS="2124" VPOS="1968" WIDTH="41"/>
						<String ID="P122_ST00135" HPOS="2165" VPOS="1916" WIDTH="135" HEIGHT="36" CONTENT="vom" WC="0.98" CC="060"/>
						<SP ID="P122_SP00121" HPOS="2300" VPOS="1968" WIDTH="35"/>
						<String ID="P122_ST00136" HPOS="2335" VPOS="1894" WIDTH="537" HEIGHT="77" CONTENT="Himmelsgeschäft." WC="1.00" CC="7300200000000664"/>
						<SP ID="P122_SP00122" HPOS="2872" VPOS="1971" WIDTH="46"/>
						<String ID="P122_ST00137" HPOS="2918" VPOS="1896" WIDTH="120" HEIGHT="60" CONTENT="Mir" WC="0.97" CC="006"/>
						<SP ID="P122_SP00123" HPOS="3038" VPOS="1971" WIDTH="40"/>
						<String ID="P122_ST00138" HPOS="3078" VPOS="1919" WIDTH="101" HEIGHT="37" CONTENT="zur" WC="0.96" CC="604"/>
						<SP ID="P122_SP00124" HPOS="3179" VPOS="1971" WIDTH="32"/>
						<String ID="P122_ST00139" HPOS="3211" VPOS="1896" WIDTH="229" HEIGHT="63" CONTENT="Rechten" WC="0.99" CC="4000520"/>
					</TextLine>
					<TextLine ID="P122_TL00017" HPOS="1208" VPOS="1984" WIDTH="2233" HEIGHT="76">
						<String ID="P122_ST00140" HPOS="1208" VPOS="1984" WIDTH="103" HEIGHT="60" CONTENT="saß" WC="0.99" CC="003"/>
						<SP ID="P122_SP00125" HPOS="1311" VPOS="2044" WIDTH="59"/>
						<String ID="P122_ST00141" HPOS="1370" VPOS="1992" WIDTH="123" HEIGHT="52" CONTENT="eine" WC="0.98" CC="2005"/>
						<SP ID="P122_SP00126" HPOS="1493" VPOS="2044" WIDTH="58"/>
						<String ID="P122_ST00142" HPOS="1551" VPOS="1985" WIDTH="173" HEIGHT="60" CONTENT="ältere" WC="0.99" CC="002360"/>
						<SP ID="P122_SP00127" HPOS="1724" VPOS="2045" WIDTH="42"/>
						<String ID="P122_ST00143" HPOS="1766" VPOS="1985" WIDTH="321" HEIGHT="61" CONTENT="Patrizierin" WC="0.99" CC="00346620561"/>
						<SP ID="P122_SP00128" HPOS="2087" VPOS="2046" WIDTH="61"/>
						<String ID="P122_ST00144" HPOS="2148" VPOS="2011" WIDTH="104" HEIGHT="37" CONTENT="aus" WC="0.98" CC="050"/>
						<SP ID="P122_SP00129" HPOS="2252" VPOS="2048" WIDTH="45"/>
						<String ID="P122_ST00145" HPOS="2297" VPOS="1988" WIDTH="419" HEIGHT="72" CONTENT="Graubünden," WC="0.99" CC="63057010014"/>
						<SP ID="P122_SP00130" HPOS="2716" VPOS="2060" WIDTH="61"/>
						<String ID="P122_ST00146" HPOS="2777" VPOS="1989" WIDTH="89" HEIGHT="61" CONTENT="die" WC="0.97" CC="060"/>
						<SP ID="P122_SP00131" HPOS="2866" VPOS="2060" WIDTH="50"/>
						<String ID="P122_ST00147" HPOS="2916" VPOS="1998" WIDTH="99" HEIGHT="52" CONTENT="mit" WC="0.98" CC="004"/>
						<SP ID="P122_SP00132" HPOS="3015" VPOS="2060" WIDTH="40"/>
						<String ID="P122_ST00148" HPOS="3055" VPOS="1988" WIDTH="239" HEIGHT="63" CONTENT="Tochter" WC="0.98" CC="5007405"/>
						<SP ID="P122_SP00133" HPOS="3294" VPOS="2060" WIDTH="39"/>
						<String ID="P122_ST00149" HPOS="3333" VPOS="1994" WIDTH="108" HEIGHT="59" CONTENT="und" WC="0.96" CC="505"/>
					</TextLine>
					<TextLine ID="P122_TL00018" HPOS="1208" VPOS="2077" WIDTH="2233" HEIGHT="84">
						<String ID="P122_ST00150" HPOS="1208" VPOS="2077" WIDTH="463" HEIGHT="77" CONTENT="Schwiegersohn" WC="0.99" CC="6909600040070"/>
						<SP ID="P122_SP00134" HPOS="1671" VPOS="2154" WIDTH="59"/>
						<String ID="P122_ST00151" HPOS="1730" VPOS="2087" WIDTH="123" HEIGHT="51" CONTENT="eine" WC="0.99" CC="2010"/>
						<SP ID="P122_SP00135" HPOS="1853" VPOS="2154" WIDTH="58"/>
						<String ID="P122_ST00152" HPOS="1911" VPOS="2081" WIDTH="139" HEIGHT="57" CONTENT="nicht" WC="1.00" CC="00001"/>
						<SP ID="P122_SP00136" HPOS="2050" VPOS="2154" WIDTH="48"/>
						<String ID="P122_ST00153" HPOS="2098" VPOS="2088" WIDTH="135" HEIGHT="52" CONTENT="weit" WC="0.96" CC="9043"/>
						<SP ID="P122_SP00137" HPOS="2233" VPOS="2154" WIDTH="59"/>
						<String ID="P122_ST00154" HPOS="2292" VPOS="2105" WIDTH="115" HEIGHT="37" CONTENT="von" WC="0.97" CC="035"/>
						<SP ID="P122_SP00138" HPOS="2407" VPOS="2154" WIDTH="46"/>
						<String ID="P122_ST00155" HPOS="2453" VPOS="2082" WIDTH="161" HEIGHT="60" CONTENT="Casa" WC="0.81" CC="0510"/>
						<SP ID="P122_SP00139" HPOS="2614" VPOS="2154" WIDTH="57"/>
						<String ID="P122_ST00156" HPOS="2671" VPOS="2091" WIDTH="55" HEIGHT="51" CONTENT="in" WC="0.79" CC="04"/>
						<SP ID="P122_SP00140" HPOS="2726" VPOS="2154" WIDTH="42"/>
						<String ID="P122_ST00157" HPOS="2768" VPOS="2082" WIDTH="166" HEIGHT="61" CONTENT="Valla" WC="0.73" CC="00471"/>
						<SP ID="P122_SP00141" HPOS="2934" VPOS="2154" WIDTH="56"/>
						<String ID="P122_ST00158" HPOS="2990" VPOS="2084" WIDTH="264" HEIGHT="77" CONTENT="gelegene" WC="0.99" CC="02060045"/>
						<SP ID="P122_SP00142" HPOS="3254" VPOS="2161" WIDTH="41"/>
						<String ID="P122_ST00159" HPOS="3295" VPOS="2084" WIDTH="146" HEIGHT="61" CONTENT="Villa" WC="0.97" CC="20676"/>
					</TextLine>
					<TextLine ID="P122_TL00019" HPOS="1208" VPOS="2171" WIDTH="2233" HEIGHT="76">
						<String ID="P122_ST00160" HPOS="1208" VPOS="2195" WIDTH="90" HEIGHT="36" CONTENT="am" WC="0.93" CC="10"/>
						<SP ID="P122_SP00143" HPOS="1298" VPOS="2231" WIDTH="42"/>
						<String ID="P122_ST00161" HPOS="1340" VPOS="2171" WIDTH="179" HEIGHT="76" CONTENT="Berge" WC="0.97" CC="36406"/>
						<SP ID="P122_SP00144" HPOS="1519" VPOS="2247" WIDTH="49"/>
						<String ID="P122_ST00162" HPOS="1568" VPOS="2171" WIDTH="318" HEIGHT="61" CONTENT="bewohnte." WC="0.99" CC="700506013"/>
						<SP ID="P122_SP00145" HPOS="1886" VPOS="2247" WIDTH="46"/>
						<String ID="P122_ST00163" HPOS="1932" VPOS="2172" WIDTH="320" HEIGHT="61" CONTENT="Unterhalb" WC="0.98" CC="763660077"/>
						<SP ID="P122_SP00146" HPOS="2252" VPOS="2247" WIDTH="54"/>
						<String ID="P122_ST00164" HPOS="2306" VPOS="2176" WIDTH="97" HEIGHT="60" CONTENT="des" WC="1.00" CC="000"/>
						<SP ID="P122_SP00147" HPOS="2403" VPOS="2247" WIDTH="45"/>
						<String ID="P122_ST00165" HPOS="2448" VPOS="2175" WIDTH="254" HEIGHT="61" CONTENT="Gartens" WC="0.99" CC="2060020"/>
						<SP ID="P122_SP00148" HPOS="2702" VPOS="2247" WIDTH="51"/>
						<String ID="P122_ST00166" HPOS="2753" VPOS="2176" WIDTH="144" HEIGHT="61" CONTENT="ihrer" WC="0.97" CC="57206"/>
						<SP ID="P122_SP00149" HPOS="2897" VPOS="2247" WIDTH="41"/>
						<String ID="P122_ST00167" HPOS="2938" VPOS="2176" WIDTH="156" HEIGHT="61" CONTENT="Villa" WC="0.99" CC="00005"/>
						<SP ID="P122_SP00150" HPOS="3094" VPOS="2247" WIDTH="48"/>
						<String ID="P122_ST00168" HPOS="3142" VPOS="2177" WIDTH="171" HEIGHT="61" CONTENT="bildet" WC="0.98" CC="730806"/>
						<SP ID="P122_SP00151" HPOS="3313" VPOS="2247" WIDTH="39"/>
						<String ID="P122_ST00169" HPOS="3352" VPOS="2178" WIDTH="89" HEIGHT="60" CONTENT="der" WC="0.94" CC="095"/>
					</TextLine>
					<TextLine ID="P122_TL00020" HPOS="1204" VPOS="2265" WIDTH="2234" HEIGHT="77">
						<String ID="P122_ST00170" HPOS="1204" VPOS="2265" WIDTH="145" HEIGHT="77" CONTENT="Berg" WC="0.98" CC="4060"/>
						<SP ID="P122_SP00152" HPOS="1349" VPOS="2342" WIDTH="42"/>
						<String ID="P122_ST00171" HPOS="1391" VPOS="2274" WIDTH="123" HEIGHT="52" CONTENT="eine" WC="0.98" CC="0503"/>
						<SP ID="P122_SP00153" HPOS="1514" VPOS="2342" WIDTH="33"/>
						<String ID="P122_ST00172" HPOS="1547" VPOS="2265" WIDTH="266" HEIGHT="71" CONTENT="Schlucht," WC="0.98" CC="407760754"/>
						<SP ID="P122_SP00154" HPOS="1813" VPOS="2342" WIDTH="43"/>
						<String ID="P122_ST00173" HPOS="1856" VPOS="2269" WIDTH="115" HEIGHT="58" CONTENT="und" WC="0.99" CC="020"/>
						<SP ID="P122_SP00155" HPOS="1971" VPOS="2342" WIDTH="42"/>
						<String ID="P122_ST00174" HPOS="2013" VPOS="2291" WIDTH="117" HEIGHT="36" CONTENT="von" WC="1.00" CC="000"/>
						<SP ID="P122_SP00156" HPOS="2130" VPOS="2342" WIDTH="43"/>
						<String ID="P122_ST00175" HPOS="2173" VPOS="2269" WIDTH="101" HEIGHT="59" CONTENT="der" WC="0.98" CC="006"/>
						<SP ID="P122_SP00157" HPOS="2274" VPOS="2342" WIDTH="42"/>
						<String ID="P122_ST00176" HPOS="2316" VPOS="2270" WIDTH="244" HEIGHT="60" CONTENT="erzählte" WC="0.99" CC="60007750"/>
						<SP ID="P122_SP00158" HPOS="2560" VPOS="2342" WIDTH="43"/>
						<String ID="P122_ST00177" HPOS="2603" VPOS="2270" WIDTH="89" HEIGHT="61" CONTENT="die" WC="0.95" CC="075"/>
						<SP ID="P122_SP00159" HPOS="2692" VPOS="2342" WIDTH="33"/>
						<String ID="P122_ST00178" HPOS="2725" VPOS="2270" WIDTH="191" HEIGHT="61" CONTENT="Dame" WC="1.00" CC="0000"/>
						<SP ID="P122_SP00160" HPOS="2916" VPOS="2342" WIDTH="41"/>
						<String ID="P122_ST00179" HPOS="2957" VPOS="2280" WIDTH="118" HEIGHT="62" CONTENT="mir," WC="0.97" CC="0554"/>
						<SP ID="P122_SP00161" HPOS="3075" VPOS="2342" WIDTH="46"/>
						<String ID="P122_ST00180" HPOS="3121" VPOS="2271" WIDTH="81" HEIGHT="61" CONTENT="als" WC="0.95" CC="470"/>
						<SP ID="P122_SP00162" HPOS="3202" VPOS="2342" WIDTH="42"/>
						<String ID="P122_ST00181" HPOS="3244" VPOS="2272" WIDTH="74" HEIGHT="60" CONTENT="ich" WC="0.98" CC="500"/>
						<SP ID="P122_SP00163" HPOS="3318" VPOS="2342" WIDTH="42"/>
						<String ID="P122_ST00182" HPOS="3360" VPOS="2272" WIDTH="78" HEIGHT="60" CONTENT="die" WC="0.97" CC="035"/>
					</TextLine>
					<TextLine ID="P122_TL00021" HPOS="1206" VPOS="2358" WIDTH="2229" HEIGHT="85">
						<String ID="P122_ST00183" HPOS="1206" VPOS="2358" WIDTH="316" HEIGHT="60" CONTENT="malerische" WC="0.99" CC="1271730000"/>
						<SP ID="P122_SP00164" HPOS="1522" VPOS="2418" WIDTH="41"/>
						<String ID="P122_ST00184" HPOS="1563" VPOS="2358" WIDTH="157" HEIGHT="77" CONTENT="Lage" WC="0.98" CC="3005"/>
						<SP ID="P122_SP00165" HPOS="1720" VPOS="2435" WIDTH="43"/>
						<String ID="P122_ST00185" HPOS="1763" VPOS="2360" WIDTH="99" HEIGHT="58" CONTENT="der" WC="0.99" CC="002"/>
						<SP ID="P122_SP00166" HPOS="1862" VPOS="2435" WIDTH="32"/>
						<String ID="P122_ST00186" HPOS="1894" VPOS="2360" WIDTH="159" HEIGHT="61" CONTENT="Villa" WC="0.98" CC="06505"/>
						<SP ID="P122_SP00167" HPOS="2053" VPOS="2435" WIDTH="39"/>
						<String ID="P122_ST00187" HPOS="2092" VPOS="2369" WIDTH="167" HEIGHT="69" CONTENT="pries," WC="0.99" CC="050204"/>
						<SP ID="P122_SP00168" HPOS="2259" VPOS="2438" WIDTH="44"/>
						<String ID="P122_ST00188" HPOS="2303" VPOS="2361" WIDTH="110" HEIGHT="61" CONTENT="daß" WC="1.00" CC="000"/>
						<SP ID="P122_SP00169" HPOS="2413" VPOS="2438" WIDTH="41"/>
						<String ID="P122_ST00189" HPOS="2454" VPOS="2371" WIDTH="83" HEIGHT="51" CONTENT="sie" WC="0.96" CC="046"/>
						<SP ID="P122_SP00170" HPOS="2537" VPOS="2438" WIDTH="34"/>
						<String ID="P122_ST00190" HPOS="2571" VPOS="2371" WIDTH="86" HEIGHT="51" CONTENT="ein" WC="0.96" CC="054"/>
						<SP ID="P122_SP00171" HPOS="2657" VPOS="2438" WIDTH="36"/>
						<String ID="P122_ST00191" HPOS="2693" VPOS="2364" WIDTH="267" HEIGHT="61" CONTENT="Brutnest" WC="0.99" CC="04030105"/>
						<SP ID="P122_SP00172" HPOS="2960" VPOS="2438" WIDTH="29"/>
						<String ID="P122_ST00192" HPOS="2989" VPOS="2388" WIDTH="118" HEIGHT="37" CONTENT="von" WC="0.97" CC="007"/>
						<SP ID="P122_SP00173" HPOS="3107" VPOS="2438" WIDTH="35"/>
						<String ID="P122_ST00193" HPOS="3142" VPOS="2364" WIDTH="293" HEIGHT="79" CONTENT="Schlangen" WC="0.99" CC="400700006"/>
					</TextLine>
					<TextLine ID="P122_TL00022" HPOS="1206" VPOS="2449" WIDTH="2229" HEIGHT="88">
						<String ID="P122_ST00194" HPOS="1206" VPOS="2460" WIDTH="92" HEIGHT="54" CONTENT="sei." WC="0.97" CC="0563"/>
						<SP ID="P122_SP00174" HPOS="1298" VPOS="2514" WIDTH="45"/>
						<String ID="P122_ST00195" HPOS="1343" VPOS="2453" WIDTH="113" HEIGHT="59" CONTENT="Die" WC="0.98" CC="040"/>
						<SP ID="P122_SP00175" HPOS="1456" VPOS="2514" WIDTH="42"/>
						<String ID="P122_ST00196" HPOS="1498" VPOS="2453" WIDTH="218" HEIGHT="61" CONTENT="Kinder" WC="0.99" CC="060006"/>
						<SP ID="P122_SP00176" HPOS="1716" VPOS="2514" WIDTH="51"/>
						<String ID="P122_ST00197" HPOS="1767" VPOS="2453" WIDTH="145" HEIGHT="61" CONTENT="ihrer" WC="0.97" CC="50666"/>
						<SP ID="P122_SP00177" HPOS="1912" VPOS="2514" WIDTH="39"/>
						<String ID="P122_ST00198" HPOS="1951" VPOS="2449" WIDTH="240" HEIGHT="67" CONTENT="Tochter" WC="0.99" CC="0400500"/>
						<SP ID="P122_SP00178" HPOS="2191" VPOS="2516" WIDTH="50"/>
						<String ID="P122_ST00199" HPOS="2241" VPOS="2464" WIDTH="171" HEIGHT="64" CONTENT="seien," WC="0.99" CC="004043"/>
						<SP ID="P122_SP00179" HPOS="2412" VPOS="2528" WIDTH="51"/>
						<String ID="P122_ST00200" HPOS="2463" VPOS="2481" WIDTH="168" HEIGHT="37" CONTENT="wenn" WC="0.95" CC="9056"/>
						<SP ID="P122_SP00180" HPOS="2631" VPOS="2528" WIDTH="53"/>
						<String ID="P122_ST00201" HPOS="2684" VPOS="2467" WIDTH="83" HEIGHT="52" CONTENT="sie" WC="0.97" CC="070"/>
						<SP ID="P122_SP00181" HPOS="2767" VPOS="2528" WIDTH="49"/>
						<String ID="P122_ST00202" HPOS="2816" VPOS="2467" WIDTH="74" HEIGHT="52" CONTENT="im" WC="0.81" CC="30"/>
						<SP ID="P122_SP00182" HPOS="2890" VPOS="2528" WIDTH="44"/>
						<String ID="P122_ST00203" HPOS="2934" VPOS="2459" WIDTH="222" HEIGHT="61" CONTENT="Garten" WC="0.97" CC="035556"/>
						<SP ID="P122_SP00183" HPOS="3156" VPOS="2528" WIDTH="41"/>
						<String ID="P122_ST00204" HPOS="3197" VPOS="2460" WIDTH="238" HEIGHT="77" CONTENT="spielten," WC="0.99" CC="003000664"/>
					</TextLine>
					<TextLine ID="P122_TL00023" HPOS="1204" VPOS="2545" WIDTH="2232" HEIGHT="82">
						<String ID="P122_ST00205" HPOS="1204" VPOS="2545" WIDTH="268" HEIGHT="77" CONTENT="jedesmal" WC="0.99" CC="76042200"/>
						<SP ID="P122_SP00184" HPOS="1472" VPOS="2622" WIDTH="41"/>
						<String ID="P122_ST00206" HPOS="1513" VPOS="2554" WIDTH="53" HEIGHT="52" CONTENT="in" WC="0.57" CC="44"/>
						<SP ID="P122_SP00185" HPOS="1566" VPOS="2622" WIDTH="37"/>
						<String ID="P122_ST00207" HPOS="1603" VPOS="2547" WIDTH="239" HEIGHT="71" CONTENT="Gefahr," WC="0.98" CC="6056063"/>
						<SP ID="P122_SP00186" HPOS="1842" VPOS="2622" WIDTH="42"/>
						<String ID="P122_ST00208" HPOS="1884" VPOS="2571" WIDTH="115" HEIGHT="37" CONTENT="von" WC="0.99" CC="030"/>
						<SP ID="P122_SP00187" HPOS="1999" VPOS="2622" WIDTH="35"/>
						<String ID="P122_ST00209" HPOS="2034" VPOS="2548" WIDTH="244" HEIGHT="61" CONTENT="Nattern" WC="0.98" CC="5436062"/>
						<SP ID="P122_SP00188" HPOS="2278" VPOS="2622" WIDTH="36"/>
						<String ID="P122_ST00210" HPOS="2314" VPOS="2551" WIDTH="261" HEIGHT="76" CONTENT="gebissen" WC="0.99" CC="00760060"/>
						<SP ID="P122_SP00189" HPOS="2575" VPOS="2627" WIDTH="34"/>
						<String ID="P122_ST00211" HPOS="2609" VPOS="2575" WIDTH="74" HEIGHT="37" CONTENT="zu" WC="0.67" CC="60"/>
						<SP ID="P122_SP00190" HPOS="2683" VPOS="2627" WIDTH="33"/>
						<String ID="P122_ST00212" HPOS="2716" VPOS="2552" WIDTH="249" HEIGHT="71" CONTENT="werden," WC="0.98" CC="9040344"/>
						<SP ID="P122_SP00191" HPOS="2965" VPOS="2627" WIDTH="42"/>
						<String ID="P122_ST00213" HPOS="3007" VPOS="2553" WIDTH="116" HEIGHT="60" CONTENT="und" WC="0.93" CC="619"/>
						<SP ID="P122_SP00192" HPOS="3123" VPOS="2627" WIDTH="33"/>
						<String ID="P122_ST00214" HPOS="3156" VPOS="2576" WIDTH="68" HEIGHT="37" CONTENT="so" WC="0.91" CC="01"/>
						<SP ID="P122_SP00193" HPOS="3224" VPOS="2627" WIDTH="34"/>
						<String ID="P122_ST00215" HPOS="3258" VPOS="2563" WIDTH="178" HEIGHT="50" CONTENT="müsse" WC="0.99" CC="00006"/>
					</TextLine>
					<TextLine ID="P122_TL00024" HPOS="1204" VPOS="2641" WIDTH="2232" HEIGHT="80">
						<String ID="P122_ST00216" HPOS="1204" VPOS="2664" WIDTH="131" HEIGHT="35" CONTENT="man" WC="0.96" CC="036"/>
						<SP ID="P122_SP00194" HPOS="1335" VPOS="2699" WIDTH="57"/>
						<String ID="P122_ST00217" HPOS="1392" VPOS="2656" WIDTH="138" HEIGHT="44" CONTENT="stets" WC="0.98" CC="06060"/>
						<SP ID="P122_SP00195" HPOS="1530" VPOS="2700" WIDTH="59"/>
						<String ID="P122_ST00218" HPOS="1589" VPOS="2641" WIDTH="374" HEIGHT="77" CONTENT="Gegenmittel" WC="0.99" CC="56054000747"/>
						<SP ID="P122_SP00196" HPOS="1963" VPOS="2718" WIDTH="57"/>
						<String ID="P122_ST00219" HPOS="2020" VPOS="2665" WIDTH="176" HEIGHT="54" CONTENT="gegen" WC="0.98" CC="03063"/>
						<SP ID="P122_SP00197" HPOS="2196" VPOS="2719" WIDTH="52"/>
						<String ID="P122_ST00220" HPOS="2248" VPOS="2643" WIDTH="346" HEIGHT="78" CONTENT="Natterngift" WC="0.99" CC="40670560550"/>
						<SP ID="P122_SP00198" HPOS="2594" VPOS="2721" WIDTH="66"/>
						<String ID="P122_ST00221" HPOS="2660" VPOS="2653" WIDTH="73" HEIGHT="51" CONTENT="im" WC="0.67" CC="60"/>
						<SP ID="P122_SP00199" HPOS="2733" VPOS="2721" WIDTH="42"/>
						<String ID="P122_ST00222" HPOS="2775" VPOS="2646" WIDTH="205" HEIGHT="61" CONTENT="Hause" WC="0.97" CC="64605"/>
						<SP ID="P122_SP00200" HPOS="2980" VPOS="2721" WIDTH="57"/>
						<String ID="P122_ST00223" HPOS="3037" VPOS="2646" WIDTH="203" HEIGHT="61" CONTENT="haben." WC="0.99" CC="700022"/>
						<SP ID="P122_SP00201" HPOS="3240" VPOS="2721" WIDTH="60"/>
						<String ID="P122_ST00224" HPOS="3300" VPOS="2646" WIDTH="136" HEIGHT="61" CONTENT="Nun" WC="0.94" CC="456"/>
					</TextLine>
					<TextLine ID="P122_TL00025" HPOS="1202" VPOS="2733" WIDTH="2236" HEIGHT="82">
						<String ID="P122_ST00225" HPOS="1202" VPOS="2733" WIDTH="129" HEIGHT="77" CONTENT="griff" WC="0.96" CC="97507"/>
						<SP ID="P122_SP00202" HPOS="1331" VPOS="2810" WIDTH="46"/>
						<String ID="P122_ST00226" HPOS="1377" VPOS="2742" WIDTH="86" HEIGHT="51" CONTENT="ein" WC="0.96" CC="045"/>
						<SP ID="P122_SP00203" HPOS="1463" VPOS="2810" WIDTH="53"/>
						<String ID="P122_ST00227" HPOS="1516" VPOS="2742" WIDTH="102" HEIGHT="52" CONTENT="mir" WC="0.95" CC="066"/>
						<SP ID="P122_SP00204" HPOS="1618" VPOS="2810" WIDTH="50"/>
						<String ID="P122_ST00228" HPOS="1668" VPOS="2759" WIDTH="100" HEIGHT="35" CONTENT="zur" WC="0.93" CC="666"/>
						<SP ID="P122_SP00205" HPOS="1768" VPOS="2810" WIDTH="49"/>
						<String ID="P122_ST00229" HPOS="1817" VPOS="2735" WIDTH="217" HEIGHT="61" CONTENT="Linken" WC="0.98" CC="065005"/>
						<SP ID="P122_SP00206" HPOS="2034" VPOS="2810" WIDTH="52"/>
						<String ID="P122_ST00230" HPOS="2086" VPOS="2736" WIDTH="282" HEIGHT="62" CONTENT="sitzender" WC="0.99" CC="022700007"/>
						<SP ID="P122_SP00207" HPOS="2368" VPOS="2810" WIDTH="42"/>
						<String ID="P122_ST00231" HPOS="2410" VPOS="2737" WIDTH="327" HEIGHT="62" CONTENT="Geistlicher" WC="0.99" CC="06643700765"/>
						<SP ID="P122_SP00208" HPOS="2737" VPOS="2810" WIDTH="50"/>
						<String ID="P122_ST00232" HPOS="2787" VPOS="2749" WIDTH="52" HEIGHT="50" CONTENT="in" WC="0.95" CC="00"/>
						<SP ID="P122_SP00209" HPOS="2839" VPOS="2810" WIDTH="52"/>
						<String ID="P122_ST00233" HPOS="2891" VPOS="2739" WIDTH="90" HEIGHT="62" CONTENT="die" WC="0.96" CC="046"/>
						<SP ID="P122_SP00210" HPOS="2981" VPOS="2810" WIDTH="48"/>
						<String ID="P122_ST00234" HPOS="3029" VPOS="2740" WIDTH="409" HEIGHT="75" CONTENT="Unterhaltung" WC="0.99" CC="702566074709"/>
					</TextLine>
					<TextLine ID="P122_TL00026" HPOS="1202" VPOS="2829" WIDTH="2231" HEIGHT="83">
						<String ID="P122_ST00235" HPOS="1202" VPOS="2836" WIDTH="88" HEIGHT="52" CONTENT="ein" WC="1.00" CC="000"/>
						<SP ID="P122_SP00211" HPOS="1290" VPOS="2888" WIDTH="52"/>
						<String ID="P122_ST00236" HPOS="1342" VPOS="2829" WIDTH="120" HEIGHT="59" CONTENT="und" WC="0.95" CC="660"/>
						<SP ID="P122_SP00212" HPOS="1462" VPOS="2888" WIDTH="51"/>
						<String ID="P122_ST00237" HPOS="1513" VPOS="2829" WIDTH="244" HEIGHT="61" CONTENT="erzählte" WC="0.99" CC="05000750"/>
						<SP ID="P122_SP00213" HPOS="1757" VPOS="2890" WIDTH="51"/>
						<String ID="P122_ST00238" HPOS="1808" VPOS="2854" WIDTH="125" HEIGHT="47" CONTENT="uns," WC="0.97" CC="6404"/>
						<SP ID="P122_SP00214" HPOS="1933" VPOS="2901" WIDTH="52"/>
						<String ID="P122_ST00239" HPOS="1985" VPOS="2839" WIDTH="110" HEIGHT="52" CONTENT="wie" WC="0.97" CC="052"/>
						<SP ID="P122_SP00215" HPOS="2095" VPOS="2901" WIDTH="52"/>
						<String ID="P122_ST00240" HPOS="2147" VPOS="2855" WIDTH="58" HEIGHT="36" CONTENT="er" WC="0.44" CC="55"/>
						<SP ID="P122_SP00216" HPOS="2205" VPOS="2901" WIDTH="51"/>
						<String ID="P122_ST00241" HPOS="2256" VPOS="2831" WIDTH="80" HEIGHT="60" CONTENT="als" WC="0.97" CC="600"/>
						<SP ID="P122_SP00217" HPOS="2336" VPOS="2901" WIDTH="41"/>
						<String ID="P122_ST00242" HPOS="2377" VPOS="2841" WIDTH="196" HEIGHT="68" CONTENT="junger" WC="0.98" CC="705006"/>
						<SP ID="P122_SP00218" HPOS="2573" VPOS="2909" WIDTH="42"/>
						<String ID="P122_ST00243" HPOS="2615" VPOS="2834" WIDTH="235" HEIGHT="61" CONTENT="Mensch" WC="0.99" CC="056000"/>
						<SP ID="P122_SP00219" HPOS="2850" VPOS="2909" WIDTH="45"/>
						<String ID="P122_ST00244" HPOS="2895" VPOS="2834" WIDTH="189" HEIGHT="78" CONTENT="häufig" WC="1.00" CC="000220"/>
						<SP ID="P122_SP00220" HPOS="3084" VPOS="2912" WIDTH="41"/>
						<String ID="P122_ST00245" HPOS="3125" VPOS="2835" WIDTH="308" HEIGHT="76" CONTENT="Sdilangen," WC="0.71" CC="2900000573"/>
					</TextLine>
					<TextLine ID="P122_TL00027" HPOS="1202" VPOS="2921" WIDTH="2231" HEIGHT="79">
						<String ID="P122_ST00246" HPOS="1202" VPOS="2921" WIDTH="89" HEIGHT="60" CONTENT="die" WC="0.97" CC="060"/>
						<SP ID="P122_SP00221" HPOS="1291" VPOS="2981" WIDTH="51"/>
						<String ID="P122_ST00247" HPOS="1342" VPOS="2921" WIDTH="132" HEIGHT="59" CONTENT="nach" WC="0.98" CC="2500"/>
						<SP ID="P122_SP00222" HPOS="1474" VPOS="2981" WIDTH="53"/>
						<String ID="P122_ST00248" HPOS="1527" VPOS="2930" WIDTH="182" HEIGHT="51" CONTENT="einem" WC="0.98" CC="50600"/>
						<SP ID="P122_SP00223" HPOS="1709" VPOS="2981" WIDTH="43"/>
						<String ID="P122_ST00249" HPOS="1752" VPOS="2921" WIDTH="194" HEIGHT="79" CONTENT="Regen" WC="0.99" CC="00055"/>
						<SP ID="P122_SP00224" HPOS="1946" VPOS="3000" WIDTH="52"/>
						<String ID="P122_ST00250" HPOS="1998" VPOS="2947" WIDTH="104" HEIGHT="37" CONTENT="aus" WC="0.96" CC="460"/>
						<SP ID="P122_SP00225" HPOS="2102" VPOS="3000" WIDTH="55"/>
						<String ID="P122_ST00251" HPOS="2157" VPOS="2923" WIDTH="127" HEIGHT="61" CONTENT="dem" WC="1.00" CC="000"/>
						<SP ID="P122_SP00226" HPOS="2284" VPOS="3000" WIDTH="44"/>
						<String ID="P122_ST00252" HPOS="2328" VPOS="2924" WIDTH="296" HEIGHT="62" CONTENT="Gemäuer" WC="0.99" CC="0600624"/>
						<SP ID="P122_SP00227" HPOS="2624" VPOS="3000" WIDTH="49"/>
						<String ID="P122_ST00253" HPOS="2673" VPOS="2926" WIDTH="466" HEIGHT="72" CONTENT="herauskrochen," WC="1.00" CC="64300006600004"/>
						<SP ID="P122_SP00228" HPOS="3139" VPOS="3000" WIDTH="58"/>
						<String ID="P122_ST00254" HPOS="3197" VPOS="2952" WIDTH="94" HEIGHT="35" CONTENT="um" WC="0.69" CC="60"/>
						<SP ID="P122_SP00229" HPOS="3291" VPOS="3000" WIDTH="47"/>
						<String ID="P122_ST00255" HPOS="3338" VPOS="2926" WIDTH="95" HEIGHT="61" CONTENT="sich" WC="0.97" CC="2607"/>
					</TextLine>
					<TextLine ID="P122_TL00028" HPOS="1201" VPOS="3015" WIDTH="2230" HEIGHT="79">
						<String ID="P122_ST00256" HPOS="1201" VPOS="3037" WIDTH="75" HEIGHT="36" CONTENT="zu" WC="0.63" CC="70"/>
						<SP ID="P122_SP00230" HPOS="1276" VPOS="3073" WIDTH="57"/>
						<String ID="P122_ST00257" HPOS="1333" VPOS="3037" WIDTH="238" HEIGHT="48" CONTENT="sonnen," WC="0.98" CC="0560604"/>
						<SP ID="P122_SP00231" HPOS="1571" VPOS="3085" WIDTH="59"/>
						<String ID="P122_ST00258" HPOS="1630" VPOS="3015" WIDTH="165" HEIGHT="60" CONTENT="durch" WC="0.99" CC="00500"/>
						<SP ID="P122_SP00232" HPOS="1795" VPOS="3085" WIDTH="61"/>
						<String ID="P122_ST00259" HPOS="1856" VPOS="3024" WIDTH="162" HEIGHT="52" CONTENT="einen" WC="0.97" CC="45505"/>
						<SP ID="P122_SP00233" HPOS="2018" VPOS="3085" WIDTH="50"/>
						<String ID="P122_ST00260" HPOS="2068" VPOS="3015" WIDTH="269" HEIGHT="79" CONTENT="kräftigen" WC="0.99" CC="760610065"/>
						<SP ID="P122_SP00234" HPOS="2337" VPOS="3094" WIDTH="51"/>
						<String ID="P122_ST00261" HPOS="2388" VPOS="3019" WIDTH="152" HEIGHT="60" CONTENT="Hieb" WC="0.96" CC="6407"/>
						<SP ID="P122_SP00235" HPOS="2540" VPOS="3094" WIDTH="53"/>
						<String ID="P122_ST00262" HPOS="2593" VPOS="3028" WIDTH="99" HEIGHT="51" CONTENT="mit" WC="0.93" CC="943"/>
						<SP ID="P122_SP00236" HPOS="2692" VPOS="3094" WIDTH="50"/>
						<String ID="P122_ST00263" HPOS="2742" VPOS="3029" WIDTH="181" HEIGHT="52" CONTENT="einem" WC="0.98" CC="00368"/>
						<SP ID="P122_SP00237" HPOS="2923" VPOS="3094" WIDTH="51"/>
						<String ID="P122_ST00264" HPOS="2974" VPOS="3020" WIDTH="165" HEIGHT="63" CONTENT="Stock" WC="0.99" CC="54000"/>
						<SP ID="P122_SP00238" HPOS="3139" VPOS="3094" WIDTH="52"/>
						<String ID="P122_ST00265" HPOS="3191" VPOS="3022" WIDTH="104" HEIGHT="59" CONTENT="auf" WC="0.98" CC="006"/>
						<SP ID="P122_SP00239" HPOS="3295" VPOS="3094" WIDTH="40"/>
						<String ID="P122_ST00266" HPOS="3335" VPOS="3020" WIDTH="96" HEIGHT="59" CONTENT="den" WC="0.98" CC="050"/>
					</TextLine>
					<TextLine ID="P122_TL00029" HPOS="1202" VPOS="3107" WIDTH="2230" HEIGHT="85">
						<String ID="P122_ST00267" HPOS="1202" VPOS="3107" WIDTH="169" HEIGHT="77" CONTENT="Kopf" WC="0.97" CC="0056"/>
						<SP ID="P122_SP00240" HPOS="1371" VPOS="3184" WIDTH="42"/>
						<String ID="P122_ST00268" HPOS="1413" VPOS="3117" WIDTH="231" HEIGHT="67" CONTENT="getötet," WC="0.99" CC="04407054"/>
						<SP ID="P122_SP00241" HPOS="1644" VPOS="3184" WIDTH="58"/>
						<String ID="P122_ST00269" HPOS="1702" VPOS="3109" WIDTH="164" HEIGHT="60" CONTENT="ihnen" WC="0.97" CC="37206"/>
						<SP ID="P122_SP00242" HPOS="1866" VPOS="3184" WIDTH="53"/>
						<String ID="P122_ST00270" HPOS="1919" VPOS="3133" WIDTH="74" HEIGHT="36" CONTENT="zu" WC="0.64" CC="70"/>
						<SP ID="P122_SP00243" HPOS="1993" VPOS="3184" WIDTH="41"/>
						<String ID="P122_ST00271" HPOS="2034" VPOS="3109" WIDTH="203" HEIGHT="61" CONTENT="Hause" WC="0.98" CC="60006"/>
						<SP ID="P122_SP00244" HPOS="2237" VPOS="3184" WIDTH="51"/>
						<String ID="P122_ST00272" HPOS="2288" VPOS="3111" WIDTH="89" HEIGHT="61" CONTENT="die" WC="0.98" CC="050"/>
						<SP ID="P122_SP00245" HPOS="2377" VPOS="3184" WIDTH="40"/>
						<String ID="P122_ST00273" HPOS="2417" VPOS="3112" WIDTH="165" HEIGHT="61" CONTENT="Haut" WC="0.98" CC="3403"/>
						<SP ID="P122_SP00246" HPOS="2582" VPOS="3184" WIDTH="51"/>
						<String ID="P122_ST00274" HPOS="2633" VPOS="3113" WIDTH="327" HEIGHT="79" CONTENT="abgezogen" WC="0.99" CC="070563000"/>
						<SP ID="P122_SP00247" HPOS="2960" VPOS="3192" WIDTH="52"/>
						<String ID="P122_ST00275" HPOS="3012" VPOS="3116" WIDTH="118" HEIGHT="59" CONTENT="und" WC="0.96" CC="720"/>
						<SP ID="P122_SP00248" HPOS="3130" VPOS="3192" WIDTH="42"/>
						<String ID="P122_ST00276" HPOS="3172" VPOS="3125" WIDTH="78" HEIGHT="50" CONTENT="sie" WC="0.98" CC="006"/>
						<SP ID="P122_SP00249" HPOS="3250" VPOS="3192" WIDTH="44"/>
						<String ID="P122_ST00277" HPOS="3294" VPOS="3114" WIDTH="138" HEIGHT="60" CONTENT="dann" WC="0.99" CC="0005"/>
					</TextLine>
					<TextLine ID="P122_TL00030" HPOS="1201" VPOS="3201" WIDTH="2228" HEIGHT="82">
						<String ID="P122_ST00278" HPOS="1201" VPOS="3201" WIDTH="268" HEIGHT="76" CONTENT="gebraten" WC="0.99" CC="90000356"/>
						<SP ID="P122_SP00250" HPOS="1469" VPOS="3277" WIDTH="44"/>
						<String ID="P122_ST00279" HPOS="1513" VPOS="3201" WIDTH="163" HEIGHT="61" CONTENT="habe." WC="0.99" CC="70002"/>
						<SP ID="P122_SP00251" HPOS="1676" VPOS="3277" WIDTH="45"/>
						<String ID="P122_ST00280" HPOS="1721" VPOS="3202" WIDTH="97" HEIGHT="61" CONTENT="Sie" WC="0.94" CC="465"/>
						<SP ID="P122_SP00252" HPOS="1818" VPOS="3277" WIDTH="40"/>
						<String ID="P122_ST00281" HPOS="1858" VPOS="3203" WIDTH="187" HEIGHT="60" CONTENT="hätten" WC="0.98" CC="703703"/>
						<SP ID="P122_SP00253" HPOS="2045" VPOS="3277" WIDTH="43"/>
						<String ID="P122_ST00282" HPOS="2088" VPOS="3205" WIDTH="113" HEIGHT="58" CONTENT="ihm" WC="0.97" CC="070"/>
						<SP ID="P122_SP00254" HPOS="2201" VPOS="3277" WIDTH="44"/>
						<String ID="P122_ST00283" HPOS="2245" VPOS="3203" WIDTH="234" HEIGHT="74" CONTENT="jedemal" WC="0.99" CC="4005045"/>
						<SP ID="P122_SP00255" HPOS="2479" VPOS="3277" WIDTH="44"/>
						<String ID="P122_ST00284" HPOS="2523" VPOS="3216" WIDTH="87" HEIGHT="51" CONTENT="ein" WC="1.00" CC="000"/>
						<SP ID="P122_SP00256" HPOS="2610" VPOS="3277" WIDTH="36"/>
						<String ID="P122_ST00285" HPOS="2646" VPOS="3224" WIDTH="181" HEIGHT="59" CONTENT="gutes," WC="0.98" CC="066003"/>
						<SP ID="P122_SP00257" HPOS="2827" VPOS="3283" WIDTH="44"/>
						<String ID="P122_ST00286" HPOS="2871" VPOS="3206" WIDTH="558" HEIGHT="63" CONTENT="wohlschmeckendes" WC="1.00" CC="9000070003007000"/>
					</TextLine>
					<TextLine ID="P122_TL00031" HPOS="1201" VPOS="3293" WIDTH="2231" HEIGHT="79">
						<String ID="P122_ST00287" HPOS="1201" VPOS="3293" WIDTH="350" HEIGHT="61" CONTENT="Abendbrot" WC="0.98" CC="470607607"/>
						<SP ID="P122_SP00258" HPOS="1551" VPOS="3354" WIDTH="48"/>
						<String ID="P122_ST00288" HPOS="1599" VPOS="3296" WIDTH="266" HEIGHT="76" CONTENT="geliefert." WC="0.99" CC="0054550604"/>
						<SP ID="P122_SP00259" HPOS="1865" VPOS="3372" WIDTH="52"/>
						<String ID="P122_ST00289" HPOS="1917" VPOS="3296" WIDTH="166" HEIGHT="61" CONTENT="Audi" WC="0.96" CC="3067"/>
						<SP ID="P122_SP00260" HPOS="2083" VPOS="3372" WIDTH="51"/>
						<String ID="P122_ST00290" HPOS="2134" VPOS="3314" WIDTH="163" HEIGHT="44" CONTENT="sonst" WC="0.99" CC="04006"/>
						<SP ID="P122_SP00261" HPOS="2297" VPOS="3372" WIDTH="50"/>
						<String ID="P122_ST00291" HPOS="2347" VPOS="3300" WIDTH="246" HEIGHT="61" CONTENT="erzählte" WC="0.98" CC="56006730"/>
						<SP ID="P122_SP00262" HPOS="2593" VPOS="3372" WIDTH="50"/>
						<String ID="P122_ST00292" HPOS="2643" VPOS="3301" WIDTH="99" HEIGHT="60" CONTENT="der" WC="0.99" CC="003"/>
						<SP ID="P122_SP00263" HPOS="2742" VPOS="3372" WIDTH="40"/>
						<String ID="P122_ST00293" HPOS="2782" VPOS="3301" WIDTH="209" HEIGHT="71" CONTENT="Mann," WC="0.98" CC="00164"/>
						<SP ID="P122_SP00264" HPOS="2991" VPOS="3372" WIDTH="54"/>
						<String ID="P122_ST00294" HPOS="3045" VPOS="3302" WIDTH="97" HEIGHT="61" CONTENT="der" WC="0.96" CC="055"/>
						<SP ID="P122_SP00265" HPOS="3142" VPOS="3372" WIDTH="50"/>
						<String ID="P122_ST00295" HPOS="3192" VPOS="3301" WIDTH="240" HEIGHT="62" CONTENT="offenbar" WC="0.98" CC="36700765"/>
					</TextLine>
					<TextLine ID="P122_TL00032" HPOS="1201" VPOS="3389" WIDTH="2228" HEIGHT="80">
						<String ID="P122_ST00296" HPOS="1201" VPOS="3413" WIDTH="106" HEIGHT="37" CONTENT="aus" WC="1.00" CC="000"/>
						<SP ID="P122_SP00266" HPOS="1307" VPOS="3450" WIDTH="42"/>
						<String ID="P122_ST00297" HPOS="1349" VPOS="3389" WIDTH="108" HEIGHT="61" CONTENT="den" WC="0.96" CC="055"/>
						<SP ID="P122_SP00267" HPOS="1457" VPOS="3450" WIDTH="46"/>
						<String ID="P122_ST00298" HPOS="1503" VPOS="3399" WIDTH="254" HEIGHT="52" CONTENT="ärmeren" WC="0.99" CC="0400500"/>
						<SP ID="P122_SP00268" HPOS="1757" VPOS="3451" WIDTH="44"/>
						<String ID="P122_ST00299" HPOS="1801" VPOS="3391" WIDTH="245" HEIGHT="60" CONTENT="Klassen" WC="0.99" CC="0030267"/>
						<SP ID="P122_SP00269" HPOS="2046" VPOS="3451" WIDTH="44"/>
						<String ID="P122_ST00300" HPOS="2090" VPOS="3408" WIDTH="279" HEIGHT="56" CONTENT="stammte," WC="0.99" CC="00300434"/>
						<SP ID="P122_SP00270" HPOS="2369" VPOS="3464" WIDTH="53"/>
						<String ID="P122_ST00301" HPOS="2422" VPOS="3394" WIDTH="287" HEIGHT="61" CONTENT="allerhand" WC="0.98" CC="650567050"/>
						<SP ID="P122_SP00271" HPOS="2709" VPOS="3464" WIDTH="42"/>
						<String ID="P122_ST00302" HPOS="2751" VPOS="3396" WIDTH="139" HEIGHT="60" CONTENT="über" WC="0.96" CC="0755"/>
						<SP ID="P122_SP00272" HPOS="2890" VPOS="3464" WIDTH="42"/>
						<String ID="P122_ST00303" HPOS="2932" VPOS="3396" WIDTH="89" HEIGHT="61" CONTENT="die" WC="1.00" CC="000"/>
						<SP ID="P122_SP00273" HPOS="3021" VPOS="3464" WIDTH="40"/>
						<String ID="P122_ST00304" HPOS="3061" VPOS="3399" WIDTH="132" HEIGHT="70" CONTENT="Art," WC="0.98" CC="3600"/>
						<SP ID="P122_SP00274" HPOS="3193" VPOS="3469" WIDTH="45"/>
						<String ID="P122_ST00305" HPOS="3238" VPOS="3405" WIDTH="103" HEIGHT="51" CONTENT="wie" WC="0.98" CC="004"/>
						<SP ID="P122_SP00275" HPOS="3341" VPOS="3469" WIDTH="39"/>
						<String ID="P122_ST00306" HPOS="3380" VPOS="3415" WIDTH="49" HEIGHT="37" CONTENT="er" WC="0.44" CC="46"/>
					</TextLine>
					<TextLine ID="P122_TL00033" HPOS="1198" VPOS="3481" WIDTH="2230" HEIGHT="87">
						<String ID="P122_ST00307" HPOS="1198" VPOS="3481" WIDTH="107" HEIGHT="61" CONTENT="sich" WC="0.97" CC="0407"/>
						<SP ID="P122_SP00276" HPOS="1305" VPOS="3542" WIDTH="43"/>
						<String ID="P122_ST00308" HPOS="1348" VPOS="3492" WIDTH="53" HEIGHT="50" CONTENT="in" WC="0.75" CC="04"/>
						<SP ID="P122_SP00277" HPOS="1401" VPOS="3542" WIDTH="42"/>
						<String ID="P122_ST00309" HPOS="1443" VPOS="3493" WIDTH="207" HEIGHT="67" CONTENT="jungen" WC="0.98" CC="750044"/>
						<SP ID="P122_SP00278" HPOS="1650" VPOS="3560" WIDTH="42"/>
						<String ID="P122_ST00310" HPOS="1692" VPOS="3484" WIDTH="201" HEIGHT="77" CONTENT="Jahren" WC="0.98" CC="506640"/>
						<SP ID="P122_SP00279" HPOS="1893" VPOS="3561" WIDTH="44"/>
						<String ID="P122_ST00311" HPOS="1937" VPOS="3484" WIDTH="182" HEIGHT="77" CONTENT="billige" WC="0.98" CC="7470706"/>
						<SP ID="P122_SP00280" HPOS="2119" VPOS="3561" WIDTH="35"/>
						<String ID="P122_ST00312" HPOS="2154" VPOS="3485" WIDTH="267" HEIGHT="62" CONTENT="Genüsse" WC="0.99" CC="3560000"/>
						<SP ID="P122_SP00281" HPOS="2421" VPOS="3561" WIDTH="42"/>
						<String ID="P122_ST00313" HPOS="2463" VPOS="3489" WIDTH="291" HEIGHT="61" CONTENT="verschafft" WC="0.99" CC="0060071676"/>
						<SP ID="P122_SP00282" HPOS="2754" VPOS="3561" WIDTH="42"/>
						<String ID="P122_ST00314" HPOS="2796" VPOS="3488" WIDTH="158" HEIGHT="63" CONTENT="habe." WC="0.96" CC="76763"/>
						<SP ID="P122_SP00283" HPOS="2954" VPOS="3561" WIDTH="44"/>
						<String ID="P122_ST00315" HPOS="2998" VPOS="3490" WIDTH="86" HEIGHT="60" CONTENT="Er" WC="0.84" CC="03"/>
						<SP ID="P122_SP00284" HPOS="3084" VPOS="3561" WIDTH="39"/>
						<String ID="P122_ST00316" HPOS="3123" VPOS="3490" WIDTH="187" HEIGHT="78" CONTENT="sprach" WC="0.99" CC="005107"/>
						<SP ID="P122_SP00285" HPOS="3310" VPOS="3568" WIDTH="41"/>
						<String ID="P122_ST00317" HPOS="3351" VPOS="3494" WIDTH="77" HEIGHT="52" CONTENT="ein" WC="0.97" CC="006"/>
					</TextLine>
					<TextLine ID="P122_TL00034" HPOS="1198" VPOS="3577" WIDTH="2237" HEIGHT="77">
						<String ID="P122_ST00318" HPOS="1198" VPOS="3577" WIDTH="239" HEIGHT="61" CONTENT="ziemlich" WC="0.99" CC="03407000"/>
						<SP ID="P122_SP00286" HPOS="1437" VPOS="3638" WIDTH="43"/>
						<String ID="P122_ST00319" HPOS="1480" VPOS="3594" WIDTH="160" HEIGHT="60" CONTENT="gutes" WC="0.98" CC="80301"/>
						<SP ID="P122_SP00287" HPOS="1640" VPOS="3654" WIDTH="36"/>
						<String ID="P122_ST00320" HPOS="1676" VPOS="3579" WIDTH="266" HEIGHT="70" CONTENT="Deutsch," WC="1.00" CC="20020004"/>
						<SP ID="P122_SP00288" HPOS="1942" VPOS="3654" WIDTH="45"/>
						<String ID="P122_ST00321" HPOS="1987" VPOS="3579" WIDTH="103" HEIGHT="61" CONTENT="das" WC="1.00" CC="000"/>
						<SP ID="P122_SP00289" HPOS="2090" VPOS="3654" WIDTH="43"/>
						<String ID="P122_ST00322" HPOS="2133" VPOS="3603" WIDTH="58" HEIGHT="37" CONTENT="er" WC="0.66" CC="24"/>
						<SP ID="P122_SP00290" HPOS="2191" VPOS="3654" WIDTH="42"/>
						<String ID="P122_ST00323" HPOS="2233" VPOS="3581" WIDTH="231" HEIGHT="60" CONTENT="deshalb" WC="0.98" CC="0017077"/>
						<SP ID="P122_SP00291" HPOS="2464" VPOS="3654" WIDTH="41"/>
						<String ID="P122_ST00324" HPOS="2505" VPOS="3583" WIDTH="230" HEIGHT="69" CONTENT="betrieb," WC="0.99" CC="04355004"/>
						<SP ID="P122_SP00292" HPOS="2735" VPOS="3654" WIDTH="43"/>
						<String ID="P122_ST00325" HPOS="2778" VPOS="3584" WIDTH="126" HEIGHT="60" CONTENT="weil" WC="0.94" CC="9567"/>
						<SP ID="P122_SP00293" HPOS="2904" VPOS="3654" WIDTH="35"/>
						<String ID="P122_ST00326" HPOS="2939" VPOS="3607" WIDTH="60" HEIGHT="38" CONTENT="er" WC="0.67" CC="06"/>
						<SP ID="P122_SP00294" HPOS="2999" VPOS="3654" WIDTH="32"/>
						<String ID="P122_ST00327" HPOS="3031" VPOS="3586" WIDTH="269" HEIGHT="66" CONTENT="vorhatte," WC="0.99" CC="053602634"/>
						<SP ID="P122_SP00295" HPOS="3300" VPOS="3654" WIDTH="42"/>
						<String ID="P122_ST00328" HPOS="3342" VPOS="3577" WIDTH="93" HEIGHT="63" CONTENT="auf" WC="0.93" CC="775"/>
					</TextLine>
					<TextLine ID="P122_TL00035" HPOS="1199" VPOS="3672" WIDTH="2227" HEIGHT="80">
						<String ID="P122_ST00329" HPOS="1199" VPOS="3680" WIDTH="178" HEIGHT="68" CONTENT="einige" WC="0.98" CC="607306"/>
						<SP ID="P122_SP00296" HPOS="1377" VPOS="3748" WIDTH="41"/>
						<String ID="P122_ST00330" HPOS="1418" VPOS="3672" WIDTH="133" HEIGHT="60" CONTENT="Zeit" WC="0.98" CC="6040"/>
						<SP ID="P122_SP00297" HPOS="1551" VPOS="3748" WIDTH="57"/>
						<String ID="P122_ST00331" HPOS="1608" VPOS="3673" WIDTH="132" HEIGHT="60" CONTENT="nach" WC="0.98" CC="1007"/>
						<SP ID="P122_SP00298" HPOS="1740" VPOS="3748" WIDTH="52"/>
						<String ID="P122_ST00332" HPOS="1792" VPOS="3673" WIDTH="329" HEIGHT="61" CONTENT="Einsiedeln" WC="0.99" CC="0660000060"/>
						<SP ID="P122_SP00299" HPOS="2121" VPOS="3748" WIDTH="59"/>
						<String ID="P122_ST00333" HPOS="2180" VPOS="3697" WIDTH="73" HEIGHT="37" CONTENT="zu" WC="1.00" CC="00"/>
						<SP ID="P122_SP00300" HPOS="2253" VPOS="3748" WIDTH="50"/>
						<String ID="P122_ST00334" HPOS="2303" VPOS="3676" WIDTH="203" HEIGHT="76" CONTENT="gehen," WC="0.99" CC="000064"/>
						<SP ID="P122_SP00301" HPOS="2506" VPOS="3752" WIDTH="56"/>
						<String ID="P122_ST00335" HPOS="2562" VPOS="3686" WIDTH="185" HEIGHT="66" CONTENT="jenem" WC="1.00" CC="00000"/>
						<SP ID="P122_SP00302" HPOS="2747" VPOS="3752" WIDTH="50"/>
						<String ID="P122_ST00336" HPOS="2797" VPOS="3677" WIDTH="411" HEIGHT="62" CONTENT="vielbesuchten" WC="1.00" CC="0147700000004"/>
						<SP ID="P122_SP00303" HPOS="3208" VPOS="3752" WIDTH="42"/>
						<String ID="P122_ST00337" HPOS="3250" VPOS="3672" WIDTH="176" HEIGHT="65" CONTENT="Wall*" WC="0.97" CC="06089"/>
					</TextLine>
					<TextLine ID="P122_TL00036" HPOS="1199" VPOS="3763" WIDTH="2040" HEIGHT="87">
						<String ID="P122_ST00338" HPOS="1199" VPOS="3763" WIDTH="268" HEIGHT="63" CONTENT="fahrtsort" WC="0.99" CC="006510451"/>
						<SP ID="P122_SP00304" HPOS="1467" VPOS="3826" WIDTH="42"/>
						<String ID="P122_ST00339" HPOS="1509" VPOS="3775" WIDTH="73" HEIGHT="51" CONTENT="im" WC="1.00" CC="00"/>
						<SP ID="P122_SP00305" HPOS="1582" VPOS="3826" WIDTH="43"/>
						<String ID="P122_ST00340" HPOS="1625" VPOS="3765" WIDTH="235" HEIGHT="62" CONTENT="Kanton" WC="0.98" CC="042216"/>
						<SP ID="P122_SP00306" HPOS="1860" VPOS="3827" WIDTH="44"/>
						<String ID="P122_ST00341" HPOS="1904" VPOS="3766" WIDTH="259" HEIGHT="79" CONTENT="Schwyz," WC="0.98" CC="5009774"/>
						<SP ID="P122_SP00307" HPOS="2163" VPOS="3845" WIDTH="45"/>
						<String ID="P122_ST00342" HPOS="2208" VPOS="3767" WIDTH="99" HEIGHT="61" CONTENT="der" WC="0.99" CC="003"/>
						<SP ID="P122_SP00308" HPOS="2307" VPOS="3845" WIDTH="51"/>
						<String ID="P122_ST00343" HPOS="2358" VPOS="3768" WIDTH="108" HEIGHT="61" CONTENT="den" WC="0.97" CC="006"/>
						<SP ID="P122_SP00309" HPOS="2466" VPOS="3845" WIDTH="53"/>
						<String ID="P122_ST00344" HPOS="2519" VPOS="3768" WIDTH="324" HEIGHT="80" CONTENT="Gläubigen" WC="0.99" CC="000066046"/>
						<SP ID="P122_SP00310" HPOS="2843" VPOS="3848" WIDTH="49"/>
						<String ID="P122_ST00345" HPOS="2892" VPOS="3795" WIDTH="198" HEIGHT="55" CONTENT="wegen" WC="0.99" CC="00004"/>
						<SP ID="P122_SP00311" HPOS="3090" VPOS="3850" WIDTH="52"/>
						<String ID="P122_ST00346" HPOS="3142" VPOS="3771" WIDTH="97" HEIGHT="61" CONTENT="des" WC="1.00" CC="000"/>
						<SP ID="P122_SP00312" HPOS="3239" VPOS="3850" WIDTH="0"/>
					</TextLine>
					<TextLine ID="P122_TL00037" HPOS="1198" VPOS="3857" WIDTH="2225" HEIGHT="85">
						<String ID="P122_ST00347" HPOS="1198" VPOS="3874" WIDTH="138" HEIGHT="44" CONTENT="sters" WC="0.57" CC="36640"/>
						<SP ID="P122_SP00313" HPOS="1336" VPOS="3918" WIDTH="45"/>
						<String ID="P122_ST00348" HPOS="1381" VPOS="3857" WIDTH="105" HEIGHT="63" CONTENT="des" WC="1.00" CC="000"/>
						<SP ID="P122_SP00314" HPOS="1486" VPOS="3920" WIDTH="42"/>
						<String ID="P122_ST00349" HPOS="1528" VPOS="3859" WIDTH="238" HEIGHT="78" CONTENT="heiligen" WC="0.99" CC="62300004"/>
						<SP ID="P122_SP00315" HPOS="1766" VPOS="3937" WIDTH="43"/>
						<String ID="P122_ST00350" HPOS="1809" VPOS="3861" WIDTH="269" HEIGHT="61" CONTENT="Meinrad" WC="0.99" CC="0046440"/>
						<SP ID="P122_SP00316" HPOS="2078" VPOS="3937" WIDTH="42"/>
						<String ID="P122_ST00351" HPOS="2120" VPOS="3861" WIDTH="117" HEIGHT="61" CONTENT="und" WC="1.00" CC="010"/>
						<SP ID="P122_SP00317" HPOS="2237" VPOS="3937" WIDTH="43"/>
						<String ID="P122_ST00352" HPOS="2280" VPOS="3862" WIDTH="99" HEIGHT="61" CONTENT="des" WC="1.00" CC="000"/>
						<SP ID="P122_SP00318" HPOS="2379" VPOS="3937" WIDTH="52"/>
						<String ID="P122_ST00353" HPOS="2431" VPOS="3862" WIDTH="127" HEIGHT="61" CONTENT="dort" WC="0.98" CC="0460"/>
						<SP ID="P122_SP00319" HPOS="2558" VPOS="3937" WIDTH="51"/>
						<String ID="P122_ST00354" HPOS="2609" VPOS="3864" WIDTH="428" HEIGHT="78" CONTENT="aufgerichteten" WC="0.99" CC="02004610734507"/>
						<SP ID="P122_SP00320" HPOS="3037" VPOS="3942" WIDTH="43"/>
						<String ID="P122_ST00355" HPOS="3080" VPOS="3857" WIDTH="343" HEIGHT="69" CONTENT="Standbildes" WC="0.99" CC="33020710050"/>
					</TextLine>
					<TextLine ID="P122_TL00038" HPOS="1199" VPOS="3950" WIDTH="2225" HEIGHT="85">
						<String ID="P122_ST00356" HPOS="1199" VPOS="3950" WIDTH="98" HEIGHT="61" CONTENT="der" WC="0.95" CC="066"/>
						<SP ID="P122_SP00321" HPOS="1297" VPOS="4011" WIDTH="41"/>
						<String ID="P122_ST00357" HPOS="1338" VPOS="3953" WIDTH="319" HEIGHT="61" CONTENT="schwarzen" WC="0.98" CC="077927566"/>
						<SP ID="P122_SP00322" HPOS="1657" VPOS="4014" WIDTH="59"/>
						<String ID="P122_ST00358" HPOS="1716" VPOS="3954" WIDTH="422" HEIGHT="77" CONTENT="Muttergottes," WC="0.99" CC="0000660606004"/>
						<SP ID="P122_SP00323" HPOS="2138" VPOS="4031" WIDTH="61"/>
						<String ID="P122_ST00359" HPOS="2199" VPOS="3955" WIDTH="108" HEIGHT="62" CONTENT="den" WC="0.98" CC="005"/>
						<SP ID="P122_SP00324" HPOS="2307" VPOS="4031" WIDTH="49"/>
						<String ID="P122_ST00360" HPOS="2356" VPOS="3956" WIDTH="402" HEIGHT="79" CONTENT="Ungläubigen" WC="0.99" CC="70070076064"/>
						<SP ID="P122_SP00325" HPOS="2758" VPOS="4035" WIDTH="61"/>
						<String ID="P122_ST00361" HPOS="2819" VPOS="3960" WIDTH="81" HEIGHT="60" CONTENT="als" WC="0.96" CC="470"/>
						<SP ID="P122_SP00326" HPOS="2900" VPOS="4035" WIDTH="46"/>
						<String ID="P122_ST00362" HPOS="2946" VPOS="3958" WIDTH="342" HEIGHT="63" CONTENT="Geburtsort" WC="0.99" CC="0000720165"/>
						<SP ID="P122_SP00327" HPOS="3288" VPOS="4035" WIDTH="47"/>
						<String ID="P122_ST00363" HPOS="3335" VPOS="3953" WIDTH="89" HEIGHT="59" CONTENT="des" WC="0.97" CC="070"/>
					</TextLine>
				</TextBlock>
			</PrintSpace>
		</Page>
	</Layout>
</alto>
