<?xml version="1.0" encoding="UTF-8"?>
<alto xmlns:xsi="http://www.w3.org/2001/XMLSchema-instance" xmlns="http://www.loc.gov/standards/alto/ns-v2#" xsi:schemaLocation="http://www.loc.gov/standards/alto/ns-v2# http://www.loc.gov/standards/alto/v2/alto-2-0.xsd" xmlns:xlink="http://www.w3.org/1999/xlink">
	<Description>
		<MeasurementUnit>mm10</MeasurementUnit>
		<sourceImageInformation>
			<fileName>./bmtnabr_1916-03_01_0050.jp2</fileName>
		</sourceImageInformation>
		<OCRProcessing ID="OCRPROCESSING_1">
			<preProcessingStep>
				<processingSoftware>
					<softwareCreator>CCS Content Conversion Specialists GmbH, Germany</softwareCreator>
					<softwareName>CCS docWorks</softwareName>
					<softwareVersion>6.8-1.27</softwareVersion>
				</processingSoftware>
			</preProcessingStep>
			<ocrProcessingStep>
				<processingSoftware>
					<softwareCreator>ABBYY (BIT Software), Russia</softwareCreator>
					<softwareName>FineReader</softwareName>
					<softwareVersion>11.0</softwareVersion>
				</processingSoftware>
			</ocrProcessingStep>
			<postProcessingStep>
				<processingSoftware>
					<softwareCreator>CCS Content Conversion Specialists GmbH, Germany</softwareCreator>
					<softwareName>CCS docWorks</softwareName>
					<softwareVersion>6.8-1.27</softwareVersion>
					<applicationDescription>docWorks: Text modified manually, or automatically replaced</applicationDescription>
				</processingSoftware>
			</postProcessingStep>
		</OCRProcessing>
	</Description>
	<Styles>
		<TextStyle ID="TXT_0" FONTSIZE="29" FONTFAMILY="Times New Roman"/>
		<TextStyle ID="TXT_1" FONTSIZE="18" FONTFAMILY="Times New Roman" FONTSTYLE="bold italics"/>
		<TextStyle ID="TXT_2" FONTSIZE="17" FONTFAMILY="Times New Roman"/>
		<TextStyle ID="TXT_3" FONTSIZE="25" FONTFAMILY="Times New Roman" FONTSTYLE="bold"/>
		<TextStyle ID="TXT_4" FONTSIZE="25" FONTFAMILY="Times New Roman"/>
		<ParagraphStyle ID="PAR_LEFT" ALIGN="Left"/>
		<ParagraphStyle ID="PAR_RIGHT" ALIGN="Right"/>
	</Styles>
	<Layout>
		<Page ID="P50" PHYSICAL_IMG_NR="50" HEIGHT="4572" WIDTH="3682" PRINTED_IMG_NR="306" PC="0.904">
			<TopMargin ID="P50_TM00001" HPOS="0" VPOS="0" WIDTH="3682" HEIGHT="510">
				<TextBlock ID="P50_TB00001" HPOS="1192" VPOS="455" WIDTH="95" HEIGHT="51" STYLEREFS="TXT_0 PAR_LEFT">
					<TextLine ID="P50_TL00001" HPOS="1192" VPOS="455" WIDTH="95" HEIGHT="51">
						<String ID="P50_ST00001" HPOS="1192" VPOS="455" WIDTH="95" HEIGHT="51" CONTENT="306" WC="1.00" CC="000"/>
					</TextLine>
				</TextBlock>
				<TextBlock ID="P50_TB00002" HPOS="1794" VPOS="455" WIDTH="1032" HEIGHT="52" STYLEREFS="TXT_1 PAR_RIGHT">
					<TextLine ID="P50_TL00002" HPOS="1795" VPOS="455" WIDTH="1031" HEIGHT="52">
						<String ID="P50_ST00002" HPOS="1795" VPOS="457" WIDTH="235" HEIGHT="50" CONTENT="Heinricß" WC="0.50" CC="29540538"/>
						<SP ID="P50_SP00001" HPOS="2030" VPOS="507" WIDTH="30"/>
						<String ID="P50_ST00003" HPOS="2060" VPOS="457" WIDTH="309" HEIGHT="49" CONTENT="Lautensack" WC="0.72" CC="0150613008"/>
						<SP ID="P50_SP00002" HPOS="2369" VPOS="507" WIDTH="26"/>
						<String ID="P50_ST00004" HPOS="2395" VPOS="481" WIDTH="13" HEIGHT="12" CONTENT="•" WC="0.20" CC="8"/>
						<SP ID="P50_SP00003" HPOS="2408" VPOS="507" WIDTH="33"/>
						<String ID="P50_ST00005" HPOS="2441" VPOS="457" WIDTH="115" HEIGHT="49" CONTENT="Das" WC="0.95" CC="515"/>
						<SP ID="P50_SP00004" HPOS="2556" VPOS="507" WIDTH="40"/>
						<String ID="P50_ST00006" HPOS="2596" VPOS="455" WIDTH="230" HEIGHT="52" CONTENT="Gefüßcfe" WC="0.49" CC="06407659"/>
					</TextLine>
				</TextBlock>
			</TopMargin>
			<LeftMargin ID="P50_LM00001" HPOS="0" VPOS="510" WIDTH="55" HEIGHT="3953"/>
			<RightMargin ID="P50_RM00001" HPOS="3428" VPOS="510" WIDTH="254" HEIGHT="3953"/>
			<BottomMargin ID="P50_BM00001" HPOS="0" VPOS="4463" WIDTH="3682" HEIGHT="109"/>
			<PrintSpace ID="P50_PS00001" HPOS="55" VPOS="510" WIDTH="3373" HEIGHT="3953">
				<TextBlock ID="P50_TB00003" HPOS="1177" VPOS="640" WIDTH="2251" HEIGHT="3071" STYLEREFS="TXT_2 PAR_LEFT">
					<TextLine ID="P50_TL00003" HPOS="1197" VPOS="643" WIDTH="2228" HEIGHT="74">
						<String ID="P50_ST00007" HPOS="1197" VPOS="654" WIDTH="151" HEIGHT="51" CONTENT="Stelle," WC="0.98" CC="1467651"/>
						<SP ID="P50_SP00005" HPOS="1348" VPOS="705" WIDTH="40"/>
						<String ID="P50_ST00008" HPOS="1388" VPOS="656" WIDTH="70" HEIGHT="48" CONTENT="Er" WC="0.47" CC="37"/>
						<SP ID="P50_SP00006" HPOS="1458" VPOS="705" WIDTH="31"/>
						<String ID="P50_ST00009" HPOS="1489" VPOS="654" WIDTH="204" HEIGHT="63" CONTENT="spridit's" WC="0.59" CC="006677080"/>
						<SP ID="P50_SP00007" HPOS="1693" VPOS="717" WIDTH="38"/>
						<String ID="P50_ST00010" HPOS="1731" VPOS="652" WIDTH="314" HEIGHT="61" CONTENT="auswendig):" WC="0.98" CC="55076087774"/>
						<SP ID="P50_SP00008" HPOS="2045" VPOS="717" WIDTH="34"/>
						<String ID="P50_ST00011" HPOS="2079" VPOS="646" WIDTH="181" HEIGHT="61" CONTENT="Diese" WC="0.98" CC="52403" STYLEREFS="TXT_3"/>
						<SP ID="P50_SP00009" HPOS="2260" VPOS="717" WIDTH="33"/>
						<String ID="P50_ST00012" HPOS="2293" VPOS="644" WIDTH="202" HEIGHT="63" CONTENT="beiden" WC="0.98" CC="704902" STYLEREFS="TXT_3"/>
						<SP ID="P50_SP00010" HPOS="2495" VPOS="717" WIDTH="27"/>
						<String ID="P50_ST00013" HPOS="2522" VPOS="644" WIDTH="286" HEIGHT="61" CONTENT="Eheleute" WC="0.98" CC="76070630" STYLEREFS="TXT_3"/>
						<SP ID="P50_SP00011" HPOS="2808" VPOS="717" WIDTH="33"/>
						<String ID="P50_ST00014" HPOS="2841" VPOS="643" WIDTH="201" HEIGHT="61" CONTENT="dürfen" WC="0.97" CC="906505" STYLEREFS="TXT_3"/>
						<SP ID="P50_SP00012" HPOS="3042" VPOS="717" WIDTH="34"/>
						<String ID="P50_ST00015" HPOS="3076" VPOS="661" WIDTH="161" HEIGHT="46" CONTENT="sonst" WC="0.98" CC="55003" STYLEREFS="TXT_3"/>
						<SP ID="P50_SP00013" HPOS="3237" VPOS="717" WIDTH="32"/>
						<String ID="P50_ST00016" HPOS="3269" VPOS="670" WIDTH="156" HEIGHT="40" CONTENT="zwar" WC="0.95" CC="7735" STYLEREFS="TXT_3"/>
					</TextLine>
					<TextLine ID="P50_TL00004" HPOS="1197" VPOS="737" WIDTH="2227" HEIGHT="65">
						<String ID="P50_ST00017" HPOS="1197" VPOS="740" WIDTH="162" HEIGHT="62" CONTENT="leben" WC="0.98" CC="70700" STYLEREFS="TXT_3"/>
						<SP ID="P50_SP00014" HPOS="1359" VPOS="802" WIDTH="31"/>
						<String ID="P50_ST00018" HPOS="1390" VPOS="738" WIDTH="365" HEIGHT="64" CONTENT="miteinander" WC="0.99" CC="23502060006" STYLEREFS="TXT_3"/>
						<SP ID="P50_SP00015" HPOS="1755" VPOS="802" WIDTH="31"/>
						<String ID="P50_ST00019" HPOS="1786" VPOS="746" WIDTH="110" HEIGHT="52" CONTENT="wie" WC="0.96" CC="900" STYLEREFS="TXT_3"/>
						<SP ID="P50_SP00016" HPOS="1896" VPOS="802" WIDTH="33"/>
						<String ID="P50_ST00020" HPOS="1929" VPOS="746" WIDTH="146" HEIGHT="52" CONTENT="zwei" WC="0.96" CC="7900" STYLEREFS="TXT_3"/>
						<SP ID="P50_SP00017" HPOS="2075" VPOS="802" WIDTH="33"/>
						<String ID="P50_ST00021" HPOS="2108" VPOS="737" WIDTH="210" HEIGHT="61" CONTENT="andere" WC="0.99" CC="340000" STYLEREFS="TXT_3"/>
						<SP ID="P50_SP00018" HPOS="2318" VPOS="802" WIDTH="33"/>
						<String ID="P50_ST00022" HPOS="2351" VPOS="737" WIDTH="283" HEIGHT="61" CONTENT="Eheleute" WC="0.98" CC="77070660" STYLEREFS="TXT_3"/>
						<SP ID="P50_SP00019" HPOS="2634" VPOS="802" WIDTH="35"/>
						<String ID="P50_ST00023" HPOS="2669" VPOS="737" WIDTH="152" HEIGHT="61" CONTENT="auch." WC="0.98" CC="00772" STYLEREFS="TXT_3"/>
						<SP ID="P50_SP00020" HPOS="2821" VPOS="802" WIDTH="35"/>
						<String ID="P50_ST00024" HPOS="2856" VPOS="737" WIDTH="143" HEIGHT="60" CONTENT="Hier" WC="0.97" CC="6306" STYLEREFS="TXT_3"/>
						<SP ID="P50_SP00021" HPOS="2999" VPOS="802" WIDTH="33"/>
						<String ID="P50_ST00025" HPOS="3032" VPOS="737" WIDTH="221" HEIGHT="62" CONTENT="steht's:" WC="0.73" CC="04002805" STYLEREFS="TXT_3"/>
						<SP ID="P50_SP00022" HPOS="3253" VPOS="802" WIDTH="35"/>
						<String ID="P50_ST00026" HPOS="3288" VPOS="740" WIDTH="136" HEIGHT="62" CONTENT="Nur" WC="0.93" CC="566" STYLEREFS="TXT_3"/>
					</TextLine>
					<TextLine ID="P50_TL00005" HPOS="1198" VPOS="828" WIDTH="2225" HEIGHT="79">
						<String ID="P50_ST00027" HPOS="1198" VPOS="834" WIDTH="132" HEIGHT="61" CONTENT="darf" WC="0.98" CC="0070" STYLEREFS="TXT_3"/>
						<SP ID="P50_SP00023" HPOS="1330" VPOS="895" WIDTH="41"/>
						<String ID="P50_ST00028" HPOS="1371" VPOS="834" WIDTH="96" HEIGHT="61" CONTENT="der" WC="0.96" CC="036" STYLEREFS="TXT_3"/>
						<SP ID="P50_SP00024" HPOS="1467" VPOS="895" WIDTH="47"/>
						<String ID="P50_ST00029" HPOS="1514" VPOS="832" WIDTH="188" HEIGHT="61" CONTENT="Mann" WC="0.99" CC="4000" STYLEREFS="TXT_3"/>
						<SP ID="P50_SP00025" HPOS="1702" VPOS="895" WIDTH="50"/>
						<String ID="P50_ST00030" HPOS="1752" VPOS="830" WIDTH="81" HEIGHT="61" CONTENT="als" WC="0.97" CC="070" STYLEREFS="TXT_3"/>
						<SP ID="P50_SP00026" HPOS="1833" VPOS="895" WIDTH="52"/>
						<String ID="P50_ST00031" HPOS="1885" VPOS="828" WIDTH="335" HEIGHT="79" CONTENT="ehemaliger" WC="0.99" CC="0000060606" STYLEREFS="TXT_3"/>
						<SP ID="P50_SP00027" HPOS="2220" VPOS="907" WIDTH="46"/>
						<String ID="P50_ST00032" HPOS="2266" VPOS="831" WIDTH="239" HEIGHT="61" CONTENT="Priester" WC="0.99" CC="06000405" STYLEREFS="TXT_3"/>
						<SP ID="P50_SP00028" HPOS="2505" VPOS="907" WIDTH="49"/>
						<String ID="P50_ST00033" HPOS="2554" VPOS="830" WIDTH="118" HEIGHT="61" CONTENT="und" WC="1.00" CC="000" STYLEREFS="TXT_3"/>
						<SP ID="P50_SP00029" HPOS="2672" VPOS="907" WIDTH="47"/>
						<String ID="P50_ST00034" HPOS="2719" VPOS="830" WIDTH="214" HEIGHT="61" CONTENT="Mönch" WC="0.99" CC="00007" STYLEREFS="TXT_3"/>
						<SP ID="P50_SP00030" HPOS="2933" VPOS="907" WIDTH="58"/>
						<String ID="P50_ST00035" HPOS="2991" VPOS="828" WIDTH="109" HEIGHT="63" CONTENT="den" WC="1.00" CC="000" STYLEREFS="TXT_3"/>
						<SP ID="P50_SP00031" HPOS="3100" VPOS="907" WIDTH="51"/>
						<String ID="P50_ST00036" HPOS="3151" VPOS="830" WIDTH="272" HEIGHT="66" CONTENT="ehelichen" WC="1.00" CC="000000000" STYLEREFS="TXT_3"/>
					</TextLine>
					<TextLine ID="P50_TL00006" HPOS="1197" VPOS="924" WIDTH="1576" HEIGHT="65">
						<String ID="P50_ST00037" HPOS="1197" VPOS="926" WIDTH="260" HEIGHT="63" CONTENT="Verkehr" WC="0.98" CC="4075205" STYLEREFS="TXT_3"/>
						<SP ID="P50_SP00032" HPOS="1457" VPOS="989" WIDTH="39"/>
						<String ID="P50_ST00038" HPOS="1496" VPOS="925" WIDTH="154" HEIGHT="61" CONTENT="wohl" WC="0.98" CC="0007" STYLEREFS="TXT_3"/>
						<SP ID="P50_SP00033" HPOS="1650" VPOS="989" WIDTH="41"/>
						<String ID="P50_ST00039" HPOS="1691" VPOS="925" WIDTH="243" HEIGHT="61" CONTENT="leisten" WC="0.99" CC="7200100" STYLEREFS="TXT_3"/>
						<SP ID="P50_SP00034" HPOS="1934" VPOS="989" WIDTH="158"/>
						<String ID="P50_ST00040" HPOS="2092" VPOS="925" WIDTH="164" HEIGHT="58" CONTENT="nicht" WC="0.99" CC="02007" STYLEREFS="TXT_3"/>
						<SP ID="P50_SP00035" HPOS="2256" VPOS="989" WIDTH="40"/>
						<String ID="P50_ST00041" HPOS="2296" VPOS="925" WIDTH="158" HEIGHT="60" CONTENT="aber" WC="0.97" CC="0706" STYLEREFS="TXT_3"/>
						<SP ID="P50_SP00036" HPOS="2454" VPOS="989" WIDTH="42"/>
						<String ID="P50_ST00042" HPOS="2496" VPOS="924" WIDTH="277" HEIGHT="62" CONTENT="fordern" WC="0.98" CC="6540060" STYLEREFS="TXT_3"/>
						<SP ID="P50_SP00037" HPOS="2773" VPOS="989" WIDTH="0"/>
					</TextLine>
					<TextLine ID="P50_TL00007" HPOS="1273" VPOS="1020" WIDTH="2154" HEIGHT="66">
						<String ID="P50_ST00043" HPOS="1273" VPOS="1020" WIDTH="57" HEIGHT="60" CONTENT="P," WC="0.77" CC="03" STYLEREFS="TXT_3"/>
						<SP ID="P50_SP00038" HPOS="1330" VPOS="1080" WIDTH="44"/>
						<String ID="P50_ST00044" HPOS="1374" VPOS="1020" WIDTH="190" HEIGHT="60" CONTENT="Pelix" WC="0.58" CC="70760" STYLEREFS="TXT_3"/>
						<SP ID="P50_SP00039" HPOS="1564" VPOS="1080" WIDTH="33"/>
						<String ID="P50_ST00045" HPOS="1597" VPOS="1027" WIDTH="141" HEIGHT="54" CONTENT="(steht" WC="1.00" CC="000200"/>
						<SP ID="P50_SP00040" HPOS="1738" VPOS="1081" WIDTH="31"/>
						<String ID="P50_ST00046" HPOS="1769" VPOS="1027" WIDTH="77" HEIGHT="57" CONTENT="da," WC="0.92" CC="964"/>
						<SP ID="P50_SP00041" HPOS="1846" VPOS="1084" WIDTH="48"/>
						<String ID="P50_ST00047" HPOS="1894" VPOS="1025" WIDTH="89" HEIGHT="49" CONTENT="sich" WC="0.97" CC="0607"/>
						<SP ID="P50_SP00042" HPOS="1983" VPOS="1084" WIDTH="39"/>
						<String ID="P50_ST00048" HPOS="2022" VPOS="1025" WIDTH="168" HEIGHT="61" CONTENT="gerade" WC="0.97" CC="957004"/>
						<SP ID="P50_SP00043" HPOS="2190" VPOS="1086" WIDTH="42"/>
						<String ID="P50_ST00049" HPOS="2232" VPOS="1025" WIDTH="115" HEIGHT="50" CONTENT="noch" WC="0.95" CC="7058"/>
						<SP ID="P50_SP00044" HPOS="2347" VPOS="1086" WIDTH="34"/>
						<String ID="P50_ST00050" HPOS="2381" VPOS="1025" WIDTH="343" HEIGHT="50" CONTENT="beherrschend." WC="0.99" CC="7595070090501"/>
						<SP ID="P50_SP00045" HPOS="2724" VPOS="1086" WIDTH="42"/>
						<String ID="P50_ST00051" HPOS="2766" VPOS="1027" WIDTH="224" HEIGHT="48" CONTENT="Ansonst" WC="0.99" CC="2604600"/>
						<SP ID="P50_SP00046" HPOS="2990" VPOS="1086" WIDTH="39"/>
						<String ID="P50_ST00052" HPOS="3029" VPOS="1027" WIDTH="114" HEIGHT="48" CONTENT="war'" WC="0.94" CC="7658"/>
						<SP ID="P50_SP00047" HPOS="3143" VPOS="1086" WIDTH="36"/>
						<String ID="P50_ST00053" HPOS="3179" VPOS="1044" WIDTH="48" HEIGHT="31" CONTENT="er" WC="0.54" CC="35"/>
						<SP ID="P50_SP00048" HPOS="3227" VPOS="1086" WIDTH="32"/>
						<String ID="P50_ST00054" HPOS="3259" VPOS="1025" WIDTH="168" HEIGHT="52" CONTENT="diesem" WC="0.98" CC="056045"/>
					</TextLine>
					<TextLine ID="P50_TL00008" HPOS="1197" VPOS="1110" WIDTH="1158" HEIGHT="61">
						<String ID="P50_ST00055" HPOS="1197" VPOS="1113" WIDTH="48" HEIGHT="48" CONTENT="P," WC="0.49" CC="54"/>
						<SP ID="P50_SP00049" HPOS="1245" VPOS="1161" WIDTH="33"/>
						<String ID="P50_ST00056" HPOS="1278" VPOS="1112" WIDTH="180" HEIGHT="49" CONTENT="Rochus" WC="0.99" CC="010760"/>
						<SP ID="P50_SP00050" HPOS="1458" VPOS="1161" WIDTH="32"/>
						<String ID="P50_ST00057" HPOS="1490" VPOS="1112" WIDTH="127" HEIGHT="49" CONTENT="wohl" WC="0.97" CC="6007"/>
						<SP ID="P50_SP00051" HPOS="1617" VPOS="1161" WIDTH="33"/>
						<String ID="P50_ST00058" HPOS="1650" VPOS="1131" WIDTH="60" HEIGHT="30" CONTENT="an" WC="1.00" CC="00"/>
						<SP ID="P50_SP00052" HPOS="1710" VPOS="1161" WIDTH="34"/>
						<String ID="P50_ST00059" HPOS="1744" VPOS="1112" WIDTH="72" HEIGHT="49" CONTENT="die" WC="0.95" CC="065"/>
						<SP ID="P50_SP00053" HPOS="1816" VPOS="1161" WIDTH="32"/>
						<String ID="P50_ST00060" HPOS="1848" VPOS="1110" WIDTH="150" HEIGHT="50" CONTENT="Kehle" WC="0.97" CC="05773"/>
						<SP ID="P50_SP00054" HPOS="1998" VPOS="1161" WIDTH="33"/>
						<String ID="P50_ST00061" HPOS="2031" VPOS="1117" WIDTH="324" HEIGHT="54" CONTENT="gesprungen)," WC="0.99" CC="000165306562"/>
					</TextLine>
					<TextLine ID="P50_TL00009" HPOS="1274" VPOS="1190" WIDTH="1461" HEIGHT="63">
						<String ID="P50_ST00062" HPOS="1274" VPOS="1190" WIDTH="424" HEIGHT="63" CONTENT="Helmtrudis" WC="0.77" CC="2270060030" STYLEREFS="TXT_3"/>
						<SP ID="P50_SP00055" HPOS="1698" VPOS="1253" WIDTH="36"/>
						<String ID="P50_ST00063" HPOS="1734" VPOS="1197" WIDTH="139" HEIGHT="56" CONTENT="&lt;sieht" WC="0.70" CC="505600"/>
						<SP ID="P50_SP00056" HPOS="1873" VPOS="1253" WIDTH="32"/>
						<String ID="P50_ST00064" HPOS="1905" VPOS="1203" WIDTH="89" HEIGHT="43" CONTENT="wie" WC="0.95" CC="076"/>
						<SP ID="P50_SP00057" HPOS="1994" VPOS="1253" WIDTH="34"/>
						<String ID="P50_ST00065" HPOS="2028" VPOS="1203" WIDTH="46" HEIGHT="42" CONTENT="in" WC="0.65" CC="60"/>
						<SP ID="P50_SP00058" HPOS="2074" VPOS="1253" WIDTH="33"/>
						<String ID="P50_ST00066" HPOS="2107" VPOS="1202" WIDTH="149" HEIGHT="44" CONTENT="einem" WC="0.98" CC="56005"/>
						<SP ID="P50_SP00059" HPOS="2256" VPOS="1253" WIDTH="33"/>
						<String ID="P50_ST00067" HPOS="2289" VPOS="1196" WIDTH="178" HEIGHT="50" CONTENT="Traum" WC="0.96" CC="57960"/>
						<SP ID="P50_SP00060" HPOS="2467" VPOS="1253" WIDTH="33"/>
						<String ID="P50_ST00068" HPOS="2500" VPOS="1216" WIDTH="80" HEIGHT="30" CONTENT="um" WC="0.69" CC="60"/>
						<SP ID="P50_SP00061" HPOS="2580" VPOS="1253" WIDTH="31"/>
						<String ID="P50_ST00069" HPOS="2611" VPOS="1197" WIDTH="124" HEIGHT="56" CONTENT="sich)," WC="0.99" CC="060700"/>
					</TextLine>
					<TextLine ID="P50_TL00010" HPOS="1274" VPOS="1283" WIDTH="2150" HEIGHT="69">
						<String ID="P50_ST00070" HPOS="1274" VPOS="1284" WIDTH="57" HEIGHT="60" CONTENT="P." WC="0.83" CC="03" STYLEREFS="TXT_4"/>
						<SP ID="P50_SP00062" HPOS="1331" VPOS="1344" WIDTH="43"/>
						<String ID="P50_ST00071" HPOS="1374" VPOS="1283" WIDTH="193" HEIGHT="61" CONTENT="Pelix" WC="0.52" CC="67620" STYLEREFS="TXT_3"/>
						<SP ID="P50_SP00063" HPOS="1567" VPOS="1344" WIDTH="33"/>
						<String ID="P50_ST00072" HPOS="1600" VPOS="1291" WIDTH="101" HEIGHT="56" CONTENT="&lt;der" WC="0.63" CC="5035"/>
						<SP ID="P50_SP00064" HPOS="1701" VPOS="1347" WIDTH="21"/>
						<String ID="P50_ST00073" HPOS="1722" VPOS="1291" WIDTH="138" HEIGHT="49" CONTENT="Zorn" WC="0.96" CC="6360"/>
						<SP ID="P50_SP00065" HPOS="1860" VPOS="1347" WIDTH="31"/>
						<String ID="P50_ST00074" HPOS="1891" VPOS="1289" WIDTH="94" HEIGHT="61" CONTENT="legt" WC="0.97" CC="7600"/>
						<SP ID="P50_SP00066" HPOS="1985" VPOS="1350" WIDTH="32"/>
						<String ID="P50_ST00075" HPOS="2017" VPOS="1289" WIDTH="103" HEIGHT="50" CONTENT="sich." WC="0.99" CC="04004"/>
						<SP ID="P50_SP00067" HPOS="2120" VPOS="1350" WIDTH="35"/>
						<String ID="P50_ST00076" HPOS="2155" VPOS="1289" WIDTH="70" HEIGHT="50" CONTENT="Er" WC="0.71" CC="50"/>
						<SP ID="P50_SP00068" HPOS="2225" VPOS="1350" WIDTH="32"/>
						<String ID="P50_ST00077" HPOS="2257" VPOS="1291" WIDTH="178" HEIGHT="48" CONTENT="kommt" WC="0.98" CC="60060"/>
						<SP ID="P50_SP00069" HPOS="2435" VPOS="1350" WIDTH="23"/>
						<String ID="P50_ST00078" HPOS="2458" VPOS="1291" WIDTH="174" HEIGHT="49" CONTENT="wieder" WC="0.98" CC="004066"/>
						<SP ID="P50_SP00070" HPOS="2632" VPOS="1350" WIDTH="24"/>
						<String ID="P50_ST00079" HPOS="2656" VPOS="1310" WIDTH="84" HEIGHT="29" CONTENT="zur" WC="0.93" CC="665"/>
						<SP ID="P50_SP00071" HPOS="2740" VPOS="1350" WIDTH="16"/>
						<String ID="P50_ST00080" HPOS="2756" VPOS="1292" WIDTH="248" HEIGHT="48" CONTENT="Vernunft." WC="0.99" CC="061066604"/>
						<SP ID="P50_SP00072" HPOS="3004" VPOS="1350" WIDTH="35"/>
						<String ID="P50_ST00081" HPOS="3039" VPOS="1291" WIDTH="69" HEIGHT="48" CONTENT="Er" WC="0.50" CC="45"/>
						<SP ID="P50_SP00073" HPOS="3108" VPOS="1350" WIDTH="20"/>
						<String ID="P50_ST00082" HPOS="3128" VPOS="1291" WIDTH="191" HEIGHT="61" CONTENT="begreift" WC="0.98" CC="74066050"/>
						<SP ID="P50_SP00074" HPOS="3319" VPOS="1352" WIDTH="21"/>
						<String ID="P50_ST00083" HPOS="3340" VPOS="1292" WIDTH="84" HEIGHT="51" CONTENT="den" WC="0.96" CC="046"/>
					</TextLine>
					<TextLine ID="P50_TL00011" HPOS="1199" VPOS="1368" WIDTH="2228" HEIGHT="62">
						<String ID="P50_ST00084" HPOS="1199" VPOS="1370" WIDTH="333" HEIGHT="60" CONTENT="vorgelesenen" WC="0.99" CC="002027505541"/>
						<SP ID="P50_SP00075" HPOS="1532" VPOS="1430" WIDTH="23"/>
						<String ID="P50_ST00085" HPOS="1555" VPOS="1371" WIDTH="188" HEIGHT="56" CONTENT="Passus," WC="0.99" CC="0600503"/>
						<SP ID="P50_SP00076" HPOS="1743" VPOS="1430" WIDTH="33"/>
						<String ID="P50_ST00086" HPOS="1776" VPOS="1389" WIDTH="59" HEIGHT="31" CONTENT="an" WC="0.38" CC="56"/>
						<SP ID="P50_SP00077" HPOS="1835" VPOS="1430" WIDTH="35"/>
						<String ID="P50_ST00087" HPOS="1870" VPOS="1368" WIDTH="91" HEIGHT="50" CONTENT="den" WC="0.98" CC="050"/>
						<SP ID="P50_SP00078" HPOS="1961" VPOS="1430" WIDTH="33"/>
						<String ID="P50_ST00088" HPOS="1994" VPOS="1386" WIDTH="48" HEIGHT="32" CONTENT="er" WC="0.41" CC="47"/>
						<SP ID="P50_SP00079" HPOS="2042" VPOS="1430" WIDTH="32"/>
						<String ID="P50_ST00089" HPOS="2074" VPOS="1370" WIDTH="89" HEIGHT="49" CONTENT="sich" WC="0.95" CC="0767"/>
						<SP ID="P50_SP00080" HPOS="2163" VPOS="1430" WIDTH="32"/>
						<String ID="P50_ST00090" HPOS="2195" VPOS="1387" WIDTH="96" HEIGHT="31" CONTENT="nun" WC="0.93" CC="566"/>
						<SP ID="P50_SP00081" HPOS="2291" VPOS="1430" WIDTH="33"/>
						<String ID="P50_ST00091" HPOS="2324" VPOS="1370" WIDTH="113" HEIGHT="48" CONTENT="doch" WC="0.98" CC="0007"/>
						<SP ID="P50_SP00082" HPOS="2437" VPOS="1430" WIDTH="35"/>
						<String ID="P50_ST00092" HPOS="2472" VPOS="1387" WIDTH="85" HEIGHT="32" CONTENT="aus" WC="0.95" CC="650"/>
						<SP ID="P50_SP00083" HPOS="2557" VPOS="1430" WIDTH="24"/>
						<String ID="P50_ST00093" HPOS="2581" VPOS="1368" WIDTH="80" HEIGHT="51" CONTENT="der" WC="0.96" CC="046"/>
						<SP ID="P50_SP00084" HPOS="2661" VPOS="1430" WIDTH="23"/>
						<String ID="P50_ST00094" HPOS="2684" VPOS="1370" WIDTH="283" HEIGHT="49" CONTENT="Studienzeit" WC="0.99" CC="00505406540"/>
						<SP ID="P50_SP00085" HPOS="2967" VPOS="1430" WIDTH="32"/>
						<String ID="P50_ST00095" HPOS="2999" VPOS="1376" WIDTH="211" HEIGHT="43" CONTENT="erinnert," WC="0.99" CC="606020603"/>
						<SP ID="P50_SP00086" HPOS="3210" VPOS="1430" WIDTH="107"/>
						<String ID="P50_ST00096" HPOS="3317" VPOS="1371" WIDTH="110" HEIGHT="51" CONTENT="Wie" WC="0.93" CC="765"/>
					</TextLine>
					<TextLine ID="P50_TL00012" HPOS="1199" VPOS="1447" WIDTH="2226" HEIGHT="71">
						<String ID="P50_ST00097" HPOS="1199" VPOS="1456" WIDTH="315" HEIGHT="56" CONTENT="mechanisch):" WC="0.99" CC="000735600002"/>
						<SP ID="P50_SP00087" HPOS="1514" VPOS="1512" WIDTH="24"/>
						<String ID="P50_ST00098" HPOS="1538" VPOS="1448" WIDTH="150" HEIGHT="61" CONTENT="Nun" WC="0.95" CC="760" STYLEREFS="TXT_3"/>
						<SP ID="P50_SP00088" HPOS="1688" VPOS="1512" WIDTH="20"/>
						<String ID="P50_ST00099" HPOS="1708" VPOS="1495" WIDTH="83" HEIGHT="14" CONTENT="..." WC="0.57" CC="444" STYLEREFS="TXT_3"/>
						<SP ID="P50_SP00089" HPOS="1791" VPOS="1512" WIDTH="30"/>
						<String ID="P50_ST00100" HPOS="1821" VPOS="1460" WIDTH="115" HEIGHT="58" CONTENT="&lt;wie" WC="0.57" CC="6064"/>
						<SP ID="P50_SP00090" HPOS="1936" VPOS="1518" WIDTH="25"/>
						<String ID="P50_ST00101" HPOS="1961" VPOS="1474" WIDTH="62" HEIGHT="30" CONTENT="zu" WC="0.66" CC="60"/>
						<SP ID="P50_SP00091" HPOS="2023" VPOS="1518" WIDTH="22"/>
						<String ID="P50_ST00102" HPOS="2045" VPOS="1455" WIDTH="151" HEIGHT="49" CONTENT="lauter" WC="0.98" CC="752006"/>
						<SP ID="P50_SP00092" HPOS="2196" VPOS="1518" WIDTH="17"/>
						<String ID="P50_ST00103" HPOS="2213" VPOS="1455" WIDTH="419" HEIGHT="61" CONTENT="Schwerhörigen):" WC="0.99" CC="007064744606004"/>
						<SP ID="P50_SP00093" HPOS="2632" VPOS="1518" WIDTH="24"/>
						<String ID="P50_ST00104" HPOS="2656" VPOS="1447" WIDTH="134" HEIGHT="61" CONTENT="lebt" WC="1.00" CC="0000" STYLEREFS="TXT_3"/>
						<SP ID="P50_SP00094" HPOS="2790" VPOS="1518" WIDTH="25"/>
						<String ID="P50_ST00105" HPOS="2815" VPOS="1447" WIDTH="196" HEIGHT="71" CONTENT="wohl," WC="0.97" CC="01674" STYLEREFS="TXT_3"/>
						<SP ID="P50_SP00095" HPOS="3011" VPOS="1518" WIDTH="26"/>
						<String ID="P50_ST00106" HPOS="3037" VPOS="1447" WIDTH="256" HEIGHT="61" CONTENT="Brüder" WC="0.99" CC="160006" STYLEREFS="TXT_3"/>
						<SP ID="P50_SP00096" HPOS="3293" VPOS="1518" WIDTH="19"/>
						<String ID="P50_ST00107" HPOS="3312" VPOS="1451" WIDTH="113" HEIGHT="59" CONTENT="—!!" WC="0.95" CC="804" STYLEREFS="TXT_3"/>
					</TextLine>
					<TextLine ID="P50_TL00013" HPOS="1203" VPOS="1540" WIDTH="2224" HEIGHT="62">
						<String ID="P50_ST00108" HPOS="1203" VPOS="1542" WIDTH="89" HEIGHT="55" CONTENT="&lt;Er" WC="0.43" CC="637"/>
						<SP ID="P50_SP00097" HPOS="1292" VPOS="1597" WIDTH="39"/>
						<String ID="P50_ST00109" HPOS="1331" VPOS="1541" WIDTH="97" HEIGHT="61" CONTENT="gibt" WC="0.97" CC="0671"/>
						<SP ID="P50_SP00098" HPOS="1428" VPOS="1602" WIDTH="38"/>
						<String ID="P50_ST00110" HPOS="1466" VPOS="1554" WIDTH="95" HEIGHT="36" CONTENT="erst" WC="0.99" CC="2400"/>
						<SP ID="P50_SP00099" HPOS="1561" VPOS="1602" WIDTH="32"/>
						<String ID="P50_ST00111" HPOS="1593" VPOS="1542" WIDTH="48" HEIGHT="48" CONTENT="P," WC="0.78" CC="04"/>
						<SP ID="P50_SP00100" HPOS="1641" VPOS="1602" WIDTH="34"/>
						<String ID="P50_ST00112" HPOS="1675" VPOS="1541" WIDTH="186" HEIGHT="49" CONTENT="Rochus" WC="0.99" CC="000750"/>
						<SP ID="P50_SP00101" HPOS="1861" VPOS="1602" WIDTH="42"/>
						<String ID="P50_ST00113" HPOS="1903" VPOS="1540" WIDTH="75" HEIGHT="49" CONTENT="die" WC="0.96" CC="065"/>
						<SP ID="P50_SP00102" HPOS="1978" VPOS="1602" WIDTH="31"/>
						<String ID="P50_ST00114" HPOS="2009" VPOS="1540" WIDTH="158" HEIGHT="49" CONTENT="Hand," WC="0.97" CC="66502"/>
						<SP ID="P50_SP00103" HPOS="2167" VPOS="1602" WIDTH="42"/>
						<String ID="P50_ST00115" HPOS="2209" VPOS="1541" WIDTH="142" HEIGHT="48" CONTENT="Dann" WC="0.98" CC="0430"/>
						<SP ID="P50_SP00104" HPOS="2351" VPOS="1602" WIDTH="32"/>
						<String ID="P50_ST00116" HPOS="2383" VPOS="1540" WIDTH="48" HEIGHT="49" CONTENT="P." WC="0.64" CC="24"/>
						<SP ID="P50_SP00105" HPOS="2431" VPOS="1602" WIDTH="36"/>
						<String ID="P50_ST00117" HPOS="2467" VPOS="1540" WIDTH="282" HEIGHT="58" CONTENT="Konradus," WC="0.74" CC="000670504"/>
						<SP ID="P50_SP00106" HPOS="2749" VPOS="1602" WIDTH="39"/>
						<String ID="P50_ST00118" HPOS="2788" VPOS="1541" WIDTH="47" HEIGHT="48" CONTENT="P." WC="0.60" CC="43"/>
						<SP ID="P50_SP00107" HPOS="2835" VPOS="1602" WIDTH="35"/>
						<String ID="P50_ST00119" HPOS="2870" VPOS="1542" WIDTH="181" HEIGHT="57" CONTENT="Bruno," WC="0.97" CC="045763"/>
						<SP ID="P50_SP00108" HPOS="3051" VPOS="1602" WIDTH="39"/>
						<String ID="P50_ST00120" HPOS="3090" VPOS="1541" WIDTH="48" HEIGHT="48" CONTENT="P." WC="0.72" CC="14"/>
						<SP ID="P50_SP00109" HPOS="3138" VPOS="1602" WIDTH="37"/>
						<String ID="P50_ST00121" HPOS="3175" VPOS="1541" WIDTH="252" HEIGHT="51" CONTENT="Oswaldus" WC="0.83" CC="00007060"/>
					</TextLine>
					<TextLine ID="P50_TL00014" HPOS="1202" VPOS="1617" WIDTH="2226" HEIGHT="60">
						<String ID="P50_ST00122" HPOS="1202" VPOS="1620" WIDTH="96" HEIGHT="49" CONTENT="und" WC="0.97" CC="620"/>
						<SP ID="P50_SP00110" HPOS="1298" VPOS="1669" WIDTH="31"/>
						<String ID="P50_ST00123" HPOS="1329" VPOS="1621" WIDTH="45" HEIGHT="48" CONTENT="P," WC="0.76" CC="22"/>
						<SP ID="P50_SP00111" HPOS="1374" VPOS="1669" WIDTH="26"/>
						<String ID="P50_ST00124" HPOS="1400" VPOS="1621" WIDTH="264" HEIGHT="48" CONTENT="Evaristus," WC="0.73" CC="5060400504"/>
						<SP ID="P50_SP00112" HPOS="1664" VPOS="1669" WIDTH="37"/>
						<String ID="P50_ST00125" HPOS="1701" VPOS="1620" WIDTH="204" HEIGHT="48" CONTENT="Hierauf" WC="0.97" CC="3646555"/>
						<SP ID="P50_SP00113" HPOS="1905" VPOS="1669" WIDTH="29"/>
						<String ID="P50_ST00126" HPOS="1934" VPOS="1620" WIDTH="46" HEIGHT="48" CONTENT="P." WC="0.92" CC="10"/>
						<SP ID="P50_SP00114" HPOS="1980" VPOS="1669" WIDTH="26"/>
						<String ID="P50_ST00127" HPOS="2006" VPOS="1617" WIDTH="316" HEIGHT="60" CONTENT="Burkhardus," WC="0.59" CC="04447650603"/>
						<SP ID="P50_SP00115" HPOS="2322" VPOS="1677" WIDTH="33"/>
						<String ID="P50_ST00128" HPOS="2355" VPOS="1618" WIDTH="79" HEIGHT="49" CONTENT="der" WC="0.97" CC="006"/>
						<SP ID="P50_SP00116" HPOS="2434" VPOS="1677" WIDTH="31"/>
						<String ID="P50_ST00129" HPOS="2465" VPOS="1618" WIDTH="78" HEIGHT="49" CONTENT="ihn" WC="0.96" CC="064"/>
						<SP ID="P50_SP00117" HPOS="2543" VPOS="1677" WIDTH="34"/>
						<String ID="P50_ST00130" HPOS="2577" VPOS="1637" WIDTH="60" HEIGHT="30" CONTENT="an" WC="0.67" CC="42"/>
						<SP ID="P50_SP00118" HPOS="2637" VPOS="1677" WIDTH="33"/>
						<String ID="P50_ST00131" HPOS="2670" VPOS="1618" WIDTH="89" HEIGHT="50" CONTENT="sich" WC="0.99" CC="0600"/>
						<SP ID="P50_SP00119" HPOS="2759" VPOS="1677" WIDTH="33"/>
						<String ID="P50_ST00132" HPOS="2792" VPOS="1618" WIDTH="122" HEIGHT="50" CONTENT="zieht" WC="0.98" CC="75500"/>
						<SP ID="P50_SP00120" HPOS="2914" VPOS="1677" WIDTH="31"/>
						<String ID="P50_ST00133" HPOS="2945" VPOS="1618" WIDTH="97" HEIGHT="50" CONTENT="und" WC="0.98" CC="400"/>
						<SP ID="P50_SP00121" HPOS="3042" VPOS="1677" WIDTH="32"/>
						<String ID="P50_ST00134" HPOS="3074" VPOS="1630" WIDTH="94" HEIGHT="38" CONTENT="erst" WC="0.99" CC="0500"/>
						<SP ID="P50_SP00122" HPOS="3168" VPOS="1677" WIDTH="33"/>
						<String ID="P50_ST00135" HPOS="3201" VPOS="1620" WIDTH="85" HEIGHT="48" CONTENT="auf" WC="0.96" CC="046"/>
						<SP ID="P50_SP00123" HPOS="3286" VPOS="1677" WIDTH="16"/>
						<String ID="P50_ST00136" HPOS="3302" VPOS="1618" WIDTH="126" HEIGHT="51" CONTENT="beide" WC="0.98" CC="74201"/>
					</TextLine>
					<TextLine ID="P50_TL00015" HPOS="1202" VPOS="1696" WIDTH="2225" HEIGHT="62">
						<String ID="P50_ST00137" HPOS="1202" VPOS="1698" WIDTH="223" HEIGHT="60" CONTENT="Wangen" WC="0.96" CC="967966"/>
						<SP ID="P50_SP00124" HPOS="1425" VPOS="1758" WIDTH="33"/>
						<String ID="P50_ST00138" HPOS="1458" VPOS="1697" WIDTH="97" HEIGHT="50" CONTENT="und" WC="0.98" CC="400"/>
						<SP ID="P50_SP00125" HPOS="1555" VPOS="1758" WIDTH="31"/>
						<String ID="P50_ST00139" HPOS="1586" VPOS="1697" WIDTH="124" HEIGHT="50" CONTENT="dann" WC="0.97" CC="0650"/>
						<SP ID="P50_SP00126" HPOS="1710" VPOS="1758" WIDTH="35"/>
						<String ID="P50_ST00140" HPOS="1745" VPOS="1698" WIDTH="85" HEIGHT="49" CONTENT="auf" WC="0.96" CC="064"/>
						<SP ID="P50_SP00127" HPOS="1830" VPOS="1758" WIDTH="27"/>
						<String ID="P50_ST00141" HPOS="1857" VPOS="1696" WIDTH="89" HEIGHT="51" CONTENT="den" WC="0.98" CC="042"/>
						<SP ID="P50_SP00128" HPOS="1946" VPOS="1758" WIDTH="34"/>
						<String ID="P50_ST00142" HPOS="1980" VPOS="1696" WIDTH="158" HEIGHT="51" CONTENT="Mund" WC="0.99" CC="5000"/>
						<SP ID="P50_SP00129" HPOS="2138" VPOS="1758" WIDTH="33"/>
						<String ID="P50_ST00143" HPOS="2171" VPOS="1696" WIDTH="127" HEIGHT="49" CONTENT="küßt." WC="0.99" CC="00203"/>
						<SP ID="P50_SP00130" HPOS="2298" VPOS="1758" WIDTH="33"/>
						<String ID="P50_ST00144" HPOS="2331" VPOS="1696" WIDTH="193" HEIGHT="49" CONTENT="Zuletzt" WC="0.98" CC="9575060"/>
						<SP ID="P50_SP00131" HPOS="2524" VPOS="1758" WIDTH="31"/>
						<String ID="P50_ST00145" HPOS="2555" VPOS="1697" WIDTH="47" HEIGHT="48" CONTENT="P." WC="0.83" CC="30"/>
						<SP ID="P50_SP00132" HPOS="2602" VPOS="1758" WIDTH="26"/>
						<String ID="P50_ST00146" HPOS="2628" VPOS="1696" WIDTH="296" HEIGHT="58" CONTENT="Edmundus," WC="0.73" CC="300550504"/>
						<SP ID="P50_SP00133" HPOS="2924" VPOS="1758" WIDTH="32"/>
						<String ID="P50_ST00147" HPOS="2956" VPOS="1697" WIDTH="80" HEIGHT="50" CONTENT="der" WC="0.95" CC="066"/>
						<SP ID="P50_SP00134" HPOS="3036" VPOS="1758" WIDTH="19"/>
						<String ID="P50_ST00148" HPOS="3055" VPOS="1696" WIDTH="100" HEIGHT="49" CONTENT="laut" WC="0.96" CC="7660"/>
						<SP ID="P50_SP00135" HPOS="3155" VPOS="1758" WIDTH="22"/>
						<String ID="P50_ST00149" HPOS="3177" VPOS="1697" WIDTH="250" HEIGHT="57" CONTENT="aufweint.)" WC="0.99" CC="0500650030"/>
					</TextLine>
					<TextLine ID="P50_TL00016" HPOS="1277" VPOS="1775" WIDTH="1891" HEIGHT="68">
						<String ID="P50_ST00150" HPOS="1277" VPOS="1775" WIDTH="422" HEIGHT="62" CONTENT="Helmtrudis" WC="0.58" CC="7660266050" STYLEREFS="TXT_3"/>
						<SP ID="P50_SP00136" HPOS="1699" VPOS="1837" WIDTH="51"/>
						<String ID="P50_ST00151" HPOS="1750" VPOS="1787" WIDTH="231" HEIGHT="55" CONTENT="&lt;verneigt" WC="0.66" CC="406650700"/>
						<SP ID="P50_SP00137" HPOS="1981" VPOS="1842" WIDTH="32"/>
						<String ID="P50_ST00152" HPOS="2013" VPOS="1781" WIDTH="90" HEIGHT="50" CONTENT="sich" WC="1.00" CC="0000"/>
						<SP ID="P50_SP00138" HPOS="2103" VPOS="1842" WIDTH="32"/>
						<String ID="P50_ST00153" HPOS="2135" VPOS="1800" WIDTH="88" HEIGHT="31" CONTENT="vor" WC="0.97" CC="016"/>
						<SP ID="P50_SP00139" HPOS="2223" VPOS="1842" WIDTH="31"/>
						<String ID="P50_ST00154" HPOS="2254" VPOS="1781" WIDTH="120" HEIGHT="50" CONTENT="allen" WC="0.96" CC="67706"/>
						<SP ID="P50_SP00140" HPOS="2374" VPOS="1842" WIDTH="34"/>
						<String ID="P50_ST00155" HPOS="2408" VPOS="1787" WIDTH="83" HEIGHT="44" CONTENT="mit" WC="0.95" CC="065"/>
						<SP ID="P50_SP00141" HPOS="2491" VPOS="1842" WIDTH="31"/>
						<String ID="P50_ST00156" HPOS="2522" VPOS="1787" WIDTH="152" HEIGHT="45" CONTENT="einem" WC="0.98" CC="35020"/>
						<SP ID="P50_SP00142" HPOS="2674" VPOS="1842" WIDTH="33"/>
						<String ID="P50_ST00157" HPOS="2707" VPOS="1787" WIDTH="208" HEIGHT="56" CONTENT="einzigen" WC="0.98" CC="37467030"/>
						<SP ID="P50_SP00143" HPOS="2915" VPOS="1843" WIDTH="32"/>
						<String ID="P50_ST00158" HPOS="2947" VPOS="1782" WIDTH="221" HEIGHT="61" CONTENT="Neigen)." WC="0.99" CC="20005104"/>
					</TextLine>
					<TextLine ID="P50_TL00017" HPOS="1278" VPOS="1869" WIDTH="1039" HEIGHT="62">
						<String ID="P50_ST00159" HPOS="1278" VPOS="1869" WIDTH="57" HEIGHT="61" CONTENT="P," WC="0.68" CC="33" STYLEREFS="TXT_3"/>
						<SP ID="P50_SP00144" HPOS="1335" VPOS="1930" WIDTH="43"/>
						<String ID="P50_ST00160" HPOS="1378" VPOS="1869" WIDTH="193" HEIGHT="61" CONTENT="Pelix" WC="0.68" CC="70710" STYLEREFS="TXT_3"/>
						<SP ID="P50_SP00145" HPOS="1571" VPOS="1930" WIDTH="42"/>
						<String ID="P50_ST00161" HPOS="1613" VPOS="1876" WIDTH="147" HEIGHT="55" CONTENT="&lt;führt" WC="0.56" CC="650760"/>
						<SP ID="P50_SP00146" HPOS="1760" VPOS="1931" WIDTH="32"/>
						<String ID="P50_ST00162" HPOS="1792" VPOS="1875" WIDTH="290" HEIGHT="51" CONTENT="Helmtrudis" WC="0.73" CC="5670000060"/>
						<SP ID="P50_SP00147" HPOS="2082" VPOS="1931" WIDTH="32"/>
						<String ID="P50_ST00163" HPOS="2114" VPOS="1876" WIDTH="203" HEIGHT="55" CONTENT="hinaus)," WC="0.99" CC="77000003"/>
					</TextLine>
					<TextLine ID="P50_TL00018" HPOS="1279" VPOS="1963" WIDTH="893" HEIGHT="63">
						<String ID="P50_ST00164" HPOS="1279" VPOS="1963" WIDTH="57" HEIGHT="59" CONTENT="P." WC="0.72" CC="13" STYLEREFS="TXT_3"/>
						<SP ID="P50_SP00148" HPOS="1336" VPOS="2022" WIDTH="42"/>
						<String ID="P50_ST00165" HPOS="1378" VPOS="1963" WIDTH="405" HEIGHT="61" CONTENT="Edmundus" WC="0.70" CC="70064050" STYLEREFS="TXT_3"/>
						<SP ID="P50_SP00149" HPOS="1783" VPOS="2024" WIDTH="43"/>
						<String ID="P50_ST00166" HPOS="1826" VPOS="1970" WIDTH="182" HEIGHT="56" CONTENT="&lt;schreit" WC="0.61" CC="40077660"/>
						<SP ID="P50_SP00150" HPOS="2008" VPOS="2026" WIDTH="32"/>
						<String ID="P50_ST00167" HPOS="2040" VPOS="1969" WIDTH="132" HEIGHT="57" CONTENT="laut)," WC="0.98" CC="066003"/>
					</TextLine>
					<TextLine ID="P50_TL00019" HPOS="1868" VPOS="2144" WIDTH="907" HEIGHT="61">
						<String ID="P50_ST00168" HPOS="1868" VPOS="2144" WIDTH="431" HEIGHT="57" CONTENT="NEUNTER" WC="0.98" CC="3460640"/>
						<SP ID="P50_SP00151" HPOS="2299" VPOS="2201" WIDTH="46"/>
						<String ID="P50_ST00169" HPOS="2345" VPOS="2145" WIDTH="430" HEIGHT="60" CONTENT="AUFTRITT" WC="0.98" CC="05560456"/>
					</TextLine>
					<TextLine ID="P50_TL00020" HPOS="1600" VPOS="2233" WIDTH="1453" HEIGHT="61">
						<String ID="P50_ST00170" HPOS="1600" VPOS="2234" WIDTH="107" HEIGHT="49" CONTENT="Die" WC="0.96" CC="262"/>
						<SP ID="P50_SP00152" HPOS="1707" VPOS="2283" WIDTH="33"/>
						<String ID="P50_ST00171" HPOS="1740" VPOS="2233" WIDTH="268" HEIGHT="61" CONTENT="Vorigen," WC="0.99" CC="00570541"/>
						<SP ID="P50_SP00153" HPOS="2008" VPOS="2294" WIDTH="53"/>
						<String ID="P50_ST00172" HPOS="2061" VPOS="2233" WIDTH="164" HEIGHT="50" CONTENT="Ohne" WC="0.99" CC="0005"/>
						<SP ID="P50_SP00154" HPOS="2225" VPOS="2294" WIDTH="32"/>
						<String ID="P50_ST00173" HPOS="2257" VPOS="2233" WIDTH="48" HEIGHT="48" CONTENT="P." WC="0.83" CC="03"/>
						<SP ID="P50_SP00155" HPOS="2305" VPOS="2294" WIDTH="35"/>
						<String ID="P50_ST00174" HPOS="2340" VPOS="2233" WIDTH="165" HEIGHT="50" CONTENT="Felix" WC="0.97" CC="24760"/>
						<SP ID="P50_SP00156" HPOS="2505" VPOS="2294" WIDTH="31"/>
						<String ID="P50_ST00175" HPOS="2536" VPOS="2233" WIDTH="113" HEIGHT="50" CONTENT="und" WC="0.97" CC="060"/>
						<SP ID="P50_SP00157" HPOS="2649" VPOS="2294" WIDTH="31"/>
						<String ID="P50_ST00176" HPOS="2680" VPOS="2233" WIDTH="373" HEIGHT="51" CONTENT="Helmtrudis," WC="0.83" CC="52600000004"/>
					</TextLine>
					<TextLine ID="P50_TL00021" HPOS="1277" VPOS="2311" WIDTH="2148" HEIGHT="75">
						<String ID="P50_ST00177" HPOS="1277" VPOS="2313" WIDTH="58" HEIGHT="61" CONTENT="P." WC="0.65" CC="23"/>
						<SP ID="P50_SP00158" HPOS="1335" VPOS="2374" WIDTH="38"/>
						<String ID="P50_ST00178" HPOS="1373" VPOS="2312" WIDTH="356" HEIGHT="62" CONTENT="Guardian" WC="0.98" CC="66570066" STYLEREFS="TXT_3"/>
						<SP ID="P50_SP00159" HPOS="1729" VPOS="2374" WIDTH="37"/>
						<String ID="P50_ST00179" HPOS="1766" VPOS="2318" WIDTH="303" HEIGHT="56" CONTENT="(befehlend):" WC="0.99" CC="974660034000"/>
						<SP ID="P50_SP00160" HPOS="2069" VPOS="2374" WIDTH="36"/>
						<String ID="P50_ST00180" HPOS="2105" VPOS="2312" WIDTH="176" HEIGHT="70" CONTENT="Betet," WC="0.99" CC="004604" STYLEREFS="TXT_3"/>
						<SP ID="P50_SP00161" HPOS="2281" VPOS="2382" WIDTH="34"/>
						<String ID="P50_ST00181" HPOS="2315" VPOS="2311" WIDTH="83" HEIGHT="61" CONTENT="ihr" WC="0.98" CC="006" STYLEREFS="TXT_3"/>
						<SP ID="P50_SP00162" HPOS="2398" VPOS="2382" WIDTH="32"/>
						<String ID="P50_ST00182" HPOS="2430" VPOS="2311" WIDTH="236" HEIGHT="71" CONTENT="Brüder," WC="0.99" CC="0400064" STYLEREFS="TXT_3"/>
						<SP ID="P50_SP00163" HPOS="2666" VPOS="2382" WIDTH="33"/>
						<String ID="P50_ST00183" HPOS="2699" VPOS="2312" WIDTH="90" HEIGHT="60" CONTENT="für" WC="0.96" CC="306" STYLEREFS="TXT_3"/>
						<SP ID="P50_SP00164" HPOS="2789" VPOS="2382" WIDTH="32"/>
						<String ID="P50_ST00184" HPOS="2821" VPOS="2312" WIDTH="218" HEIGHT="61" CONTENT="Bruder" WC="0.99" CC="105005" STYLEREFS="TXT_3"/>
						<SP ID="P50_SP00165" HPOS="3039" VPOS="2382" WIDTH="31"/>
						<String ID="P50_ST00185" HPOS="3070" VPOS="2312" WIDTH="162" HEIGHT="62" CONTENT="Felix" WC="0.98" CC="40650" STYLEREFS="TXT_3"/>
						<SP ID="P50_SP00166" HPOS="3232" VPOS="2382" WIDTH="31"/>
						<String ID="P50_ST00186" HPOS="3263" VPOS="2313" WIDTH="162" HEIGHT="73" CONTENT="betet," WC="0.97" CC="741454" STYLEREFS="TXT_3"/>
					</TextLine>
					<TextLine ID="P50_TL00022" HPOS="1203" VPOS="2403" WIDTH="2221" HEIGHT="71">
						<String ID="P50_ST00187" HPOS="1203" VPOS="2406" WIDTH="98" HEIGHT="61" CONTENT="der" WC="0.97" CC="006" STYLEREFS="TXT_3"/>
						<SP ID="P50_SP00167" HPOS="1301" VPOS="2467" WIDTH="40"/>
						<String ID="P50_ST00188" HPOS="1341" VPOS="2429" WIDTH="107" HEIGHT="38" CONTENT="uns" WC="1.00" CC="000" STYLEREFS="TXT_3"/>
						<SP ID="P50_SP00168" HPOS="1448" VPOS="2467" WIDTH="39"/>
						<String ID="P50_ST00189" HPOS="1487" VPOS="2403" WIDTH="234" HEIGHT="64" CONTENT="verläßt," WC="0.99" CC="20670303" STYLEREFS="TXT_3"/>
						<SP ID="P50_SP00169" HPOS="1721" VPOS="2467" WIDTH="52"/>
						<String ID="P50_ST00190" HPOS="1773" VPOS="2403" WIDTH="219" HEIGHT="61" CONTENT="Bruder" WC="0.99" CC="060006" STYLEREFS="TXT_3"/>
						<SP ID="P50_SP00170" HPOS="1992" VPOS="2467" WIDTH="39"/>
						<String ID="P50_ST00191" HPOS="2031" VPOS="2403" WIDTH="375" HEIGHT="71" CONTENT="Edmundus," WC="0.73" CC="700650004" STYLEREFS="TXT_3"/>
						<SP ID="P50_SP00171" HPOS="2406" VPOS="2474" WIDTH="48"/>
						<String ID="P50_ST00192" HPOS="2454" VPOS="2403" WIDTH="145" HEIGHT="63" CONTENT="hebe" WC="0.98" CC="7000" STYLEREFS="TXT_3"/>
						<SP ID="P50_SP00172" HPOS="2599" VPOS="2474" WIDTH="42"/>
						<String ID="P50_ST00193" HPOS="2641" VPOS="2403" WIDTH="128" HEIGHT="63" CONTENT="dein" WC="0.99" CC="0060" STYLEREFS="TXT_3"/>
						<SP ID="P50_SP00173" HPOS="2769" VPOS="2474" WIDTH="40"/>
						<String ID="P50_ST00194" HPOS="2809" VPOS="2405" WIDTH="159" HEIGHT="61" CONTENT="Herz" WC="0.98" CC="3060" STYLEREFS="TXT_3"/>
						<SP ID="P50_SP00174" HPOS="2968" VPOS="2474" WIDTH="48"/>
						<String ID="P50_ST00195" HPOS="3016" VPOS="2406" WIDTH="107" HEIGHT="60" CONTENT="auf" WC="0.98" CC="006" STYLEREFS="TXT_3"/>
						<SP ID="P50_SP00175" HPOS="3123" VPOS="2474" WIDTH="33"/>
						<String ID="P50_ST00196" HPOS="3156" VPOS="2430" WIDTH="75" HEIGHT="37" CONTENT="zu" WC="0.64" CC="70" STYLEREFS="TXT_3"/>
						<SP ID="P50_SP00176" HPOS="3231" VPOS="2474" WIDTH="42"/>
						<String ID="P50_ST00197" HPOS="3273" VPOS="2406" WIDTH="151" HEIGHT="62" CONTENT="Gott." WC="0.99" CC="43002" STYLEREFS="TXT_3"/>
					</TextLine>
					<TextLine ID="P50_TL00023" HPOS="1203" VPOS="2497" WIDTH="1472" HEIGHT="74">
						<String ID="P50_ST00198" HPOS="1203" VPOS="2501" WIDTH="180" HEIGHT="70" CONTENT="Betet," WC="0.99" CC="140024" STYLEREFS="TXT_3"/>
						<SP ID="P50_SP00177" HPOS="1383" VPOS="2571" WIDTH="41"/>
						<String ID="P50_ST00199" HPOS="1424" VPOS="2499" WIDTH="82" HEIGHT="60" CONTENT="ihr" WC="0.93" CC="576" STYLEREFS="TXT_3"/>
						<SP ID="P50_SP00178" HPOS="1506" VPOS="2571" WIDTH="41"/>
						<String ID="P50_ST00200" HPOS="1547" VPOS="2499" WIDTH="234" HEIGHT="60" CONTENT="Brüder." WC="0.99" CC="0500264" STYLEREFS="TXT_3"/>
						<SP ID="P50_SP00179" HPOS="1781" VPOS="2571" WIDTH="44"/>
						<String ID="P50_ST00201" HPOS="1825" VPOS="2497" WIDTH="122" HEIGHT="61" CONTENT="Für" WC="0.97" CC="106" STYLEREFS="TXT_3"/>
						<SP ID="P50_SP00180" HPOS="1947" VPOS="2571" WIDTH="42"/>
						<String ID="P50_ST00202" HPOS="1989" VPOS="2520" WIDTH="208" HEIGHT="38" CONTENT="unsern" WC="0.72" CC="600360" STYLEREFS="TXT_3"/>
						<SP ID="P50_SP00181" HPOS="2197" VPOS="2571" WIDTH="41"/>
						<String ID="P50_ST00203" HPOS="2238" VPOS="2497" WIDTH="218" HEIGHT="61" CONTENT="Bruder" WC="0.98" CC="060046" STYLEREFS="TXT_3"/>
						<SP ID="P50_SP00182" HPOS="2456" VPOS="2571" WIDTH="41"/>
						<String ID="P50_ST00204" HPOS="2497" VPOS="2499" WIDTH="178" HEIGHT="60" CONTENT="Felix." WC="0.99" CC="407004" STYLEREFS="TXT_3"/>
					</TextLine>
					<TextLine ID="P50_TL00024" HPOS="1203" VPOS="2590" WIDTH="2222" HEIGHT="58">
						<String ID="P50_ST00205" HPOS="1203" VPOS="2593" WIDTH="133" HEIGHT="55" CONTENT="(Alle" WC="0.97" CC="72770"/>
						<SP ID="P50_SP00183" HPOS="1336" VPOS="2648" WIDTH="41"/>
						<String ID="P50_ST00206" HPOS="1377" VPOS="2593" WIDTH="74" HEIGHT="49" CONTENT="die" WC="0.96" CC="055"/>
						<SP ID="P50_SP00184" HPOS="1451" VPOS="2648" WIDTH="30"/>
						<String ID="P50_ST00207" HPOS="1481" VPOS="2591" WIDTH="85" HEIGHT="51" CONTENT="PP." WC="0.96" CC="054"/>
						<SP ID="P50_SP00185" HPOS="1566" VPOS="2648" WIDTH="34"/>
						<String ID="P50_ST00208" HPOS="1600" VPOS="2590" WIDTH="332" HEIGHT="51" CONTENT="nacheinander" WC="0.99" CC="740056450006"/>
						<SP ID="P50_SP00186" HPOS="1932" VPOS="2648" WIDTH="33"/>
						<String ID="P50_ST00209" HPOS="1965" VPOS="2590" WIDTH="71" HEIGHT="48" CONTENT="ab." WC="0.94" CC="672"/>
						<SP ID="P50_SP00187" HPOS="2036" VPOS="2648" WIDTH="51"/>
						<String ID="P50_ST00210" HPOS="2087" VPOS="2590" WIDTH="193" HEIGHT="50" CONTENT="Zuletzt" WC="0.98" CC="0663060"/>
						<SP ID="P50_SP00188" HPOS="2280" VPOS="2648" WIDTH="39"/>
						<String ID="P50_ST00211" HPOS="2319" VPOS="2591" WIDTH="49" HEIGHT="49" CONTENT="P." WC="1.00" CC="00"/>
						<SP ID="P50_SP00189" HPOS="2368" VPOS="2648" WIDTH="34"/>
						<String ID="P50_ST00212" HPOS="2402" VPOS="2590" WIDTH="292" HEIGHT="51" CONTENT="Edmundus," WC="0.66" CC="406540503"/>
						<SP ID="P50_SP00190" HPOS="2694" VPOS="2648" WIDTH="51"/>
						<String ID="P50_ST00213" HPOS="2745" VPOS="2591" WIDTH="110" HEIGHT="50" CONTENT="Nur" WC="0.95" CC="067"/>
						<SP ID="P50_SP00191" HPOS="2855" VPOS="2648" WIDTH="31"/>
						<String ID="P50_ST00214" HPOS="2886" VPOS="2593" WIDTH="47" HEIGHT="48" CONTENT="P." WC="0.87" CC="20"/>
						<SP ID="P50_SP00192" HPOS="2933" VPOS="2648" WIDTH="36"/>
						<String ID="P50_ST00215" HPOS="2969" VPOS="2593" WIDTH="247" HEIGHT="49" CONTENT="Guardian" WC="0.98" CC="15740545"/>
						<SP ID="P50_SP00193" HPOS="3216" VPOS="2648" WIDTH="39"/>
						<String ID="P50_ST00216" HPOS="3255" VPOS="2593" WIDTH="170" HEIGHT="55" CONTENT="bleibt.)" WC="0.99" CC="06170010"/>
					</TextLine>
					<TextLine ID="P50_TL00025" HPOS="1278" VPOS="2669" WIDTH="2149" HEIGHT="68">
						<String ID="P50_ST00217" HPOS="1278" VPOS="2671" WIDTH="56" HEIGHT="60" CONTENT="P," WC="0.79" CC="04" STYLEREFS="TXT_3"/>
						<SP ID="P50_SP00194" HPOS="1334" VPOS="2731" WIDTH="43"/>
						<String ID="P50_ST00218" HPOS="1377" VPOS="2669" WIDTH="358" HEIGHT="62" CONTENT="Guardian" WC="0.99" CC="05060005" STYLEREFS="TXT_3"/>
						<SP ID="P50_SP00195" HPOS="1735" VPOS="2731" WIDTH="38"/>
						<String ID="P50_ST00219" HPOS="1773" VPOS="2676" WIDTH="130" HEIGHT="61" CONTENT="(geht" WC="0.97" CC="07670"/>
						<SP ID="P50_SP00196" HPOS="1903" VPOS="2737" WIDTH="33"/>
						<String ID="P50_ST00220" HPOS="1936" VPOS="2688" WIDTH="94" HEIGHT="38" CONTENT="erst" WC="0.97" CC="4700"/>
						<SP ID="P50_SP00197" HPOS="2030" VPOS="2737" WIDTH="31"/>
						<String ID="P50_ST00221" HPOS="2061" VPOS="2695" WIDTH="84" HEIGHT="31" CONTENT="ans" WC="0.97" CC="510"/>
						<SP ID="P50_SP00198" HPOS="2145" VPOS="2737" WIDTH="33"/>
						<String ID="P50_ST00222" HPOS="2178" VPOS="2675" WIDTH="256" HEIGHT="62" CONTENT="Telephon," WC="0.99" CC="057507302"/>
						<SP ID="P50_SP00199" HPOS="2434" VPOS="2737" WIDTH="33"/>
						<String ID="P50_ST00223" HPOS="2467" VPOS="2678" WIDTH="186" HEIGHT="49" CONTENT="Nimmt" WC="0.99" CC="07000"/>
						<SP ID="P50_SP00200" HPOS="2653" VPOS="2737" WIDTH="31"/>
						<String ID="P50_ST00224" HPOS="2684" VPOS="2678" WIDTH="167" HEIGHT="49" CONTENT="bereits" WC="0.98" CC="7546000"/>
						<SP ID="P50_SP00201" HPOS="2851" VPOS="2737" WIDTH="32"/>
						<String ID="P50_ST00225" HPOS="2883" VPOS="2678" WIDTH="89" HEIGHT="49" CONTENT="den" WC="0.97" CC="044"/>
						<SP ID="P50_SP00202" HPOS="2972" VPOS="2737" WIDTH="32"/>
						<String ID="P50_ST00226" HPOS="3004" VPOS="2679" WIDTH="156" HEIGHT="49" CONTENT="Hörer" WC="0.96" CC="65657"/>
						<SP ID="P50_SP00203" HPOS="3160" VPOS="2737" WIDTH="32"/>
						<String ID="P50_ST00227" HPOS="3192" VPOS="2679" WIDTH="72" HEIGHT="49" CONTENT="ab." WC="0.98" CC="004"/>
						<SP ID="P50_SP00204" HPOS="3264" VPOS="2737" WIDTH="34"/>
						<String ID="P50_ST00228" HPOS="3298" VPOS="2679" WIDTH="129" HEIGHT="49" CONTENT="Aber" WC="0.97" CC="0065"/>
					</TextLine>
					<TextLine ID="P50_TL00026" HPOS="1207" VPOS="2761" WIDTH="2217" HEIGHT="64">
						<String ID="P50_ST00229" HPOS="1207" VPOS="2764" WIDTH="124" HEIGHT="49" CONTENT="dann" WC="0.97" CC="0560"/>
						<SP ID="P50_SP00205" HPOS="1331" VPOS="2813" WIDTH="32"/>
						<String ID="P50_ST00230" HPOS="1363" VPOS="2763" WIDTH="93" HEIGHT="61" CONTENT="legt" WC="0.98" CC="6300"/>
						<SP ID="P50_SP00206" HPOS="1456" VPOS="2824" WIDTH="31"/>
						<String ID="P50_ST00231" HPOS="1487" VPOS="2780" WIDTH="50" HEIGHT="31" CONTENT="er" WC="0.41" CC="56"/>
						<SP ID="P50_SP00207" HPOS="1537" VPOS="2824" WIDTH="24"/>
						<String ID="P50_ST00232" HPOS="1561" VPOS="2763" WIDTH="78" HEIGHT="48" CONTENT="ihn" WC="0.95" CC="570"/>
						<SP ID="P50_SP00208" HPOS="1639" VPOS="2824" WIDTH="25"/>
						<String ID="P50_ST00233" HPOS="1664" VPOS="2761" WIDTH="112" HEIGHT="50" CONTENT="doch" WC="0.98" CC="0107"/>
						<SP ID="P50_SP00209" HPOS="1776" VPOS="2824" WIDTH="24"/>
						<String ID="P50_ST00234" HPOS="1800" VPOS="2761" WIDTH="171" HEIGHT="50" CONTENT="wieder" WC="0.98" CC="006067"/>
						<SP ID="P50_SP00210" HPOS="1971" VPOS="2824" WIDTH="22"/>
						<String ID="P50_ST00235" HPOS="1993" VPOS="2763" WIDTH="90" HEIGHT="49" CONTENT="hin." WC="0.97" CC="6600"/>
						<SP ID="P50_SP00211" HPOS="2083" VPOS="2824" WIDTH="37"/>
						<String ID="P50_ST00236" HPOS="2120" VPOS="2763" WIDTH="70" HEIGHT="47" CONTENT="Es" WC="0.81" CC="30"/>
						<SP ID="P50_SP00212" HPOS="2190" VPOS="2824" WIDTH="21"/>
						<String ID="P50_ST00237" HPOS="2211" VPOS="2761" WIDTH="122" HEIGHT="50" CONTENT="zieht" WC="0.97" CC="66070"/>
						<SP ID="P50_SP00213" HPOS="2333" VPOS="2824" WIDTH="22"/>
						<String ID="P50_ST00238" HPOS="2355" VPOS="2763" WIDTH="76" HEIGHT="48" CONTENT="ihn" WC="0.98" CC="500"/>
						<SP ID="P50_SP00214" HPOS="2431" VPOS="2824" WIDTH="25"/>
						<String ID="P50_ST00239" HPOS="2456" VPOS="2782" WIDTH="108" HEIGHT="29" CONTENT="zum" WC="0.95" CC="660"/>
						<SP ID="P50_SP00215" HPOS="2564" VPOS="2824" WIDTH="23"/>
						<String ID="P50_ST00240" HPOS="2587" VPOS="2764" WIDTH="206" HEIGHT="48" CONTENT="Fenster," WC="0.99" CC="65400051"/>
						<SP ID="P50_SP00216" HPOS="2793" VPOS="2824" WIDTH="34"/>
						<String ID="P50_ST00241" HPOS="2827" VPOS="2764" WIDTH="140" HEIGHT="48" CONTENT="Auto" WC="0.98" CC="1600"/>
						<SP ID="P50_SP00217" HPOS="2967" VPOS="2824" WIDTH="22"/>
						<String ID="P50_ST00242" HPOS="2989" VPOS="2764" WIDTH="121" HEIGHT="49" CONTENT="fährt" WC="0.98" CC="10750"/>
						<SP ID="P50_SP00218" HPOS="3110" VPOS="2824" WIDTH="21"/>
						<String ID="P50_ST00243" HPOS="3131" VPOS="2764" WIDTH="185" HEIGHT="61" CONTENT="hupend" WC="0.98" CC="060660"/>
						<SP ID="P50_SP00219" HPOS="3316" VPOS="2825" WIDTH="22"/>
						<String ID="P50_ST00244" HPOS="3338" VPOS="2764" WIDTH="86" HEIGHT="57" CONTENT="ab)," WC="0.95" CC="9743"/>
					</TextLine>
					<TextLine ID="P50_TL00027" HPOS="1279" VPOS="2840" WIDTH="2144" HEIGHT="71">
						<String ID="P50_ST00245" HPOS="1279" VPOS="2841" WIDTH="57" HEIGHT="63" CONTENT="P." WC="0.82" CC="03" STYLEREFS="TXT_3"/>
						<SP ID="P50_SP00220" HPOS="1336" VPOS="2904" WIDTH="46"/>
						<String ID="P50_ST00246" HPOS="1382" VPOS="2840" WIDTH="358" HEIGHT="62" CONTENT="Guardian" WC="0.99" CC="77070000" STYLEREFS="TXT_3"/>
						<SP ID="P50_SP00221" HPOS="1740" VPOS="2904" WIDTH="28"/>
						<String ID="P50_ST00247" HPOS="1768" VPOS="2847" WIDTH="131" HEIGHT="60" CONTENT="(geht" WC="0.97" CC="90770"/>
						<SP ID="P50_SP00222" HPOS="1899" VPOS="2907" WIDTH="39"/>
						<String ID="P50_ST00248" HPOS="1938" VPOS="2848" WIDTH="172" HEIGHT="48" CONTENT="schwer" WC="0.99" CC="000057"/>
						<SP ID="P50_SP00223" HPOS="2110" VPOS="2907" WIDTH="124"/>
						<String ID="P50_ST00249" HPOS="2234" VPOS="2853" WIDTH="89" HEIGHT="44" CONTENT="wie" WC="0.96" CC="063"/>
						<SP ID="P50_SP00224" HPOS="2323" VPOS="2907" WIDTH="39"/>
						<String ID="P50_ST00250" HPOS="2362" VPOS="2854" WIDTH="74" HEIGHT="42" CONTENT="ein" WC="0.95" CC="462"/>
						<SP ID="P50_SP00225" HPOS="2436" VPOS="2907" WIDTH="43"/>
						<String ID="P50_ST00251" HPOS="2479" VPOS="2849" WIDTH="215" HEIGHT="50" CONTENT="Kranker" WC="0.98" CC="1555055"/>
						<SP ID="P50_SP00226" HPOS="2694" VPOS="2907" WIDTH="124"/>
						<String ID="P50_ST00252" HPOS="2818" VPOS="2849" WIDTH="171" HEIGHT="50" CONTENT="wieder" WC="0.98" CC="055061"/>
						<SP ID="P50_SP00227" HPOS="2989" VPOS="2907" WIDTH="39"/>
						<String ID="P50_ST00253" HPOS="3028" VPOS="2869" WIDTH="108" HEIGHT="30" CONTENT="zum" WC="0.94" CC="753"/>
						<SP ID="P50_SP00228" HPOS="3136" VPOS="2907" WIDTH="41"/>
						<String ID="P50_ST00254" HPOS="3177" VPOS="2848" WIDTH="246" HEIGHT="63" CONTENT="Telephon," WC="0.99" CC="045506074"/>
					</TextLine>
					<TextLine ID="P50_TL00028" HPOS="1208" VPOS="2934" WIDTH="2217" HEIGHT="79">
						<String ID="P50_ST00255" HPOS="1208" VPOS="2943" WIDTH="184" HEIGHT="48" CONTENT="Nimmt" WC="1.00" CC="00000"/>
						<SP ID="P50_SP00229" HPOS="1392" VPOS="2991" WIDTH="23"/>
						<String ID="P50_ST00256" HPOS="1415" VPOS="2942" WIDTH="89" HEIGHT="49" CONTENT="den" WC="0.96" CC="046"/>
						<SP ID="P50_SP00230" HPOS="1504" VPOS="2991" WIDTH="22"/>
						<String ID="P50_ST00257" HPOS="1526" VPOS="2942" WIDTH="157" HEIGHT="48" CONTENT="Hörer" WC="0.98" CC="00545"/>
						<SP ID="P50_SP00231" HPOS="1683" VPOS="2991" WIDTH="33"/>
						<String ID="P50_ST00258" HPOS="1716" VPOS="2940" WIDTH="74" HEIGHT="50" CONTENT="ab." WC="0.93" CC="674"/>
						<SP ID="P50_SP00232" HPOS="1790" VPOS="2991" WIDTH="35"/>
						<String ID="P50_ST00259" HPOS="1825" VPOS="2940" WIDTH="193" HEIGHT="49" CONTENT="Endlich" WC="0.98" CC="2307707"/>
						<SP ID="P50_SP00233" HPOS="2018" VPOS="2991" WIDTH="24"/>
						<String ID="P50_ST00260" HPOS="2042" VPOS="2940" WIDTH="169" HEIGHT="50" CONTENT="meldet" WC="0.98" CC="046050"/>
						<SP ID="P50_SP00234" HPOS="2211" VPOS="2991" WIDTH="21"/>
						<String ID="P50_ST00261" HPOS="2232" VPOS="2940" WIDTH="89" HEIGHT="50" CONTENT="sich" WC="1.00" CC="0000"/>
						<SP ID="P50_SP00235" HPOS="2321" VPOS="2991" WIDTH="24"/>
						<String ID="P50_ST00262" HPOS="2345" VPOS="2940" WIDTH="81" HEIGHT="51" CONTENT="das" WC="0.97" CC="060"/>
						<SP ID="P50_SP00236" HPOS="2426" VPOS="2991" WIDTH="23"/>
						<String ID="P50_ST00263" HPOS="2449" VPOS="2943" WIDTH="165" HEIGHT="55" CONTENT="Amt):" WC="0.98" CC="04203"/>
						<SP ID="P50_SP00237" HPOS="2614" VPOS="2998" WIDTH="30"/>
						<String ID="P50_ST00264" HPOS="2644" VPOS="2935" WIDTH="115" HEIGHT="60" CONTENT="Ein" WC="0.97" CC="700" STYLEREFS="TXT_3"/>
						<SP ID="P50_SP00238" HPOS="2759" VPOS="2998" WIDTH="25"/>
						<String ID="P50_ST00265" HPOS="2784" VPOS="2934" WIDTH="434" HEIGHT="79" CONTENT="Ferngespräch," WC="0.99" CC="6660670370774" STYLEREFS="TXT_3"/>
						<SP ID="P50_SP00239" HPOS="3218" VPOS="3013" WIDTH="26"/>
						<String ID="P50_ST00266" HPOS="3244" VPOS="2937" WIDTH="181" HEIGHT="59" CONTENT="Fräu=" WC="0.53" CC="76063" STYLEREFS="TXT_3"/>
					</TextLine>
					<TextLine ID="P50_TL00029" HPOS="1207" VPOS="3026" WIDTH="2218" HEIGHT="80">
						<String ID="P50_ST00267" HPOS="1207" VPOS="3027" WIDTH="122" HEIGHT="61" CONTENT="lein." WC="0.98" CC="72304" STYLEREFS="TXT_3"/>
						<SP ID="P50_SP00240" HPOS="1329" VPOS="3088" WIDTH="42"/>
						<String ID="P50_ST00268" HPOS="1371" VPOS="3027" WIDTH="143" HEIGHT="61" CONTENT="Hier" WC="0.96" CC="4235" STYLEREFS="TXT_3"/>
						<SP ID="P50_SP00241" HPOS="1514" VPOS="3088" WIDTH="39"/>
						<String ID="P50_ST00269" HPOS="1553" VPOS="3027" WIDTH="233" HEIGHT="61" CONTENT="Kloster" WC="1.00" CC="0010006" STYLEREFS="TXT_3"/>
						<SP ID="P50_SP00242" HPOS="1786" VPOS="3088" WIDTH="42"/>
						<String ID="P50_ST00270" HPOS="1828" VPOS="3026" WIDTH="367" HEIGHT="63" CONTENT="Maria-Hilf." WC="0.99" CC="05530420054" STYLEREFS="TXT_3"/>
						<SP ID="P50_SP00243" HPOS="2195" VPOS="3089" WIDTH="43"/>
						<String ID="P50_ST00271" HPOS="2238" VPOS="3027" WIDTH="81" HEIGHT="61" CONTENT="Ich" WC="0.97" CC="107" STYLEREFS="TXT_3"/>
						<SP ID="P50_SP00244" HPOS="2319" VPOS="3089" WIDTH="42"/>
						<String ID="P50_ST00272" HPOS="2361" VPOS="3028" WIDTH="214" HEIGHT="61" CONTENT="möchte" WC="0.99" CC="050710" STYLEREFS="TXT_3"/>
						<SP ID="P50_SP00245" HPOS="2575" VPOS="3089" WIDTH="41"/>
						<String ID="P50_ST00273" HPOS="2616" VPOS="3037" WIDTH="124" HEIGHT="52" CONTENT="eine" WC="0.99" CC="0400" STYLEREFS="TXT_3"/>
						<SP ID="P50_SP00246" HPOS="2740" VPOS="3089" WIDTH="25"/>
						<String ID="P50_ST00274" HPOS="2765" VPOS="3028" WIDTH="377" HEIGHT="78" CONTENT="Verbindung" WC="0.99" CC="3067400550" STYLEREFS="TXT_3"/>
						<SP ID="P50_SP00247" HPOS="3142" VPOS="3106" WIDTH="140"/>
						<String ID="P50_ST00275" HPOS="3282" VPOS="3028" WIDTH="143" HEIGHT="62" CONTENT="sehr" WC="0.97" CC="0175" STYLEREFS="TXT_3"/>
					</TextLine>
					<TextLine ID="P50_TL00030" HPOS="1204" VPOS="3120" WIDTH="1482" HEIGHT="78">
						<String ID="P50_ST00276" HPOS="1204" VPOS="3121" WIDTH="220" HEIGHT="76" CONTENT="richtig" WC="0.98" CC="7207040" STYLEREFS="TXT_3"/>
						<SP ID="P50_SP00248" HPOS="1424" VPOS="3197" WIDTH="155"/>
						<String ID="P50_ST00277" HPOS="1579" VPOS="3120" WIDTH="212" HEIGHT="61" CONTENT="wieder" WC="1.00" CC="000005" STYLEREFS="TXT_3"/>
						<SP ID="P50_SP00249" HPOS="1791" VPOS="3197" WIDTH="42"/>
						<String ID="P50_ST00278" HPOS="1833" VPOS="3120" WIDTH="202" HEIGHT="61" CONTENT="einmal" WC="0.99" CC="450000" STYLEREFS="TXT_3"/>
						<SP ID="P50_SP00250" HPOS="2035" VPOS="3197" WIDTH="40"/>
						<String ID="P50_ST00279" HPOS="2075" VPOS="3128" WIDTH="98" HEIGHT="53" CONTENT="mit" WC="0.97" CC="043" STYLEREFS="TXT_3"/>
						<SP ID="P50_SP00251" HPOS="2173" VPOS="3197" WIDTH="40"/>
						<String ID="P50_ST00280" HPOS="2213" VPOS="3120" WIDTH="473" HEIGHT="78" CONTENT="Alt-Oetting..." WC="0.74" CC="40140000460444" STYLEREFS="TXT_3"/>
					</TextLine>
					<TextLine ID="P50_TL00031" HPOS="1207" VPOS="3212" WIDTH="2217" HEIGHT="59">
						<String ID="P50_ST00281" HPOS="1207" VPOS="3215" WIDTH="139" HEIGHT="56" CONTENT="(Man" WC="0.97" CC="0554"/>
						<SP ID="P50_SP00252" HPOS="1346" VPOS="3271" WIDTH="22"/>
						<String ID="P50_ST00282" HPOS="1368" VPOS="3214" WIDTH="105" HEIGHT="49" CONTENT="hört" WC="0.97" CC="7140"/>
						<SP ID="P50_SP00253" HPOS="1473" VPOS="3271" WIDTH="22"/>
						<String ID="P50_ST00283" HPOS="1495" VPOS="3231" WIDTH="145" HEIGHT="32" CONTENT="sonor" WC="0.97" CC="03617"/>
						<SP ID="P50_SP00254" HPOS="1640" VPOS="3271" WIDTH="21"/>
						<String ID="P50_ST00284" HPOS="1661" VPOS="3214" WIDTH="84" HEIGHT="48" CONTENT="das" WC="0.98" CC="060"/>
						<SP ID="P50_SP00255" HPOS="1745" VPOS="3271" WIDTH="29"/>
						<String ID="P50_ST00285" HPOS="1774" VPOS="3214" WIDTH="158" HEIGHT="49" CONTENT="Gebet" WC="0.97" CC="44740"/>
						<SP ID="P50_SP00256" HPOS="1932" VPOS="3271" WIDTH="20"/>
						<String ID="P50_ST00286" HPOS="1952" VPOS="3216" WIDTH="80" HEIGHT="46" CONTENT="der" WC="0.98" CC="005"/>
						<SP ID="P50_SP00257" HPOS="2032" VPOS="3271" WIDTH="18"/>
						<String ID="P50_ST00287" HPOS="2050" VPOS="3212" WIDTH="213" HEIGHT="51" CONTENT="Mönche." WC="0.98" CC="0250754"/>
						<SP ID="P50_SP00258" HPOS="2263" VPOS="3271" WIDTH="98"/>
						<String ID="P50_ST00288" HPOS="2361" VPOS="3215" WIDTH="52" HEIGHT="48" CONTENT="In" WC="0.70" CC="05"/>
						<SP ID="P50_SP00259" HPOS="2413" VPOS="3271" WIDTH="22"/>
						<String ID="P50_ST00289" HPOS="2435" VPOS="3214" WIDTH="81" HEIGHT="49" CONTENT="der" WC="0.96" CC="063"/>
						<SP ID="P50_SP00260" HPOS="2516" VPOS="3271" WIDTH="22"/>
						<String ID="P50_ST00290" HPOS="2538" VPOS="3215" WIDTH="181" HEIGHT="49" CONTENT="offenen" WC="0.99" CC="0703006"/>
						<SP ID="P50_SP00261" HPOS="2719" VPOS="3271" WIDTH="17"/>
						<String ID="P50_ST00291" HPOS="2736" VPOS="3212" WIDTH="100" HEIGHT="51" CONTENT="Tür" WC="0.99" CC="003"/>
						<SP ID="P50_SP00262" HPOS="2836" VPOS="3271" WIDTH="22"/>
						<String ID="P50_ST00292" HPOS="2858" VPOS="3215" WIDTH="217" HEIGHT="49" CONTENT="erscheint" WC="0.99" CC="450005400"/>
						<SP ID="P50_SP00263" HPOS="3075" VPOS="3271" WIDTH="21"/>
						<String ID="P50_ST00293" HPOS="3096" VPOS="3216" WIDTH="166" HEIGHT="50" CONTENT="Frater" WC="0.97" CC="666026"/>
						<SP ID="P50_SP00264" HPOS="3262" VPOS="3271" WIDTH="15"/>
						<String ID="P50_ST00294" HPOS="3277" VPOS="3216" WIDTH="147" HEIGHT="53" CONTENT="Max,)" WC="0.99" CC="07030"/>
					</TextLine>
					<TextLine ID="P50_TL00032" HPOS="1282" VPOS="3291" WIDTH="2142" HEIGHT="71">
						<String ID="P50_ST00295" HPOS="1282" VPOS="3292" WIDTH="57" HEIGHT="61" CONTENT="P," WC="0.81" CC="03" STYLEREFS="TXT_3"/>
						<SP ID="P50_SP00265" HPOS="1339" VPOS="3353" WIDTH="47"/>
						<String ID="P50_ST00296" HPOS="1386" VPOS="3291" WIDTH="359" HEIGHT="62" CONTENT="Guardian" WC="0.99" CC="70060000" STYLEREFS="TXT_3"/>
						<SP ID="P50_SP00266" HPOS="1745" VPOS="3353" WIDTH="43"/>
						<String ID="P50_ST00297" HPOS="1788" VPOS="3305" WIDTH="105" HEIGHT="50" CONTENT="(mit" WC="0.99" CC="0060"/>
						<SP ID="P50_SP00267" HPOS="1893" VPOS="3355" WIDTH="33"/>
						<String ID="P50_ST00298" HPOS="1926" VPOS="3299" WIDTH="104" HEIGHT="49" CONTENT="dem" WC="1.00" CC="000"/>
						<SP ID="P50_SP00268" HPOS="2030" VPOS="3355" WIDTH="33"/>
						<String ID="P50_ST00299" HPOS="2063" VPOS="3299" WIDTH="122" HEIGHT="49" CONTENT="Amt" WC="1.00" CC="000"/>
						<SP ID="P50_SP00269" HPOS="2185" VPOS="3355" WIDTH="30"/>
						<String ID="P50_ST00300" HPOS="2215" VPOS="3300" WIDTH="287" HEIGHT="60" CONTENT="sprechend):" WC="0.99" CC="00040765003"/>
						<SP ID="P50_SP00270" HPOS="2502" VPOS="3360" WIDTH="45"/>
						<String ID="P50_ST00301" HPOS="2547" VPOS="3292" WIDTH="170" HEIGHT="61" CONTENT="Wie?" WC="0.96" CC="6606" STYLEREFS="TXT_3"/>
						<SP ID="P50_SP00271" HPOS="2717" VPOS="3360" WIDTH="34"/>
						<String ID="P50_ST00302" HPOS="2751" VPOS="3301" WIDTH="90" HEIGHT="55" CONTENT="(Er" WC="0.96" CC="046"/>
						<SP ID="P50_SP00272" HPOS="2841" VPOS="3360" WIDTH="22"/>
						<String ID="P50_ST00303" HPOS="2863" VPOS="3301" WIDTH="207" HEIGHT="61" CONTENT="gewahrt" WC="0.99" CC="0606050"/>
						<SP ID="P50_SP00273" HPOS="3070" VPOS="3362" WIDTH="21"/>
						<String ID="P50_ST00304" HPOS="3091" VPOS="3302" WIDTH="164" HEIGHT="50" CONTENT="Frater" WC="0.97" CC="566067"/>
						<SP ID="P50_SP00274" HPOS="3255" VPOS="3362" WIDTH="22"/>
						<String ID="P50_ST00305" HPOS="3277" VPOS="3301" WIDTH="147" HEIGHT="54" CONTENT="Max,)" WC="0.99" CC="05020"/>
					</TextLine>
					<TextLine ID="P50_TL00033" HPOS="1280" VPOS="3385" WIDTH="1740" HEIGHT="80">
						<String ID="P50_ST00306" HPOS="1280" VPOS="3385" WIDTH="240" HEIGHT="61" CONTENT="Frater" WC="0.98" CC="060506" STYLEREFS="TXT_3"/>
						<SP ID="P50_SP00275" HPOS="1520" VPOS="3446" WIDTH="41"/>
						<String ID="P50_ST00307" HPOS="1561" VPOS="3385" WIDTH="188" HEIGHT="61" CONTENT="Max:" WC="0.99" CC="0004" STYLEREFS="TXT_3"/>
						<SP ID="P50_SP00276" HPOS="1749" VPOS="3446" WIDTH="44"/>
						<String ID="P50_ST00308" HPOS="1793" VPOS="3385" WIDTH="124" HEIGHT="60" CONTENT="Der" WC="0.94" CC="392" STYLEREFS="TXT_3"/>
						<SP ID="P50_SP00277" HPOS="1917" VPOS="3446" WIDTH="43"/>
						<String ID="P50_ST00309" HPOS="1960" VPOS="3385" WIDTH="151" HEIGHT="60" CONTENT="Herr" WC="0.96" CC="6364" STYLEREFS="TXT_3"/>
						<SP ID="P50_SP00278" HPOS="2111" VPOS="3446" WIDTH="39"/>
						<String ID="P50_ST00310" HPOS="2150" VPOS="3385" WIDTH="516" HEIGHT="77" CONTENT="Bezirksgeometer" WC="0.99" CC="027463000302404" STYLEREFS="TXT_3"/>
						<SP ID="P50_SP00279" HPOS="2666" VPOS="3462" WIDTH="38"/>
						<String ID="P50_ST00311" HPOS="2704" VPOS="3386" WIDTH="316" HEIGHT="79" CONTENT="Pfaffinger." WC="0.79" CC="06040010064" STYLEREFS="TXT_3"/>
					</TextLine>
					<TextLine ID="P50_TL00034" HPOS="1282" VPOS="3479" WIDTH="2053" HEIGHT="80">
						<String ID="P50_ST00312" HPOS="1282" VPOS="3479" WIDTH="57" HEIGHT="63" CONTENT="P," WC="0.93" CC="10"/>
						<SP ID="P50_SP00280" HPOS="1339" VPOS="3542" WIDTH="47"/>
						<String ID="P50_ST00313" HPOS="1386" VPOS="3479" WIDTH="354" HEIGHT="62" CONTENT="Guardian" WC="0.99" CC="40070200" STYLEREFS="TXT_3"/>
						<SP ID="P50_SP00281" HPOS="1740" VPOS="3542" WIDTH="42"/>
						<String ID="P50_ST00314" HPOS="1782" VPOS="3487" WIDTH="244" HEIGHT="55" CONTENT="(während" WC="1.00" CC="00070000"/>
						<SP ID="P50_SP00282" HPOS="2026" VPOS="3542" WIDTH="33"/>
						<String ID="P50_ST00315" HPOS="2059" VPOS="3506" WIDTH="49" HEIGHT="30" CONTENT="er" WC="0.70" CC="50"/>
						<SP ID="P50_SP00283" HPOS="2108" VPOS="3542" WIDTH="33"/>
						<String ID="P50_ST00316" HPOS="2141" VPOS="3487" WIDTH="93" HEIGHT="49" CONTENT="ihm" WC="0.98" CC="600"/>
						<SP ID="P50_SP00284" HPOS="2234" VPOS="3542" WIDTH="33"/>
						<String ID="P50_ST00317" HPOS="2267" VPOS="3493" WIDTH="83" HEIGHT="43" CONTENT="mit" WC="1.00" CC="000"/>
						<SP ID="P50_SP00285" HPOS="2350" VPOS="3542" WIDTH="31"/>
						<String ID="P50_ST00318" HPOS="2381" VPOS="3488" WIDTH="80" HEIGHT="49" CONTENT="der" WC="0.95" CC="066"/>
						<SP ID="P50_SP00286" HPOS="2461" VPOS="3542" WIDTH="32"/>
						<String ID="P50_ST00319" HPOS="2493" VPOS="3488" WIDTH="144" HEIGHT="48" CONTENT="Hand" WC="0.97" CC="5630"/>
						<SP ID="P50_SP00287" HPOS="2637" VPOS="3542" WIDTH="33"/>
						<String ID="P50_ST00320" HPOS="2670" VPOS="3488" WIDTH="58" HEIGHT="49" CONTENT="ab" WC="0.42" CC="47"/>
						<SP ID="P50_SP00288" HPOS="2728" VPOS="3542" WIDTH="4"/>
						<String ID="P50_ST00321" HPOS="2732" VPOS="3489" WIDTH="168" HEIGHT="57" CONTENT="winkt,-" WC="0.99" CC="0460043"/>
						<SP ID="P50_SP00289" HPOS="2900" VPOS="3546" WIDTH="31"/>
						<String ID="P50_ST00322" HPOS="2931" VPOS="3489" WIDTH="281" HEIGHT="61" CONTENT="sprechend):" WC="0.99" CC="00630764005"/>
						<SP ID="P50_SP00290" HPOS="3212" VPOS="3550" WIDTH="33"/>
						<String ID="P50_ST00323" HPOS="3245" VPOS="3480" WIDTH="90" HEIGHT="79" CONTENT="Ja?" WC="0.92" CC="559" STYLEREFS="TXT_3"/>
					</TextLine>
					<TextLine ID="P50_TL00035" HPOS="1886" VPOS="3572" WIDTH="860" HEIGHT="57">
						<String ID="P50_ST00324" HPOS="1886" VPOS="3572" WIDTH="174" HEIGHT="56" CONTENT="(Sonor" WC="0.98" CC="003556"/>
						<SP ID="P50_SP00291" HPOS="2060" VPOS="3628" WIDTH="32"/>
						<String ID="P50_ST00325" HPOS="2092" VPOS="3572" WIDTH="81" HEIGHT="50" CONTENT="das" WC="0.99" CC="030"/>
						<SP ID="P50_SP00292" HPOS="2173" VPOS="3628" WIDTH="37"/>
						<String ID="P50_ST00326" HPOS="2210" VPOS="3573" WIDTH="156" HEIGHT="49" CONTENT="Gebet" WC="0.97" CC="14750"/>
						<SP ID="P50_SP00293" HPOS="2366" VPOS="3628" WIDTH="32"/>
						<String ID="P50_ST00327" HPOS="2398" VPOS="3573" WIDTH="80" HEIGHT="49" CONTENT="der" WC="0.95" CC="066"/>
						<SP ID="P50_SP00294" HPOS="2478" VPOS="3628" WIDTH="32"/>
						<String ID="P50_ST00328" HPOS="2510" VPOS="3574" WIDTH="236" HEIGHT="55" CONTENT="Mönche.)" WC="0.99" CC="00007430"/>
					</TextLine>
					<TextLine ID="P50_TL00036" HPOS="2174" VPOS="3650" WIDTH="286" HEIGHT="61">
						<String ID="P50_ST00329" HPOS="2174" VPOS="3650" WIDTH="286" HEIGHT="61" CONTENT="(Vorhang.)" WC="0.99" CC="0015663000"/>
					</TextLine>
				</TextBlock>
			</PrintSpace>
		</Page>
	</Layout>
</alto>
