3712 4572
1703 443 226 50 Eduard
1948 443 250 61 Bernftein
2234 466 9 10 •
2288 441 176 50 Vöfßer
2490 460 68 30 zu
2588 442 182 48 Hause

1118 446 93 46 382

1122 632 155 61 Hand
1334 640 95 53 mit
1486 632 181 61 dieser
1705 629 353 62 Maßnahme
2117 629 229 61 bedacht
2394 629 118 60 und
2553 629 99 60 der
2692 629 236 60 Presse
2979 629 80 61 als
3111 654 101 39 aus
3255 634 97 61 der

1122 724 354 79 Hauptstadt
1500 724 393 61 Verwiesener
1924 722 329 61 bezeichnet.
2291 722 113 59 Ein
2439 722 376 71 Polizeistück,
2849 722 103 61 das
2985 724 367 63 wahrschein*

1122 818 101 60 lieh
1264 841 116 38 von
1423 816 127 61 dem
1594 816 316 62 Gedanken
1954 814 340 78 eingegeben
2336 837 137 49 war,
2516 814 108 61 den
2666 814 452 61 wohlhabenden
3153 817 199 62 Sozia*

1124 912 162 60 listen
1343 911 90 60 für
1493 911 89 60 die
1623 910 525 76 Unterstützungen
2206 934 73 35 zu
2337 908 228 72 strafen,
2624 910 88 59 die
2770 933 59 36 er
2886 908 99 61 der
3039 912 312 74 geächteten

1124 1006 184 59 Partei
1349 1004 340 61 zukommen
1730 1004 121 59 ließ.
1896 1002 114 61 Die
2050 1002 287 78 Rapporte
2379 1002 137 60 über
2557 1002 325 78 Höchbergs
2924 1002 259 61 Verkehr
3224 1006 130 61 aber

1126 1098 152 59 hatte
1329 1096 400 61 zweifelsohne
1778 1105 88 52 ein
1910 1095 242 62 Student
2199 1096 264 78 geliefert,
2524 1095 98 61 der
2662 1104 188 69 später
2892 1096 80 60 als
3014 1095 97 61 der
3153 1098 201 62 Polizei

1124 1189 253 62 verkauft
1418 1190 237 61 entlarvt
1695 1190 212 60 wurde.

1204 1284 163 61 Nach
1404 1284 325 77 Höchbergs
1762 1283 286 62 Rüdekehr
2082 1309 103 35 aus
2211 1283 380 61 Deutschland
2623 1284 178 61 stellte
2835 1284 103 60 sich
2972 1283 131 60 bald
3136 1284 217 72 heraus,

1129 1378 110 61 daß
1279 1387 104 51 wir
1427 1378 139 60 nicht
1607 1378 156 61 mehr
1803 1378 163 78 lange
2008 1387 54 51 in
2098 1378 162 60 Casa
2300 1387 54 51 in
2388 1378 164 61 Valle
2594 1377 235 61 würden
2864 1377 216 61 hausen
3116 1377 235 64 können.

1129 1472 132 60 Sein
1306 1472 634 61 Gesundheitszustand
1989 1472 440 61 verschlechterte
2478 1472 106 61 sich
2631 1472 335 69 zusehends,
3026 1471 88 60 die
3164 1472 190 63 Kräfte

1128 1566 244 60 nahmen
1424 1582 163 44 unter
1637 1566 97 60 der
1775 1565 284 78 Wirkung
2100 1575 181 51 seiner
2322 1565 340 78 Hungerkur
2704 1574 195 52 immer
2939 1565 155 60 mehr
3137 1564 84 59 ab.
3263 1565 91 61 Da

1128 1659 123 60 kein
1287 1659 267 61 Zureden
1597 1658 133 71 half,
1773 1659 90 60 ihn
1905 1683 116 37 von
2055 1660 82 59 ihr
2171 1659 396 76 abzubringen,
2609 1659 288 61 versuchte
2929 1658 76 61 ich
3039 1682 60 35 es
3133 1656 192 64 schließ-

1129 1752 94 59 lich
1274 1762 99 51 mit
1415 1762 179 51 einem
1637 1753 400 61 Staatsstreich,
2083 1753 178 61 Eines
2302 1749 189 81 Tages
2533 1753 125 60 kam
2702 1752 297 77 Höchberg
3039 1761 98 50 mit
3180 1761 173 52 einem

1129 1842 351 81 Telegramm
1523 1856 53 51 in
1618 1847 98 61 der
1742 1847 176 60 Hand
1951 1847 103 60 auf
2082 1848 132 59 mich
2247 1871 72 37 zu
2352 1847 117 60 und
2501 1864 157 59 sagte
2692 1862 199 61 erregt:
2940 1846 155 59 »Um
3125 1844 195 63 Gottes-

1131 1938 205 70 willen,
1395 1947 146 52 mein
1601 1941 214 58 Bruder
1871 1940 211 61 kommt
2139 1941 132 58 nach
2328 1940 256 76 Lugano,
2642 1940 136 76 Jetzt
2834 1938 132 61 muß
3031 1940 75 58 ich
3172 1940 182 70 sehen,

1129 2032 200 61 schnell
1371 2043 96 49 mit
1509 2032 144 61 allen
1688 2032 225 61 Mitteln
1955 2057 71 35 zu
2059 2032 236 61 Kräften
2337 2058 73 34 zu
2443 2032 279 70 kommen,
2765 2041 54 51 in
2854 2032 210 60 diesem
3099 2031 257 61 Zustand

1133 2126 146 60 kann
1340 2126 74 59 ich
1475 2126 91 60 ihn
1625 2126 139 60 nicht
1819 2126 385 78 empfangen.«
2265 2126 81 60 Ich
2403 2126 178 61 stellte
2638 2126 134 60 mich
2831 2126 132 60 nach
3006 2126 350 77 Möglichkeit

1134 2218 337 71 überrascht,
1523 2219 151 61 hatte
1726 2219 135 60 aber
1910 2228 53 51 in
2006 2218 365 62 Wirklichkeit
2421 2243 104 36 nur
2576 2219 100 61 das
2719 2219 218 61 Gefühl
2977 2219 99 60 der
3120 2218 236 77 Genug*

1132 2328 193 61 tuung.
1369 2313 112 60 Ein
1518 2313 159 60 Brief
1710 2337 114 37 von
1866 2322 102 51 mir
2010 2337 71 37 an
2116 2314 102 61 Dr.
2247 2314 141 60 Karl
2421 2313 208 70 Flesch,
2674 2322 179 52 worin
2896 2313 75 60 ich
3013 2313 207 61 diesem
3254 2313 100 60 den

1133 2405 183 62 Stand
1358 2406 97 61 der
1498 2407 185 78 Dinge
1734 2407 584 76 auseinandergesetzt
2359 2407 117 60 und
2516 2407 235 61 Abhilfe
2794 2406 88 61 für
2923 2407 269 76 dringend
3233 2422 125 45 not*

1133 2499 226 77 wendig
1419 2499 201 60 erklärt
1678 2500 169 70 hatte,
1904 2525 122 36 war
2082 2501 140 60 nicht
2279 2501 147 60 ohne
2469 2500 281 77 Wirkung
2806 2500 306 76 geblieben,
3170 2499 184 62 Flesch

1136 2591 151 61 hatte
1345 2594 106 59 sich
1509 2603 97 50 mit
1654 2594 324 77 Höchbergs
2027 2603 286 68 jüngerem
2363 2594 213 59 Bruder
2625 2603 54 50 in
2730 2594 376 76 Verbindung
3153 2609 204 61 gesetzt

1133 2685 117 60 und
1292 2685 179 62 dieser
1512 2688 180 59 sofort
1725 2686 107 63 den
1858 2688 305 61 Entschluß
2196 2688 206 77 gefaßt,
2445 2704 161 43 unter
2639 2695 181 52 einem
2853 2686 336 61 schicklichen
3216 2688 144 59 Vor*

1137 2780 171 59 wand
1467 2789 123 52 eine
1645 2782 273 76 angeblich
1973 2791 153 69 nötig
2173 2784 339 75 gewordene
2556 2779 434 64 Geschäftsreise
3031 2782 134 59 nach
3207 2780 153 60 Mai*

1134 2872 133 61 land—
1424 2874 170 61 selbst
1650 2877 133 58 nach
1825 2876 239 77 Lugano
2121 2900 73 35 zu
2251 2876 275 61 kommen.
2585 2874 131 61 Sein
2760 2876 208 59 Besuch
3019 2874 153 61 hatte
3221 2874 137 60 denn

1138 2972 134 59 auch
1314 2991 100 37 zur
1447 2968 199 78 Folge,
1691 2968 106 63 daß
1830 2970 298 77 Höchberg
2170 2979 335 67 wenigstens
2548 2970 260 59 zunächst
2850 2968 88 61 die
2971 2970 389 61 Lebensweise

1140 3080 176 43 etwas
1359 3064 243 58 änderte.
1648 3062 139 60 Und
1829 3062 150 60 dann
2015 3062 108 77 fing
2157 3087 57 35 er
2248 3087 89 45 an,
2382 3062 263 61 ernsthaft
2678 3066 87 56 die
2798 3062 187 78 Frage
3020 3071 150 52 einer
3197 3062 163 60 Orts*

1140 3155 391 78 Veränderung
1580 3165 52 51 in
1676 3156 248 60 Betracht
1973 3179 71 37 zu
2084 3156 211 60 ziehen.
2356 3156 125 60 Das
2524 3156 189 60 Klima
2754 3158 268 76 Luganos
3071 3156 151 61 hatte
3262 3153 96 62 sich

1141 3250 138 61 nicht
1336 3250 82 60 als
1475 3273 66 38 so
1598 3249 165 61 milde
1822 3250 434 77 herausgestellt,
2314 3258 107 52 wie
2479 3273 59 38 er
2585 3268 424 60 vorausgesetzt
3051 3250 169 70 hatte,
3278 3247 80 59 die

1141 3343 326 79 postalische
1498 3343 565 79 Abgeschlossenheit
2105 3344 133 61 aber
2270 3344 104 60 sich
2411 3344 80 61 als
2526 3368 94 36 um
2655 3368 66 39 so
2754 3344 292 61 störender
3080 3352 278 52 erwiesen.

1141 3438 147 60 Eine
1345 3437 413 78 Übersiedlung
1814 3437 132 61 nach
2006 3447 178 51 einem
2243 3438 112 61 Ort
2412 3447 53 51 in
2524 3438 96 60 der
2662 3438 272 71 Schweiz,
2995 3438 97 60 der
3147 3437 213 60 bessere

1141 3531 486 77 Postverbindung
1667 3541 99 51 mit
1799 3532 378 60 Deutschland
2218 3532 115 70 bot,
2375 3532 160 60 sollte
2576 3541 53 51 in
2665 3532 192 61 Kürze
2897 3556 106 37 vor
3033 3534 103 59 sich
3172 3530 184 77 gehen.

1220 3626 118 60 Mir
1388 3625 129 61 kam
1559 3626 101 61 das
1702 3628 139 58 nicht
1880 3628 127 59 sehr
2048 3626 320 61 erwünscht.
2411 3626 80 60 Ich
2534 3628 152 59 hatte
2727 3628 135 59 mich
2904 3628 132 59 nach
3078 3625 115 61 und
3234 3620 124 63 nach

1148 3728 54 51 in
1244 3720 89 60 die
1375 3720 326 61 italienische
1742 3719 236 79 Sprache
2021 3744 66 36 so
2131 3729 134 52 weit
2305 3720 506 76 hineingearbeitet,
2854 3720 111 61 daß
3008 3728 175 67 einige
3222 3715 138 61 Mo*

1146 3829 129 45 nate
1324 3813 261 79 längeren
1627 3813 372 62 Aufenthalts
2057 3823 73 52 im
2189 3814 364 61 italienischen
2595 3813 390 79 Sprachgebiet
3034 3807 324 81 ausgereicht

1147 3907 208 71 hätten,
1397 3908 135 60 mich
1573 3932 72 36 zu
1679 3917 178 51 einem
1899 3907 274 62 leidlichen
2211 3907 299 62 Gebrauch
2553 3907 98 62 der
2684 3907 237 77 Sprache
2953 3931 73 37 zu
3060 3904 298 74 befähigen.
