3709 4572
1761 480 235 51 Heinrieß
2025 476 312 51 Lautensaeß
2365 500 8 11 -
2408 475 116 51 Das
2563 472 230 52 Gefüßde

1153 486 97 50 330

1158 675 92 61 die
1290 673 346 80 gwaltsame
1667 672 117 60 Art
1824 679 110 52 wie
1976 668 102 61 du.
2123 666 262 63 Sondern
2427 666 75 60 idi
2545 663 127 61 hat/
2710 662 135 61 midi
2888 658 338 78 freiwillig
3265 682 130 38 ver*

1157 770 179 60 bannt
1375 792 35 53 g
1411 769 14 20 7
1426 766 151 61 habt,
1620 766 82 60 Idi
1744 764 111 61 hab
1896 764 126 75 abg
2023 762 14 21 7
2038 762 247 60 schloss
2288 761 17 22 7
2307 784 37 37 n
2385 759 187 78 g'habt
2611 766 98 51 mit
2749 755 167 61 allem
2941 752 347 62 Weltlichen,

1158 861 103 61 Du
1312 860 127 61 hast
1484 869 195 51 immer
1728 855 118 62 und
1893 864 196 52 immer
2136 853 216 62 wieder
2400 850 278 80 g'hofft,
2728 849 79 59 du
2847 846 184 61 kämst
3072 845 136 60 noch
3251 847 145 60 amal

1158 955 222 60 zurück,
1573 953 82 60 Ich
1713 949 136 62 aber
1906 948 111 61 hab
2018 948 15 20 7
2081 948 111 61 fest
2240 945 119 61 und
2408 944 152 61 stark
2607 957 281 53 vertraut,
2937 939 110 61 daß
3105 939 76 60 ich
3240 940 158 60 nicht

1158 1047 213 61 wieder
1403 1046 468 62 zurückkommen
1902 1042 202 61 brauch
2105 1042 16 20 7
2260 1049 107 52 nie
2401 1039 211 60 wieder
2644 1034 485 64 zurückkommen.
3274 1032 122 62 Das

2219 1122 7 7 \
2298 1105 2 26 '
2340 1117 12 10 ii
2363 1105 3 26 -
2519 1105 1 26 ■
2698 1105 70 26 '
2837 1105 42 23 Cr'
2926 1127 5 4 v
2931 1105 3 26 ,
3167 1105 3 26 -
3287 1105 1 26 ■

1159 1148 71 53 ist
1277 1141 101 60 der
1416 1138 174 78 große
1629 1134 396 73 Unterschied,
2067 1132 308 63 Helmtrud

1250 1247 438 64 Helmtrudis:
1738 1246 83 61 Ich
1871 1245 111 61 hab
1985 1245 15 20 7
2037 1254 91 51 nie
2178 1267 145 53 ganz
2363 1240 264 79 gglaubt,
2669 1239 110 61 daß
2822 1237 79 61 du
2940 1253 86 44 tot
3066 1244 193 52 wärst.
3318 1235 78 61 Ich

1169 1341 112 63 hab
1284 1343 15 20 7
1299 1366 29 36 s
1368 1349 90 53 nie
1496 1364 146 55 ganz
1684 1339 90 61 für
1812 1339 230 76 möglich
2085 1336 188 61 halten
2316 1335 226 60 können

1239 1437 238 59 Horst:
1529 1434 84 62 So
1653 1434 126 61 sind
1818 1433 91 61 die
1949 1432 250 59 Frauen.
2253 1430 101 60 Du
2394 1444 176 45 warst
2613 1435 196 51 immer
2848 1424 138 61 noch
3028 1421 132 61 hier.
3223 1420 178 79 Sogar

1162 1531 137 59 auch
1347 1529 104 61 tief
1601 1528 106 61 tief
1855 1527 230 61 zutiefst
2260 1524 74 60 da
2502 1522 73 61 da
2734 1519 74 61 da
2856 1518 241 61 drunten
3147 1538 115 38 wo.
3322 1515 78 61 So

1166 1623 129 63 sind
1337 1623 90 61 die
1467 1623 249 60 Frauen,

1244 1715 450 63 Helmtrudis:
1744 1715 82 60 Ich
1876 1714 110 61 hab
1991 1714 14 21 7
2047 1722 196 51 immer
2291 1735 35 54 g
2326 1711 16 20 7
2342 1710 221 77 glaubt,
2605 1707 109 61 daß
2757 1730 61 38 es
2859 1706 135 61 noch
3047 1702 203 62 einmal
3301 1726 66 37 an-

1166 1813 209 76 fangen
1416 1810 159 61 müßt
1576 1810 15 20 7
1728 1832 187 54 genau
1958 1808 92 71 da,
2092 1830 96 37 wo
2193 1808 15 20 7
2213 1830 26 37 s
2282 1805 109 61 auf
2423 1828 69 37 so
2535 1802 338 61 elementare
2904 1799 172 61 Weis
3077 1797 15 22 7
3132 1796 270 62 zwischen

1167 1929 108 37 uns
1321 1904 136 78 aufg
1458 1904 14 20 7
1473 1904 127 60 hört
1639 1903 98 61 hat

1243 1998 236 61 Horst:
1521 1997 61 77 Ja
1622 2006 54 66 ja
1831 2018 145 54 ganz
2015 1993 184 79 gewiß
2358 1992 75 59 ich
2475 1988 226 63 versteh
2704 1988 14 20 7
2758 1987 116 61 dich
2914 1984 383 62 vollkommen

1244 2090 449 63 Helmtrudis:
1738 2135 79 14 ...
1853 2088 139 61 Wie
2042 2096 103 51 wir
2193 2110 117 37 von
2352 2081 477 78 Konstantinopel
2878 2088 99 52 mit
2977 2079 14 21 7
2992 2103 56 36 m
3090 2077 315 62 Nordsüd*

1164 2185 209 77 expreß
1415 2183 237 77 heraufg
1652 2182 15 21 7
1669 2181 123 61 fahr
1793 2182 15 21 7
1808 2206 37 36 n
1886 2181 126 62 sind
2056 2229 80 13 ...
2182 2180 73 59 da
2296 2203 122 35 war
2459 2177 116 60 hier
2616 2186 55 51 in
2702 2176 186 60 Batau
2921 2172 479 61 Zollrevision,.,

1166 2279 169 61 Zwei
1375 2277 210 70 Herrn,
1625 2276 91 61 die
1755 2284 99 52 mit
1895 2299 106 37 uns
2043 2274 14 20 7
2058 2274 166 76 raufg
2241 2271 122 61 fahr
2365 2271 15 20 7
2380 2295 35 36 n
2451 2270 142 72 sind,
2627 2277 219 68 zeigten
2879 2290 108 38 uns
3021 2265 103 61 das
3158 2263 244 70 Kloster,

1167 2379 56 53 in
1265 2371 127 60 dem
1435 2370 77 61 du
1553 2371 85 60 bis
1672 2369 169 61 dahin
1882 2378 196 51 immer
2111 2368 134 58 noch
2281 2388 146 55 ganz
2460 2361 349 79 ahnungslos
2842 2377 277 44 warst.,.
3155 2360 99 60 Da
3285 2356 106 61 hab

1167 2465 76 59 ich
1285 2464 111 61 den
1436 2463 374 62 Steinhaufen
1850 2462 75 59 da
1965 2460 215 61 droben
2234 2472 87 49 <sie
2363 2465 158 50 deutet
2569 2463 165 49 zurück
2774 2462 160 49 durchs
2975 2462 199 49 Fenster
3223 2460 178 54 hinaus)

1168 2568 101 51 mit
1309 2567 195 52 seinen
1543 2554 382 64 flimmernden
1967 2553 281 79 goldenen
2290 2552 269 61 Kreuzen
2608 2549 110 61 auf
2758 2548 109 61 den
2917 2547 202 62 beiden
3158 2542 245 64 Türmen

1172 2652 118 61 und
1330 2661 97 51 mit
1468 2660 183 52 seiner
1690 2658 318 53 steinernen
2050 2648 227 75 Stiegen
2320 2646 83 59 bis
2446 2646 15 20 7
2464 2661 193 43 runter
2697 2667 73 36 an
2774 2643 15 21 7
2793 2666 36 36 n
2870 2642 150 61 Fluß
3061 2664 127 54 ang
3190 2641 15 20 7
3209 2639 113 63 seh
3327 2639 15 21 7
3345 2664 58 44 n,

1168 2746 84 61 als
1294 2745 76 61 ob
1412 2768 61 38 er
1512 2752 102 53 mir
1655 2744 203 61 bereits
1892 2751 55 51 in
1980 2741 284 61 manchem
2297 2735 216 64 Traum
2547 2737 315 61 erschienen
2895 2759 36 53 g
2934 2736 15 20 7
2953 2758 120 38 wes
3077 2735 17 21 7
3097 2758 36 36 n
3166 2742 122 52 wär
3290 2733 16 21 7
3327 2780 74 12 ,,.

1171 2840 82 60 Ich
1295 2846 202 63 meine,
1538 2836 103 61 das
1681 2835 126 62 Bild
1846 2835 129 62 kam
2015 2844 102 51 mir
2158 2858 67 37 so
2266 2855 99 54 gar
2399 2848 94 44 net
2533 2853 115 38 neu
2680 2853 106 37 vor
2823 2878 80 12 ...
2940 2852 67 38 so
3041 2852 101 53 gar
3175 2844 94 44 net
3303 2850 103 37 un*

1168 2932 339 62 bekannt,..

1247 3025 213 60 Horst
1502 3031 90 57 (als
1625 3029 63 50 oh
1721 3047 49 32 er
1802 3034 103 45 eine
1935 3027 422 52 wissenschaftliche
2389 3024 156 51 These
2575 3024 332 51 bewahrheitet
2946 3024 183 55 fände):
3171 3023 61 70 Ja
3256 3024 55 68 ja

1171 3117 131 63 sehr
1340 3118 197 76 richtig.
1702 3123 136 56 (Und
1859 3122 131 51 aber:
2022 3122 148 50 dieses
2193 3119 422 51 wissenschaftliche
2639 3119 231 60 Ergebnis
2894 3118 164 50 stände
3082 3123 46 43 in
3151 3114 255 52 absolutem

1169 3210 336 62 Widerspruch
1537 3215 83 43 mit
1653 3215 150 43 seiner
1835 3210 223 59 Religion,
2094 3227 61 30 an
2188 3208 72 49 die
2293 3225 50 30 er
2376 3205 389 50 unersdiütterlich
2798 3203 180 61 glaubt!
3010 3210 92 49 ~.)

1250 3288 452 63 Helmtrudis:
1745 3287 126 61 Das
1914 3296 70 52 ist
2023 3286 151 62 auch
2217 3295 125 52 eine
2382 3285 116 59 Art
2541 3282 297 71 Glauben,
2880 3282 210 70 Horst,
3132 3279 119 63 und
3290 3287 116 53 eine

1173 3384 118 62 Art
1324 3381 492 65 Glaubensstärke

1253 3478 237 59 Horst:
1533 3476 100 60 Bei
1660 3476 133 60 euch
1818 3475 233 61 Frauen
2183 3483 70 67 ja.
2297 3473 101 60 Bei
2423 3495 107 37 uns
2555 3470 288 62 Männern
2870 3469 297 77 allerdings
3191 3467 172 61 könnt
3365 3464 14 21 7
3382 3487 24 36 s

1176 3570 155 61 leicht
1370 3578 140 62 sein,
1552 3569 110 61 daß
1703 3592 61 38 es
1807 3593 108 37 nur
1954 3577 89 52 ein
2084 3567 359 77 nachträglich
2484 3564 589 62 hineinkonstruierter
3105 3559 301 63 Fatalis*

1176 3686 145 38 mus
1363 3672 176 61 wäre,
1581 3662 100 62 der
1721 3663 106 61 sich
1869 3662 146 62 Gott
2047 3671 83 52 sei
2163 3659 174 62 Dank
2376 3659 232 78 gelohnt
2648 3658 98 61 hat
2901 3657 104 61 das
3038 3655 169 70 heißt,
3248 3652 158 62 nach*

1175 3756 129 62 dem
1354 3756 103 62 das
1500 3756 345 62 Schlimmste
1893 3757 168 61 schon
2109 3756 200 61 vorbei
2357 3777 123 37 war
2530 3752 118 62 und
2695 3752 106 61 sich
2854 3751 137 61 alles
3040 3774 134 38 zum
3217 3747 189 61 Guten

1178 3850 265 62 wendete

2187 3942 204 55 (Pause.)
