3388 4572
957 484 235 49 Heinrich
1219 486 313 51 Lautensacß
1557 510 16 16 •
1603 489 116 49 Das
1757 489 229 50 Gefüßde

2488 493 91 49 325

435 692 129 38 von
606 669 246 61 Ruditi:
894 670 155 61 Hast
1089 670 78 61 du
1208 680 83 52 sie
1330 673 108 59 auf
1470 673 318 64 besondere
1828 676 212 61 Stellen
2081 676 395 78 hingewies'n?

433 763 211 59 Horst
687 769 225 55 (schüttelt
943 781 174 39 stumm
1148 777 84 43 mit
1263 772 105 49 dem
1400 773 169 61 Kopf),

433 878 130 37 von
596 854 225 62 Ruditi
861 864 336 60 (aufgebracht)
1208 882 10 31 :
1259 857 98 62 Sie
1391 858 103 62 soll
1528 859 111 63 den
1670 862 383 62 betreffenden
2086 863 208 61 Passus
2328 862 123 62 also
2484 886 99 55 gar

361 947 147 63 wohl
540 948 136 60 auch
710 948 136 61 noch
879 972 118 37 von
1030 949 222 61 selber
1286 951 184 62 finden
1613 956 172 60 was?
1927 955 176 62 Ohne
2128 956 125 76 jede
2277 956 158 61 Hilfe
2465 980 117 37 von

361 1042 184 61 deiner
586 1040 155 62 Seite
788 1041 115 61 läßt
952 1041 78 61 du
1079 1051 82 52 sie
1211 1042 195 62 dabei?
1457 1045 171 62 Ganz
1663 1096 11 12 .
1711 1096 9 12 ,
1762 1097 10 12 .
1816 1049 124 60 also
1989 1049 235 60 wirklich
2272 1073 146 54 ganz
2465 1073 118 38 von

361 1135 175 62 selber
576 1134 105 61 soll
723 1143 81 52 sie
846 1134 193 61 dTauf
1063 1134 294 63 kommen?
1498 1139 101 61 Du
1632 1140 167 61 willst
1830 1150 82 52 sie
1945 1165 320 55 sozusagen
2298 1143 285 60 allmäh»

360 1228 104 61 lieh
511 1226 133 60 reif
686 1225 198 61 dafür
924 1250 120 39 wer
1047 1228 16 21 7
1066 1252 37 35 n
1152 1228 205 62 lassen?
1371 1230 11 60 !
1425 1239 344 62 (Merkwürdig
1801 1242 131 55 fest):
1974 1234 126 62 Das
2140 1235 148 61 kann
2328 1236 75 60 ich
2444 1236 139 60 nicht

360 1319 298 79 zugeb'n,
699 1320 185 61 Horst
1039 1322 109 61 auf
1178 1346 116 53 gar
1334 1323 235 62 keinen
1609 1325 167 61 Fall.

433 1413 211 61 Horst
685 1421 273 62 (schweigt,)

432 1530 128 37 von
601 1506 226 61 Ruditi
875 1516 111 54 (sich
1026 1517 285 50 verzweifelt
1349 1518 85 47 auf
1439 1517 239 57 lehnend):
1734 1511 127 62 Das
1919 1536 154 37 arme
2121 1513 203 61 Mädel
2365 1515 100 59 —!
2509 1550 76 7 —-

358 1600 188 61 Kennt
586 1600 106 61 sich
734 1600 137 62 heut
874 1602 17 21 7
930 1601 268 62 vielleicht
1237 1611 55 52 in
1334 1612 181 52 einem
1557 1604 320 62 arabischen
1910 1606 201 62 Koran
2144 1607 136 60 noch
2314 1607 134 61 eher
2481 1631 102 37 aus

358 1692 78 61 als
477 1701 110 52 wie
751 1703 259 62 (Bezwingt
1042 1704 90 49 sich
1167 1704 212 56 wieder);
1421 1696 202 62 Lieber
1663 1722 103 54 sag
1768 1697 14 21 7
1824 1700 83 60 ich
1955 1699 84 61 ihr
2041 1700 17 20 7
2060 1723 27 38 s
2129 1700 208 71 selber,
2385 1701 201 70 Horst,

358 1785 131 61 aber
738 1786 135 61 aber
912 1789 107 60 auf
1052 1798 164 53 einen
1255 1789 165 77 jeden
1453 1789 126 62 Fall
1612 1791 136 61 muß
1781 1793 75 58 ich
1890 1809 192 45 zuerst
2114 1802 97 52 mit
2243 1793 109 62 den
2385 1793 200 62 Eltern

358 1878 113 60 und
502 1879 254 61 Brüdern
797 1882 278 77 sprechen,
1219 1883 102 61 Du
1363 1883 127 62 hast
1529 1884 134 61 midi
1705 1894 54 68 ja
1791 1908 117 38 nun
1941 1885 155 61 wohl
2128 1894 97 56 (ihn
2242 1894 237 51 brennend
2496 1915 87 30 an*

357 1978 188 57 sehend)
584 1973 300 78 genügend
926 1983 299 54 orientiert.
1368 1977 365 62 Außerdem:
1777 1978 146 62 hat's
1957 1979 84 61 dir
2073 2004 68 38 so
2175 1981 228 78 lang...
2440 1982 96 61 hat
2539 1983 17 21 7
2557 2006 28 38 s

357 2063 79 61 dir
484 2089 180 53 ganze
704 2076 119 52 vier
863 2067 260 62 Wochen
1165 2094 75 37 no
1245 2070 16 21 7
1301 2087 95 44 net
1443 2080 264 68 pressiert
1753 2081 100 51 mit
1908 2081 153 53 einer
2110 2073 475 79 diesbezüglichen

356 2156 338 80 Erklärung,
736 2183 67 36 so
845 2160 147 61 kann
996 2161 16 20 7
1015 2185 28 37 s
1085 2164 136 58 auch
1261 2164 139 59 noch
1440 2162 220 64 drei...
1705 2174 219 54 vier...
1961 2166 141 61 oder
2134 2167 291 63 höchstens
2460 2169 133 61 fünf

355 2245 157 81 Tage
560 2251 130 78 lang
738 2251 240 62 dauern!
1023 2263 393 56 (Entschlossen):
1460 2256 125 61 Das
1627 2258 149 59 Buch
1825 2258 75 61 da
1947 2259 168 61 nehm
2117 2260 18 20 7
2176 2261 75 60 ich
2291 2261 291 77 jedenfalls

353 2352 137 61 mit,
541 2343 111 61 daß
701 2344 79 60 du
783 2345 16 21 7
803 2368 27 37 s
871 2346 229 61 weißt!
1259 2355 207 55 (Bebend
1498 2363 83 42 mit
1614 2358 121 48 allen
1768 2358 215 57 Fibern):
2026 2352 141 61 Lind
2208 2353 124 71 dir,
2382 2354 201 70 Horst,

353 2444 184 68 zwing
539 2435 16 22 7
597 2435 76 60 ich
714 2453 189 45 zuerst
935 2439 136 60 noch
1106 2439 91 61 die
1237 2440 245 79 heilige
1514 2442 415 78 Versicherung
1961 2446 92 68 ab,
2096 2444 109 62 daß
2238 2444 79 62 du
2350 2446 84 60 ihr
2464 2470 118 38 von

353 2537 108 51 nix
502 2528 133 61 eher
675 2547 243 60 sagst,,,
963 2556 116 37 von
1120 2543 136 61 nix,
1297 2536 201 71 Horst,
1537 2560 117 37 von
1696 2537 71 60 all
1771 2538 16 21 7
1829 2537 145 62 dem.

430 2621 236 61 Horst:
709 2622 126 61 Das
877 2623 389 79 Versprechen
1306 2626 147 62 kann
1504 2630 75 59 ich
1630 2628 82 61 dir
1752 2628 147 63 beim
1946 2631 198 61 besten
2187 2631 216 62 Willen
2444 2633 138 61 nicht

351 2713 195 78 geben.

428 2830 134 37 von
602 2807 225 63 Ruditi
866 2816 218 59 (scharf):
1125 2811 185 63 Was?

427 2900 213 61 Horst
682 2909 215 61 (ringend
930 2917 82 44 mit
1042 2913 150 49 Atem
1223 2932 57 30 so
1311 2921 89 44 wie
1434 2922 83 43 mit
1548 2917 221 57 Gefühl):
1820 2910 102 61 Du
1970 2913 268 60 möchtest
2285 2923 133 67 jetzt
2464 2936 118 38 von

353 2990 115 63 hier
498 3003 98 51 mit
628 2994 99 62 der
758 2995 91 61 für
880 2997 134 61 mich
1048 3008 185 67 wenig
1265 3001 502 63 schmeichelhaften
1791 3003 284 79 Meinung
2107 3006 330 77 Weggehen,
2472 3007 110 61 daß

352 3083 72 60 ich
459 3086 303 63 Helmtrud
802 3098 104 52 seit
946 3114 228 36 unserm
1207 3091 382 64 Wiedersehn
1631 3105 152 52 einer
1815 3097 117 61 Art
1964 3097 382 80 Kasteiung
2385 3115 197 46 unter»

353 3178 173 61 werfe
651 3183 179 60 was?!
866 3183 143 61 Und
1040 3209 179 37 zwar:
1256 3187 82 60 ich
1372 3211 123 37 nur
1527 3197 96 52 sie
1650 3191 127 60 —!!
1813 3191 179 61 Einer
2014 3215 195 38 sowas
2235 3202 111 53 wie
2370 3194 211 59 fleisch»

352 3267 165 62 liehen
550 3274 135 59 und
718 3275 297 62 seelischen
1040 3276 309 80 Abtötung
1372 3281 131 60 —?!
1644 3282 80 77 Ja,
1759 3282 224 77 glaubst
2014 3284 79 61 du
2119 3285 167 70 denn,
2319 3286 82 59 ich
2435 3285 145 61 leide

353 3362 162 60 nicht
554 3374 98 52 mit
690 3366 84 61 ihr
813 3370 169 60 mit?!

430 3478 130 37 von
593 3456 225 64 Ruditi
851 3475 193 56 (zwingt
1076 3477 127 44 seine
1225 3472 191 50 Stimme
1438 3474 173 59 nieder,
1644 3493 56 31 so
1722 3475 106 50 sehr
1849 3493 50 32 er
1923 3495 88 30 nur
2032 3477 164 59 kann):
2230 3469 80 61 Im
2343 3469 232 79 übrigen

353 3545 111 61 find
524 3549 72 59 ich
639 3550 103 61 das
783 3554 403 79 hundsgemein
1228 3582 116 37 von
1386 3558 109 71 dir,
1543 3569 99 51 mit
1683 3569 152 53 einer
1874 3562 158 60 Frau
2072 3571 56 52 in
2168 3572 146 51 zwei
2355 3564 218 61 solchen

353 3638 441 66 Hotelzimmern
827 3651 646 70 zusammenzuhausen,
1505 3675 168 38 wenn
1707 3676 131 37 man
1863 3655 136 59 auch
2025 3677 108 37 nur
2157 3663 123 53 eine
2305 3655 270 64 Sekunde

352 3729 127 78 lang
526 3741 161 53 einen
734 3737 216 64 solchen
991 3741 190 62 Schritt
1227 3752 55 52 in
1322 3743 186 78 bezug
1556 3745 107 61 auf
1702 3745 83 61 ihr
1832 3769 208 53 ganzes
2092 3747 245 63 ferneres
2379 3750 193 63 Leben

351 3823 200 63 vorhat
591 3826 81 62 als
713 3839 110 52 wie
864 3832 129 63 du!!

427 3916 213 65 Horst
678 3934 82 51 (ist
790 3933 116 49 nicht
939 3940 61 45 im
1033 3937 255 49 mindesten
1320 3938 476 61 zusammengezuckt)
1810 3956 10 36 :
1863 3931 82 61 Ich
1979 3931 131 64 bitte
2141 3933 115 62 dich
2291 3959 98 37 um
2420 3937 152 62 Ent»
