3720 4572
1851 457 235 50 Heinrieß
2115 457 312 50 Lautensaeß
2454 480 9 12 ■
2499 456 116 50 Das
2653 454 231 52 Gefüßefe

1240 460 94 50 304

1321 652 62 60 H
1392 649 351 63 elmtrudis
1789 657 177 55 {schreit
1999 656 122 54 auf):
2161 648 81 59 Ich
2285 646 144 61 kenn
2434 647 16 20 7
2485 646 134 61 doch
2662 644 110 61 den
2805 644 218 77 Anzug
3055 644 100 59 —!
3198 643 144 61 Von
3374 647 65 61 da-

1249 745 141 61 mals
1424 745 99 58 —!
1575 743 163 60 Vom
1780 742 504 75 Schiffsuntergang
2316 741 100 58 —!
2471 740 123 59 Das
2637 738 267 77 Einzige,
2953 760 123 37 was
3127 736 78 61 du
3254 757 221 55 gerettet

1246 840 127 60 hast
1405 839 99 58 —!
1550 839 132 58 Den
1725 835 125 61 hast
1890 834 78 61 du
2010 834 266 77 ang'haht
2307 835 99 58 —!

1321 933 57 59 P,
1409 931 193 60 Felix
1639 943 195 54 {geniert
1867 936 105 49 fast
2008 935 80 48 Zu
2123 940 148 43 seiner
2293 936 128 47 Frau
2454 934 97 48 und
2582 953 60 29 zu
2664 935 43 47 P.
2737 933 287 56 Guardian):
3059 925 132 60 Den
3225 924 83 61 ihr
3339 940 137 51 zwei

1244 1041 223 61 gestern
1510 1033 54 51 in
1607 1023 377 76 Alt-Oetting
2025 1022 93 59 für
2157 1022 135 59 midi
2332 1020 226 78 gekauft
2591 1020 136 61 habt
2994 1027 90 55 <Er
3117 1025 170 50 lädielt.
3322 1027 78 50 Zu
3432 1030 43 50 P.

1254 1126 290 56 Guardian):
1588 1117 279 68 Verzeih,
1918 1116 172 60 lieber
2138 1113 217 62 Bruder
2405 1113 364 61 Burkhardus
3054 1118 134 57 {Und
3219 1119 167 50 wieder
3424 1141 56 32 zu

1245 1226 152 43 seiner
1430 1221 169 53 Frau):
1644 1209 145 61 Und
1831 1232 59 38 er
1930 1209 133 78 paßt
2104 1217 101 51 mir
2245 1217 54 66 ja
2340 1207 136 60 auch
2518 1207 152 60 noch,

1323 1306 58 60 P,
1429 1303 384 63 Guardian:
1858 1303 134 60 Den
2034 1300 456 77 Schillerkragen,
2542 1300 109 61 den
2700 1298 456 72 neumodischen,
3207 1298 109 61 den
3357 1298 104 63 hab
3465 1303 14 20 7

1250 1397 136 61 aber
1419 1397 76 60 ich
1523 1397 139 60 nicht
1686 1395 261 77 gewählt.
2079 1403 91 54 {Er
2203 1413 132 48 sagte
2368 1401 105 49 das:
2510 1401 127 49 leicht
2669 1400 319 50 humoristisch
3019 1400 367 60 protestierend.)

1255 1491 130 60 Das
1425 1514 122 37 war
1580 1490 177 62 Sache
1799 1489 192 61 deiner
2022 1489 174 60 Frau,
2341 1488 79 77 Ja,
2464 1486 107 61 den
2614 1486 97 61 hat
2742 1495 83 52 sie
2866 1488 167 59 schon
3066 1510 106 37 aus
3205 1486 275 64 München

1250 1584 370 78 mitgebracht.
1767 1592 224 54 {Heiter):
2031 1582 211 61 Zumal
2492 1589 163 52 einen
2690 1579 148 61 solch
2874 1579 369 70 heidnischen,
3282 1589 55 66 ja
3369 1579 82 62 bei-

1250 1678 112 60 nah
1366 1679 16 21 7
1410 1678 276 78 sündigen
1711 1678 252 76 Kragen,
1998 1676 108 61 den
2140 1676 186 59 hätten
2353 1683 102 52 wir
2480 1684 54 67 ja
2560 1674 135 60 auch
2722 1683 53 51 in
2803 1673 129 61 dem
2965 1696 217 55 ganzen
3216 1673 264 64 frommen

1254 1772 432 61 Wallfahrtsort
1729 1771 394 76 Alt-Oetting
2165 1770 106 59 auf
2304 1792 99 54 gar
2443 1768 198 60 keinen
2681 1767 125 61 Fall
2857 1767 90 61 für
2988 1767 114 61 dich
3144 1766 338 65 bekommen,

1330 1866 57 61 P,
1420 1866 196 61 Felix
1653 1874 255 54 {sinnend):
1935 1865 86 59 Er
2048 1865 203 59 scheint
2283 1871 101 52 mir
2408 1872 55 66 ja
2488 1862 182 60 selber
2697 1861 134 61 auch
2858 1870 89 52 ein
2972 1861 197 61 bisserl
3195 1885 74 36 zu
3299 1861 180 63 »frei«,

1329 1959 424 61 Helmtrudis
1798 1965 295 56 {verschämt.
2129 1963 284 61 Erglühend.
2448 1964 185 54 Braut):
2675 1955 79 76 Ja,
2797 1954 136 61 aber
2961 2002 10 13 .
3004 2003 10 13 .
3046 2001 11 12 .
3093 1961 110 52 wie
3236 1954 129 59 sollt
3367 1954 15 20 7
3414 1958 68 57 ich

1251 2051 150 61 denn
1424 2098 46 14 ~.
1536 2051 291 77 jemals.,,
1864 2050 165 60 deine
2069 2050 576 75 Kragennummer
2670 2096 48 13 ~
2747 2096 11 11 ,
2808 2046 163 61 deine
3012 2046 373 63 Halsweite
3422 2073 60 36 so

1255 2168 188 55 genau
1484 2170 35 52 g
1522 2145 15 21 7
1541 2145 157 60 wußt
1738 2144 110 60 hab
1852 2144 15 21 7
1871 2167 36 36 n

1329 2239 57 60 P,
1433 2238 356 61 Guardian
1832 2245 159 54 {lacht,-
2022 2262 55 31 so
2111 2245 118 48 recht
2261 2248 263 56 gutmütig),

1328 2333 55 60 P,
1418 2332 194 61 Felix
1662 2346 101 50 {um
1798 2358 48 29 es
1883 2340 110 48 kurz
2026 2358 60 29 zu
2120 2337 226 56 machen):
2389 2330 169 59 Also,
2603 2328 211 61 Lieben
2848 2327 230 61 Brüder.
3118 2327 206 61 Allen
3365 2328 120 60 euch

1253 2426 177 61 ohne
1479 2425 399 61 Ausnahme
1930 2434 221 52 meinen
2201 2424 210 61 Dank.
2468 2424 123 59 Der
2650 2422 75 60 ich
2778 2421 165 71 doch,
2991 2421 145 61 recht
3184 2421 303 71 betrachtet,

1255 2520 118 61 hier
1424 2543 107 37 nur
1582 2528 90 52 ein
1723 2519 477 77 Eindringling
2248 2542 122 37 war
2420 2526 53 51 in
2524 2539 198 38 euerer
2773 2515 432 61 Gemeinschaft,
3264 2515 221 60 Meinen

1258 2613 197 61 Dank
1497 2613 190 68 dafür,
1730 2612 109 61 daß
1881 2612 83 61 ihr
1997 2613 133 58 mich
2171 2610 324 78 geduldet
2528 2609 150 61 habt.
2723 2608 278 70 Obwohl,
3041 2617 110 50 wie
3186 2608 105 59 sich
3295 2608 15 20 7
3314 2631 25 36 s
3371 2617 117 66 jetzt

1267 2723 111 45 erst
1428 2706 357 62 herausstellt
1941 2704 231 61 obwohl
2224 2704 75 60 ich
2353 2703 234 61 niemals
2637 2702 174 78 gültig
2859 2726 75 35 zu
2984 2702 133 59 euch
3168 2699 327 79 hergehörte,

1255 2800 92 60 Ihr
1394 2801 161 59 müßt
1596 2800 143 60 eben
1773 2798 313 71 bedenken,
2125 2798 236 70 Brüder,
2406 2798 109 60 daß
2551 2796 143 62 Gott
2727 2820 60 37 es
2822 2806 55 51 in
2910 2803 213 54 seinem
3156 2794 338 60 unerforscht

1265 2894 169 59 liehen
1481 2892 299 61 Ratschluß
1831 2915 66 37 so
1946 2892 229 76 gewollt
2217 2891 108 61 hat.
2374 2891 142 60 Und
2558 2890 224 61 darum:
2826 2900 165 51 zürnt
3031 2897 103 51 mir
3174 2887 139 60 nicht
3352 2887 137 69 nadi,

1262 2987 222 60 wofern
1542 2987 76 60 ich
1678 2986 160 69 euch,
1899 2985 183 77 gewiß
2140 2984 590 77 unschuldigerweise,
2788 2991 89 52 ein
2925 2981 275 79 Ärgernis
3257 2980 232 79 gegeben

1272 3080 183 60 haben
1497 3079 177 61 sollte,

1340 3173 55 60 P,
1429 3173 262 60 Rochus
1728 3186 78 48 {ist
1846 3179 73 49 bei
1954 3178 87 50 den
2074 3178 267 50 allerersten
2377 3178 167 61 obigen
2579 3179 204 49 Worten
2817 3197 97 31 von
2947 3178 47 50 P.
3029 3179 132 49 Felix
3195 3179 297 59 eingetreten).

1338 3266 58 61 P,
1433 3264 434 61 Edmundus:
1917 3263 295 62 Vielmehr
2245 3273 87 51 ein
2366 3264 262 78 Beispiel,
2669 3263 170 62 lieber
2871 3263 218 62 Bruder
3121 3263 179 70 Felix,
3333 3273 159 48 warst

1263 3358 82 60 du
1395 3382 108 37 uns
1556 3382 117 37 von
1721 3368 69 67 je.
1848 3357 143 61 Und
2039 3357 217 61 solltest
2306 3381 59 37 es
2417 3381 107 37 uns
2576 3358 133 60 auch
2759 3381 117 37 von
2920 3357 144 61 Gott
3111 3356 246 79 gegeben
3402 3375 59 54 ge-

1264 3476 193 37 wesen
1499 3462 137 53 sein,

1339 3546 57 63 P,
1433 3546 255 61 Rochus
1724 3553 190 61 {drängt
1937 3553 89 49 sich
2049 3559 127 48 vor):
2205 3545 149 61 Eine
2379 3545 207 77 Frage,
2614 3545 88 61 die
2727 3554 99 51 mit
2852 3545 128 60 dem
3007 3546 182 59 ferner
3193 3544 14 20 7
3211 3568 34 35 n
3273 3540 219 63 Seelen*

1264 3639 109 61 heil
1417 3663 201 37 unsers
1663 3639 344 77 ehemaligen
2049 3639 248 61 Bruders
2438 3639 162 60 Felix
2742 3638 520 76 zusammenhängt,

1340 3733 59 61 P,
1443 3733 194 61 Felix
1681 3741 344 55 {vorstellend):
2062 3734 150 60 Herr
2252 3734 165 60 Pater
2457 3733 221 61 Rochus
2820 3742 183 51 meine
3045 3732 172 59 Frau,

1342 3827 58 61 P,
1444 3828 276 61 Rochus:
1764 3827 361 77 Angenehm,

1343 3921 54 60 P,
1443 3921 381 61 Guardian:
1869 3922 142 60 Was
2057 3921 87 60 für
2186 3930 125 52 eine
2351 3921 205 75 Frage,
2598 3920 163 61 Pater
2801 3920 254 61 Rochus?
