3700 4572
1174 470 96 49 296

1781 471 235 50 Heinrieß
2046 471 311 50 Lautensadi
2381 495 11 12 •
2427 471 116 50 Das
2583 470 231 51 Gefüßde

1176 658 100 62 der
1315 683 131 37 man
1488 661 90 59 die
1616 659 236 61 Absicht
1894 658 168 61 kaum
2104 659 377 61 anzumerken
2521 659 277 71 brauchte,
2849 658 109 61 den
3003 658 306 64 Genossen
3349 672 54 51 in

1174 753 110 60 den
1326 753 287 78 Abgrund
1662 777 72 36 ZU
1784 753 200 60 Stoßen
2006 798 44 14 ..
2077 779 48 34 ,«
2186 762 121 54 <Das
2349 766 151 44 zitiert
2539 780 48 30 er
2722 766 81 43 mit
2843 761 105 48 sehr
2987 761 91 48 viel
3121 761 286 60 bayerischer

1173 846 289 61 Klangfarbe
1587 865 97 31 von
1716 851 149 45 einem
1897 846 415 60 Amtsgerichtsrat
2351 847 84 49 Dr,
2469 847 135 49 Erich
2638 847 215 49 Wulfen.
2895 847 114 49 Und
3041 852 202 50 weiter):
3283 840 121 63 »Es

1173 932 227 61 handelt
1455 934 106 58 sich
1618 931 207 61 hierbei
1884 955 96 36 um
2036 940 125 52 eine
2217 940 162 52 meist
2438 932 275 78 blitzartig
2768 932 106 60 auf
2876 932 324 61 leuchtende
3240 932 162 61 Vor*

1169 1026 264 77 Stellung,
1491 1025 91 61 die
1631 1026 104 60 sich
1784 1049 133 36 zum
1968 1025 383 61 unbewußten
2408 1025 139 61 oder
2595 1026 305 61 bewußten
2949 1026 256 61 Wunsch
3263 1029 136 60 nicht

1168 1128 194 52 immer
1394 1119 433 62 verdichtet...«
1864 1127 115 54 <Mit
2013 1125 257 50 erhobener
2302 1127 232 54 Stimme):
2582 1119 202 61 »Aber
2816 1143 69 37 so
2918 1119 298 78 zwingend
3249 1119 145 62 kann

1169 1211 152 62 diese
1372 1212 676 79 Gedankenverbindung
2096 1212 307 71 auftreten,
2462 1212 109 62 daß
2620 1213 100 60 der
2760 1212 234 62 Freund
3042 1213 183 61 neben
3275 1213 125 62 dem

1168 1306 367 71 Freund,,.,
1584 1307 99 60 der
1725 1306 174 62 Gatte
1940 1307 181 61 neben
2163 1306 101 61 der
2305 1306 329 71 Gattin..,,
2685 1307 99 60 der
2825 1306 160 62 Sohn
3043 1306 182 61 neben
3276 1307 126 61 dem

1166 1400 187 61 Vater
1395 1400 90 61 die
1526 1401 374 77 Vorstellung
1942 1401 140 60 nicht
2121 1401 425 60 auszuschalten
2586 1424 247 53 vermag.
2885 1401 95 77 Ja,
3023 1424 67 37 es
3131 1401 269 61 werden

1165 1492 191 63 Fälle
1381 1494 340 71 berichtet,
1751 1494 124 61 daß
1895 1495 386 76 Ehegatten
2308 1494 124 61 auf
2449 1494 114 61 der
2581 1495 544 61 Hochzeitsreise
3150 1494 249 62 diesem

1165 1586 781 79 Assoziationszwange
1988 1588 442 77 beiderseitig
2556 1588 462 77 beiderseitig!
3165 1604 235 45 unter*

1165 1682 250 77 lagen.«
1578 1682 142 61 Und
1768 1682 103 61 das
1922 1699 202 45 nennst
2172 1682 78 61 du
2299 1683 224 70 Sünde,
2572 1683 216 61 Bruder
2835 1683 194 61 Felix?
3080 1682 141 61 Und
3271 1683 129 60 des*

1164 1797 199 54 wegen
1406 1774 108 61 bist
1555 1776 77 59 du
1674 1776 178 61 hier??

1240 1885 58 60 P.
1342 1885 219 61 Felix;
1621 1886 168 76 Leg's
1839 1886 136 61 noch
2027 1886 202 60 einmal
2279 1910 67 37 so
2397 1886 476 61 wissenschaftlich
2927 1910 132 37 aus:
3121 1909 60 38 es
3231 1885 169 61 bleibt

1162 1976 215 64 Sünde,
1419 1978 182 61 Bleibt
1641 1974 332 66 Todsünde,
2017 1979 88 60 Es
2147 1988 70 51 ist
2256 1979 197 62 Mord.
2499 1979 142 61 Und
2681 1979 305 79 deswegen
3029 1979 93 61 bin
3164 1979 77 61 ich
3283 1978 115 62 hier

1164 2070 117 61 und
1320 2072 168 62 büße,

1237 2181 59 59 P,
1343 2180 378 62 Guardian;
1773 2181 132 61 Frei
1958 2181 190 61 fühlen
2199 2182 159 60 sollst
2406 2182 77 60 du
2534 2182 114 60 dich
2697 2205 116 38 von
2863 2182 184 61 dieser
3087 2191 303 52 vermeint*

1160 2272 166 61 liehen
1378 2272 226 62 Schuld!
1664 2274 150 60 Laut
1861 2275 337 61 ausschrePn
2247 2275 180 59 möcht
2430 2276 16 19 7
2495 2276 76 58 ich
2614 2275 154 61 diese
2808 2275 166 61 deine
3013 2275 206 77 völlige
3262 2275 132 59 Un*

1160 2366 210 61 schuld!
1530 2367 139 61 Auf
1710 2367 99 61 der
1857 2369 542 61 Hochzeitsreise
2449 2378 160 50 einen
2660 2367 203 61 einmal
2911 2367 276 78 gehegten
3229 2369 167 59 seit*

1157 2483 233 38 samen
1432 2458 148 64 Tod
1590 2486 69 36 es
1670 2464 286 69 wünsch,
2007 2463 109 61 den
2166 2463 232 61 schreibt
2446 2487 69 37 er
2674 2486 68 38 er
2791 2463 354 77 nachträglich
3197 2472 55 52 in
3295 2461 98 61 das

1159 2555 369 61 schwärzeste
1569 2555 147 61 Buch
1768 2555 118 61 und
1933 2557 113 59 will
2088 2555 168 61 dafür
2298 2566 89 52 ein
2427 2557 193 61 Leben
2661 2557 131 76 lang
2838 2557 190 61 büßen
3059 2557 100 59 —!
3316 2555 78 75 Ja,

1157 2648 171 61 weißt
1370 2648 77 61 du
1490 2649 173 70 denn,
1712 2658 110 52 wie
1864 2651 80 59 oft
1984 2649 267 63 vielleicht
2299 2651 167 61 deine
2506 2651 182 61 Frau
2737 2652 183 60 neben
2963 2651 84 59 dir
3087 2674 35 53 g
3125 2651 16 20 7
3145 2651 88 77 leg
3235 2651 17 21 7
3254 2674 36 36 n
3332 2658 43 52 is
3381 2649 13 21 7

1156 2751 55 51 in
1245 2742 109 61 den
1389 2743 262 61 dreizehn
1678 2740 198 81 Tagen
2007 2743 442 78 denselbigen
2476 2743 322 63 Gedanken
2833 2745 313 59 unbewußt
3179 2742 215 79 hegend

1157 2835 119 61 und
1315 2835 94 61 ihn
1451 2836 150 60 dann
1643 2846 99 51 mit
1782 2846 182 51 einem
2007 2836 291 78 gesunden
2325 2836 330 79 Verlangen
2697 2837 132 60 nach
2863 2846 152 51 einer
3048 2837 343 60 neuerlichen

1157 2929 360 79 Umarmung
1559 2931 209 60 einfach
1814 2931 309 61 abtötend?
2271 2940 92 55 <Er
2411 2939 245 61 empfindet
2698 2957 81 43 gar
2827 2940 141 57 nicht,
3018 2939 90 51 daß
3160 2958 48 31 er
3254 2939 140 50 damit

1157 3023 141 48 schier
1317 3029 174 51 verrät,
1523 3024 90 50 daß
1646 3042 50 30 er
1717 3024 74 50 die
1815 3025 131 49 Frau
1980 3025 144 49 kennt
2138 3027 32 53 !)
2332 3018 165 61 Aber
2546 3019 76 58 ich
2671 3018 107 76 geh
2783 3018 15 20 7
2840 3041 170 54 sogar
3050 3019 137 58 noch
3230 3025 156 52 einen

1155 3108 190 62 Schritt
1385 3119 211 52 weiter.
1757 3112 207 61 Dieser
2003 3112 245 59 einfache
2288 3112 265 59 seltsame
2598 3107 529 76 »Todeswunsch«,
3169 3113 109 60 den
3319 3110 72 60 du

1156 3202 74 61 da
1273 3202 244 79 hegtest,
1566 3203 263 61 entstand
1870 3229 105 35 aus
2017 3213 196 51 weiter
2252 3213 95 51 nix
2388 3204 83 60 als
2513 3229 105 35 aus
2660 3204 222 61 deinem
2924 3204 466 63 Selbsterhal*

1154 3297 403 79 tungstrieb!
1610 3298 189 60 Durch
1842 3298 89 61 die
1971 3298 275 61 Hochzeit
2293 3300 159 59 sahst
2492 3298 78 61 du
2612 3300 115 59 dich
2769 3300 83 61 als
2894 3300 359 61 Individuum
3292 3321 98 55 ge*

1155 3391 234 61 fährdet.
1425 3391 115 61 Die
1571 3390 426 63 Flitterwochen
2030 3391 202 61 kamen
2266 3391 83 61 dir
2383 3392 439 61 schwindelnder
2855 3417 107 36 vor
2996 3394 136 59 noch
3169 3392 80 61 als
3283 3399 106 52 wie

1152 3485 98 61 der
1292 3485 225 61 höchste
1550 3486 146 78 Berg
1738 3486 117 60 und
1897 3486 100 61 der
2036 3485 352 78 gähnendste
2420 3486 303 78 Abgrund,
2769 3486 83 63 So
2892 3486 172 79 glaub
3067 3488 16 20 7
3117 3497 103 50 mir
3253 3485 131 60 doch

1152 3589 88 51 ein
1284 3589 211 69 wenig,
1538 3580 99 61 der
1678 3580 76 61 ich
1796 3590 89 51 ein
1927 3580 196 63 bisserl
2163 3606 123 35 was
2331 3580 192 61 davon
2565 3582 223 61 versteh
2793 3583 15 19 7
2824 3583 10 60 !
2995 3582 141 59 Und
3187 3580 201 60 daher

1152 3673 115 61 der
1306 3673 739 79 Assoziationszwang
2064 3676 98 58 —-!
2293 3682 277 61 (Klagend):
2613 3674 80 78 Ja,
2733 3700 221 35 warum
2989 3676 127 59 hast
3149 3674 76 60 du
3258 3671 127 60 mich

1151 3766 147 61 denn
1324 3784 95 43 net
1446 3767 189 61 früher
1653 3776 53 51 in
1725 3767 184 61 dieses
1928 3767 127 61 dein
2074 3768 437 61 vermeintliches
2529 3768 359 61 Verbrechen
2916 3766 333 80 eingeweiht
3257 3762 125 61 —?!

1151 3860 89 53 <Er
1273 3860 117 49 sieht
1423 3860 89 48 sich
1545 3880 94 29 um.
1673 3861 97 48 Als
1803 3861 63 48 ob
1899 3879 50 30 er
1971 3861 237 50 erwachte.
2243 3862 70 49 Er
2333 3862 159 49 schaut
2526 3864 86 48 auf
2628 3862 74 50 die
2718 3862 118 49 Uhr,
2871 3862 71 49 Er
2963 3862 131 49 kehrt
3114 3867 88 42 wie
3225 3855 161 53 zurück

1151 3956 61 29 zu
1244 3937 81 50 der
1356 3936 248 61 Tatsache,
1646 3938 91 51 daß
1770 3941 81 47 der
1883 3940 342 61 Zweispänner
2264 3946 82 43 mit
2380 3940 80 49 der
2495 3941 165 50 Gräfin
2694 3941 154 60 längst
2880 3941 85 48 auf
2994 3940 103 49 dem
3131 3941 128 56 Weg
3291 3940 94 44 sein
