3421 4572
964 500 237 50 Heinrich
1229 500 311 50 Lautensacß
1569 524 9 12 -
1612 501 117 49 Das

2499 504 92 47 279

370 698 192 63 Eltern
595 693 191 59 deiner
818 691 158 59 Frau
1010 689 338 77 überhaupt,
1390 689 109 61 daß
1534 689 78 61 du
1645 689 181 79 längst
1860 691 138 60 nicht
2031 691 156 60 mehr
2220 700 55 51 in
2307 691 284 60 München

368 793 121 66 bist,
530 785 245 63 sondern
817 783 218 61 hierher
1077 783 108 59 auf
1608 785 276 60 versetzt?

442 900 56 59 P.
541 895 215 60 Felix:
800 893 125 60 Das
967 901 212 51 wissen
1219 901 83 51 sie
1330 939 10 13 .
1373 940 10 13 ,
1416 940 10 13 .
1472 892 161 61 nicht!
1779 893 141 61 Von
1962 902 103 51 mir
2106 917 105 37 aus
2257 902 337 67 wenigstens

370 992 155 64 nicht!

443 1086 51 60 P,
536 1080 399 63 Edmundus
978 1094 156 48 <wenn
1169 1086 111 50 auch
1312 1088 107 49 sehr
1449 1088 230 50 schweren
1712 1089 257 56 Herzens);
2013 1080 106 62 Na
2159 1081 150 61 also!
2454 1081 141 60 Und

370 1176 256 64 vielleicht
667 1198 122 36 war
831 1174 98 58 der
968 1173 165 59 Pater
1175 1171 301 63 Guardian
1517 1196 100 53 gar
1658 1174 467 77 deinetwegen
2168 1174 89 61 die
2299 1174 117 61 drei
2450 1170 145 80 Tag'

371 1283 48 51 in
461 1269 306 61 München!

442 1366 54 59 P.
536 1363 192 60 Felix
770 1368 142 56 <steht
945 1373 100 45 eine
1078 1368 159 50 Weile
1269 1368 149 61 völlig
1449 1370 323 60 unschlüssig).

442 1458 52 59 P,
529 1455 397 61 Edmundus
969 1461 235 55 (Hebevoll
1238 1461 281 61 drängend):
1562 1455 135 59 Wir
1729 1455 207 61 wollen
1979 1456 136 60 noch
2157 1465 89 51 ein
2287 1455 195 61 bisserl
2525 1465 72 49 im

372 1552 211 60 Garten
628 1549 238 59 drunten
910 1549 107 59 auf
1052 1549 117 59 und
1209 1549 239 76 abgehn.
1593 1550 236 58 Komm!

443 1645 54 60 P,
526 1643 191 61 Felix
751 1650 378 56 (entschlossen):
1165 1643 81 59 Ich
1280 1643 113 59 will
1426 1667 134 35 zum
1592 1643 163 61 Pater
1783 1641 314 63 Guardian,
2239 1643 87 59 Er
2359 1651 69 51 ist
2463 1641 133 61 dodi

371 1739 194 59 zurück
600 1738 105 60 —?

445 1831 54 60 P.
543 1829 426 61 Edmundus:
1014 1829 123 61 Der
1178 1829 166 61 Pater
1387 1828 302 62 Guardian
1739 1828 143 61 wird
1923 1828 170 61 müde
2134 1852 117 37 von
2294 1828 99 60 der
2432 1828 169 61 Reise

372 1932 132 61 sein,
546 1923 108 60 daß
697 1947 59 37 er
797 1925 139 58 nicht
976 1946 116 37 von
1133 1922 183 62 selber
1357 1923 182 78 längst
1580 1922 475 61 herein'kommen
2098 1931 45 52 is
2148 1922 15 22 7
2169 1970 12 13 .

445 2017 54 60 P,
531 2016 371 61 Oswaldus
936 2025 102 54 (der
1067 2030 88 44 seit
1180 2024 239 50 mehreren
1442 2025 222 48 Minuten
1687 2025 138 48 schon
1849 2024 89 49 den
1960 2022 397 61 Zeitungsartikel
2380 2022 222 50 brocken-'

372 2114 134 44 weise
537 2115 74 43 ein
644 2115 187 43 zweites
865 2110 106 48 Mal
1004 2110 207 57 vorliest,
1244 2110 160 48 erhebt
1435 2115 127 43 seine
1594 2110 213 56 Stimme,
1843 2109 67 49 als
1943 2128 50 30 er
2025 2109 115 48 eben
2174 2109 74 49 bei
2282 2109 149 49 dieser
2464 2109 140 48 Stelle

372 2196 229 61 anlangt);
649 2189 201 59 »Aber
899 2189 186 59 hatten
1128 2198 81 50 sie
1251 2212 66 36 so
1359 2189 146 61 viele
1546 2189 212 61 andere
1801 2187 282 61 arabische
2133 2187 218 63 Scheiks
2394 2187 210 61 vorher

374 2283 153 58 nicht
567 2281 346 77 geschenkt
953 2283 390 75 gemocht...«
1387 2283 136 61 Hm.
1566 2281 179 63 Sollte
1778 2280 90 61 die
1901 2281 158 60 Frau
2092 2304 67 37 so
2194 2280 407 61 abscheulich

372 2384 115 51 sein
530 2375 140 60 oder
710 2399 122 37 was
869 2377 105 58 —?

447 2467 55 62 P.
537 2468 398 60 Konradus:
977 2468 176 61 Nein,
1198 2467 166 61 Aber
1405 2468 352 60 standhaft
1790 2492 123 36 war
1946 2477 81 51 sie
2060 2467 174 70 wohl,
2270 2467 233 77 solange
2539 2491 62 37 es

374 2561 185 76 irgend
598 2571 144 67 ging.
788 2561 299 61 Standhaft
1119 2586 118 36 zur
1269 2562 201 61 Wehr
1503 2562 141 60 wird
1678 2572 81 51 sie
1792 2563 106 60 sich
1931 2585 34 53 g
1966 2562 15 20 7
1983 2577 143 45 setzt
2159 2561 109 59 hab
2272 2561 17 21 7
2290 2585 57 46 n,
2389 2585 67 37 so
2492 2561 109 61 daß

374 2653 181 60 keiner
596 2665 98 51 mit
733 2653 83 61 ihr
856 2678 68 36 so
964 2655 146 59 recht
1151 2679 122 35 was
1307 2653 335 78 anzTangen
1675 2679 35 53 g
1713 2656 16 20 7
1733 2655 158 61 wußt
1924 2655 97 59 hat
2054 2655 118 59 und
2205 2664 81 50 sie
2319 2664 153 50 einer
2506 2679 94 34 um

371 2746 107 60 den
511 2747 231 72 andern,
775 2747 296 61 schließlich
1098 2747 361 79 überdrüssig
1484 2747 326 79 geworden,
1846 2758 194 52 immer
2080 2772 74 36 an
2196 2747 109 61 den
2338 2747 263 61 nächsten

375 2848 189 52 weiter
603 2866 133 35 zum
776 2841 234 61 Präsent
1049 2843 228 59 machte.

374 2947 86 52 (Er
492 2949 155 59 sprach
681 2951 82 48 das
798 2951 302 49 anscheinend
1131 2951 218 49 harmlos.
1392 2952 150 61 Sogar
1575 2957 84 43 mit
1692 2957 147 44 einem
1873 2957 229 55 gewissen
2134 2952 171 56 Ernst,
2337 2958 44 55 ja
2413 2951 189 49 Pathos.

690 3028 179 48 Wofür
902 3028 94 48 ihm
1028 3027 73 49 die
1134 3027 174 51 andern
1341 3034 84 44 mit
1457 3028 366 50 unterdrücktem
1856 3029 177 49 Lachen
2067 3028 218 56 danken.)

449 3118 52 61 P,
545 3120 398 63 Edmundus
986 3136 80 50 (zu
1099 3130 47 51 P,
1181 3130 174 56 Felix):
1400 3123 214 61 Komm
1618 3125 17 20 7
1677 3123 161 61 doch!

451 3210 57 62 P.
537 3212 192 63 Felix
756 3224 134 53 (reißt
924 3224 88 48 sich
1047 3243 284 37 zusammen,
1365 3224 244 49 soldatisch
1635 3225 106 58 fast,
1774 3225 96 48 und
1893 3225 123 48 dann
2039 3225 205 60 gemacht
2266 3224 146 56 laut):
2444 3217 160 61 Gute

379 3302 198 73 Nacht,
609 3308 149 60 Herr
783 3309 529 77 Bezirksgeometer,
1345 3311 93 60 Bis
1466 3334 231 54 morgen
1725 3311 143 60 früh,
1906 3311 253 61 Schlafen
2186 3311 95 61 Sie
2313 3328 113 60 gut.
2463 3311 141 60 Und

587 3409 257 52 träumen
887 3402 95 62 Sie
1024 3412 89 50 ein
1153 3404 247 76 wengerl
1442 3427 115 35 von
1599 3403 151 61 Ihrer
1790 3404 183 60 Frau!

452 3488 374 81 Pfaffinger
866 3503 144 53 (steht
1043 3504 91 49 auf.
1178 3506 201 58 Ergreift
1411 3504 46 49 P.
1494 3504 145 49 Felix'
1672 3504 143 49 Hand
1849 3504 96 49 und
1976 3504 97 49 hält
2105 3509 66 44 sie
2204 3503 105 48 sehr
2341 3504 101 47 fest.
2489 3504 115 49 Wie

375 3593 72 43 ein
480 3591 372 58 Ertrinkender):
897 3588 95 61 Sie
1033 3589 127 60 sind
1199 3614 67 35 so
1307 3606 100 60 gut
1445 3614 75 34 zu
1562 3597 102 51 mir
1703 3611 36 53 g
1741 3589 16 20 7
1760 3611 120 38 wes
1884 3589 16 21 7
1904 3612 51 36 n.
2008 3588 141 60 Und
2188 3598 108 65 jetz
2300 3588 17 21 7
2359 3588 110 60 hab
2472 3588 14 21 7
2528 3592 74 57 ich

375 3682 122 52 eine
537 3678 181 61 solche
758 3681 244 62 Unruhe
1044 3683 139 60 über
1223 3683 95 60 Sie
1359 3682 231 75 bringen
1631 3682 251 60 müssen!

451 3769 56 61 P.
549 3772 216 60 Felix:
808 3775 122 60 Hat
977 3776 167 60 nichts
1194 3799 74 36 zu
1308 3798 201 53 sagen,
1550 3775 151 60 Herr
1739 3774 532 77 Bezirksgeometer.
2323 3775 163 61 Nein

377 3863 253 60 wirklich!

452 3953 202 64 Pfaffi
664 3982 180 53 nger:
889 3962 122 59 Hat
1052 3962 133 59 doch
1228 3977 178 43 etwas
1448 3984 74 36 zu
1564 3983 199 52 sagen.
1806 3960 160 60 Hoch
1970 3959 235 62 würden
2247 3960 151 61 Herr
2439 3963 165 60 Pater
