3706 4572
1173 437 94 50 274

1782 440 235 50 Heinrich
2046 441 313 50 Lautensack
2430 441 115 51 Das
2584 441 231 51 Gefüßcfe

1173 629 157 61 Frau
1366 629 329 62 Geistlicher
1726 629 231 61 werden
1999 629 177 62 sollte.
2218 630 166 60 Aber
2426 630 99 61 der
2566 640 87 60 ist,
2694 632 170 59 kaum
2907 630 110 63 daß
3060 656 59 37 er
3160 633 90 61 die
3291 646 121 52 nie®

1173 723 172 61 deren
1387 723 250 61 Weihen
1681 722 335 77 empfangen
2058 722 165 70 hatte,
2265 723 319 76 gestorben.

2010 832 218 54 (Wieder
2261 837 102 45 eine
2396 834 162 54 Stille.)

1249 926 242 60 Prater
1532 926 164 60 Max
1738 934 197 54 <kommt
1966 939 83 42 mit
2081 934 80 48 der
2182 935 285 60 Nachspeise
2500 935 96 48 und
2627 936 203 49 versieht
2863 936 133 50 dabei
3032 936 275 64 gleichzeitig
3339 945 69 45 ein

1170 1019 217 61 jedesmal
1404 1044 33 12 -
1456 1019 81 48 das
1570 1019 111 48 muß
1715 1037 48 30 er
1795 1018 137 49 schon
1956 1037 55 30 so
2034 1024 59 43 im
2119 1019 129 49 Griff
2262 1020 150 48 haben
2515 1020 72 50 die
2604 1021 335 51 Anwesenden
2965 1028 82 43 mit
3069 1042 166 32 neuem
3257 1024 151 57 Stoff).

2170 1104 251 56 <Sodann):

1245 1182 397 76 Pfaffinger:
1701 1180 447 79 Hochwürdiger
2204 1183 152 59 Herr
2403 1183 165 61 Pater
2615 1184 187 70 Felix,
2862 1185 75 59 ich
2989 1187 180 59 möcht
3172 1187 15 21 /
3236 1187 171 63 Ihnen

1167 1275 261 60 natürlich
1462 1292 95 43 net
1582 1275 129 60 weh
1736 1291 119 44 tun.
1894 1275 150 60 Also
2079 1274 96 62 Sie
2208 1277 276 59 brauchen
2519 1286 101 52 mir
2653 1302 106 36 nur
2791 1288 88 51 ein
2907 1288 178 69 einzig
3088 1281 16 20 7
3108 1303 25 37 s
3153 1279 257 65 Wörterl

1167 1394 74 35 zu
1282 1369 157 78 sag'n
1598 1368 117 61 und
1756 1371 76 58 ich
1874 1369 105 60 hör
1983 1369 15 21 7
2040 1369 184 60 sofort
2264 1369 212 61 wieder
2516 1371 173 61 damit
2730 1372 115 61 auf.
2900 1372 85 61 Es
3029 1382 70 51 ist
3142 1373 111 61 fast
3293 1385 112 52 rein

1167 1486 107 37 nur
1315 1486 104 37 aus
1461 1462 328 78 Mitgefühl,
1832 1462 109 60 daß
1983 1463 75 59 ich
2063 1462 15 22 7
2082 1486 27 37 s
2153 1462 183 78 frage,-
2375 1463 136 60 aber
2552 1465 75 58 ich
2670 1463 112 60 hab
2785 1465 16 20 7
2843 1466 202 60 vorhin
3089 1475 163 52 einen
3295 1467 112 62 Ort

1166 1580 224 38 nennen
1433 1557 176 61 hören
1753 1556 96 62 Sie
1890 1556 184 61 haben
2116 1557 126 60 Ihre
2283 1557 142 61 liebe
2464 1557 159 61 Frau
2664 1561 292 59 verloren?

1244 1650 56 60 P.
1341 1650 194 60 Felix
1576 1664 205 48 (unterm
1813 1658 284 49 Anrauchen
2140 1664 124 45 einer
2304 1659 191 48 frischen
2528 1660 261 60 Virginia):
2817 1651 134 61 Wir
2985 1653 281 61 befanden
3301 1679 102 37 uns

1166 1744 108 61 auf
1316 1744 99 61 der
1455 1744 466 61 Hochzeitsreise.
1980 1744 84 61 Ich
2114 1768 120 37 war
2283 1745 350 77 bayerischer
2683 1747 257 61 Offizier,
3009 1747 86 61 Es
3147 1772 121 36 war
3316 1772 88 37 am

1166 1838 360 61 dreizehnten
1574 1833 127 81 Tag
1757 1861 232 37 unserer
2045 1838 147 61 Ehe.
2253 1839 132 60 Wir
2434 1839 230 61 wollten
2840 1851 183 51 meine
3078 1842 158 60 Frau
3286 1866 118 37 war

1164 1933 139 59 reich
1433 1941 123 51 eine
1597 1932 167 60 Reise
1805 1956 95 36 um
1943 1932 89 60 die
2058 1932 165 61 Welt
2262 1933 242 61 machen.
2549 1933 142 61 Von
2727 1933 216 63 Genua
2975 1959 124 37 aus.
3144 1936 81 60 Ich
3259 1936 144 62 hatte

1164 2049 136 37 vom
1341 2026 84 60 Re
1428 2026 16 20 7
1447 2044 152 42 ment
1648 2034 161 50 einen
1860 2025 379 77 halbjährigen
2281 2026 226 60 Urlaub
2556 2050 106 37 vor
2711 2036 118 52 mir.
2890 2027 96 61 Da
3145 2037 75 51 im
3263 2027 149 63 Golf

1164 2142 115 36 von
1336 2118 178 60 Aden
1705 2119 392 76 verunglückte
2156 2142 170 36 unser
2382 2119 175 61 Schiff.
2631 2120 269 61 Versank
2956 2123 133 58 nach
3147 2131 254 68 wenigen

1164 2211 284 61 Minuten.
1493 2211 199 61 Meine
1725 2211 158 60 Frau
1923 2211 211 61 befand
2173 2213 106 59 sich
2328 2222 98 50 mit
2467 2213 212 61 andern
2713 2215 232 60 Frauen
2979 2239 331 37 zusammen
3351 2225 50 51 in

1164 2304 128 61 dem
1326 2313 252 69 einzigen
1612 2304 431 78 Rettungsboot,
2078 2304 102 61 das
2214 2303 367 80 klargemacht
2614 2307 232 61 werden
2879 2307 227 62 konnte.
3151 2309 88 61 Es
3273 2311 131 59 muß

1162 2398 286 78 gekentert
1481 2408 136 51 sein.
1654 2398 80 60 Ich
1771 2422 122 36 war
1924 2422 116 37 von
2073 2399 154 75 jeher
2260 2407 87 52 ein
2382 2416 162 60 guter
2571 2399 373 63 Schwimmer,
2981 2402 166 61 Aber
3180 2411 55 52 in
3263 2403 138 61 dem

1162 2492 191 61 Sturm
1521 2492 86 60 Es
1649 2491 169 62 stand
1858 2501 188 69 später
2088 2501 54 51 in
2185 2491 143 62 allen
2370 2492 342 79 Zeitungen,
2755 2493 130 72 daß,
2926 2495 322 77 abgesehen
3288 2520 112 37 von

1160 2594 146 52 zwei
1339 2585 323 70 Matrosen,
1697 2586 75 59 ich
1808 2585 99 61 der
1940 2595 214 67 einzige
2186 2586 399 61 Überlebende
2610 2612 139 38 war.
2784 2589 83 59 Ich
2893 2590 214 60 wachte
3147 2613 73 37 an
3255 2599 146 52 einer

1160 2679 208 79 Klippe
1420 2704 92 36 am
1552 2680 148 60 Ufer
1749 2680 116 60 auf.
1928 2679 167 72 Quer
2144 2681 140 60 über
2335 2690 181 51 einem
2557 2681 212 63 Balken
2811 2681 248 79 liegend,
3111 2683 99 62 der
3250 2684 150 61 wohl

1157 2783 183 52 meine
1380 2774 243 76 Rettung
1664 2773 267 61 bedeutet
1980 2774 162 61 hatte.
2204 2774 236 61 Unweit
2478 2798 118 37 von
2637 2784 103 52 mir
2780 2786 89 50 ein
2912 2777 487 77 Schwimmgürtel,

1156 2867 145 59 Von
1336 2866 126 60 dem
1495 2866 183 60 Leder
1712 2866 182 60 dieses
1931 2866 235 60 Gürtels
2201 2867 109 59 hab
2316 2868 15 20 7
2365 2868 74 60 ich
2474 2868 370 61 zweieinhalb
2878 2864 126 83 Tag
3008 2871 15 20 7
3057 2871 202 77 gelebt,
3293 2880 105 50 wie

1159 2960 99 60 der
1297 2961 243 76 Hunger
1580 2960 544 77 wiedergekommen
2170 2985 137 37 war.
2581 2963 156 60 Darf
2770 2965 75 58 ich
2887 2963 173 63 Ihnen
3104 2975 125 51 eine
3260 2966 141 61 Vir®

1164 3062 148 69 ginia
1353 3052 291 61 anbieten?

1234 3146 378 78 Pfaffinger
1645 3154 157 54 (schon
1837 3173 85 30 aus
1946 3155 273 61 Mitgefühl)
2233 3174 10 33 :
2288 3149 81 59 Ich
2412 3149 93 61 bin
2547 3173 67 38 SO
2651 3150 115 61 frei,
2812 3159 217 55 (Nimmt,
3057 3160 144 50 Dann
3220 3172 178 38 unterm

1156 3247 304 55 Anrauchen)
1481 3264 10 37 ;
1535 3239 153 61 Also
1731 3239 136 61 doch
1913 3288 84 13 ...
2040 3249 72 52 im
2157 3240 152 62 Golf
2342 3290 76 12 ...
2459 3266 118 36 von
2610 3243 203 61 Aden!
2945 3244 78 62 Ist
3064 3245 104 61 das
3211 3255 88 51 ein
3332 3267 64 38 so

1161 3357 102 55 gar
1303 3332 359 80 gefährliches
1703 3334 267 61 Wasser?

1236 3428 58 62 P.
1339 3427 217 61 Felix:
1601 3428 81 60 Ich
1724 3428 147 61 weiß
1913 3429 138 60 nicht
2095 3478 45 14 ~.
2223 3429 87 63 Es
2352 3455 124 37 war
2519 3431 193 62 Sturm
2758 3480 44 14 ~,

1232 3520 404 78 Pfaffinger:
1695 3521 260 62 Nämlich
1999 3522 141 61 eben
2183 3523 155 61 diese
2378 3525 433 78 geographische
2852 3526 386 77 Bezeichnung
3277 3548 116 38 war

1155 3622 101 53 mir
1289 3638 68 38 so
1392 3614 245 62 bekannt
1662 3615 462 77 vorgekommen,
2158 3619 168 59 schon
2359 3619 165 77 gleich
2551 3628 110 52 wie
2686 3620 153 60 Herr
2863 3620 164 61 Pater
3052 3617 342 64 Edmundus

1156 3732 61 37 es
1259 3709 199 61 vorhin
1500 3709 212 61 erzählt
1752 3709 111 62 hat.
1990 3711 82 60 Ich
2109 3711 109 61 hab
2222 3713 16 20 7
2271 3713 227 61 nämlich
2533 3730 330 60 vorgestern
2907 3715 117 60 und
3057 3715 136 61 auch
3226 3713 167 61 heute

1156 3802 210 60 wieder
1493 3803 257 61 zweimal
1786 3803 452 62 hintereinander
2363 3829 116 37 von
2515 3815 179 53 einem
2727 3808 212 76 großen
2967 3805 423 78 Schiffsunglück

1154 3903 54 51 in
1260 3894 141 61 eben
1444 3896 211 62 diesem
1701 3896 151 62 Golf
1895 3921 117 38 von
2054 3898 176 61 Aden
2281 3899 242 77 gelesen.
2582 3899 88 63 Es
2721 3909 68 51 ist
2841 3901 136 61 aber
3026 3901 124 61 kein
3198 3899 193 61 Name
