3743 4572
1912 491 180 50 ACßert
2118 491 301 50 Eßrenstein
2454 512 9 12 *
2498 488 279 61 Begräßnis

1229 495 93 50 356

1230 686 110 61 daß
1389 685 90 61 die
1519 685 204 60 Mama
1768 681 242 61 »leider«
2063 681 140 59 nicht
2249 704 75 36 zu
2364 680 206 60 Hause
2618 687 72 53 ist
2846 686 82 52 sie
2978 677 118 60 und
3147 679 89 61 die
3276 676 179 70 Tante

1228 779 209 77 Fanny
1469 778 224 61 können
1728 774 267 62 einander
2025 783 341 68 gegenseitig
2397 773 140 62 nidit
2578 771 324 63 ausstehen.
2944 771 82 60 Ich
3060 771 111 61 hah
3204 783 82 51 sie
3317 798 140 53 ganz

1228 896 155 54 gern,
1416 881 81 52 sie
1529 870 160 60 redet
1721 868 130 62 sehr
1875 877 206 67 wenig,
2109 867 167 61 dafür
2307 867 106 61 soll
2446 889 129 37 man
2610 865 135 61 aber
2777 865 136 61 auch
2947 864 83 61 ihr
3055 874 54 51 in
3135 874 150 52 einer
3302 863 156 68 Tour

1233 963 278 62 erzählen.
1562 963 109 60 Ich:
1719 962 135 61 »Sie
1896 969 209 51 wissen
2156 959 155 70 doch,
2361 959 110 61 daß
2513 958 90 61 die
2644 954 185 65 Tante
2871 967 55 51 in
2966 957 364 63 Floridsdorf
3360 985 63 53 ge-

1234 1057 229 64 storben
1512 1066 120 52 ist.«
1685 1056 119 62 Sie:
1862 1056 115 77 »Ja,
2028 1055 75 59 ich
2152 1053 146 61 habe
2349 1053 90 61 die
2479 1053 164 60 Parte
2695 1062 54 51 in
2791 1052 99 61 der
2930 1052 250 77 Zeitung
3219 1055 235 74 gelesen.

1229 1151 201 62 Weißt
1469 1150 79 62 du
1588 1150 287 70 vielleicht,
1916 1173 125 36 was
2084 1157 80 51 sie
2204 1146 257 79 gekostet
2502 1146 161 61 hat?«
2712 1146 270 76 »Dreißig
3024 1145 288 62 Gulden.«

1308 1244 499 61 »Unverschämt.«
1844 1242 175 60 Dann
2046 1240 136 62 aber
2210 1240 147 61 hatte
2382 1241 75 59 ich
2483 1263 186 53 genug
2702 1240 117 60 und
2845 1239 254 70 erklärte,
3125 1237 99 63 der
3241 1240 217 65 Doktor

1230 1338 145 61 habe
1407 1347 103 50 mir
1541 1336 209 78 infolge
1784 1345 154 52 eines
1972 1333 404 63 schleichenden
2409 1333 542 61 Bronchialkatarrhs
2985 1331 103 63 das
3114 1333 195 61 Reden
3332 1358 126 38 ver*

1228 1433 189 61 boten,
1456 1427 331 81 »Traurig,«
1826 1446 159 61 sagte
2025 1429 92 61 die
2147 1424 187 65 Tante
2368 1428 117 60 und
2518 1428 106 61 ließ
2667 1451 61 38 es
2762 1427 164 61 dabei
2959 1436 73 50 im
3065 1427 393 77 Ungewissen,

1232 1526 76 61 ob
1348 1535 82 52 sie
1470 1524 91 61 die
1601 1522 395 63 Verstorbene
2038 1522 173 61 damit
2250 1530 200 63 meine,
2493 1521 139 61 oder
2672 1521 150 62 mich.
2867 1519 174 61 Dann
3085 1519 134 61 aber
3259 1519 199 65 konnte

1232 1630 81 52 sie
1354 1620 105 61 sich
1502 1618 135 61 doch
1680 1618 140 61 nicht
1862 1616 303 71 enthalten,
2204 1639 74 38 zu
2312 1615 214 78 fragen,
2559 1639 123 37 was
2715 1623 104 53 wir
2851 1613 137 63 heut
3020 1639 75 35 zu
3126 1615 207 77 Mittag
3363 1639 96 54 ge*

1235 1712 136 61 habt
1411 1712 203 61 hätten.
1657 1711 114 61 Als
1812 1711 279 60 Antwort
2131 1709 101 61 bot
2272 1709 75 61 ich
2390 1707 82 61 ihr
2505 1707 505 63 Salmiakzuckerln
3050 1730 92 48 an,
3176 1716 81 52 sie
3298 1709 160 62 nahm

1232 1808 119 61 und
1390 1806 75 61 ob
1507 1815 81 52 sie
1629 1805 229 62 hierauf
1889 1820 199 63 gesagt
2128 1803 118 61 hat:
2286 1803 132 62 »Sie
2458 1801 98 63 hat
2596 1825 61 39 es
2700 1801 414 63 überstanden«
3158 1801 140 61 oder
3341 1803 117 62 »die

1230 1900 186 61 Arme
1458 1899 97 61 hat
1596 1898 390 77 ausgelitten«,
2028 1907 71 50 ist
2138 1905 102 51 mir
2281 1897 138 59 nicht
2458 1894 158 62 mehr
2657 1894 331 62 erinnerlich.
3032 1894 173 61 Denn
3246 1904 54 51 in
3341 1895 118 62 dem

1233 1993 352 79 Augenblick
1625 1993 129 61 kam
1798 1992 98 61 der
1935 1992 179 59 kleine
2147 1989 162 62 Felix
2349 1998 84 52 ins
2475 1989 253 61 Zimmer
2768 1988 118 61 und
2926 1988 265 62 widmete
3232 1989 105 61 sich
3372 1991 89 60 der

1233 2083 211 74 Tante,
1484 2086 266 61 nachdem
1804 2086 77 59 ich
1922 2084 135 60 mich
2099 2093 98 51 mit
2237 2082 108 62 den
2387 2083 252 61 Worten
2686 2082 115 61 »Ich
2845 2083 133 60 muß
3020 2083 190 60 lernen
3251 2083 203 78 gehen«

1230 2180 417 62 verabschiedet
1695 2178 164 61 hatte.
1922 2177 180 62 Sollte
2151 2178 76 60 ich
2268 2177 267 61 vielleicht
2575 2176 99 61 der
2714 2171 185 65 Tante
2940 2175 212 78 Fanny
3191 2177 269 71 erzählen,

1238 2275 109 60 daß
1388 2274 90 61 die
1519 2269 185 64 Tante
1746 2272 194 63 Selma
1980 2294 100 55 gar
2121 2271 139 60 nicht
2306 2269 302 78 gestorben
2658 2276 108 62 sei,
2815 2276 103 52 mir
2958 2278 340 68 wenigstens
3346 2270 114 76 jede

1234 2368 144 61 ihrer
1417 2366 572 78 Handbewegungen
2029 2388 108 38 vor
2168 2365 217 76 Augen
2427 2363 185 71 stand,
2653 2361 84 63 ihr
2777 2361 362 63 freundlicher
3170 2363 144 61 Blick
3355 2364 106 61 und

1234 2462 126 77 jede
1401 2462 99 61 der
1530 2460 396 63 Einzelheiten
1959 2459 148 61 ihres
2135 2458 325 61 Gesichtes?
2499 2457 178 62 Sollte
2710 2457 77 59 ich
2820 2478 193 55 sagen,
3046 2457 106 59 roh
3186 2457 117 61 und
3336 2457 124 61 doch

1234 2556 186 70 wahr,
1469 2556 140 59 nicht
1657 2563 89 52 ein
1799 2552 129 80 Jahr
1976 2551 156 62 mehr
2182 2551 139 62 oder
2368 2559 249 69 weniger
2664 2549 163 61 sollte
2876 2557 88 52 ein
3006 2549 236 61 Mensch
3292 2549 166 70 leben,

1234 2648 211 61 darauf
1483 2648 225 61 komme
1759 2670 61 38 es
1877 2647 139 60 nicht
2067 2669 98 47 an,
2213 2646 167 60 schon
2422 2645 128 61 weil
2592 2643 101 61 das
2735 2642 193 62 Leben
2978 2643 133 61 nach
3152 2643 198 78 Jahren
3396 2666 64 38 zu

1233 2741 198 62 zählen
1474 2758 178 44 etwas
1696 2740 290 62 unendlich
2028 2739 263 62 Falsches
2334 2747 81 53 sei
2460 2787 10 13 .
2509 2786 12 14 .
2561 2786 10 14 .
2634 2737 179 63 Sollte
2861 2739 76 59 ich
2987 2760 200 55 sagen,
3238 2737 107 61 daß
3392 2737 66 60 ich

1238 2835 198 62 keinen
1478 2834 372 62 Unterschied
1891 2834 273 61 zwischen
2203 2831 307 62 Lebenden
2552 2831 117 61 und
2701 2826 189 66 Toten
2931 2831 207 70 mache,
3180 2830 73 62 da
3285 2839 101 52 wir
3413 2839 47 66 ja

1234 2953 116 37 von
1390 2929 201 61 beiden
1633 2929 432 78 gleicherweise,
2105 2949 169 38 wenn
2315 2934 104 52 wir
2460 2934 97 52 mit
2598 2949 107 37 uns
2747 2925 162 61 allein
2959 2925 145 70 sind,
3152 2925 166 60 nichts
3368 2923 60 61 be-

1235 3031 174 52 sitzen
1459 3022 82 61 als
1594 3031 123 52 eine
1765 3020 157 61 mehr
1972 3020 140 60 oder
2159 3018 216 61 minder
2422 3036 172 43 matte
2643 3018 360 77 Erinnerung
3052 3018 146 61 ihrer
3247 3015 214 64 Gestalt

1237 3114 117 61 und
1401 3114 146 61 ihres
1588 3114 285 69 Wesens,
1926 3112 99 61 des
2075 3112 217 76 Klangs
2352 3111 145 61 ihrer
2545 3111 233 62 Stimme
2836 3111 118 61 und
3011 3111 99 61 der
3158 3112 116 60 Art
3328 3108 132 62 ihrer

1237 3207 242 73 Gesten,
1521 3217 125 52 eine
1688 3207 364 76 Erinnerung
2093 3205 280 77 übrigens,
2418 3205 171 61 deren
2621 3205 292 61 Intensität
2954 3206 139 60 nicht
3126 3203 200 63 einmal
3366 3202 94 60 ab*

1237 3302 202 78 hängig
1481 3311 69 52 ist
1597 3325 117 38 von
1766 3301 130 61 dem
1939 3300 199 62 Grade
2180 3299 99 62 der
2319 3299 131 62 Zu*
2490 3299 140 61 oder
2671 3300 378 77 Abneigung,
3091 3299 91 61 die
3222 3306 100 54 wir
3361 3295 98 59 den

1235 3396 289 63 einzelnen
1557 3395 551 79 entgegenbrachten.
2143 3394 162 79 Jeder
2335 3394 351 77 vernünftige
2710 3393 258 71 Mensch,
3002 3393 98 61 der
3133 3401 161 53 einen
3326 3388 134 62 öko*

1237 3490 316 61 nomischen
1596 3488 304 62 Gebrauh
1942 3497 182 53 seiner
2165 3488 132 61 Zeit
2344 3511 75 37 zu
2461 3488 225 60 mähen
2735 3485 271 79 gewohnt
3054 3495 97 61 ist,
3199 3483 141 62 wird
3379 3480 79 61 die

1237 3579 188 65 Toten
1467 3584 170 60 lieber
1670 3582 264 62 kommen
1977 3581 119 62 und
2127 3582 180 77 gehen
2340 3581 173 62 sehen
2555 3581 82 61 als
2673 3581 90 59 die
2795 3579 323 61 Lebenden,
3162 3581 122 59 Der
3314 3584 145 52 sinn*

1238 3677 129 61 lihe
1408 3677 313 71 Eindruck,
1771 3677 108 60 auf
1921 3676 109 61 den
2071 3675 92 62 die
2210 3683 234 54 meisten
2485 3683 360 69 angewiesen
2894 3673 279 70 scheinen,
3222 3681 70 52 ist
3342 3668 116 60 dem

1240 3771 174 61 feiner
1446 3771 427 79 Organisierten
1909 3770 346 71 entbehrlih,
2290 3793 168 54 sogar
2490 3770 181 76 lästig,
2704 3785 161 44 sonst
2890 3767 198 62 würde
3115 3767 102 60 das
3250 3766 208 74 längere

1240 3864 131 61 Zeit
1411 3864 307 62 währende
1759 3864 141 62 oder
1942 3864 134 61 auh
2118 3887 107 36 nur
2265 3862 369 63 wiederholte
2674 3861 475 62 Zusammensein
3190 3868 96 50 mit
3327 3855 131 60 den*

1240 3956 191 61 selben
1473 3958 283 61 Personen
1799 3968 82 51 sie
1922 3959 139 60 niht
2102 3965 97 52 mit
2237 3967 163 67 jenen
2443 3955 292 62 Gefühlen
2776 3955 296 70 versehen,
3114 3955 89 59 die
3243 3972 126 39 man
3408 3953 49 50 in
