3395 4572
938 477 237 49 Heinricß
1203 478 314 49 Lautensacß
1545 503 7 10 •
1587 479 117 48 Das
1742 480 232 50 GeCüßde

2477 485 95 49 287

341 682 51 51 in
432 668 181 60 dieser
644 664 411 61 Zwischenzeit
1194 667 644 75 gezwungenermaßen!
1984 686 179 43 etwas
2198 694 34 53 g
2236 671 15 20 7
2255 670 136 62 habt
2422 672 113 60 hätt
2538 673 14 19 7
2554 723 17 20 ,

341 786 61 39 so
441 769 155 50 wäre
638 757 102 61 das
783 766 194 52 immer
1018 756 136 62 doch
1189 781 106 37 nur
1326 775 193 61 purste
1545 760 160 61 force
1731 771 249 66 majeure
2013 786 35 54 g
2052 764 15 19 7
2072 785 119 38 wes
2196 764 16 20 7
2215 788 55 44 n,
2306 765 116 60 und
2455 766 116 60 ihre

341 855 120 62 Ehe
493 850 200 62 würde
724 875 107 37 vor
862 850 185 76 jedem
1074 851 301 61 deutschen
1400 852 215 61 Richter
1641 856 587 78 nichtsdestoweniger
2261 858 83 60 als
2378 866 193 54 immer

340 949 124 63 noch
512 971 73 35 zu
634 945 170 60 Recht
850 945 314 60 bestehend
1212 945 311 61 anerkannt
1570 948 231 61 werden
1961 950 140 60 über
2149 950 191 62 diesen
2389 953 182 61 Punkt

340 1044 88 60 hat
467 1049 77 51 sie
583 1039 106 60 sich
731 1037 393 61 wohlweislich
1169 1038 269 61 ebenfalls
1479 1063 184 37 zuvor
1701 1065 188 53 genau
1931 1042 317 78 erkundigt!

409 1134 55 59 P,
506 1131 423 61 Edmundus;
972 1131 295 61 Immerhin
1310 1133 175 75 ergibt
1524 1134 106 60 sich
1667 1133 89 61 für
1789 1137 132 58 mich
1956 1136 229 71 daraus,
2219 1137 111 62 daß
2364 1147 81 52 sie
2478 1148 89 52 ein

337 1225 371 77 lebendigeres
752 1223 220 61 Gefühl
1014 1225 90 59 für
1146 1223 193 63 diesen
1380 1226 316 79 Zwiespalt
1745 1226 122 73 hat,
1919 1230 83 61 als
2044 1240 109 51 wie
2195 1231 99 61 der
2335 1233 231 72 Richter,

337 1322 91 59 der
468 1319 128 59 nach
639 1316 129 62 dem
808 1334 158 43 toten
1006 1317 353 61 Buchstaben
1401 1319 101 60 des
1546 1320 281 63 Gesetzes
1870 1324 204 61 urteilt:
2133 1333 81 52 sie
2267 1325 144 61 fühlt
2459 1327 106 59 sich

336 1413 311 76 schuldiger,
689 1413 82 59 als
815 1420 110 52 wie
966 1420 81 52 sie
1089 1411 90 61 die
1220 1413 283 77 Meinung
1545 1415 133 60 aller
1719 1416 213 60 andern
1974 1416 140 61 hält!

404 1508 237 59 Frater
680 1506 164 60 Max
888 1519 111 51 (tritt
1032 1518 87 46 ein.
1154 1514 155 50 Unter
1343 1514 415 61 Glockengeläute)
1771 1536 11 33 :
1827 1510 113 60 Die
1980 1510 204 61 Messe
2226 1520 71 53 ist
2337 1537 118 37 aus,

404 1602 54 59 P,
506 1599 378 62 Guardian:
928 1600 152 61 Hast
1122 1599 79 61 du
1204 1600 17 22 7
1223 1625 27 35 s
1293 1600 113 61 ihm
1450 1603 165 60 schon
1660 1604 367 76 ausg'richt't?

404 1696 237 58 Frater
680 1693 187 61 Max:
911 1694 152 61 Herr
1104 1694 165 61 Pater
1309 1694 162 61 Felix
1511 1696 130 76 geht
1682 1697 213 61 soeben
1940 1707 53 51 in
2036 1697 90 62 die
2168 1698 285 62 Sakristei,

404 1788 56 60 P,
505 1787 381 61 Guardian:
930 1787 175 61 Dann
1149 1787 134 61 aber
1324 1788 123 61 lauf
1448 1790 16 20 7
1466 1839 17 22 ,
1524 1790 174 59 Max!

403 1881 238 60 Frater
679 1880 165 61 Max
886 1887 114 56 (ab),

402 1974 54 61 P.
502 1973 379 61 Guardian:
924 1974 62 77 Ja
1028 1974 122 62 also
1378 1974 171 61 lieber
1574 1975 218 62 Bruder
1818 1978 367 72 Edmundus,
2228 1979 78 62 du
2346 1979 219 79 begibst

331 2068 105 58 dich
478 2091 86 37 am
608 2092 34 52 g
646 2068 15 20 7
665 2068 166 61 scheit
834 2069 15 20 7
853 2084 124 46 sten
1019 2069 236 76 sogleich
1288 2069 108 60 auf
1423 2069 127 61 dein
1552 2069 16 22 7
1568 2093 35 37 n
1638 2070 654 80 Beobachtungsposten,
2336 2074 227 61 Kannst

329 2161 153 77 ruhig
529 2162 134 58 auch
714 2161 128 62 dort
900 2161 128 62 dein
1084 2162 230 61 Brevier
1370 2163 276 61 weiterles
1650 2163 17 22 7
1669 2187 50 38 n.
1777 2164 142 61 Und
2093 2176 181 51 sowie
2323 2168 78 59 du
2452 2167 109 62 den

329 2271 176 43 ersten
547 2253 414 79 Zweispänner
1003 2255 90 60 die
1135 2256 165 61 Straß
1304 2256 16 20 7
1323 2280 35 35 n
1408 2256 209 61 herauf
1659 2257 249 61 erblickst
1950 2304 98 15 ...
2093 2268 91 51 ein
2224 2261 197 70 Auto,
2466 2261 95 61 hat

329 2356 77 51 sie
444 2370 34 55 g
482 2349 14 20 7
498 2365 150 60 sagt,
690 2373 122 36 war
859 2359 55 66 ja
954 2350 140 61 nicht
1135 2350 316 59 aufzutreib
1456 2351 15 19 7
1475 2374 36 35 n
1540 2398 95 15 ...
1681 2360 89 53 (Er
1803 2360 106 61 geht
1941 2366 84 43 mit
2057 2361 47 48 P,
2135 2361 282 51 Edmundus
2450 2383 111 29 zum

329 2448 164 49 andern
600 2449 154 48 bisher
787 2449 113 49 noch
923 2450 118 48 nicht
1072 2450 249 50 benutzten
1415 2451 273 60 Ausgang,)
1879 2468 35 53 g
1917 2445 16 20 7
1936 2463 147 59 sagt:
2114 2448 99 58 der
2238 2463 148 44 erste
2410 2448 148 61 Ein*

328 2543 234 67 spänner
672 2534 140 61 oder
836 2535 502 78 Zweispänner,..
1367 2544 95 55 (Sie
1485 2544 103 48 sind
1611 2563 61 29 an
1693 2544 80 50 der
1795 2543 135 58 Tür.)
1955 2539 217 61 Bruder
2189 2539 368 72 Edmundus,

331 2643 80 43 tut
415 2628 15 20 7
432 2651 26 37 s
478 2629 81 60 dir
577 2629 146 60 denn
741 2652 101 53 gar
859 2653 67 37 so
948 2629 128 61 sehr
1093 2630 148 70 weh,
1262 2630 199 61 deinen
1479 2630 236 61 Freund
1731 2632 164 61 Felix
1912 2633 273 61 verlieren
2204 2658 74 36 zu
2295 2637 262 59 müssen?

403 2719 51 61 P,
497 2721 398 62 Edmundus
938 2731 142 54 (steht
1103 2736 61 43 im
1185 2731 207 49 Rahmen
1419 2732 81 48 der
1513 2731 100 51 Tür
1709 2738 45 44 in
1778 2733 80 50 der
1878 2733 226 61 Richtung
2125 2754 108 30 zum
2250 2736 238 61 Ausgang

329 2812 94 50 also
456 2820 80 43 mit
568 2816 103 48 dem
703 2815 183 50 Rücken
920 2835 107 30 zum
1060 2816 283 52 Zuschauer,
1392 2818 68 49 Er
1502 2830 249 39 antwortet
1790 2820 131 50 nicht.
1970 2821 137 49 Aber
2140 2821 61 49 da
2233 2822 169 50 zucken
2434 2829 127 45 seine

328 2890 226 52 Schultern
587 2898 73 45 ein
693 2893 232 61 paarmal,
957 2895 96 48 und
1100 2912 108 32 man
1246 2895 108 49 hört
1395 2901 74 44 ein
1503 2897 132 48 leises
1668 2897 272 50 Schluchzen
2050 2916 89 31 nur
2172 2905 71 43 ein
2278 2905 198 57 einziges

328 2968 90 49 und
449 2989 48 30 er
530 2971 98 49 faßt
660 2973 110 49 nach
806 2973 80 49 der
919 2973 143 49 Hand
1095 2973 80 50 des
1210 2973 48 50 P,
1296 2973 245 50 Guardian
1583 2975 98 49 und
1725 2975 156 49 drückt
1922 2982 67 45 sie
2022 2978 104 58 fest,
2170 2977 120 50 ohne
2323 2980 89 48 sich
2445 2980 113 48 noch

328 3046 159 48 einmal
521 3050 327 57 umzukehren,
879 3050 97 49 und
1011 3050 107 61 geht
1150 3051 198 56 hinaus),

989 3217 400 57 ZWEITER
1433 3218 434 59 AUFTRITT

495 3319 47 47 P.
581 3320 49 48 G
641 3321 257 50 uardian.
934 3321 117 50 Bald
1084 3323 186 48 darauf:
1305 3324 48 48 P.
1387 3324 179 48 Felix.
1602 3324 343 51 Zwischenein:
1980 3326 202 49 Frater
2217 3328 147 47 Max.

397 3410 57 60 P.
512 3410 356 65 Guardian
917 3429 83 50 (ist
1033 3443 61 29 zu
1127 3431 150 43 einem
1300 3425 212 49 Betstuhl
1546 3442 258 44 gegangen,
1837 3427 82 48 der
1955 3428 109 48 auch
2088 3428 319 48 hierherinnen
2440 3429 118 49 nicht

326 3500 143 50 fehlen
503 3521 134 43 mag,
670 3507 95 48 und
797 3508 81 48 hat
910 3509 87 49 sich
1032 3509 265 61 hingekniet
1337 3509 96 50 und
1465 3511 136 47 wirkt
1634 3528 119 40 nun,
1792 3516 92 44 wie
1916 3530 50 30 er
1999 3517 73 43 ein
2105 3512 143 49 stilles
2284 3513 157 48 Gebet
2473 3526 83 37 mit

323 3575 354 64 hochgefalteten
718 3584 202 51 Händen
961 3587 147 58 betet,
1147 3592 90 44 wie
1279 3587 73 48 die
1384 3587 280 59 Abbildung
1710 3593 124 43 eines
1878 3588 402 61 Klosterheiligen.
2322 3591 131 48 Doch
2493 3592 61 48 da

323 3654 102 50 hört
455 3676 48 30 er
535 3671 149 38 etwen
714 3662 215 52 kommen
962 3665 96 49 und
1090 3665 122 50 steht
1244 3667 115 54 auf),

395 3734 238 64 Frater
672 3739 164 62 Max
886 3752 241 53 (erscheint
1175 3757 83 43 mit
1297 3751 167 49 Kaffee
1513 3756 46 43 in
1607 3751 211 48 schönem
1870 3751 265 57 Porzellan,
2185 3758 81 43 mit
2313 3754 236 59 Brötchen,

322 3832 166 62 Butter,
522 3839 163 61 Honig
718 3843 95 49 und
849 3845 307 50 Marmelade,
1190 3845 172 49 Stellt's
1397 3846 86 47 auf
1511 3851 132 42 einen
1676 3843 278 50 Nebentisch
1988 3845 97 48 und
2116 3852 146 55 sagt):
2297 3838 82 61 Idi
2420 3839 73 63 ha
2496 3841 61 61 b*

324 3917 192 66 Prater
548 3925 237 64 Michael
820 3932 130 59 nach
994 3931 99 61 der
1124 3931 266 61 Sakristei
1431 3931 275 75 geschickt,
1752 3936 136 56 (Und
1921 3936 108 61 geht
2060 3940 207 56 wieder.)
