5194 7310
4943 7097 86 47 767

231 4069 482 120 Ludwig
793 4067 447 104 Kainer:
1296 4099 409 56 Dekorative
1741 4099 241 67 Studie

236 4718 201 49 ktrinem
473 4715 160 58 Klage
671 4719 48 50 je
758 4715 225 56 geschah

238 4802 155 49 Jeder
437 4804 142 53 spürt
619 4815 94 34 nur
753 4801 99 47 und
896 4800 115 47 hört
1056 4802 171 45 seinen
1273 4799 267 54 Atemzug.

240 4884 114 50 Wie
385 4885 242 49 mancher
658 4885 364 49 Verzweifelte
1055 4890 113 49 trug

240 4971 172 48 seinen
441 4970 244 53 Kummer
718 4973 45 44 in
801 4972 78 45 die
917 4969 164 48 stillen
1118 4967 229 50 Wasser.

238 5052 109 51 Das
373 5053 198 50 Dunkel
601 5056 128 47 wird
759 5056 147 46 drum
936 5053 134 49 nicht
1100 5052 216 50 blasser.

238 5134 146 52 Doch
433 5139 182 47 rasche
658 5139 343 55 Dampfboote
1051 5144 176 50 tragen

239 5221 144 50 Licht
425 5223 99 47 und
561 5220 280 51 Menschen
885 5224 98 47 und
1024 5236 163 42 engen
1227 5220 126 58 Ton,

238 5304 177 57 Reden
453 5306 101 48 und
592 5305 264 56 Stampfen
897 5309 98 45 und
1037 5306 162 54 Rufen
1243 5307 98 47 und
1381 5303 271 56 Rauschen

239 5387 127 53 über
404 5392 80 47 ihn
527 5389 98 50 hin.
696 5389 129 49 Bald
864 5390 113 49 hört
1020 5393 92 47 das
1151 5389 268 50 Lauschen

238 5490 94 35 nur
370 5473 160 51 Stille.
600 5475 140 50 Alles
781 5476 64 47 ist
887 5474 239 49 entflohn.

238 5557 114 52 Und
388 5561 67 47 ob
492 5561 93 47 das
620 5559 220 48 Lärmen
882 5559 88 47 der
1007 5558 241 50 Strassen
1287 5559 112 58 nah,

238 5643 105 53 Der
373 5644 125 50 Fluß
534 5646 120 56 liegt
693 5642 200 58 dunkel,
932 5643 103 48 voll
1072 5641 222 60 Wissen,
1330 5643 104 48 voll

1310 5727 306 57 Schweigen
1669 5726 76 48 da.

1619 5856 6 5 .
1639 5852 24 12 -»'4
1687 5853 27 9 V.-
1735 5862 5 4 .

1640 5864 3 18 .
1655 5864 80 18 Äl'

235 5897 104 52 Der
376 5901 256 55 wogende
667 5899 173 48 Strom
881 5899 90 48 der
1006 5895 260 57 Strassen,

236 5983 334 57 schwingend
618 5998 97 34 vor
759 5983 174 49 Leben
981 5983 99 48 und
1127 5979 146 50 Licht
1318 5980 100 48 und
1464 5978 177 57 Klang,

233 6066 118 51 hört
392 6069 136 48 nicht
572 6069 91 48 des
707 6068 233 48 weichen
986 6066 210 50 Flusses
1243 6062 186 51 dunkle
1470 6061 146 50 Stille

235 6149 68 53 Er
339 6152 116 51 hört
492 6167 93 35 nur
622 6152 107 51 sich
770 6152 169 49 selber
978 6153 100 47 und
1118 6152 174 48 seinen
1332 6150 215 55 eigenen
1584 6146 162 57 Gang.

233 6236 187 51 Immer
458 6238 197 49 wieder
695 6237 159 56 klingt
892 6238 46 49 in
978 6238 192 48 seinem
1211 6235 211 55 Gesang

234 6320 94 51 der
361 6320 112 51 Ton
509 6337 104 33 von
652 6326 140 45 roter
826 6320 158 50 Liebe
1022 6321 100 48 und
1160 6335 103 34 von
1304 6320 92 49 der
1428 6318 224 57 blassen,

234 6419 126 35 vom
393 6403 158 52 Mann
588 6420 116 36 zum
741 6405 149 49 Weib
929 6407 91 48 der
1052 6404 166 59 Wille,

237 6491 91 48 der
369 6491 81 48 die
490 6491 199 57 Jugend
730 6493 79 48 nie
846 6491 90 48 hat
978 6490 283 49 verlassen.

238 6570 95 55 Die
369 6573 172 61 Liebe,
580 6591 93 36 aus
713 6577 88 49 der
838 6575 101 50 fast
978 6574 126 50 alles

241 6657 218 50 Streben
512 6662 98 47 und
660 6660 187 49 Hoffen
900 6661 100 47 und
1052 6658 203 49 Hassen

235 6755 179 44 empor
466 6743 105 49 sich
619 6759 142 44 rang.

232 6824 183 54 Flucht
456 6827 75 49 ihr
575 6829 149 57 nicht,
769 6834 146 45 sonst
961 6829 129 49 wird
1136 6831 73 47 sie
1254 6826 106 51 sich
1408 6827 202 48 rächen.

233 6908 232 60 Mächtig
513 6913 64 48 ist
622 6914 155 57 jeder,
827 6916 89 47 der
964 6914 75 49 ihr
1086 6912 245 50 schwört.

232 6992 108 54 Der
375 6994 173 60 Streit,
591 6997 90 48 der
721 6999 111 47 eine
869 6997 203 51 Wonne
1110 7000 146 54 stört,

1881 4712 77 47 die
1986 4723 160 43 ganze
2177 4707 178 49 Macht
2384 4707 132 47 kann
2547 4720 53 33 er
2633 4707 134 45 nicht
2796 4704 236 48 brechen.

1879 4795 129 49 Dem
2049 4793 138 47 kniet
2229 4795 45 45 in
2320 4793 94 47 den
2456 4791 176 55 Augen
2676 4791 91 47 das
2808 4788 187 58 Leben,

1881 4881 89 46 der
2002 4881 139 46 eines
2172 4875 286 50 Mädchens
2485 4876 123 47 Leib
2643 4875 111 48 darf
2784 4873 276 56 umfassen,

1881 4966 88 46 der
2005 4963 134 49 ihres
2171 4962 226 55 Körpers
2431 4960 187 56 seliges
2653 4958 176 48 Beben

1880 5051 157 52 spürt.
2104 5046 106 51 Das
2245 5046 240 48 schönste
2522 5044 162 47 Glück
2723 5043 110 48 darf
2865 5057 58 33 er
2959 5041 205 49 zechen.

1880 5133 212 48 Warten
2126 5133 99 46 und
2258 5130 191 48 Finden
2485 5131 100 47 und
2620 5128 106 49 sich
2762 5126 205 49 Grüßen

1883 5220 78 46 die
2001 5216 148 50 Hand
2192 5231 90 33 nur
2321 5227 188 45 lassen,
2554 5215 77 47 die
2672 5213 182 55 Finger
2892 5212 204 54 küssen,

1881 5305 143 44 einen
2057 5302 166 48 neben
2251 5300 106 49 sich
2386 5299 163 56 gehen
2581 5299 208 55 wissen,

1880 5388 97 46 den
2011 5400 113 34 man
2162 5385 157 48 durch
2351 5386 137 47 seine
2524 5382 144 54 Kraft
2705 5383 103 48 sich
2845 5393 198 44 errang,

1883 5472 125 47 oder
2041 5472 89 46 der
2163 5469 106 49 sich
2303 5468 130 50 noch
2467 5468 215 55 sträubt,
2717 5468 106 46 sein
2856 5465 137 49 Alles
3025 5478 62 34 zu
3120 5464 181 55 geben.

1880 5553 140 49 Zwei
2054 5554 194 48 fremde
2281 5554 335 55 Augenpaare

1881 5639 182 49 treffen
2102 5638 105 49 sich
2245 5639 99 47 und
2382 5640 77 45 ein
2497 5638 144 51 jedes
2679 5638 143 53 spürt

1880 5725 96 48 den
2001 5723 229 49 Wunsch
2258 5726 92 47 des
2374 5722 206 48 andern.
2640 5718 90 50 Ein
2759 5717 331 57 Augenblick,

1880 5812 44 44 in
1961 5809 116 47 dem
2110 5808 148 48 beide
2290 5807 214 49 stocken
2538 5804 202 49 wollen.
2806 5802 104 50 Nur
2945 5803 80 48 die
3058 5802 178 56 Augen

2973 5889 111 47 sind
3125 5887 78 47 die
3242 5883 147 49 Hülle

1880 5978 77 48 für
1987 5978 95 48 alle
2112 5976 169 49 Sinne.
2346 5975 86 49 Sie
2466 5978 239 53 springen
2736 5972 199 50 beinah.

1880 6062 49 48 In
1964 6063 114 47 dem
2107 6061 231 49 Moment
2365 6063 65 46 ist
2458 6058 165 50 nichts
2652 6058 234 50 Anderes
2916 6058 77 47 da.

1881 6146 83 49 Sie
1992 6146 118 56 geht
2142 6149 196 55 weiter,
2370 6158 55 35 er
2453 6144 159 49 bleibt
2645 6146 166 47 etwas
2840 6139 191 51 zurück

1880 6233 98 46 und
2011 6231 132 55 prüft
2176 6233 72 46 sie
2277 6232 101 46 wie
2411 6231 110 46 eine
2552 6226 174 58 Ware,

1879 6315 104 47 ihre
2019 6314 190 58 Linien,
2245 6315 106 49 ihre
2386 6312 154 49 Fülle.

1878 6397 285 58 „Erlauben
2194 6398 100 56 Sie,
2329 6395 272 52 Fräulein?
2609 6398 9 17 4
2625 6398 9 16 '
2698 6395 85 49 Sie
2813 6394 157 50 blickt
3002 6394 81 48 ihn
3116 6392 60 50 be-

3100 6476 185 55 iahend
3322 6490 63 35 an

1880 6569 97 48 und
2008 6567 197 51 kommt
2237 6566 98 49 ihm
2368 6569 89 45 mit
2487 6566 159 48 ihrem
2679 6563 197 57 Körper
2908 6563 113 50 nah.

1876 6651 95 51 Mit
2008 6652 95 49 den
2139 6652 178 55 Augen
2355 6649 191 51 umfaßt
2584 6664 54 35 er
2675 6652 89 47 sie.

1877 6737 84 50 Sie
1997 6737 156 48 reden
2189 6734 184 50 Worte
2407 6736 100 48 und
2546 6734 199 50 denken
2782 6733 130 49 doch
2946 6746 92 36 nur

1875 6836 65 36 an
1982 6821 139 50 ihren
2159 6820 139 49 Leib.
2368 6818 84 51 Sie
2494 6823 167 45 treten
2702 6821 48 46 in
2791 6820 78 47 ein
2912 6816 143 51 Caf6.

1876 6906 114 49 Und
2022 6920 111 35 wer
2164 6919 104 36 von
2303 6906 96 49 den
2434 6904 206 50 Andern
2673 6905 73 49 sie
2783 6902 105 59 sah,

1875 6990 204 59 vergißt
2109 6993 74 49 sie
2212 6990 120 50 bald
2362 6992 9 32 f
2372 6988 117 51 iber
2519 6991 175 55 eigner
2717 6987 127 51 Lust
2872 6988 100 49 und
3004 6988 202 56 eignem
3235 6983 150 51 Weh.

3518 4701 154 50 Diese
3693 4698 182 50 Welle,
3903 4700 77 47 die
4005 4697 307 50 urnschwillt

3523 4799 100 35 von
3658 4785 300 55 fragendem
3991 4782 268 58 Begehren

3519 4884 88 34 zur
3649 4869 385 49 verzehrenden
4075 4868 135 56 Qier,
4251 4879 118 37 zum
4411 4865 146 49 Jubel
4597 4867 67 45 im
4705 4868 147 44 roten
4896 4861 130 56 Blut,

3519 4953 165 49 Wenn
3719 4955 94 46 alle
3848 4955 191 46 andern
4071 4951 262 50 Wünsche
4365 4964 94 35 nur
4488 4946 209 60 spaßen,

3518 5042 73 47 sie
3630 5041 64 48 ist
3731 5039 78 48 die
3848 5037 267 49 Wahrheit
4150 5038 64 46 im
4252 5034 291 58 wogenden
4580 5032 177 51 Strom
4792 5034 93 48 der

4791 5113 234 51 Straßen.

3520 5208 126 48 Dort
3683 5206 366 49 zerschneiden
4090 5208 77 46 die
4204 5205 206 48 Bänder
4448 5201 391 57 lichtspeiender

4812 5282 215 50 Fenster

3518 5396 76 57 Skr

3522 5546 171 50 rechts
3722 5546 98 47 und
3854 5543 128 49 links
4014 5543 150 58 Tore,
4199 5542 76 48 die
4303 5544 81 46 ins
4412 5537 199 50 Dunkel
4643 5536 206 50 klaffen.

3519 5629 93 50 Die
3645 5630 298 55 asphaltene
3976 5626 182 50 Straße
4185 5624 183 50 brückt
4401 5624 124 49 über
4554 5624 79 48 ein
4662 5619 157 51 Fleet.

3521 5713 173 56 Gierig
3733 5715 238 55 springen
4009 5713 81 47 die
4132 5709 236 50 Strahlen
4410 5721 163 43 gegen
4613 5707 80 48 die
4733 5704 165 50 Nacht

3519 5799 279 48 überfallen
3839 5800 72 46 sie
3947 5798 98 47 wie
4084 5796 333 55 Gespenster,

3520 5884 186 49 wollen
3740 5884 91 47 das
3863 5881 197 48 Dunkel
4092 5893 163 42 ganze
4288 5892 62 35 an
4380 5879 106 48 sich
4520 5876 177 50 raffen.

3520 5967 146 50 Doch
3693 5967 108 48 fern
3837 5967 86 47 der
3952 5963 183 50 Straße
4167 5967 64 46 ist
4262 5963 62 48 all
4355 5962 105 49 ihre
4487 5959 178 51 Macht

3520 6055 45 45 in
3598 6066 143 41 zage,
3776 6052 164 47 dünne
3968 6049 221 49 Streifen
4222 6046 253 51 verweht.

3518 6136 270 49 Zwischen
3822 6149 188 42 grauen
4048 6133 221 49 Wolken
4303 6132 134 50 steht

3519 6223 88 48 der
3639 6220 160 48 Mond
3829 6221 99 47 und
3960 6219 143 47 webt
4134 6218 85 48 auf
4247 6218 117 47 dem
4398 6215 138 50 Grau

3519 6306 105 49 sich
3662 6307 149 46 einen
3849 6303 229 49 Schleier
4119 6316 103 35 von
4263 6304 197 46 zartem
4498 6298 142 50 Blau.

3519 6391 143 49 Ganz
3702 6392 116 54 lang
3860 6389 124 47 über
4028 6390 91 47 das
4156 6386 348 49 Fleetwasser
4545 6382 120 62 geht

3519 6477 106 48 sein
3667 6472 315 50 blauweißer
4023 6471 200 49 Schein.
4296 6469 69 50 Er
4402 6469 166 50 streift

3519 6560 78 50 die
3627 6558 241 57 Schuten,
3900 6558 78 49 die
4009 6560 124 45 wirr
4163 6555 310 50 aneinander
4505 6552 251 58 gedrängt
4783 6547 242 52 schlafen.

3516 6643 66 49 Er
3617 6643 158 51 bleibt
3811 6642 128 49 auch
3976 6644 45 46 in
4059 6642 114 48 dem
4210 6640 307 50 verlorenen
4551 6635 162 59 Licht,

3519 6730 91 49 das
3644 6742 103 34 von
3787 6729 90 48 der
3908 6726 203 49 Brücke
4146 6728 80 46 ins
4261 6723 199 50 Dunkle
4496 6720 182 52 bricht.

3516 6812 68 50 Er
3613 6812 150 51 stirbt
3795 6816 105 45 erst
3934 6814 66 46 im
4035 6811 240 56 Drängen
4308 6811 101 47 und
4440 6806 243 50 Schaffen

3519 6900 90 48 der
3653 6896 200 51 Straße.
3929 6896 86 49 Ihn
4060 6899 142 45 töten
4247 6894 79 49 die
4372 6892 317 57 Gespenster

3518 6986 89 49 der
3651 6983 148 50 leben
3804 6981 373 56 schenkenden,
4221 6976 399 58 lichtspeienden
4661 6971 231 51 Fenster.
