5194 7310
599 148 174 56 acht
823 146 240 58 Seiten

4101 138 472 74 Etnzelbezus?
4612 160 68 54 15
4717 144 302 72 Pfennig

241 1142 1678 158 WOCHENSCHRIFT
2007 1118 359 176 FÜR
2457 1142 762 155 KULTUR
3327 1145 403 152 UND
3839 1145 308 146 DIE
4249 1118 743 182 KÜNSTE

341 1453 241 45 Redaktion
621 1453 88 42 und
747 1452 181 53 Verkg:
976 1450 397 54 Beriin-Halensee,
1422 1452 431 42 Katharinenstrasse
1884 1452 27 38 5

339 1539 324 54 Fernsprecher
720 1537 103 42 Amt
883 1535 229 55 Pfalzburg
1172 1539 109 39 3524
1346 1537 13 48 /
1420 1536 220 53 Anzeigen
1651 1557 15 7 -
1680 1533 231 42 Annahmt

343 1635 72 35 ;-:
488 1623 135 43 durch
654 1622 84 43 den
768 1620 163 54 Verlag
962 1620 89 42 und
1082 1620 227 43 sämtliche
1340 1619 436 43 Annoncenbureaus
1835 1629 76 30 :-:

3355 1443 422 53 Vierteljahrsbezug
3813 1444 90 50 1,50
3934 1441 123 43 Mark
4117 1442 13 49 /
4188 1441 398 55 Halbjahresbezug
4618 1449 92 46 .3,—
4744 1443 123 42 Mark
4900 1443 12 53 /

3356 1528 298 54 Jahresbezug
3684 1529 92 48 6,—
3812 1527 124 41 Mark
3982 1528 12 50 /
4041 1526 67 42 bei
4145 1526 128 43 freier
4302 1526 251 55 Zustellung
4600 1529 11 52 /
4661 1529 230 42 Inseriions-

3356 1612 115 53 preis
3527 1612 68 42 für
3651 1612 69 41 die
3767 1610 347 55 fünfgespaltene
4174 1611 382 52 Nonpareillezeile
4616 1613 53 40 60
4735 1611 179 54 Pfennig

2163 1475 374 55 Herausgeber
2567 1475 101 42 und
2700 1474 392 42 Schriftleiter:

2172 1561 474 65 HERWARTH
2718 1559 367 61 WALDEN

233 2028 275 94 Inhalt:

580 2027 278 51 TRUST-
898 2027 102 51 Die
1035 2037 163 51 guten
1235 2024 246 49 Freunde
1518 2022 97 49 der
1652 2022 200 49 Kunst:
1889 2021 102 50 Die
2026 2019 447 56 Schillerstiftun,?
2515 2021 22 60 /
2576 2017 102 49 Die
2715 2017 314 49 Kunststadt
3067 2015 258 50 München
3376 2015 20 53 /
3452 2014 190 49 PAUL
3679 2012 210 51 ZECH:
3933 2010 465 51 Arbeiterkoionic
4436 2015 22 56 /
4498 2010 176 49 ELSE
4713 2010 270 51 LASKER-

580 2088 361 65 SCHÜLER:
1010 2097 166 49 Briefe
1232 2095 134 51 nach
1405 2097 303 62 Norwegen
1750 2097 19 61 /
1820 2092 194 50 PAUL
2051 2088 505 54 SCHEERBART:
2597 2088 230 63 Tempel
2866 2090 105 46 und
3010 2087 127 49 Palä
3167 2102 53 32 te
3259 2093 20 53 /
3318 2071 356 63 GÜNTHER
3714 2070 229 66 MÜRR:
4006 2083 279 65 Hamburg
4309 2087 22 57 /
4371 2081 204 50 OTTO
4615 2080 273 51 SOYKA:
4930 2081 100 50 Die

235 2170 269 54 Literatur
541 2170 132 50 Karl
710 2171 154 63 Mays
903 2175 21 54 /
963 2164 310 55 Preisrätsel
1308 2168 26 59 /
1367 2163 154 51 Notiz
1564 2166 22 59 /
1625 2164 57 50 E.
1713 2161 61 53 L.
1803 2159 394 51 KIRCHNER:
2241 2159 325 49 Holzschnitt
2604 2161 22 61 /
2663 2156 298 51 LUDWIG
3001 2156 298 49 KAINER:
3340 2153 332 52 Dekorative
3709 2153 188 50 Studie

237 6630 103 110 E
399 6633 102 110 L
560 6637 527 108 Kirchner:
1125 6630 718 115 originalnoisschnits

230 1816 459 83 JAHRGANG
745 1816 159 61 1912

2208 1809 289 64 BERLIN
2540 1805 321 81 JANUAR
2914 1807 156 61 1912

4521 1802 383 65 NUMMER
4946 1804 83 62 96
