3510 4351
1652 143 86 52 299

103 339 5 36 i
122 344 84 33 von
237 323 119 51 Frau
388 314 231 63 Leisinger
662 305 90 52 und
794 300 150 53 Fräul.
979 294 162 67 Diebt),
1186 286 279 69 wenngleich
1496 284 116 50 Schu-

102 409 138 52 berts
270 400 218 57 Erlkönig
520 390 235 65 unstreitig
784 388 98 48 eine
911 379 221 52 herrliche
1160 375 310 65 Composition
1501 375 70 49 ist,
1600 382 44 32 in

104 494 79 48 der
214 492 72 48 die
317 492 185 47 erstere,
544 483 126 44 sonst
700 465 299 57 vortreffliche
1030 457 219 69 Sängerin
1280 454 213 63 übrigens
1523 449 123 50 nicht

103 595 51 31 so
187 576 208 63 genügen
427 567 183 50 konnte,
644 558 61 48 als
737 555 42 48 in
811 553 78 48 der
919 544 190 56 Lorelei,
1139 559 74 32 wo
1245 539 61 48 sie
1336 534 198 50 wirklich
1569 531 51 50 be-

108 649 395 57 wundernswerth
538 660 107 32 war.

228 738 73 48 An
338 727 304 63 auswärtigen
673 716 248 54 Künstlern
963 709 90 51 und
1085 705 264 65 Dirigenten
1395 706 132 42 unter
1559 700 87 44 den

103 822 236 51 Zuhörern
372 813 134 51 fehlte
536 826 46 31 es
614 804 134 55 nicht,
780 798 114 51 doch
924 810 94 35 war
1049 791 68 49 die
1143 783 350 62 Versammlung
1523 779 122 49 nicht

104 925 50 30 so
188 901 120 52 reich
342 898 152 50 daran,
526 890 83 49 wie
639 888 59 48 im
728 879 250 66 Frühjahre
1010 875 43 50 in
1081 865 282 56 Düsseldorf.
1406 865 97 47 Aus
1536 863 82 47 Ber-

104 991 59 49 lin
207 1002 94 33 war
347 977 147 53 Emil
539 974 296 49 Naumann
879 962 69 55 da,
1001 974 79 33 aus
1128 953 206 52 Weimar
1378 945 272 52 Joachim

106 1070 142 53 Raff,
280 1066 161 49 dessen
460 1059 127 65 Oper
610 1054 42 49 in
672 1044 281 57 Wiesbaden
979 1039 206 69 gegeben
1214 1033 187 49 worden
1433 1029 110 49 oder
1571 1044 51 48 ge-

108 1153 145 50 geben
285 1144 184 53 werden
499 1138 97 56 soll,
638 1152 80 32 aus
750 1125 274 65 Strassburg
1066 1118 180 53 Liebe
1289 1134 41 31 u.
1364 1132 33 32 s.
1432 1129 55 32 w.
1546 1109 103 48 Ihre

108 1230 189 69 Gegend
328 1228 123 49 hatte
480 1222 71 49 die
583 1219 177 49 Herren
789 1207 254 66 Turanyi
1075 1219 80 33 aus
1188 1198 199 56 Aachen,
1418 1191 229 51 Tausch

108 1275 391 93 aus°Düsseldorf,
534 1298 439 56 Weinbrenner
1004 1304 80 34 aus
1114 1280 230 55 Elberfeld
1369 1297 42 30 u.
1433 1294 34 33 s.
1487 1292 56 33 w.
1575 1291 50 48 ge-

111 1398 145 53 sandt.
314 1391 188 52 Hiller
545 1400 93 35 war
682 1397 88 33 nur
809 1393 71 32 am
927 1372 188 51 zweiten
1146 1368 126 63 Tage
1316 1360 90 51 und
1453 1357 113 50 auch
1598 1355 52 50 da

111 1499 86 33 nur
228 1473 214 58 während
475 1470 122 49 einer
629 1466 169 49 kurzen
828 1458 98 50 Zeit
955 1453 121 51 hier.'
1244 1445 158 53 Anch
1457 1443 69 48 io.

1033 1708 76 55 *).

674 1724 130 43 Aus
836 1717 186 44 Gran

973 1834 105 40 Den
1119 1830 63 39 30.
1218 1828 208 47 August
1469 1822 112 39 1856.

195 1959 66 41 Bis
290 1967 47 27 zu
365 1951 148 39 diesem
543 1936 274 57 Augenblicke
844 1933 147 40 konnte
1019 1928 63 41 ich
1112 1922 271 44 buchstäblich
1411 1918 108 41 nicht
1547 1928 114 29 einen

116 2030 118 43 Fleck
263 2025 145 43 finden,
437 2030 67 28 um
534 2025 73 29 nur
640 2009 87 42 eine
756 2006 104 40 Zeile
888 1999 208 43 schreiben
1126 2008 47 27 zu
1200 1994 173 39 können.
1402 1989 91 39 Wir
1519 1988 142 39 kamen

117 2115 69 26 um
212 2100 27 38 4
268 2096 82 40 Uhr
391 2093 155 50 gestern
577 2079 268 43 Nachmittags
887 2077 99 35 trotz
1014 2070 132 38 Sturm
1188 2065 80 38 und
1298 2064 151 48 Regen,
1491 2060 69 38 der
1588 2069 73 28 uns

118 2171 64 39 die
210 2176 122 39 ganze
361 2159 117 40 Reise
507 2150 207 54 begleitete
753 2145 84 40 und
878 2153 72 28 uns
993 2139 41 39 in
1077 2136 64 40 die
1181 2133 202 50 dumpfige
1413 2130 137 50 Cajüte
1579 2140 62 27 ver-

117 2239 109 46 wies,
256 2229 194 57 glücklich
479 2225 41 41 in
550 2223 107 40 Gran
686 2230 61 28 an.
778 2215 110 39 Beim
920 2207 236 51 Aussteigen
1185 2216 81 27 war
1294 2213 131 29 me.ne
1454 2204 102 35 erste
1585 2199 49 38 Er-

118 2307 232 48 kundigung
379 2298 99 42 nach
503 2294 122 48 Liszt;
667 2290 70 38 der
779 2282 159 55 pesther
967 2276 188 52 Dampfer
1197 2286 80 28 war
1316 2271 102 41 noch
1457 2270 107 39 nicht
1602 2268 61 39 da.

117 2381 93 40 Nun
240 2376 158 38 wartete
427 2369 62 39 ich
517 2364 84 40 aufs
629 2359 159 53 pesther
814 2352 135 46 Schiff,
991 2351 68 38 das
1098 2346 156 42 endlich
1293 2355 67 28 um
1392 2342 19 38 7
1447 2341 84 39 Uhr
1559 2340 104 45 kam,

120 2446 170 43 nämlich
322 2442 72 40 alle
424 2436 157 55 pesther
609 2427 188 45 Musiker,
825 2426 68 37 das
922 2422 356 38 Conservatorium,
1320 2413 82 38 Lls
1415 2425 18 24 z
1446 2416 24 42 t,
1513 2411 151 49 Singer,

122 2519 184 44 Doppler,
348 2514 167 48 Supper,
557 2498 313 49 Winterberger,
917 2487 193 47 Prukner,
1166 2487 65 38 Dr.
1261 2483 212 50 Hunyady,
1519 2479 146 47 Brand,

120 2594 151 38 Breuer
314 2581 169 44 Pfeiffer,
511 2574 156 45 Kohne,
695 2569 43 41 C.
767 2567 167 42 Strauss,
974 2559 145 45 Dunkl,
1156 2555 122 46 Graff,
1334 2553 211 49 Haslinger
1585 2550 80 38 und

121 2662 74 39 Ed.
226 2660 101 38 Liszt
353 2651 88 42 sind
470 2651 79 37 erst
576 2646 116 36 heute
722 2632 351 53 nachgekommen.
1119 2628 147 38 Ferner
1297 2623 100 44 Graf
1420 2621 150 50 Raday,
1599 2620 70 38 der

121 2731 82 39 sich
231 2727 91 41 sehr
350 2723 74 39 viel
451 2717 73 42 mit
553 2713 73 41 mir
654 2721 46 27 zu
731 2703 172 43 schaffen
934 2699 131 41 macht
1106 2696 80 40 und
1230 2694 103 39 mich
1363 2691 199 51 dringend
1593 2691 75 45 bat,

121 2799 100 42 nach
252 2795 118 41 Pesth
405 2803 49 27 zu
491 2788 198 39 kommen,
729 2788 63 28 wo
832 2787 43 26 er
915 2770 89 41 eine
1047 2764 232 54 ungarische
1308 2762 110 51 Oper
1460 2760 207 39 aufführen

126 2874 127 37 lassen
284 2865 76 40 will
419 2862 79 39 Leo
526 2850 201 46 Festetics,
756 2846 69 38 der
854 2842 87 40 eine
973 2840 113 38 halbe
1115 2836 115 39 Rolle
1258 2835 124 49 spielt,
1425 2832 131 40 Baron
1587 2831 54 38 Au-

120 2950 91 35 suss
263 2934 175 39 welchen
469 2925 103 42 mich
602 2915 220 47 sämmtlich
852 2911 103 39 Liszt
983 2907 206 41 vorstellte.
1233 2903 103 40 Liszt
1364 2902 120 40 nahm
1514 2901 64 38 die
1604 2902 64 36 iür

120 3011 70 40 ihn
217 3008 55 39 im
287 3001 238 42 Pfarrhause
554 2994 135 48 eigens
718 2981 286 53 hergerichtete
1023 2977 216 48 Wohnung
1266 2973 108 40 nicht
1402 2985 61 34 an,
1493 2971 170 39 sondern

123 3079 106 40 blieb
259 3076 40 38 in
328 3074 69 38 der
426 3067 148 42 Cabine
604 3062 39 40 in
672 3052 221 52 collegialer
921 3047 205 41 Eintracht
1155 3044 70 40 mit
1251 3044 76 38 den
1359 3042 167 49 übrigen
1545 3041 98 39 Musi-

121 3150 99 39 kern
249 3145 69 40 auf
342 3143 90 37 dem
461 3133 157 43 Schiffe.
672 3129 92 40 Nun
802 3124 105 38 hatte
944 3119 62 40 ich
1035 3118 101 39 auch
1165 3116 115 39 keine
1312 3112 230 48 Wohnung,
1587 3109 78 37 und

123 3220 68 39 auf
211 3218 92 38 dem
330 3209 147 44 Schiffe
503 3218 81 28 war
614 3202 90 39 kein
733 3197 118 42 Platz,
893 3189 90 40 weil
1024 3190 74 39 alle
1126 3185 177 42 Musiker
1343 3182 113 39 darin
1494 3179 173 39 schlafen

122 3292 188 38 mussten,
350 3284 62 39 für
441 3277 147 40 welche
618 3273 68 38 das
714 3267 127 42 Schiff
865 3265 200 44 bestimmt
1092 3272 93 26 war.
1292 3256 104 39 Liszt
1425 3267 80 25 war
1528 3265 42 26 so
1600 3251 51 38 lie-

122 3354 269 50 benswürdig,
433 3349 75 40 mir
535 3347 62 38 für
625 3343 62 39 die
717 3340 125 41 Nacht
878 3338 117 40 einen
1021 3334 108 38 Platz
1174 3329 38 39 in
1255 3328 130 38 seiner
1413 3324 149 39 Cabine
1603 3321 70 40 auf

123 3430 92 39 dem
243 3424 133 51 Sopha
404 3416 245 44 anzubieten.
677 3414 187 49 Morgens
893 3408 130 40 wollte
1051 3403 62 40 ich
1141 3399 219 43 schreiben,
1388 3396 116 38 allem
1526 3405 40 27 es
1589 3405 80 27 war

125 3493 247 53 unmöglich;
400 3489 122 41 Einer
549 3485 77 51 gab
654 3484 93 37 dem
775 3480 188 39 Anderen
992 3474 64 39 die
1073 3467 287 43 Thürschnalle
1390 3465 38 39 in
1457 3463 62 39 die
1536 3461 133 46 Hand,

127 3580 45 27 so
200 3566 89 38 dass
330 3561 64 41 ich
431 3557 104 41 mich
573 3565 125 37 anzog
739 3551 79 38 und
863 3547 68 41 auf
963 3549 69 48 gut
1059 3540 127 42 Glück
1226 3537 68 40 auf
1319 3531 324 53 Wohnungs-Ent-

126 3630 330 53 deckungsreisen
487 3627 40 40 in
554 3624 64 40 die
645 3621 112 41 Stadt
784 3616 242 43 marschirte,
1066 3610 81 40 und
1190 3607 110 39 siehe
1341 3604 61 47 da,
1446 3602 97 39 nach
1574 3612 98 28 zwei

126 3705 189 43 Stunden,
360 3712 61 27 wo
450 3697 62 41 ich
541 3693 125 42 durch
695 3690 235 50 wenigstens
959 3684 99 41 zehn
1089 3681 148 40 Gassen
1277 3676 129 50 (mehr
1437 3673 83 39 sind
1551 3669 121 51 nicht)

126 3776 81 39 und
238 3772 156 42 60—70
416 3771 157 38 Häuser
596 3763 129 42 meine
745 3757 265 43 Visitationen
1030 3753 193 51 gehalten,
1254 3747 90 40 fand
1372 3745 65 40 ich
1465 3754 87 28 eine
1575 3752 97 28 zwei

127 3846 135 40 Schuh
294 3843 136 45 breite,
457 3842 23 37 3
510 3836 134 40 Schuh
685 3834 114 49 lange
828 3825 221 45 Mansarde,
1095 3824 126 37 wofür
1261 3818 61 39 ich
1364 3814 145 52 täglich
1550 3814 24 37 5
1616 3811 57 39 Fl.

129 3918 137 38 zahlen
294 3924 122 35 muss,
459 3919 79 30 was
565 3905 103 41 noch
698 3904 64 40 ein
790 3899 112 41 Fund
930 3898 61 46 ist,
1030 3895 49 38 da
1108 3904 91 28 man
1228 3886 157 44 50-60
1414 3886 54 38 Fl.
1498 3884 63 39 für
1588 3881 86 40 drei

200 4060 31 47 •)
262 4051 259 45 Wörtlich
549 4059 70 29 aus
648 4046 77 39 den
742 4043 164 39 Wiener
935 4039 174 39 Blättern
1136 4035 62 39 für
1226 4030 133 43 Musik
1391 4040 39 27 u.
1458 4039 31 28 s.
1518 4038 60 33 w.,
1606 4024 68 40 Nr.

263 4129 46 38 71
343 4137 88 29 vom
459 4121 37 40 2.
525 4116 244 53 September.
1176 4102 94 42 Die
1300 4097 297 42 Kedaction.

1736 275 151 40 Nächte
1916 276 187 49 verlangt.
2159 272 167 41 Freilich
2371 271 91 40 sitze
2502 271 62 40 ich
2604 281 50 28 an
2684 271 127 39 einem
2841 269 274 52 dreibeinigen
3144 268 142 40 Tische

1738 345 81 39 und
1849 344 144 39 schlafe
2022 343 70 39 auf
2117 343 165 45 Federn,
2325 341 63 40 die
2429 341 67 39 auf
2529 341 93 39 dem
2650 339 310 40 Kukurntzfelde
2989 339 187 38 wuchsen
3205 336 82 39 und

1739 416 100 38 über
1868 414 84 40 ihre
1981 414 292 48 Abstammung
2314 424 76 26 nur
2430 412 87 38 eine
2559 412 139 38 leichte
2727 410 121 39 Hülle
2879 408 107 39 eines
3015 407 251 52 „spagattuch-

2006 474 236 39 Leintuches
2272 473 171 46 breiten;
2488 473 69 38 mit
2601 473 89 38 dem
2719 471 148 41 Mantel
2912 469 128 39 durfte
3083 469 61 39 ich
3182 466 108 41 mich

1743 546 212 39 zudecken.

1827 617 94 38 Was
1950 616 63 38 die
2042 616 129 38 Messe
2201 613 158 46 betrifft,
2401 614 69 38 der
2507 612 62 39 ich
2608 612 54 38 als
2691 614 100 36 erste
2821 609 297 50 Generalprobe
3149 607 41 40 in
3220 607 70 39 der

1745 687 148 38 Kirche
1923 686 234 44 beiwohnte,
2197 696 42 27 so
2269 685 47 38 ist
2344 697 40 26 es
2425 683 63 39 ein
2521 682 222 45 kolossales,
2785 680 41 38 in
2854 679 126 39 vielen
3011 679 279 50 Beziehungen

1743 756 282 40 wunderbares
2057 755 133 38 Werk.
2222 755 109 38 Aber
2360 753 62 38 die
2443 751 253 49 Aufführung
2728 748 84 40 hier
2840 748 39 39 in
2910 749 68 39 der
2994 748 165 40 Basilica
3183 759 107 27 muss

1747 826 102 38 ohne
1880 824 198 51 Wirkung
2109 823 175 45 bleiben;
2315 823 105 38 denn
2449 833 90 27 man
2569 820 138 37 nimmt
2736 823 121 34 unten
2886 818 54 39 im
2966 817 128 39 Schiff
3118 817 69 40 der
3203 817 69 38 Kir-

1747 896 83 46 che,
1874 895 107 39 ihrer
2024 894 225 38 schlechten
2286 892 250 39 akustischen
2566 889 144 38 Bauart
2752 889 147 45 halber,
2941 887 116 39 keine
3086 887 99 38 Note
3215 898 80 27 aus.

1747 966 74 41 Die
1854 967 235 38 Ilesonnanz
2119 964 47 39 ist
2196 976 42 26 so
2269 962 102 40 stark
2413 962 82 38 und
2524 961 63 39 die
2617 959 210 50 Brechung
2856 959 69 39 der
2953 958 272 39 Schallwellen
3255 969 42 26 so

1750 1037 162 38 vielfach
1943 1037 81 38 und
2054 1038 120 47 träge,
2218 1035 89 38 dass
2337 1045 91 26 man
2467 1031 127 39 nichts
2622 1031 55 38 als
2716 1030 63 38 ein
2809 1028 134 40 wirres
2974 1028 215 39 Gesumme
3219 1039 78 27 von

1752 1109 138 38 Tönen
1922 1107 98 38 hört.
2051 1106 75 38 Ein
2158 1103 294 41 Detail-Urtheil
2482 1102 94 39 fehlt
2612 1099 76 40 mir
2722 1099 58 39 bis
2806 1099 94 51 jetzt
2928 1098 244 51 vollständig.
3226 1098 72 39 Ich

1752 1178 130 38 werde
1912 1177 81 38 also
2023 1173 325 41 wahrscheinlich
2380 1172 99 39 nach
2512 1170 115 39 Pesth
2666 1170 140 50 gehen,
2848 1181 67 26 um
2944 1168 88 39 dort
3058 1167 63 39 die
3149 1167 146 46 Messe,

1755 1247 147 38 welche
1933 1247 247 49 Donnerstag
2208 1245 177 50 gegeben
2415 1242 111 47 wird,
2569 1242 122 38 hören
2733 1252 47 26 zu
2822 1239 172 38 können.
3045 1238 177 49 Samstag
3251 1237 47 38 ist

1753 1316 68 39 das
1851 1315 179 40 Concert.

1831 1386 70 39 Ich
1929 1385 197 47 schliesse,
2154 1398 66 26 um
2251 1384 61 39 die
2343 1384 93 39 Post
2465 1383 108 38 nicht
2609 1394 46 26 zu
2686 1383 245 41 versäumen,
2973 1378 63 38 die
3065 1389 66 26 um
3161 1377 23 37 5
3214 1376 83 39 Uhr

1754 1458 165 39 Abends
1938 1458 143 49 abgeht
2108 1458 81 37 und
2213 1456 179 38 mehrere
2411 1453 199 52 englische
2629 1451 146 41 Meilen
2804 1462 135 28 ausser
2967 1449 70 38 der
3058 1448 110 39 Stadt
3190 1447 105 51 liegt.

1755 1527 117 40 Seine
1888 1527 181 51 Majestät
2098 1526 68 39 der
2187 1525 139 38 Kaiser
2356 1524 104 38 hätte
2488 1534 68 27 um
2585 1522 26 38 4
2639 1520 84 40 Uhr
2748 1519 189 39 kommen
2966 1518 135 44 sollen,
3128 1517 50 38 ist
3205 1517 94 38 aber

1757 1597 100 39 noch
1884 1596 106 39 nicht
2018 1597 60 38 da.
2108 1595 77 38 Ein
2213 1592 320 40 schauderhafter
2552 1591 132 39 Sturm
2713 1589 65 38 hat
2807 1588 116 39 heute
2944 1588 76 38 den
3043 1598 150 39 ganzen
3214 1586 85 50 Tag

1755 1666 200 51 gewüthet
1996 1665 81 40 und
2117 1676 77 27 von
2236 1664 76 38 den
2340 1661 299 50 Decorirungen
2667 1658 134 40 Vieles
2830 1658 241 47 verdorben;
3121 1668 47 28 an
3212 1655 87 41 eino

1755 1735 268 40 Illumination
2051 1734 49 40 ist
2129 1734 116 38 heute
2274 1732 108 40 nicht
2409 1743 49 27 zu
2486 1729 168 40 denken.

2268 1968 130 45 Aus
2442 1966 339 54 Salzburg.

2639 2070 112 39 Den
2783 2068 59 40 18.
2869 2068 202 50 August
3102 2068 113 40 1856.

1834 2167 78 38 Zur
1940 2163 113 41 Feier
2093 2162 69 39 des
2190 2158 305 42 Allerhöchsten
2524 2155 288 41 Geburtsfestes
2840 2155 140 40 Seiner
3005 2155 182 52 Majestät
3227 2168 50 28 un-

1754 2247 106 29 seres
1888 2232 231 53 gnädigsten
2139 2229 160 39 Kaisers
2327 2228 161 39 Franz
2516 2227 192 50 Joseph
2737 2225 137 40 wurde
2901 2224 55 39 im
2981 2224 126 39 Dome
3135 2235 75 28 von
3239 2224 61 41 Sr.

1754 2308 99 39 Exc.
1881 2305 89 40 dem
2001 2303 166 40 Hochw.
2197 2301 132 39 Herrn
2356 2295 389 43 Fürst-Erzbischofe
2773 2293 332 41 Maximilian
3147 2294 65 39 ein
3240 2305 41 28 so-

1755 2378 138 38 lennes
1936 2373 198 40 Hochamt
2176 2369 246 52 abgehalten.
2476 2367 80 39 Das
2604 2362 495 45 Mozarteums-Orchester
3141 2362 160 41 brachte

1758 2445 151 42 hierbei
1938 2445 63 39 die
2028 2441 195 41 herrliche
2253 2439 281 40 C-dur-Messe
2561 2436 180 41 Mozart's
2770 2447 70 27 zur
2867 2434 266 52 Aufführung,
3175 2435 126 39 worin

1758 2517 63 38 die
1842 2515 208 40 berühmte
2070 2510 232 40 Künstlerin
2322 2511 105 38 Frau
2456 2505 315 53 Leopoldine
2799 2503 469 51 Herrenburg-Tuc-

1759 2587 102 46 zek,
1898 2586 37 39 k.
1962 2583 248 52 Preussische
2239 2577 388 52 Kammersängerin,
2669 2576 63 39 die
2761 2574 301 51 Sopran-Partie
3090 2574 186 41 übernom-

1761 2670 91 28 men
1880 2657 104 38 hatte
2013 2654 79 39 und
2121 2665 48 26 zu
2196 2651 150 40 diesem
2375 2649 167 40 Zwecke
2571 2647 71 46 mit
2669 2644 388 52 liebenswürdigster
3084 2644 198 41 Bereitwil-

1758 2727 136 52 ligkeit
1922 2726 133 50 eigens
2084 2735 69 29 aus
2172 2722 103 40 Ischl
2303 2721 138 39 hieher
2468 2718 154 51 gereis't
2651 2728 91 28 war.
2770 2715 70 39 Ihr
2857 2714 295 40 hinreissender
3168 2714 112 40 künst-

1761 2798 186 41 lerischer
1976 2795 172 49 Vortrag
2176 2792 70 40 der
2274 2803 149 39 ganzen
2453 2787 313 52 Sopran-Partie,
2808 2784 215 41 besonders
3051 2784 68 42 des
3149 2784 130 41 würde-

1759 2870 129 38 vollen
2110 2868 129 47 Agnus
2441 2865 70 36 Dei
2204 2863 82 39 und
2328 2862 109 39 eines
2479 2859 176 41 schönen
2700 2868 167 40 grossen
2910 2854 277 41 Offertoriums
3224 2865 78 28 von

1759 2936 233 42 Hummel
2021 2934 84 52 (mit
2133 2931 238 46 Oboe-Solo,
2407 2929 164 52 gespielt
2597 2939 75 27 von
2702 2926 134 40 Herrn
2863 2922 251 51 Jellinek),
3156 2935 43 28 so
3227 2922 75 39 wie

1759 3009 85 39 ihre
1874 3005 231 51 klangvolle,
2133 3000 290 53 sympathische
2446 2999 164 40 Stimme
2638 2996 180 39 erfüllten
2848 2995 62 39 die
2938 2994 175 39 Zuhörer
3140 2992 71 40 mit
3229 2992 75 41 Be*

1761 3077 257 49 wunderung.
2046 3074 141 40 Dieser
2213 3074 77 36 Act
2317 3071 70 38 der
2412 3070 127 39 Pietät
2567 3079 74 26 von
2667 3066 104 39 Seite
2799 3065 129 39 dieser
2954 3060 352 54 ausgezeichneten

1759 3147 231 41 Künstlerin
2020 3145 176 40 verdient
2223 3154 66 26 um
2318 3151 43 29 so
2389 3140 113 39 mehr
2539 3137 196 39 rühmend
2777 3135 326 50 hervorgehoben
3132 3145 47 28 zu
3208 3145 74 28 wer-

1761 3221 88 46 den,
1879 3220 54 38 als
1962 3216 143 52 gerade
2133 3215 39 38 in
2201 3217 182 36 neuester
2413 3209 84 40 Zeit
2523 3206 196 42 namhafte
2745 3206 150 50 Sänger
2923 3204 81 40 und
3033 3203 271 52 Sängerinnen

1762 3291 80 39 sich
1872 3288 144 41 nicht
2044 3287 100 39 eben
2173 3283 187 46 beeifern,
2388 3281 84 39 ihre
2489 3278 237 50 Verehrung
2749 3277 61 38 für
2829 3276 152 40 Mozart
3008 3274 42 40 in
3071 3273 208 52 anspruchs-

1762 3362 101 37 loser
1891 3358 82 39 und
2002 3353 372 51 kunstbegeisterter
2406 3348 133 39 Weise
2567 3347 250 49 darzulegen.

1842 3450 44 38 In
1915 3446 190 48 Salzburg
2145 3439 104 41 weilt
2290 3438 71 39 seit
2397 3437 175 39 Kurzem
2609 3436 128 39 Karl
2777 3433 210 43 Mozart,
3029 3430 65 40 ein
3135 3429 150 40 liebens-

1766 3519 196 50 würdiger
1990 3513 113 42 Greis
2144 3523 76 28 von
2262 3510 51 40 70
2340 3509 160 40 Jahren.
2553 3505 55 41 Er
2650 3505 49 40 ist
2741 3516 69 27 aus
2840 3502 174 41 Mailand
3057 3500 250 52 gekommen,

1763 3602 67 28 um
1871 3588 90 37 dem
1999 3580 259 42 Säcularfeste
2300 3578 286 44 anzuwohnen,
2630 3574 80 41 und
2750 3569 253 43 bekanntlich
3046 3570 71 40 der
3156 3569 150 49 einzige

1763 3659 103 41 noch
1896 3654 168 42 lebende
2092 3651 108 40 Sohn
2229 3663 75 27 von
2335 3650 66 38 W.
2429 3649 52 38 A.
2510 3648 157 39 Mozart.
2721 3644 81 40 Das
2830 3640 263 42 Fest-Comite
3131 3639 65 39 hat
3235 3637 71 40 ihn

1766 3728 143 42 bereits
1937 3721 221 42 freundlich
2186 3721 194 50 begrüsst,
2407 3717 82 40 und
2517 3717 69 37 das
2618 3714 245 39 Mozarteum
2887 3711 84 40 ihm
2999 3710 87 41 eine
3108 3705 197 43 Serenade

1766 3803 54 39 als
1853 3797 231 41 Willkomm
2112 3791 201 55 gebracht.
2364 3787 117 41 Auch
2519 3786 63 39 die
2610 3782 235 42 Liedertafel
2872 3782 67 40 hat
2967 3781 81 39 ihm
3078 3778 62 40 ihr
3166 3776 120 41 Ständ-

1767 3870 99 39 chen
1894 3865 201 53 gebracht.

1847 3946 122 41 Unter
1990 3945 78 38 den
2086 3938 315 55 Gegenständen,
2427 3935 151 40 welche
2606 3935 41 39 in
2663 3932 191 50 Salzburg
2882 3930 75 39 den
2977 3926 197 42 Fremden
3202 3924 81 41 wäh-

1768 4017 98 42 rend
1904 4016 70 38 der
1998 4007 427 46 Mozart-Säcularfeier
2463 4016 188 39 anzogen,
2697 4002 101 39 steht
2830 3999 180 41 Mozart's
3039 3996 271 42 Geburtshaus

1771 4087 105 44 wohl
1903 4087 42 39 in
1973 4090 120 36 erster
2122 4082 138 41 Reihe.
2305 4081 49 38 In
2380 4079 92 40 dem
2501 4076 143 40 dritten
2674 4072 141 42 Stocke
2843 4071 68 39 des
2939 4069 42 41 in
3009 4068 70 41 der
3109 4065 201 42 Getreide-
