3510 4351
1845 176 0 0 296

206 246 175 52 endlich
413 268 121 33 muss
569 269 100 33 man
703 253 108 50 aber
855 256 113 50 auch
1009 258 87 50 den
1129 260 330 51 Mechanismus
1491 261 79 50 der
1600 270 121 43 stren-

203 346 88 50 gen
316 331 259 52 Schreibart
606 353 144 48 genau
782 340 239 50 verstehen
1053 341 90 51 und
1173 343 90 48 sich
1296 344 41 48 in
1370 344 84 49 den
1486 344 236 67 labyrinthi-

204 411 136 50 schen
376 414 191 66 Gängen
599 418 80 49 der
710 420 388 65 ausgebildetsten
1130 424 274 67 Polyphonia
1561 429 187 48 zurecht

203 493 152 50 finden
388 496 192 60 können,
667 500 116 51 dann
816 504 111 50 wird
955 505 145 50 einem
1124 515 91 40 erst
1241 508 119 48 Bach
1390 509 41 48 in
1463 510 146 47 seiner
1639 528 81 47 gan-

203 593 83 32 zen
306 578 150 50 Glorie
487 581 89 49 und
602 584 212 65 Majestät
844 588 237 65 aufgehen,
1112 590 89 49 und
1236 608 100 32 man
1370 593 109 48 wird
1500 593 219 49 Schönhei-

203 667 77 41 ten
308 661 265 60 entdecken,
604 665 69 50 die
701 684 104 33 man
833 678 151 41 zuerst
1008 670 113 49 über
1152 672 78 48 der
1262 673 253 51 kolossalen
1533 677 213 48 Structur

203 741 90 49 und
316 743 85 48 den
433 745 193 66 riesigen
645 749 337 52 Verhältnissen
1007 752 253 50 übersehen
1293 755 89 50 hat.
1412 757 62 48 Es
1505 757 56 49 ist
1591 763 129 43 natür-

200 821 100 58 lich,
344 824 102 51 dass
485 827 69 49 ein
585 830 201 51 Musiker
827 851 86 31 von
954 852 50 32 so
1042 843 177 41 ernster
1253 838 90 48 und
1387 847 208 58 strenger
1627 841 86 67 Phy-

202 904 249 66 siognomie
481 909 85 50 wie
597 912 119 49 Bach
748 914 122 51 nicht
900 915 69 50 die
995 918 420 51 Weltlichkeit
1445 940 100 30 zum
1572 923 142 50 Schau-

202 987 145 66 platze
390 992 148 50 seiner
581 997 350 66 vorwiegenden
968 1001 257 66 Thätigkeit
1270 1004 246 50 aufsuchen
1562 1006 183 58 konnte,

203 1069 90 50 und
324 1072 103 49 dass
458 1091 49 31 er
532 1075 213 51 vielmehr
774 1079 41 50 in
847 1081 85 49 den
948 1083 163 48 Hallen
1143 1083 79 50 der
1249 1086 214 48 Kirche
1490 1105 53 30 an
1575 1087 167 51 seinem

202 1153 230 52 wahrsten
477 1158 90 50 und
614 1161 230 66 eigensten
875 1164 152 50 Platze
1070 1166 91 49 sich
1208 1167 149 49 finden
1404 1177 185 41 mussle.
1647 1172 95 47 Der

200 1234 171 52 Kirche
413 1239 163 65 gehört
616 1260 49 30 er
705 1244 115 50 denn
861 1247 113 48 auch
1016 1248 190 48 zumeist
1248 1267 71 41 an,
1366 1251 90 48 und
1488 1251 79 49 das
1600 1253 141 50 Wort

202 1317 161 51 Gottes
407 1319 75 50 hat
527 1338 48 32 er
616 1324 42 47 in
701 1326 156 49 Tönen
903 1328 85 48 voll
1032 1329 231 67 innigster,
1309 1331 431 66 glaubenslestester

198 1399 329 69 Frömmigkeit
570 1407 265 60 verkündet,
880 1411 85 49 wie
1003 1413 172 49 Keiner
1216 1432 79 31 vor
1340 1415 91 49 und
1474 1417 113 48 nach
1633 1417 104 50 ihm.

193 1481 137 50 Seine
360 1501 51 32 so
437 1503 56 31 zu
518 1503 138 49 sagen
682 1493 344 66 contemplative
1048 1496 146 48 Natur
1218 1497 264 66 verläugnet
1505 1498 91 50 sich
1622 1501 114 48 auch

192 1563 44 50 in
260 1564 154 51 seinen
434 1571 429 53 ausserkirchlichen
882 1576 174 51 Sachen
1083 1578 137 60 nicht,
1251 1581 90 48 und
1365 1582 42 47 in
1427 1582 151 48 seinen
1600 1581 111 49 leich-

193 1652 150 45 testen
388 1648 364 56 Ciavierstücken
810 1657 141 51 selbst
1008 1660 56 49 ist
1107 1661 98 49 eine
1251 1663 192 65 gewisse
1487 1665 245 49 ascetische

193 1728 197 68 Strenge
420 1730 299 64 bemerklich;
731 1756 121 32 —es
881 1740 57 49 ist
960 1741 140 60 Alles,
1130 1743 114 50 auch
1275 1745 77 49 das
1383 1745 218 59 Kleinste,
1633 1764 100 32 zur

190 1811 154 49 Ehre
378 1812 210 53 Gottes
618 1822 225 61 gemacht,
876 1824 84 48 wie
983 1825 133 49 Marx
1138 1843 111 48 ganz
1269 1829 191 48 treffend
1483 1836 116 59 sagt.
1629 1830 75 49 Sol-

186 1893 74 49 len
293 1895 80 48 wir
402 1897 117 48 noch
550 1909 141 42 etwas
722 1901 112 51 über
863 1905 122 49 seine
1016 1907 261 51 Schreibart
1309 1910 321 49 insbesondere
1661 1929 46 32 sa-

188 1992 103 49 gen,
324 1994 50 31 so
406 1982 181 49 müssen
618 1984 83 49 wir
730 2003 86 31 von
847 2004 110 32 vorn
988 1989 152 49 herein
1171 1991 99 48 dem
1304 1992 118 49 öfter
1454 1994 273 63 gemachten

186 2058 248 51 Vorwurfe
477 2061 254 70 begegnen,
777 2070 121 48 Bach
929 2070 115 51 habe
1086 2071 127 51 keine
1242 2075 258 49 Melodie
1540 2076 184 65 gehabt.

185 2140 259 68 Allerdings
486 2144 56 50 ist
573 2164 64 41 er,
682 2150 82 48 wie
796 2151 142 50 schon
969 2152 118 51 oben
1117 2156 290 65 angedeutet,
1451 2158 101 49 kein
1582 2159 114 49 Melo-

186 2222 126 50 diker
345 2225 59 48 im
435 2227 247 52 modernen
712 2231 140 51 Sinne
882 2251 229 49 gewesen,
1142 2238 41 48 d.
1216 2238 41 48 h.
1290 2255 50 32 er
1366 2240 75 48 hat
1470 2239 127 51 keine
1628 2241 64 50 Me-

184 2305 118 49 lodie
331 2325 76 32 um
439 2307 121 51 ihrer
589 2311 140 52 selbst
761 2315 146 50 willen
945 2319 256 63 geschaffen
1230 2320 86 66 (?);
1359 2321 109 49 aber
1497 2321 147 50 indem
1676 2342 50 30 er

186 2389 228 67 polyphon
443 2391 192 61 schrieb,
668 2395 76 51 hat
773 2414 50 32 er
853 2400 130 48 meist
1012 2401 204 50 mehrere
1246 2404 251 49 Melodieen
1529 2423 53 32 zu
1614 2406 86 64 glei-

185 2470 108 48 cher
322 2472 98 50 Zeit
451 2475 283 61 verarbeitet,
780 2478 69 50 die
889 2480 114 51 eben
1046 2499 51 33 so
1139 2492 83 57 gut
1263 2502 332 33 zusammen
1641 2488 82 48 wie

183 2552 236 51 einzeln
463 2555 258 53 betrachtet
752 2563 183 49 werden
966 2564 195 60 können,
1206 2566 89 49 und
1342 2568 69 48 die
1441 2568 255 51 Selbststän-

180 2635 170 67 digkeit
386 2638 131 64 jeder
561 2640 231 52 einzelnen
823 2646 190 50 Stimme
1054 2655 55 41 ist
1150 2648 115 51 eben
1309 2668 51 32 so
1394 2650 296 51 bewunderns-

183 2719 158 58 wert!],
373 2719 62 49 als
467 2720 69 50 die
560 2724 308 69 Vereinigung
886 2729 108 48 aller
1018 2729 146 50 dieser
1186 2732 220 49 Stimmen
1430 2733 288 68 (Melodieen)

181 2800 69 50 die
280 2801 337 68 frappantesten
647 2808 343 52 harmonischen
1004 2813 529 68 Zusammenstellungen
1556 2817 161 66 ergibt.

179 2884 133 49 Dann
343 2885 106 48 sehe
475 2904 104 32 man
608 2889 92 50 sich
729 2892 114 49 doch
875 2911 86 31 nur
989 2894 43 50 in
1063 2895 86 50 den
1176 2897 155 58 Arien,
1361 2898 43 48 in
1435 2898 86 49 den
1553 2898 136 51 Canta-

178 2973 91 51 ten,
313 2967 44 48 in
388 2967 80 49 der
495 2970 460 64 Matthäus-Passion,
1001 2977 41 48 in
1084 2977 85 49 den
1197 2979 204 50 Sonaten
1443 2979 69 48 für
1543 2982 174 48 Violine

179 3050 93 50 und
291 3050 185 60 Ciavier,
505 3052 42 49 in
579 3053 85 49 den
688 3057 238 50 Präludien
957 3058 79 49 des
1063 3059 416 69 wohltemperirten
1507 3062 210 59 Claviers,

178 3132 44 50 in
254 3133 86 49 den
369 3134 157 50 Suiten
557 3154 44 32 u.
620 3154 36 33 s.
677 3156 54 31 w.
763 3157 43 32 u.
824 3157 33 33 s.
886 3158 55 32 w.
975 3160 90 40 um,
1096 3143 94 50 und
1224 3161 102 32 man
1356 3146 197 48 zweifele
1583 3147 133 57 noch,

179 3213 60 52 ob
282 3215 124 50 Bach
447 3218 251 52 Melodieen
743 3222 85 49 voll
874 3223 170 50 tiefster
1083 3226 222 64 Innigkeit
1350 3227 222 49 erfunden
1618 3228 98 51 hat!

176 3298 132 66 [Also
340 3298 158 67 doch!]
542 3302 179 49 Zuletzt
759 3308 181 47 müssen
970 3307 83 49 wir
1082 3308 114 48 noch
1229 3308 160 50 darauf
1413 3311 301 49 aufmerksam

174 3382 203 57 machen,
407 3381 103 49 dass
533 3400 102 31 man
658 3386 306 66 gemeiniglich
987 3388 123 50 darin
1142 3391 121 58 fehlt,
1298 3408 132 32 wenn
1462 3408 100 33 man
1594 3393 120 48 Bach

175 3480 51 34 so
256 3464 258 57 beurtheilt,
545 3464 63 50 als
640 3466 62 49 sei
733 3467 69 49 die
830 3468 273 65 gelehrte
1133 3472 259 51 Schreibart
1422 3475 167 48 Zweck
1620 3476 92 49 und

173 3547 93 49 Ziel
294 3547 145 49 seines
468 3548 220 51 Strebens
716 3567 229 50 gewesen.
1003 3553 239 51 Durchaus
1272 3556 145 49 nicht!
1478 3557 117 51 Was
1627 3575 82 33 uns

170 3629 253 51 Modernen
467 3628 70 50 bei
580 3631 120 49 Bach
747 3633 236 65 gelehrt
1026 3633 143 68 (oder,
1201 3636 84 49 wie
1319 3655 102 30 man
1451 3655 111 48 gern
1592 3647 116 57 sagt,

171 3712 289 67 gemacht)
503 3713 236 59 erscheint,
778 3715 57 50 ist
866 3716 70 49 bei
968 3717 90 48 ihm
1088 3716 73 51 ein
1192 3718 301 50 vollkommen
1521 3722 161 48 natürli-

170 3797 105 50 ches
292 3795 339 67 Aussprechen,
661 3797 91 50 und
781 3816 86 32 nur
898 3800 97 49 weil
1028 3801 83 48 wir
1142 3800 81 49 der
1252 3801 316 52 kunstreichen
1592 3805 84 49 For-

169 3896 101 32 men
316 3896 86 32 von
444 3878 169 50 damals
656 3878 125 51 nicht
823 3881 127 49 mehr
989 3900 51 32 so
1074 3883 198 65 mächtig
1302 3883 114 59 sind,
1459 3890 244 63 vermögen

170 3961 80 48 wir
292 3962 228 48 schwerer
574 3961 148 51 hinter
767 3961 80 51 der
888 3963 135 51 Form
1067 3965 114 49 auch
1225 3966 87 50 den
1359 3966 127 50 Geist
1528 3985 54 33 zu
1627 3985 50 33 er-

166 4041 191 53 blicken.

1966 266 104 50 Nun
2102 268 109 66 folgt
2252 269 67 51 ein
2363 270 455 73 siebenundzwanzig
2847 277 150 52 Zeilen
3041 279 155 67 langer
3227 278 157 57 Abriss

1843 346 143 51 seines
2018 349 195 61 Lebens,
2260 353 40 49 d.
2333 353 42 51 h.
2404 357 215 48 trockene
2650 358 289 69 Aufzählung
2969 363 145 48 seiner
3144 364 240 52 amtlichen

1843 430 265 66 Stellungen
2133 434 111 50 nach
2271 435 260 51 Jahreszahl
2565 440 89 49 und
2679 442 111 65 Tag,
2822 443 77 48 mit
2921 446 438 68 Stil-Nachlässigkei-

1841 519 90 48 ten,
1964 513 84 48 wie
2080 515 232 65 folgende:
2356 522 139 53 „zwei
2531 522 161 48 Reisen
2725 524 111 47 nach
2869 526 205 49 Dresden
3106 529 276 65 (welcher

1840 595 85 49 Ho
1939 597 86 45 f—
2041 597 71 48 ihn
2132 609 188 40 ernannt
2608 606 89 47 und
2724 606 116 49 dann
2861 607 202 51 schliesst
3081 612 119 47 Herr
3217 613 138 50 Berns-

1840 677 122 49 dorl:
2018 716 18 19 „
2052 681 323 52 Detaillirteres
2413 684 112 50 über
2555 687 121 48 seine
2707 689 548 54 Familien-Verhältnisse
3293 698 90 47 und

1841 758 112 50 über
1996 761 154 49 seinen
2193 764 198 50 Einllnss
2436 768 80 47 auf
2554 768 68 50 die
2666 786 140 48 ganze
2850 772 339 52 norddeutsche
3231 776 150 51 Musik

1840 839 111 68 [und
1984 842 120 51 nicht
2135 846 78 48 auf
2239 848 175 66 Haydn,
2446 851 189 56 Mozart,
2666 853 313 69 Beethoven?]
3025 856 91 49 lese
3162 875 102 32 man
3308 858 73 51 bei

1839 923 167 50 seinem
2034 926 282 67 Biographen
2343 931 163 49 Forkel
2537 935 137 57 nach;
2706 933 80 51 der
2815 936 165 49 Zweck
3014 956 248 33 unseres
3290 941 61 49 Bu-

1837 1006 106 49 ches
1987 1007 139 66 [wohl
2173 1009 56 50 im
2276 1012 255 51 wirklichen
2563 1017 136 50 Sinne
2742 1017 77 50 des
2851 1020 174 49 Plurals
3071 1040 52 30 zu
3171 1022 208 60 nehmen,

1835 1087 192 51 nämlich
2069 1089 78 50 des
2179 1092 243 66 Verlegers
2465 1097 90 50 und
2598 1098 78 49 des
2707 1101 280 68 Verfassers]
3031 1112 216 57 gestatlet
3293 1124 84 31 uns

1837 1171 158 48 weiter
2023 1173 160 57 nichts,
2226 1176 62 47 als
2323 1177 185 51 Daten
2552 1199 53 30 zu
2648 1181 147 65 geben
2841 1183 152 66 [wozu
3026 1187 93 48 also
3152 1187 117 50 denn
3301 1190 77 49 das

1835 1252 132 66 obige
1998 1255 344 53 oberflächliche
2371 1261 420 70 Raisonnement?].
2852 1267 134 49 Seine
3020 1269 189 59 Werke,
3241 1271 136 50 deren

1834 1351 49 31 er
1912 1336 116 48 auch
2058 1337 110 48 viele
2198 1338 140 51 selbst
2367 1341 43 49 in
2441 1342 175 69 Kupfer
2645 1350 120 44 ätzte
2795 1346 118 67 [eine
2945 1349 221 50 köstliche
3186 1352 158 50 Zusam-

1831 1420 338 67 menstellung],
2199 1422 97 50 sind
2330 1425 168 49 zahllos
2528 1425 141 68 [Herr
2700 1430 253 49 Bernsdorf
2974 1440 142 42 nennt
3148 1434 99 49 kein
3283 1436 69 50 ein-

1831 1500 136 64 ziges,
1998 1502 120 50 nicht
2146 1505 159 49 einmal
2338 1506 68 50 die
3062 1510 322 51 H-moll-Mess
2765 1529 22 32 e
2820 1514 91 48 und
2942 1514 69 49 die
3041 1533 191 48 grossen
3261 1519 84 48 Pas-

1829 1581 223 70 sionen!];
2099 1585 149 51 Vieles
2287 1586 57 51 ist
2380 1590 115 49 noch
2542 1594 300 64 ungedruckt,
2888 1596 91 51 und
3020 1614 47 32 es
3097 1597 56 50 ist
3185 1599 95 49 hier
3316 1616 52 34 zu

1826 1665 262 61 erwähnen,
2131 1669 101 49 dass
2264 1670 92 49 sich
2396 1672 42 50 in
2467 1675 185 67 Leipzig
2691 1677 98 49 eine
2820 1679 442 52 Bach-Gesellschaft
3293 1700 51 49 ge-

1825 1746 138 50 bildet
1995 1749 90 57 hat,
2116 1751 169 50 welche
2315 1754 138 49 schon
2485 1757 98 47 fünf
2608 1759 153 48 starke
2790 1760 155 50 Bände
2974 1761 45 50 in
3041 1763 328 66 splendidester

1822 1829 310 69 Ausstattung
2161 1832 42 50 in
2235 1835 69 49 die
2337 1837 129 50 Welt
2499 1840 231 64 geschickt

1947 1914 92 48 Das
2083 1914 57 49 ist
2179 1916 122 59 alles,
2347 1935 92 33 was
2481 1920 80 50 der
2587 1923 326 66 Herausgeber
2944 1925 78 50 des
3052 1944 149 33 neuen
3229 1929 111 49 Lexi-

1822 1991 111 51 kons
1966 1995 80 48 der
2075 1997 254 59 lonkunst,
2373 1999 72 52 für
2485 2003 85 49 den
2602 2004 70 49 die
2704 2023 141 48 ganze
2874 2008 377 50 Bach-Literatur
3281 2011 87 50 seit

1818 2075 164 49 Forkel
2003 2094 20 32 s
2047 2079 128 49 Tode
2201 2080 123 51 nicht
2348 2084 258 51 vorhanden
2638 2104 53 32 zu
2723 2088 94 49 sein
2847 2090 187 57 scheint,
3067 2091 113 50 über
3210 2091 157 53 diesen

1817 2159 186 48 Heroen
2032 2178 53 32 zu
2118 2178 139 49 sagen
2287 2165 149 51 weiss.
2494 2168 114 49 Hier
2649 2169 140 51 heisst
2831 2188 48 33 es
2918 2173 123 49 nicht
3087 2173 121 51 bloss

1821 2258 152 47 ungue
2183 2244 102 57 leonem,
2286 2246 117 50 sondern
2427 2249 139 51 auch:
2597 2250 74 51 An
2702 2251 102 51 dem
2831 2254 124 51 Bilde
2987 2255 77 50 des
3083 2257 176 50 Löwen
3290 2274 49 32 er-

1817 2323 137 49 kennt
1981 2342 102 33 man
2116 2325 85 51 den
2232 2328 247 51 Zeichner!

1871 2585 100 58 Das
2007 2585 264 61 Musikfest
2308 2606 62 41 zu
2406 2591 289 60 Darmstadt
2731 2611 80 42 am
2849 2596 71 59 31.
2957 2597 197 62 August
3196 2602 96 57 und

2389 2681 40 58 1.
2467 2682 298 75 September.

1935 2816 158 49 Wenn
2133 2817 83 49 mir
2255 2819 115 50 auch
2410 2819 70 50 die
2521 2822 80 48 auf
2624 2823 165 50 Reisen
2832 2842 51 32 so
2926 2824 301 54 beschränkte
3259 2831 98 49 Zeit

1812 2897 159 50 keinen
2004 2899 333 52 ausführlichen
2366 2903 180 50 Bericht
2577 2906 191 58 erlaubt,
2799 2909 146 49 zumal
2975 2927 134 32 wenn
3141 2928 104 33 man
3275 2912 74 51 bei

1811 2996 51 31 so
1893 2979 285 52 fabelhaftem
2207 2983 243 66 Zudrange
2488 3003 85 32 von
2601 2987 246 51 Menschen
2889 2989 43 51 in
2961 2992 267 52 Darmstadt
3259 2996 94 49 und

1810 3062 246 51 Frankfurt
2094 3082 56 32 an
2192 3066 103 49 dem
2339 3074 203 44 ersteren
2574 3069 116 50 Orte
2729 3088 56 32 an
2828 3072 81 49 der
2939 3074 256 51 Eisenbahn
3237 3077 114 51 über

1810 3143 94 51 drei
1921 3146 207 49 Stunden
2147 3147 193 61 verliert,
2372 3149 83 50 ehe
2478 3168 102 32 man
2610 3168 56 33 an
2697 3153 69 50 die
2795 3156 142 49 Reihe
2969 3157 78 50 des
3069 3158 282 68 Einsteigens

1810 3226 189 59 kommt,
2046 3229 90 49 und
2177 3246 71 33 am
2288 3232 190 49 zweiten
2508 3233 69 50 die
2603 3234 146 50 Nacht
2779 3238 113 49 nach
2930 3240 198 48 hundert
3158 3242 164 66 vergeb-

1807 3308 144 51 lichen
1978 3311 284 67 Nachfragen
2300 3313 42 50 in
2382 3316 113 48 allen
2530 3317 250 66 möglichen
2810 3321 540 62 Unterkunfts-Localen,

1807 3391 69 49 die
1906 3393 316 66 Hauptwache
2250 3396 122 49 nicht
2412 3415 369 49 ausgenommen,
2826 3420 72 32 am
2935 3403 128 50 Ende
3107 3405 117 50 doch
3268 3408 81 47 auf

1804 3472 82 51 der
1902 3475 181 48 Strasse
2112 3475 246 68 zubringen
2390 3482 334 50 muss—Alles
2753 3482 314 53 buchstäblich
3097 3487 149 50 wahr!
3260 3516 88 30 —,

1803 3572 51 33 so
1884 3557 87 50 will
2001 3557 70 48 ich
2100 3557 115 52 doch
2245 3561 140 49 durch
2409 3579 132 33 wenn
2559 3565 114 48 auch
2697 3584 87 31 nur
2808 3567 322 68 rhapsodische
3152 3570 193 52 Notizen

1801 3638 191 50 meinem
2024 3640 315 67 Versprechen
2370 3645 274 66 wenigstens
2674 3665 101 33 zum
2806 3650 129 48 Theil
2965 3650 342 52 nachkommen.

1926 3722 155 51 Wenn
2105 3722 69 51 ich
2198 3725 141 50 Ihnen
2361 3729 217 48 zunächst
2606 3746 123 49 sage,
2760 3731 101 50 dass
2880 3732 263 51 Darmstadt
3174 3751 55 33 an
3256 3735 88 51 den

1794 3801 163 52 beiden
1989 3803 242 68 Festtagen
2259 3825 85 32 von
2376 3809 401 59 40—50,000
2798 3814 243 50 Menschen
3068 3816 93 50 und
3187 3820 128 62 gröss-

1796 3886 210 50 tenteils
2031 3887 226 52 Fremden
2286 3891 259 60 wimmelte,
2575 3909 51 33 so
2654 3894 258 53 übertreibe
2942 3897 68 50 ich
3041 3897 301 70 keineswegs,

1797 3969 197 49 sondern
2039 3969 144 52 bleibe
2224 3972 109 50 eher
2361 3974 119 49 noch
2511 3983 133 41 unter
2674 3976 80 50 der
2785 3979 259 52 wirklichen
3073 3981 128 52 Zahl.
3245 3984 97 49 Der

1796 4051 179 51 Besuch
2017 4069 95 34 war
2140 4054 94 50 also
2265 4056 347 66 ungewöhnlich
2643 4061 183 66 günstig
2866 4063 69 49 für
2978 4063 70 52 die
3074 4065 143 52 Taufe
3262 4065 80 52 des
