1663 2540
276 2165 47 38 18

339 245 34 30 In
392 243 54 31 der
466 242 66 30 Zeit
551 240 53 30 des
624 237 128 37 Krieges
772 232 132 38 kämpfte
923 230 50 30 die
993 229 128 29 Entente
1140 220 233 43 hauptsächlich
1395 227 51 22 um

258 292 49 31 die
335 289 255 36 Niederringung
619 278 230 35 Deutschlands
878 276 65 31 und
969 273 147 32 verstand
1156 271 93 39 nicht,
1289 267 63 32 daß
1392 265 55 31 der

258 340 119 34 einzige
400 333 156 33 wirkliche
581 329 65 31 und
671 325 187 41 gefährliche
882 322 127 38 Gegner
1034 319 54 31 des
1114 317 167 31 deutschen
1307 315 121 37 Impena-

258 385 109 31 lismus
391 375 253 44 Sowjetrußland
668 376 49 37 ist,
741 371 66 32 und
830 369 63 32 daß
917 377 72 22 man
1014 368 54 28 mit
1093 364 69 31 dem
1185 362 116 32 wilden
1326 359 123 39 Angriff

258 430 51 31 auf
334 426 145 35 Rußland
503 424 66 32 sich
593 421 96 32 selbst
715 421 31 29 in
773 416 177 32 demselben
977 413 94 31 Maße
1098 408 167 39 schwächt,
1291 408 61 30 wie
1378 414 71 22 man

260 477 95 30 damit
379 475 105 30 seinen
507 467 191 41 Hauptfeind
724 461 214 35 Deutschland
961 459 104 32 stärkt.

341 521 79 31 Weil
447 520 45 30 sie
520 517 58 30 den
607 513 131 32 Frieden
776 509 156 32 zwischen
960 504 146 34 Rußland
1144 501 65 32 und
1237 501 214 30 Deutschland

259 569 84 31 nicht
364 564 191 38 wünschten,
577 562 39 30 da
637 562 44 29 sie
703 557 114 32 Furcht
837 556 115 38 hatten,
974 552 61 31 daß
1058 547 211 34 Deutschland
1293 555 55 21 aus
1371 543 60 32 Ruß-

260 614 74 33 land
355 609 259 37 Rohmaterialien
637 606 146 31 beziehen
807 603 124 38 könnte,
953 599 157 31 isolierten
1133 596 46 31 sie
1201 594 146 32 Rußland
1368 594 68 27 wirt-

260 660 159 33 schaftlich
448 656 97 32 durch
573 655 49 30 die
650 650 164 39 Blockade,
852 648 45 31 als
936 646 42 31 ob
1015 646 45 29 sie
1098 640 181 34 absichtlich
1307 637 146 33 Kußland

261 708 146 37 zwingen
423 703 139 38 wollten,
578 698 238 34 Konzessionen
834 704 39 22 zu
893 693 138 37 machen,
1049 699 66 22 was
1133 696 102 31 genau
1253 686 97 30 soviel
1368 686 85 28 heißt

261 755 61 31 wie
346 748 214 35 Deutschland
581 747 132 31 stärken.
1285 778 6 7 .
1384 776 34 6 ...

345 799 85 31 Aber
448 797 66 31 ihre
532 792 179 33 Dummheit
727 790 91 32 endet
835 797 41 22 an
894 786 113 30 diesem
1027 782 117 32 Punkte
1162 780 82 31 noch
1262 780 93 29 nicht.
1385 780 70 26 Vier

264 847 94 35 Jahre
379 843 154 33 hindurch
556 841 102 31 haben
679 839 45 31 sie
745 837 68 30 ihre
832 834 113 32 Völker
967 833 32 30 in
1022 830 48 31 ein
1093 827 158 33 nutzloses
1274 823 181 33 Schlachten

264 889 270 39 hineingeschickt,
555 886 101 31 indem
677 885 45 30 sie
743 882 92 31 ihnen
857 877 184 40 einredeten,
1063 875 62 32 daß
1147 872 55 32 der
1221 871 96 38 Krieg
1337 868 50 32 für
1408 868 48 30 die

263 938 158 33 nationale
443 931 275 41 Unabhängigkeit
741 929 55 32 der
819 927 119 32 kleinen
960 922 115 33 Völker
1099 917 220 42 ausgefochten
1341 914 115 37 werde,

265 987 65 29 und
350 986 32 29 in
404 983 68 30 dem
493 978 220 41 Augenblicke,
735 976 40 30 da
796 975 50 30 die
864 970 157 34 nationale
1042 967 170 37 Erhebung
1233 964 54 31 der
1308 961 133 32 versklav-

266 1034 50 29 ten
341 1030 113 32 Völker
480 1029 55 29 des
562 1027 115 29 Ostens
705 1020 191 39 heranreifte,
922 1016 102 33 haben
1052 1013 155 33 dieselben
1234 1018 116 24 weiswi
1378 1008 64 30 Poli-

265 1075 74 30 tiker
366 1072 53 31 der
445 1070 129 31 Entente
599 1068 88 30 einen
713 1062 219 38 hartnäckigen
959 1059 94 37 Krieg
1077 1064 101 31 gegen
1204 1052 251 39 Sowjetrußland

267 1121 166 35 begonnen
452 1116 65 31 und
534 1124 38 21 so
591 1114 59 30 den
668 1109 157 34 Umstand
843 1106 141 33 offenbar
1000 1102 152 41 gemacht,
1171 1100 61 31 daß
1251 1100 44 30 sie
1314 1097 49 31 die
1380 1097 64 29 Frei-

268 1168 61 30 heit
345 1166 84 31 nicht
447 1162 111 32 einmal
575 1161 59 30 den
651 1158 122 40 großen
790 1155 145 37 Völkern,
952 1150 196 41 geschweige
1164 1147 82 30 denn
1264 1145 59 30 den
1341 1143 118 30 kleinen

269 1213 203 36 zuerkennen,
498 1217 59 22 vor
583 1206 80 31 allen
689 1205 124 37 Dingen
841 1201 94 37 dann,
971 1206 93 23 wenn
1091 1195 83 31 diese
1199 1191 132 32 Freiheit
1367 1191 93 29 ihnen

269 1260 85 31 nicht
371 1258 84 37 paßt.
494 1256 49 30 Sie
559 1254 121 37 zeigten
697 1250 95 31 damit
809 1248 59 30 den
886 1246 127 30 Massen
1030 1242 66 32 und
1112 1241 59 30 den
1188 1239 141 37 Klassen,
1345 1237 116 30 weiche

270 1307 45 30 sie
339 1307 32 29 in
397 1303 99 32 ihrem
519 1299 113 39 Kampf
657 1298 51 30 für
734 1296 49 30 die
807 1292 159 33 wirkliche
991 1288 133 33 Freiheit
1150 1285 211 32 unterstützen
1398 1281 63 31 daß

270 1354 44 29 sie
340 1351 66 31 ihre
431 1348 165 37 Hoffnung
623 1344 52 32 auf
703 1343 49 31 die
778 1337 268 38 Verwirklichung
1074 1335 83 30 ihrer
1184 1331 91 32 Ideen
1303 1331 32 30 in
1364 1328 99 31 dieser

265 1397 106 31 Weise
392 1394 152 40 aufgeben
566 1393 135 30 müssen.

353 1444 43 30 So
417 1441 83 40 groß
522 1440 39 30 ist
582 1438 54 31 der
655 1433 206 39 Klassenhaß,
883 1441 37 21 so
941 1429 102 31 scharf
1065 1427 54 31 der
1139 1423 117 33 soziale
1275 1423 188 37 Gegensatz,

273 1492 62 31 daß
362 1490 82 35 jeder
470 1484 162 41 politische
656 1483 78 32 Sinn
758 1479 208 33 vollkommen
993 1473 148 33 umwolkt
1164 1473 41 29 ist
1230 1468 65 33 und
1321 1467 67 42 jede
1412 1467 36 31 Re-

273 1535 242 42 gierungskunst
543 1531 83 32 fehlt.
677 1526 155 35 Niemand
860 1523 134 34 versteht
1023 1521 50 32 die
1101 1516 255 40 Notwendigkeit
1384 1514 79 31 auch

275 1585 55 30 der
355 1578 299 40 allerdringlichsten
679 1573 207 38 Konzession,
912 1578 96 31 sogar
1031 1576 94 23 wenn
1149 1564 85 32 diese
1260 1562 54 32 der
1338 1562 127 38 eigenen

274 1623 268 37 Selbsterhaltung
564 1619 92 31 dient
1429 1648 19 7 ..

359 1672 64 28 Der
447 1668 116 39 Junker
589 1663 159 33 Bismarck
771 1663 83 30 hatte
877 1658 97 32 soviel
997 1655 163 39 Verstand,
1186 1655 62 29 daß
1274 1661 42 30 er,
1341 1659 51 22 um
1419 1655 48 24 die

278 1717 184 38 Privilegien
487 1714 102 31 seiner
613 1711 100 31 Partei
738 1708 135 32 erhalten
899 1714 41 22 zu
962 1704 135 37 können,
1122 1702 50 30 ihr
1196 1699 174 38 Ungestüm
1395 1695 54 31 bän-

277 1765 85 39 digte
388 1763 65 31 und
477 1761 50 31 die
550 1760 118 31 kleinen
694 1755 185 38 Privilegien
905 1751 127 40 opferte,
1058 1759 52 21 um
1135 1747 50 31 die
1209 1745 122 40 großen
1359 1752 39 22 zu
1425 1751 28 22 er-

275 1811 113 31 halten.
1245 1811 1 31 .
1348 1836 9 5 .

358 1857 44 29 Im
424 1855 121 38 Beginn
566 1851 53 31 der
640 1847 329 37 Arbeiterbewegung,
990 1843 45 31 als
1056 1843 44 29 sie
1122 1839 81 32 noch
1224 1839 145 30 schwach
1390 1843 77 29 war,

274 1902 184 33 versicherte
482 1909 33 21 er
539 1899 122 38 bereits,
687 1896 62 30 daß
776 1904 31 22 er
832 1894 107 30 keinen
964 1891 113 31 Schritt
1101 1887 221 32 unternehmen
1347 1884 120 38 würde,

276 1949 82 31 ohne
387 1957 39 21 zu
456 1945 167 39 bedenken,
653 1944 60 30 wie
740 1941 66 32 sich
836 1940 50 30 die
915 1935 304 35 Sozialdemokraten
1249 1933 80 30 dazu
1359 1931 104 31 stellen

273 1994 142 33 würden.
1331 2025 8 2 .

358 2041 88 30 Seine
466 2039 118 30 kleinen
604 2036 128 32 Schüler
752 2034 66 31 und
839 2033 169 37 Anhänger
1027 2029 182 31 versuchten
1231 2028 50 29 die
1301 2028 79 28 Weit
1402 2028 65 27 und

274 2088 65 30 sich
364 2096 39 21 zu
428 2084 181 39 überreden,
635 2083 61 30 daß
721 2083 32 29 in
776 2078 213 33 Deutschland
1013 2078 50 29 nie
1086 2077 66 28 eine
1176 2073 184 32 Revolution
1383 2072 84 28 statt-
