1635 2540
229 2186 42 35 54

240 272 164 30 Menschen
426 273 63 29 und
510 273 48 30 die
579 272 227 40 Abhängigkeit
826 277 99 29 seines
947 277 171 32 Schicksals
1139 289 61 21 von
1222 281 95 31 ihrem
1340 281 82 30 nicht

238 326 74 21 zum
333 318 193 30 Bewußtsein
548 318 140 39 bringen.
733 320 40 30 Er
795 321 38 31 ist
854 322 48 30 ein
924 322 108 39 Lump,
1054 324 54 30 der
1128 326 83 30 seine
1233 327 174 39 Pinseltätig-

240 362 59 31 keit
318 364 44 29 als
382 364 65 29 eine
464 364 148 37 göttliche
631 365 134 31 Mission
785 367 139 37 geachtet
942 369 114 30 wissen
1075 370 74 30 will.
1190 371 108 41 Heute,
1317 383 52 21 wo
1390 383 31 21 es

242 418 61 21 von
317 409 149 37 größerer
480 409 182 40 Bedeutung
676 412 48 38 ist,
739 412 61 31 daß
817 414 48 29 ein
880 416 82 28 roter
977 414 107 32 Soldat
1097 416 65 31 sein
1178 416 136 33 Gewehr
1326 421 95 36 putzt,

238 454 46 30 als
306 455 54 29 das
381 464 99 29 ganze
499 456 244 39 metaphysische
764 458 92 31 Werk
876 459 173 33 sämtlicher
1071 461 108 32 Maler.
1223 464 64 29 Der
1308 464 113 39 Begriff

238 499 101 32 Kunst
357 501 65 30 und
443 499 145 34 Künstler
606 504 39 29 ist
665 504 66 30 eine
752 504 173 40 Erfindung
946 506 54 30 des
1021 506 136 39 Bürgers
1179 509 64 30 und
1264 509 65 31 ihre
1350 510 57 30 Stel-

238 546 77 38 lung
340 547 40 29 im
407 546 84 32 Staat
516 548 80 31 kann
623 558 59 21 nur
709 550 51 30 auf
785 550 99 31 Seiten
912 552 54 31 der
993 553 244 40 Herrschenden,
1265 555 29 31 d.
1312 556 29 30 h.
1369 556 52 31 der

237 592 216 38 bürgerlichen
470 593 92 32 Kaste
579 595 75 31 sein.

320 639 57 30 Die
398 639 193 40 Titulierung
612 641 185 38 „Künstler“
818 644 37 30 ist
876 644 66 30 eine
964 644 212 40 Beleidigung.

320 684 57 31 Die
401 685 216 41 Bezeichnung
642 687 139 39 „Kunst“
805 689 39 31 ist
868 690 66 30 eine
956 689 227 42 Annullierung
1209 693 54 31 der
1286 695 116 29 mensch-

235 729 100 31 lichen
358 731 287 40 Gleichwertigkeit.

320 776 58 31 Die
399 777 195 40 Vergottung
616 779 53 31 des
692 780 161 31 Künstlers
876 782 40 31 ist
936 782 273 38 gleichbedeutend
1233 787 55 29 mit
1310 785 95 31 Selbst-

234 824 199 37 vergottung.

320 869 63 31 Der
405 868 145 33 Künstler
571 871 79 31 steht
670 872 50 31 nie
742 872 98 31 höher
861 873 45 31 als
928 875 64 30 sein
1016 874 107 32 Milieu
1146 877 65 30 und
1233 877 49 30 die
1305 877 99 31 Gesell-

233 914 99 31 schaft
358 914 185 41 derjenigen,
569 917 49 30 die
640 918 53 30 ihn
717 917 138 40 bejahen.
901 920 90 30 Denn
1016 922 64 30 sein
1105 921 111 32 kleiner
1240 922 84 39 Kopf
1350 933 53 28 pro-

234 960 122 32 duziert
380 962 83 30 nicht
489 962 59 32 den
575 963 98 31 Inhalt
698 965 99 30 seiner
821 964 230 42 Schöpfungen,
1078 967 136 32 sondern
1238 969 182 31 verarbeitet

233 1006 75 38 <wie
327 1007 47 30 ein
395 1007 203 32 Wurstkessel
620 1009 131 39 Fleisch)
772 1010 56 31 das
846 1011 147 32 Weltbild
1012 1013 100 31 seines
1131 1014 188 33 Publikums.

316 1053 102 31 Oskar
443 1053 194 40 Kokoschka,
675 1056 54 30 der
754 1056 149 39 Schöpfer
940 1058 314 40 „psychologischer“
1280 1060 122 40 Spießer-

233 1100 147 38 porträts,
400 1100 165 38 vergeudet
584 1101 103 30 seinen
709 1101 278 40 psychologischen
1009 1104 133 39 Impetus
1162 1107 151 30 natürlich
1335 1107 83 30 nicht

233 1153 40 21 an
294 1145 188 31 seelenlosen
505 1145 88 32 Mob.
637 1147 88 31 Seine
746 1148 336 33 Realschulkenntnisse
1104 1153 143 37 genügen
1270 1152 73 39 ihm,
1366 1162 51 21 um

234 1190 30 30 in
290 1191 123 30 wahrer
438 1192 200 31 historischer
663 1194 138 31 Einsicht
826 1194 102 31 Links-
955 1195 64 31 und
1046 1196 140 32 Krumm-
1211 1198 65 30 und
1302 1197 117 33 Orade-

236 1237 63 30 und
314 1237 244 31 Rechtsradikale
572 1239 230 40 aufzufordern,
816 1240 66 31 ihre
896 1242 182 38 politischen
1092 1242 154 32 Theorien
1261 1244 75 39 „mit
1350 1244 68 31 dem

231 1281 239 40 Schiasprüagel
485 1284 31 30 in
533 1283 39 31 da
587 1284 97 31 Hond
699 1285 51 30 auf
766 1285 58 31 den
840 1286 235 39 Schiaßplätzen
1092 1288 51 30 auf
1159 1288 54 31 der
1226 1288 99 31 Heide
1341 1290 57 30 oob-

233 1329 156 32 zuholten.
412 1338 37 21 so
473 1338 70 22 zum
569 1329 102 40 Spurt,
697 1330 93 32 damit
816 1332 48 30 die
888 1333 82 30 oiten
996 1333 214 32 Moistabüida
1233 1336 51 30 net
1307 1335 111 31 valetzt

231 1382 105 22 werrn
356 1375 63 29 und
437 1376 38 30 da
494 1375 197 32 Mönschheit
710 1377 59 31 koa
787 1377 125 31 Schodn
929 1378 188 40 zuagefüagt
1132 1379 111 31 wird.“
1273 1380 74 31 Und
1365 1381 36 30 ob-

230 1419 88 30 wohl
337 1429 32 20 er
385 1420 76 30 über
478 1421 67 29 dem
562 1421 106 30 Hader
685 1422 54 31 der
757 1422 137 31 Parteien
912 1423 88 40 steht,
1018 1424 60 30 wie
1093 1424 57 31 alle
1166 1424 121 39 großen
1305 1425 93 32 Kunst-

233 1465 108 39 huren,
365 1469 123 35 versagt
511 1476 32 21 er
566 1467 67 30 dem
658 1467 213 32 verblendeten
895 1469 78 30 Volk
997 1469 83 31 nicht
1101 1470 145 39 folgende
1270 1471 148 30 unerhört

233 1519 79 23 neue
332 1512 162 37 politische
515 1512 198 32 Erkenntnis:
745 1523 57 22 zur
823 1514 182 38 politischen
1028 1514 103 32 Arena
1150 1516 60 31 soll
1233 1515 54 34 der
1308 1517 110 30 Zirkus

230 1557 137 40 werden,
390 1558 48 31 die
461 1557 117 32 Führer
600 1560 94 30 treten
717 1559 71 32 dort
810 1561 44 29 als
877 1559 202 33 Gladiatoren
1103 1561 60 40 auf,
1187 1562 57 31 das
1266 1562 132 39 Parteige-

230 1603 100 31 sindel
355 1604 181 39 grööööhlt,
562 1605 49 31 die
635 1606 182 31 Feuerwehr
840 1607 80 30 steht
944 1608 55 30 mit
1024 1608 149 30 Minimax
1198 1608 100 40 dabei,
1322 1609 94 30 damit

231 1649 68 30 kein
326 1650 105 30 Brand
456 1650 167 39 ausbricht,
650 1651 192 31 Schutzleute
867 1652 204 31 überwachen
1098 1653 54 31 das
1179 1653 117 41 Ganze,
1322 1655 95 30 damit

233 1695 67 31 kein
323 1695 123 31 Rubens
469 1696 63 31 und
554 1696 67 31 kein
642 1696 187 32 Rembrandt
851 1699 40 29 im
913 1698 87 31 Grab
1023 1700 132 29 rotieren
1176 1700 138 32 braucht.

314 1741 80 31 Herr
415 1742 171 40 Professor,
607 1743 113 30 wissen
742 1742 49 32 Sie
811 1743 67 31 kein
899 1743 109 40 Mittel,
1032 1754 50 21 um
1104 1745 122 31 Rubens
1248 1746 65 30 und
1333 1746 63 31 Rem-

231 1787 124 40 brandt,
379 1787 48 31 die
449 1787 148 32 nebenbei
620 1787 133 33 bemerkt
775 1790 83 31 nicht
879 1790 60 30 mal
962 1790 227 39 telephonieren
1211 1790 132 41 können,
1368 1792 48 30 die

230 1834 32 29 in
285 1834 196 40 Dreimaster,
505 1834 299 41 Schnabelschuhen,
826 1836 240 40 Spitzenkragen
1088 1837 64 31 und
1174 1837 241 40 Kavalierdegen

233 1888 58 22 uns
311 1879 75 31 eben
407 1889 37 22 so
464 1880 180 39 ehrwürdig
662 1881 164 31 vorkämen
847 1883 59 29 wie
927 1883 67 29 Ihre
1014 1883 112 39 Bilder,
1147 1893 56 21 aus
1223 1883 68 31 dem
1311 1884 105 30 Grabe

231 1926 192 30 auferstehen
451 1936 38 21 zu
517 1928 123 29 lassen?
689 1927 48 31 Sie
763 1930 105 28 wären
894 1928 168 31 zweifellos
1088 1929 136 40 berufen,
1252 1930 54 31 des
1333 1930 67 31 deut-

233 1972 92 30 schen
361 1972 111 31 Volkes
497 1972 265 39 Seelenzwiespalt
797 1983 39 21 zu
872 1975 98 29 heilen
1008 1975 64 30 und
1107 1985 36 21 so
1181 1975 68 31 dem
1285 1976 113 30 schwer-

230 2018 161 38 geprüften
416 2018 165 32 Vaterland
603 2019 84 32 Ruhe
711 2020 65 31 und
798 2020 157 39 Ordnung
978 2020 114 31 wieder
1115 2030 40 21 zu
1176 2022 151 30 schenken
1352 2022 63 29 und

232 2072 32 22 es
287 2065 82 30 einer
393 2065 141 30 besseren
560 2065 133 32 Zukunft
717 2066 310 38 entgegenzuführen.
1073 2067 58 30 Die
1155 2067 127 31 Entente
1307 2067 109 31 würde

231 2110 301 31 selbstverständlich
556 2111 58 31 den
636 2112 162 31 Versailler
819 2112 131 39 Vertrag
971 2112 177 33 revidieren.
