1621 2540
1354 2168 27 46 9

172 263 84 30 seine
268 258 245 40 Bezugsquellen
525 258 93 40 nicht,
631 258 148 31 sabotiert
792 256 174 38 überhaupt
978 255 109 30 dessen
1100 251 264 40 Geschäftspläne,

176 318 54 21 wo
243 317 32 21 er
287 316 59 22 nur
358 306 91 39 kann,
463 305 184 40 boykottiert
659 303 174 40 Schneider,
847 302 153 39 Schuster,
1014 301 149 38 Metzger,
1178 299 124 39 Bäcker,
1316 298 48 31 die

178 354 81 31 beim
275 352 146 31 Nachbar
437 354 72 29 statt
525 351 49 31 bei
590 351 62 31 ihm
669 350 118 40 kaufen,
806 360 33 21 er
854 349 150 31 sabotiert
1020 348 48 31 die
1086 345 277 38 Steuerbehörden,

178 400 185 40 boykottiert
386 398 49 32 die
456 397 112 41 Juden,
591 397 48 31 die
662 397 235 32 Kommunisten
932 395 64 30 und
1030 393 56 32 das
1108 393 89 39 Volk,
1230 391 133 32 welches

179 446 119 39 pumpt.

262 493 58 30 Die
336 491 109 32 beiden
462 489 217 40 Kampfmittel,
696 489 156 38 Sabotage
868 487 65 31 und
950 486 142 39 Boykott,
1110 485 71 31 sind
1198 485 89 30 meist
1303 484 45 30 ein-

179 539 91 38 seitig
293 548 63 21 von
383 538 58 30 den
467 536 158 32 Stärkeren
649 545 101 29 gegen
774 534 49 31 die
849 533 194 31 Machtlosen
1069 541 57 21 zur
1150 531 137 38 Geltung
1313 539 33 29 ge-

179 585 109 30 bracht
310 584 140 31 worden.
494 583 59 31 Die
576 582 130 30 Gesetze
729 581 75 30 aller
827 580 104 31 Zeiten
955 578 65 31 und
1043 577 113 30 Völker
1178 576 72 31 sind
1274 576 89 30 dafür

180 631 54 30 der
249 631 84 30 beste
347 630 102 38 Beleg.
486 629 91 37 Jedes
595 628 71 39 „Du
683 626 96 31 darfst
794 626 114 38 nicht“,
924 633 82 30 ganz
1023 622 202 39 gleichgültig
1241 620 122 32 worauf

180 685 31 21 es
230 677 66 30 sich
314 675 128 39 bezieht,
461 677 40 29 ist
520 675 49 30 die
588 673 156 37 Sabotage
764 671 161 38 allgemein
943 668 221 32 menschlicher
1183 667 118 39 Triebe,
1321 668 42 30 im

181 722 147 30 Interesse
347 722 83 38 jener
449 720 110 39 Clique
578 729 63 21 von
662 717 234 39 Machthabern,
917 716 49 30 die
987 715 39 31 all
1047 714 83 31 diese
1148 713 111 30 Triebe
1277 715 66 35 mög-

181 769 89 31 lichst
294 767 233 38 hemmungslos
552 766 154 37 betätigen
731 763 75 31 will.
852 762 119 30 Nimmt
995 770 72 21 man
1103 760 78 30 auch
1218 768 49 29 an,
1303 758 61 30 daß

179 814 138 39 manche,
339 823 58 21 vor
419 813 88 30 allem
529 811 146 38 religiöse
697 809 65 31 und
785 807 186 32 moralische
992 806 130 31 Gesetze
1145 804 219 40 ursprünglich

181 870 62 21 von
270 859 167 31 Menschen
463 857 172 39 aufgestellt
658 855 141 39 wurden,
825 854 48 30 die
899 853 96 31 damit
1019 853 85 29 keine
1129 851 156 38 Sabotage
1312 849 53 31 des

181 906 95 31 Volks
303 915 56 21 aus
386 903 206 40 egoistischen
619 901 152 32 Gründen
797 899 254 39 beabsichtigten,
1078 907 37 22 so
1154 896 109 31 ändert
1301 896 64 30 dies

181 953 100 30 nichts
298 952 106 38 daran,
423 950 61 31 daß
503 950 49 30 die
570 948 175 31 Ausbeuter
762 948 73 29 stets
854 946 81 30 ohne
952 943 207 32 Umschweife
1176 943 65 30 ihre
1260 941 106 32 Macht

182 998 65 30 und
266 997 122 31 Gewalt
407 997 45 29 als
472 996 48 30 die
539 995 149 31 Garantie
705 993 121 30 solcher
844 992 130 31 Gesetze
993 989 157 39 ausgaben
1228 997 52 22 um
1300 986 65 32 sich

182 1043 95 30 selbst
298 1042 170 31 außerhalb
489 1042 82 30 ihrer
591 1039 170 38 Gültigkeit
781 1047 40 22 zu
842 1037 115 31 stellen.
1000 1037 42 30 So
1063 1035 101 31 haben
1185 1035 49 30 die
1254 1034 113 31 Römer

182 1089 66 31 ihre
272 1089 155 31 Kolonien
451 1086 269 40 gebrandschatzt,
745 1084 102 31 indem
873 1085 44 30 sie
939 1083 65 30 sich
1031 1091 39 21 zu
1096 1080 163 32 Anwälten
1285 1079 82 31 ihrer

183 1134 295 32 Unversehrbarkeit
502 1133 150 38 machten,
677 1141 38 21 so
738 1131 101 31 haben
863 1131 45 29 sie
933 1129 56 30 das
1014 1128 209 31 Christentum
1251 1126 40 30 ad
1316 1125 34 30 ab-

183 1181 129 32 surdum
327 1180 132 39 geführt,
474 1179 102 30 indem
592 1180 44 29 sie
650 1188 32 20 es
697 1187 72 20 zum
783 1176 111 31 Gesetz
910 1174 146 39 erhoben,
1071 1183 38 22 so
1123 1173 54 31 hat
1192 1172 49 31 die
1255 1171 113 32 Kirche

183 1227 50 31 die
254 1227 91 30 halbe
367 1226 80 30 Welt
469 1233 205 30 ausgesogen,
697 1222 102 31 indem
821 1223 44 30 sie
887 1220 153 40 predigte:
1075 1220 73 38 „Du
1171 1218 89 31 sollst
1282 1218 86 29 keine

183 1273 127 30 Schätze
345 1271 177 31 sammeln“.
580 1270 130 30 Fürsten
736 1268 65 31 und
825 1268 155 37 Herzoge,
1018 1266 109 31 Kaiser
1153 1264 65 30 und
1244 1264 124 37 Könige

182 1319 117 30 richten
315 1319 57 29 seit
388 1315 256 40 Jahrtausenden,
663 1315 50 30 auf
731 1314 61 31 daß
811 1315 43 29 sie
870 1313 85 30 nicht
970 1311 148 39 gerichtet
1134 1310 134 31 werden.
1307 1310 41 29 Da-

183 1365 55 30 her
252 1364 92 31 bietet
360 1364 48 30 die
425 1362 192 31 Menschheit
631 1361 90 30 heute
736 1361 58 29 wie
806 1368 59 22 vor
879 1358 134 31 hundert
1028 1357 65 31 und
1108 1356 130 31 tausend
1254 1355 115 38 Jahren

183 1411 60 31 den
261 1409 139 40 gleichen
419 1407 130 40 Aspekt:
579 1406 49 32 die
649 1407 104 30 Masse
773 1406 53 30 der
847 1404 117 31 Macht-
983 1403 66 31 und
1068 1402 192 31 Besitzlosen
1279 1401 92 30 leidet

183 1466 52 21 um
253 1456 54 30 der
324 1455 130 31 Gesetze
468 1453 115 40 willen,
600 1453 49 30 die
666 1452 101 31 nichts
785 1451 128 31 anderes
931 1449 71 32 sind
1020 1449 45 31 als
1084 1448 49 31 die
1151 1447 149 32 Methode
1317 1446 54 31 der

183 1501 228 31 herrschenden
432 1500 140 39 Klassen,
593 1499 66 30 sich
680 1498 95 31 selbst
795 1499 31 29 in
849 1496 59 32 den
929 1495 113 31 Genuß
1066 1494 40 32 all
1128 1494 54 31 der
1202 1493 170 31 Freiheiten

184 1558 40 21 zu
242 1549 112 38 setzen,
372 1547 49 30 die
438 1548 44 28 sie
501 1545 58 31 den
578 1545 134 31 anderen
728 1544 130 32 Klassen
877 1545 73 28 stets
969 1543 195 37 untersagen,
1185 1540 78 31 auch
1281 1548 92 22 wenn

184 1596 44 29 sie
252 1594 93 30 ihnen
372 1592 185 31 theoretisch
583 1590 183 40 zugebilligt
791 1589 135 31 werden.
975 1589 93 30 Diese
1095 1586 158 39 Methode,
1281 1585 91 31 deren

184 1641 76 30 Sinn
280 1641 74 29 stets
373 1639 100 38 gleich
492 1638 93 39 blieb,
606 1638 53 30 hat
679 1637 65 30 sich
765 1636 115 31 ebenso
901 1635 44 31 oft
964 1633 149 40 geändert
1133 1633 46 31 als
1199 1632 50 31 die
1268 1632 105 29 Masse

184 1688 45 29 sie
253 1685 224 31 durchschaute
501 1684 65 30 und
590 1684 125 30 stürzte.
762 1683 92 29 Dann
888 1681 131 31 wurden
1054 1680 49 30 die
1139 1679 79 30 alten
1243 1679 130 29 Gesetze

185 1732 146 39 jedesmal
352 1730 97 31 durch
472 1739 76 22 neue
571 1730 119 38 ersetzt,
713 1729 74 30 aber
809 1728 58 30 den
889 1727 123 30 Nutzen
1036 1726 115 30 daraus
1173 1734 63 28 zog
1258 1722 115 32 wieder

184 1778 68 31 eine
274 1777 120 39 Clique,
419 1777 48 30 die
490 1776 66 30 sich
581 1776 45 30 oft
649 1784 56 21 aus
729 1773 165 31 denselben
919 1773 113 30 Leuten
1056 1773 61 29 wie
1140 1771 49 30 die
1214 1769 159 39 abgelöste

185 1824 283 37 zusammensetzte,
491 1822 70 31 weil
584 1822 66 29 ihre
672 1820 154 31 Funktion
849 1820 30 38 ja
901 1819 49 30 die
972 1818 117 38 gleiche
1112 1816 98 32 blieb:
1234 1816 120 30 Ausbeu-

185 1871 92 38 tung!
317 1869 43 30 Im
385 1868 94 30 Maße
503 1868 60 30 wie
586 1867 49 30 die
658 1866 252 37 Anschauungen
936 1864 54 32 der
1015 1863 193 31 Menschheit
1231 1862 66 31 sich
1322 1864 35 29 än-

186 1916 114 39 derten,
324 1914 146 31 änderten
492 1914 65 30 sich
580 1913 79 30 auch
682 1912 50 31 die
754 1912 133 30 Formen
909 1910 53 31 der
983 1919 64 22 von
1070 1910 87 30 ihren
1180 1908 193 31 Herrschern

188 1964 225 40 angewandten
434 1962 215 31 Druckmittel:

268 2011 100 31 Wenn
385 2020 71 21 man
474 2009 105 31 früher
597 2008 117 31 einfach
733 2007 97 31 durch
849 2006 132 38 Begriffe
999 2006 61 30 wie
1077 2004 103 40 Hölle,
1199 2004 176 39 Fegefeuer,

188 2058 197 39 Gespenster,
400 2056 80 31 Acht
496 2055 64 31 und
576 2056 97 38 Bann,
690 2053 95 32 Fluch
800 2053 65 31 und
880 2052 215 32 Verdammnis
1112 2051 77 32 über
1206 2051 170 30 Menschen

188 2104 59 32 den
271 2104 132 39 Boykott
427 2102 54 32 der
503 2101 136 32 Umwelt
661 2100 65 31 und
760 2100 53 31 des
847 2100 127 38 eigenen
996 2098 180 31 Gewissens
1199 2097 177 38 verhängen
