1620 2540
1360 2177 52 47 43

305 257 63 31 Des
386 257 141 31 Rebellen
545 257 39 31 G.
603 257 73 31 Chr.
697 257 202 40 Lichtenberg
918 258 108 40 Frage,
1045 257 48 33 für
1111 268 69 21 wen
1201 258 80 32 denn
1300 260 102 38 eigen!

220 304 61 29 lieh
303 303 49 30 die
373 303 96 32 Taten
490 305 92 37 getan
603 304 92 40 seien,
715 314 62 21 von
800 304 99 32 denen
920 314 71 21 man
1012 306 80 38 sagt,
1113 306 45 29 sie
1179 306 83 30 seien
1283 305 50 32 für
1356 305 58 31 das

220 349 167 31 Vaterland
406 351 103 38 getan,
591 351 66 30 eine
676 351 105 31 solche
801 351 99 40 Frage
921 351 82 31 hätte
1024 361 32 21 er
1076 360 63 22 von
1160 351 65 31 sich
1246 352 165 38 gewiesen.

221 396 48 29 Da
288 397 43 29 sei
352 405 32 22 er
401 395 85 32 nicht
504 395 184 41 kompetent,
708 398 65 30 und
794 398 183 39 überhaupt,
998 398 80 31 oben
1099 399 90 30 wisse
1208 407 72 22 man
1300 398 111 37 schon,

219 451 95 21 wozu
332 442 74 30 alles
423 445 57 36 gut
496 444 53 30 sei.

503 521 84 30 Der
617 521 299 31 überraschte
947 523 179 38 Bürger.

303 580 78 31 Also
397 590 71 21 zum
486 580 174 31 Gehorsam
678 590 57 21 vor
754 581 53 30 der
826 581 106 31 Macht
946 582 134 39 gedrillt,
1098 583 108 30 wurde
1225 592 31 22 er
1273 592 63 21 von
1354 582 60 31 der

220 626 184 31 Revolution
421 627 189 30 überrascht.
648 627 42 30 Er
704 628 116 29 stürzte
837 636 56 22 aus
910 627 78 30 allen
1005 628 164 30 Himmeln.
1207 628 68 32 Wie
1291 630 120 38 immer,

219 674 82 29 hatte
317 682 32 21 er
365 673 77 30 auch
459 672 127 31 diesmal
601 673 100 30 nichts
717 673 124 37 geahnt.
880 673 59 30 Die
955 672 150 41 Arbeiter,
1123 674 109 38 begriff
1249 684 40 30 er,
1307 675 101 31 haben

221 719 49 30 die
283 719 107 30 Macht
403 728 39 21 an
457 719 64 30 sich
536 720 148 37 gerissen.
721 719 65 30 Das
801 719 142 38 Ereignis
958 719 114 31 konnte
1086 720 53 30 ihn
1155 720 84 32 nicht
1254 721 160 39 zwingen,,

220 766 83 29 seine
326 764 173 31 Mentalität
522 764 227 38 umzustülpen.
795 764 92 31 Diese
908 764 75 31 aber
1005 766 137 30 erlaubte
1165 766 63 31 ihm
1252 766 93 40 nicht,
1371 775 40 22 an

221 811 53 30 der
296 811 183 31 Revolution
502 811 80 30 aktiv
604 811 240 38 teilzunehmen;
875 813 60 29 wie
956 811 86 31 käme
1065 821 33 21 er
1120 813 78 30 auch
1222 812 104 31 dazu?
1371 813 40 30 Ist

220 865 32 22 er
270 857 84 31 nicht
371 857 46 31 als
435 856 219 40 Staatsbürger
670 856 139 40 geboren
826 856 66 32 und
910 858 52 30 hat
981 858 45 30 als
1045 858 122 31 solcher
1185 858 48 31 bis
1252 858 89 31 heute
1360 868 35 30 ge-

219 902 61 32 lebt
301 903 65 30 und
385 903 65 30 sich
470 903 94 38 fügen
584 903 142 38 gelernt?
807 903 76 31 Eine
905 903 106 31 Macht
1031 905 39 29 ist
1091 904 49 39 da,
1162 904 49 31 die
1233 904 177 32 Gehorsam

218 948 151 40 verlangt,
390 959 37 21 so
447 948 95 32 fühlte
562 957 42 32 er,
626 949 65 31 und
711 958 67 22 war
798 958 72 22 zum
892 948 187 33 Gehorchen
1101 950 104 33 bereit.

303 995 71 31 Daß
401 995 82 31 diese
508 1004 77 22 neue
610 995 107 32 Macht
751 996 100 38 gleich
887 996 54 31 der
965 1006 217 29 vergangenen
1209 997 200 31 diktatorisch

219 1042 123 39 walten,
359 1041 62 31 daß
437 1042 45 30 sie
497 1042 67 30 ihre
581 1042 119 30 Motive
715 1042 85 31 nicht
817 1042 136 31 erklären
971 1042 112 40 werde,
1100 1042 104 32 schien
1221 1043 63 31 ihm
1303 1044 91 30 selbst-

219 1088 216 31 verständlich.
485 1087 124 32 Ebenso
637 1088 312 40 selbstverständlich,
976 1088 62 31 daß
1065 1090 45 29 sie
1136 1089 130 31 nehmen
1295 1089 116 39 werde,

216 1143 67 21 was
306 1135 44 29 sie
372 1133 131 31 nehmen
527 1134 90 39 kann,
641 1134 64 30 und
730 1134 61 31 daß
816 1135 44 30 sie
882 1135 155 38 freiwillig
1062 1135 77 31 auch
1164 1135 85 31 nicht
1273 1135 52 31 auf
1350 1136 59 30 das

217 1179 166 39 Geringste
409 1180 172 31 verzichten
609 1180 102 31 wolle.
760 1181 64 30 Der
851 1180 108 33 Kaiser
986 1181 82 31 hatte
1096 1181 126 32 Steuern
1252 1182 155 39 behoben,

216 1226 60 31 wie
301 1235 33 21 es
360 1225 55 31 ihn
440 1228 57 37 gut
522 1225 128 40 dünkte;
677 1226 50 31 die
752 1227 131 31 Reichen
911 1227 130 30 wurden
1068 1228 108 30 immer
1202 1227 126 40 reicher,
1357 1228 51 30 die

217 1271 114 31 Armen
353 1274 108 29 ärmer.
505 1272 63 31 Des
589 1272 126 32 Kaisers
735 1272 123 31 Beamte
878 1273 105 30 hatten
1005 1273 171 39 Zeitungen
1199 1274 65 30 und
1286 1274 122 30 Bücher

217 1317 208 40 unterdrückt,
443 1318 49 31 die
510 1319 92 30 ihnen
619 1319 85 30 nicht
720 1320 129 37 günstig
866 1319 153 30 schienen.
1096 1319 134 40 Ebenso,
1247 1321 162 29 erwartete

219 1365 54 30 der
289 1364 130 39 Bürger,
434 1364 105 31 werde
555 1364 78 31 auch
651 1364 48 31 die
715 1374 78 21 neue
807 1365 176 39 Regierung
999 1365 144 39 handeln,
1162 1366 81 30 doch
1261 1367 31 29 in
1310 1366 96 31 ihrem

217 1410 108 31 Sinne:
357 1412 44 29 sie
421 1410 105 31 werde
548 1410 68 31 dem
638 1410 131 32 Reichen
790 1413 65 28 sein
877 1410 82 31 Geld
981 1411 140 40 nehmen,
1145 1422 31 20 es
1200 1411 68 31 dem
1292 1411 114 31 Armen

216 1457 111 39 geben,
362 1456 59 32 den
453 1457 133 31 Rentner
617 1466 40 22 zu
692 1456 142 32 Gunsten
869 1456 55 32 des
957 1456 158 32 Arbeiters
1150 1458 172 40 enteignen,
1359 1460 52 29 die

218 1503 172 39 Zeitungen
408 1503 54 31 der
477 1503 121 39 Bürger
613 1503 234 32 unterdrücken.
871 1526 7 8 .
902 1527 7 7 .
933 1527 7 7 .
967 1503 75 32 Was
1057 1504 65 31 will
1138 1513 71 22 man
1226 1506 55 29 tun
1289 1505 16 30 ?
1333 1504 74 31 Man

218 1550 74 30 muß
311 1549 74 31 alles
402 1549 196 40 hinnehmen,
618 1549 39 31 da
675 1559 31 21 es
723 1559 63 21 von
805 1549 81 31 oben
905 1549 143 31 befohlen
1065 1550 88 31 wird.
1193 1550 63 40 „Es
1274 1551 39 29 ist
1331 1551 76 30 eben

217 1595 216 39 Revolution“,
522 1595 56 30 das
602 1597 85 29 wäre
712 1596 48 30 die
784 1596 103 38 große
913 1596 174 39 Erklärung
1112 1605 153 31 gewesen,
1291 1597 116 30 ebenso

217 1642 60 30 wie
295 1641 105 31 bisher
416 1642 59 39 die,
493 1641 62 31 daß
574 1651 33 21 es
624 1641 77 31 eben
719 1641 96 40 Krieg
833 1643 53 30 sei.

299 1688 68 30 Wie
383 1688 106 30 immer
505 1688 99 31 schon
619 1697 69 22 war
704 1688 54 31 der
772 1688 142 39 gedrillte
931 1688 120 39 Bürger
1068 1688 105 40 bereit,
1190 1689 73 31 alles
1281 1689 68 30 dem
1368 1697 39 22 zu

217 1733 110 40 geben,
355 1733 54 31 der
434 1734 63 30 ihm
524 1734 49 30 die
598 1734 264 39 Verantwortung
888 1735 159 30 abnimmt.
1095 1735 53 31 Bis
1174 1744 71 21 zum
1273 1736 133 30 neunten

217 1779 177 32 November
414 1780 109 31 Kaiser
543 1780 64 31 und
628 1780 125 40 Junker,
773 1790 64 21 von
858 1780 39 31 da
918 1780 39 31 ab
979 1780 48 31 die
1048 1780 150 31 Arbeiter.
1240 1780 89 31 Nach
1353 1780 59 31 der

219 1825 180 32 Herrschaft
423 1825 54 31 des
498 1826 234 31 Herrenhauses
757 1827 143 30 Diktatur
925 1827 53 30 des
1003 1827 208 30 Proletariats.
1302 1827 41 31 Es
1369 1827 42 30 ist

218 1872 75 30 eben
315 1870 195 41 Revolution,
530 1880 67 22 was
617 1872 65 30 will
703 1881 71 21 man
795 1872 78 30 tun?

301 1919 58 30 Die
377 1917 134 39 Adligen
530 1917 74 32 aber
620 1927 102 29 zogen
739 1918 66 30 sich
824 1918 72 31 leise
912 1918 146 39 grollend
1074 1919 115 30 zurück
1208 1919 65 30 und
1290 1920 119 37 gingen

219 1964 106 40 daran,
342 1965 32 30 in
392 1973 107 30 engem
517 1964 106 32 Kreise
638 1973 39 21 zu
695 1964 225 39 konservieren,
938 1973 67 22 was
1023 1964 49 31 bis
1091 1964 94 31 dahin
1202 1966 45 30 sie
1265 1964 78 32 über
1359 1965 52 31 die

219 2010 224 31 Mitmenschen
464 2010 120 39 gestellt
605 2010 98 40 hatte;
734 2011 32 30 in
788 2010 88 32 Geist
898 2010 65 31 und
986 2010 73 31 Sitte
1079 2020 40 21 zu
1141 2010 178 41 bewahren,
1341 2020 68 22 was

217 2057 32 29 in
268 2057 54 31 der
339 2057 111 31 Politik
467 2057 84 31 nicht
569 2057 86 31 mehr
670 2057 66 38 gilt.
775 2057 109 31 Gleich
903 2057 59 31 den
979 2057 234 32 französischen
1232 2058 175 39 Royalisten

218 2104 31 29 in
276 2103 129 31 Balzacs
429 2104 168 38 Romanen,
625 2104 48 30 die
710 2104 101 30 hinter
846 2104 59 30 den
941 2104 159 31 schweren
1127 2104 162 31 Gardinen
1326 2104 83 31 ihrer
