<?xml version="1.0" encoding="UTF-8"?>
<alto xmlns:xsi="http://www.w3.org/2001/XMLSchema-instance" xmlns="http://www.loc.gov/standards/alto/ns-v2#" xsi:schemaLocation="http://www.loc.gov/standards/alto/ns-v2# http://www.loc.gov/standards/alto/v2/alto-2-0.xsd" xmlns:xlink="http://www.w3.org/1999/xlink">
	<Description>
		<MeasurementUnit>mm10</MeasurementUnit>
		<sourceImageInformation>
			<fileName>./bmtnabs_1919-12_01_0050.jp2</fileName>
		</sourceImageInformation>
		<OCRProcessing ID="OCRPROCESSING_1">
			<preProcessingStep>
				<processingSoftware>
					<softwareCreator>CCS Content Conversion Specialists GmbH, Germany</softwareCreator>
					<softwareName>CCS docWorks</softwareName>
					<softwareVersion>6.8-1.27</softwareVersion>
				</processingSoftware>
			</preProcessingStep>
			<ocrProcessingStep>
				<processingSoftware>
					<softwareCreator>ABBYY (BIT Software), Russia</softwareCreator>
					<softwareName>FineReader</softwareName>
					<softwareVersion>11.0</softwareVersion>
				</processingSoftware>
			</ocrProcessingStep>
			<postProcessingStep>
				<processingSoftware>
					<softwareCreator>CCS Content Conversion Specialists GmbH, Germany</softwareCreator>
					<softwareName>CCS docWorks</softwareName>
					<softwareVersion>6.8-1.27</softwareVersion>
					<applicationDescription>docWorks: Text modified manually, or automatically replaced</applicationDescription>
				</processingSoftware>
			</postProcessingStep>
		</OCRProcessing>
	</Description>
	<Styles>
		<TextStyle ID="TXT_0" FONTSIZE="3" FONTFAMILY="Popular-Medium"/>
		<TextStyle ID="TXT_1" FONTSIZE="15" FONTFAMILY="Arial" FONTSTYLE="bold"/>
		<TextStyle ID="TXT_2" FONTSIZE="11" FONTFAMILY="Times New Roman"/>
		<ParagraphStyle ID="PAR_LEFT" ALIGN="Left"/>
		<ParagraphStyle ID="PAR_CENTER" ALIGN="Center"/>
		<ParagraphStyle ID="PAR_BLOCK" ALIGN="Block"/>
	</Styles>
	<Layout>
		<Page ID="P50" PHYSICAL_IMG_NR="50" HEIGHT="2540" WIDTH="1635" PRINTED_IMG_NR="48" PC="0.956">
			<TopMargin ID="P50_TM00001" HPOS="0" VPOS="0" WIDTH="1635" HEIGHT="246"/>
			<LeftMargin ID="P50_LM00001" HPOS="0" VPOS="246" WIDTH="267" HEIGHT="1914"/>
			<RightMargin ID="P50_RM00001" HPOS="1454" VPOS="246" WIDTH="181" HEIGHT="1914"/>
			<BottomMargin ID="P50_BM00001" HPOS="0" VPOS="2160" WIDTH="1635" HEIGHT="380">
				<TextBlock ID="P50_TB00001" HPOS="272" VPOS="2163" WIDTH="41" HEIGHT="32" STYLEREFS="TXT_0 PAR_LEFT">
					<TextLine ID="P50_TL00001" HPOS="272" VPOS="2163" WIDTH="41" HEIGHT="32">
						<String ID="P50_ST00001" HPOS="272" VPOS="2163" WIDTH="41" HEIGHT="32" CONTENT="48" WC="1.00" CC="00"/>
					</TextLine>
				</TextBlock>
			</BottomMargin>
			<PrintSpace ID="P50_PS00001" HPOS="267" VPOS="246" WIDTH="1187" HEIGHT="1914">
				<TextBlock ID="P50_TB00002" HPOS="630" VPOS="246" WIDTH="478" HEIGHT="39" STYLEREFS="TXT_1 PAR_CENTER">
					<TextLine ID="P50_TL00002" HPOS="631" VPOS="247" WIDTH="477" HEIGHT="38">
						<String ID="P50_ST00002" HPOS="631" VPOS="249" WIDTH="98" HEIGHT="36" CONTENT="DER" WC="0.96" CC="406"/>
						<SP ID="P50_SP00001" HPOS="729" VPOS="285" WIDTH="43"/>
						<String ID="P50_ST00003" HPOS="772" VPOS="247" WIDTH="336" HEIGHT="38" CONTENT="KUNSTLUMP" WC="0.99" CC="320000206"/>
					</TextLine>
				</TextBlock>
				<TextBlock ID="P50_TB00003" HPOS="267" VPOS="325" WIDTH="1187" HEIGHT="1795" STYLEREFS="TXT_2 PAR_BLOCK">
					<TextLine ID="P50_TL00003" HPOS="355" VPOS="326" WIDTH="1099" HEIGHT="45">
						<String ID="P50_ST00004" HPOS="355" VPOS="336" WIDTH="57" HEIGHT="30" CONTENT="Die" WC="0.96" CC="460"/>
						<SP ID="P50_SP00002" HPOS="412" VPOS="366" WIDTH="20"/>
						<String ID="P50_ST00005" HPOS="432" VPOS="334" WIDTH="201" HEIGHT="37" CONTENT="Bourgeoisie" WC="0.99" CC="54637030000"/>
						<SP ID="P50_SP00003" HPOS="633" VPOS="371" WIDTH="21"/>
						<String ID="P50_ST00006" HPOS="654" VPOS="331" WIDTH="64" HEIGHT="31" CONTENT="und" WC="0.93" CC="764"/>
						<SP ID="P50_SP00004" HPOS="718" VPOS="371" WIDTH="21"/>
						<String ID="P50_ST00007" HPOS="739" VPOS="331" WIDTH="54" HEIGHT="31" CONTENT="das" WC="1.00" CC="000"/>
						<SP ID="P50_SP00005" HPOS="793" VPOS="371" WIDTH="21"/>
						<String ID="P50_ST00008" HPOS="814" VPOS="331" WIDTH="47" HEIGHT="29" CONTENT="ihr" WC="0.97" CC="141"/>
						<SP ID="P50_SP00006" HPOS="861" VPOS="371" WIDTH="22"/>
						<String ID="P50_ST00009" HPOS="883" VPOS="330" WIDTH="54" HEIGHT="30" CONTENT="mit" WC="0.97" CC="007"/>
						<SP ID="P50_SP00007" HPOS="937" VPOS="371" WIDTH="21"/>
						<String ID="P50_ST00010" HPOS="958" VPOS="329" WIDTH="84" HEIGHT="30" CONTENT="Haut" WC="0.97" CC="6063"/>
						<SP ID="P50_SP00008" HPOS="1042" VPOS="371" WIDTH="20"/>
						<String ID="P50_ST00011" HPOS="1062" VPOS="329" WIDTH="64" HEIGHT="29" CONTENT="und" WC="0.97" CC="070"/>
						<SP ID="P50_SP00009" HPOS="1126" VPOS="371" WIDTH="21"/>
						<String ID="P50_ST00012" HPOS="1147" VPOS="329" WIDTH="124" HEIGHT="29" CONTENT="Haaren" WC="0.99" CC="600500"/>
						<SP ID="P50_SP00010" HPOS="1271" VPOS="371" WIDTH="20"/>
						<String ID="P50_ST00013" HPOS="1291" VPOS="326" WIDTH="147" HEIGHT="32" CONTENT="verschrie" SUBS_TYPE="HypPart1" SUBS_CONTENT="verschriebene" WC="0.99" CC="005006430"/>
						<HYP HPOS="1438" VPOS="326" WIDTH="16" CONTENT="-"/>
					</TextLine>
					<TextLine ID="P50_TL00004" HPOS="273" VPOS="372" WIDTH="1181" HEIGHT="45">
						<String ID="P50_ST00014" HPOS="273" VPOS="384" WIDTH="76" HEIGHT="29" CONTENT="bene" SUBS_TYPE="HypPart2" SUBS_CONTENT="verschriebene" WC="0.97" CC="6071"/>
						<SP ID="P50_SP00011" HPOS="349" VPOS="413" WIDTH="21"/>
						<String ID="P50_ST00015" HPOS="370" VPOS="380" WIDTH="268" HEIGHT="37" CONTENT="Kleinbürgertum" WC="0.99" CC="36050401913070"/>
						<SP ID="P50_SP00012" HPOS="638" VPOS="417" WIDTH="24"/>
						<String ID="P50_ST00016" HPOS="662" VPOS="378" WIDTH="53" HEIGHT="30" CONTENT="hat" WC="0.98" CC="600"/>
						<SP ID="P50_SP00013" HPOS="715" VPOS="417" WIDTH="22"/>
						<String ID="P50_ST00017" HPOS="737" VPOS="377" WIDTH="65" HEIGHT="30" CONTENT="sich" WC="1.00" CC="0020"/>
						<SP ID="P50_SP00014" HPOS="802" VPOS="417" WIDTH="23"/>
						<String ID="P50_ST00018" HPOS="825" VPOS="385" WIDTH="99" HEIGHT="30" CONTENT="gegen" WC="0.99" CC="00005"/>
						<SP ID="P50_SP00015" HPOS="924" VPOS="417" WIDTH="23"/>
						<String ID="P50_ST00019" HPOS="947" VPOS="376" WIDTH="55" HEIGHT="29" CONTENT="das" WC="1.00" CC="000"/>
						<SP ID="P50_SP00016" HPOS="1002" VPOS="417" WIDTH="24"/>
						<String ID="P50_ST00020" HPOS="1026" VPOS="374" WIDTH="223" HEIGHT="30" CONTENT="aufbäumende" WC="0.99" CC="06550601500"/>
						<SP ID="P50_SP00017" HPOS="1249" VPOS="417" WIDTH="24"/>
						<String ID="P50_ST00021" HPOS="1273" VPOS="372" WIDTH="181" HEIGHT="32" CONTENT="Proletariat" WC="0.99" CC="36034705060"/>
					</TextLine>
					<TextLine ID="P50_TL00005" HPOS="273" VPOS="418" WIDTH="1181" HEIGHT="43">
						<String ID="P50_ST00022" HPOS="273" VPOS="430" WIDTH="72" HEIGHT="28" CONTENT="stets" WC="0.98" CC="07370"/>
						<SP ID="P50_SP00018" HPOS="345" VPOS="458" WIDTH="25"/>
						<String ID="P50_ST00023" HPOS="370" VPOS="428" WIDTH="89" HEIGHT="29" CONTENT="unter" WC="0.97" CC="66510"/>
						<SP ID="P50_SP00019" HPOS="459" VPOS="458" WIDTH="23"/>
						<String ID="P50_ST00024" HPOS="482" VPOS="425" WIDTH="142" HEIGHT="31" CONTENT="anderem" WC="1.00" CC="0700100"/>
						<SP ID="P50_SP00020" HPOS="624" VPOS="458" WIDTH="27"/>
						<String ID="P50_ST00025" HPOS="651" VPOS="424" WIDTH="77" HEIGHT="30" CONTENT="auch" WC="0.97" CC="0706"/>
						<SP ID="P50_SP00021" HPOS="728" VPOS="458" WIDTH="26"/>
						<String ID="P50_ST00026" HPOS="754" VPOS="423" WIDTH="55" HEIGHT="31" CONTENT="mit" WC="1.00" CC="100"/>
						<SP ID="P50_SP00022" HPOS="809" VPOS="458" WIDTH="24"/>
						<String ID="P50_ST00027" HPOS="833" VPOS="422" WIDTH="150" HEIGHT="39" CONTENT="„Kultur“" WC="0.99" CC="04640058"/>
						<SP ID="P50_SP00023" HPOS="983" VPOS="461" WIDTH="47"/>
						<String ID="P50_ST00028" HPOS="1030" VPOS="421" WIDTH="177" HEIGHT="38" CONTENT="gepanzert." WC="1.00" CC="0020600203"/>
						<SP ID="P50_SP00024" HPOS="1207" VPOS="461" WIDTH="69"/>
						<String ID="P50_ST00029" HPOS="1276" VPOS="419" WIDTH="58" HEIGHT="30" CONTENT="Ein" WC="0.98" CC="400"/>
						<SP ID="P50_SP00025" HPOS="1334" VPOS="461" WIDTH="46"/>
						<String ID="P50_ST00030" HPOS="1380" VPOS="418" WIDTH="74" HEIGHT="31" CONTENT="alter" WC="0.98" CC="05406"/>
					</TextLine>
					<TextLine ID="P50_TL00006" HPOS="273" VPOS="464" WIDTH="1180" HEIGHT="44">
						<String ID="P50_ST00031" HPOS="273" VPOS="473" WIDTH="216" HEIGHT="31" CONTENT="Schlachttrick" WC="1.00" CC="4257000003000"/>
						<SP ID="P50_SP00026" HPOS="489" VPOS="504" WIDTH="17"/>
						<String ID="P50_ST00032" HPOS="506" VPOS="471" WIDTH="52" HEIGHT="30" CONTENT="des" WC="1.00" CC="000"/>
						<SP ID="P50_SP00027" HPOS="558" VPOS="504" WIDTH="18"/>
						<String ID="P50_ST00033" HPOS="576" VPOS="469" WIDTH="151" HEIGHT="39" CONTENT="Bürgers!" WC="0.99" CC="60400505"/>
						<SP ID="P50_SP00028" HPOS="727" VPOS="508" WIDTH="39"/>
						<String ID="P50_ST00034" HPOS="766" VPOS="469" WIDTH="43" HEIGHT="30" CONTENT="Im" WC="0.75" CC="50"/>
						<SP ID="P50_SP00029" HPOS="809" VPOS="508" WIDTH="18"/>
						<String ID="P50_ST00035" HPOS="827" VPOS="468" WIDTH="135" HEIGHT="31" CONTENT="Rahmen" WC="0.98" CC="605007"/>
						<SP ID="P50_SP00030" HPOS="962" VPOS="508" WIDTH="20"/>
						<String ID="P50_ST00036" HPOS="982" VPOS="466" WIDTH="98" HEIGHT="31" CONTENT="dieser" WC="0.99" CC="013006"/>
						<SP ID="P50_SP00031" HPOS="1080" VPOS="508" WIDTH="17"/>
						<String ID="P50_ST00037" HPOS="1097" VPOS="466" WIDTH="55" HEIGHT="30" CONTENT="mit" WC="0.99" CC="002"/>
						<SP ID="P50_SP00032" HPOS="1152" VPOS="508" WIDTH="17"/>
						<String ID="P50_ST00038" HPOS="1169" VPOS="465" WIDTH="63" HEIGHT="30" CONTENT="ihm" WC="0.99" CC="100"/>
						<SP ID="P50_SP00033" HPOS="1232" VPOS="508" WIDTH="19"/>
						<String ID="P50_ST00039" HPOS="1251" VPOS="466" WIDTH="31" HEIGHT="29" CONTENT="in" WC="1.00" CC="00"/>
						<SP ID="P50_SP00034" HPOS="1282" VPOS="508" WIDTH="21"/>
						<String ID="P50_ST00040" HPOS="1303" VPOS="464" WIDTH="150" HEIGHT="30" CONTENT="Schlamm" WC="1.00" CC="3004000"/>
					</TextLine>
					<TextLine ID="P50_TL00007" HPOS="272" VPOS="509" WIDTH="1182" HEIGHT="42">
						<String ID="P50_ST00041" HPOS="272" VPOS="520" WIDTH="64" HEIGHT="30" CONTENT="und" WC="0.95" CC="770"/>
						<SP ID="P50_SP00035" HPOS="336" VPOS="550" WIDTH="22"/>
						<String ID="P50_ST00042" HPOS="358" VPOS="519" WIDTH="99" HEIGHT="30" CONTENT="Dreck" WC="0.98" CC="44200"/>
						<SP ID="P50_SP00036" HPOS="457" VPOS="550" WIDTH="20"/>
						<String ID="P50_ST00043" HPOS="477" VPOS="517" WIDTH="219" HEIGHT="31" CONTENT="versinkenden" WC="1.00" CC="003000000000"/>
						<SP ID="P50_SP00037" HPOS="696" VPOS="550" WIDTH="21"/>
						<String ID="P50_ST00044" HPOS="717" VPOS="515" WIDTH="112" HEIGHT="31" CONTENT="Kultur" WC="0.98" CC="066071"/>
						<SP ID="P50_SP00038" HPOS="829" VPOS="550" WIDTH="21"/>
						<String ID="P50_ST00045" HPOS="850" VPOS="514" WIDTH="79" HEIGHT="30" CONTENT="steht" WC="0.98" CC="36040"/>
						<SP ID="P50_SP00039" HPOS="929" VPOS="550" WIDTH="21"/>
						<String ID="P50_ST00046" HPOS="950" VPOS="512" WIDTH="48" HEIGHT="31" CONTENT="die" WC="1.00" CC="000"/>
						<SP ID="P50_SP00040" HPOS="998" VPOS="550" WIDTH="22"/>
						<String ID="P50_ST00047" HPOS="1020" VPOS="512" WIDTH="149" HEIGHT="39" CONTENT="„Kunst“." WC="0.99" CC="00750000"/>
						<SP ID="P50_SP00041" HPOS="1169" VPOS="551" WIDTH="44"/>
						<String ID="P50_ST00048" HPOS="1213" VPOS="510" WIDTH="59" HEIGHT="31" CONTENT="Mit" WC="1.00" CC="000"/>
						<SP ID="P50_SP00042" HPOS="1272" VPOS="551" WIDTH="21"/>
						<String ID="P50_ST00049" HPOS="1293" VPOS="510" WIDTH="53" HEIGHT="30" CONTENT="der" WC="1.00" CC="000"/>
						<SP ID="P50_SP00043" HPOS="1346" VPOS="551" WIDTH="22"/>
						<String ID="P50_ST00050" HPOS="1368" VPOS="509" WIDTH="86" HEIGHT="30" CONTENT="Bibel" WC="0.98" CC="50504"/>
					</TextLine>
					<TextLine ID="P50_TL00008" HPOS="271" VPOS="556" WIDTH="1180" HEIGHT="41">
						<String ID="P50_ST00051" HPOS="271" VPOS="568" WIDTH="30" HEIGHT="29" CONTENT="in" WC="0.30" CC="67"/>
						<SP ID="P50_SP00044" HPOS="301" VPOS="597" WIDTH="19"/>
						<String ID="P50_ST00052" HPOS="320" VPOS="566" WIDTH="54" HEIGHT="31" CONTENT="der" WC="0.99" CC="001"/>
						<SP ID="P50_SP00045" HPOS="374" VPOS="597" WIDTH="16"/>
						<String ID="P50_ST00053" HPOS="390" VPOS="565" WIDTH="94" HEIGHT="30" CONTENT="Hand" WC="0.99" CC="5000"/>
						<SP ID="P50_SP00046" HPOS="484" VPOS="597" WIDTH="16"/>
						<String ID="P50_ST00054" HPOS="500" VPOS="564" WIDTH="92" HEIGHT="31" CONTENT="weiht" WC="1.00" CC="00000"/>
						<SP ID="P50_SP00047" HPOS="592" VPOS="597" WIDTH="17"/>
						<String ID="P50_ST00055" HPOS="609" VPOS="572" WIDTH="71" HEIGHT="21" CONTENT="man" WC="1.00" CC="000"/>
						<SP ID="P50_SP00048" HPOS="680" VPOS="597" WIDTH="18"/>
						<String ID="P50_ST00056" HPOS="698" VPOS="562" WIDTH="106" HEIGHT="29" CONTENT="immer" WC="0.99" CC="20140"/>
						<SP ID="P50_SP00049" HPOS="804" VPOS="597" WIDTH="18"/>
						<String ID="P50_ST00057" HPOS="822" VPOS="560" WIDTH="49" HEIGHT="31" CONTENT="die" WC="0.97" CC="042"/>
						<SP ID="P50_SP00050" HPOS="871" VPOS="597" WIDTH="18"/>
						<String ID="P50_ST00058" HPOS="889" VPOS="558" WIDTH="217" HEIGHT="39" CONTENT="Mordwaffen," WC="0.99" CC="00400077600"/>
						<SP ID="P50_SP00051" HPOS="1106" VPOS="597" WIDTH="18"/>
						<String ID="P50_ST00059" HPOS="1124" VPOS="557" WIDTH="50" HEIGHT="31" CONTENT="die" WC="0.99" CC="002"/>
						<SP ID="P50_SP00052" HPOS="1174" VPOS="597" WIDTH="14"/>
						<String ID="P50_ST00060" HPOS="1188" VPOS="557" WIDTH="51" HEIGHT="30" CONTENT="für" WC="0.96" CC="603"/>
						<SP ID="P50_SP00053" HPOS="1239" VPOS="597" WIDTH="17"/>
						<String ID="P50_ST00061" HPOS="1256" VPOS="557" WIDTH="49" HEIGHT="29" CONTENT="die" WC="1.00" CC="000"/>
						<SP ID="P50_SP00054" HPOS="1305" VPOS="597" WIDTH="17"/>
						<String ID="P50_ST00062" HPOS="1322" VPOS="556" WIDTH="111" HEIGHT="38" CONTENT="gemein" SUBS_TYPE="HypPart1" SUBS_CONTENT="gemeinsten" WC="1.00" CC="010000"/>
						<HYP HPOS="1433" VPOS="556" WIDTH="18" CONTENT="-"/>
					</TextLine>
					<TextLine ID="P50_TL00009" HPOS="270" VPOS="600" WIDTH="1183" HEIGHT="42">
						<String ID="P50_ST00063" HPOS="270" VPOS="614" WIDTH="66" HEIGHT="28" CONTENT="sten" SUBS_TYPE="HypPart2" SUBS_CONTENT="gemeinsten" WC="1.00" CC="0000"/>
						<SP ID="P50_SP00055" HPOS="336" VPOS="642" WIDTH="26"/>
						<String ID="P50_ST00064" HPOS="362" VPOS="612" WIDTH="167" HEIGHT="30" CONTENT="Interessen" WC="0.99" CC="7700500000"/>
						<SP ID="P50_SP00056" HPOS="529" VPOS="642" WIDTH="26"/>
						<String ID="P50_ST00065" HPOS="555" VPOS="609" WIDTH="54" HEIGHT="31" CONTENT="der" WC="0.97" CC="006"/>
						<SP ID="P50_SP00057" HPOS="609" VPOS="642" WIDTH="23"/>
						<String ID="P50_ST00066" HPOS="632" VPOS="607" WIDTH="180" HEIGHT="32" CONTENT="verruchten" WC="1.00" CC="0064500000"/>
						<SP ID="P50_SP00058" HPOS="812" VPOS="642" WIDTH="26"/>
						<String ID="P50_ST00067" HPOS="838" VPOS="604" WIDTH="277" HEIGHT="32" CONTENT="Ausbeuterbande" WC="0.99" CC="07052702550001"/>
						<SP ID="P50_SP00059" HPOS="1115" VPOS="642" WIDTH="45"/>
						<String ID="P50_ST00068" HPOS="1160" VPOS="602" WIDTH="124" HEIGHT="40" CONTENT="geführt" WC="1.00" CC="0070000"/>
						<SP ID="P50_SP00060" HPOS="1284" VPOS="642" WIDTH="43"/>
						<String ID="P50_ST00069" HPOS="1327" VPOS="600" WIDTH="126" HEIGHT="32" CONTENT="werden" WC="0.99" CC="006060"/>
					</TextLine>
					<TextLine ID="P50_TL00010" HPOS="271" VPOS="647" WIDTH="1183" HEIGHT="49">
						<String ID="P50_ST00070" HPOS="271" VPOS="658" WIDTH="95" HEIGHT="38" CONTENT="(siehe" WC="0.99" CC="501300"/>
						<SP ID="P50_SP00061" HPOS="366" VPOS="696" WIDTH="19"/>
						<String ID="P50_ST00071" HPOS="385" VPOS="657" WIDTH="72" HEIGHT="38" CONTENT="jetzt" WC="0.99" CC="40000"/>
						<SP ID="P50_SP00062" HPOS="457" VPOS="696" WIDTH="18"/>
						<String ID="P50_ST00072" HPOS="475" VPOS="656" WIDTH="78" HEIGHT="30" CONTENT="auch" WC="0.98" CC="2600"/>
						<SP ID="P50_SP00063" HPOS="553" VPOS="696" WIDTH="20"/>
						<String ID="P50_ST00073" HPOS="573" VPOS="654" WIDTH="293" HEIGHT="39" CONTENT="Horthy-Ungam)," WC="0.79" CC="61100040700800"/>
						<SP ID="P50_SP00064" HPOS="866" VPOS="696" WIDTH="19"/>
						<String ID="P50_ST00074" HPOS="885" VPOS="653" WIDTH="56" HEIGHT="30" CONTENT="mit" WC="0.99" CC="002"/>
						<SP ID="P50_SP00065" HPOS="941" VPOS="696" WIDTH="19"/>
						<String ID="P50_ST00075" HPOS="960" VPOS="651" WIDTH="137" HEIGHT="30" CONTENT="Goethes" WC="0.99" CC="5620000"/>
						<SP ID="P50_SP00066" HPOS="1097" VPOS="696" WIDTH="21"/>
						<String ID="P50_ST00076" HPOS="1118" VPOS="650" WIDTH="94" HEIGHT="30" CONTENT="Faust" WC="0.99" CC="30700"/>
						<SP ID="P50_SP00067" HPOS="1212" VPOS="696" WIDTH="20"/>
						<String ID="P50_ST00077" HPOS="1232" VPOS="649" WIDTH="41" HEIGHT="29" CONTENT="im" WC="1.00" CC="00"/>
						<SP ID="P50_SP00068" HPOS="1273" VPOS="696" WIDTH="21"/>
						<String ID="P50_ST00078" HPOS="1294" VPOS="647" WIDTH="160" HEIGHT="31" CONTENT="Tornister" WC="0.99" CC="034440004"/>
					</TextLine>
					<TextLine ID="P50_TL00011" HPOS="271" VPOS="694" WIDTH="1182" HEIGHT="45">
						<String ID="P50_ST00079" HPOS="271" VPOS="704" WIDTH="65" HEIGHT="30" CONTENT="und" WC="0.95" CC="760"/>
						<SP ID="P50_SP00069" HPOS="336" VPOS="734" WIDTH="26"/>
						<String ID="P50_ST00080" HPOS="362" VPOS="703" WIDTH="58" HEIGHT="31" CONTENT="den" WC="0.97" CC="007"/>
						<SP ID="P50_SP00070" HPOS="420" VPOS="734" WIDTH="25"/>
						<String ID="P50_ST00081" HPOS="445" VPOS="703" WIDTH="209" HEIGHT="36" CONTENT="bösartigsten" WC="1.00" CC="400035000007"/>
						<SP ID="P50_SP00071" HPOS="654" VPOS="739" WIDTH="27"/>
						<String ID="P50_ST00082" HPOS="681" VPOS="699" WIDTH="260" HEIGHT="38" CONTENT="Dichterphrasen" WC="1.00" CC="00010030060037"/>
						<SP ID="P50_SP00072" HPOS="941" VPOS="739" WIDTH="28"/>
						<String ID="P50_ST00083" HPOS="969" VPOS="698" WIDTH="40" HEIGHT="29" CONTENT="im" WC="1.00" CC="00"/>
						<SP ID="P50_SP00073" HPOS="1009" VPOS="739" WIDTH="27"/>
						<String ID="P50_ST00084" HPOS="1036" VPOS="696" WIDTH="87" HEIGHT="30" CONTENT="Maul" WC="0.97" CC="0074"/>
						<SP ID="P50_SP00074" HPOS="1123" VPOS="739" WIDTH="28"/>
						<String ID="P50_ST00085" HPOS="1151" VPOS="696" WIDTH="45" HEIGHT="30" CONTENT="als" WC="0.98" CC="040"/>
						<SP ID="P50_SP00075" HPOS="1196" VPOS="739" WIDTH="27"/>
						<String ID="P50_ST00086" HPOS="1223" VPOS="694" WIDTH="211" HEIGHT="38" CONTENT="Beruhigungs" SUBS_TYPE="HypPart1" SUBS_CONTENT="Beruhigungspillen" WC="0.71" CC="40055007700"/>
						<HYP HPOS="1434" VPOS="694" WIDTH="19" CONTENT="-"/>
					</TextLine>
					<TextLine ID="P50_TL00012" HPOS="271" VPOS="740" WIDTH="1180" HEIGHT="48">
						<String ID="P50_ST00087" HPOS="271" VPOS="750" WIDTH="91" HEIGHT="38" CONTENT="pillen" SUBS_TYPE="HypPart2" SUBS_CONTENT="Beruhigungspillen" WC="0.52" CC="067707"/>
						<SP ID="P50_SP00076" HPOS="362" VPOS="788" WIDTH="17"/>
						<String ID="P50_ST00088" HPOS="379" VPOS="749" WIDTH="62" HEIGHT="39" CONTENT="gab" WC="0.97" CC="006"/>
						<SP ID="P50_SP00077" HPOS="441" VPOS="788" WIDTH="16"/>
						<String ID="P50_ST00089" HPOS="457" VPOS="758" WIDTH="71" HEIGHT="20" CONTENT="man" WC="0.97" CC="007"/>
						<SP ID="P50_SP00078" HPOS="528" VPOS="788" WIDTH="17"/>
						<String ID="P50_ST00090" HPOS="545" VPOS="748" WIDTH="65" HEIGHT="30" CONTENT="sich" WC="0.98" CC="0306"/>
						<SP ID="P50_SP00079" HPOS="610" VPOS="788" WIDTH="18"/>
						<String ID="P50_ST00091" HPOS="628" VPOS="748" WIDTH="73" HEIGHT="28" CONTENT="stets" WC="0.99" CC="04030"/>
						<SP ID="P50_SP00080" HPOS="701" VPOS="788" WIDTH="18"/>
						<String ID="P50_ST00092" HPOS="719" VPOS="745" WIDTH="55" HEIGHT="31" CONTENT="das" WC="1.00" CC="000"/>
						<SP ID="P50_SP00081" HPOS="774" VPOS="788" WIDTH="18"/>
						<String ID="P50_ST00093" HPOS="792" VPOS="744" WIDTH="154" HEIGHT="40" CONTENT="„ethische" WC="1.00" CC="300000000"/>
						<SP ID="P50_SP00082" HPOS="946" VPOS="788" WIDTH="18"/>
						<String ID="P50_ST00094" HPOS="964" VPOS="741" WIDTH="271" HEIGHT="40" CONTENT="Gleichgewicht“," WC="1.00" CC="440000030000000"/>
						<SP ID="P50_SP00083" HPOS="1235" VPOS="788" WIDTH="19"/>
						<String ID="P50_ST00095" HPOS="1254" VPOS="740" WIDTH="108" HEIGHT="30" CONTENT="dessen" WC="0.99" CC="000446"/>
						<SP ID="P50_SP00084" HPOS="1362" VPOS="788" WIDTH="19"/>
						<String ID="P50_ST00096" HPOS="1381" VPOS="747" WIDTH="70" HEIGHT="22" CONTENT="man" WC="0.95" CC="057"/>
					</TextLine>
					<TextLine ID="P50_TL00013" HPOS="270" VPOS="785" WIDTH="1183" HEIGHT="46">
						<String ID="P50_ST00097" HPOS="270" VPOS="795" WIDTH="139" HEIGHT="30" CONTENT="bedurfte" WC="0.99" CC="70075600"/>
						<SP ID="P50_SP00085" HPOS="409" VPOS="825" WIDTH="19"/>
						<String ID="P50_ST00098" HPOS="428" VPOS="796" WIDTH="40" HEIGHT="29" CONTENT="im" WC="0.92" CC="01"/>
						<SP ID="P50_SP00086" HPOS="468" VPOS="825" WIDTH="21"/>
						<String ID="P50_ST00099" HPOS="489" VPOS="793" WIDTH="111" HEIGHT="38" CONTENT="Kampf" WC="0.99" CC="00005"/>
						<SP ID="P50_SP00087" HPOS="600" VPOS="831" WIDTH="19"/>
						<String ID="P50_ST00100" HPOS="619" VPOS="793" WIDTH="49" HEIGHT="30" CONTENT="für" WC="0.95" CC="606"/>
						<SP ID="P50_SP00088" HPOS="668" VPOS="831" WIDTH="19"/>
						<String ID="P50_ST00101" HPOS="687" VPOS="791" WIDTH="98" HEIGHT="39" CONTENT="Raub," WC="0.98" CC="62700"/>
						<SP ID="P50_SP00089" HPOS="785" VPOS="831" WIDTH="20"/>
						<String ID="P50_ST00102" HPOS="805" VPOS="789" WIDTH="261" HEIGHT="37" CONTENT="Unterdrückung" WC="0.99" CC="0523504000670"/>
						<SP ID="P50_SP00090" HPOS="1066" VPOS="831" WIDTH="20"/>
						<String ID="P50_ST00103" HPOS="1086" VPOS="787" WIDTH="65" HEIGHT="31" CONTENT="und" WC="0.97" CC="700"/>
						<SP ID="P50_SP00091" HPOS="1151" VPOS="831" WIDTH="20"/>
						<String ID="P50_ST00104" HPOS="1171" VPOS="785" WIDTH="282" HEIGHT="32" CONTENT="rücksichtsloseste" WC="1.00" CC="30005006006202460"/>
					</TextLine>
					<TextLine ID="P50_TL00014" HPOS="271" VPOS="835" WIDTH="697" HEIGHT="43">
						<String ID="P50_ST00105" HPOS="271" VPOS="841" WIDTH="206" HEIGHT="37" CONTENT="Ausbeutung" WC="0.99" CC="2701070760"/>
						<SP ID="P50_SP00092" HPOS="477" VPOS="878" WIDTH="19"/>
						<String ID="P50_ST00106" HPOS="496" VPOS="839" WIDTH="53" HEIGHT="31" CONTENT="des" WC="1.00" CC="000"/>
						<SP ID="P50_SP00093" HPOS="549" VPOS="878" WIDTH="19"/>
						<String ID="P50_ST00107" HPOS="568" VPOS="838" WIDTH="116" HEIGHT="30" CONTENT="andern" WC="1.00" CC="000040"/>
						<SP ID="P50_SP00094" HPOS="684" VPOS="878" WIDTH="20"/>
						<String ID="P50_ST00108" HPOS="704" VPOS="837" WIDTH="47" HEIGHT="31" CONTENT="bis" WC="1.00" CC="000"/>
						<SP ID="P50_SP00095" HPOS="751" VPOS="878" WIDTH="20"/>
						<String ID="P50_ST00109" HPOS="771" VPOS="837" WIDTH="67" HEIGHT="31" CONTENT="aufs" WC="0.97" CC="0760"/>
						<SP ID="P50_SP00096" HPOS="838" VPOS="878" WIDTH="19"/>
						<String ID="P50_ST00110" HPOS="857" VPOS="835" WIDTH="111" HEIGHT="31" CONTENT="Hemd." WC="0.99" CC="72000"/>
					</TextLine>
					<TextLine ID="P50_TL00015" HPOS="353" VPOS="878" WIDTH="1100" HEIGHT="45">
						<String ID="P50_ST00111" HPOS="353" VPOS="887" WIDTH="33" HEIGHT="29" CONTENT="ln" WC="0.29" CC="67"/>
						<SP ID="P50_SP00097" HPOS="386" VPOS="916" WIDTH="44"/>
						<String ID="P50_ST00112" HPOS="430" VPOS="885" WIDTH="57" HEIGHT="32" CONTENT="den" WC="1.00" CC="000"/>
						<SP ID="P50_SP00098" HPOS="487" VPOS="917" WIDTH="43"/>
						<String ID="P50_ST00113" HPOS="530" VPOS="883" WIDTH="262" HEIGHT="40" CONTENT="Staatsgebäuden" WC="1.00" CC="45000101007007"/>
						<SP ID="P50_SP00099" HPOS="792" VPOS="923" WIDTH="43"/>
						<String ID="P50_ST00114" HPOS="835" VPOS="891" WIDTH="57" HEIGHT="21" CONTENT="zur" WC="0.94" CC="176"/>
						<SP ID="P50_SP00100" HPOS="892" VPOS="923" WIDTH="40"/>
						<String ID="P50_ST00115" HPOS="932" VPOS="881" WIDTH="102" HEIGHT="39" CONTENT="Pflege" WC="0.98" CC="277000"/>
						<SP ID="P50_SP00101" HPOS="1034" VPOS="923" WIDTH="43"/>
						<String ID="P50_ST00116" HPOS="1077" VPOS="880" WIDTH="64" HEIGHT="31" CONTENT="und" WC="0.95" CC="760"/>
						<SP ID="P50_SP00102" HPOS="1141" VPOS="923" WIDTH="43"/>
						<String ID="P50_ST00117" HPOS="1184" VPOS="880" WIDTH="171" HEIGHT="38" CONTENT="Erhaltung" WC="0.99" CC="215020700"/>
						<SP ID="P50_SP00103" HPOS="1355" VPOS="923" WIDTH="45"/>
						<String ID="P50_ST00118" HPOS="1400" VPOS="878" WIDTH="53" HEIGHT="30" CONTENT="der" WC="0.98" CC="006"/>
					</TextLine>
					<TextLine ID="P50_TL00016" HPOS="270" VPOS="925" WIDTH="1183" HEIGHT="41">
						<String ID="P50_ST00119" HPOS="270" VPOS="932" WIDTH="271" HEIGHT="32" CONTENT="mittelalterlichen" WC="1.00" CC="03000706046602000"/>
						<SP ID="P50_SP00104" HPOS="541" VPOS="964" WIDTH="46"/>
						<String ID="P50_ST00120" HPOS="587" VPOS="931" WIDTH="157" HEIGHT="30" CONTENT="Inventare" WC="0.78" CC="340006040"/>
						<SP ID="P50_SP00105" HPOS="744" VPOS="964" WIDTH="45"/>
						<String ID="P50_ST00121" HPOS="789" VPOS="929" WIDTH="64" HEIGHT="30" CONTENT="und" WC="0.97" CC="700"/>
						<SP ID="P50_SP00106" HPOS="853" VPOS="964" WIDTH="45"/>
						<String ID="P50_ST00122" HPOS="898" VPOS="927" WIDTH="140" HEIGHT="39" CONTENT="Gebilde," WC="0.99" CC="50506003"/>
						<SP ID="P50_SP00107" HPOS="1038" VPOS="966" WIDTH="47"/>
						<String ID="P50_ST00123" HPOS="1085" VPOS="927" WIDTH="81" HEIGHT="30" CONTENT="eines" WC="0.98" CC="05700"/>
						<SP ID="P50_SP00108" HPOS="1166" VPOS="966" WIDTH="47"/>
						<String ID="P50_ST00124" HPOS="1213" VPOS="925" WIDTH="106" HEIGHT="31" CONTENT="Stabes" WC="0.99" CC="070000"/>
						<SP ID="P50_SP00109" HPOS="1319" VPOS="966" WIDTH="47"/>
						<String ID="P50_ST00125" HPOS="1366" VPOS="925" WIDTH="70" HEIGHT="30" CONTENT="über" SUBS_TYPE="HypPart1" SUBS_CONTENT="überflüssiger" WC="0.99" CC="0004"/>
						<HYP HPOS="1436" VPOS="925" WIDTH="17" CONTENT="-"/>
					</TextLine>
					<TextLine ID="P50_TL00017" HPOS="268" VPOS="971" WIDTH="1185" HEIGHT="46">
						<String ID="P50_ST00126" HPOS="268" VPOS="979" WIDTH="144" HEIGHT="38" CONTENT="flüssiger" SUBS_TYPE="HypPart2" SUBS_CONTENT="überflüssiger" WC="0.99" CC="700075017"/>
						<SP ID="P50_SP00110" HPOS="412" VPOS="1017" WIDTH="42"/>
						<String ID="P50_ST00127" HPOS="454" VPOS="977" WIDTH="252" HEIGHT="38" CONTENT="Kunstbeamten," WC="1.00" CC="0700003000001"/>
						<SP ID="P50_SP00111" HPOS="706" VPOS="1017" WIDTH="54"/>
						<String ID="P50_ST00128" HPOS="760" VPOS="975" WIDTH="72" HEIGHT="30" CONTENT="alles" WC="0.99" CC="00600"/>
						<SP ID="P50_SP00112" HPOS="832" VPOS="1017" WIDTH="43"/>
						<String ID="P50_ST00129" HPOS="875" VPOS="976" WIDTH="94" HEIGHT="36" CONTENT="toten," WC="0.98" CC="600072"/>
						<SP ID="P50_SP00113" HPOS="969" VPOS="1017" WIDTH="55"/>
						<String ID="P50_ST00130" HPOS="1024" VPOS="974" WIDTH="144" HEIGHT="37" CONTENT="heutigen" WC="0.98" CC="20774047"/>
						<SP ID="P50_SP00114" HPOS="1168" VPOS="1017" WIDTH="44"/>
						<String ID="P50_ST00131" HPOS="1212" VPOS="971" WIDTH="223" HEIGHT="31" CONTENT="Lebensbedürf" SUBS_TYPE="HypPart1" SUBS_CONTENT="Lebensbedürfnissen" WC="0.99" CC="036300600046"/>
						<HYP HPOS="1435" VPOS="971" WIDTH="18" CONTENT="-"/>
					</TextLine>
					<TextLine ID="P50_TL00018" HPOS="270" VPOS="1016" WIDTH="1183" HEIGHT="45">
						<String ID="P50_ST00132" HPOS="270" VPOS="1026" WIDTH="102" HEIGHT="29" CONTENT="nissen" SUBS_TYPE="HypPart2" SUBS_CONTENT="Lebensbedürfnissen" WC="0.98" CC="863410"/>
						<SP ID="P50_SP00115" HPOS="372" VPOS="1055" WIDTH="37"/>
						<String ID="P50_ST00133" HPOS="409" VPOS="1021" WIDTH="350" HEIGHT="40" CONTENT="zuwidersprechenden" WC="1.00" CC="060000500400600000"/>
						<SP ID="P50_SP00116" HPOS="759" VPOS="1061" WIDTH="37"/>
						<String ID="P50_ST00134" HPOS="796" VPOS="1019" WIDTH="193" HEIGHT="40" CONTENT="Gerümpels," WC="1.00" CC="5010000050"/>
						<SP ID="P50_SP00117" HPOS="989" VPOS="1061" WIDTH="37"/>
						<String ID="P50_ST00135" HPOS="1026" VPOS="1018" WIDTH="230" HEIGHT="31" CONTENT="Geschreibsels" WC="0.99" CC="4050630050060"/>
						<SP ID="P50_SP00118" HPOS="1256" VPOS="1061" WIDTH="38"/>
						<String ID="P50_ST00136" HPOS="1294" VPOS="1017" WIDTH="65" HEIGHT="30" CONTENT="und" WC="0.95" CC="670"/>
						<SP ID="P50_SP00119" HPOS="1359" VPOS="1061" WIDTH="35"/>
						<String ID="P50_ST00137" HPOS="1394" VPOS="1016" WIDTH="40" HEIGHT="31" CONTENT="Ge" SUBS_TYPE="HypPart1" SUBS_CONTENT="Gern" WC="0.97" CC="51"/>
						<HYP HPOS="1434" VPOS="1016" WIDTH="19" CONTENT="-"/>
					</TextLine>
					<TextLine ID="P50_TL00019" HPOS="268" VPOS="1063" WIDTH="1185" HEIGHT="47">
						<String ID="P50_ST00138" HPOS="268" VPOS="1080" WIDTH="28" HEIGHT="21" CONTENT="rn" SUBS_TYPE="HypPart2" SUBS_CONTENT="Gern" WC="0.20" CC="88"/>
						<SP ID="P50_SP00120" HPOS="296" VPOS="1101" WIDTH="5"/>
						<String ID="P50_ST00139" HPOS="301" VPOS="1071" WIDTH="54" HEIGHT="39" CONTENT="ale," WC="0.81" CC="0600"/>
						<SP ID="P50_SP00121" HPOS="355" VPOS="1110" WIDTH="45"/>
						<String ID="P50_ST00140" HPOS="400" VPOS="1070" WIDTH="56" HEIGHT="31" CONTENT="das" WC="1.00" CC="000"/>
						<SP ID="P50_SP00122" HPOS="456" VPOS="1110" WIDTH="43"/>
						<String ID="P50_ST00141" HPOS="499" VPOS="1068" WIDTH="174" HEIGHT="31" CONTENT="bestenfalls" WC="0.99" CC="03061760463"/>
						<SP ID="P50_SP00123" HPOS="673" VPOS="1110" WIDTH="43"/>
						<String ID="P50_ST00142" HPOS="716" VPOS="1076" WIDTH="60" HEIGHT="21" CONTENT="nur" WC="0.95" CC="074"/>
						<SP ID="P50_SP00124" HPOS="776" VPOS="1110" WIDTH="41"/>
						<String ID="P50_ST00143" HPOS="817" VPOS="1065" WIDTH="205" HEIGHT="31" CONTENT="historischen" WC="0.99" CC="000532000656"/>
						<SP ID="P50_SP00125" HPOS="1022" VPOS="1110" WIDTH="41"/>
						<String ID="P50_ST00144" HPOS="1063" VPOS="1063" WIDTH="294" HEIGHT="39" CONTENT="Nachschlagewert" WC="0.87" CC="000500050020040"/>
						<SP ID="P50_SP00126" HPOS="1357" VPOS="1110" WIDTH="43"/>
						<String ID="P50_ST00145" HPOS="1400" VPOS="1063" WIDTH="53" HEIGHT="29" CONTENT="hat" WC="0.99" CC="300"/>
					</TextLine>
					<TextLine ID="P50_TL00020" HPOS="268" VPOS="1109" WIDTH="1183" HEIGHT="43">
						<String ID="P50_ST00146" HPOS="268" VPOS="1117" WIDTH="49" HEIGHT="30" CONTENT="für" WC="0.95" CC="706"/>
						<SP ID="P50_SP00127" HPOS="317" VPOS="1147" WIDTH="23"/>
						<String ID="P50_ST00147" HPOS="340" VPOS="1116" WIDTH="118" HEIGHT="30" CONTENT="Idioten" WC="0.99" CC="6000606"/>
						<SP ID="P50_SP00128" HPOS="458" VPOS="1147" WIDTH="26"/>
						<String ID="P50_ST00148" HPOS="484" VPOS="1115" WIDTH="64" HEIGHT="30" CONTENT="und" WC="0.95" CC="660"/>
						<SP ID="P50_SP00129" HPOS="548" VPOS="1147" WIDTH="23"/>
						<String ID="P50_ST00149" HPOS="571" VPOS="1114" WIDTH="187" HEIGHT="38" CONTENT="Nichtstuer," WC="1.00" CC="01200056040"/>
						<SP ID="P50_SP00130" HPOS="758" VPOS="1152" WIDTH="27"/>
						<String ID="P50_ST00150" HPOS="785" VPOS="1112" WIDTH="48" HEIGHT="31" CONTENT="die" WC="1.00" CC="000"/>
						<SP ID="P50_SP00131" HPOS="833" VPOS="1152" WIDTH="26"/>
						<String ID="P50_ST00151" HPOS="859" VPOS="1112" WIDTH="47" HEIGHT="30" CONTENT="die" WC="1.00" CC="000"/>
						<SP ID="P50_SP00132" HPOS="906" VPOS="1152" WIDTH="25"/>
						<String ID="P50_ST00152" HPOS="931" VPOS="1112" WIDTH="193" HEIGHT="29" CONTENT="Dokumente" WC="0.99" CC="010705640"/>
						<SP ID="P50_SP00133" HPOS="1124" VPOS="1152" WIDTH="24"/>
						<String ID="P50_ST00153" HPOS="1148" VPOS="1110" WIDTH="54" HEIGHT="30" CONTENT="der" WC="0.98" CC="006"/>
						<SP ID="P50_SP00134" HPOS="1202" VPOS="1152" WIDTH="24"/>
						<String ID="P50_ST00154" HPOS="1226" VPOS="1109" WIDTH="225" HEIGHT="30" CONTENT="menschlichen" WC="0.99" CC="230000505047"/>
					</TextLine>
					<TextLine ID="P50_TL00021" HPOS="269" VPOS="1155" WIDTH="1183" HEIGHT="46">
						<String ID="P50_ST00155" HPOS="269" VPOS="1162" WIDTH="187" HEIGHT="39" CONTENT="Dummheit," WC="1.00" CC="070020000"/>
						<SP ID="P50_SP00135" HPOS="456" VPOS="1201" WIDTH="22"/>
						<String ID="P50_ST00156" HPOS="478" VPOS="1161" WIDTH="48" HEIGHT="31" CONTENT="bis" WC="0.98" CC="500"/>
						<SP ID="P50_SP00136" HPOS="526" VPOS="1201" WIDTH="20"/>
						<String ID="P50_ST00157" HPOS="546" VPOS="1162" WIDTH="32" HEIGHT="29" CONTENT="in" WC="0.63" CC="07"/>
						<SP ID="P50_SP00137" HPOS="578" VPOS="1201" WIDTH="21"/>
						<String ID="P50_ST00158" HPOS="599" VPOS="1160" WIDTH="49" HEIGHT="30" CONTENT="die" WC="0.99" CC="030"/>
						<SP ID="P50_SP00138" HPOS="648" VPOS="1201" WIDTH="19"/>
						<String ID="P50_ST00159" HPOS="667" VPOS="1160" WIDTH="147" HEIGHT="38" CONTENT="greiseste" WC="1.00" CC="061400010"/>
						<SP ID="P50_SP00139" HPOS="814" VPOS="1201" WIDTH="19"/>
						<String ID="P50_ST00160" HPOS="833" VPOS="1157" WIDTH="248" HEIGHT="39" CONTENT="Vergangenheit" WC="1.00" CC="0040050000020"/>
						<SP ID="P50_SP00140" HPOS="1081" VPOS="1201" WIDTH="19"/>
						<String ID="P50_ST00161" HPOS="1100" VPOS="1155" WIDTH="148" HEIGHT="40" CONTENT="greifend," WC="0.99" CC="050064002"/>
						<SP ID="P50_SP00141" HPOS="1248" VPOS="1201" WIDTH="22"/>
						<String ID="P50_ST00162" HPOS="1270" VPOS="1155" WIDTH="120" HEIGHT="38" CONTENT="preisen" WC="0.99" CC="0500007"/>
						<SP ID="P50_SP00142" HPOS="1390" VPOS="1201" WIDTH="22"/>
						<String ID="P50_ST00163" HPOS="1412" VPOS="1162" WIDTH="40" HEIGHT="22" CONTENT="zu" WC="0.63" CC="07"/>
					</TextLine>
					<TextLine ID="P50_TL00022" HPOS="270" VPOS="1201" WIDTH="1183" HEIGHT="46">
						<String ID="P50_ST00164" HPOS="270" VPOS="1211" WIDTH="123" HEIGHT="28" CONTENT="müssen" WC="0.99" CC="000047"/>
						<SP ID="P50_SP00143" HPOS="393" VPOS="1239" WIDTH="16"/>
						<String ID="P50_ST00165" HPOS="409" VPOS="1207" WIDTH="145" HEIGHT="40" CONTENT="glauben," WC="0.98" CC="06066063"/>
						<SP ID="P50_SP00144" HPOS="554" VPOS="1247" WIDTH="17"/>
						<String ID="P50_ST00166" HPOS="571" VPOS="1207" WIDTH="121" HEIGHT="37" CONTENT="hängen" WC="0.98" CC="047007"/>
						<SP ID="P50_SP00145" HPOS="692" VPOS="1247" WIDTH="18"/>
						<String ID="P50_ST00167" HPOS="710" VPOS="1206" WIDTH="48" HEIGHT="29" CONTENT="die" WC="0.99" CC="001"/>
						<SP ID="P50_SP00146" HPOS="758" VPOS="1247" WIDTH="14"/>
						<String ID="P50_ST00168" HPOS="772" VPOS="1204" WIDTH="197" HEIGHT="31" CONTENT="verstaubten" WC="0.99" CC="04505066645"/>
						<SP ID="P50_SP00147" HPOS="969" VPOS="1247" WIDTH="16"/>
						<String ID="P50_ST00169" HPOS="985" VPOS="1202" WIDTH="147" HEIGHT="40" CONTENT="„Werke“" WC="0.99" CC="0504000"/>
						<SP ID="P50_SP00148" HPOS="1132" VPOS="1247" WIDTH="18"/>
						<String ID="P50_ST00170" HPOS="1150" VPOS="1202" WIDTH="53" HEIGHT="30" CONTENT="der" WC="0.97" CC="007"/>
						<SP ID="P50_SP00149" HPOS="1203" VPOS="1247" WIDTH="15"/>
						<String ID="P50_ST00171" HPOS="1218" VPOS="1201" WIDTH="133" HEIGHT="39" CONTENT="Rubens," WC="0.99" CC="0700090"/>
						<SP ID="P50_SP00150" HPOS="1351" VPOS="1247" WIDTH="17"/>
						<String ID="P50_ST00172" HPOS="1368" VPOS="1201" WIDTH="64" HEIGHT="31" CONTENT="Rem" SUBS_TYPE="HypPart1" SUBS_CONTENT="Rembrandts," WC="0.75" CC="060"/>
						<HYP HPOS="1432" VPOS="1201" WIDTH="21" CONTENT="-"/>
					</TextLine>
					<TextLine ID="P50_TL00023" HPOS="270" VPOS="1246" WIDTH="1183" HEIGHT="47">
						<String ID="P50_ST00173" HPOS="270" VPOS="1254" WIDTH="138" HEIGHT="39" CONTENT="brandts," SUBS_TYPE="HypPart2" SUBS_CONTENT="Rembrandts," WC="0.78" CC="06070002"/>
						<SP ID="P50_SP00151" HPOS="408" VPOS="1293" WIDTH="23"/>
						<String ID="P50_ST00174" HPOS="431" VPOS="1254" WIDTH="48" HEIGHT="30" CONTENT="die" WC="1.00" CC="000"/>
						<SP ID="P50_SP00152" HPOS="479" VPOS="1293" WIDTH="20"/>
						<String ID="P50_ST00175" HPOS="499" VPOS="1253" WIDTH="49" HEIGHT="31" CONTENT="für" WC="0.96" CC="605"/>
						<SP ID="P50_SP00153" HPOS="548" VPOS="1293" WIDTH="23"/>
						<String ID="P50_ST00176" HPOS="571" VPOS="1262" WIDTH="59" HEIGHT="21" CONTENT="uns" WC="0.97" CC="700"/>
						<SP ID="P50_SP00154" HPOS="630" VPOS="1293" WIDTH="22"/>
						<String ID="P50_ST00177" HPOS="652" VPOS="1251" WIDTH="89" HEIGHT="31" CONTENT="heute" WC="0.98" CC="60702"/>
						<SP ID="P50_SP00155" HPOS="741" VPOS="1293" WIDTH="21"/>
						<String ID="P50_ST00178" HPOS="762" VPOS="1251" WIDTH="84" HEIGHT="30" CONTENT="nicht" WC="0.97" CC="70146"/>
						<SP ID="P50_SP00156" HPOS="846" VPOS="1293" WIDTH="23"/>
						<String ID="P50_ST00179" HPOS="869" VPOS="1249" WIDTH="58" HEIGHT="31" CONTENT="den" WC="1.00" CC="000"/>
						<SP ID="P50_SP00157" HPOS="927" VPOS="1293" WIDTH="22"/>
						<String ID="P50_ST00180" HPOS="949" VPOS="1250" WIDTH="178" HEIGHT="38" CONTENT="geringsten" WC="1.00" CC="0330000007"/>
						<SP ID="P50_SP00158" HPOS="1127" VPOS="1293" WIDTH="21"/>
						<String ID="P50_ST00181" HPOS="1148" VPOS="1247" WIDTH="197" HEIGHT="31" CONTENT="Lebenswert" WC="0.99" CC="2050700040"/>
						<SP ID="P50_SP00159" HPOS="1345" VPOS="1293" WIDTH="21"/>
						<String ID="P50_ST00182" HPOS="1366" VPOS="1246" WIDTH="87" HEIGHT="30" CONTENT="mehr" WC="0.98" CC="0404"/>
					</TextLine>
					<TextLine ID="P50_TL00024" HPOS="270" VPOS="1293" WIDTH="1183" HEIGHT="46">
						<String ID="P50_ST00183" HPOS="270" VPOS="1302" WIDTH="125" HEIGHT="37" CONTENT="bergen." WC="0.98" CC="6049203"/>
						<SP ID="P50_SP00160" HPOS="395" VPOS="1339" WIDTH="28"/>
						<String ID="P50_ST00184" HPOS="423" VPOS="1301" WIDTH="57" HEIGHT="30" CONTENT="Die" WC="0.97" CC="033"/>
						<SP ID="P50_SP00161" HPOS="480" VPOS="1339" WIDTH="16"/>
						<String ID="P50_ST00185" HPOS="496" VPOS="1299" WIDTH="247" HEIGHT="30" CONTENT="Marktinteresse" WC="1.00" CC="01100070050000"/>
						<SP ID="P50_SP00162" HPOS="743" VPOS="1339" WIDTH="14"/>
						<String ID="P50_ST00186" HPOS="757" VPOS="1297" WIDTH="50" HEIGHT="30" CONTENT="für" WC="0.95" CC="707"/>
						<SP ID="P50_SP00163" HPOS="807" VPOS="1339" WIDTH="16"/>
						<String ID="P50_ST00187" HPOS="823" VPOS="1296" WIDTH="58" HEIGHT="31" CONTENT="den" WC="1.00" CC="000"/>
						<SP ID="P50_SP00164" HPOS="881" VPOS="1339" WIDTH="15"/>
						<String ID="P50_ST00188" HPOS="896" VPOS="1296" WIDTH="120" HEIGHT="38" CONTENT="Bürger" WC="0.98" CC="504031"/>
						<SP ID="P50_SP00165" HPOS="1016" VPOS="1339" WIDTH="16"/>
						<String ID="P50_ST00189" HPOS="1032" VPOS="1294" WIDTH="116" HEIGHT="32" CONTENT="haben!" WC="0.99" CC="300006"/>
						<SP ID="P50_SP00166" HPOS="1148" VPOS="1339" WIDTH="25"/>
						<String ID="P50_ST00190" HPOS="1173" VPOS="1294" WIDTH="34" HEIGHT="31" CONTENT="In" WC="0.39" CC="56"/>
						<SP ID="P50_SP00167" HPOS="1207" VPOS="1339" WIDTH="17"/>
						<String ID="P50_ST00191" HPOS="1224" VPOS="1293" WIDTH="98" HEIGHT="31" CONTENT="denen" WC="0.97" CC="03745"/>
						<SP ID="P50_SP00168" HPOS="1322" VPOS="1339" WIDTH="18"/>
						<String ID="P50_ST00192" HPOS="1340" VPOS="1302" WIDTH="32" HEIGHT="21" CONTENT="er" WC="0.88" CC="02"/>
						<SP ID="P50_SP00169" HPOS="1372" VPOS="1339" WIDTH="14"/>
						<String ID="P50_ST00193" HPOS="1386" VPOS="1293" WIDTH="67" HEIGHT="29" CONTENT="sein" WC="0.98" CC="0406"/>
					</TextLine>
					<TextLine ID="P50_TL00025" HPOS="270" VPOS="1338" WIDTH="1183" HEIGHT="44">
						<String ID="P50_ST00194" HPOS="270" VPOS="1346" WIDTH="80" HEIGHT="31" CONTENT="Geld" WC="0.97" CC="5070"/>
						<SP ID="P50_SP00170" HPOS="350" VPOS="1377" WIDTH="22"/>
						<String ID="P50_ST00195" HPOS="372" VPOS="1346" WIDTH="129" HEIGHT="30" CONTENT="sicherte" WC="0.99" CC="00052300"/>
						<SP ID="P50_SP00171" HPOS="501" VPOS="1377" WIDTH="22"/>
						<String ID="P50_ST00196" HPOS="523" VPOS="1345" WIDTH="64" HEIGHT="30" CONTENT="und" WC="0.95" CC="770"/>
						<SP ID="P50_SP00172" HPOS="587" VPOS="1377" WIDTH="23"/>
						<String ID="P50_ST00197" HPOS="610" VPOS="1344" WIDTH="145" HEIGHT="38" CONTENT="festlegte." WC="0.99" CC="7000640003"/>
						<SP ID="P50_SP00173" HPOS="755" VPOS="1382" WIDTH="44"/>
						<String ID="P50_ST00198" HPOS="799" VPOS="1343" WIDTH="68" HEIGHT="30" CONTENT="Wie" WC="0.96" CC="540"/>
						<SP ID="P50_SP00174" HPOS="867" VPOS="1382" WIDTH="22"/>
						<String ID="P50_ST00199" HPOS="889" VPOS="1352" WIDTH="33" HEIGHT="21" CONTENT="er" WC="0.47" CC="36"/>
						<SP ID="P50_SP00175" HPOS="922" VPOS="1382" WIDTH="22"/>
						<String ID="P50_ST00200" HPOS="944" VPOS="1342" WIDTH="78" HEIGHT="30" CONTENT="auch" WC="0.98" CC="0700"/>
						<SP ID="P50_SP00176" HPOS="1022" VPOS="1382" WIDTH="23"/>
						<String ID="P50_ST00201" HPOS="1045" VPOS="1341" WIDTH="90" HEIGHT="30" CONTENT="heute" WC="0.98" CC="40630"/>
						<SP ID="P50_SP00177" HPOS="1135" VPOS="1382" WIDTH="21"/>
						<String ID="P50_ST00202" HPOS="1156" VPOS="1341" WIDTH="66" HEIGHT="29" CONTENT="sein" WC="0.99" CC="0006"/>
						<SP ID="P50_SP00178" HPOS="1222" VPOS="1382" WIDTH="22"/>
						<String ID="P50_ST00203" HPOS="1244" VPOS="1338" WIDTH="192" HEIGHT="31" CONTENT="überschüssi" SUBS_TYPE="HypPart1" SUBS_CONTENT="überschüssiges" WC="1.00" CC="06450400000"/>
						<HYP HPOS="1436" VPOS="1338" WIDTH="17" CONTENT="-"/>
					</TextLine>
					<TextLine ID="P50_TL00026" HPOS="270" VPOS="1383" WIDTH="1183" HEIGHT="49">
						<String ID="P50_ST00204" HPOS="270" VPOS="1402" WIDTH="54" HEIGHT="30" CONTENT="ges" SUBS_TYPE="HypPart2" SUBS_CONTENT="überschüssiges" WC="1.00" CC="000"/>
						<SP ID="P50_SP00179" HPOS="324" VPOS="1432" WIDTH="21"/>
						<String ID="P50_ST00205" HPOS="345" VPOS="1392" WIDTH="122" HEIGHT="38" CONTENT="Kapital" WC="1.00" CC="0000006"/>
						<SP ID="P50_SP00180" HPOS="467" VPOS="1432" WIDTH="23"/>
						<String ID="P50_ST00206" HPOS="490" VPOS="1392" WIDTH="32" HEIGHT="30" CONTENT="in" WC="0.71" CC="05"/>
						<SP ID="P50_SP00181" HPOS="522" VPOS="1432" WIDTH="22"/>
						<String ID="P50_ST00207" HPOS="544" VPOS="1391" WIDTH="59" HEIGHT="30" CONTENT="den" WC="1.00" CC="000"/>
						<SP ID="P50_SP00182" HPOS="603" VPOS="1432" WIDTH="23"/>
						<String ID="P50_ST00208" HPOS="626" VPOS="1390" WIDTH="124" HEIGHT="30" CONTENT="Bildern" WC="0.99" CC="3050050"/>
						<SP ID="P50_SP00183" HPOS="750" VPOS="1432" WIDTH="22"/>
						<String ID="P50_ST00209" HPOS="772" VPOS="1389" WIDTH="54" HEIGHT="30" CONTENT="der" WC="0.97" CC="016"/>
						<SP ID="P50_SP00184" HPOS="826" VPOS="1432" WIDTH="21"/>
						<String ID="P50_ST00210" HPOS="847" VPOS="1388" WIDTH="49" HEIGHT="31" CONTENT="für" WC="0.95" CC="706"/>
						<SP ID="P50_SP00185" HPOS="896" VPOS="1432" WIDTH="21"/>
						<String ID="P50_ST00211" HPOS="917" VPOS="1388" WIDTH="54" HEIGHT="30" CONTENT="ihn" WC="0.98" CC="050"/>
						<SP ID="P50_SP00186" HPOS="971" VPOS="1432" WIDTH="22"/>
						<String ID="P50_ST00212" HPOS="993" VPOS="1386" WIDTH="181" HEIGHT="40" CONTENT="pinselnden" WC="0.99" CC="0170340006"/>
						<SP ID="P50_SP00187" HPOS="1174" VPOS="1432" WIDTH="24"/>
						<String ID="P50_ST00213" HPOS="1198" VPOS="1385" WIDTH="100" HEIGHT="31" CONTENT="Maler" WC="0.98" CC="00646"/>
						<SP ID="P50_SP00188" HPOS="1298" VPOS="1432" WIDTH="20"/>
						<String ID="P50_ST00214" HPOS="1318" VPOS="1384" WIDTH="50" HEIGHT="31" CONTENT="für" WC="0.96" CC="504"/>
						<SP ID="P50_SP00189" HPOS="1368" VPOS="1432" WIDTH="19"/>
						<String ID="P50_ST00215" HPOS="1387" VPOS="1383" WIDTH="66" HEIGHT="31" CONTENT="sich" WC="0.99" CC="0006"/>
					</TextLine>
					<TextLine ID="P50_TL00027" HPOS="270" VPOS="1430" WIDTH="1183" HEIGHT="40">
						<String ID="P50_ST00216" HPOS="270" VPOS="1439" WIDTH="137" HEIGHT="31" CONTENT="aufhäuft" WC="0.99" CC="07400460"/>
						<SP ID="P50_SP00190" HPOS="407" VPOS="1470" WIDTH="20"/>
						<String ID="P50_ST00217" HPOS="427" VPOS="1437" WIDTH="65" HEIGHT="31" CONTENT="und" WC="0.97" CC="070"/>
						<SP ID="P50_SP00191" HPOS="492" VPOS="1470" WIDTH="19"/>
						<String ID="P50_ST00218" HPOS="511" VPOS="1437" WIDTH="49" HEIGHT="31" CONTENT="die" WC="1.00" CC="000"/>
						<SP ID="P50_SP00192" HPOS="560" VPOS="1470" WIDTH="19"/>
						<String ID="P50_ST00219" HPOS="579" VPOS="1435" WIDTH="211" HEIGHT="32" CONTENT="bedeutenden" WC="0.99" CC="50006007016"/>
						<SP ID="P50_SP00193" HPOS="790" VPOS="1470" WIDTH="19"/>
						<String ID="P50_ST00220" HPOS="809" VPOS="1433" WIDTH="149" HEIGHT="33" CONTENT="Gemälde" WC="0.99" CC="6100500"/>
						<SP ID="P50_SP00194" HPOS="958" VPOS="1470" WIDTH="19"/>
						<String ID="P50_ST00221" HPOS="977" VPOS="1433" WIDTH="55" HEIGHT="31" CONTENT="der" WC="0.99" CC="001"/>
						<SP ID="P50_SP00195" HPOS="1032" VPOS="1470" WIDTH="18"/>
						<String ID="P50_ST00222" HPOS="1050" VPOS="1431" WIDTH="211" HEIGHT="32" CONTENT="bedeutenden" WC="0.99" CC="60047004020"/>
						<SP ID="P50_SP00196" HPOS="1261" VPOS="1470" WIDTH="20"/>
						<String ID="P50_ST00223" HPOS="1281" VPOS="1430" WIDTH="155" HEIGHT="40" CONTENT="„Schaffen" SUBS_TYPE="HypPart1" SUBS_CONTENT="„Schaffenden“" WC="0.99" CC="000607700"/>
						<HYP HPOS="1436" VPOS="1430" WIDTH="17" CONTENT="-"/>
					</TextLine>
					<TextLine ID="P50_TL00028" HPOS="271" VPOS="1475" WIDTH="1183" HEIGHT="48">
						<String ID="P50_ST00224" HPOS="271" VPOS="1486" WIDTH="78" HEIGHT="29" CONTENT="den“" SUBS_TYPE="HypPart2" SUBS_CONTENT="„Schaffenden“" WC="1.00" CC="0000"/>
						<SP ID="P50_SP00197" HPOS="349" VPOS="1515" WIDTH="26"/>
						<String ID="P50_ST00225" HPOS="375" VPOS="1484" WIDTH="184" HEIGHT="39" CONTENT="(beleidigen" WC="0.99" CC="77070002007"/>
						<SP ID="P50_SP00198" HPOS="559" VPOS="1523" WIDTH="26"/>
						<String ID="P50_ST00226" HPOS="585" VPOS="1482" WIDTH="49" HEIGHT="31" CONTENT="Sie" WC="0.99" CC="010"/>
						<SP ID="P50_SP00199" HPOS="634" VPOS="1523" WIDTH="26"/>
						<String ID="P50_ST00227" HPOS="660" VPOS="1482" WIDTH="49" HEIGHT="30" CONTENT="die" WC="0.98" CC="006"/>
						<SP ID="P50_SP00200" HPOS="709" VPOS="1523" WIDTH="24"/>
						<String ID="P50_ST00228" HPOS="733" VPOS="1479" WIDTH="215" HEIGHT="33" CONTENT="Bedeutenden" WC="0.99" CC="40026047000"/>
						<SP ID="P50_SP00201" HPOS="948" VPOS="1523" WIDTH="25"/>
						<String ID="P50_ST00229" HPOS="973" VPOS="1479" WIDTH="85" HEIGHT="31" CONTENT="nicht" WC="0.99" CC="00050"/>
						<SP ID="P50_SP00202" HPOS="1058" VPOS="1523" WIDTH="26"/>
						<String ID="P50_ST00230" HPOS="1084" VPOS="1479" WIDTH="64" HEIGHT="30" CONTENT="und" WC="0.98" CC="600"/>
						<SP ID="P50_SP00203" HPOS="1148" VPOS="1523" WIDTH="24"/>
						<String ID="P50_ST00231" HPOS="1172" VPOS="1486" WIDTH="96" HEIGHT="30" CONTENT="sagen" WC="1.00" CC="00000"/>
						<SP ID="P50_SP00204" HPOS="1268" VPOS="1523" WIDTH="26"/>
						<String ID="P50_ST00232" HPOS="1294" VPOS="1476" WIDTH="49" HEIGHT="32" CONTENT="Sie" WC="1.00" CC="001"/>
						<SP ID="P50_SP00205" HPOS="1343" VPOS="1523" WIDTH="25"/>
						<String ID="P50_ST00233" HPOS="1368" VPOS="1475" WIDTH="86" HEIGHT="32" CONTENT="nicht" WC="0.97" CC="04358"/>
					</TextLine>
					<TextLine ID="P50_TL00029" HPOS="271" VPOS="1521" WIDTH="1183" HEIGHT="49">
						<String ID="P50_ST00234" HPOS="271" VPOS="1530" WIDTH="276" HEIGHT="40" CONTENT="„Arbeitenden“!)" WC="1.00" CC="200100077000035"/>
						<SP ID="P50_SP00206" HPOS="547" VPOS="1570" WIDTH="24"/>
						<String ID="P50_ST00235" HPOS="571" VPOS="1538" WIDTH="59" HEIGHT="21" CONTENT="nur" WC="0.93" CC="674"/>
						<SP ID="P50_SP00207" HPOS="630" VPOS="1570" WIDTH="22"/>
						<String ID="P50_ST00236" HPOS="652" VPOS="1537" WIDTH="56" HEIGHT="22" CONTENT="aus" WC="1.00" CC="000"/>
						<SP ID="P50_SP00208" HPOS="708" VPOS="1570" WIDTH="22"/>
						<String ID="P50_ST00237" HPOS="730" VPOS="1526" WIDTH="307" HEIGHT="40" CONTENT="Kapitalsinteressen" WC="1.00" CC="000000305750600017"/>
						<SP ID="P50_SP00209" HPOS="1037" VPOS="1570" WIDTH="24"/>
						<String ID="P50_ST00238" HPOS="1061" VPOS="1524" WIDTH="45" HEIGHT="31" CONTENT="als" WC="0.97" CC="060"/>
						<SP ID="P50_SP00210" HPOS="1106" VPOS="1570" WIDTH="23"/>
						<String ID="P50_ST00239" HPOS="1129" VPOS="1525" WIDTH="64" HEIGHT="30" CONTENT="sein" WC="0.96" CC="1446"/>
						<SP ID="P50_SP00211" HPOS="1193" VPOS="1570" WIDTH="25"/>
						<String ID="P50_ST00240" HPOS="1218" VPOS="1524" WIDTH="163" HEIGHT="37" CONTENT="Eigentum" WC="0.99" CC="04000070"/>
						<SP ID="P50_SP00212" HPOS="1381" VPOS="1570" WIDTH="23"/>
						<String ID="P50_ST00241" HPOS="1404" VPOS="1521" WIDTH="50" HEIGHT="31" CONTENT="für" WC="0.95" CC="506"/>
					</TextLine>
					<TextLine ID="P50_TL00030" HPOS="271" VPOS="1568" WIDTH="1183" HEIGHT="45">
						<String ID="P50_ST00242" HPOS="271" VPOS="1578" WIDTH="82" HEIGHT="30" CONTENT="seine" WC="0.97" CC="45274"/>
						<SP ID="P50_SP00213" HPOS="353" VPOS="1608" WIDTH="24"/>
						<String ID="P50_ST00243" HPOS="377" VPOS="1576" WIDTH="231" HEIGHT="31" CONTENT="unbewohnten" WC="0.99" CC="77600070000"/>
						<SP ID="P50_SP00214" HPOS="608" VPOS="1608" WIDTH="23"/>
						<String ID="P50_ST00244" HPOS="631" VPOS="1574" WIDTH="141" HEIGHT="39" CONTENT="Herren-," WC="0.99" CC="60040012"/>
						<SP ID="P50_SP00215" HPOS="772" VPOS="1613" WIDTH="25"/>
						<String ID="P50_ST00245" HPOS="797" VPOS="1573" WIDTH="116" HEIGHT="38" CONTENT="Speise-" WC="1.00" CC="0010040"/>
						<SP ID="P50_SP00216" HPOS="913" VPOS="1613" WIDTH="25"/>
						<String ID="P50_ST00246" HPOS="938" VPOS="1571" WIDTH="64" HEIGHT="31" CONTENT="und" WC="0.97" CC="700"/>
						<SP ID="P50_SP00217" HPOS="1002" VPOS="1613" WIDTH="26"/>
						<String ID="P50_ST00247" HPOS="1028" VPOS="1571" WIDTH="245" HEIGHT="30" CONTENT="Damenzimmer" WC="1.00" CC="00000000007"/>
						<SP ID="P50_SP00218" HPOS="1273" VPOS="1613" WIDTH="24"/>
						<String ID="P50_ST00248" HPOS="1297" VPOS="1570" WIDTH="32" HEIGHT="29" CONTENT="in" WC="0.66" CC="06"/>
						<SP ID="P50_SP00219" HPOS="1329" VPOS="1613" WIDTH="26"/>
						<String ID="P50_ST00249" HPOS="1355" VPOS="1568" WIDTH="99" HEIGHT="30" CONTENT="dieser" WC="0.99" CC="000026"/>
					</TextLine>
					<TextLine ID="P50_TL00031" HPOS="271" VPOS="1614" WIDTH="1182" HEIGHT="48">
						<String ID="P50_ST00250" HPOS="271" VPOS="1623" WIDTH="192" HEIGHT="39" CONTENT="Hungerzeit" WC="0.99" CC="5760064400"/>
						<SP ID="P50_SP00220" HPOS="463" VPOS="1662" WIDTH="25"/>
						<String ID="P50_ST00251" HPOS="488" VPOS="1621" WIDTH="134" HEIGHT="31" CONTENT="erwirbt." WC="0.99" CC="05006500"/>
						<SP ID="P50_SP00221" HPOS="622" VPOS="1662" WIDTH="46"/>
						<String ID="P50_ST00252" HPOS="668" VPOS="1619" WIDTH="159" HEIGHT="31" CONTENT="Nebenbei" WC="0.99" CC="05000061"/>
						<SP ID="P50_SP00222" HPOS="827" VPOS="1662" WIDTH="26"/>
						<String ID="P50_ST00253" HPOS="853" VPOS="1618" WIDTH="135" HEIGHT="31" CONTENT="schaffen" WC="0.99" CC="00626407"/>
						<SP ID="P50_SP00223" HPOS="988" VPOS="1662" WIDTH="26"/>
						<String ID="P50_ST00254" HPOS="1014" VPOS="1617" WIDTH="82" HEIGHT="30" CONTENT="diese" WC="1.00" CC="00002"/>
						<SP ID="P50_SP00224" HPOS="1096" VPOS="1662" WIDTH="27"/>
						<String ID="P50_ST00255" HPOS="1123" VPOS="1614" WIDTH="233" HEIGHT="39" CONTENT="Erwerbungen" WC="0.99" CC="31004777007"/>
						<SP ID="P50_SP00225" HPOS="1356" VPOS="1662" WIDTH="29"/>
						<String ID="P50_ST00256" HPOS="1385" VPOS="1614" WIDTH="68" HEIGHT="30" CONTENT="dem" WC="1.00" CC="000"/>
					</TextLine>
					<TextLine ID="P50_TL00032" HPOS="271" VPOS="1659" WIDTH="1183" HEIGHT="50">
						<String ID="P50_ST00257" HPOS="271" VPOS="1669" WIDTH="129" HEIGHT="40" CONTENT="Bürger," WC="0.99" CC="5070040"/>
						<SP ID="P50_SP00226" HPOS="400" VPOS="1709" WIDTH="21"/>
						<String ID="P50_ST00258" HPOS="421" VPOS="1668" WIDTH="87" HEIGHT="30" CONTENT="solch" WC="0.98" CC="02705"/>
						<SP ID="P50_SP00227" HPOS="508" VPOS="1709" WIDTH="22"/>
						<String ID="P50_ST00259" HPOS="530" VPOS="1667" WIDTH="82" HEIGHT="30" CONTENT="eines" WC="1.00" CC="00000"/>
						<SP ID="P50_SP00228" HPOS="612" VPOS="1709" WIDTH="19"/>
						<String ID="P50_ST00260" HPOS="631" VPOS="1665" WIDTH="280" HEIGHT="38" CONTENT="uneigennützigen" WC="0.99" CC="700201060003944"/>
						<SP ID="P50_SP00229" HPOS="911" VPOS="1709" WIDTH="20"/>
						<String ID="P50_ST00261" HPOS="931" VPOS="1663" WIDTH="160" HEIGHT="30" CONTENT="Handelns" WC="0.99" CC="50700600"/>
						<SP ID="P50_SP00230" HPOS="1091" VPOS="1709" WIDTH="20"/>
						<String ID="P50_ST00262" HPOS="1111" VPOS="1671" WIDTH="119" HEIGHT="29" CONTENT="wegen," WC="0.99" CC="040300"/>
						<SP ID="P50_SP00231" HPOS="1230" VPOS="1709" WIDTH="23"/>
						<String ID="P50_ST00263" HPOS="1253" VPOS="1661" WIDTH="78" HEIGHT="30" CONTENT="allen" WC="0.97" CC="16436"/>
						<SP ID="P50_SP00232" HPOS="1331" VPOS="1709" WIDTH="21"/>
						<String ID="P50_ST00264" HPOS="1352" VPOS="1659" WIDTH="102" HEIGHT="31" CONTENT="Glanz" WC="0.98" CC="56500"/>
					</TextLine>
					<TextLine ID="P50_TL00033" HPOS="271" VPOS="1707" WIDTH="1183" HEIGHT="41">
						<String ID="P50_ST00265" HPOS="271" VPOS="1716" WIDTH="64" HEIGHT="31" CONTENT="und" WC="0.95" CC="760"/>
						<SP ID="P50_SP00233" HPOS="335" VPOS="1747" WIDTH="21"/>
						<String ID="P50_ST00266" HPOS="356" VPOS="1715" WIDTH="100" HEIGHT="32" CONTENT="Ruhm" WC="0.99" CC="0600"/>
						<SP ID="P50_SP00234" HPOS="456" VPOS="1747" WIDTH="22"/>
						<String ID="P50_ST00267" HPOS="478" VPOS="1715" WIDTH="82" HEIGHT="29" CONTENT="eines" WC="0.99" CC="10700"/>
						<SP ID="P50_SP00235" HPOS="560" VPOS="1747" WIDTH="23"/>
						<String ID="P50_ST00268" HPOS="583" VPOS="1713" WIDTH="111" HEIGHT="31" CONTENT="Kunst-" WC="0.98" CC="070054"/>
						<SP ID="P50_SP00236" HPOS="694" VPOS="1747" WIDTH="24"/>
						<String ID="P50_ST00269" HPOS="718" VPOS="1711" WIDTH="63" HEIGHT="30" CONTENT="und" WC="0.95" CC="770"/>
						<SP ID="P50_SP00237" HPOS="781" VPOS="1747" WIDTH="24"/>
						<String ID="P50_ST00270" HPOS="805" VPOS="1710" WIDTH="58" HEIGHT="31" CONTENT="den" WC="0.96" CC="056"/>
						<SP ID="P50_SP00238" HPOS="863" VPOS="1747" WIDTH="22"/>
						<String ID="P50_ST00271" HPOS="885" VPOS="1710" WIDTH="88" HEIGHT="38" CONTENT="Rang" WC="0.98" CC="0470"/>
						<SP ID="P50_SP00239" HPOS="973" VPOS="1748" WIDTH="23"/>
						<String ID="P50_ST00272" HPOS="996" VPOS="1708" WIDTH="64" HEIGHT="31" CONTENT="und" WC="0.97" CC="600"/>
						<SP ID="P50_SP00240" HPOS="1060" VPOS="1748" WIDTH="22"/>
						<String ID="P50_ST00273" HPOS="1082" VPOS="1708" WIDTH="48" HEIGHT="31" CONTENT="die" WC="0.98" CC="031"/>
						<SP ID="P50_SP00241" HPOS="1130" VPOS="1748" WIDTH="20"/>
						<String ID="P50_ST00274" HPOS="1150" VPOS="1707" WIDTH="105" HEIGHT="31" CONTENT="Warte" WC="0.99" CC="00602"/>
						<SP ID="P50_SP00242" HPOS="1255" VPOS="1748" WIDTH="22"/>
						<String ID="P50_ST00275" HPOS="1277" VPOS="1707" WIDTH="83" HEIGHT="29" CONTENT="eines" WC="0.98" CC="50026"/>
						<SP ID="P50_SP00243" HPOS="1360" VPOS="1748" WIDTH="22"/>
						<String ID="P50_ST00276" HPOS="1382" VPOS="1707" WIDTH="58" HEIGHT="29" CONTENT="erst" SUBS_TYPE="HypPart1" SUBS_CONTENT="erstklassigen" WC="0.98" CC="4600"/>
						<HYP HPOS="1440" VPOS="1707" WIDTH="14" CONTENT="-"/>
					</TextLine>
					<TextLine ID="P50_TL00034" HPOS="271" VPOS="1753" WIDTH="1183" HEIGHT="48">
						<String ID="P50_ST00277" HPOS="271" VPOS="1762" WIDTH="152" HEIGHT="39" CONTENT="klassigen" SUBS_TYPE="HypPart2" SUBS_CONTENT="erstklassigen" WC="0.99" CC="360000007"/>
						<SP ID="P50_SP00244" HPOS="423" VPOS="1801" WIDTH="19"/>
						<String ID="P50_ST00278" HPOS="442" VPOS="1759" WIDTH="275" HEIGHT="39" CONTENT="Kulturförderers," WC="0.99" CC="0650617060060401"/>
						<SP ID="P50_SP00245" HPOS="717" VPOS="1801" WIDTH="18"/>
						<String ID="P50_ST00279" HPOS="735" VPOS="1767" WIDTH="62" HEIGHT="22" CONTENT="von" WC="0.96" CC="037"/>
						<SP ID="P50_SP00246" HPOS="797" VPOS="1801" WIDTH="17"/>
						<String ID="P50_ST00280" HPOS="814" VPOS="1767" WIDTH="54" HEIGHT="21" CONTENT="wo" WC="0.76" CC="04"/>
						<SP ID="P50_SP00247" HPOS="868" VPOS="1801" WIDTH="18"/>
						<String ID="P50_ST00281" HPOS="886" VPOS="1766" WIDTH="57" HEIGHT="21" CONTENT="aus" WC="0.97" CC="070"/>
						<SP ID="P50_SP00248" HPOS="943" VPOS="1801" WIDTH="16"/>
						<String ID="P50_ST00282" HPOS="959" VPOS="1765" WIDTH="71" HEIGHT="22" CONTENT="man" WC="0.98" CC="005"/>
						<SP ID="P50_SP00249" HPOS="1030" VPOS="1801" WIDTH="19"/>
						<String ID="P50_ST00283" HPOS="1049" VPOS="1755" WIDTH="50" HEIGHT="32" CONTENT="auf" WC="0.95" CC="075"/>
						<SP ID="P50_SP00250" HPOS="1099" VPOS="1801" WIDTH="19"/>
						<String ID="P50_ST00284" HPOS="1118" VPOS="1755" WIDTH="58" HEIGHT="31" CONTENT="den" WC="0.97" CC="007"/>
						<SP ID="P50_SP00251" HPOS="1176" VPOS="1801" WIDTH="18"/>
						<String ID="P50_ST00285" HPOS="1194" VPOS="1764" WIDTH="60" HEIGHT="21" CONTENT="nur" WC="0.96" CC="074"/>
						<SP ID="P50_SP00252" HPOS="1254" VPOS="1801" WIDTH="18"/>
						<String ID="P50_ST00286" HPOS="1272" VPOS="1753" WIDTH="182" HEIGHT="40" CONTENT="produktive" WC="0.99" CC="0640600204"/>
					</TextLine>
					<TextLine ID="P50_TL00035" HPOS="271" VPOS="1799" WIDTH="1183" HEIGHT="47">
						<String ID="P50_ST00287" HPOS="271" VPOS="1808" WIDTH="108" HEIGHT="31" CONTENT="Arbeit" WC="0.98" CC="046053"/>
						<SP ID="P50_SP00253" HPOS="379" VPOS="1839" WIDTH="23"/>
						<String ID="P50_ST00288" HPOS="402" VPOS="1806" WIDTH="167" HEIGHT="32" CONTENT="leistenden" WC="0.99" CC="7000005006"/>
						<SP ID="P50_SP00254" HPOS="569" VPOS="1839" WIDTH="24"/>
						<String ID="P50_ST00289" HPOS="593" VPOS="1805" WIDTH="137" HEIGHT="41" CONTENT="„Pöbel“" WC="1.00" CC="0000060"/>
						<SP ID="P50_SP00255" HPOS="730" VPOS="1846" WIDTH="24"/>
						<String ID="P50_ST00290" HPOS="754" VPOS="1806" WIDTH="55" HEIGHT="30" CONTENT="mit" WC="0.98" CC="040"/>
						<SP ID="P50_SP00256" HPOS="809" VPOS="1846" WIDTH="23"/>
						<String ID="P50_ST00291" HPOS="832" VPOS="1803" WIDTH="203" HEIGHT="39" CONTENT="geschürzten" WC="1.00" CC="00017040110"/>
						<SP ID="P50_SP00257" HPOS="1035" VPOS="1846" WIDTH="26"/>
						<String ID="P50_ST00292" HPOS="1061" VPOS="1802" WIDTH="117" HEIGHT="39" CONTENT="Lippen" WC="0.99" CC="000006"/>
						<SP ID="P50_SP00258" HPOS="1178" VPOS="1846" WIDTH="27"/>
						<String ID="P50_ST00293" HPOS="1205" VPOS="1801" WIDTH="58" HEIGHT="30" CONTENT="den" WC="1.00" CC="000"/>
						<SP ID="P50_SP00259" HPOS="1263" VPOS="1846" WIDTH="26"/>
						<String ID="P50_ST00294" HPOS="1289" VPOS="1799" WIDTH="165" HEIGHT="31" CONTENT="Tabaksaft" WC="0.99" CC="007000070"/>
					</TextLine>
					<TextLine ID="P50_TL00036" HPOS="271" VPOS="1846" WIDTH="1182" HEIGHT="45">
						<String ID="P50_ST00295" HPOS="271" VPOS="1855" WIDTH="53" HEIGHT="31" CONTENT="der" WC="0.98" CC="005"/>
						<SP ID="P50_SP00260" HPOS="324" VPOS="1886" WIDTH="22"/>
						<String ID="P50_ST00296" HPOS="346" VPOS="1854" WIDTH="155" HEIGHT="31" CONTENT="zwischen" WC="0.99" CC="00001607"/>
						<SP ID="P50_SP00261" HPOS="501" VPOS="1886" WIDTH="22"/>
						<String ID="P50_ST00297" HPOS="523" VPOS="1851" WIDTH="234" HEIGHT="40" CONTENT="Goldplomben" WC="0.99" CC="40300500606"/>
						<SP ID="P50_SP00262" HPOS="757" VPOS="1891" WIDTH="23"/>
						<String ID="P50_ST00298" HPOS="780" VPOS="1850" WIDTH="162" HEIGHT="31" CONTENT="zerkauten" WC="0.99" CC="005005705"/>
						<SP ID="P50_SP00263" HPOS="942" VPOS="1891" WIDTH="22"/>
						<String ID="P50_ST00299" HPOS="964" VPOS="1849" WIDTH="153" HEIGHT="30" CONTENT="Havanna" WC="0.99" CC="4000770"/>
						<SP ID="P50_SP00264" HPOS="1117" VPOS="1891" WIDTH="22"/>
						<String ID="P50_ST00300" HPOS="1139" VPOS="1847" WIDTH="201" HEIGHT="38" CONTENT="herabspeien" WC="0.99" CC="50607000006"/>
						<SP ID="P50_SP00265" HPOS="1340" VPOS="1891" WIDTH="22"/>
						<String ID="P50_ST00301" HPOS="1362" VPOS="1846" WIDTH="91" HEIGHT="29" CONTENT="kann." WC="1.00" CC="00003"/>
					</TextLine>
					<TextLine ID="P50_TL00037" HPOS="270" VPOS="1891" WIDTH="1184" HEIGHT="49">
						<String ID="P50_ST00302" HPOS="270" VPOS="1901" WIDTH="48" HEIGHT="39" CONTENT="Ja," WC="0.98" CC="032"/>
						<SP ID="P50_SP00266" HPOS="318" VPOS="1940" WIDTH="17"/>
						<String ID="P50_ST00303" HPOS="335" VPOS="1901" WIDTH="40" HEIGHT="39" CONTENT="ja," WC="0.96" CC="604"/>
						<SP ID="P50_SP00267" HPOS="375" VPOS="1940" WIDTH="18"/>
						<String ID="P50_ST00304" HPOS="393" VPOS="1900" WIDTH="58" HEIGHT="30" CONTENT="den" WC="0.97" CC="007"/>
						<SP ID="P50_SP00268" HPOS="451" VPOS="1940" WIDTH="19"/>
						<String ID="P50_ST00305" HPOS="470" VPOS="1901" WIDTH="94" HEIGHT="37" CONTENT="guten" WC="0.99" CC="06310"/>
						<SP ID="P50_SP00269" HPOS="564" VPOS="1940" WIDTH="17"/>
						<String ID="P50_ST00306" HPOS="581" VPOS="1898" WIDTH="173" HEIGHT="31" CONTENT="verfetteten" WC="1.00" CC="00040700000"/>
						<SP ID="P50_SP00270" HPOS="754" VPOS="1940" WIDTH="19"/>
						<String ID="P50_ST00307" HPOS="773" VPOS="1895" WIDTH="226" HEIGHT="39" CONTENT="Bürgerbuckel" WC="0.99" CC="304006070046"/>
						<SP ID="P50_SP00271" HPOS="999" VPOS="1940" WIDTH="19"/>
						<String ID="P50_ST00308" HPOS="1018" VPOS="1894" WIDTH="118" HEIGHT="31" CONTENT="rutscht" WC="0.98" CC="7400055"/>
						<SP ID="P50_SP00272" HPOS="1136" VPOS="1940" WIDTH="19"/>
						<String ID="P50_ST00309" HPOS="1155" VPOS="1893" WIDTH="134" HEIGHT="31" CONTENT="Schauer" WC="0.99" CC="0050706"/>
						<SP ID="P50_SP00273" HPOS="1289" VPOS="1940" WIDTH="19"/>
						<String ID="P50_ST00310" HPOS="1308" VPOS="1892" WIDTH="54" HEIGHT="31" CONTENT="der" WC="0.97" CC="034"/>
						<SP ID="P50_SP00274" HPOS="1362" VPOS="1940" WIDTH="18"/>
						<String ID="P50_ST00311" HPOS="1380" VPOS="1891" WIDTH="56" HEIGHT="31" CONTENT="Ehr" SUBS_TYPE="HypPart1" SUBS_CONTENT="Ehrfurcht" WC="0.96" CC="066"/>
						<HYP HPOS="1436" VPOS="1891" WIDTH="18" CONTENT="-"/>
					</TextLine>
					<TextLine ID="P50_TL00038" HPOS="270" VPOS="1938" WIDTH="1184" HEIGHT="39">
						<String ID="P50_ST00312" HPOS="270" VPOS="1947" WIDTH="101" HEIGHT="30" CONTENT="furcht" SUBS_TYPE="HypPart2" SUBS_CONTENT="Ehrfurcht" WC="0.98" CC="773420"/>
						<SP ID="P50_SP00275" HPOS="371" VPOS="1977" WIDTH="23"/>
						<String ID="P50_ST00313" HPOS="394" VPOS="1945" WIDTH="76" HEIGHT="31" CONTENT="über" WC="0.97" CC="0633"/>
						<SP ID="P50_SP00276" HPOS="470" VPOS="1977" WIDTH="22"/>
						<String ID="P50_ST00314" HPOS="492" VPOS="1945" WIDTH="58" HEIGHT="30" CONTENT="den" WC="0.98" CC="006"/>
						<SP ID="P50_SP00277" HPOS="550" VPOS="1977" WIDTH="22"/>
						<String ID="P50_ST00315" HPOS="572" VPOS="1944" WIDTH="234" HEIGHT="31" CONTENT="verschwitzten" WC="1.00" CC="0050050550000"/>
						<SP ID="P50_SP00278" HPOS="806" VPOS="1977" WIDTH="24"/>
						<String ID="P50_ST00316" HPOS="830" VPOS="1942" WIDTH="99" HEIGHT="31" CONTENT="Arsch" WC="0.98" CC="06005"/>
						<SP ID="P50_SP00279" HPOS="929" VPOS="1977" WIDTH="23"/>
						<String ID="P50_ST00317" HPOS="952" VPOS="1941" WIDTH="50" HEIGHT="31" CONTENT="bis" WC="0.97" CC="600"/>
						<SP ID="P50_SP00280" HPOS="1002" VPOS="1977" WIDTH="22"/>
						<String ID="P50_ST00318" HPOS="1024" VPOS="1950" WIDTH="40" HEIGHT="21" CONTENT="zu" WC="0.63" CC="07"/>
						<SP ID="P50_SP00281" HPOS="1064" VPOS="1977" WIDTH="25"/>
						<String ID="P50_ST00319" HPOS="1089" VPOS="1940" WIDTH="58" HEIGHT="31" CONTENT="den" WC="1.00" CC="000"/>
						<SP ID="P50_SP00282" HPOS="1147" VPOS="1977" WIDTH="24"/>
						<String ID="P50_ST00320" HPOS="1171" VPOS="1938" WIDTH="283" HEIGHT="32" CONTENT="dienstbeflissenen" WC="1.00" CC="00060600750005707"/>
					</TextLine>
					<TextLine ID="P50_TL00039" HPOS="271" VPOS="1983" WIDTH="1183" HEIGHT="47">
						<String ID="P50_ST00321" HPOS="271" VPOS="1992" WIDTH="214" HEIGHT="31" CONTENT="Fersenballen" WC="0.99" CC="555007006640"/>
						<SP ID="P50_SP00283" HPOS="485" VPOS="2023" WIDTH="21"/>
						<String ID="P50_ST00322" HPOS="506" VPOS="1990" WIDTH="105" HEIGHT="40" CONTENT="hinab," WC="0.99" CC="600002"/>
						<SP ID="P50_SP00284" HPOS="611" VPOS="2030" WIDTH="22"/>
						<String ID="P50_ST00323" HPOS="633" VPOS="1999" WIDTH="92" HEIGHT="22" CONTENT="wenn" WC="0.97" CC="0177"/>
						<SP ID="P50_SP00285" HPOS="725" VPOS="2030" WIDTH="21"/>
						<String ID="P50_ST00324" HPOS="746" VPOS="1989" WIDTH="64" HEIGHT="31" CONTENT="ihm" WC="0.97" CC="060"/>
						<SP ID="P50_SP00286" HPOS="810" VPOS="2030" WIDTH="23"/>
						<String ID="P50_ST00325" HPOS="833" VPOS="1990" WIDTH="47" HEIGHT="30" CONTENT="ein" WC="0.98" CC="040"/>
						<SP ID="P50_SP00287" HPOS="880" VPOS="2030" WIDTH="22"/>
						<String ID="P50_ST00326" HPOS="902" VPOS="1989" WIDTH="162" HEIGHT="37" CONTENT="günstiges" WC="1.00" CC="007003002"/>
						<SP ID="P50_SP00288" HPOS="1064" VPOS="2030" WIDTH="22"/>
						<String ID="P50_ST00327" HPOS="1086" VPOS="1985" WIDTH="153" HEIGHT="32" CONTENT="Schicksal" WC="1.00" CC="000000005"/>
						<SP ID="P50_SP00289" HPOS="1239" VPOS="2030" WIDTH="22"/>
						<String ID="P50_ST00328" HPOS="1261" VPOS="1983" WIDTH="193" HEIGHT="40" CONTENT="ermöglicht," WC="1.00" CC="03000601012"/>
					</TextLine>
					<TextLine ID="P50_TL00040" HPOS="271" VPOS="2030" WIDTH="1183" HEIGHT="43">
						<String ID="P50_ST00329" HPOS="271" VPOS="2049" WIDTH="26" HEIGHT="21" CONTENT="z." WC="0.79" CC="04"/>
						<SP ID="P50_SP00290" HPOS="297" VPOS="2070" WIDTH="23"/>
						<String ID="P50_ST00330" HPOS="320" VPOS="2039" WIDTH="35" HEIGHT="30" CONTENT="B." WC="0.86" CC="20"/>
						<SP ID="P50_SP00291" HPOS="355" VPOS="2070" WIDTH="21"/>
						<String ID="P50_ST00331" HPOS="376" VPOS="2048" WIDTH="51" HEIGHT="20" CONTENT="um" WC="0.53" CC="72"/>
						<SP ID="P50_SP00292" HPOS="427" VPOS="2070" WIDTH="20"/>
						<String ID="P50_ST00332" HPOS="447" VPOS="2047" WIDTH="59" HEIGHT="21" CONTENT="nur" WC="0.95" CC="770"/>
						<SP ID="P50_SP00293" HPOS="506" VPOS="2070" WIDTH="19"/>
						<String ID="P50_ST00333" HPOS="525" VPOS="2037" WIDTH="87" HEIGHT="30" CONTENT="einen" WC="0.98" CC="02707"/>
						<SP ID="P50_SP00294" HPOS="612" VPOS="2070" WIDTH="20"/>
						<String ID="P50_ST00334" HPOS="632" VPOS="2046" WIDTH="62" HEIGHT="21" CONTENT="von" WC="0.96" CC="036"/>
						<SP ID="P50_SP00295" HPOS="694" VPOS="2070" WIDTH="20"/>
						<String ID="P50_ST00335" HPOS="714" VPOS="2035" WIDTH="97" HEIGHT="31" CONTENT="vielen" WC="0.99" CC="063500"/>
						<SP ID="P50_SP00296" HPOS="811" VPOS="2070" WIDTH="20"/>
						<String ID="P50_ST00336" HPOS="831" VPOS="2044" WIDTH="39" HEIGHT="21" CONTENT="zu" WC="0.56" CC="17"/>
						<SP ID="P50_SP00297" HPOS="870" VPOS="2070" WIDTH="21"/>
						<String ID="P50_ST00337" HPOS="891" VPOS="2043" WIDTH="130" HEIGHT="30" CONTENT="nennen," WC="0.98" CC="6565071"/>
						<SP ID="P50_SP00298" HPOS="1021" VPOS="2073" WIDTH="21"/>
						<String ID="P50_ST00338" HPOS="1042" VPOS="2034" WIDTH="58" HEIGHT="30" CONTENT="den" WC="0.96" CC="027"/>
						<SP ID="P50_SP00299" HPOS="1100" VPOS="2073" WIDTH="21"/>
						<String ID="P50_ST00339" HPOS="1121" VPOS="2032" WIDTH="102" HEIGHT="31" CONTENT="Palast" WC="1.00" CC="003000"/>
						<SP ID="P50_SP00300" HPOS="1223" VPOS="2073" WIDTH="21"/>
						<String ID="P50_ST00340" HPOS="1244" VPOS="2031" WIDTH="54" HEIGHT="31" CONTENT="des" WC="0.99" CC="030"/>
						<SP ID="P50_SP00301" HPOS="1298" VPOS="2073" WIDTH="20"/>
						<String ID="P50_ST00341" HPOS="1318" VPOS="2030" WIDTH="136" HEIGHT="31" CONTENT="Berliner" WC="0.99" CC="43640023"/>
					</TextLine>
					<TextLine ID="P50_TL00041" HPOS="275" VPOS="2075" WIDTH="1178" HEIGHT="45">
						<String ID="P50_ST00342" HPOS="275" VPOS="2085" WIDTH="174" HEIGHT="30" CONTENT="Millionärs" WC="0.99" CC="0333600300"/>
						<SP ID="P50_SP00302" HPOS="449" VPOS="2115" WIDTH="32"/>
						<String ID="P50_ST00343" HPOS="481" VPOS="2081" WIDTH="389" HEIGHT="39" CONTENT="Mendelsohn-Bartholdy" WC="0.71" CC="00600604264506023602"/>
						<SP ID="P50_SP00303" HPOS="870" VPOS="2120" WIDTH="31"/>
						<String ID="P50_ST00344" HPOS="901" VPOS="2081" WIDTH="134" HEIGHT="30" CONTENT="betreten" WC="1.00" CC="30500000"/>
						<SP ID="P50_SP00304" HPOS="1035" VPOS="2120" WIDTH="30"/>
						<String ID="P50_ST00345" HPOS="1065" VPOS="2089" WIDTH="40" HEIGHT="21" CONTENT="zu" WC="0.64" CC="07"/>
						<SP ID="P50_SP00305" HPOS="1105" VPOS="2120" WIDTH="31"/>
						<String ID="P50_ST00346" HPOS="1136" VPOS="2079" WIDTH="108" HEIGHT="30" CONTENT="dürfen" WC="0.98" CC="005607"/>
						<SP ID="P50_SP00306" HPOS="1244" VPOS="2120" WIDTH="30"/>
						<String ID="P50_ST00347" HPOS="1274" VPOS="2077" WIDTH="66" HEIGHT="31" CONTENT="und" WC="0.97" CC="600"/>
						<SP ID="P50_SP00307" HPOS="1340" VPOS="2120" WIDTH="29"/>
						<String ID="P50_ST00348" HPOS="1369" VPOS="2075" WIDTH="84" HEIGHT="32" CONTENT="dann" WC="0.99" CC="0006"/>
					</TextLine>
				</TextBlock>
			</PrintSpace>
		</Page>
	</Layout>
</alto>
