1615 2540
1346 2139 47 61 47

958 1964 140 29 Franz
1129 1961 172 32 Schulz

178 244 64 31 Für
270 242 59 30 den
359 241 140 31 Arbeiter
529 242 39 30 ist
597 240 268 39 Arbeitslosigkeit
894 240 48 30 ein
973 240 224 38 Provisorium,
1226 239 50 31 für
1304 239 59 30 den

181 290 121 37 Bürger
320 288 44 31 oft
384 289 48 30 ein
452 287 209 32 Definitivum.
741 287 66 30 Das
826 296 57 21 zur
904 286 69 31 Idee
994 286 53 30 des
1068 285 237 39 Bürgerstreiks.

264 334 156 31 Praktisch
447 334 82 30 wird
555 333 54 31 der
636 333 234 31 Arbeits-Streik
896 332 54 31 des
978 333 137 38 Bürgers
1143 341 60 21 nur
1230 330 137 39 möglich

268 381 26 31 1.
328 380 97 31 durch
452 379 51 32 die
529 388 206 30 erzwungene
762 378 202 31 Arbeitsruhe
1002 378 55 31 der
1093 387 62 22 von
1196 377 58 30 den
1294 377 57 30 Bür-

325 435 77 30 gern
421 426 197 39 abhängigen
691 425 251 38 arbeitswilligen
960 425 192 31 Proletarier.

265 473 28 30 2.
328 473 97 30 durch
444 472 59 31 den
522 472 96 31 Streik
637 473 82 30 eines
736 472 134 31 anderen
889 472 80 30 Teils
989 471 100 30 dieser
1107 470 193 38 Proletarier,
1321 468 48 32 die

327 519 248 31 mißverstehend
606 519 50 30 die
684 517 212 40 bourgeoisen
927 518 169 30 Interessen
1126 519 160 36 vertreten,
1319 515 45 32 als

325 567 105 28 wären
452 574 32 22 es
502 564 66 32 ihre
589 566 119 38 eignen.

266 611 157 31 Während
440 611 74 31 aber
532 612 48 30 die
597 610 141 31 Arbeiter
755 612 89 29 unter
861 610 98 39 jedem
977 609 96 31 Streik
1091 609 110 38 leiden,
1218 608 82 31 wird
1317 607 53 30 der

184 658 106 31 wahre
312 658 129 38 Bürger,
462 659 54 29 mit
537 657 88 31 allem
646 656 231 38 Notwendigen
900 656 135 38 gerüstet
1056 655 65 30 und
1140 664 64 21 von
1226 654 55 30 der
1302 653 52 30 Mit-

183 704 72 30 welt
275 703 212 40 unabhängig,
509 703 66 30 hier
607 704 59 29 wie
688 702 118 31 überall
828 701 50 31 auf
901 701 68 30 dem
992 700 108 31 Boden
1123 700 55 31 der
1199 700 170 29 Tatsachen

185 749 149 31 Edelobst
354 748 140 32 züchten.

690 806 175 40 Epilog.

270 866 55 31 Als
348 867 151 29 Untertan
524 865 257 38 entschlummert,
804 873 68 21 war
896 863 53 31 der
971 864 120 37 Bürger
1115 864 82 30 eines
1221 862 152 39 Morgens

187 913 46 30 als
248 912 89 31 freier
353 912 98 31 Mann
467 911 144 32 erwacht.
649 911 41 30 Er
705 911 68 38 fügt
786 910 67 31 sich
869 911 32 29 in
917 910 49 30 die
982 919 77 21 neue
1075 908 96 40 Rolle,
1187 908 100 39 gleich
1305 908 67 30 dem

187 959 210 32 Kesselflicker
415 958 112 31 Schlau
544 959 32 29 in
595 957 223 38 Shakespeares
835 955 163 40 Lustspiel,
1020 955 54 31 der
1091 955 84 31 seine
1193 955 41 30 im
1253 955 120 31 Rausch

187 1013 173 30 errungene
379 1003 183 32 Lordschaft
583 1012 94 30 gerne
698 1003 179 38 akzeptiert:

270 1055 79 38 „Bin
370 1053 48 31 ich
441 1053 48 29 ein
510 1051 107 31 Lord?
658 1050 75 31 Und
754 1049 71 31 hab’
848 1049 49 31 ich
918 1048 105 31 solche
1046 1048 104 30 Frau?

271 1101 124 30 Träum’
414 1098 73 31 ich?
504 1098 80 39 sagt,
604 1096 75 32 oder
697 1098 131 29 träumte
846 1096 60 30 mir
924 1095 48 30 bis
992 1094 94 39 jetzt?

272 1147 51 30 Ich
343 1145 114 31 schlafe
477 1144 93 39 nicht,
592 1144 48 30 ich
661 1143 64 39 seh,
746 1143 48 30 ich
816 1141 68 39 hör,
906 1141 48 30 ich
974 1140 137 39 spreche,

272 1192 51 31 Ich
345 1191 100 31 rieche
466 1190 79 39 Luft,
568 1190 48 30 ich
638 1188 83 31 fühle
741 1188 130 30 weiches
892 1187 112 38 Lager:

272 1239 52 29 Bei
343 1238 114 30 meiner
476 1235 85 40 Seel’,
580 1235 48 31 ich
647 1235 53 30 bin
720 1235 48 30 ein
787 1233 85 31 Lord
889 1231 198 40 wahrhaftig,

273 1284 78 32 Kein
372 1282 220 39 Kesselflicker,
613 1281 81 31 noch
715 1280 158 30 Christian
896 1279 122 38 Schlau,

273 1329 146 40 Wohlan,
441 1337 38 22 so
499 1328 107 38 bringt
627 1328 59 29 mir
706 1327 99 29 meine
827 1325 81 30 Frau
929 1334 59 21 vor
1009 1324 122 38 Augen,

273 1376 75 32 Und
373 1375 177 31 nochmals:
575 1375 88 29 einen
689 1373 88 38 Krug
802 1382 72 20 vom
901 1371 153 30 dünnsten
1080 1369 105 32 Bier!“

275 1453 7 7 .
306 1453 7 7 .
338 1453 6 6 .
368 1429 90 29 Doch
473 1437 66 21 was
555 1427 78 30 auch
649 1425 165 40 geschehn,
828 1425 61 30 wie
903 1423 160 31 furchtbar
1079 1422 49 31 die
1143 1420 135 32 Zukunft
1294 1420 64 30 Men-

191 1476 94 31 schen
309 1476 64 30 und
399 1473 171 32 Schicksale
594 1471 246 32 durcheinander
862 1470 176 30 schmeißen
1063 1477 82 30 mag,
1171 1467 54 31 der
1251 1467 128 38 Bürger,

194 1522 55 31 der
265 1522 129 38 Bürger,
410 1521 55 30 der
480 1518 266 39 unverwüstliche,
762 1516 81 32 wird
859 1517 108 30 immer
982 1515 116 31 wieder
1114 1514 51 31 auf
1181 1513 68 30 dem
1267 1514 97 37 ertrag-

194 1568 121 31 reichen
338 1567 108 30 Boden
469 1566 54 30 der
545 1564 171 32 Tatsachen
738 1572 40 22 zu
799 1563 88 30 stehn
908 1562 152 30 kommen.
1146 1559 74 32 Und
1240 1559 67 31 läßt
1328 1563 53 25 der

194 1615 90 39 Herr,
306 1615 59 29 wie
388 1613 51 30 auf
463 1611 117 31 Sodom
604 1610 64 31 und
691 1609 167 39 Gomorra,
882 1608 148 31 Schwefel
1053 1606 65 31 und
1141 1606 98 31 Feuer
1260 1606 51 30 auf
1334 1603 47 31 die

195 1661 81 30 Erde
301 1669 125 30 regnen,
452 1659 54 30 der
530 1658 121 37 Bürger
675 1656 129 31 erfindet
828 1656 87 29 einen
941 1653 223 31 feuersicheren
1190 1653 189 30 Unterstand

196 1707 64 30 und
277 1715 92 22 wenn
388 1705 56 31 das
461 1704 194 38 Ungewitter
673 1702 107 31 vorbei
799 1703 48 38 ist,
865 1700 134 39 gründet
1017 1709 32 21 er
1068 1700 65 30 eine
1152 1697 213 32 Schwefel-Ver-

195 1751 264 39 wertungs-A.-G.
479 1751 57 39 (Im
553 1749 266 38 Verwaltungsrat
837 1749 70 29 sitzt
926 1747 55 30 Dr.
1000 1745 182 38 Rathenau).
1278 1743 104 31 Stürzt

197 1800 75 30 aber
298 1799 54 30 der
377 1798 80 30 Herr
484 1797 55 30 das
566 1796 133 38 sündige
726 1796 127 36 Europa
879 1795 31 28 in
937 1793 58 30 den
1022 1792 118 31 tiefsten
1167 1789 137 32 Schlund
1329 1789 54 30 des

197 1844 116 41 Hades,
383 1845 54 30 mit
460 1844 54 30 der
537 1843 138 30 übelsten
699 1842 131 37 Gruppe
853 1841 55 29 der
930 1839 104 31 Teufel
1050 1837 156 31 schließen
1225 1834 158 32 Friedrich

197 1894 184 32 Naumanns
401 1892 163 40 Epigonen
584 1893 66 30 eine
670 1890 121 31 Allianz
812 1891 88 29 unter
920 1888 68 31 dem
1008 1887 121 30 Namen
1149 1884 234 41 „Mittelhölle“.
