1617 2540
379 407 27 18 99
418 384 108 35 DER
562 385 271 36 GEGNER“
862 390 154 30 erscheint
1038 392 181 31 monatlich.

253 459 62 31 Für
322 459 61 32 den
395 463 164 37 gesamten
567 461 100 31 Inhalt
673 464 261 30 verantwortlich:
945 464 108 31 Julian
1062 466 284 40 Giimperz,Bzx\m.

543 536 170 32 Sämtliche
727 538 194 31 Zuschriften
938 548 40 22 an
997 539 61 32 den

250 592 369 40 MALIK-VERLAG,
651 596 294 39 Berlin-Halensee,
976 599 292 32 Kurfürstendamm
1296 601 49 32 76.

249 667 120 26 Abdruck
388 676 46 17 nur
452 670 47 24 mit
517 676 126 25 genauer
660 670 232 33 Quellenangabe
910 672 52 25 und
980 680 86 26 gegen
1077 672 205 36 Uebersendung
1294 683 52 18 von

472 711 159 25 mindestens
649 713 65 24 zwei
732 712 246 33 Belegexemplaren
996 717 128 30 gestattet.

248 912 27 17 99
286 889 93 35 DIE
408 890 226 36 PLEITE“
663 895 154 31 erscheint
832 896 31 29 in
879 896 137 30 Zukunft
1030 897 31 30 in
1077 896 268 41 Verschmelzung

249 941 55 30 mit
326 940 72 32 dem
425 942 175 41 „Gegner“.
686 945 59 30 Die
768 945 354 40 Bezugsbedingungen
1149 947 54 31 der
1228 948 115 30 beiden

518 993 227 32 verbundenen
769 995 212 31 Zeitschriften
1004 996 71 31 sind

574 1060 21 31 ä
617 1061 56 33 Nr.
696 1060 57 40 (32
774 1061 47 40 S.)
846 1061 71 32 1.50
939 1063 79 37 Mk.,

359 1110 162 38 Halbjahr
543 1110 19 31 8
584 1111 78 37 Mk.,
685 1111 171 39 Ganzjahr
880 1111 37 31 15
940 1112 67 30 Mk.
1034 1113 74 31 excl.
1133 1113 102 32 Porto.

244 1300 59 31 Die
336 1304 101 27 ersten
470 1301 174 32 Nummern
682 1302 53 32 der
771 1303 130 36 „Pleite“
938 1303 74 31 sind
1047 1313 185 23 zusammen
1268 1315 72 21 zum

242 1350 105 31 Preise
374 1360 63 21 von
470 1352 17 30 5
515 1352 66 31 Mk.
615 1353 170 32 erhältlich.
832 1354 269 31 Probenummern
1133 1364 104 30 gegen
1266 1356 74 31 Ein-

609 1402 149 40 sendung
781 1404 56 30 des
858 1404 120 31 Portos.

246 1594 60 31 Mit
332 1595 216 40 vorliegender
574 1597 151 31 Nummer
752 1599 131 30 schließt
911 1599 55 30 der
992 1602 78 28 erste
1092 1599 163 41 Jahrgang
1280 1601 58 31 des

245 1644 178 40 „Gegner“.
454 1646 66 31 Das
534 1647 308 32 Inhaltsverzeichnis
864 1649 79 39 folgt
965 1649 32 30 in
1016 1649 52 32 Nr.
1089 1649 12 30 1
1127 1649 58 31 des
1207 1651 129 30 zweiten

242 1695 188 40 Jahrgangs.
503 1696 62 31 Der
580 1696 162 41 Jahrgang
761 1699 39 29 ist
815 1699 83 30 noch
915 1700 152 39 komplett
1082 1700 51 38 (12
1149 1700 187 42 Nummern)

324 1755 71 21 zum
419 1746 105 31 Preise
546 1755 63 23 von
637 1747 36 31 10
694 1748 90 30 Mark
812 1749 74 30 excl.
910 1749 94 31 Porto
1027 1758 38 22 zu
1088 1750 163 32 beziehen.

240 1936 60 32 Die
331 1937 225 32 Abonnenten
586 1940 135 30 werden
754 1940 156 39 gebeten,
944 1941 53 30 ihr
1025 1942 236 32 Abonnement
1291 1952 42 22 zu

237 1994 178 24 erneuern.
459 1988 120 40 Erfolgt
605 1989 91 31 keine
722 1989 238 40 Abbestellung,
988 1999 37 23 so
1053 1992 76 30 wird
1157 1993 56 30 mit
1238 1993 53 32 Nr.
1318 1994 11 30 1

237 2037 57 31 des
315 2037 31 31 11.
363 2037 105 40 Jahrg.
492 2039 54 30 der
561 2039 114 39 Betrag
696 2039 48 31 für
764 2041 56 30 das
839 2041 25 31 1.
882 2041 150 40 Halbjahr
1048 2043 285 38 nachgenommen.
