1621 2540
1347 2170 61 51 27

204 265 151 33 rationen,
376 263 153 31 zwischen
548 263 59 31 den
626 263 80 31 alten
727 263 353 31 Sozialrevolutionären
1101 261 200 37 (Narodniki)
1324 260 64 31 und

678 298 238 4 7

202 309 60 31 den
282 310 167 31 modernen
468 310 246 30 revolutionären
734 310 182 30 Marxisten.’

286 360 94 30 Lenin
402 360 93 30 nahm
528 360 95 31 selbst
656 369 38 22 an
728 360 67 30 dem
819 359 99 31 Leben
943 359 243 31 revolutionärer
1209 357 162 31 Studenten-

203 414 141 30 gruppen
362 406 59 40 teil,
442 406 73 31 aber
532 406 98 31 schon
648 415 39 22 zu
706 406 98 31 dieser
823 406 67 31 Zeit
907 406 91 30 stand
1016 414 33 23 er
1067 406 55 31 mit
1140 406 97 29 einem
1257 403 67 31 Fuß
1345 403 41 30 im

202 452 231 31 marxistischen
452 452 106 39 Lager.

287 503 161 38 Dennoch,
469 501 161 32 Wladimir
651 501 101 32 Ilitsch
774 501 82 31 blieb
876 503 55 30 mit
950 503 113 29 seinem
1084 510 121 29 ganzen
1226 501 141 37 Tempera-

203 551 82 29 ment
304 550 54 29 mit
376 549 83 38 jener
479 550 99 30 ersten
598 548 189 31 Generation
807 547 239 31 terroristischer
1065 547 238 31 Revolutionäre
1322 554 48 22 ver-

205 594 134 40 bunden,
359 595 97 30 dieser
473 594 193 38 glorreichen
683 593 245 39 Kämpferschar,
948 593 92 30 deren
1059 592 119 31 Namen
1197 592 89 31 heute
1304 591 81 31 noch

206 639 137 31 leuchten
364 641 59 29 wie
443 639 170 38 glitzernde
633 639 104 30 Sterne
816 639 71 29 weil
906 640 44 28 sie
971 638 69 30 Tod
1059 638 84 30 nicht
1162 637 146 30 brachten
1329 637 59 29 den

204 685 161 31 Freunden
389 686 53 30 des
463 686 104 38 Volks,
589 687 59 29 wie
669 695 32 20 es
722 685 89 29 heute
833 685 66 37 jene
921 684 233 37 unglücklichen
1176 683 123 31 Kretins
1322 685 64 35 tun,

206 731 50 31 die
271 733 65 29 sich
351 732 78 30 linke
444 731 333 31 Sozialrevolutionäre
792 739 131 29 nennen,
938 729 137 31 sondern
1094 729 57 30 den
1168 729 145 38 Feinden,
1330 728 58 31 den

205 778 143 30 Henkern
370 777 54 31 des
443 778 120 30 Volkes.
605 776 164 31 Wladimir
791 776 101 30 Ilitsch
912 776 40 30 ist
972 776 55 30 mit
1047 776 114 29 seinem
1184 775 71 31 Blut
1276 775 112 29 diesem

206 823 183 32 Geschlecht
407 833 62 22 von
489 822 166 39 Kämpfern
674 822 189 30 verbunden.
905 822 42 29 Er
965 823 40 29 ist
1024 822 54 31 mit
1098 821 92 30 ihnen
1211 820 177 31 verbunden

208 869 96 31 durch
331 871 104 29 seinen
463 868 120 31 Bruder
608 867 173 31 Alexander
808 867 102 31 Ilitsch
935 867 158 39 Uljanow,
1122 867 54 30 der
1203 868 47 28 ein
1277 867 113 29 aktives

209 915 142 39 Mitglied
372 915 53 30 der
447 915 99 30 Partei
567 913 183 39 Narodnaja
769 913 90 39 Volja
879 922 67 21 war
966 913 64 30 und
1051 912 54 31 der
1126 912 163 38 deswegen
1313 913 77 29 1887

206 971 63 21 von
292 961 53 31 der
367 961 199 30 zaristischen
590 961 175 37 Regierung
786 959 131 38 gehenkt
939 959 119 31 wurde.

289 1009 94 32 Lenin
400 1009 94 32 selbst
509 1018 67 22 war
592 1009 128 30 niemals
738 1008 143 39 Mitglied
898 1008 55 31 der
969 1008 183 39 Narodnaja
1169 1008 99 38 Volja.
1306 1006 86 31 Aber

209 1056 107 30 immer
330 1056 110 38 sprach
456 1065 31 21 er
502 1056 54 30 mit
571 1055 53 31 der
638 1055 134 38 größten
789 1055 229 38 Hochachtung
1031 1063 63 22 von
1111 1054 112 30 diesem
1240 1053 135 30 leuchten-

209 1100 59 32 den
285 1100 124 32 Gestirn
429 1110 49 21 am
497 1101 248 31 revolutionären
764 1100 142 40 Himmel,
926 1109 63 22 von
1009 1099 54 32 der
1082 1101 99 30 ersten
1200 1098 191 32 Generation

208 1147 56 31 der
277 1147 183 31 Narodniki.
497 1147 94 30 Lenin
607 1155 68 22 war
690 1147 136 38 niemals,
843 1146 96 31 selbst
955 1147 83 29 nicht
1054 1147 32 29 in
1103 1145 68 31 dem
1189 1145 203 38 Augenblick,

207 1202 54 21 wo
289 1194 82 30 seine
400 1193 144 30 bewußte
573 1193 161 38 politische
762 1193 186 37 Betätigung
976 1191 134 39 begann,
1140 1190 170 40 Anhänger
1339 1190 54 31 der

209 1239 349 30 Sozialrevolutionären
579 1238 162 31 Theorien.
785 1237 56 32 Als
861 1248 32 21 er
915 1238 59 30 den
995 1237 113 39 Kampf
1128 1246 99 30 gegen
1251 1237 49 30 die
1321 1236 55 31 Auf-

209 1283 129 40 fassung
362 1283 53 32 der
437 1284 184 31 Revolution
643 1284 133 40 begann,
798 1285 60 29 wie
880 1284 45 30 sie
948 1283 50 31 die
1020 1284 99 30 Partei
1145 1283 52 30 der
1219 1282 174 31 Narodniki

210 1332 122 37 vertrat,
348 1330 109 31 wurde
472 1331 65 29 sein
553 1330 100 31 Name
669 1330 149 30 breiteren
834 1329 127 32 Kreisen
977 1329 142 31 bekannt.
1158 1329 42 30 Er
1216 1328 96 31 stellte
1329 1328 65 31 sich

209 1375 211 31 entschlossen
442 1375 52 31 auf
515 1375 49 31 die
584 1375 79 31 Seite
685 1375 54 31 der
761 1374 126 39 Gegner
908 1375 262 38 Michailowskys.

294 1425 43 30 Im
356 1424 141 31 Verlaufe
516 1425 99 30 seines
634 1423 145 40 Kampfes
797 1433 100 30 gegen
918 1423 82 32 diese
1019 1423 192 39 Auffassung
1231 1423 54 32 der
1303 1423 76 32 Revo-

210 1470 99 32 lution
326 1479 133 30 gewann
476 1471 66 30 sein
560 1470 99 31 Name
675 1472 32 30 in
726 1470 53 31 der
796 1470 103 31 Arena
918 1470 54 31 der
989 1470 244 31 sozialistischen
1253 1469 145 31 Aktivität

211 1516 103 40 Klang
340 1517 64 30 und
431 1516 146 40 Geltung.
626 1516 85 32 Aber
745 1516 146 31 niemand
927 1516 96 31 lehrte
1059 1516 49 31 die
1134 1515 141 32 Arbeiter
1313 1515 86 30 mehr

210 1563 130 38 Respekt
355 1563 50 31 für
423 1563 82 30 diese
522 1565 99 29 ersten
638 1563 125 38 Gegner
779 1563 54 31 des
850 1563 159 30 Zarismus
1028 1562 64 30 und
1110 1562 115 31 achtete
1242 1563 44 29 sie
1303 1561 96 31 selbst

211 1608 98 31 höher
329 1609 44 30 als
394 1608 164 31 Wladimir
577 1608 113 31 Ilitsch.

915 310 32 37 ,*)

295 1712 28 32 *)
354 1711 50 25 Die
436 1711 156 30 Narodniki,
623 1711 41 25 die
695 1711 87 24 Partei
814 1711 44 24 des
891 1710 218 31 „Volkswillens“
1140 1711 118 24 entstand
1290 1710 25 24 in
1349 1710 48 25 den

211 1744 132 33 siebziger
363 1745 97 31 Jahren
481 1746 45 24 des
547 1744 179 25 neunzehnten
747 1743 192 32 Jahrhunderts
961 1744 38 25 als
1021 1743 41 25 ein
1083 1743 154 32 politischer
1259 1743 139 25 Ausdruck

212 1779 48 24 der
278 1779 166 24 furchtbaren
465 1777 227 32 Unterdrückung,
710 1777 98 25 welche
826 1777 47 25 das
893 1776 154 26 zaristische
1068 1777 105 31 Regime
1191 1777 65 25 über
1275 1777 46 25 das
1342 1784 42 18 rus-

211 1812 87 24 sische
319 1812 68 25 Volk
408 1811 113 25 brachte.
561 1810 50 26 Die
633 1810 241 32 Bauernbefreiung
904 1818 51 17 von
978 1811 63 24 1862
1064 1810 68 25 hatte
1154 1810 42 25 die
1226 1812 67 24 erste
1315 1810 84 32 große

214 1845 160 26 Generation
401 1844 149 26 russischer
577 1844 209 30 Revolutionäre,
815 1844 98 25 welche
940 1844 82 25 durch
1051 1844 42 25 die
1121 1843 101 26 Namen
1253 1844 146 25 Alexander

215 1879 102 25 Herzen
345 1878 53 25 und
425 1877 115 25 Michael
566 1878 119 24 Bakunin
712 1877 149 25 bezeichnet
888 1877 77 30 wird,
992 1877 44 25 auf
1062 1877 47 25 das
1137 1877 83 25 tiefste
1245 1877 154 25 enttäuscht.

213 1913 50 24 Die
293 1913 160 31 sogenannte
484 1910 200 32 Emanzipation
714 1911 48 25 der
790 1910 190 25 Bauernklasse
1010 1910 93 25 wurde
1132 1909 42 26 die
1204 1910 93 29 Quelle
1328 1910 72 25 ihrer

213 1946 101 25 tiefsten
343 1945 195 32 Erniedriguhg
564 1945 54 25 und
646 1944 71 26 ihrer
745 1945 160 24 schwersten
933 1944 194 26 Knechtschaft.
1172 1944 50 25 Die
1250 1944 151 32 ungeheure

213 1979 54 26 Not
288 1979 47 26 der
356 1978 151 26 russischen
528 1979 104 24 Bauern
655 1977 149 26 veranlaßte
825 1977 74 33 jenen
922 1977 110 26 zweiten
1055 1977 97 26 Anlauf
1173 1977 47 26 der
1244 1977 156 28 Revolution

214 2013 26 25 in
266 2013 128 29 Rußland,
418 2012 112 26 welcher
554 2011 144 33 eingeleitet
723 2011 69 26 wird
817 2012 81 25 durch
924 2012 47 25 das
997 2011 227 25 Ins-Volk-Gehen
1247 2011 48 26 der
1318 2010 70 27 russi-

213 2047 80 25 schen
323 2037 197 34 intellektuellen
542 2045 110 33 Jugend.
692 2045 51 26 Die
765 2044 87 27 Partei
882 2045 45 26 des
950 2043 218 33 „Volkswillens“
1190 2052 57 18 war
1270 2045 42 25 die
1335 2044 53 33 poli-

215 2081 82 25 tische
322 2080 205 32 Verkörperung
552 2080 86 24 dieser
664 2080 158 31 Bewegung,
850 2080 54 24 und
930 2079 47 25 der
1002 2079 87 25 Schuß
1117 2078 47 26 der
1191 2078 78 26 Wera
1296 2078 91 26 Ssassu-

213 2113 76 26 litsch
309 2114 43 25 auf
371 2113 48 26 den
441 2113 231 31 Stadthauptmann
693 2113 113 31 Trepow
829 2113 41 25 ihr
890 2114 81 23 erstes
992 2111 153 33 politisches
1166 2111 133 26 Manifest.
