3466 4572
956 509 111 57 102

1278 507 117 60 Leo
1567 506 218 79 Tolstoj
1513 543 10 14 •
2182 511 114 58 Die
2486 510 344 80 Erzählung

952 693 231 71 redete
1233 722 122 42 uns
1390 696 122 69 das
1548 696 334 72 Liebchen
1920 699 119 70 des
2072 699 327 74 Soldaten
2558 704 110 72 bei
2704 706 198 71 ihnen
2937 708 225 75 hatten

951 791 116 63 wir
1115 786 315 79 Quartier
1578 791 111 68 auf
1736 796 192 65 einen
1980 793 191 70 Raub
2225 797 453 70 auszuziehen.
2761 798 86 70 Es
2897 829 133 42 war
3079 805 84 70 da

952 903 79 44 so
1105 882 105 66 ein
1284 882 383 89 armseliger
1738 884 461 88 abgedankter
2263 889 331 82 Beamter,
2672 918 70 42 er
2805 891 180 71 lebte
3050 901 114 65 mit

953 969 140 70 drei
1144 970 334 71 Töchtern
1660 979 180 66 einer
1878 976 260 85 Witwe,
2207 985 179 65 einer
2448 981 273 89 Jungfer
2785 984 136 68 und
2987 989 177 67 einer

951 1061 480 71 verheirateten
1497 1065 197 84 Frau;
1762 1094 72 42 er
1897 1069 268 71 wohnte
2230 1078 151 63 weit
2438 1074 320 80 draußen,
2827 1080 65 64 in
2950 1083 211 66 einem

952 1153 381 72 Häuschen.
1431 1158 141 68 Wir
1627 1162 276 68 tranken
1962 1168 107 64 ein
2118 1163 260 71 Letztes
2436 1193 111 42 zur
2594 1167 386 89 Tapferkeit
3029 1173 134 69 und

947 1249 268 85 gingen.
1280 1248 142 69 Wir
1453 1249 292 71 krochen
1785 1280 145 42 zum
1967 1254 273 72 Fenster
2272 1256 241 82 hinein,
2564 1258 225 90 fingen
2839 1289 105 53 an,
2996 1263 165 70 nach

952 1337 153 69 dem
1150 1338 179 70 Geld
1379 1367 77 42 zu
1506 1341 250 91 fragen.
1834 1345 105 69 Ich
1990 1347 198 70 nahm
2241 1348 130 69 den
2413 1351 203 69 Alten
2664 1379 139 52 vor,
2856 1353 136 69 und
3045 1355 117 70 der

951 1427 241 73 Soldat
1216 1437 162 84 ging
1413 1432 220 71 hinter
1662 1437 108 69 die
1804 1437 488 71 Scheidewand
2325 1468 78 42 zu
2437 1447 217 64 seiner
2685 1444 478 72 verheirateten

948 1520 310 73 Tochter.
1357 1524 113 71 Sie
1534 1527 208 72 wehrt
1804 1530 162 81 sich,
2033 1531 262 82 schreit,
2362 1533 99 68 riß
2531 1534 137 70 sich
2726 1535 102 70 los
2886 1539 135 67 und
3078 1567 84 40 an

948 1619 122 65 mir
1117 1616 233 70 vorbei
1402 1618 203 71 durch
1660 1623 109 68 die
1818 1623 150 70 Tür.
2053 1624 106 70 Ich
2211 1625 259 70 machte
2522 1627 131 69 den
2695 1628 202 71 Alten
2946 1630 213 90 fertig,

948 1705 138 69 und
1120 1712 201 82 jener,
1360 1709 118 70 der
1511 1710 260 83 Soldat,
1808 1719 172 84 ringt
2014 1720 117 65 mit
2165 1715 152 70 dem
2348 1718 245 70 Mädel.
2676 1719 207 82 „Seht
2917 1722 242 80 doch“,

947 1825 122 62 sag
1117 1799 124 82 ich,
1296 1801 157 82 „der
1500 1804 162 69 wird
1705 1811 116 64 mit
1863 1812 212 65 einem
2113 1808 222 70 Mädel
2386 1811 178 70 nicht
2612 1814 239 68 einmal
2900 1813 256 90 fertig.“

946 1891 150 70 Wie
1163 1892 108 70 die
1337 1893 89 70 da
1481 1898 289 69 winselt!
1877 1900 85 68 Er
2018 1901 242 71 schnitt
2316 1902 99 69 ihr
2472 1903 131 70 den
2657 1906 166 67 Hals
2880 1907 86 69 ab
3026 1908 136 69 und

946 1981 141 91 fing
1135 2011 104 55 an,
1299 1991 65 62 in
1423 1986 130 71 den
1606 1990 427 71 Kommoden
2090 2020 78 42 zu
2217 1995 278 70 wühlen.
2597 1996 104 70 Ich
2753 1999 161 68 aber
2963 2000 196 70 nahm

946 2080 105 63 ein
1087 2075 380 89 Lämpchen
1503 2081 136 69 und
1686 2088 160 82 ging
1895 2084 214 70 hinter
2157 2086 108 70 die
2300 2086 512 85 Scheidewand;
2865 2091 101 70 ich
3002 2093 160 69 sehe

947 2171 103 64 ein
1102 2168 334 82 Kindlein,
1491 2170 120 70 das
1662 2202 118 40 aus
1816 2175 503 71 Leibeskräften
2370 2184 62 62 in
2470 2179 118 70 der
2621 2182 235 87 Wiege
2890 2183 267 71 schreit:

947 2259 118 69 der
1114 2258 165 91 Zulp
1346 2268 85 63 ist
1497 2263 132 70 ihm
1698 2293 115 42 aus
1882 2268 152 70 dem
2090 2269 381 71 Mündchen
2532 2273 423 90 entschlüpft.
3055 2277 104 70 Ich

943 2350 135 88 gab
1130 2352 133 68 ihm
1315 2354 131 69 den
1483 2353 165 91 Zulp
1806 2364 209 85 gierig
2062 2389 128 59 sog
2230 2390 72 42 es
2338 2363 137 70 sich
2512 2368 63 64 in
2612 2364 111 70 ihn
2758 2372 104 64 ein
3022 2369 137 69 und

945 2443 102 69 ich
1100 2446 218 68 selber
1365 2453 161 84 ging
1573 2476 145 42 zum
1771 2452 272 71 Kasten.
2145 2455 239 81 Schau,
2447 2456 86 70 da
2592 2458 159 89 liegt
2806 2465 94 64 sie
2952 2461 209 70 davor

947 2536 357 70 mucksstül
1355 2540 134 68 und
1539 2541 231 70 schaut
1813 2550 116 63 mit
1962 2546 494 88 aufgerissenen
2490 2550 241 90 Augen
2776 2551 110 70 auf
2921 2554 233 69 mich.“

1046 2643 197 80 „Wer
1291 2645 184 69 sie?“

1045 2752 166 81 „Na,
1282 2753 108 69 die
1451 2754 215 82 dritte,
1722 2757 108 70 die
1873 2758 255 71 Witwe.
2221 2761 450 72 Erschrocken
2730 2771 83 63 ist
2871 2773 94 64 sie
3024 2770 133 68 und

946 2842 333 91 schweigt,
1338 2851 96 63 sie
1492 2860 196 58 starrt
1745 2855 120 63 mir
1921 2879 121 42 nur
2088 2853 250 88 gerade
2387 2860 64 63 in
2504 2856 107 70 die
2659 2856 264 90 Augen.
2998 2861 161 70 Was

942 2936 168 68 tun?
1177 2936 103 70 Ich
1315 2940 216 68 stellte
1567 2940 122 70 das
1718 2942 378 89 Lämpchen
2132 2945 111 68 auf
2277 2946 131 70 den
2436 2947 274 84 Kasten,
2749 2951 121 70 das
2907 2952 252 72 Messer

946 3032 65 64 in
1063 3029 119 68 der
1232 3030 268 70 Hand.“

1042 3135 487 84 „Brüderchen,
1581 3140 263 70 verdirb
1897 3148 215 65 meine
2164 3144 194 71 Seele
2409 3147 179 71 nicht
2626 3204 13 13 .
2681 3205 12 14 .
2737 3158 53 61 .“

1037 3257 361 71 Fedorows
1434 3260 278 72 Stimme
1766 3270 347 79 erzitterte,
2165 3270 136 68 und
2353 3298 70 42 er
2471 3271 249 71 konnte
2763 3274 178 70 nicht
2975 3276 186 69 mehr

945 3350 226 70 reden.

1044 3459 186 80 „Wie
1281 3465 95 64 sie
1427 3460 122 70 das
1600 3477 236 76 gesagt
1886 3465 114 70 hat
2048 3468 137 69 und
2236 3469 136 70 sich
2417 3472 210 68 selbst
2662 3473 177 71 nicht
2871 3474 285 91 bewegt,

943 3579 121 40 nur
1115 3552 170 70 mich
1337 3558 116 65 mit
1502 3554 131 70 den
1681 3557 243 89 Augen
1975 3559 195 70 sticht
2328 3562 87 69 da
2464 3563 177 70 fühle
2692 3566 122 81 ich,
2869 3566 136 70 daß
3055 3568 102 70 ich

942 3643 213 89 gleich
1206 3645 301 71 schwach
1567 3650 241 80 werde,
1870 3650 101 69 ich
2030 3653 239 87 packte
2319 3661 95 64 sie
2464 3684 83 41 an
2601 3657 129 70 den
2780 3660 254 70 Armen

943 3736 261 70 machte
1253 3744 94 63 sie
1395 3739 215 91 fertig.
1693 3740 226 72 Schon
1959 3758 137 75 gut,
2149 3751 113 64 wir
2292 3760 183 57 taten
2509 3750 181 70 wie’s
2725 3751 136 70 sich
2894 3752 260 89 gehört,

941 3831 114 66 wir
1119 3830 285 70 nahmen
1464 3833 272 71 Kleider
1792 3840 136 78 mit,
1978 3863 74 43 es
2100 3838 162 68 fand
2319 3839 138 70 sich
2516 3854 202 59 etwas
2766 3843 194 82 Geld,
3022 3845 135 69 und

942 3924 113 65 wir
1102 3926 266 86 gingen.
