3556 4572
1608 289 266 63 Theodor
1911 292 266 60 Däubler
2240 326 8 13 •
2309 291 183 59 Fahrt

928 292 113 59 130

928 478 184 60 Drum
1154 477 106 68 ich,
1304 480 91 58 ein
1439 477 196 71 Schiff,
1677 477 113 59 will
1832 478 263 60 tauchen.

929 553 82 61 Zu
1054 554 212 60 zweit?
1346 554 127 60 Wir
1515 555 131 60 sind
1686 554 419 60 verschworen.

928 633 88 58 Ich
1059 632 199 71 Schiff,
1300 633 79 58 du
1422 633 104 71 ich,
1571 635 213 74 geeint,

927 710 136 60 Wie
1105 710 110 59 alle
1244 710 295 60 Wünsche
1581 720 120 50 zart
1741 709 382 58 zerhauchenl

928 788 193 59 Wenn
1158 788 169 76 jedes
1355 788 221 59 Wesen
1619 786 269 61 aufwärts
1929 789 193 69 weint,

928 865 117 60 Wo
1087 864 258 61 Schnüre
1387 866 179 59 stiller
1605 864 384 76 Atemperlen
2029 864 277 76 tropfend

929 943 115 59 Die
1086 943 148 73 Luft,
1280 944 96 58 die
1418 944 254 70 Heimat,
1715 944 155 57 oben
1914 943 238 71 suchen,

931 1021 260 77 Gelangt
1232 1044 129 36 man
1406 1021 260 70 hoffend,
1708 1021 255 72 tastend,
2006 1021 285 75 klopfend

929 1099 177 60 Wohl
1148 1099 302 76 irgendwo
1493 1098 97 59 auf
1632 1098 223 59 Grund.

929 1176 103 60 Bei
1075 1176 544 70 Fiammenfarrnen,
1663 1188 167 47 unter
1872 1175 461 74 Glutenbuchen,

929 1254 77 58 Im
1047 1251 117 61 See
1207 1254 106 58 der
1354 1253 213 61 Seelen
1609 1254 278 75 schweigt
1929 1258 91 54 ein
2063 1254 200 58 Mund.

931 1331 166 60 Doch
1140 1354 62 37 er
1244 1335 74 56 ist
1359 1333 94 59 da.
1535 1333 94 58 Du
1672 1331 178 60 fühlst
1891 1331 124 60 ihn:
2060 1333 217 58 bleibst
2317 1334 58 56 in
2419 1331 265 71 Frieden,

931 1409 82 61 So
1056 1409 172 59 willst
1270 1409 129 61 du’s
1442 1410 168 58 auch:
1655 1414 125 54 sein
1809 1410 237 60 Wissen
2088 1413 85 57 sei
2216 1410 90 58 dir
2347 1413 92 55 nie
2483 1410 383 60 beschieden!

931 1486 166 60 Doch
1140 1488 316 59 schwimmt
1497 1491 93 55 ein
1634 1486 182 60 Mond
1859 1488 225 59 umher:

932 1564 338 59 Beleuchtet
1310 1566 91 59 dir
1441 1565 135 58 dein
1620 1569 203 71 eignes
1867 1564 440 59 Nimmermehr.

933 1641 94 60 Du
1072 1641 241 61 seufzst:
1357 1644 78 58 da
1477 1642 185 75 glutet
1704 1646 90 55 ein
1840 1642 274 59 Gebüsch
2157 1641 106 60 der
2305 1640 245 76 Sorgen,

933 1719 95 59 Du
1070 1720 182 60 lachst
1294 1721 117 59 und
1455 1720 175 60 liebst
1674 1743 82 47 es,
1801 1720 153 58 denn
1997 1742 65 38 es
2104 1720 144 58 wird
2292 1719 135 59 dein
2471 1722 202 72 eignes
2716 1719 266 75 Morgen.
