3460 4572
926 502 155 58 Paul
1119 501 269 59 Cassirer
1449 536 11 12 •
1528 502 311 75 Utopische
1877 502 311 60 Plauderei

2562 509 104 55 111

1506 689 105 69 IV.

539 816 94 71 Zu
661 814 222 70 Hause
1027 812 102 71 ich
1157 812 177 71 habe
1362 818 95 65 sie
1491 812 322 72 natürlich
1841 813 299 90 erquickt
2166 814 134 70 und
2326 816 233 89 gelabt
2599 858 63 7 —•

450 908 328 74 erzählten
813 911 97 65 sie
944 911 122 64 mir
1099 905 140 71 ihre
1275 906 426 71 Geschichte.
1769 906 266 71 Vorher
2068 906 185 72 hatte
2288 907 103 71 ich
2426 915 97 63 sie
2557 908 79 72 be-

449 1002 269 87 ruhigen
746 1006 287 73 müssen,
1063 997 186 70 hatte
1275 997 200 71 ihnen
1504 1000 260 80 erklärt,
1795 999 138 71 daß
1960 1000 102 70 ihr
2088 1000 228 70 Leben
2342 1001 336 90 gesichert

447 1099 113 76 sei,
591 1091 133 70 daß
751 1096 95 64 sie
874 1091 186 70 ihren
1079 1090 406 71 Wohlstand
1512 1093 138 68 und
1678 1093 99 69 ihr
1804 1094 189 70 Haus
2021 1094 137 70 und
2187 1094 135 70 daß
2349 1123 72 42 er
2443 1100 231 65 seinen

447 1187 213 71 Ruhm
679 1184 478 70 wiederfinden
1176 1185 243 70 werde.
1452 1185 105 70 Ich
1578 1185 184 70 hatte
1782 1187 135 68 ihm
1938 1187 167 69 auch
2126 1193 261 65 meinen
2410 1189 264 70 Namen

446 1291 307 81 genannt,
793 1278 131 70 den
974 1306 72 42 er
1094 1279 263 70 kennen
1409 1278 249 84 mußte,
1696 1307 70 42 er
1814 1281 246 69 kannte
2096 1281 112 69 ihn
2258 1282 166 70 aber
2472 1282 200 71 nicht.

538 1389 199 69 Seine
781 1387 246 82 Bilder,
1091 1387 110 70 die
1259 1392 63 65 in
1376 1387 120 71 der
1547 1387 215 71 Stube
1813 1416 85 41 an
1950 1389 120 69 der
2102 1390 225 70 Wand
2377 1391 293 83 lehnten,

447 1479 449 72 beobachtete
947 1507 71 42 er
1067 1480 464 89 argwöhnisch
1583 1481 137 69 und
1783 1486 246 84 geizig;
2106 1481 211 71 schon
2382 1484 147 70 weil
2604 1512 71 42 er

449 1580 254 65 meinen
769 1574 280 70 Worten
1124 1573 182 71 nicht
1376 1587 232 58 trauen
1682 1575 223 69 wollte
1980 1575 136 70 und
2192 1580 233 66 immer
2497 1576 175 72 noch

444 1667 290 90 glaubte,
803 1693 71 42 er
940 1667 226 68 würde
1223 1695 409 63 gezwungen
1700 1673 162 75 sein,
1933 1673 117 65 mit
2109 1667 199 71 ihnen
2377 1669 299 70 straßauf

445 1758 270 72 straßab
783 1786 77 42 zu
919 1758 372 71 hausieren.
1392 1759 113 71 Sie
1565 1759 231 70 hatten
1866 1759 138 71 sich
2067 1761 130 69 den
2257 1762 163 70 Plan
2488 1791 149 62 sorg-

444 1855 182 89 fältig
666 1852 513 90 zurechtgelegt,
1225 1853 137 69 und
1405 1861 97 62 sie
1536 1853 399 71 versicherte
1970 1858 252 79 immer,
2266 1861 97 65 sie
2404 1856 271 71 schäme

446 1945 132 71 sich
628 1973 120 62 gar
798 1945 198 82 nicht,
1052 1946 109 69 die
1199 1946 225 70 Bilder
1474 1947 412 82 auszurufen,
1941 1947 178 70 denn
2172 1952 156 84 jetzt
2377 1955 182 63 seien
2605 1954 70 83 ja

446 2039 121 70 alle
604 2037 363 70 Menschen
1001 2037 238 91 gleich,
1293 2039 136 70 und
1481 2046 97 64 sie
1630 2040 242 69 stände
1924 2040 112 69 auf
2087 2040 154 71 dem
2277 2043 241 68 Boden
2556 2043 119 69 der

445 2131 414 70 Revolution.
952 2131 243 82 „Nicht
1228 2133 249 82 wahr“,
1523 2133 219 90 fragte
1791 2138 95 65 sie
1938 2133 138 70 und
2128 2163 71 41 er
2248 2148 423 58 antwortete:

450 2223 298 82 „Gewiß,
800 2224 241 90 gewiß,
1094 2231 175 64 mein
1322 2227 246 68 Kind.“

1509 2412 81 70 V.

533 2534 106 70 Ich
696 2535 223 69 wollte
978 2534 200 70 ihnen
1239 2563 240 42 unsern
1540 2535 401 91 politischen
1992 2534 298 72 Zustand
2350 2538 324 70 erklären.

441 2627 188 70 Aber
689 2656 71 41 er
966 2628 330 70 nachdem
1357 2657 70 42 er
1474 2657 332 62 gegessen
1857 2629 139 70 und
2044 2632 369 87 getrunken
2465 2632 205 82 hatte,

442 2747 130 42 war
635 2747 71 42 er
771 2721 399 70 erstaunlich
1227 2721 197 70 frisch
1489 2722 364 89 geworden
2046 2722 224 71 lehnte
2328 2730 88 63 im
2473 2726 199 68 kaum

444 2813 182 70 mehr
672 2813 329 91 gehörten
1035 2815 515 71 Alt-Berlinisch
1602 2816 117 70 ab:
1764 2817 308 82 „Wissen
2110 2816 133 83 Sie,
2298 2817 209 71 hören
2559 2819 115 69 Sie

442 2906 107 69 auf
597 2911 118 65 mit
766 2907 120 69 der
935 2907 263 70 Politik.
1300 2909 243 68 Politik
1601 2914 83 63 ist
1736 2907 329 79 Quatsch.
2168 2909 315 71 Glauben
2535 2910 135 85 Sie,

444 2999 130 70 daß
642 3001 259 69 Mozart
966 3000 137 70 sich
1171 3029 110 42 um
1341 3003 244 68 Politik
1641 3003 419 89 gekümmert
2125 3001 166 73 hat?
2388 3004 282 71 Kennen

444 3092 109 71 Sie
590 3094 346 70 Mozart?“
1021 3094 105 70 Ich
1164 3094 289 89 bejahte.
1538 3097 169 80 „Na,
1754 3095 167 79 also,
1968 3095 209 70 hören
2214 3095 133 83 Sie,
2391 3098 280 81 Mozart,

442 3183 118 71 das
626 3192 87 63 ist
776 3186 102 69 für
943 3187 171 70 mich
1183 3188 109 69 die
1361 3188 457 88 Hauptsache,
1889 3188 242 71 Politik
2197 3193 84 66 ist
2341 3189 329 79 Quatsch.

442 3277 239 72 Politik
713 3280 117 71 hat
879 3307 73 42 es
1002 3286 233 63 immer
1265 3281 313 90 gegeben
1630 3281 137 70 und
1818 3282 162 70 wird
2034 3309 71 43 es
2157 3287 235 65 immer
2422 3283 248 91 geben.

442 3371 254 72 Mozart
746 3375 115 68 hat
912 3374 165 69 aber
1126 3403 122 42 nur
1297 3376 244 69 einmal
1589 3376 249 90 gelebt.
1923 3376 375 70 Verstehen
2350 3377 134 84 Sie,
2549 3377 123 70 das

442 3469 82 66 ist
574 3466 119 70 der
743 3468 466 69 Unterschied.
1314 3470 259 69 Mozart
1623 3475 84 64 ist
1757 3469 232 81 selten,
2043 3470 137 69 und
2232 3470 263 83 Politik,
2548 3471 124 70 das

440 3556 265 73 können
759 3560 113 71 Sie
933 3560 176 71 doch
1168 3563 374 82 verstehen,
1604 3563 122 70 das
1783 3570 86 63 ist
1927 3563 122 70 das
2098 3564 252 89 gerade
2402 3564 227 90 Gegen-

441 3652 108 68 teil
600 3653 244 70 davon.
947 3645 359 98 Übrigens,
1357 3655 148 91 gibt
1554 3683 73 42 es
1678 3655 174 70 noch
1904 3661 150 64 eine
2103 3658 280 88 Oper?“

531 3761 111 68 An
703 3761 155 70 dem
922 3753 422 99 „Übrigens“
1409 3763 183 72 faßte
1650 3763 103 72 ich
1814 3763 142 84 ihn;
2017 3765 103 70 ich
2170 3765 142 90 fing
2370 3794 106 53 an,
2535 3766 136 70 ihm

440 3878 128 44 von
618 3883 282 42 unseren
936 3856 719 93 Kunsteinrichtungen
1705 3887 78 42 zu
1836 3857 326 73 erzählen.
2246 3859 188 72 Zwar
2482 3873 190 77 sagte

441 3972 69 42 er
552 3949 341 69 zunächst:
