3439 4572
964 548 156 62 Paul
1343 546 143 61 Cassirer
1487 592 123 10 .
2163 544 46 61 U

2584 537 110 58 105

925 1267 637 89 UTOPISCHE
1621 1262 648 86 PLAUDEREI

1312 1102 182 71 Paul
1536 1102 339 71 Cassirer

1563 1443 43 70 I.

565 1575 189 71 Viele
810 1571 201 92 Jahre
1067 1598 219 43 waren
1352 1567 169 73 nach
1587 1566 122 71 der
1773 1562 260 93 großen
2099 1562 401 72 Revolution
2566 1588 105 43 ver-

475 1696 284 65 gangen.
858 1667 68 68 In
978 1669 181 66 einer
1208 1665 122 69 der
1378 1660 288 74 Straßen
1718 1659 121 70 des
1888 1656 268 72 Landes
2207 1656 220 70 Berlin

569 1764 138 69 Das
772 1759 132 70 alte
955 1758 240 81 Berlin,
1266 1758 122 69 das
1444 1753 632 80 vorrevolutionäre,
2146 1749 123 71 das
2328 1748 139 71 sich
2517 1748 192 87 längs

481 1857 116 70 der
672 1852 162 72 Ufer
909 1851 120 70 der
1093 1849 216 91 Spree
1383 1848 246 89 hinzog
1702 1844 137 70 und
1910 1871 132 43 von
2111 1843 132 70 den
2312 1842 210 70 Ufern
2587 1839 123 70 des

482 1950 280 77 Flusses,
815 1945 121 70 der
985 1950 88 63 im
1116 1945 235 70 Innern
1404 1943 120 69 der
1558 1940 202 71 Stadt
1807 1966 79 42 zu
1937 1943 215 65 einem
2192 1936 358 71 Gewässer
2596 1960 76 63 ge-

481 2041 268 73 worden
783 2067 153 54 war,
974 2036 169 71 nach
1187 2037 249 70 beiden
1474 2031 745 90 Himmelsrichtungen,
2258 2029 279 69 Norden
2572 2025 138 71 und

482 2134 247 80 Süden,
782 2131 139 71 sich
970 2134 123 66 wie
1136 2135 148 66 eine
1335 2125 600 93 aufgeschwollene
1978 2122 290 73 Scheibe
2304 2119 406 90 herausbog,

482 2229 181 70 hatte
714 2232 147 64 eine
909 2225 131 70 Art
1089 2224 371 70 Harmonie
1511 2222 428 69 bekommen.

574 2319 212 89 Fliegt
837 2346 151 41 man
1040 2317 166 70 über
1241 2317 218 70 Berlin
1511 2342 84 42 an
1647 2319 216 64 einem
1901 2310 305 91 Morgen,
2260 2336 84 42 an
2398 2307 153 69 dem
2606 2304 109 71 die

486 2412 422 91 aufgehende
980 2410 234 71 Sonne
1289 2410 211 71 schön
1573 2406 285 78 scheint,
1935 2404 141 70 ihre
2150 2402 241 82 heilen,
2466 2399 247 92 gelben

484 2505 400 91 gleißenden
945 2503 310 72 Strahlen
1313 2530 133 42 von
1498 2501 285 89 Morgen
1840 2497 121 70 her
2019 2500 346 76 seitwärts,
2424 2491 291 72 beinahe

486 2597 268 72 oarallel
805 2625 113 42 zur
966 2596 198 80 Erde,
1227 2595 166 70 über
1444 2594 109 70 die
1601 2590 421 94 glänzenden
2074 2587 266 71 Dächer
2396 2583 317 73 schießen

509 2693 132 81 äßt,
703 2691 181 70 dann
942 2690 332 71 erscheint
1326 2689 109 70 die
1486 2686 202 71 Stadt
1736 2685 220 71 Berlin
2005 2688 123 64 wie
2192 2686 107 66 ein
2349 2680 197 71 Stern
2597 2705 119 44 aus

489 2785 374 80 Brillanten,
926 2789 105 65 ein
1089 2782 248 91 großer
1394 2779 286 72 schöner
1737 2777 221 81 Stern,
2015 2780 126 65 wie
2199 2774 111 70 ihn
2371 2771 347 92 prächtige

489 2878 270 81 Frauen,
787 2878 108 69 die
917 2877 132 70 den
1072 2877 216 71 Glanz
1307 2874 243 82 lieben,
1575 2902 82 41 an
1680 2872 119 70 der
1818 2868 398 74 entblößten
2236 2869 200 70 Brust
2459 2879 257 78 tragen.

578 2972 172 69 Vom
800 2970 259 91 großen
1095 2971 182 70 Platz
1327 2973 65 65 in
1445 2967 119 70 der
1599 2967 190 69 Mitte
1825 2963 292 71 strahlen
2170 2962 111 70 die
2316 2959 403 92 diagonalen

490 3064 283 71 Straßen
841 3064 167 71 nach
1069 3064 154 68 dem
1279 3061 332 79 Umkreis,
1680 3060 197 89 lange
1934 3053 488 94 gleichmäßige
2471 3052 247 71 Zeilen.

491 3156 230 70 Immer
768 3156 248 70 wieder
1064 3155 150 70 sind
1267 3155 109 69 die
1427 3152 310 72 Strahlen
1788 3150 441 71 zerschnitten
2278 3174 134 43 von
2461 3146 259 70 breiten

493 3249 295 83 Kreisen,
856 3246 447 92 gleichmäßig
1360 3246 161 70 sich,
1558 3244 307 71 rundend
1923 3271 147 41 zum
2131 3241 329 71 mittleren
2527 3239 194 70 Kreis

495 3342 117 71 des
675 3342 258 90 großen
999 3344 287 69 Platzes:
1366 3342 110 68 die
1540 3339 259 92 großen
1867 3338 236 91 Ringe,
2173 3363 84 43 an
2326 3334 219 70 denen
2613 3333 110 70 die

494 3434 424 72 öffentlichen
949 3436 337 71 Gebäude
1314 3434 120 70 der
1463 3431 507 73 Gemeinschaft
1994 3429 136 71 und
2160 3429 119 70 der
2296 3427 431 89 Verwaltung

494 3528 250 70 stehen.
843 3528 85 71 Es
979 3530 283 68 kreuzen
1316 3527 109 70 die
1476 3526 311 71 Strahlen
1836 3531 209 84 grüne
2080 3522 469 90 Kugelketten,
2602 3518 123 70 das

494 3622 148 69 sind
693 3622 108 70 die
852 3622 380 89 Parkringe,
1286 3621 216 70 kleine
1552 3619 212 71 runde
1802 3617 225 82 Parks,
2080 3621 183 65 einer
2296 3613 221 72 neben
2569 3612 155 70 dem

496 3715 312 81 anderen,
875 3716 164 70 aber
1097 3729 164 56 stets
1318 3743 133 41 von
1511 3713 323 71 einander
1888 3723 310 78 getrennt
2255 3707 207 72 durch
2513 3705 212 72 weiße

498 3805 525 87 Häuserblocks,
1101 3808 109 70 die
1277 3807 488 90 Speisehäuser
1839 3804 120 70 der
2024 3803 201 71 Stadt
2291 3801 248 80 Berlin,
2610 3799 119 68 der

495 3900 476 73 Arbeitsstadt.
1087 3900 267 83 Früher,
1415 3906 64 63 in
1540 3900 132 70 den
1731 3897 353 72 häßlichen
2135 3895 230 72 Zeiten
2429 3922 124 41 vor
2608 3893 121 70 der

499 3992 392 72 Revolution
1067 4022 136 42 was
1252 4021 133 42 war
1435 3993 123 70 das
1611 3996 108 66 19.
1755 3989 471 91 Jahrhundert,
2279 3993 127 65 seit
2455 3984 273 74 Goethe
