<?xml version="1.0" encoding="UTF-8"?>
<alto xmlns:xsi="http://www.w3.org/2001/XMLSchema-instance" xmlns="http://www.loc.gov/standards/alto/ns-v2#" xsi:schemaLocation="http://www.loc.gov/standards/alto/ns-v2# http://www.loc.gov/standards/alto/alto-v2.0.xsd" xmlns:xlink="http://www.w3.org/1999/xlink">
	<Description>
		<MeasurementUnit>mm10</MeasurementUnit>
		<sourceImageInformation>
			<fileName>//fileserver7/IN2/Princeton/Batch5/bmtnabi/1857/12/05_01/00000393.tif</fileName>
		</sourceImageInformation>
		<OCRProcessing ID="OCRPROCESSING_1">
			<preProcessingStep>
				<processingSoftware>
					<softwareCreator>CCS Content Conversion Specialists GmbH, Germany</softwareCreator>
					<softwareName>CCS docWORKS</softwareName>
					<softwareVersion>6.6-1.18</softwareVersion>
				</processingSoftware>
			</preProcessingStep>
			<ocrProcessingStep>
				<processingSoftware>
					<softwareCreator>ABBYY (BIT Software), Russia</softwareCreator>
					<softwareName>FineReader</softwareName>
					<softwareVersion>10.0</softwareVersion>
				</processingSoftware>
			</ocrProcessingStep>
		</OCRProcessing>
	</Description>
	<Styles>
		<TextStyle ID="TXT_0" FONTSIZE="16" FONTFAMILY="Arial"/>
		<ParagraphStyle ID="PAR_LEFT" ALIGN="Left"/>
		<ParagraphStyle ID="PAR_BLOCK" ALIGN="Block"/>
	</Styles>
	<Layout>
		<Page ID="P3" PHYSICAL_IMG_NR="3" HEIGHT="4429" WIDTH="3487" PRINTED_IMG_NR="387" PC="0.911">
			<TopMargin ID="P3_TM00001" HPOS="0" VPOS="0" WIDTH="3487" HEIGHT="199">
				<TextBlock ID="P3_TB00001" HPOS="1669" VPOS="138" WIDTH="93" HEIGHT="58" STYLEREFS="TXT_0 PAR_LEFT">
					<TextLine ID="P3_TL00001" HPOS="1669" VPOS="139" WIDTH="93" HEIGHT="57">
						<String ID="P3_ST00001" HPOS="1669" VPOS="139" WIDTH="93" HEIGHT="57" CONTENT="387" WC="0.25" CC="858"/>
					</TextLine>
				</TextBlock>
			</TopMargin>
			<LeftMargin ID="P3_LM00001" HPOS="0" VPOS="199" WIDTH="89" HEIGHT="4006"/>
			<RightMargin ID="P3_RM00001" HPOS="3339" VPOS="199" WIDTH="148" HEIGHT="4006"/>
			<BottomMargin ID="P3_BM00001" HPOS="0" VPOS="4205" WIDTH="3487" HEIGHT="224"/>
			<PrintSpace ID="P3_PS00001" HPOS="89" VPOS="199" WIDTH="3250" HEIGHT="4006">
				<TextBlock ID="P3_TB00002" HPOS="89" VPOS="281" WIDTH="1575" HEIGHT="3916" STYLEREFS="TXT_0 PAR_BLOCK">
					<TextLine ID="P3_TL00002" HPOS="219" VPOS="282" WIDTH="1437" HEIGHT="62">
						<String ID="P3_ST00002" HPOS="219" VPOS="290" WIDTH="85" HEIGHT="49" CONTENT="Die" WC="0.96" CC="900"/>
						<SP ID="P3_SP00001" HPOS="304" VPOS="339" WIDTH="32"/>
						<String ID="P3_ST00003" HPOS="336" VPOS="289" WIDTH="167" HEIGHT="50" CONTENT="wiener" WC="1.00" CC="000101"/>
						<SP ID="P3_SP00002" HPOS="503" VPOS="339" WIDTH="32"/>
						<String ID="P3_ST00004" HPOS="535" VPOS="287" WIDTH="231" HEIGHT="52" CONTENT="Direction" WC="0.75" CC="400008035"/>
						<SP ID="P3_SP00003" HPOS="766" VPOS="339" WIDTH="33"/>
						<String ID="P3_ST00005" HPOS="799" VPOS="286" WIDTH="97" HEIGHT="52" CONTENT="that" WC="0.73" CC="0730"/>
						<SP ID="P3_SP00004" HPOS="896" VPOS="339" WIDTH="29"/>
						<String ID="P3_ST00006" HPOS="925" VPOS="282" WIDTH="319" HEIGHT="54" CONTENT="unaufhörlich" WC="0.99" CC="600461204005"/>
						<SP ID="P3_SP00005" HPOS="1244" VPOS="339" WIDTH="25"/>
						<String ID="P3_ST00007" HPOS="1269" VPOS="282" WIDTH="215" HEIGHT="62" CONTENT="Schritte," WC="0.99" CC="016030004"/>
						<SP ID="P3_SP00006" HPOS="1484" VPOS="344" WIDTH="29"/>
						<String ID="P3_ST00008" HPOS="1513" VPOS="283" WIDTH="143" HEIGHT="53" CONTENT="selbst" WC="0.99" CC="003600"/>
					</TextLine>
					<TextLine ID="P3_TL00003" HPOS="94" VPOS="366" WIDTH="1560" HEIGHT="77">
						<String ID="P3_ST00009" HPOS="94" VPOS="374" WIDTH="264" HEIGHT="69" CONTENT="poüceilich," WC="0.49" CC="96866260033"/>
						<SP ID="P3_SP00007" HPOS="358" VPOS="443" WIDTH="32"/>
						<String ID="P3_ST00010" HPOS="390" VPOS="374" WIDTH="74" HEIGHT="49" CONTENT="ihn" WC="0.96" CC="064"/>
						<SP ID="P3_SP00008" HPOS="464" VPOS="443" WIDTH="24"/>
						<String ID="P3_ST00011" HPOS="488" VPOS="372" WIDTH="170" HEIGHT="51" CONTENT="wieder" WC="1.00" CC="000000"/>
						<SP ID="P3_SP00009" HPOS="658" VPOS="443" WIDTH="17"/>
						<String ID="P3_ST00012" HPOS="675" VPOS="390" WIDTH="56" HEIGHT="33" CONTENT="an" WC="0.75" CC="50"/>
						<SP ID="P3_SP00010" HPOS="731" VPOS="443" WIDTH="24"/>
						<String ID="P3_ST00013" HPOS="755" VPOS="372" WIDTH="138" HEIGHT="51" CONTENT="Wien" WC="0.98" CC="0206"/>
						<SP ID="P3_SP00011" HPOS="893" VPOS="443" WIDTH="24"/>
						<String ID="P3_ST00014" HPOS="917" VPOS="388" WIDTH="55" HEIGHT="33" CONTENT="zu" WC="0.43" CC="74"/>
						<SP ID="P3_SP00012" HPOS="972" VPOS="443" WIDTH="23"/>
						<String ID="P3_ST00015" HPOS="995" VPOS="367" WIDTH="180" HEIGHT="60" CONTENT="fesseln," WC="1.00" CC="00600000"/>
						<SP ID="P3_SP00013" HPOS="1175" VPOS="443" WIDTH="33"/>
						<String ID="P3_ST00016" HPOS="1208" VPOS="366" WIDTH="67" HEIGHT="51" CONTENT="bis" WC="0.98" CC="600"/>
						<SP ID="P3_SP00014" HPOS="1275" VPOS="443" WIDTH="32"/>
						<String ID="P3_ST00017" HPOS="1307" VPOS="369" WIDTH="177" HEIGHT="50" CONTENT="endlich" WC="0.99" CC="2300300"/>
						<SP ID="P3_SP00015" HPOS="1484" VPOS="443" WIDTH="28"/>
						<String ID="P3_ST00018" HPOS="1512" VPOS="369" WIDTH="142" HEIGHT="50" CONTENT="durch" WC="0.99" CC="00003"/>
					</TextLine>
					<TextLine ID="P3_TL00004" HPOS="93" VPOS="451" WIDTH="1563" HEIGHT="76">
						<String ID="P3_ST00019" HPOS="93" VPOS="459" WIDTH="71" HEIGHT="50" CONTENT="die" WC="0.99" CC="020"/>
						<SP ID="P3_SP00016" HPOS="164" VPOS="509" WIDTH="31"/>
						<String ID="P3_ST00020" HPOS="195" VPOS="459" WIDTH="284" HEIGHT="68" CONTENT="persönliche" WC="0.99" CC="00100862060"/>
						<SP ID="P3_SP00017" HPOS="479" VPOS="527" WIDTH="34"/>
						<String ID="P3_ST00021" HPOS="513" VPOS="457" WIDTH="313" HEIGHT="65" CONTENT="Vermittlung" WC="0.99" CC="80001652650"/>
						<SP ID="P3_SP00018" HPOS="826" VPOS="527" WIDTH="32"/>
						<String ID="P3_ST00022" HPOS="858" VPOS="456" WIDTH="80" HEIGHT="50" CONTENT="des" WC="0.97" CC="034"/>
						<SP ID="P3_SP00019" HPOS="938" VPOS="527" WIDTH="33"/>
						<String ID="P3_ST00023" HPOS="971" VPOS="451" WIDTH="341" HEIGHT="69" CONTENT="Grossherzogs" WC="0.99" CC="602020006596"/>
						<SP ID="P3_SP00020" HPOS="1312" VPOS="527" WIDTH="32"/>
						<String ID="P3_ST00024" HPOS="1344" VPOS="470" WIDTH="88" HEIGHT="33" CONTENT="von" WC="1.00" CC="000"/>
						<SP ID="P3_SP00021" HPOS="1432" VPOS="527" WIDTH="26"/>
						<String ID="P3_ST00025" HPOS="1458" VPOS="454" WIDTH="198" HEIGHT="59" CONTENT="Hessen," WC="0.98" CC="7150244"/>
					</TextLine>
					<TextLine ID="P3_TL00005" HPOS="92" VPOS="535" WIDTH="1567" HEIGHT="75">
						<String ID="P3_ST00026" HPOS="92" VPOS="544" WIDTH="233" HEIGHT="66" CONTENT="Ludwig's" WC="0.78" CC="00080603"/>
						<SP ID="P3_SP00022" HPOS="325" VPOS="610" WIDTH="33"/>
						<String ID="P3_ST00027" HPOS="358" VPOS="544" WIDTH="51" HEIGHT="56" CONTENT="1.," WC="0.66" CC="604"/>
						<SP ID="P3_SP00023" HPOS="409" VPOS="610" WIDTH="33"/>
						<String ID="P3_ST00028" HPOS="442" VPOS="559" WIDTH="50" HEIGHT="32" CONTENT="er" WC="0.75" CC="31"/>
						<SP ID="P3_SP00024" HPOS="492" VPOS="610" WIDTH="29"/>
						<String ID="P3_ST00029" HPOS="521" VPOS="541" WIDTH="149" HEIGHT="50" CONTENT="seiner" WC="0.98" CC="461700"/>
						<SP ID="P3_SP00025" HPOS="670" VPOS="610" WIDTH="33"/>
						<String ID="P3_ST00030" HPOS="703" VPOS="535" WIDTH="475" HEIGHT="68" CONTENT="Unterthanenpflicht" WC="0.73" CC="050005056060700055"/>
						<SP ID="P3_SP00026" HPOS="1178" VPOS="610" WIDTH="29"/>
						<String ID="P3_ST00031" HPOS="1207" VPOS="536" WIDTH="230" HEIGHT="52" CONTENT="entlassen" WC="0.99" CC="016450200"/>
						<SP ID="P3_SP00027" HPOS="1437" VPOS="610" WIDTH="25"/>
						<String ID="P3_ST00032" HPOS="1462" VPOS="536" WIDTH="93" HEIGHT="51" CONTENT="und" WC="0.98" CC="400"/>
						<SP ID="P3_SP00028" HPOS="1555" VPOS="610" WIDTH="33"/>
						<String ID="P3_ST00033" HPOS="1588" VPOS="537" WIDTH="71" HEIGHT="51" CONTENT="die" WC="1.00" CC="000"/>
					</TextLine>
					<TextLine ID="P3_TL00006" HPOS="92" VPOS="620" WIDTH="1563" HEIGHT="72">
						<String ID="P3_ST00034" HPOS="92" VPOS="624" WIDTH="745" HEIGHT="68" CONTENT="Auswanderungs-Bewilligung" WC="0.78" CC="0050150105000300025130509"/>
						<SP ID="P3_SP00029" HPOS="837" VPOS="692" WIDTH="40"/>
						<String ID="P3_ST00035" HPOS="877" VPOS="621" WIDTH="90" HEIGHT="50" CONTENT="ihm" WC="0.98" CC="040"/>
						<SP ID="P3_SP00030" HPOS="967" VPOS="692" WIDTH="42"/>
						<String ID="P3_ST00036" HPOS="1009" VPOS="620" WIDTH="180" HEIGHT="51" CONTENT="ertheilt" WC="0.83" CC="01700003"/>
						<SP ID="P3_SP00031" HPOS="1189" VPOS="692" WIDTH="33"/>
						<String ID="P3_ST00037" HPOS="1222" VPOS="621" WIDTH="175" HEIGHT="52" CONTENT="wurde." WC="0.99" CC="072004"/>
						<SP ID="P3_SP00032" HPOS="1397" VPOS="692" WIDTH="60"/>
						<String ID="P3_ST00038" HPOS="1457" VPOS="621" WIDTH="110" HEIGHT="50" CONTENT="Erst" WC="0.98" CC="0026"/>
						<SP ID="P3_SP00033" HPOS="1567" VPOS="692" WIDTH="30"/>
						<String ID="P3_ST00039" HPOS="1597" VPOS="621" WIDTH="58" HEIGHT="50" CONTENT="im" WC="0.80" CC="30"/>
					</TextLine>
					<TextLine ID="P3_TL00007" HPOS="92" VPOS="704" WIDTH="1564" HEIGHT="72">
						<String ID="P3_ST00040" HPOS="92" VPOS="710" WIDTH="139" HEIGHT="52" CONTENT="Jahre" WC="0.99" CC="00640"/>
						<SP ID="P3_SP00034" HPOS="231" VPOS="762" WIDTH="36"/>
						<String ID="P3_ST00041" HPOS="267" VPOS="708" WIDTH="154" HEIGHT="52" CONTENT="1820" WC="0.44" CC="5556"/>
						<SP ID="P3_SP00035" HPOS="421" VPOS="762" WIDTH="49"/>
						<String ID="P3_ST00042" HPOS="470" VPOS="708" WIDTH="165" HEIGHT="68" CONTENT="gelang" WC="0.98" CC="066670"/>
						<SP ID="P3_SP00036" HPOS="635" VPOS="776" WIDTH="46"/>
						<String ID="P3_ST00043" HPOS="681" VPOS="724" WIDTH="48" HEIGHT="32" CONTENT="es" WC="1.00" CC="00"/>
						<SP ID="P3_SP00037" HPOS="729" VPOS="776" WIDTH="45"/>
						<String ID="P3_ST00044" HPOS="774" VPOS="705" WIDTH="81" HEIGHT="50" CONTENT="der" WC="0.98" CC="004"/>
						<SP ID="P3_SP00038" HPOS="855" VPOS="776" WIDTH="41"/>
						<String ID="P3_ST00045" HPOS="896" VPOS="704" WIDTH="546" HEIGHT="59" CONTENT="Hoftheater-Direction," WC="0.71" CC="644540620039020050002"/>
						<SP ID="P3_SP00039" HPOS="1442" VPOS="776" WIDTH="42"/>
						<String ID="P3_ST00046" HPOS="1484" VPOS="705" WIDTH="75" HEIGHT="50" CONTENT="ihn" WC="0.97" CC="260"/>
						<SP ID="P3_SP00040" HPOS="1559" VPOS="776" WIDTH="41"/>
						<String ID="P3_ST00047" HPOS="1600" VPOS="723" WIDTH="56" HEIGHT="32" CONTENT="zu" WC="0.70" CC="50"/>
					</TextLine>
					<TextLine ID="P3_TL00008" HPOS="94" VPOS="786" WIDTH="1562" HEIGHT="73">
						<String ID="P3_ST00048" HPOS="94" VPOS="795" WIDTH="145" HEIGHT="50" CONTENT="einem" WC="0.99" CC="00630"/>
						<SP ID="P3_SP00041" HPOS="239" VPOS="845" WIDTH="27"/>
						<String ID="P3_ST00049" HPOS="266" VPOS="789" WIDTH="458" HEIGHT="70" CONTENT="Gastrollen-Cyklus" WC="0.71" CC="06063007200460260"/>
						<SP ID="P3_SP00042" HPOS="724" VPOS="859" WIDTH="31"/>
						<String ID="P3_ST00050" HPOS="755" VPOS="807" WIDTH="54" HEIGHT="31" CONTENT="zu" WC="0.69" CC="60"/>
						<SP ID="P3_SP00043" HPOS="809" VPOS="859" WIDTH="33"/>
						<String ID="P3_ST00051" HPOS="842" VPOS="793" WIDTH="264" HEIGHT="63" CONTENT="vermögen," WC="0.99" CC="304009003"/>
						<SP ID="P3_SP00044" HPOS="1106" VPOS="859" WIDTH="31"/>
						<String ID="P3_ST00052" HPOS="1137" VPOS="789" WIDTH="91" HEIGHT="51" CONTENT="und" WC="0.97" CC="620"/>
						<SP ID="P3_SP00045" HPOS="1228" VPOS="859" WIDTH="33"/>
						<String ID="P3_ST00053" HPOS="1261" VPOS="805" WIDTH="50" HEIGHT="35" CONTENT="er" WC="0.97" CC="00"/>
						<SP ID="P3_SP00046" HPOS="1311" VPOS="859" WIDTH="30"/>
						<String ID="P3_ST00054" HPOS="1341" VPOS="786" WIDTH="152" HEIGHT="52" CONTENT="betrat" WC="0.98" CC="245134"/>
						<SP ID="P3_SP00047" HPOS="1493" VPOS="859" WIDTH="31"/>
						<String ID="P3_ST00055" HPOS="1524" VPOS="795" WIDTH="132" HEIGHT="43" CONTENT="unter" WC="0.99" CC="00500"/>
					</TextLine>
					<TextLine ID="P3_TL00009" HPOS="93" VPOS="873" WIDTH="1563" HEIGHT="73">
						<String ID="P3_ST00056" HPOS="93" VPOS="878" WIDTH="312" HEIGHT="68" CONTENT="allgemeinem" WC="0.99" CC="50590200620"/>
						<SP ID="P3_SP00048" HPOS="405" VPOS="946" WIDTH="31"/>
						<String ID="P3_ST00057" HPOS="436" VPOS="875" WIDTH="136" HEIGHT="51" CONTENT="Jubel" WC="0.98" CC="07503"/>
						<SP ID="P3_SP00049" HPOS="572" VPOS="946" WIDTH="33"/>
						<String ID="P3_ST00058" HPOS="605" VPOS="874" WIDTH="62" HEIGHT="50" CONTENT="als" WC="0.96" CC="450"/>
						<SP ID="P3_SP00050" HPOS="667" VPOS="946" WIDTH="30"/>
						<String ID="P3_ST00059" HPOS="697" VPOS="873" WIDTH="187" HEIGHT="70" CONTENT="Joseph," WC="0.98" CC="7070670"/>
						<SP ID="P3_SP00051" HPOS="884" VPOS="946" WIDTH="31"/>
						<String ID="P3_ST00060" HPOS="915" VPOS="874" WIDTH="44" HEIGHT="51" CONTENT="in" WC="0.71" CC="05"/>
						<SP ID="P3_SP00052" HPOS="959" VPOS="946" WIDTH="29"/>
						<String ID="P3_ST00061" HPOS="988" VPOS="874" WIDTH="82" HEIGHT="50" CONTENT="der" WC="0.98" CC="021"/>
						<SP ID="P3_SP00053" HPOS="1070" VPOS="946" WIDTH="30"/>
						<String ID="P3_ST00062" HPOS="1100" VPOS="874" WIDTH="379" HEIGHT="69" CONTENT="Triumph-Rolle" WC="1.00" CC="0500006201730"/>
						<SP ID="P3_SP00054" HPOS="1479" VPOS="946" WIDTH="31"/>
						<String ID="P3_ST00063" HPOS="1510" VPOS="873" WIDTH="146" HEIGHT="51" CONTENT="seines" WC="1.00" CC="000200"/>
					</TextLine>
					<TextLine ID="P3_TL00010" HPOS="94" VPOS="955" WIDTH="1565" HEIGHT="71">
						<String ID="P3_ST00064" HPOS="94" VPOS="963" WIDTH="212" HEIGHT="49" CONTENT="früheren" WC="1.00" CC="00050300"/>
						<SP ID="P3_SP00055" HPOS="306" VPOS="1012" WIDTH="44"/>
						<String ID="P3_ST00065" HPOS="350" VPOS="960" WIDTH="359" HEIGHT="66" CONTENT="Engagements," WC="0.99" CC="050400005371"/>
						<SP ID="P3_SP00056" HPOS="709" VPOS="1026" WIDTH="43"/>
						<String ID="P3_ST00066" HPOS="752" VPOS="959" WIDTH="70" HEIGHT="50" CONTENT="die" WC="1.00" CC="000"/>
						<SP ID="P3_SP00057" HPOS="822" VPOS="1026" WIDTH="46"/>
						<String ID="P3_ST00067" HPOS="868" VPOS="955" WIDTH="158" HEIGHT="54" CONTENT="Bühne" WC="0.98" CC="80720"/>
						<SP ID="P3_SP00058" HPOS="1026" VPOS="1026" WIDTH="46"/>
						<String ID="P3_ST00068" HPOS="1072" VPOS="958" WIDTH="184" HEIGHT="51" CONTENT="wieder." WC="0.99" CC="9000031"/>
						<SP ID="P3_SP00059" HPOS="1256" VPOS="1026" WIDTH="60"/>
						<String ID="P3_ST00069" HPOS="1316" VPOS="958" WIDTH="136" HEIGHT="51" CONTENT="Seine" WC="0.99" CC="50000"/>
						<SP ID="P3_SP00060" HPOS="1452" VPOS="1026" WIDTH="46"/>
						<String ID="P3_ST00070" HPOS="1498" VPOS="958" WIDTH="161" HEIGHT="49" CONTENT="zweite" WC="0.99" CC="600062"/>
					</TextLine>
					<TextLine ID="P3_TL00011" HPOS="93" VPOS="1040" WIDTH="1562" HEIGHT="69">
						<String ID="P3_ST00071" HPOS="93" VPOS="1047" WIDTH="147" HEIGHT="58" CONTENT="Rolle," WC="0.97" CC="458404"/>
						<SP ID="P3_SP00061" HPOS="240" VPOS="1105" WIDTH="31"/>
						<String ID="P3_ST00072" HPOS="271" VPOS="1044" WIDTH="147" HEIGHT="50" CONTENT="worin" WC="0.98" CC="00906"/>
						<SP ID="P3_SP00062" HPOS="418" VPOS="1105" WIDTH="32"/>
						<String ID="P3_ST00073" HPOS="450" VPOS="1059" WIDTH="49" HEIGHT="33" CONTENT="er" WC="0.94" CC="01"/>
						<SP ID="P3_SP00063" HPOS="499" VPOS="1105" WIDTH="31"/>
						<String ID="P3_ST00074" HPOS="530" VPOS="1043" WIDTH="123" HEIGHT="49" CONTENT="seine" WC="0.98" CC="62033"/>
						<SP ID="P3_SP00064" HPOS="653" VPOS="1105" WIDTH="27"/>
						<String ID="P3_ST00075" HPOS="680" VPOS="1059" WIDTH="189" HEIGHT="50" CONTENT="grossen" WC="0.99" CC="0450313"/>
						<SP ID="P3_SP00065" HPOS="869" VPOS="1109" WIDTH="29"/>
						<String ID="P3_ST00076" HPOS="898" VPOS="1043" WIDTH="304" HEIGHT="51" CONTENT="Fortschritte" WC="0.99" CC="604001720851"/>
						<SP ID="P3_SP00066" HPOS="1202" VPOS="1109" WIDTH="30"/>
						<String ID="P3_ST00077" HPOS="1232" VPOS="1042" WIDTH="57" HEIGHT="50" CONTENT="im" WC="0.73" CC="05"/>
						<SP ID="P3_SP00067" HPOS="1289" VPOS="1109" WIDTH="33"/>
						<String ID="P3_ST00078" HPOS="1322" VPOS="1040" WIDTH="137" HEIGHT="69" CONTENT="Spiel," WC="0.99" CC="500061"/>
						<SP ID="P3_SP00068" HPOS="1459" VPOS="1109" WIDTH="34"/>
						<String ID="P3_ST00079" HPOS="1493" VPOS="1042" WIDTH="58" HEIGHT="48" CONTENT="im" WC="0.59" CC="25"/>
						<SP ID="P3_SP00069" HPOS="1551" VPOS="1109" WIDTH="28"/>
						<String ID="P3_ST00080" HPOS="1579" VPOS="1057" WIDTH="51" HEIGHT="51" CONTENT="ge" SUBS_TYPE="HypPart1" SUBS_CONTENT="getragenen" WC="1.00" CC="00"/>
						<HYP HPOS="1630" VPOS="1057" WIDTH="25" CONTENT="-"/>
					</TextLine>
					<TextLine ID="P3_TL00012" HPOS="92" VPOS="1124" WIDTH="1564" HEIGHT="73">
						<String ID="P3_ST00081" HPOS="92" VPOS="1137" WIDTH="222" HEIGHT="60" CONTENT="tragenen" SUBS_TYPE="HypPart2" SUBS_CONTENT="getragenen" WC="0.99" CC="15562032"/>
						<SP ID="P3_SP00070" HPOS="314" VPOS="1197" WIDTH="32"/>
						<String ID="P3_ST00082" HPOS="346" VPOS="1127" WIDTH="209" HEIGHT="63" CONTENT="Gesänge" WC="0.99" CC="0003390"/>
						<SP ID="P3_SP00071" HPOS="555" VPOS="1197" WIDTH="32"/>
						<String ID="P3_ST00083" HPOS="587" VPOS="1125" WIDTH="94" HEIGHT="51" CONTENT="und" WC="0.96" CC="460"/>
						<SP ID="P3_SP00072" HPOS="681" VPOS="1197" WIDTH="30"/>
						<String ID="P3_ST00084" HPOS="711" VPOS="1125" WIDTH="58" HEIGHT="50" CONTENT="im" WC="0.88" CC="20"/>
						<SP ID="P3_SP00073" HPOS="769" VPOS="1197" WIDTH="25"/>
						<String ID="P3_ST00085" HPOS="794" VPOS="1125" WIDTH="221" HEIGHT="51" CONTENT="Recitativ" WC="0.87" CC="000074000"/>
						<SP ID="P3_SP00074" HPOS="1015" VPOS="1197" WIDTH="30"/>
						<String ID="P3_ST00086" HPOS="1045" VPOS="1125" WIDTH="59" HEIGHT="50" CONTENT="im" WC="1.00" CC="00"/>
						<SP ID="P3_SP00075" HPOS="1104" VPOS="1197" WIDTH="20"/>
						<String ID="P3_ST00087" HPOS="1124" VPOS="1124" WIDTH="193" HEIGHT="51" CONTENT="Gebiete" WC="0.99" CC="0050401"/>
						<SP ID="P3_SP00076" HPOS="1317" VPOS="1197" WIDTH="31"/>
						<String ID="P3_ST00088" HPOS="1348" VPOS="1124" WIDTH="80" HEIGHT="51" CONTENT="der" WC="0.95" CC="930"/>
						<SP ID="P3_SP00077" HPOS="1428" VPOS="1197" WIDTH="29"/>
						<String ID="P3_ST00089" HPOS="1457" VPOS="1124" WIDTH="199" HEIGHT="50" CONTENT="Helden-" WC="0.81" CC="0606000"/>
					</TextLine>
					<TextLine ID="P3_TL00013" HPOS="92" VPOS="1209" WIDTH="1562" HEIGHT="69">
						<String ID="P3_ST00090" HPOS="92" VPOS="1211" WIDTH="183" HEIGHT="52" CONTENT="Tenöre" WC="0.69" CC="505330"/>
						<SP ID="P3_SP00078" HPOS="275" VPOS="1263" WIDTH="30"/>
						<String ID="P3_ST00091" HPOS="305" VPOS="1226" WIDTH="56" HEIGHT="34" CONTENT="an" WC="0.54" CC="62"/>
						<SP ID="P3_SP00079" HPOS="361" VPOS="1263" WIDTH="32"/>
						<String ID="P3_ST00092" HPOS="393" VPOS="1209" WIDTH="86" HEIGHT="51" CONTENT="den" WC="1.00" CC="000"/>
						<SP ID="P3_SP00080" HPOS="479" VPOS="1263" WIDTH="24"/>
						<String ID="P3_ST00093" HPOS="503" VPOS="1211" WIDTH="99" HEIGHT="67" CONTENT="Tag" WC="0.97" CC="070"/>
						<SP ID="P3_SP00081" HPOS="602" VPOS="1278" WIDTH="28"/>
						<String ID="P3_ST00094" HPOS="630" VPOS="1211" WIDTH="136" HEIGHT="67" CONTENT="legte," WC="0.99" CC="340402"/>
						<SP ID="P3_SP00082" HPOS="766" VPOS="1278" WIDTH="31"/>
						<String ID="P3_ST00095" HPOS="797" VPOS="1227" WIDTH="96" HEIGHT="34" CONTENT="war" WC="0.99" CC="011"/>
						<SP ID="P3_SP00083" HPOS="893" VPOS="1278" WIDTH="31"/>
						<String ID="P3_ST00096" HPOS="924" VPOS="1211" WIDTH="69" HEIGHT="49" CONTENT="die" WC="0.99" CC="002"/>
						<SP ID="P3_SP00084" HPOS="993" VPOS="1278" WIDTH="32"/>
						<String ID="P3_ST00097" HPOS="1025" VPOS="1211" WIDTH="156" HEIGHT="49" CONTENT="früher" WC="0.99" CC="430600"/>
						<SP ID="P3_SP00085" HPOS="1181" VPOS="1278" WIDTH="31"/>
						<String ID="P3_ST00098" HPOS="1212" VPOS="1209" WIDTH="40" HEIGHT="50" CONTENT="in" WC="0.64" CC="07"/>
						<SP ID="P3_SP00086" HPOS="1252" VPOS="1278" WIDTH="25"/>
						<String ID="P3_ST00099" HPOS="1277" VPOS="1209" WIDTH="142" HEIGHT="52" CONTENT="Wien" WC="0.98" CC="3004"/>
						<SP ID="P3_SP00087" HPOS="1419" VPOS="1278" WIDTH="28"/>
						<String ID="P3_ST00100" HPOS="1447" VPOS="1226" WIDTH="86" HEIGHT="33" CONTENT="von" WC="0.99" CC="030"/>
						<SP ID="P3_SP00088" HPOS="1533" VPOS="1278" WIDTH="31"/>
						<String ID="P3_ST00101" HPOS="1564" VPOS="1209" WIDTH="90" HEIGHT="49" CONTENT="ihm" WC="0.98" CC="060"/>
					</TextLine>
					<TextLine ID="P3_TL00014" HPOS="92" VPOS="1292" WIDTH="1564" HEIGHT="70">
						<String ID="P3_ST00102" HPOS="92" VPOS="1296" WIDTH="73" HEIGHT="52" CONTENT="nie" WC="0.96" CC="800"/>
						<SP ID="P3_SP00089" HPOS="165" VPOS="1348" WIDTH="31"/>
						<String ID="P3_ST00103" HPOS="196" VPOS="1292" WIDTH="236" HEIGHT="70" CONTENT="gegebene" WC="0.99" CC="02036030"/>
						<SP ID="P3_SP00090" HPOS="432" VPOS="1362" WIDTH="28"/>
						<String ID="P3_ST00104" HPOS="460" VPOS="1294" WIDTH="131" HEIGHT="51" CONTENT="Rolle" WC="0.98" CC="03070"/>
						<SP ID="P3_SP00091" HPOS="591" VPOS="1362" WIDTH="25"/>
						<String ID="P3_ST00105" HPOS="616" VPOS="1294" WIDTH="79" HEIGHT="51" CONTENT="des" WC="1.00" CC="000"/>
						<SP ID="P3_SP00092" HPOS="695" VPOS="1362" WIDTH="19"/>
						<String ID="P3_ST00106" HPOS="714" VPOS="1294" WIDTH="188" HEIGHT="51" CONTENT="Othello" WC="0.98" CC="3540242"/>
						<SP ID="P3_SP00093" HPOS="902" VPOS="1362" WIDTH="30"/>
						<String ID="P3_ST00107" HPOS="932" VPOS="1312" WIDTH="87" HEIGHT="33" CONTENT="von" WC="0.97" CC="006"/>
						<SP ID="P3_SP00094" HPOS="1019" VPOS="1362" WIDTH="18"/>
						<String ID="P3_ST00108" HPOS="1037" VPOS="1293" WIDTH="196" HEIGHT="51" CONTENT="Rossini." WC="1.00" CC="00000504"/>
						<SP ID="P3_SP00095" HPOS="1233" VPOS="1362" WIDTH="32"/>
						<String ID="P3_ST00109" HPOS="1265" VPOS="1293" WIDTH="66" HEIGHT="50" CONTENT="Er" WC="0.73" CC="50"/>
						<SP ID="P3_SP00096" HPOS="1331" VPOS="1362" WIDTH="31"/>
						<String ID="P3_ST00110" HPOS="1362" VPOS="1301" WIDTH="184" HEIGHT="58" CONTENT="erregte" WC="0.99" CC="0420060"/>
						<SP ID="P3_SP00097" HPOS="1546" VPOS="1362" WIDTH="32"/>
						<String ID="P3_ST00111" HPOS="1578" VPOS="1293" WIDTH="78" HEIGHT="50" CONTENT="mit" WC="0.95" CC="606"/>
					</TextLine>
					<TextLine ID="P3_TL00015" HPOS="92" VPOS="1376" WIDTH="1562" HEIGHT="69">
						<String ID="P3_ST00112" HPOS="92" VPOS="1379" WIDTH="150" HEIGHT="51" CONTENT="dieser" WC="1.00" CC="000002"/>
						<SP ID="P3_SP00098" HPOS="242" VPOS="1430" WIDTH="44"/>
						<String ID="P3_ST00113" HPOS="286" VPOS="1377" WIDTH="339" HEIGHT="52" CONTENT="wundervollen" WC="1.00" CC="005002012200"/>
						<SP ID="P3_SP00099" HPOS="625" VPOS="1430" WIDTH="45"/>
						<String ID="P3_ST00114" HPOS="670" VPOS="1378" WIDTH="236" HEIGHT="67" CONTENT="Leistung," WC="0.99" CC="000260090"/>
						<SP ID="P3_SP00100" HPOS="906" VPOS="1445" WIDTH="45"/>
						<String ID="P3_ST00115" HPOS="951" VPOS="1378" WIDTH="42" HEIGHT="50" CONTENT="in" WC="0.68" CC="06"/>
						<SP ID="P3_SP00101" HPOS="993" VPOS="1445" WIDTH="46"/>
						<String ID="P3_ST00116" HPOS="1039" VPOS="1378" WIDTH="80" HEIGHT="50" CONTENT="der" WC="0.98" CC="032"/>
						<SP ID="P3_SP00102" HPOS="1119" VPOS="1445" WIDTH="45"/>
						<String ID="P3_ST00117" HPOS="1164" VPOS="1392" WIDTH="49" HEIGHT="34" CONTENT="er" WC="0.71" CC="05"/>
						<SP ID="P3_SP00103" HPOS="1213" VPOS="1445" WIDTH="45"/>
						<String ID="P3_ST00118" HPOS="1258" VPOS="1395" WIDTH="158" HEIGHT="33" CONTENT="ausser" WC="0.99" CC="400006"/>
						<SP ID="P3_SP00104" HPOS="1416" VPOS="1445" WIDTH="32"/>
						<String ID="P3_ST00119" HPOS="1448" VPOS="1376" WIDTH="206" HEIGHT="50" CONTENT="Donzelli" WC="0.86" CC="03061000"/>
					</TextLine>
					<TextLine ID="P3_TL00016" HPOS="93" VPOS="1459" WIDTH="1561" HEIGHT="60">
						<String ID="P3_ST00120" HPOS="93" VPOS="1461" WIDTH="161" HEIGHT="52" CONTENT="keinen" WC="0.99" CC="001406"/>
						<SP ID="P3_SP00105" HPOS="254" VPOS="1513" WIDTH="28"/>
						<String ID="P3_ST00121" HPOS="282" VPOS="1459" WIDTH="329" HEIGHT="53" CONTENT="Nebenbuhler" WC="0.99" CC="00407606104"/>
						<SP ID="P3_SP00106" HPOS="611" VPOS="1513" WIDTH="29"/>
						<String ID="P3_ST00122" HPOS="640" VPOS="1462" WIDTH="94" HEIGHT="57" CONTENT="hat," WC="0.97" CC="6510"/>
						<SP ID="P3_SP00107" HPOS="734" VPOS="1519" WIDTH="32"/>
						<String ID="P3_ST00123" HPOS="766" VPOS="1462" WIDTH="58" HEIGHT="50" CONTENT="im" WC="0.70" CC="14"/>
						<SP ID="P3_SP00108" HPOS="824" VPOS="1519" WIDTH="30"/>
						<String ID="P3_ST00124" HPOS="854" VPOS="1462" WIDTH="193" HEIGHT="50" CONTENT="vollsten" WC="0.98" CC="61343603"/>
						<SP ID="P3_SP00109" HPOS="1047" VPOS="1519" WIDTH="23"/>
						<String ID="P3_ST00125" HPOS="1070" VPOS="1462" WIDTH="139" HEIGHT="50" CONTENT="Sinne" WC="0.98" CC="01603"/>
						<SP ID="P3_SP00110" HPOS="1209" VPOS="1519" WIDTH="32"/>
						<String ID="P3_ST00126" HPOS="1241" VPOS="1459" WIDTH="81" HEIGHT="51" CONTENT="des" WC="0.98" CC="006"/>
						<SP ID="P3_SP00111" HPOS="1322" VPOS="1519" WIDTH="26"/>
						<String ID="P3_ST00127" HPOS="1348" VPOS="1461" WIDTH="194" HEIGHT="51" CONTENT="Wortes" WC="0.99" CC="000605"/>
						<SP ID="P3_SP00112" HPOS="1542" VPOS="1519" WIDTH="27"/>
						<String ID="P3_ST00128" HPOS="1569" VPOS="1461" WIDTH="57" HEIGHT="48" CONTENT="Be" SUBS_TYPE="HypPart1" SUBS_CONTENT="Begeisterung." WC="0.94" CC="66"/>
						<HYP HPOS="1626" VPOS="1461" WIDTH="28" CONTENT="-"/>
					</TextLine>
					<TextLine ID="P3_TL00017" HPOS="93" VPOS="1543" WIDTH="1560" HEIGHT="70">
						<String ID="P3_ST00129" HPOS="93" VPOS="1546" WIDTH="279" HEIGHT="67" CONTENT="geisterung." SUBS_TYPE="HypPart2" SUBS_CONTENT="Begeisterung." WC="0.99" CC="90422021393"/>
						<SP ID="P3_SP00113" HPOS="372" VPOS="1613" WIDTH="61"/>
						<String ID="P3_ST00130" HPOS="433" VPOS="1545" WIDTH="210" HEIGHT="58" CONTENT="Licinius," WC="0.86" CC="000030170"/>
						<SP ID="P3_SP00114" HPOS="643" VPOS="1613" WIDTH="44"/>
						<String ID="P3_ST00131" HPOS="687" VPOS="1545" WIDTH="181" HEIGHT="52" CONTENT="Johann" WC="0.98" CC="046064"/>
						<SP ID="P3_SP00115" HPOS="868" VPOS="1613" WIDTH="31"/>
						<String ID="P3_ST00132" HPOS="899" VPOS="1562" WIDTH="87" HEIGHT="33" CONTENT="von" WC="1.00" CC="000"/>
						<SP ID="P3_SP00116" HPOS="986" VPOS="1613" WIDTH="33"/>
						<String ID="P3_ST00133" HPOS="1019" VPOS="1545" WIDTH="140" HEIGHT="57" CONTENT="Paris," WC="0.98" CC="044670"/>
						<SP ID="P3_SP00117" HPOS="1159" VPOS="1613" WIDTH="41"/>
						<String ID="P3_ST00134" HPOS="1200" VPOS="1543" WIDTH="244" HEIGHT="68" CONTENT="Rodolphe" WC="0.74" CC="00826030"/>
						<SP ID="P3_SP00118" HPOS="1444" VPOS="1613" WIDTH="47"/>
						<String ID="P3_ST00135" HPOS="1491" VPOS="1543" WIDTH="135" HEIGHT="69" CONTENT="(Roth" SUBS_TYPE="HypPart1" SUBS_CONTENT="(Rothkäppchen)," WC="0.70" CC="60060"/>
						<HYP HPOS="1626" VPOS="1543" WIDTH="27" CONTENT="-"/>
					</TextLine>
					<TextLine ID="P3_TL00018" HPOS="93" VPOS="1627" WIDTH="1560" HEIGHT="71">
						<String ID="P3_ST00136" HPOS="93" VPOS="1628" WIDTH="270" HEIGHT="70" CONTENT="käppchen)," SUBS_TYPE="HypPart2" SUBS_CONTENT="(Rothkäppchen)," WC="0.74" CC="0000070683"/>
						<SP ID="P3_SP00119" HPOS="363" VPOS="1698" WIDTH="44"/>
						<String ID="P3_ST00137" HPOS="407" VPOS="1628" WIDTH="222" HEIGHT="60" CONTENT="Joconde," WC="0.83" CC="03030022"/>
						<SP ID="P3_SP00120" HPOS="629" VPOS="1698" WIDTH="46"/>
						<String ID="P3_ST00138" HPOS="675" VPOS="1630" WIDTH="205" HEIGHT="59" CONTENT="Tamino," WC="0.83" CC="0602002"/>
						<SP ID="P3_SP00121" HPOS="880" VPOS="1698" WIDTH="47"/>
						<String ID="P3_ST00139" HPOS="927" VPOS="1630" WIDTH="196" HEIGHT="49" CONTENT="Arsaces" WC="0.73" CC="6410006"/>
						<SP ID="P3_SP00122" HPOS="1123" VPOS="1698" WIDTH="30"/>
						<String ID="P3_ST00140" HPOS="1153" VPOS="1628" WIDTH="61" HEIGHT="69" CONTENT="(in" WC="0.98" CC="400"/>
						<SP ID="P3_SP00123" HPOS="1214" VPOS="1698" WIDTH="31"/>
						<String ID="P3_ST00141" HPOS="1245" VPOS="1627" WIDTH="278" HEIGHT="59" CONTENT="Semiramis," WC="0.89" CC="0000410004"/>
						<SP ID="P3_SP00124" HPOS="1523" VPOS="1698" WIDTH="30"/>
						<String ID="P3_ST00142" HPOS="1553" VPOS="1627" WIDTH="100" HEIGHT="50" CONTENT="eine" WC="0.99" CC="0030"/>
					</TextLine>
					<TextLine ID="P3_TL00019" HPOS="92" VPOS="1711" WIDTH="1564" HEIGHT="70">
						<String ID="P3_ST00143" HPOS="92" VPOS="1715" WIDTH="81" HEIGHT="51" CONTENT="der" WC="1.00" CC="000"/>
						<SP ID="P3_SP00125" HPOS="173" VPOS="1766" WIDTH="43"/>
						<String ID="P3_ST00144" HPOS="216" VPOS="1713" WIDTH="333" HEIGHT="51" CONTENT="eminentesten" WC="1.00" CC="010300000006"/>
						<SP ID="P3_SP00126" HPOS="549" VPOS="1766" WIDTH="46"/>
						<String ID="P3_ST00145" HPOS="595" VPOS="1713" WIDTH="429" HEIGHT="68" CONTENT="Kunstleistungen)" WC="1.00" CC="2300040406080007"/>
						<SP ID="P3_SP00127" HPOS="1024" VPOS="1781" WIDTH="54"/>
						<String ID="P3_ST00146" HPOS="1078" VPOS="1731" WIDTH="154" HEIGHT="32" CONTENT="waren" WC="1.00" CC="00100"/>
						<SP ID="P3_SP00128" HPOS="1232" VPOS="1781" WIDTH="56"/>
						<String ID="P3_ST00147" HPOS="1288" VPOS="1711" WIDTH="70" HEIGHT="51" CONTENT="die" WC="1.00" CC="000"/>
						<SP ID="P3_SP00129" HPOS="1358" VPOS="1781" WIDTH="42"/>
						<String ID="P3_ST00148" HPOS="1400" VPOS="1711" WIDTH="256" HEIGHT="51" CONTENT="herrlichen" WC="1.00" CC="0000000606"/>
					</TextLine>
					<TextLine ID="P3_TL00020" HPOS="90" VPOS="1795" WIDTH="1565" HEIGHT="61">
						<String ID="P3_ST00149" HPOS="90" VPOS="1797" WIDTH="215" HEIGHT="59" CONTENT="Blüthen," WC="0.73" CC="32054033"/>
						<SP ID="P3_SP00130" HPOS="305" VPOS="1856" WIDTH="41"/>
						<String ID="P3_ST00150" HPOS="346" VPOS="1796" WIDTH="70" HEIGHT="51" CONTENT="die" WC="1.00" CC="000"/>
						<SP ID="P3_SP00131" HPOS="416" VPOS="1856" WIDTH="45"/>
						<String ID="P3_ST00151" HPOS="461" VPOS="1797" WIDTH="167" HEIGHT="51" CONTENT="Wild's" WC="0.84" CC="005030"/>
						<SP ID="P3_SP00132" HPOS="628" VPOS="1856" WIDTH="39"/>
						<String ID="P3_ST00152" HPOS="667" VPOS="1797" WIDTH="311" HEIGHT="51" CONTENT="wundervolle" WC="1.00" CC="00003501101"/>
						<SP ID="P3_SP00133" HPOS="978" VPOS="1856" WIDTH="31"/>
						<String ID="P3_ST00153" HPOS="1009" VPOS="1797" WIDTH="193" HEIGHT="51" CONTENT="Stimme" WC="1.00" CC="001000"/>
						<SP ID="P3_SP00134" HPOS="1202" VPOS="1856" WIDTH="40"/>
						<String ID="P3_ST00154" HPOS="1242" VPOS="1796" WIDTH="94" HEIGHT="51" CONTENT="und" WC="0.94" CC="538"/>
						<SP ID="P3_SP00135" HPOS="1336" VPOS="1856" WIDTH="43"/>
						<String ID="P3_ST00155" HPOS="1379" VPOS="1795" WIDTH="94" HEIGHT="51" CONTENT="sein" WC="0.99" CC="0002"/>
						<SP ID="P3_SP00136" HPOS="1473" VPOS="1856" WIDTH="32"/>
						<String ID="P3_ST00156" HPOS="1505" VPOS="1795" WIDTH="129" HEIGHT="51" CONTENT="classi" SUBS_TYPE="HypPart1" SUBS_CONTENT="classi-9ches" WC="0.75" CC="410060"/>
						<HYP HPOS="1634" VPOS="1795" WIDTH="21" CONTENT="-"/>
					</TextLine>
					<TextLine ID="P3_TL00021" HPOS="92" VPOS="1879" WIDTH="1564" HEIGHT="71">
						<String ID="P3_ST00157" HPOS="92" VPOS="1882" WIDTH="129" HEIGHT="50" CONTENT="9ches" SUBS_TYPE="HypPart2" SUBS_CONTENT="classi-9ches" WC="0.69" CC="80007"/>
						<SP ID="P3_SP00137" HPOS="221" VPOS="1932" WIDTH="32"/>
						<String ID="P3_ST00158" HPOS="253" VPOS="1880" WIDTH="122" HEIGHT="68" CONTENT="Spiel" WC="0.99" CC="00025"/>
						<SP ID="P3_SP00138" HPOS="375" VPOS="1948" WIDTH="25"/>
						<String ID="P3_ST00159" HPOS="400" VPOS="1880" WIDTH="158" HEIGHT="60" CONTENT="boten," WC="0.98" CC="605053"/>
						<SP ID="P3_SP00139" HPOS="558" VPOS="1948" WIDTH="25"/>
						<String ID="P3_ST00160" HPOS="583" VPOS="1881" WIDTH="94" HEIGHT="51" CONTENT="und" WC="0.97" CC="250"/>
						<SP ID="P3_SP00140" HPOS="677" VPOS="1948" WIDTH="34"/>
						<String ID="P3_ST00161" HPOS="711" VPOS="1881" WIDTH="70" HEIGHT="50" CONTENT="die" WC="0.94" CC="904"/>
						<SP ID="P3_SP00141" HPOS="781" VPOS="1948" WIDTH="32"/>
						<String ID="P3_ST00162" HPOS="813" VPOS="1881" WIDTH="94" HEIGHT="51" CONTENT="sein" WC="1.00" CC="0000"/>
						<SP ID="P3_SP00142" HPOS="907" VPOS="1948" WIDTH="32"/>
						<String ID="P3_ST00163" HPOS="939" VPOS="1881" WIDTH="44" HEIGHT="50" CONTENT="in" WC="0.80" CC="03"/>
						<SP ID="P3_SP00143" HPOS="983" VPOS="1948" WIDTH="32"/>
						<String ID="P3_ST00164" HPOS="1015" VPOS="1880" WIDTH="221" HEIGHT="70" CONTENT="lyrischen" WC="0.99" CC="564020607"/>
						<SP ID="P3_SP00144" HPOS="1236" VPOS="1950" WIDTH="32"/>
						<String ID="P3_ST00165" HPOS="1268" VPOS="1880" WIDTH="86" HEIGHT="49" CONTENT="wie" WC="1.00" CC="000"/>
						<SP ID="P3_SP00145" HPOS="1354" VPOS="1950" WIDTH="31"/>
						<String ID="P3_ST00166" HPOS="1385" VPOS="1879" WIDTH="271" HEIGHT="50" CONTENT="classischen" WC="0.69" CC="05406060126"/>
					</TextLine>
					<TextLine ID="P3_TL00022" HPOS="93" VPOS="1962" WIDTH="1563" HEIGHT="71">
						<String ID="P3_ST00167" HPOS="93" VPOS="1966" WIDTH="160" HEIGHT="67" CONTENT="Opern" WC="0.98" CC="60006"/>
						<SP ID="P3_SP00146" HPOS="253" VPOS="2033" WIDTH="32"/>
						<String ID="P3_ST00168" HPOS="285" VPOS="1964" WIDTH="143" HEIGHT="67" CONTENT="gleich" WC="0.99" CC="870000"/>
						<SP ID="P3_SP00147" HPOS="428" VPOS="2033" WIDTH="33"/>
						<String ID="P3_ST00169" HPOS="461" VPOS="1981" WIDTH="183" HEIGHT="49" CONTENT="grosses" WC="0.99" CC="0240460"/>
						<SP ID="P3_SP00148" HPOS="644" VPOS="2033" WIDTH="32"/>
						<String ID="P3_ST00170" HPOS="676" VPOS="1964" WIDTH="162" HEIGHT="50" CONTENT="Talent" WC="0.98" CC="024056"/>
						<SP ID="P3_SP00149" HPOS="838" VPOS="2033" WIDTH="31"/>
						<String ID="P3_ST00171" HPOS="869" VPOS="1964" WIDTH="237" HEIGHT="66" CONTENT="allgemein" WC="0.99" CC="301914006"/>
						<SP ID="P3_SP00150" HPOS="1106" VPOS="2033" WIDTH="45"/>
						<String ID="P3_ST00172" HPOS="1151" VPOS="1962" WIDTH="284" HEIGHT="51" CONTENT="bewundern" WC="0.99" CC="400200026"/>
						<SP ID="P3_SP00151" HPOS="1435" VPOS="2033" WIDTH="45"/>
						<String ID="P3_ST00173" HPOS="1480" VPOS="1962" WIDTH="176" HEIGHT="50" CONTENT="liessen." WC="0.70" CC="54005403"/>
					</TextLine>
					<TextLine ID="P3_TL00023" HPOS="219" VPOS="2045" WIDTH="1436" HEIGHT="70">
						<String ID="P3_ST00174" HPOS="219" VPOS="2047" WIDTH="123" HEIGHT="51" CONTENT="Nach" WC="0.97" CC="0507"/>
						<SP ID="P3_SP00152" HPOS="342" VPOS="2098" WIDTH="48"/>
						<String ID="P3_ST00175" HPOS="390" VPOS="2047" WIDTH="295" HEIGHT="67" CONTENT="Vollendung" WC="0.99" CC="0167001409"/>
						<SP ID="P3_SP00153" HPOS="685" VPOS="2114" WIDTH="58"/>
						<String ID="P3_ST00176" HPOS="743" VPOS="2047" WIDTH="146" HEIGHT="50" CONTENT="dieses" WC="1.00" CC="040000"/>
						<SP ID="P3_SP00154" HPOS="889" VPOS="2114" WIDTH="46"/>
						<String ID="P3_ST00177" HPOS="935" VPOS="2047" WIDTH="250" HEIGHT="68" CONTENT="Gastspiels" WC="0.99" CC="0706200010"/>
						<SP ID="P3_SP00155" HPOS="1185" VPOS="2115" WIDTH="54"/>
						<String ID="P3_ST00178" HPOS="1239" VPOS="2046" WIDTH="161" HEIGHT="50" CONTENT="kehrte" WC="0.98" CC="006165"/>
						<SP ID="P3_SP00156" HPOS="1400" VPOS="2115" WIDTH="48"/>
						<String ID="P3_ST00179" HPOS="1448" VPOS="2063" WIDTH="50" HEIGHT="33" CONTENT="er" WC="0.76" CC="40"/>
						<SP ID="P3_SP00157" HPOS="1498" VPOS="2115" WIDTH="44"/>
						<String ID="P3_ST00180" HPOS="1542" VPOS="2045" WIDTH="113" HEIGHT="51" CONTENT="nach" WC="0.97" CC="6106"/>
					</TextLine>
					<TextLine ID="P3_TL00024" HPOS="89" VPOS="2129" WIDTH="1566" HEIGHT="70">
						<String ID="P3_ST00181" HPOS="89" VPOS="2131" WIDTH="272" HEIGHT="51" CONTENT="Darmstadt" WC="0.99" CC="334000096"/>
						<SP ID="P3_SP00158" HPOS="361" VPOS="2182" WIDTH="29"/>
						<String ID="P3_ST00182" HPOS="390" VPOS="2130" WIDTH="187" HEIGHT="60" CONTENT="zurück," WC="0.99" CC="9405000"/>
						<SP ID="P3_SP00159" HPOS="577" VPOS="2190" WIDTH="34"/>
						<String ID="P3_ST00183" HPOS="611" VPOS="2149" WIDTH="71" HEIGHT="33" CONTENT="wo" WC="0.85" CC="02"/>
						<SP ID="P3_SP00160" HPOS="682" VPOS="2190" WIDTH="29"/>
						<String ID="P3_ST00184" HPOS="711" VPOS="2149" WIDTH="50" HEIGHT="32" CONTENT="er" WC="0.87" CC="02"/>
						<SP ID="P3_SP00161" HPOS="761" VPOS="2190" WIDTH="30"/>
						<String ID="P3_ST00185" HPOS="791" VPOS="2131" WIDTH="65" HEIGHT="50" CONTENT="als" WC="0.97" CC="250"/>
						<SP ID="P3_SP00162" HPOS="856" VPOS="2190" WIDTH="24"/>
						<String ID="P3_ST00186" HPOS="880" VPOS="2131" WIDTH="256" HEIGHT="51" CONTENT="Cassander" WC="0.69" CC="650337000"/>
						<SP ID="P3_SP00163" HPOS="1136" VPOS="2190" WIDTH="24"/>
						<String ID="P3_ST00187" HPOS="1160" VPOS="2131" WIDTH="43" HEIGHT="50" CONTENT="in" WC="0.88" CC="02"/>
						<SP ID="P3_SP00164" HPOS="1203" VPOS="2190" WIDTH="19"/>
						<String ID="P3_ST00188" HPOS="1222" VPOS="2130" WIDTH="248" HEIGHT="69" CONTENT="Spontini's" WC="0.74" CC="0002808240"/>
						<SP ID="P3_SP00165" HPOS="1470" VPOS="2199" WIDTH="28"/>
						<String ID="P3_ST00189" HPOS="1498" VPOS="2129" WIDTH="126" HEIGHT="68" CONTENT="Olym" SUBS_TYPE="HypPart1" SUBS_CONTENT="Olympia" WC="0.97" CC="5690"/>
						<HYP HPOS="1624" VPOS="2129" WIDTH="31" CONTENT="-"/>
					</TextLine>
					<TextLine ID="P3_TL00025" HPOS="90" VPOS="2211" WIDTH="1568" HEIGHT="73">
						<String ID="P3_ST00190" HPOS="90" VPOS="2216" WIDTH="70" HEIGHT="68" CONTENT="pia" SUBS_TYPE="HypPart2" SUBS_CONTENT="Olympia" WC="0.98" CC="023"/>
						<SP ID="P3_SP00166" HPOS="160" VPOS="2284" WIDTH="27"/>
						<String ID="P3_ST00191" HPOS="187" VPOS="2214" WIDTH="169" HEIGHT="51" CONTENT="wieder" WC="0.98" CC="000944"/>
						<SP ID="P3_SP00167" HPOS="356" VPOS="2284" WIDTH="21"/>
						<String ID="P3_ST00192" HPOS="377" VPOS="2214" WIDTH="185" HEIGHT="51" CONTENT="auftrat." WC="0.98" CC="66772020"/>
						<SP ID="P3_SP00168" HPOS="562" VPOS="2284" WIDTH="42"/>
						<String ID="P3_ST00193" HPOS="604" VPOS="2214" WIDTH="146" HEIGHT="51" CONTENT="1821" WC="0.93" CC="0101"/>
						<SP ID="P3_SP00169" HPOS="750" VPOS="2284" WIDTH="22"/>
						<String ID="P3_ST00194" HPOS="772" VPOS="2214" WIDTH="152" HEIGHT="49" CONTENT="—22" WC="0.91" CC="899"/>
						<SP ID="P3_SP00170" HPOS="924" VPOS="2284" WIDTH="34"/>
						<String ID="P3_ST00195" HPOS="958" VPOS="2215" WIDTH="198" HEIGHT="48" CONTENT="erfreute" WC="0.99" CC="06010240"/>
						<SP ID="P3_SP00171" HPOS="1156" VPOS="2284" WIDTH="33"/>
						<String ID="P3_ST00196" HPOS="1189" VPOS="2232" WIDTH="50" HEIGHT="31" CONTENT="er" WC="0.70" CC="05"/>
						<SP ID="P3_SP00172" HPOS="1239" VPOS="2284" WIDTH="22"/>
						<String ID="P3_ST00197" HPOS="1261" VPOS="2211" WIDTH="295" HEIGHT="52" CONTENT="Amsterdam" WC="0.99" CC="020509960"/>
						<SP ID="P3_SP00173" HPOS="1556" VPOS="2284" WIDTH="20"/>
						<String ID="P3_ST00198" HPOS="1576" VPOS="2213" WIDTH="82" HEIGHT="49" CONTENT="mit" WC="0.98" CC="004"/>
					</TextLine>
					<TextLine ID="P3_TL00026" HPOS="92" VPOS="2296" WIDTH="1564" HEIGHT="69">
						<String ID="P3_ST00199" HPOS="92" VPOS="2299" WIDTH="152" HEIGHT="52" CONTENT="seinen" WC="0.99" CC="600230"/>
						<SP ID="P3_SP00174" HPOS="244" VPOS="2351" WIDTH="19"/>
						<String ID="P3_ST00200" HPOS="263" VPOS="2298" WIDTH="494" HEIGHT="67" CONTENT="Kunstschöpfungen;" WC="0.99" CC="06704304800469063"/>
						<SP ID="P3_SP00175" HPOS="757" VPOS="2365" WIDTH="37"/>
						<String ID="P3_ST00201" HPOS="794" VPOS="2296" WIDTH="154" HEIGHT="52" CONTENT="1823" WC="0.96" CC="1000"/>
						<SP ID="P3_SP00176" HPOS="948" VPOS="2365" WIDTH="38"/>
						<String ID="P3_ST00202" HPOS="986" VPOS="2299" WIDTH="132" HEIGHT="49" CONTENT="befiel" WC="1.00" CC="000030"/>
						<SP ID="P3_SP00177" HPOS="1118" VPOS="2365" WIDTH="28"/>
						<String ID="P3_ST00203" HPOS="1146" VPOS="2298" WIDTH="72" HEIGHT="50" CONTENT="ihn" WC="0.96" CC="065"/>
						<SP ID="P3_SP00178" HPOS="1218" VPOS="2365" WIDTH="33"/>
						<String ID="P3_ST00204" HPOS="1251" VPOS="2298" WIDTH="68" HEIGHT="49" CONTENT="ein" WC="0.97" CC="124"/>
						<SP ID="P3_SP00179" HPOS="1319" VPOS="2365" WIDTH="35"/>
						<String ID="P3_ST00205" HPOS="1354" VPOS="2314" WIDTH="199" HEIGHT="51" CONTENT="grosser," WC="0.99" CC="02005090"/>
						<SP ID="P3_SP00180" HPOS="1553" VPOS="2365" WIDTH="33"/>
						<String ID="P3_ST00206" HPOS="1586" VPOS="2296" WIDTH="70" HEIGHT="51" CONTENT="die" WC="0.98" CC="005"/>
					</TextLine>
					<TextLine ID="P3_TL00027" HPOS="90" VPOS="2379" WIDTH="1565" HEIGHT="55">
						<String ID="P3_ST00207" HPOS="90" VPOS="2381" WIDTH="192" HEIGHT="53" CONTENT="höchste" WC="1.00" CC="0000140"/>
						<SP ID="P3_SP00181" HPOS="282" VPOS="2434" WIDTH="32"/>
						<String ID="P3_ST00208" HPOS="314" VPOS="2380" WIDTH="169" HEIGHT="51" CONTENT="Gefahr" WC="0.97" CC="666025"/>
						<SP ID="P3_SP00182" HPOS="483" VPOS="2434" WIDTH="30"/>
						<String ID="P3_ST00209" HPOS="513" VPOS="2380" WIDTH="261" HEIGHT="52" CONTENT="drohender" WC="0.98" CC="940505803"/>
						<SP ID="P3_SP00183" HPOS="774" VPOS="2434" WIDTH="31"/>
						<String ID="P3_ST00210" HPOS="805" VPOS="2381" WIDTH="148" HEIGHT="50" CONTENT="Anfall" WC="0.98" CC="060476"/>
						<SP ID="P3_SP00184" HPOS="953" VPOS="2434" WIDTH="43"/>
						<String ID="P3_ST00211" HPOS="996" VPOS="2381" WIDTH="58" HEIGHT="50" CONTENT="im" WC="1.00" CC="00"/>
						<SP ID="P3_SP00185" HPOS="1054" VPOS="2434" WIDTH="35"/>
						<String ID="P3_ST00212" HPOS="1089" VPOS="2381" WIDTH="122" HEIGHT="50" CONTENT="Bade" WC="0.95" CC="8590"/>
						<SP ID="P3_SP00186" HPOS="1211" VPOS="2434" WIDTH="43"/>
						<String ID="P3_ST00213" HPOS="1254" VPOS="2398" WIDTH="54" HEIGHT="32" CONTENT="zu" WC="0.71" CC="50"/>
						<SP ID="P3_SP00187" HPOS="1308" VPOS="2434" WIDTH="32"/>
						<String ID="P3_ST00214" HPOS="1340" VPOS="2379" WIDTH="315" HEIGHT="51" CONTENT="Schwalbach." WC="1.00" CC="10005024040"/>
					</TextLine>
					<TextLine ID="P3_TL00028" HPOS="89" VPOS="2464" WIDTH="1567" HEIGHT="69">
						<String ID="P3_ST00215" HPOS="89" VPOS="2465" WIDTH="87" HEIGHT="51" CONTENT="Die" WC="0.96" CC="900"/>
						<SP ID="P3_SP00188" HPOS="176" VPOS="2516" WIDTH="29"/>
						<String ID="P3_ST00216" HPOS="205" VPOS="2467" WIDTH="167" HEIGHT="66" CONTENT="Menge" WC="0.98" CC="00490"/>
						<SP ID="P3_SP00189" HPOS="372" VPOS="2533" WIDTH="30"/>
						<String ID="P3_ST00217" HPOS="402" VPOS="2465" WIDTH="78" HEIGHT="49" CONTENT="des" WC="1.00" CC="000"/>
						<SP ID="P3_SP00190" HPOS="480" VPOS="2533" WIDTH="32"/>
						<String ID="P3_ST00218" HPOS="512" VPOS="2465" WIDTH="231" HEIGHT="59" CONTENT="eiskalten," WC="0.99" CC="0600067440"/>
						<SP ID="P3_SP00191" HPOS="743" VPOS="2533" WIDTH="35"/>
						<String ID="P3_ST00219" HPOS="778" VPOS="2465" WIDTH="57" HEIGHT="50" CONTENT="im" WC="0.84" CC="30"/>
						<SP ID="P3_SP00192" HPOS="835" VPOS="2533" WIDTH="33"/>
						<String ID="P3_ST00220" HPOS="868" VPOS="2467" WIDTH="282" HEIGHT="48" CONTENT="nüchternen" WC="0.99" CC="0004649501"/>
						<SP ID="P3_SP00193" HPOS="1150" VPOS="2533" WIDTH="25"/>
						<String ID="P3_ST00221" HPOS="1175" VPOS="2464" WIDTH="232" HEIGHT="51" CONTENT="Zustande" WC="0.99" CC="30254090"/>
						<SP ID="P3_SP00194" HPOS="1407" VPOS="2533" WIDTH="32"/>
						<String ID="P3_ST00222" HPOS="1439" VPOS="2481" WIDTH="190" HEIGHT="48" CONTENT="genosse" SUBS_TYPE="HypPart1" SUBS_CONTENT="genossenen" WC="0.99" CC="9075000"/>
						<HYP HPOS="1629" VPOS="2481" WIDTH="27" CONTENT="-"/>
					</TextLine>
					<TextLine ID="P3_TL00029" HPOS="90" VPOS="2548" WIDTH="1565" HEIGHT="67">
						<String ID="P3_ST00223" HPOS="90" VPOS="2567" WIDTH="88" HEIGHT="34" CONTENT="nen" SUBS_TYPE="HypPart2" SUBS_CONTENT="genossenen" WC="1.00" CC="100"/>
						<SP ID="P3_SP00195" HPOS="178" VPOS="2601" WIDTH="32"/>
						<String ID="P3_ST00224" HPOS="210" VPOS="2549" WIDTH="340" HEIGHT="51" CONTENT="Heilbrunnens" WC="0.99" CC="600060565090"/>
						<SP ID="P3_SP00196" HPOS="550" VPOS="2601" WIDTH="33"/>
						<String ID="P3_ST00225" HPOS="583" VPOS="2549" WIDTH="292" HEIGHT="51" CONTENT="verursachte" WC="0.99" CC="00532354550"/>
						<SP ID="P3_SP00197" HPOS="875" VPOS="2601" WIDTH="32"/>
						<String ID="P3_ST00226" HPOS="907" VPOS="2549" WIDTH="88" HEIGHT="51" CONTENT="ihm" WC="0.98" CC="050"/>
						<SP ID="P3_SP00198" HPOS="995" VPOS="2601" WIDTH="34"/>
						<String ID="P3_ST00227" HPOS="1029" VPOS="2549" WIDTH="128" HEIGHT="51" CONTENT="einen" WC="0.97" CC="30744"/>
						<SP ID="P3_SP00199" HPOS="1157" VPOS="2601" WIDTH="32"/>
						<String ID="P3_ST00228" HPOS="1189" VPOS="2567" WIDTH="51" HEIGHT="33" CONTENT="so" WC="0.73" CC="05"/>
						<SP ID="P3_SP00200" HPOS="1240" VPOS="2601" WIDTH="32"/>
						<String ID="P3_ST00229" HPOS="1272" VPOS="2548" WIDTH="200" HEIGHT="67" CONTENT="heftigen" WC="0.98" CC="40480927"/>
						<SP ID="P3_SP00201" HPOS="1472" VPOS="2615" WIDTH="32"/>
						<String ID="P3_ST00230" HPOS="1504" VPOS="2548" WIDTH="126" HEIGHT="49" CONTENT="Starr" SUBS_TYPE="HypPart1" SUBS_CONTENT="Starrkrampf," WC="0.98" CC="02433"/>
						<HYP HPOS="1630" VPOS="2548" WIDTH="25" CONTENT="-"/>
					</TextLine>
					<TextLine ID="P3_TL00030" HPOS="93" VPOS="2630" WIDTH="1562" HEIGHT="72">
						<String ID="P3_ST00231" HPOS="93" VPOS="2634" WIDTH="190" HEIGHT="68" CONTENT="krampf," SUBS_TYPE="HypPart2" SUBS_CONTENT="Starrkrampf," WC="1.00" CC="0000001"/>
						<SP ID="P3_SP00202" HPOS="283" VPOS="2702" WIDTH="33"/>
						<String ID="P3_ST00232" HPOS="316" VPOS="2632" WIDTH="105" HEIGHT="50" CONTENT="dass" WC="0.91" CC="0030"/>
						<SP ID="P3_SP00203" HPOS="421" VPOS="2702" WIDTH="19"/>
						<String ID="P3_ST00233" HPOS="440" VPOS="2632" WIDTH="114" HEIGHT="50" CONTENT="volle" WC="0.98" CC="00770"/>
						<SP ID="P3_SP00204" HPOS="554" VPOS="2702" WIDTH="20"/>
						<String ID="P3_ST00234" HPOS="574" VPOS="2633" WIDTH="423" HEIGHT="67" CONTENT="Bewusstlosigkeit" WC="0.82" CC="7000041600200006"/>
						<SP ID="P3_SP00205" HPOS="997" VPOS="2702" WIDTH="28"/>
						<String ID="P3_ST00235" HPOS="1025" VPOS="2633" WIDTH="164" HEIGHT="49" CONTENT="eintrat" WC="0.99" CC="0468000"/>
						<SP ID="P3_SP00206" HPOS="1189" VPOS="2702" WIDTH="32"/>
						<String ID="P3_ST00236" HPOS="1221" VPOS="2632" WIDTH="91" HEIGHT="50" CONTENT="und" WC="0.95" CC="066"/>
						<SP ID="P3_SP00207" HPOS="1312" VPOS="2702" WIDTH="32"/>
						<String ID="P3_ST00237" HPOS="1344" VPOS="2632" WIDTH="70" HEIGHT="49" CONTENT="die" WC="0.96" CC="720"/>
						<SP ID="P3_SP00208" HPOS="1414" VPOS="2702" WIDTH="32"/>
						<String ID="P3_ST00238" HPOS="1446" VPOS="2630" WIDTH="209" HEIGHT="66" CONTENT="dortigen" WC="0.99" CC="00343030"/>
					</TextLine>
					<TextLine ID="P3_TL00031" HPOS="92" VPOS="2715" WIDTH="1563" HEIGHT="70">
						<String ID="P3_ST00239" HPOS="92" VPOS="2718" WIDTH="171" HEIGHT="50" CONTENT="Aerzte" WC="0.75" CC="502600"/>
						<SP ID="P3_SP00209" HPOS="263" VPOS="2768" WIDTH="28"/>
						<String ID="P3_ST00240" HPOS="291" VPOS="2715" WIDTH="252" HEIGHT="69" CONTENT="vergebens" WC="0.99" CC="016024000"/>
						<SP ID="P3_SP00210" HPOS="543" VPOS="2784" WIDTH="22"/>
						<String ID="P3_ST00241" HPOS="565" VPOS="2717" WIDTH="96" HEIGHT="49" CONTENT="ihre" WC="0.97" CC="1630"/>
						<SP ID="P3_SP00211" HPOS="661" VPOS="2784" WIDTH="19"/>
						<String ID="P3_ST00242" HPOS="680" VPOS="2718" WIDTH="153" HEIGHT="50" CONTENT="Kunst" WC="0.99" CC="00406"/>
						<SP ID="P3_SP00212" HPOS="833" VPOS="2784" WIDTH="32"/>
						<String ID="P3_ST00243" HPOS="865" VPOS="2717" WIDTH="307" HEIGHT="68" CONTENT="erschöpften," WC="1.00" CC="030060000051"/>
						<SP ID="P3_SP00213" HPOS="1172" VPOS="2785" WIDTH="33"/>
						<String ID="P3_ST00244" HPOS="1205" VPOS="2715" WIDTH="67" HEIGHT="50" CONTENT="bis" WC="0.97" CC="610"/>
						<SP ID="P3_SP00214" HPOS="1272" VPOS="2785" WIDTH="31"/>
						<String ID="P3_ST00245" HPOS="1303" VPOS="2715" WIDTH="80" HEIGHT="50" CONTENT="der" WC="0.96" CC="900"/>
						<SP ID="P3_SP00215" HPOS="1383" VPOS="2785" WIDTH="31"/>
						<String ID="P3_ST00246" HPOS="1414" VPOS="2715" WIDTH="215" HEIGHT="68" CONTENT="grossher" SUBS_TYPE="HypPart1" SUBS_CONTENT="grossherzoglich" WC="0.99" CC="94100305"/>
						<HYP HPOS="1629" VPOS="2715" WIDTH="26" CONTENT="-"/>
					</TextLine>
					<TextLine ID="P3_TL00032" HPOS="90" VPOS="2799" WIDTH="1566" HEIGHT="69">
						<String ID="P3_ST00247" HPOS="90" VPOS="2802" WIDTH="176" HEIGHT="66" CONTENT="zoglich" SUBS_TYPE="HypPart2" SUBS_CONTENT="grossherzoglich" WC="0.98" CC="6094403"/>
						<SP ID="P3_SP00216" HPOS="266" VPOS="2868" WIDTH="31"/>
						<String ID="P3_ST00248" HPOS="297" VPOS="2801" WIDTH="381" HEIGHT="50" CONTENT="darmstädtische" WC="0.99" CC="95000409203000"/>
						<SP ID="P3_SP00217" HPOS="678" VPOS="2868" WIDTH="27"/>
						<String ID="P3_ST00249" HPOS="705" VPOS="2801" WIDTH="211" HEIGHT="50" CONTENT="Leibarzt" WC="0.98" CC="04605367"/>
						<SP ID="P3_SP00218" HPOS="916" VPOS="2868" WIDTH="30"/>
						<String ID="P3_ST00250" HPOS="946" VPOS="2801" WIDTH="92" HEIGHT="49" CONTENT="und" WC="0.95" CC="039"/>
						<SP ID="P3_SP00219" HPOS="1038" VPOS="2868" WIDTH="28"/>
						<String ID="P3_ST00251" HPOS="1066" VPOS="2799" WIDTH="341" HEIGHT="52" CONTENT="Medicinalrath" WC="0.64" CC="6001005605487"/>
						<SP ID="P3_SP00220" HPOS="1407" VPOS="2868" WIDTH="32"/>
						<String ID="P3_ST00252" HPOS="1439" VPOS="2801" WIDTH="81" HEIGHT="49" CONTENT="Dr." WC="0.94" CC="553"/>
						<SP ID="P3_SP00221" HPOS="1520" VPOS="2868" WIDTH="35"/>
						<String ID="P3_ST00253" HPOS="1555" VPOS="2801" WIDTH="68" HEIGHT="47" CONTENT="En" SUBS_TYPE="HypPart1" SUBS_CONTENT="Engel" WC="0.96" CC="06"/>
						<HYP HPOS="1623" VPOS="2801" WIDTH="33" CONTENT="-"/>
					</TextLine>
					<TextLine ID="P3_TL00033" HPOS="93" VPOS="2882" WIDTH="1565" HEIGHT="71">
						<String ID="P3_ST00254" HPOS="93" VPOS="2884" WIDTH="91" HEIGHT="68" CONTENT="gel" SUBS_TYPE="HypPart2" SUBS_CONTENT="Engel" WC="0.96" CC="900"/>
						<SP ID="P3_SP00222" HPOS="184" VPOS="2952" WIDTH="50"/>
						<String ID="P3_ST00255" HPOS="234" VPOS="2883" WIDTH="188" HEIGHT="70" CONTENT="(bereits" WC="1.00" CC="13300000"/>
						<SP ID="P3_SP00223" HPOS="422" VPOS="2953" WIDTH="46"/>
						<String ID="P3_ST00256" HPOS="468" VPOS="2883" WIDTH="266" HEIGHT="67" CONTENT="gestorben)" WC="0.99" CC="0054047040"/>
						<SP ID="P3_SP00224" HPOS="734" VPOS="2953" WIDTH="52"/>
						<String ID="P3_ST00257" HPOS="786" VPOS="2884" WIDTH="74" HEIGHT="50" CONTENT="ihn" WC="0.97" CC="060"/>
						<SP ID="P3_SP00225" HPOS="860" VPOS="2953" WIDTH="57"/>
						<String ID="P3_ST00258" HPOS="917" VPOS="2884" WIDTH="81" HEIGHT="50" CONTENT="der" WC="1.00" CC="000"/>
						<SP ID="P3_SP00226" HPOS="998" VPOS="2953" WIDTH="53"/>
						<String ID="P3_ST00259" HPOS="1051" VPOS="2882" WIDTH="337" HEIGHT="53" CONTENT="schrecklichen" WC="0.99" CC="3063070230500"/>
						<SP ID="P3_SP00227" HPOS="1388" VPOS="2953" WIDTH="46"/>
						<String ID="P3_ST00260" HPOS="1434" VPOS="2882" WIDTH="224" HEIGHT="51" CONTENT="Situation" WC="0.99" CC="000766300"/>
					</TextLine>
					<TextLine ID="P3_TL00034" HPOS="93" VPOS="2966" WIDTH="1563" HEIGHT="70">
						<String ID="P3_ST00261" HPOS="93" VPOS="2968" WIDTH="222" HEIGHT="68" CONTENT="glücklich" WC="0.99" CC="030006044"/>
						<SP ID="P3_SP00228" HPOS="315" VPOS="3036" WIDTH="35"/>
						<String ID="P3_ST00262" HPOS="350" VPOS="2968" WIDTH="163" HEIGHT="51" CONTENT="entriss" WC="0.57" CC="6874300"/>
						<SP ID="P3_SP00229" HPOS="513" VPOS="3036" WIDTH="35"/>
						<String ID="P3_ST00263" HPOS="548" VPOS="2967" WIDTH="90" HEIGHT="51" CONTENT="und" WC="0.96" CC="450"/>
						<SP ID="P3_SP00230" HPOS="638" VPOS="3036" WIDTH="32"/>
						<String ID="P3_ST00264" HPOS="670" VPOS="2968" WIDTH="113" HEIGHT="51" CONTENT="nach" WC="0.98" CC="0505"/>
						<SP ID="P3_SP00231" HPOS="783" VPOS="3036" WIDTH="34"/>
						<String ID="P3_ST00265" HPOS="817" VPOS="2968" WIDTH="110" HEIGHT="50" CONTENT="zwei" WC="0.99" CC="6000"/>
						<SP ID="P3_SP00232" HPOS="927" VPOS="3036" WIDTH="28"/>
						<String ID="P3_ST00266" HPOS="955" VPOS="2969" WIDTH="215" HEIGHT="49" CONTENT="Monaten" WC="0.98" CC="9061006"/>
						<SP ID="P3_SP00233" HPOS="1170" VPOS="3036" WIDTH="35"/>
						<String ID="P3_ST00267" HPOS="1205" VPOS="2967" WIDTH="168" HEIGHT="51" CONTENT="wieder" WC="0.99" CC="005009"/>
						<SP ID="P3_SP00234" HPOS="1373" VPOS="3036" WIDTH="33"/>
						<String ID="P3_ST00268" HPOS="1406" VPOS="2966" WIDTH="250" HEIGHT="50" CONTENT="herstellte." WC="0.99" CC="50263051403"/>
					</TextLine>
					<TextLine ID="P3_TL00035" HPOS="98" VPOS="3049" WIDTH="1560" HEIGHT="69">
						<String ID="P3_ST00269" HPOS="98" VPOS="3049" WIDTH="155" HEIGHT="53" CONTENT="1824" WC="0.90" CC="3000"/>
						<SP ID="P3_SP00235" HPOS="253" VPOS="3102" WIDTH="37"/>
						<String ID="P3_ST00270" HPOS="290" VPOS="3049" WIDTH="183" HEIGHT="51" CONTENT="verliess" WC="0.64" CC="02563306"/>
						<SP ID="P3_SP00236" HPOS="473" VPOS="3102" WIDTH="42"/>
						<String ID="P3_ST00271" HPOS="515" VPOS="3069" WIDTH="50" HEIGHT="33" CONTENT="er" WC="0.90" CC="02"/>
						<SP ID="P3_SP00237" HPOS="565" VPOS="3102" WIDTH="35"/>
						<String ID="P3_ST00272" HPOS="600" VPOS="3052" WIDTH="265" HEIGHT="50" CONTENT="Darmstadt" WC="0.99" CC="361000770"/>
						<SP ID="P3_SP00238" HPOS="865" VPOS="3102" WIDTH="45"/>
						<String ID="P3_ST00273" HPOS="910" VPOS="3052" WIDTH="90" HEIGHT="48" CONTENT="und" WC="0.92" CC="488"/>
						<SP ID="P3_SP00239" HPOS="1000" VPOS="3102" WIDTH="47"/>
						<String ID="P3_ST00274" HPOS="1047" VPOS="3051" WIDTH="147" HEIGHT="67" CONTENT="begab" WC="0.97" CC="78015"/>
						<SP ID="P3_SP00240" HPOS="1194" VPOS="3118" WIDTH="45"/>
						<String ID="P3_ST00275" HPOS="1239" VPOS="3051" WIDTH="91" HEIGHT="49" CONTENT="sich" WC="0.99" CC="1400"/>
						<SP ID="P3_SP00241" HPOS="1330" VPOS="3118" WIDTH="44"/>
						<String ID="P3_ST00276" HPOS="1374" VPOS="3049" WIDTH="112" HEIGHT="51" CONTENT="nach" WC="0.98" CC="0105"/>
						<SP ID="P3_SP00242" HPOS="1486" VPOS="3118" WIDTH="32"/>
						<String ID="P3_ST00277" HPOS="1518" VPOS="3049" WIDTH="140" HEIGHT="58" CONTENT="Paris," WC="0.96" CC="965564"/>
					</TextLine>
					<TextLine ID="P3_TL00036" HPOS="92" VPOS="3133" WIDTH="1564" HEIGHT="69">
						<String ID="P3_ST00278" HPOS="92" VPOS="3135" WIDTH="132" HEIGHT="49" CONTENT="theils" WC="0.92" CC="000201"/>
						<SP ID="P3_SP00243" HPOS="224" VPOS="3184" WIDTH="34"/>
						<String ID="P3_ST00279" HPOS="258" VPOS="3152" WIDTH="75" HEIGHT="32" CONTENT="um" WC="0.69" CC="05"/>
						<SP ID="P3_SP00244" HPOS="333" VPOS="3184" WIDTH="34"/>
						<String ID="P3_ST00280" HPOS="367" VPOS="3133" WIDTH="70" HEIGHT="50" CONTENT="die" WC="0.98" CC="040"/>
						<SP ID="P3_SP00245" HPOS="437" VPOS="3184" WIDTH="28"/>
						<String ID="P3_ST00281" HPOS="465" VPOS="3135" WIDTH="210" HEIGHT="67" CONTENT="dortigen" WC="0.99" CC="00366000"/>
						<SP ID="P3_SP00246" HPOS="675" VPOS="3202" WIDTH="20"/>
						<String ID="P3_ST00282" HPOS="695" VPOS="3135" WIDTH="458" HEIGHT="50" CONTENT="Theater-Zustände" WC="0.65" CC="2106053307069405"/>
						<SP ID="P3_SP00247" HPOS="1153" VPOS="3202" WIDTH="35"/>
						<String ID="P3_ST00283" HPOS="1188" VPOS="3135" WIDTH="178" HEIGHT="49" CONTENT="kennen" WC="0.99" CC="002246"/>
						<SP ID="P3_SP00248" HPOS="1366" VPOS="3202" WIDTH="30"/>
						<String ID="P3_ST00284" HPOS="1396" VPOS="3151" WIDTH="57" HEIGHT="33" CONTENT="zu" WC="0.64" CC="70"/>
						<SP ID="P3_SP00249" HPOS="1453" VPOS="3202" WIDTH="33"/>
						<String ID="P3_ST00285" HPOS="1486" VPOS="3133" WIDTH="170" HEIGHT="57" CONTENT="lernen," WC="0.99" CC="3007060"/>
					</TextLine>
					<TextLine ID="P3_TL00037" HPOS="93" VPOS="3216" WIDTH="1566" HEIGHT="68">
						<String ID="P3_ST00286" HPOS="93" VPOS="3217" WIDTH="131" HEIGHT="51" CONTENT="theils" WC="0.72" CC="260070"/>
						<SP ID="P3_SP00250" HPOS="224" VPOS="3268" WIDTH="33"/>
						<String ID="P3_ST00287" HPOS="257" VPOS="3235" WIDTH="73" HEIGHT="33" CONTENT="um" WC="0.97" CC="00"/>
						<SP ID="P3_SP00251" HPOS="330" VPOS="3268" WIDTH="37"/>
						<String ID="P3_ST00288" HPOS="367" VPOS="3225" WIDTH="135" HEIGHT="42" CONTENT="unter" WC="0.97" CC="77330"/>
						<SP ID="P3_SP00252" HPOS="502" VPOS="3268" WIDTH="16"/>
						<String ID="P3_ST00289" HPOS="518" VPOS="3218" WIDTH="220" HEIGHT="52" CONTENT="Rossini's" WC="0.65" CC="402641407"/>
						<SP ID="P3_SP00253" HPOS="738" VPOS="3270" WIDTH="34"/>
						<String ID="P3_ST00290" HPOS="772" VPOS="3220" WIDTH="91" HEIGHT="49" CONTENT="und" WC="0.95" CC="409"/>
						<SP ID="P3_SP00254" HPOS="863" VPOS="3270" WIDTH="17"/>
						<String ID="P3_ST00291" HPOS="880" VPOS="3218" WIDTH="272" HEIGHT="66" CONTENT="Bordogni's" WC="0.62" CC="9301596000"/>
						<SP ID="P3_SP00255" HPOS="1152" VPOS="3284" WIDTH="18"/>
						<String ID="P3_ST00292" HPOS="1170" VPOS="3218" WIDTH="199" HEIGHT="66" CONTENT="Leitung" WC="0.98" CC="0108760"/>
						<SP ID="P3_SP00256" HPOS="1369" VPOS="3284" WIDTH="33"/>
						<String ID="P3_ST00293" HPOS="1402" VPOS="3217" WIDTH="117" HEIGHT="50" CONTENT="noch" WC="0.97" CC="5006"/>
						<SP ID="P3_SP00257" HPOS="1519" VPOS="3284" WIDTH="26"/>
						<String ID="P3_ST00294" HPOS="1545" VPOS="3216" WIDTH="114" HEIGHT="66" CONTENT="jetzt" WC="0.98" CC="03075"/>
					</TextLine>
					<TextLine ID="P3_TL00038" HPOS="94" VPOS="3300" WIDTH="1564" HEIGHT="70">
						<String ID="P3_ST00295" HPOS="94" VPOS="3302" WIDTH="69" HEIGHT="50" CONTENT="die" WC="0.98" CC="050"/>
						<SP ID="P3_SP00258" HPOS="163" VPOS="3352" WIDTH="32"/>
						<String ID="P3_ST00296" HPOS="195" VPOS="3301" WIDTH="349" HEIGHT="66" CONTENT="kunstgemässe" WC="0.75" CC="045370080000"/>
						<SP ID="P3_SP00259" HPOS="544" VPOS="3367" WIDTH="30"/>
						<String ID="P3_ST00297" HPOS="574" VPOS="3302" WIDTH="329" HEIGHT="68" CONTENT="Verwendung" WC="0.99" CC="0090500560"/>
						<SP ID="P3_SP00260" HPOS="903" VPOS="3370" WIDTH="38"/>
						<String ID="P3_ST00298" HPOS="941" VPOS="3302" WIDTH="78" HEIGHT="50" CONTENT="des" WC="0.99" CC="001"/>
						<SP ID="P3_SP00261" HPOS="1019" VPOS="3370" WIDTH="35"/>
						<String ID="P3_ST00299" HPOS="1054" VPOS="3302" WIDTH="173" HEIGHT="50" CONTENT="Falsets" WC="0.67" CC="2630063"/>
						<SP ID="P3_SP00262" HPOS="1227" VPOS="3370" WIDTH="34"/>
						<String ID="P3_ST00300" HPOS="1261" VPOS="3302" WIDTH="44" HEIGHT="48" CONTENT="in" WC="1.00" CC="00"/>
						<SP ID="P3_SP00263" HPOS="1305" VPOS="3370" WIDTH="33"/>
						<String ID="P3_ST00301" HPOS="1338" VPOS="3301" WIDTH="141" HEIGHT="49" CONTENT="ihrem" WC="0.97" CC="07427"/>
						<SP ID="P3_SP00264" HPOS="1479" VPOS="3370" WIDTH="35"/>
						<String ID="P3_ST00302" HPOS="1514" VPOS="3300" WIDTH="144" HEIGHT="49" CONTENT="vollen" WC="1.00" CC="000400"/>
					</TextLine>
					<TextLine ID="P3_TL00039" HPOS="93" VPOS="3384" WIDTH="561" HEIGHT="67">
						<String ID="P3_ST00303" HPOS="93" VPOS="3385" WIDTH="223" HEIGHT="66" CONTENT="Umfange" WC="0.98" CC="3046090"/>
						<SP ID="P3_SP00265" HPOS="316" VPOS="3451" WIDTH="32"/>
						<String ID="P3_ST00304" HPOS="348" VPOS="3403" WIDTH="55" HEIGHT="30" CONTENT="zu" WC="0.33" CC="67"/>
						<SP ID="P3_SP00266" HPOS="403" VPOS="3451" WIDTH="33"/>
						<String ID="P3_ST00305" HPOS="436" VPOS="3384" WIDTH="218" HEIGHT="50" CONTENT="studiren." WC="0.65" CC="016924070"/>
					</TextLine>
					<TextLine ID="P3_TL00040" HPOS="217" VPOS="3466" WIDTH="1447" HEIGHT="67">
						<String ID="P3_ST00306" HPOS="217" VPOS="3470" WIDTH="53" HEIGHT="48" CONTENT="In" WC="0.59" CC="34"/>
						<SP ID="P3_SP00267" HPOS="270" VPOS="3518" WIDTH="30"/>
						<String ID="P3_ST00307" HPOS="300" VPOS="3467" WIDTH="127" HEIGHT="50" CONTENT="Paris" WC="0.99" CC="03040"/>
						<SP ID="P3_SP00268" HPOS="427" VPOS="3518" WIDTH="36"/>
						<String ID="P3_ST00308" HPOS="463" VPOS="3485" WIDTH="113" HEIGHT="48" CONTENT="sang" WC="0.97" CC="3550"/>
						<SP ID="P3_SP00269" HPOS="576" VPOS="3533" WIDTH="30"/>
						<String ID="P3_ST00309" HPOS="606" VPOS="3485" WIDTH="50" HEIGHT="32" CONTENT="er" WC="0.83" CC="30"/>
						<SP ID="P3_SP00270" HPOS="656" VPOS="3533" WIDTH="30"/>
						<String ID="P3_ST00310" HPOS="686" VPOS="3467" WIDTH="42" HEIGHT="49" CONTENT="in" WC="0.51" CC="45"/>
						<SP ID="P3_SP00271" HPOS="728" VPOS="3533" WIDTH="32"/>
						<String ID="P3_ST00311" HPOS="760" VPOS="3469" WIDTH="354" HEIGHT="49" CONTENT="verschiedenen" WC="1.00" CC="0030340000200"/>
						<SP ID="P3_SP00272" HPOS="1114" VPOS="3533" WIDTH="33"/>
						<String ID="P3_ST00312" HPOS="1147" VPOS="3467" WIDTH="273" HEIGHT="51" CONTENT="Concerten." WC="0.78" CC="5010025052"/>
						<SP ID="P3_SP00273" HPOS="1420" VPOS="3533" WIDTH="47"/>
						<String ID="P3_ST00313" HPOS="1467" VPOS="3466" WIDTH="197" HEIGHT="50" CONTENT="Hierauf" WC="0.98" CC="7005564"/>
					</TextLine>
					<TextLine ID="P3_TL00041" HPOS="94" VPOS="3549" WIDTH="1564" HEIGHT="67">
						<String ID="P3_ST00314" HPOS="94" VPOS="3552" WIDTH="179" HEIGHT="50" CONTENT="machte" WC="0.99" CC="100050"/>
						<SP ID="P3_SP00274" HPOS="273" VPOS="3602" WIDTH="51"/>
						<String ID="P3_ST00315" HPOS="324" VPOS="3569" WIDTH="50" HEIGHT="32" CONTENT="er" WC="0.59" CC="43"/>
						<SP ID="P3_SP00275" HPOS="374" VPOS="3602" WIDTH="47"/>
						<String ID="P3_ST00316" HPOS="421" VPOS="3552" WIDTH="97" HEIGHT="49" CONTENT="eine" WC="0.98" CC="0151"/>
						<SP ID="P3_SP00276" HPOS="518" VPOS="3602" WIDTH="47"/>
						<String ID="P3_ST00317" HPOS="565" VPOS="3551" WIDTH="286" HEIGHT="56" CONTENT="Kunstreise," WC="0.99" CC="00567420030"/>
						<SP ID="P3_SP00277" HPOS="851" VPOS="3607" WIDTH="46"/>
						<String ID="P3_ST00318" HPOS="897" VPOS="3551" WIDTH="81" HEIGHT="50" CONTENT="auf" WC="0.95" CC="930"/>
						<SP ID="P3_SP00278" HPOS="978" VPOS="3607" WIDTH="38"/>
						<String ID="P3_ST00319" HPOS="1016" VPOS="3551" WIDTH="80" HEIGHT="48" CONTENT="der" WC="0.99" CC="002"/>
						<SP ID="P3_SP00279" HPOS="1096" VPOS="3607" WIDTH="47"/>
						<String ID="P3_ST00320" HPOS="1143" VPOS="3551" WIDTH="88" HEIGHT="50" CONTENT="ihm" WC="0.97" CC="070"/>
						<SP ID="P3_SP00280" HPOS="1231" VPOS="3607" WIDTH="47"/>
						<String ID="P3_ST00321" HPOS="1278" VPOS="3551" WIDTH="43" HEIGHT="50" CONTENT="in" WC="0.80" CC="04"/>
						<SP ID="P3_SP00281" HPOS="1321" VPOS="3607" WIDTH="46"/>
						<String ID="P3_ST00322" HPOS="1367" VPOS="3549" WIDTH="291" HEIGHT="67" CONTENT="Strassburg," WC="0.60" CC="13550775600"/>
					</TextLine>
					<TextLine ID="P3_TL00042" HPOS="94" VPOS="3634" WIDTH="1564" HEIGHT="59">
						<String ID="P3_ST00323" HPOS="94" VPOS="3636" WIDTH="271" HEIGHT="57" CONTENT="Karlsruhe," WC="1.00" CC="0225020003"/>
						<SP ID="P3_SP00282" HPOS="365" VPOS="3693" WIDTH="33"/>
						<String ID="P3_ST00324" HPOS="398" VPOS="3635" WIDTH="245" HEIGHT="49" CONTENT="Frankfurt" WC="0.99" CC="417600546"/>
						<SP ID="P3_SP00283" HPOS="643" VPOS="3693" WIDTH="43"/>
						<String ID="P3_ST00325" HPOS="686" VPOS="3653" WIDTH="71" HEIGHT="30" CONTENT="am" WC="0.73" CC="31"/>
						<SP ID="P3_SP00284" HPOS="757" VPOS="3693" WIDTH="32"/>
						<String ID="P3_ST00326" HPOS="789" VPOS="3634" WIDTH="121" HEIGHT="49" CONTENT="Main" WC="0.99" CC="0300"/>
						<SP ID="P3_SP00285" HPOS="910" VPOS="3693" WIDTH="43"/>
						<String ID="P3_ST00327" HPOS="953" VPOS="3635" WIDTH="164" HEIGHT="49" CONTENT="frische" WC="0.99" CC="0501070"/>
						<SP ID="P3_SP00286" HPOS="1117" VPOS="3693" WIDTH="35"/>
						<String ID="P3_ST00328" HPOS="1152" VPOS="3635" WIDTH="215" HEIGHT="49" CONTENT="Lorbern" WC="0.99" CC="0064300"/>
						<SP ID="P3_SP00287" HPOS="1367" VPOS="3693" WIDTH="35"/>
						<String ID="P3_ST00329" HPOS="1402" VPOS="3634" WIDTH="256" HEIGHT="49" CONTENT="erblühten." WC="0.99" CC="4070026563"/>
					</TextLine>
					<TextLine ID="P3_TL00043" HPOS="94" VPOS="3718" WIDTH="1565" HEIGHT="67">
						<String ID="P3_ST00330" HPOS="94" VPOS="3721" WIDTH="66" HEIGHT="49" CONTENT="Er" WC="0.68" CC="24"/>
						<SP ID="P3_SP00288" HPOS="160" VPOS="3770" WIDTH="29"/>
						<String ID="P3_ST00331" HPOS="189" VPOS="3720" WIDTH="134" HEIGHT="50" CONTENT="nahm" WC="0.96" CC="5570"/>
						<SP ID="P3_SP00289" HPOS="323" VPOS="3770" WIDTH="34"/>
						<String ID="P3_ST00332" HPOS="357" VPOS="3737" WIDTH="94" HEIGHT="33" CONTENT="nun" WC="0.97" CC="061"/>
						<SP ID="P3_SP00290" HPOS="451" VPOS="3770" WIDTH="32"/>
						<String ID="P3_ST00333" HPOS="483" VPOS="3721" WIDTH="68" HEIGHT="47" CONTENT="ein" WC="0.96" CC="207"/>
						<SP ID="P3_SP00291" HPOS="551" VPOS="3770" WIDTH="21"/>
						<String ID="P3_ST00334" HPOS="572" VPOS="3720" WIDTH="317" HEIGHT="65" CONTENT="Engagement" WC="0.98" CC="0697046553"/>
						<SP ID="P3_SP00292" HPOS="889" VPOS="3785" WIDTH="24"/>
						<String ID="P3_ST00335" HPOS="913" VPOS="3734" WIDTH="70" HEIGHT="33" CONTENT="am" WC="0.59" CC="61"/>
						<SP ID="P3_SP00293" HPOS="983" VPOS="3785" WIDTH="31"/>
						<String ID="P3_ST00336" HPOS="1014" VPOS="3718" WIDTH="352" HEIGHT="49" CONTENT="kurfürstlichen" WC="1.00" CC="02200405000500"/>
						<SP ID="P3_SP00294" HPOS="1366" VPOS="3785" WIDTH="21"/>
						<String ID="P3_ST00337" HPOS="1387" VPOS="3718" WIDTH="272" HEIGHT="49" CONTENT="Hoftheater" WC="0.99" CC="5507505060"/>
					</TextLine>
					<TextLine ID="P3_TL00044" HPOS="96" VPOS="3799" WIDTH="1558" HEIGHT="62">
						<String ID="P3_ST00338" HPOS="96" VPOS="3805" WIDTH="43" HEIGHT="50" CONTENT="in" WC="0.80" CC="03"/>
						<SP ID="P3_SP00295" HPOS="139" VPOS="3855" WIDTH="30"/>
						<String ID="P3_ST00339" HPOS="169" VPOS="3803" WIDTH="211" HEIGHT="52" CONTENT="Kassel" WC="0.99" CC="046030"/>
						<SP ID="P3_SP00296" HPOS="380" VPOS="3855" WIDTH="30"/>
						<String ID="P3_ST00340" HPOS="410" VPOS="3819" WIDTH="72" HEIGHT="42" CONTENT="an," WC="0.95" CC="552"/>
						<SP ID="P3_SP00297" HPOS="482" VPOS="3861" WIDTH="28"/>
						<String ID="P3_ST00341" HPOS="510" VPOS="3819" WIDTH="73" HEIGHT="33" CONTENT="wo" WC="1.00" CC="00"/>
						<SP ID="P3_SP00298" HPOS="583" VPOS="3861" WIDTH="24"/>
						<String ID="P3_ST00342" HPOS="607" VPOS="3819" WIDTH="50" HEIGHT="32" CONTENT="er" WC="0.91" CC="01"/>
						<SP ID="P3_SP00299" HPOS="657" VPOS="3861" WIDTH="24"/>
						<String ID="P3_ST00343" HPOS="681" VPOS="3803" WIDTH="63" HEIGHT="48" CONTENT="als" WC="0.97" CC="403"/>
						<SP ID="P3_SP00300" HPOS="744" VPOS="3861" WIDTH="18"/>
						<String ID="P3_ST00344" HPOS="762" VPOS="3801" WIDTH="187" HEIGHT="50" CONTENT="Othello" WC="0.98" CC="0760634"/>
						<SP ID="P3_SP00301" HPOS="949" VPOS="3861" WIDTH="24"/>
						<String ID="P3_ST00345" HPOS="973" VPOS="3800" WIDTH="244" HEIGHT="50" CONTENT="debutirte." WC="0.89" CC="0140100200"/>
						<SP ID="P3_SP00302" HPOS="1217" VPOS="3861" WIDTH="33"/>
						<String ID="P3_ST00346" HPOS="1250" VPOS="3801" WIDTH="67" HEIGHT="49" CONTENT="Im" WC="0.56" CC="08"/>
						<SP ID="P3_SP00303" HPOS="1317" VPOS="3861" WIDTH="21"/>
						<String ID="P3_ST00347" HPOS="1338" VPOS="3801" WIDTH="141" HEIGHT="50" CONTENT="Jahre" WC="0.98" CC="70250"/>
						<SP ID="P3_SP00304" HPOS="1479" VPOS="3861" WIDTH="24"/>
						<String ID="P3_ST00348" HPOS="1503" VPOS="3799" WIDTH="151" HEIGHT="52" CONTENT="1826" WC="0.76" CC="0405"/>
					</TextLine>
					<TextLine ID="P3_TL00045" HPOS="96" VPOS="3883" WIDTH="1563" HEIGHT="69">
						<String ID="P3_ST00349" HPOS="96" VPOS="3885" WIDTH="88" HEIGHT="67" CONTENT="gab" WC="0.93" CC="963"/>
						<SP ID="P3_SP00305" HPOS="184" VPOS="3952" WIDTH="31"/>
						<String ID="P3_ST00350" HPOS="215" VPOS="3904" WIDTH="49" HEIGHT="32" CONTENT="er" WC="1.00" CC="00"/>
						<SP ID="P3_SP00306" HPOS="264" VPOS="3952" WIDTH="31"/>
						<String ID="P3_ST00351" HPOS="295" VPOS="3886" WIDTH="42" HEIGHT="50" CONTENT="in" WC="0.94" CC="10"/>
						<SP ID="P3_SP00307" HPOS="337" VPOS="3952" WIDTH="33"/>
						<String ID="P3_ST00352" HPOS="370" VPOS="3885" WIDTH="148" HEIGHT="50" CONTENT="Berlin" WC="0.99" CC="701010"/>
						<SP ID="P3_SP00308" HPOS="518" VPOS="3952" WIDTH="33"/>
						<String ID="P3_ST00353" HPOS="551" VPOS="3884" WIDTH="70" HEIGHT="49" CONTENT="16" WC="0.42" CC="56"/>
						<SP ID="P3_SP00309" HPOS="621" VPOS="3952" WIDTH="23"/>
						<String ID="P3_ST00354" HPOS="644" VPOS="3884" WIDTH="274" HEIGHT="60" CONTENT="Gastrollen," WC="0.99" CC="05547100043"/>
						<SP ID="P3_SP00310" HPOS="918" VPOS="3952" WIDTH="32"/>
						<String ID="P3_ST00355" HPOS="950" VPOS="3892" WIDTH="135" HEIGHT="41" CONTENT="unter" WC="0.99" CC="00604"/>
						<SP ID="P3_SP00311" HPOS="1085" VPOS="3952" WIDTH="30"/>
						<String ID="P3_ST00356" HPOS="1115" VPOS="3883" WIDTH="206" HEIGHT="49" CONTENT="welchen" WC="0.99" CC="0010600"/>
						<SP ID="P3_SP00312" HPOS="1321" VPOS="3952" WIDTH="32"/>
						<String ID="P3_ST00357" HPOS="1353" VPOS="3883" WIDTH="187" HEIGHT="50" CONTENT="Othello" WC="0.99" CC="6000720"/>
						<SP ID="P3_SP00313" HPOS="1540" VPOS="3952" WIDTH="33"/>
						<String ID="P3_ST00358" HPOS="1573" VPOS="3883" WIDTH="86" HEIGHT="49" CONTENT="den" WC="1.00" CC="000"/>
					</TextLine>
					<TextLine ID="P3_TL00046" HPOS="96" VPOS="3965" WIDTH="1563" HEIGHT="71">
						<String ID="P3_ST00359" HPOS="96" VPOS="3972" WIDTH="127" HEIGHT="48" CONTENT="Preis" WC="0.99" CC="00031"/>
						<SP ID="P3_SP00314" HPOS="223" VPOS="4020" WIDTH="31"/>
						<String ID="P3_ST00360" HPOS="254" VPOS="3987" WIDTH="181" HEIGHT="49" CONTENT="errang," WC="0.99" CC="0106300"/>
						<SP ID="P3_SP00315" HPOS="435" VPOS="4036" WIDTH="33"/>
						<String ID="P3_ST00361" HPOS="468" VPOS="3969" WIDTH="91" HEIGHT="50" CONTENT="und" WC="0.94" CC="166"/>
						<SP ID="P3_SP00316" HPOS="559" VPOS="4036" WIDTH="31"/>
						<String ID="P3_ST00362" HPOS="590" VPOS="3969" WIDTH="41" HEIGHT="48" CONTENT="in" WC="0.62" CC="42"/>
						<SP ID="P3_SP00317" HPOS="631" VPOS="4036" WIDTH="33"/>
						<String ID="P3_ST00363" HPOS="664" VPOS="3969" WIDTH="121" HEIGHT="65" CONTENT="Prag" WC="0.99" CC="0030"/>
						<SP ID="P3_SP00318" HPOS="785" VPOS="4036" WIDTH="37"/>
						<String ID="P3_ST00364" HPOS="822" VPOS="3968" WIDTH="86" HEIGHT="49" CONTENT="14." WC="0.64" CC="703"/>
						<SP ID="P3_SP00319" HPOS="908" VPOS="4036" WIDTH="40"/>
						<String ID="P3_ST00365" HPOS="948" VPOS="3965" WIDTH="152" HEIGHT="52" CONTENT="1829" WC="0.52" CC="1097"/>
						<SP ID="P3_SP00320" HPOS="1100" VPOS="4036" WIDTH="37"/>
						<String ID="P3_ST00366" HPOS="1137" VPOS="3983" WIDTH="71" HEIGHT="33" CONTENT="am" WC="1.00" CC="00"/>
						<SP ID="P3_SP00321" HPOS="1208" VPOS="4036" WIDTH="41"/>
						<String ID="P3_ST00367" HPOS="1249" VPOS="3965" WIDTH="85" HEIGHT="51" CONTENT="16." WC="0.52" CC="463"/>
						<SP ID="P3_SP00322" HPOS="1334" VPOS="4036" WIDTH="19"/>
						<String ID="P3_ST00368" HPOS="1353" VPOS="3966" WIDTH="94" HEIGHT="50" CONTENT="Juli" WC="0.99" CC="0060"/>
						<SP ID="P3_SP00323" HPOS="1447" VPOS="4036" WIDTH="33"/>
						<String ID="P3_ST00369" HPOS="1480" VPOS="3965" WIDTH="179" HEIGHT="67" CONTENT="begann" WC="0.98" CC="300646"/>
					</TextLine>
					<TextLine ID="P3_TL00047" HPOS="96" VPOS="4049" WIDTH="1565" HEIGHT="71">
						<String ID="P3_ST00370" HPOS="96" VPOS="4069" WIDTH="50" HEIGHT="33" CONTENT="er" WC="0.65" CC="33"/>
						<SP ID="P3_SP00324" HPOS="146" VPOS="4102" WIDTH="30"/>
						<String ID="P3_ST00371" HPOS="176" VPOS="4054" WIDTH="129" HEIGHT="51" CONTENT="einen" WC="0.98" CC="00405"/>
						<SP ID="P3_SP00325" HPOS="305" VPOS="4105" WIDTH="33"/>
						<String ID="P3_ST00372" HPOS="338" VPOS="4052" WIDTH="452" HEIGHT="68" CONTENT="Gastrollen-Cyklus" WC="0.78" CC="21070301060600320"/>
						<SP ID="P3_SP00326" HPOS="790" VPOS="4120" WIDTH="31"/>
						<String ID="P3_ST00373" HPOS="821" VPOS="4053" WIDTH="42" HEIGHT="48" CONTENT="in" WC="0.74" CC="50"/>
						<SP ID="P3_SP00327" HPOS="863" VPOS="4120" WIDTH="36"/>
						<String ID="P3_ST00374" HPOS="899" VPOS="4052" WIDTH="154" HEIGHT="59" CONTENT="Wien," WC="1.00" CC="00000"/>
						<SP ID="P3_SP00328" HPOS="1053" VPOS="4120" WIDTH="29"/>
						<String ID="P3_ST00375" HPOS="1082" VPOS="4052" WIDTH="43" HEIGHT="49" CONTENT="in" WC="0.80" CC="03"/>
						<SP ID="P3_SP00329" HPOS="1125" VPOS="4120" WIDTH="27"/>
						<String ID="P3_ST00376" HPOS="1152" VPOS="4049" WIDTH="220" HEIGHT="52" CONTENT="welchem" WC="0.99" CC="0050600"/>
						<SP ID="P3_SP00330" HPOS="1372" VPOS="4120" WIDTH="33"/>
						<String ID="P3_ST00377" HPOS="1405" VPOS="4050" WIDTH="185" HEIGHT="66" CONTENT="George" WC="1.00" CC="000000"/>
						<SP ID="P3_SP00331" HPOS="1590" VPOS="4120" WIDTH="30"/>
						<String ID="P3_ST00378" HPOS="1620" VPOS="4049" WIDTH="41" HEIGHT="51" CONTENT="in" WC="0.68" CC="32"/>
					</TextLine>
					<TextLine ID="P3_TL00048" HPOS="98" VPOS="4133" WIDTH="1566" HEIGHT="64">
						<String ID="P3_ST00379" HPOS="98" VPOS="4135" WIDTH="80" HEIGHT="51" CONTENT="der" WC="0.95" CC="804"/>
						<SP ID="P3_SP00332" HPOS="178" VPOS="4186" WIDTH="48"/>
						<String ID="P3_ST00380" HPOS="226" VPOS="4138" WIDTH="195" HEIGHT="51" CONTENT="weissen" WC="1.00" CC="0050001"/>
						<SP ID="P3_SP00333" HPOS="421" VPOS="4189" WIDTH="43"/>
						<String ID="P3_ST00381" HPOS="464" VPOS="4138" WIDTH="140" HEIGHT="59" CONTENT="Frau," WC="0.97" CC="05534"/>
						<SP ID="P3_SP00334" HPOS="604" VPOS="4197" WIDTH="64"/>
						<String ID="P3_ST00382" HPOS="668" VPOS="4135" WIDTH="80" HEIGHT="51" CONTENT="der" WC="0.97" CC="024"/>
						<SP ID="P3_SP00335" HPOS="748" VPOS="4197" WIDTH="46"/>
						<String ID="P3_ST00383" HPOS="794" VPOS="4135" WIDTH="334" HEIGHT="51" CONTENT="Grossmeister" WC="1.00" CC="002500000604"/>
						<SP ID="P3_SP00336" HPOS="1128" VPOS="4197" WIDTH="42"/>
						<String ID="P3_ST00384" HPOS="1170" VPOS="4134" WIDTH="58" HEIGHT="51" CONTENT="im" WC="0.58" CC="08"/>
						<SP ID="P3_SP00337" HPOS="1228" VPOS="4197" WIDTH="55"/>
						<String ID="P3_ST00385" HPOS="1283" VPOS="4133" WIDTH="381" HEIGHT="62" CONTENT='„Kreuzritter",' WC="0.99" CC="64006600530374"/>
					</TextLine>
				</TextBlock>
				<TextBlock ID="P3_TB00003" HPOS="1750" VPOS="282" WIDTH="1589" HEIGHT="3923" STYLEREFS="TXT_0 PAR_BLOCK">
					<TextLine ID="P3_TL00049" HPOS="1752" VPOS="282" WIDTH="1578" HEIGHT="70">
						<String ID="P3_ST00386" HPOS="1752" VPOS="283" WIDTH="204" HEIGHT="60" CONTENT="Othello," WC="0.98" CC="75744327"/>
						<SP ID="P3_SP00338" HPOS="1956" VPOS="343" WIDTH="29"/>
						<String ID="P3_ST00387" HPOS="1985" VPOS="282" WIDTH="193" HEIGHT="70" CONTENT="Joseph," WC="0.98" CC="0860273"/>
						<SP ID="P3_SP00339" HPOS="2178" VPOS="352" WIDTH="35"/>
						<String ID="P3_ST00388" HPOS="2213" VPOS="283" WIDTH="127" HEIGHT="51" CONTENT="Don" WC="0.96" CC="056"/>
						<SP ID="P3_SP00340" HPOS="2340" VPOS="352" WIDTH="29"/>
						<String ID="P3_ST00389" HPOS="2369" VPOS="286" WIDTH="171" HEIGHT="57" CONTENT="Juan," WC="0.97" CC="70653"/>
						<SP ID="P3_SP00341" HPOS="2540" VPOS="352" WIDTH="33"/>
						<String ID="P3_ST00390" HPOS="2573" VPOS="285" WIDTH="116" HEIGHT="51" CONTENT="Graf" WC="0.96" CC="6307"/>
						<SP ID="P3_SP00342" HPOS="2689" VPOS="352" WIDTH="20"/>
						<String ID="P3_ST00391" HPOS="2709" VPOS="283" WIDTH="252" HEIGHT="61" CONTENT="Almaviva," WC="0.98" CC="550270564"/>
						<SP ID="P3_SP00343" HPOS="2961" VPOS="352" WIDTH="30"/>
						<String ID="P3_ST00392" HPOS="2991" VPOS="283" WIDTH="85" HEIGHT="51" CONTENT="alle" WC="0.96" CC="0655"/>
						<SP ID="P3_SP00344" HPOS="3076" VPOS="352" WIDTH="32"/>
						<String ID="P3_ST00393" HPOS="3108" VPOS="285" WIDTH="81" HEIGHT="51" CONTENT="mit" WC="0.97" CC="115"/>
						<SP ID="P3_SP00345" HPOS="3189" VPOS="352" WIDTH="29"/>
						<String ID="P3_ST00394" HPOS="3218" VPOS="286" WIDTH="84" HEIGHT="50" CONTENT="emi" SUBS_TYPE="HypPart1" SUBS_CONTENT="eminentem" WC="0.97" CC="352"/>
						<HYP HPOS="3302" VPOS="286" WIDTH="28" CONTENT="-"/>
					</TextLine>
					<TextLine ID="P3_TL00050" HPOS="1750" VPOS="369" WIDTH="1579" HEIGHT="68">
						<String ID="P3_ST00395" HPOS="1750" VPOS="377" WIDTH="187" HEIGHT="44" CONTENT="nentem" SUBS_TYPE="HypPart2" SUBS_CONTENT="eminentem" WC="0.99" CC="007300"/>
						<SP ID="P3_SP00346" HPOS="1937" VPOS="421" WIDTH="32"/>
						<String ID="P3_ST00396" HPOS="1969" VPOS="369" WIDTH="188" HEIGHT="66" CONTENT="Erfolge" WC="0.98" CC="7063346"/>
						<SP ID="P3_SP00347" HPOS="2157" VPOS="435" WIDTH="30"/>
						<String ID="P3_ST00397" HPOS="2187" VPOS="369" WIDTH="282" HEIGHT="67" CONTENT="dargestellt," WC="0.99" CC="101007472502"/>
						<SP ID="P3_SP00348" HPOS="2469" VPOS="436" WIDTH="32"/>
						<String ID="P3_ST00398" HPOS="2501" VPOS="370" WIDTH="79" HEIGHT="51" CONTENT="das" WC="0.96" CC="306"/>
						<SP ID="P3_SP00349" HPOS="2580" VPOS="436" WIDTH="33"/>
						<String ID="P3_ST00399" HPOS="2613" VPOS="370" WIDTH="275" HEIGHT="67" CONTENT="Repertoire" WC="0.99" CC="6040350200"/>
						<SP ID="P3_SP00350" HPOS="2888" VPOS="437" WIDTH="28"/>
						<String ID="P3_ST00400" HPOS="2916" VPOS="369" WIDTH="215" HEIGHT="50" CONTENT="bildeten." WC="0.98" CC="716806073"/>
						<SP ID="P3_SP00351" HPOS="3131" VPOS="437" WIDTH="62"/>
						<String ID="P3_ST00401" HPOS="3193" VPOS="371" WIDTH="136" HEIGHT="51" CONTENT="Auch" WC="0.98" CC="7030"/>
					</TextLine>
					<TextLine ID="P3_TL00051" HPOS="1752" VPOS="450" WIDTH="1571" HEIGHT="70">
						<String ID="P3_ST00402" HPOS="1752" VPOS="452" WIDTH="58" HEIGHT="51" CONTENT="im" WC="1.00" CC="00"/>
						<SP ID="P3_SP00352" HPOS="1810" VPOS="503" WIDTH="30"/>
						<String ID="P3_ST00403" HPOS="1840" VPOS="452" WIDTH="143" HEIGHT="52" CONTENT="Jahre" WC="0.97" CC="66600"/>
						<SP ID="P3_SP00353" HPOS="1983" VPOS="504" WIDTH="38"/>
						<String ID="P3_ST00404" HPOS="2021" VPOS="450" WIDTH="156" HEIGHT="52" CONTENT="1830" WC="0.65" CC="4250"/>
						<SP ID="P3_SP00354" HPOS="2177" VPOS="504" WIDTH="36"/>
						<String ID="P3_ST00405" HPOS="2213" VPOS="451" WIDTH="161" HEIGHT="51" CONTENT="kehrte" WC="0.98" CC="424350"/>
						<SP ID="P3_SP00355" HPOS="2374" VPOS="504" WIDTH="30"/>
						<String ID="P3_ST00406" HPOS="2404" VPOS="469" WIDTH="50" HEIGHT="32" CONTENT="er" WC="1.00" CC="00"/>
						<SP ID="P3_SP00356" HPOS="2454" VPOS="504" WIDTH="30"/>
						<String ID="P3_ST00407" HPOS="2484" VPOS="452" WIDTH="279" HEIGHT="68" CONTENT="neuerdings" WC="0.99" CC="2000086005"/>
						<SP ID="P3_SP00357" HPOS="2763" VPOS="520" WIDTH="40"/>
						<String ID="P3_ST00408" HPOS="2803" VPOS="452" WIDTH="116" HEIGHT="52" CONTENT="nach" WC="0.96" CC="4547"/>
						<SP ID="P3_SP00358" HPOS="2919" VPOS="520" WIDTH="38"/>
						<String ID="P3_ST00409" HPOS="2957" VPOS="452" WIDTH="142" HEIGHT="52" CONTENT="Wien" WC="0.99" CC="0600"/>
						<SP ID="P3_SP00359" HPOS="3099" VPOS="520" WIDTH="36"/>
						<String ID="P3_ST00410" HPOS="3135" VPOS="454" WIDTH="188" HEIGHT="59" CONTENT="wieder," WC="0.99" CC="9000404"/>
					</TextLine>
					<TextLine ID="P3_TL00052" HPOS="1753" VPOS="535" WIDTH="1573" HEIGHT="67">
						<String ID="P3_ST00411" HPOS="1753" VPOS="555" WIDTH="76" HEIGHT="33" CONTENT="um" WC="0.68" CC="51"/>
						<SP ID="P3_SP00360" HPOS="1829" VPOS="588" WIDTH="23"/>
						<String ID="P3_ST00412" HPOS="1852" VPOS="535" WIDTH="263" HEIGHT="52" CONTENT="Gastrollen" WC="0.99" CC="3255025504"/>
						<SP ID="P3_SP00361" HPOS="2115" VPOS="588" WIDTH="33"/>
						<String ID="P3_ST00413" HPOS="2148" VPOS="553" WIDTH="56" HEIGHT="33" CONTENT="zu" WC="0.38" CC="75"/>
						<SP ID="P3_SP00362" HPOS="2204" VPOS="588" WIDTH="29"/>
						<String ID="P3_ST00414" HPOS="2233" VPOS="535" WIDTH="165" HEIGHT="67" CONTENT="geben." WC="0.98" CC="906054"/>
						<SP ID="P3_SP00363" HPOS="2398" VPOS="602" WIDTH="32"/>
						<String ID="P3_ST00415" HPOS="2430" VPOS="535" WIDTH="128" HEIGHT="51" CONTENT="Aber" WC="0.98" CC="2301"/>
						<SP ID="P3_SP00364" HPOS="2558" VPOS="602" WIDTH="29"/>
						<String ID="P3_ST00416" HPOS="2587" VPOS="537" WIDTH="141" HEIGHT="51" CONTENT="schon" WC="0.97" CC="40463"/>
						<SP ID="P3_SP00365" HPOS="2728" VPOS="602" WIDTH="27"/>
						<String ID="P3_ST00417" HPOS="2755" VPOS="536" WIDTH="71" HEIGHT="52" CONTENT="bei" WC="0.97" CC="700"/>
						<SP ID="P3_SP00366" HPOS="2826" VPOS="602" WIDTH="34"/>
						<String ID="P3_ST00418" HPOS="2860" VPOS="537" WIDTH="82" HEIGHT="51" CONTENT="der" WC="1.00" CC="010"/>
						<SP ID="P3_SP00367" HPOS="2942" VPOS="602" WIDTH="30"/>
						<String ID="P3_ST00419" HPOS="2972" VPOS="545" WIDTH="172" HEIGHT="51" CONTENT="ersten," WC="0.99" CC="0054122"/>
						<SP ID="P3_SP00368" HPOS="3144" VPOS="602" WIDTH="33"/>
						<String ID="P3_ST00420" HPOS="3177" VPOS="537" WIDTH="120" HEIGHT="51" CONTENT="Masa" SUBS_TYPE="HypPart1" SUBS_CONTENT="Masaniello," WC="0.83" CC="1002"/>
						<HYP HPOS="3297" VPOS="537" WIDTH="29" CONTENT="-"/>
					</TextLine>
					<TextLine ID="P3_TL00053" HPOS="1750" VPOS="619" WIDTH="1576" HEIGHT="68">
						<String ID="P3_ST00421" HPOS="1750" VPOS="621" WIDTH="150" HEIGHT="60" CONTENT="niello," SUBS_TYPE="HypPart2" SUBS_CONTENT="Masaniello," WC="0.69" CC="1043074"/>
						<SP ID="P3_SP00369" HPOS="1900" VPOS="681" WIDTH="43"/>
						<String ID="P3_ST00422" HPOS="1943" VPOS="619" WIDTH="136" HEIGHT="52" CONTENT="befiel" WC="0.98" CC="702206"/>
						<SP ID="P3_SP00370" HPOS="2079" VPOS="681" WIDTH="42"/>
						<String ID="P3_ST00423" HPOS="2121" VPOS="620" WIDTH="75" HEIGHT="51" CONTENT="ihn" WC="0.94" CC="727"/>
						<SP ID="P3_SP00371" HPOS="2196" VPOS="681" WIDTH="41"/>
						<String ID="P3_ST00424" HPOS="2237" VPOS="620" WIDTH="82" HEIGHT="51" CONTENT="auf" WC="0.98" CC="600"/>
						<SP ID="P3_SP00372" HPOS="2319" VPOS="681" WIDTH="40"/>
						<String ID="P3_ST00425" HPOS="2359" VPOS="620" WIDTH="82" HEIGHT="50" CONTENT="der" WC="0.98" CC="201"/>
						<SP ID="P3_SP00373" HPOS="2441" VPOS="681" WIDTH="33"/>
						<String ID="P3_ST00426" HPOS="2474" VPOS="620" WIDTH="160" HEIGHT="50" CONTENT="Bühne" WC="0.99" CC="70000"/>
						<SP ID="P3_SP00374" HPOS="2634" VPOS="681" WIDTH="43"/>
						<String ID="P3_ST00427" HPOS="2677" VPOS="621" WIDTH="72" HEIGHT="50" CONTENT="ein" WC="0.99" CC="003"/>
						<SP ID="P3_SP00375" HPOS="2749" VPOS="681" WIDTH="34"/>
						<String ID="P3_ST00428" HPOS="2783" VPOS="623" WIDTH="193" HEIGHT="64" CONTENT="heftiges" WC="0.98" CC="70056930"/>
						<SP ID="P3_SP00376" HPOS="2976" VPOS="687" WIDTH="34"/>
						<String ID="P3_ST00429" HPOS="3010" VPOS="621" WIDTH="316" HEIGHT="61" CONTENT="Unwohlsein," WC="0.99" CC="72620000053"/>
					</TextLine>
					<TextLine ID="P3_TL00054" HPOS="1753" VPOS="703" WIDTH="1572" HEIGHT="69">
						<String ID="P3_ST00430" HPOS="1753" VPOS="705" WIDTH="91" HEIGHT="51" CONTENT="und" WC="0.96" CC="226"/>
						<SP ID="P3_SP00377" HPOS="1844" VPOS="756" WIDTH="33"/>
						<String ID="P3_ST00431" HPOS="1877" VPOS="720" WIDTH="50" HEIGHT="36" CONTENT="er" WC="0.74" CC="05"/>
						<SP ID="P3_SP00378" HPOS="1927" VPOS="756" WIDTH="30"/>
						<String ID="P3_ST00432" HPOS="1957" VPOS="705" WIDTH="126" HEIGHT="50" CONTENT="hatte" WC="0.99" CC="06030"/>
						<SP ID="P3_SP00379" HPOS="2083" VPOS="756" WIDTH="31"/>
						<String ID="P3_ST00433" HPOS="2114" VPOS="722" WIDTH="48" HEIGHT="31" CONTENT="es" WC="0.70" CC="05"/>
						<SP ID="P3_SP00380" HPOS="2162" VPOS="756" WIDTH="32"/>
						<String ID="P3_ST00434" HPOS="2194" VPOS="722" WIDTH="87" HEIGHT="31" CONTENT="nur" WC="0.98" CC="031"/>
						<SP ID="P3_SP00381" HPOS="2281" VPOS="756" WIDTH="32"/>
						<String ID="P3_ST00435" HPOS="2313" VPOS="705" WIDTH="82" HEIGHT="50" CONTENT="der" WC="0.98" CC="004"/>
						<SP ID="P3_SP00382" HPOS="2395" VPOS="756" WIDTH="25"/>
						<String ID="P3_ST00436" HPOS="2420" VPOS="703" WIDTH="410" HEIGHT="52" CONTENT="Geschicklichkeit" WC="1.00" CC="0060650000076036"/>
						<SP ID="P3_SP00383" HPOS="2830" VPOS="756" WIDTH="32"/>
						<String ID="P3_ST00437" HPOS="2862" VPOS="705" WIDTH="80" HEIGHT="50" CONTENT="des" WC="1.00" CC="000"/>
						<SP ID="P3_SP00384" HPOS="2942" VPOS="756" WIDTH="25"/>
						<String ID="P3_ST00438" HPOS="2967" VPOS="705" WIDTH="331" HEIGHT="67" CONTENT="ausgezeichne" SUBS_TYPE="HypPart1" SUBS_CONTENT="ausgezeichneten" WC="0.99" CC="650005100645"/>
						<HYP HPOS="3298" VPOS="705" WIDTH="27" CONTENT="-"/>
					</TextLine>
					<TextLine ID="P3_TL00055" HPOS="1750" VPOS="786" WIDTH="1575" HEIGHT="60">
						<String ID="P3_ST00439" HPOS="1750" VPOS="795" WIDTH="78" HEIGHT="43" CONTENT="ten" SUBS_TYPE="HypPart2" SUBS_CONTENT="ausgezeichneten" WC="1.00" CC="000"/>
						<SP ID="P3_SP00385" HPOS="1828" VPOS="838" WIDTH="32"/>
						<String ID="P3_ST00440" HPOS="1860" VPOS="788" WIDTH="166" HEIGHT="50" CONTENT="Arztes" WC="0.99" CC="006300"/>
						<SP ID="P3_SP00386" HPOS="2026" VPOS="838" WIDTH="33"/>
						<String ID="P3_ST00441" HPOS="2059" VPOS="789" WIDTH="80" HEIGHT="51" CONTENT="Dr." WC="0.98" CC="104"/>
						<SP ID="P3_SP00387" HPOS="2139" VPOS="840" WIDTH="33"/>
						<String ID="P3_ST00442" HPOS="2172" VPOS="788" WIDTH="201" HEIGHT="52" CONTENT="Röhrich" WC="0.98" CC="6462601"/>
						<SP ID="P3_SP00388" HPOS="2373" VPOS="840" WIDTH="44"/>
						<String ID="P3_ST00443" HPOS="2417" VPOS="805" WIDTH="52" HEIGHT="32" CONTENT="zu" WC="0.69" CC="60"/>
						<SP ID="P3_SP00389" HPOS="2469" VPOS="840" WIDTH="45"/>
						<String ID="P3_ST00444" HPOS="2514" VPOS="786" WIDTH="278" HEIGHT="60" CONTENT="verdanken," WC="0.99" CC="3000460042"/>
						<SP ID="P3_SP00390" HPOS="2792" VPOS="846" WIDTH="44"/>
						<String ID="P3_ST00445" HPOS="2836" VPOS="789" WIDTH="103" HEIGHT="49" CONTENT="dass" WC="0.95" CC="0100"/>
						<SP ID="P3_SP00391" HPOS="2939" VPOS="846" WIDTH="32"/>
						<String ID="P3_ST00446" HPOS="2971" VPOS="805" WIDTH="51" HEIGHT="33" CONTENT="er" WC="0.66" CC="33"/>
						<SP ID="P3_SP00392" HPOS="3022" VPOS="846" WIDTH="30"/>
						<String ID="P3_ST00447" HPOS="3052" VPOS="789" WIDTH="113" HEIGHT="51" CONTENT="nach" WC="0.98" CC="0505"/>
						<SP ID="P3_SP00393" HPOS="3165" VPOS="846" WIDTH="33"/>
						<String ID="P3_ST00448" HPOS="3198" VPOS="790" WIDTH="127" HEIGHT="51" CONTENT="einer" WC="0.99" CC="00004"/>
					</TextLine>
					<TextLine ID="P3_TL00056" HPOS="1752" VPOS="869" WIDTH="1573" HEIGHT="68">
						<String ID="P3_ST00449" HPOS="1752" VPOS="874" WIDTH="149" HEIGHT="50" CONTENT="Pause" WC="1.00" CC="00000"/>
						<SP ID="P3_SP00394" HPOS="1901" VPOS="924" WIDTH="46"/>
						<String ID="P3_ST00450" HPOS="1947" VPOS="888" WIDTH="104" HEIGHT="34" CONTENT="vom" WC="0.95" CC="904"/>
						<SP ID="P3_SP00395" HPOS="2051" VPOS="924" WIDTH="56"/>
						<String ID="P3_ST00451" HPOS="2107" VPOS="871" WIDTH="17" HEIGHT="51" CONTENT="1" WC="0.24" CC="7"/>
						<SP ID="P3_SP00396" HPOS="2124" VPOS="924" WIDTH="20"/>
						<String ID="P3_ST00452" HPOS="2144" VPOS="871" WIDTH="50" HEIGHT="53" CONTENT="8." WC="0.44" CC="46"/>
						<SP ID="P3_SP00397" HPOS="2194" VPOS="924" WIDTH="30"/>
						<String ID="P3_ST00453" HPOS="2224" VPOS="873" WIDTH="108" HEIGHT="49" CONTENT="Juni" WC="0.98" CC="0521"/>
						<SP ID="P3_SP00398" HPOS="2332" VPOS="924" WIDTH="43"/>
						<String ID="P3_ST00454" HPOS="2375" VPOS="871" WIDTH="66" HEIGHT="50" CONTENT="bis" WC="0.95" CC="607"/>
						<SP ID="P3_SP00399" HPOS="2441" VPOS="924" WIDTH="34"/>
						<String ID="P3_ST00455" HPOS="2475" VPOS="869" WIDTH="53" HEIGHT="53" CONTENT="3." WC="0.57" CC="43"/>
						<SP ID="P3_SP00400" HPOS="2528" VPOS="924" WIDTH="30"/>
						<String ID="P3_ST00456" HPOS="2558" VPOS="871" WIDTH="91" HEIGHT="51" CONTENT="Juli" WC="0.95" CC="3576"/>
						<SP ID="P3_SP00401" HPOS="2649" VPOS="924" WIDTH="44"/>
						<String ID="P3_ST00457" HPOS="2693" VPOS="870" WIDTH="66" HEIGHT="51" CONTENT="als" WC="0.97" CC="350"/>
						<SP ID="P3_SP00402" HPOS="2759" VPOS="924" WIDTH="47"/>
						<String ID="P3_ST00458" HPOS="2806" VPOS="870" WIDTH="265" HEIGHT="67" CONTENT="hergestellt" WC="0.99" CC="60790060766"/>
						<SP ID="P3_SP00403" HPOS="3071" VPOS="937" WIDTH="43"/>
						<String ID="P3_ST00459" HPOS="3114" VPOS="871" WIDTH="211" HEIGHT="54" CONTENT="abreisen" WC="0.99" CC="56400100"/>
					</TextLine>
					<TextLine ID="P3_TL00057" HPOS="1753" VPOS="954" WIDTH="1572" HEIGHT="70">
						<String ID="P3_ST00460" HPOS="1753" VPOS="958" WIDTH="183" HEIGHT="48" CONTENT="konnte." WC="0.97" CC="9965304"/>
						<SP ID="P3_SP00404" HPOS="1936" VPOS="1006" WIDTH="56"/>
						<String ID="P3_ST00461" HPOS="1992" VPOS="957" WIDTH="64" HEIGHT="48" CONTENT="Er" WC="0.76" CC="04"/>
						<SP ID="P3_SP00405" HPOS="2056" VPOS="1006" WIDTH="31"/>
						<String ID="P3_ST00462" HPOS="2087" VPOS="957" WIDTH="89" HEIGHT="67" CONTENT="gab" WC="0.92" CC="974"/>
						<SP ID="P3_SP00406" HPOS="2176" VPOS="1024" WIDTH="32"/>
						<String ID="P3_ST00463" HPOS="2208" VPOS="957" WIDTH="179" HEIGHT="49" CONTENT="hierauf" WC="1.00" CC="0200040"/>
						<SP ID="P3_SP00407" HPOS="2387" VPOS="1024" WIDTH="26"/>
						<String ID="P3_ST00464" HPOS="2413" VPOS="955" WIDTH="99" HEIGHT="50" CONTENT="fünf" WC="0.98" CC="7020"/>
						<SP ID="P3_SP00408" HPOS="2512" VPOS="1024" WIDTH="26"/>
						<String ID="P3_ST00465" HPOS="2538" VPOS="954" WIDTH="263" HEIGHT="52" CONTENT="Gastrollen" WC="0.99" CC="9453206310"/>
						<SP ID="P3_SP00409" HPOS="2801" VPOS="1024" WIDTH="44"/>
						<String ID="P3_ST00466" HPOS="2845" VPOS="955" WIDTH="45" HEIGHT="49" CONTENT="in" WC="0.94" CC="10"/>
						<SP ID="P3_SP00410" HPOS="2890" VPOS="1024" WIDTH="35"/>
						<String ID="P3_ST00467" HPOS="2925" VPOS="957" WIDTH="264" HEIGHT="49" CONTENT="Darmstadt" WC="0.98" CC="661940076"/>
						<SP ID="P3_SP00411" HPOS="3189" VPOS="1024" WIDTH="41"/>
						<String ID="P3_ST00468" HPOS="3230" VPOS="958" WIDTH="95" HEIGHT="49" CONTENT="und" WC="0.98" CC="005"/>
					</TextLine>
					<TextLine ID="P3_TL00058" HPOS="1753" VPOS="1038" WIDTH="1572" HEIGHT="67">
						<String ID="P3_ST00469" HPOS="1753" VPOS="1048" WIDTH="90" HEIGHT="42" CONTENT="trat" WC="0.98" CC="4130"/>
						<SP ID="P3_SP00412" HPOS="1843" VPOS="1090" WIDTH="32"/>
						<String ID="P3_ST00470" HPOS="1875" VPOS="1042" WIDTH="79" HEIGHT="48" CONTENT="mit" WC="0.99" CC="003"/>
						<SP ID="P3_SP00413" HPOS="1954" VPOS="1090" WIDTH="31"/>
						<String ID="P3_ST00471" HPOS="1985" VPOS="1040" WIDTH="102" HEIGHT="51" CONTENT="dem" WC="0.97" CC="006"/>
						<SP ID="P3_SP00414" HPOS="2087" VPOS="1091" WIDTH="42"/>
						<String ID="P3_ST00472" HPOS="2129" VPOS="1040" WIDTH="43" HEIGHT="51" CONTENT="1." WC="0.53" CC="53"/>
						<SP ID="P3_SP00415" HPOS="2172" VPOS="1091" WIDTH="32"/>
						<String ID="P3_ST00473" HPOS="2204" VPOS="1039" WIDTH="263" HEIGHT="52" CONTENT="November" WC="0.98" CC="55000529"/>
						<SP ID="P3_SP00416" HPOS="2467" VPOS="1091" WIDTH="35"/>
						<String ID="P3_ST00474" HPOS="2502" VPOS="1038" WIDTH="153" HEIGHT="52" CONTENT="1830" WC="0.52" CC="2293"/>
						<SP ID="P3_SP00417" HPOS="2655" VPOS="1091" WIDTH="47"/>
						<String ID="P3_ST00475" HPOS="2702" VPOS="1038" WIDTH="66" HEIGHT="51" CONTENT="als" WC="0.95" CC="156"/>
						<SP ID="P3_SP00418" HPOS="2768" VPOS="1091" WIDTH="44"/>
						<String ID="P3_ST00476" HPOS="2812" VPOS="1039" WIDTH="138" HEIGHT="50" CONTENT="festes" WC="0.99" CC="040315"/>
						<SP ID="P3_SP00419" HPOS="2950" VPOS="1091" WIDTH="45"/>
						<String ID="P3_ST00477" HPOS="2995" VPOS="1038" WIDTH="202" HEIGHT="67" CONTENT="Mitglied" WC="0.99" CC="40080100"/>
						<SP ID="P3_SP00420" HPOS="3197" VPOS="1105" WIDTH="46"/>
						<String ID="P3_ST00478" HPOS="3243" VPOS="1040" WIDTH="82" HEIGHT="51" CONTENT="der" WC="1.00" CC="000"/>
					</TextLine>
					<TextLine ID="P3_TL00059" HPOS="1752" VPOS="1122" WIDTH="1573" HEIGHT="69">
						<String ID="P3_ST00479" HPOS="1752" VPOS="1124" WIDTH="42" HEIGHT="51" CONTENT="k." WC="0.98" CC="00"/>
						<SP ID="P3_SP00421" HPOS="1794" VPOS="1175" WIDTH="33"/>
						<String ID="P3_ST00480" HPOS="1827" VPOS="1124" WIDTH="41" HEIGHT="51" CONTENT="k." WC="0.86" CC="02"/>
						<SP ID="P3_SP00422" HPOS="1868" VPOS="1175" WIDTH="32"/>
						<String ID="P3_ST00481" HPOS="1900" VPOS="1124" WIDTH="208" HEIGHT="67" CONTENT="Hofoper" WC="1.00" CC="5200000"/>
						<SP ID="P3_SP00423" HPOS="2108" VPOS="1191" WIDTH="31"/>
						<String ID="P3_ST00482" HPOS="2139" VPOS="1125" WIDTH="42" HEIGHT="50" CONTENT="in" WC="0.75" CC="05"/>
						<SP ID="P3_SP00424" HPOS="2181" VPOS="1191" WIDTH="35"/>
						<String ID="P3_ST00483" HPOS="2216" VPOS="1125" WIDTH="139" HEIGHT="51" CONTENT="Wien" WC="0.99" CC="0500"/>
						<SP ID="P3_SP00425" HPOS="2355" VPOS="1191" WIDTH="43"/>
						<String ID="P3_ST00484" HPOS="2398" VPOS="1125" WIDTH="88" HEIGHT="56" CONTENT="ein," WC="1.00" CC="0000"/>
						<SP ID="P3_SP00426" HPOS="2486" VPOS="1191" WIDTH="47"/>
						<String ID="P3_ST00485" HPOS="2533" VPOS="1123" WIDTH="311" HEIGHT="68" CONTENT="abgerechnet" WC="1.00" CC="07000003006"/>
						<SP ID="P3_SP00427" HPOS="2844" VPOS="1191" WIDTH="34"/>
						<String ID="P3_ST00486" HPOS="2878" VPOS="1124" WIDTH="71" HEIGHT="50" CONTENT="die" WC="0.98" CC="600"/>
						<SP ID="P3_SP00428" HPOS="2949" VPOS="1191" WIDTH="32"/>
						<String ID="P3_ST00487" HPOS="2981" VPOS="1122" WIDTH="243" HEIGHT="67" CONTENT="Ausflüge," WC="0.99" CC="601110024"/>
						<SP ID="P3_SP00429" HPOS="3224" VPOS="1191" WIDTH="30"/>
						<String ID="P3_ST00488" HPOS="3254" VPOS="1125" WIDTH="71" HEIGHT="49" CONTENT="die" WC="0.97" CC="600"/>
					</TextLine>
					<TextLine ID="P3_TL00060" HPOS="1752" VPOS="1205" WIDTH="1573" HEIGHT="68">
						<String ID="P3_ST00489" HPOS="1752" VPOS="1225" WIDTH="52" HEIGHT="34" CONTENT="er" WC="0.79" CC="04"/>
						<SP ID="P3_SP00430" HPOS="1804" VPOS="1259" WIDTH="29"/>
						<String ID="P3_ST00490" HPOS="1833" VPOS="1208" WIDTH="42" HEIGHT="51" CONTENT="in" WC="0.94" CC="01"/>
						<SP ID="P3_SP00431" HPOS="1875" VPOS="1259" WIDTH="34"/>
						<String ID="P3_ST00491" HPOS="1909" VPOS="1207" WIDTH="83" HEIGHT="51" CONTENT="der" WC="0.98" CC="004"/>
						<SP ID="P3_SP00432" HPOS="1992" VPOS="1259" WIDTH="30"/>
						<String ID="P3_ST00492" HPOS="2022" VPOS="1208" WIDTH="401" HEIGHT="51" CONTENT="dreimonatlichen" WC="0.99" CC="040462556707430"/>
						<SP ID="P3_SP00433" HPOS="2423" VPOS="1259" WIDTH="35"/>
						<String ID="P3_ST00493" HPOS="2458" VPOS="1208" WIDTH="255" HEIGHT="50" CONTENT="Ferienzeit" WC="0.99" CC="5001027106"/>
						<SP ID="P3_SP00434" HPOS="2713" VPOS="1259" WIDTH="34"/>
						<String ID="P3_ST00494" HPOS="2747" VPOS="1207" WIDTH="197" HEIGHT="66" CONTENT="jährlich" WC="0.99" CC="07760000"/>
						<SP ID="P3_SP00435" HPOS="2944" VPOS="1273" WIDTH="45"/>
						<String ID="P3_ST00495" HPOS="2989" VPOS="1205" WIDTH="198" HEIGHT="60" CONTENT="machte," WC="0.98" CC="0435640"/>
						<SP ID="P3_SP00436" HPOS="3187" VPOS="1273" WIDTH="47"/>
						<String ID="P3_ST00496" HPOS="3234" VPOS="1207" WIDTH="91" HEIGHT="51" CONTENT="und" WC="0.98" CC="005"/>
					</TextLine>
					<TextLine ID="P3_TL00061" HPOS="1752" VPOS="1288" WIDTH="1082" HEIGHT="70">
						<String ID="P3_ST00497" HPOS="1752" VPOS="1292" WIDTH="123" HEIGHT="51" CONTENT="eines" WC="0.99" CC="05002"/>
						<SP ID="P3_SP00437" HPOS="1875" VPOS="1343" WIDTH="30"/>
						<String ID="P3_ST00498" HPOS="1905" VPOS="1292" WIDTH="220" HEIGHT="66" CONTENT="längeren" WC="0.99" CC="67300202"/>
						<SP ID="P3_SP00438" HPOS="2125" VPOS="1358" WIDTH="36"/>
						<String ID="P3_ST00499" HPOS="2161" VPOS="1291" WIDTH="200" HEIGHT="50" CONTENT="Urlaubs" WC="0.99" CC="3030050"/>
						<SP ID="P3_SP00439" HPOS="2361" VPOS="1358" WIDTH="33"/>
						<String ID="P3_ST00500" HPOS="2394" VPOS="1293" WIDTH="57" HEIGHT="48" CONTENT="im" WC="0.83" CC="03"/>
						<SP ID="P3_SP00440" HPOS="2451" VPOS="1358" WIDTH="31"/>
						<String ID="P3_ST00501" HPOS="2482" VPOS="1292" WIDTH="141" HEIGHT="49" CONTENT="Jahre" WC="0.98" CC="06600"/>
						<SP ID="P3_SP00441" HPOS="2623" VPOS="1358" WIDTH="38"/>
						<String ID="P3_ST00502" HPOS="2661" VPOS="1288" WIDTH="173" HEIGHT="53" CONTENT="1833." WC="0.45" CC="25783"/>
					</TextLine>
					<TextLine ID="P3_TL00062" HPOS="1875" VPOS="1373" WIDTH="1449" HEIGHT="71">
						<String ID="P3_ST00503" HPOS="1875" VPOS="1377" WIDTH="66" HEIGHT="48" CONTENT="Im" WC="0.80" CC="21"/>
						<SP ID="P3_SP00442" HPOS="1941" VPOS="1425" WIDTH="18"/>
						<String ID="P3_ST00504" HPOS="1959" VPOS="1376" WIDTH="141" HEIGHT="50" CONTENT="Jahre" WC="0.99" CC="02400"/>
						<SP ID="P3_SP00443" HPOS="2100" VPOS="1426" WIDTH="24"/>
						<String ID="P3_ST00505" HPOS="2124" VPOS="1373" WIDTH="152" HEIGHT="52" CONTENT="1835" WC="0.55" CC="2176"/>
						<SP ID="P3_SP00444" HPOS="2276" VPOS="1426" WIDTH="38"/>
						<String ID="P3_ST00506" HPOS="2314" VPOS="1376" WIDTH="160" HEIGHT="49" CONTENT="wurde" WC="0.98" CC="90002"/>
						<SP ID="P3_SP00445" HPOS="2474" VPOS="1426" WIDTH="31"/>
						<String ID="P3_ST00507" HPOS="2505" VPOS="1376" WIDTH="89" HEIGHT="50" CONTENT="ihm" WC="0.98" CC="012"/>
						<SP ID="P3_SP00446" HPOS="2594" VPOS="1426" WIDTH="33"/>
						<String ID="P3_ST00508" HPOS="2627" VPOS="1376" WIDTH="71" HEIGHT="52" CONTENT="die" WC="1.00" CC="000"/>
						<SP ID="P3_SP00447" HPOS="2698" VPOS="1428" WIDTH="19"/>
						<String ID="P3_ST00509" HPOS="2717" VPOS="1376" WIDTH="124" HEIGHT="49" CONTENT="Ehre" WC="0.98" CC="4500"/>
						<SP ID="P3_SP00448" HPOS="2841" VPOS="1428" WIDTH="32"/>
						<String ID="P3_ST00510" HPOS="2873" VPOS="1392" WIDTH="52" HEIGHT="32" CONTENT="zu" WC="0.61" CC="42"/>
						<SP ID="P3_SP00449" HPOS="2925" VPOS="1428" WIDTH="32"/>
						<String ID="P3_ST00511" HPOS="2957" VPOS="1374" WIDTH="142" HEIGHT="61" CONTENT="Theil," WC="0.71" CC="041063"/>
						<SP ID="P3_SP00450" HPOS="3099" VPOS="1435" WIDTH="33"/>
						<String ID="P3_ST00512" HPOS="3132" VPOS="1376" WIDTH="41" HEIGHT="49" CONTENT="in" WC="0.54" CC="35"/>
						<SP ID="P3_SP00451" HPOS="3173" VPOS="1435" WIDTH="29"/>
						<String ID="P3_ST00513" HPOS="3202" VPOS="1377" WIDTH="92" HEIGHT="67" CONTENT="Tep" SUBS_TYPE="HypPart1" SUBS_CONTENT="Teplitz," WC="0.53" CC="707"/>
						<HYP HPOS="3294" VPOS="1377" WIDTH="30" CONTENT="-"/>
					</TextLine>
					<TextLine ID="P3_TL00063" HPOS="1752" VPOS="1458" WIDTH="1568" HEIGHT="61">
						<String ID="P3_ST00514" HPOS="1752" VPOS="1459" WIDTH="88" HEIGHT="60" CONTENT="litz," SUBS_TYPE="HypPart2" SUBS_CONTENT="Teplitz," WC="0.66" CC="70072"/>
						<SP ID="P3_SP00452" HPOS="1840" VPOS="1519" WIDTH="32"/>
						<String ID="P3_ST00515" HPOS="1872" VPOS="1477" WIDTH="73" HEIGHT="33" CONTENT="wo" WC="0.73" CC="05"/>
						<SP ID="P3_SP00453" HPOS="1945" VPOS="1519" WIDTH="31"/>
						<String ID="P3_ST00516" HPOS="1976" VPOS="1459" WIDTH="70" HEIGHT="51" CONTENT="die" WC="0.98" CC="004"/>
						<SP ID="P3_SP00454" HPOS="2046" VPOS="1519" WIDTH="32"/>
						<String ID="P3_ST00517" HPOS="2078" VPOS="1459" WIDTH="413" HEIGHT="51" CONTENT="Zusammenkunft" WC="0.99" CC="0021600503606"/>
						<SP ID="P3_SP00455" HPOS="2491" VPOS="1519" WIDTH="30"/>
						<String ID="P3_ST00518" HPOS="2521" VPOS="1459" WIDTH="83" HEIGHT="50" CONTENT="der" WC="0.99" CC="003"/>
						<SP ID="P3_SP00456" HPOS="2604" VPOS="1519" WIDTH="30"/>
						<String ID="P3_ST00519" HPOS="2634" VPOS="1459" WIDTH="94" HEIGHT="50" CONTENT="drei" WC="1.00" CC="0000"/>
						<SP ID="P3_SP00457" HPOS="2728" VPOS="1519" WIDTH="28"/>
						<String ID="P3_ST00520" HPOS="2756" VPOS="1458" WIDTH="300" HEIGHT="60" CONTENT="Monarchen," WC="0.99" CC="1431006073"/>
						<SP ID="P3_SP00458" HPOS="3056" VPOS="1519" WIDTH="43"/>
						<String ID="P3_ST00521" HPOS="3099" VPOS="1459" WIDTH="81" HEIGHT="50" CONTENT="der" WC="1.00" CC="000"/>
						<SP ID="P3_SP00459" HPOS="3180" VPOS="1519" WIDTH="32"/>
						<String ID="P3_ST00522" HPOS="3212" VPOS="1461" WIDTH="81" HEIGHT="48" CONTENT="Kai" SUBS_TYPE="HypPart1" SUBS_CONTENT="Kaiser" WC="0.96" CC="475"/>
						<HYP HPOS="3293" VPOS="1461" WIDTH="27" CONTENT="-"/>
					</TextLine>
					<TextLine ID="P3_TL00064" HPOS="1752" VPOS="1542" WIDTH="1568" HEIGHT="67">
						<String ID="P3_ST00523" HPOS="1752" VPOS="1560" WIDTH="73" HEIGHT="33" CONTENT="ser" SUBS_TYPE="HypPart2" SUBS_CONTENT="Kaiser" WC="0.98" CC="004"/>
						<SP ID="P3_SP00460" HPOS="1825" VPOS="1593" WIDTH="32"/>
						<String ID="P3_ST00524" HPOS="1857" VPOS="1543" WIDTH="339" HEIGHT="50" CONTENT="Ferdinand" WC="1.00" CC="600001200"/>
						<SP ID="P3_SP00461" HPOS="2196" VPOS="1593" WIDTH="32"/>
						<String ID="P3_ST00525" HPOS="2228" VPOS="1543" WIDTH="91" HEIGHT="50" CONTENT="und" WC="0.96" CC="650"/>
						<SP ID="P3_SP00462" HPOS="2319" VPOS="1593" WIDTH="31"/>
						<String ID="P3_ST00526" HPOS="2350" VPOS="1543" WIDTH="288" HEIGHT="51" CONTENT="Nikolaus" WC="0.99" CC="60024310"/>
						<SP ID="P3_SP00463" HPOS="2638" VPOS="1594" WIDTH="32"/>
						<String ID="P3_ST00527" HPOS="2670" VPOS="1543" WIDTH="93" HEIGHT="50" CONTENT="und" WC="0.98" CC="240"/>
						<SP ID="P3_SP00464" HPOS="2763" VPOS="1594" WIDTH="33"/>
						<String ID="P3_ST00528" HPOS="2796" VPOS="1543" WIDTH="80" HEIGHT="50" CONTENT="des" WC="1.00" CC="000"/>
						<SP ID="P3_SP00465" HPOS="2876" VPOS="1594" WIDTH="29"/>
						<String ID="P3_ST00529" HPOS="2905" VPOS="1542" WIDTH="176" HEIGHT="67" CONTENT="Königs" WC="0.98" CC="450406"/>
						<SP ID="P3_SP00466" HPOS="3081" VPOS="1609" WIDTH="36"/>
						<String ID="P3_ST00530" HPOS="3117" VPOS="1543" WIDTH="170" HEIGHT="51" CONTENT="Fried" SUBS_TYPE="HypPart1" SUBS_CONTENT="Friedrich" WC="0.99" CC="50500"/>
						<HYP HPOS="3287" VPOS="1543" WIDTH="33" CONTENT="-"/>
					</TextLine>
					<TextLine ID="P3_TL00065" HPOS="1750" VPOS="1625" WIDTH="1568" HEIGHT="69">
						<String ID="P3_ST00531" HPOS="1750" VPOS="1626" WIDTH="126" HEIGHT="51" CONTENT="rich" SUBS_TYPE="HypPart2" SUBS_CONTENT="Friedrich" WC="0.97" CC="3207"/>
						<SP ID="P3_SP00467" HPOS="1876" VPOS="1677" WIDTH="38"/>
						<String ID="P3_ST00532" HPOS="1914" VPOS="1625" WIDTH="280" HEIGHT="53" CONTENT="Wilhelm" WC="0.98" CC="0084306"/>
						<SP ID="P3_SP00468" HPOS="2194" VPOS="1678" WIDTH="33"/>
						<String ID="P3_ST00533" HPOS="2227" VPOS="1626" WIDTH="95" HEIGHT="58" CONTENT="111.," WC="0.97" CC="66740"/>
						<SP ID="P3_SP00469" HPOS="2322" VPOS="1684" WIDTH="32"/>
						<String ID="P3_ST00534" HPOS="2354" VPOS="1627" WIDTH="123" HEIGHT="48" CONTENT="Statt" WC="0.97" CC="06682"/>
						<SP ID="P3_SP00470" HPOS="2477" VPOS="1684" WIDTH="32"/>
						<String ID="P3_ST00535" HPOS="2509" VPOS="1625" WIDTH="119" HEIGHT="58" CONTENT="fand," WC="0.98" CC="05603"/>
						<SP ID="P3_SP00471" HPOS="2628" VPOS="1684" WIDTH="46"/>
						<String ID="P3_ST00536" HPOS="2674" VPOS="1626" WIDTH="57" HEIGHT="49" CONTENT="im" WC="1.00" CC="00"/>
						<SP ID="P3_SP00472" HPOS="2731" VPOS="1684" WIDTH="32"/>
						<String ID="P3_ST00537" HPOS="2763" VPOS="1626" WIDTH="196" HEIGHT="49" CONTENT="Vereine" WC="0.99" CC="2001070"/>
						<SP ID="P3_SP00473" HPOS="2959" VPOS="1684" WIDTH="31"/>
						<String ID="P3_ST00538" HPOS="2990" VPOS="1626" WIDTH="81" HEIGHT="48" CONTENT="mit" WC="0.97" CC="403"/>
						<SP ID="P3_SP00474" HPOS="3071" VPOS="1684" WIDTH="31"/>
						<String ID="P3_ST00539" HPOS="3102" VPOS="1626" WIDTH="81" HEIGHT="49" CONTENT="der" WC="0.99" CC="010"/>
						<SP ID="P3_SP00475" HPOS="3183" VPOS="1684" WIDTH="33"/>
						<String ID="P3_ST00540" HPOS="3216" VPOS="1644" WIDTH="77" HEIGHT="50" CONTENT="pra" SUBS_TYPE="HypPart1" SUBS_CONTENT="prager" WC="1.00" CC="002"/>
						<HYP HPOS="3293" VPOS="1644" WIDTH="25" CONTENT="-"/>
					</TextLine>
					<TextLine ID="P3_TL00066" HPOS="1752" VPOS="1707" WIDTH="1568" HEIGHT="71">
						<String ID="P3_ST00541" HPOS="1752" VPOS="1727" WIDTH="81" HEIGHT="50" CONTENT="ger" SUBS_TYPE="HypPart2" SUBS_CONTENT="prager" WC="0.99" CC="002"/>
						<SP ID="P3_SP00476" HPOS="1833" VPOS="1777" WIDTH="24"/>
						<String ID="P3_ST00542" HPOS="1857" VPOS="1710" WIDTH="128" HEIGHT="68" CONTENT="Oper" WC="0.99" CC="6000"/>
						<SP ID="P3_SP00477" HPOS="1985" VPOS="1778" WIDTH="32"/>
						<String ID="P3_ST00543" HPOS="2017" VPOS="1708" WIDTH="135" HEIGHT="51" CONTENT="dahin" WC="0.99" CC="04120"/>
						<SP ID="P3_SP00478" HPOS="2152" VPOS="1778" WIDTH="31"/>
						<String ID="P3_ST00544" HPOS="2183" VPOS="1708" WIDTH="206" HEIGHT="60" CONTENT="berufen," WC="0.99" CC="72220041"/>
						<SP ID="P3_SP00479" HPOS="2389" VPOS="1778" WIDTH="33"/>
						<String ID="P3_ST00545" HPOS="2422" VPOS="1727" WIDTH="53" HEIGHT="32" CONTENT="zu" WC="0.64" CC="70"/>
						<SP ID="P3_SP00480" HPOS="2475" VPOS="1778" WIDTH="34"/>
						<String ID="P3_ST00546" HPOS="2509" VPOS="1710" WIDTH="175" HEIGHT="66" CONTENT="singen." WC="0.99" CC="4070060"/>
						<SP ID="P3_SP00481" HPOS="2684" VPOS="1778" WIDTH="32"/>
						<String ID="P3_ST00547" HPOS="2716" VPOS="1710" WIDTH="66" HEIGHT="48" CONTENT="Im" WC="0.28" CC="49"/>
						<SP ID="P3_SP00482" HPOS="2782" VPOS="1778" WIDTH="24"/>
						<String ID="P3_ST00548" HPOS="2806" VPOS="1708" WIDTH="138" HEIGHT="50" CONTENT="Jahre" WC="0.98" CC="04350"/>
						<SP ID="P3_SP00483" HPOS="2944" VPOS="1778" WIDTH="33"/>
						<String ID="P3_ST00549" HPOS="2977" VPOS="1707" WIDTH="153" HEIGHT="52" CONTENT="1840" WC="0.95" CC="1000"/>
						<SP ID="P3_SP00484" HPOS="3130" VPOS="1778" WIDTH="27"/>
						<String ID="P3_ST00550" HPOS="3157" VPOS="1710" WIDTH="163" HEIGHT="49" CONTENT="erhielt" WC="0.99" CC="0060065"/>
					</TextLine>
					<TextLine ID="P3_TL00067" HPOS="1750" VPOS="1791" WIDTH="1570" HEIGHT="69">
						<String ID="P3_ST00551" HPOS="1750" VPOS="1811" WIDTH="50" HEIGHT="33" CONTENT="er" WC="0.90" CC="02"/>
						<SP ID="P3_SP00485" HPOS="1800" VPOS="1844" WIDTH="33"/>
						<String ID="P3_ST00552" HPOS="1833" VPOS="1793" WIDTH="81" HEIGHT="50" CONTENT="mit" WC="0.95" CC="903"/>
						<SP ID="P3_SP00486" HPOS="1914" VPOS="1844" WIDTH="31"/>
						<String ID="P3_ST00553" HPOS="1945" VPOS="1792" WIDTH="81" HEIGHT="51" CONTENT="der" WC="0.98" CC="060"/>
						<SP ID="P3_SP00487" HPOS="2026" VPOS="1844" WIDTH="30"/>
						<String ID="P3_ST00554" HPOS="2056" VPOS="1791" WIDTH="276" HEIGHT="52" CONTENT="berühmten" WC="0.99" CC="614020760"/>
						<SP ID="P3_SP00488" HPOS="2332" VPOS="1844" WIDTH="32"/>
						<String ID="P3_ST00555" HPOS="2364" VPOS="1792" WIDTH="169" HEIGHT="51" CONTENT="Sabine" WC="0.97" CC="644470"/>
						<SP ID="P3_SP00489" HPOS="2533" VPOS="1844" WIDTH="30"/>
						<String ID="P3_ST00556" HPOS="2563" VPOS="1792" WIDTH="286" HEIGHT="50" CONTENT="Heinefetler" WC="0.68" CC="84070008014"/>
						<SP ID="P3_SP00490" HPOS="2849" VPOS="1844" WIDTH="32"/>
						<String ID="P3_ST00557" HPOS="2881" VPOS="1791" WIDTH="91" HEIGHT="51" CONTENT="und" WC="1.00" CC="000"/>
						<SP ID="P3_SP00491" HPOS="2972" VPOS="1844" WIDTH="34"/>
						<String ID="P3_ST00558" HPOS="3006" VPOS="1792" WIDTH="79" HEIGHT="50" CONTENT="mit" WC="0.96" CC="009"/>
						<SP ID="P3_SP00492" HPOS="3085" VPOS="1844" WIDTH="27"/>
						<String ID="P3_ST00559" HPOS="3112" VPOS="1792" WIDTH="208" HEIGHT="68" CONTENT="Staudigl" WC="0.83" CC="42000007"/>
					</TextLine>
					<TextLine ID="P3_TL00068" HPOS="1750" VPOS="1876" WIDTH="1570" HEIGHT="52">
						<String ID="P3_ST00560" HPOS="1750" VPOS="1879" WIDTH="131" HEIGHT="49" CONTENT="einen" WC="0.98" CC="00506"/>
						<SP ID="P3_SP00493" HPOS="1881" VPOS="1928" WIDTH="41"/>
						<String ID="P3_ST00561" HPOS="1922" VPOS="1879" WIDTH="95" HEIGHT="48" CONTENT="Ruf" WC="0.96" CC="900"/>
						<SP ID="P3_SP00494" HPOS="2017" VPOS="1928" WIDTH="41"/>
						<String ID="P3_ST00562" HPOS="2058" VPOS="1877" WIDTH="42" HEIGHT="50" CONTENT="in" WC="0.73" CC="05"/>
						<SP ID="P3_SP00495" HPOS="2100" VPOS="1928" WIDTH="45"/>
						<String ID="P3_ST00563" HPOS="2145" VPOS="1877" WIDTH="73" HEIGHT="50" CONTENT="die" WC="1.00" CC="000"/>
						<SP ID="P3_SP00496" HPOS="2218" VPOS="1928" WIDTH="44"/>
						<String ID="P3_ST00564" HPOS="2262" VPOS="1877" WIDTH="164" HEIGHT="51" CONTENT="zweite" WC="0.99" CC="700080"/>
						<SP ID="P3_SP00497" HPOS="2426" VPOS="1928" WIDTH="43"/>
						<String ID="P3_ST00565" HPOS="2469" VPOS="1877" WIDTH="154" HEIGHT="50" CONTENT="Hälfte" WC="0.98" CC="806051"/>
						<SP ID="P3_SP00498" HPOS="2623" VPOS="1928" WIDTH="47"/>
						<String ID="P3_ST00566" HPOS="2670" VPOS="1877" WIDTH="80" HEIGHT="50" CONTENT="der" WC="0.95" CC="803"/>
						<SP ID="P3_SP00499" HPOS="2750" VPOS="1928" WIDTH="47"/>
						<String ID="P3_ST00567" HPOS="2797" VPOS="1876" WIDTH="227" HEIGHT="51" CONTENT="londoner" WC="0.99" CC="80605003"/>
						<SP ID="P3_SP00500" HPOS="3024" VPOS="1928" WIDTH="31"/>
						<String ID="P3_ST00568" HPOS="3055" VPOS="1876" WIDTH="163" HEIGHT="51" CONTENT="Saison" WC="0.98" CC="536042"/>
						<SP ID="P3_SP00501" HPOS="3218" VPOS="1928" WIDTH="45"/>
						<String ID="P3_ST00569" HPOS="3263" VPOS="1877" WIDTH="57" HEIGHT="50" CONTENT="im" WC="0.63" CC="07"/>
					</TextLine>
					<TextLine ID="P3_TL00069" HPOS="1750" VPOS="1960" WIDTH="1571" HEIGHT="67">
						<String ID="P3_ST00570" HPOS="1750" VPOS="1961" WIDTH="452" HEIGHT="60" CONTENT="Prinzess-Theater," WC="0.80" CC="52005200106131001"/>
						<SP ID="P3_SP00502" HPOS="2202" VPOS="2021" WIDTH="47"/>
						<String ID="P3_ST00571" HPOS="2249" VPOS="1979" WIDTH="73" HEIGHT="33" CONTENT="wo" WC="1.00" CC="00"/>
						<SP ID="P3_SP00503" HPOS="2322" VPOS="2021" WIDTH="33"/>
						<String ID="P3_ST00572" HPOS="2355" VPOS="1979" WIDTH="48" HEIGHT="32" CONTENT="er" WC="0.50" CC="45"/>
						<SP ID="P3_SP00504" HPOS="2403" VPOS="2021" WIDTH="28"/>
						<String ID="P3_ST00573" HPOS="2431" VPOS="1960" WIDTH="111" HEIGHT="51" CONTENT="aber" WC="0.99" CC="2021"/>
						<SP ID="P3_SP00505" HPOS="2542" VPOS="2021" WIDTH="30"/>
						<String ID="P3_ST00574" HPOS="2572" VPOS="1961" WIDTH="80" HEIGHT="50" CONTENT="mit" WC="0.93" CC="916"/>
						<SP ID="P3_SP00506" HPOS="2652" VPOS="2021" WIDTH="34"/>
						<String ID="P3_ST00575" HPOS="2686" VPOS="1960" WIDTH="306" HEIGHT="66" CONTENT="ungünstigen" WC="0.99" CC="56995250000"/>
						<SP ID="P3_SP00507" HPOS="2992" VPOS="2026" WIDTH="33"/>
						<String ID="P3_ST00576" HPOS="3025" VPOS="1960" WIDTH="296" HEIGHT="67" CONTENT="Repertoire-" WC="0.99" CC="94002374560"/>
					</TextLine>
					<TextLine ID="P3_TL00070" HPOS="1752" VPOS="2042" WIDTH="1567" HEIGHT="69">
						<String ID="P3_ST00577" HPOS="1752" VPOS="2044" WIDTH="348" HEIGHT="52" CONTENT="Verhältnissen" WC="0.99" CC="4205806004004"/>
						<SP ID="P3_SP00508" HPOS="2100" VPOS="2096" WIDTH="45"/>
						<String ID="P3_ST00578" HPOS="2145" VPOS="2063" WIDTH="54" HEIGHT="31" CONTENT="zu" WC="0.48" CC="64"/>
						<SP ID="P3_SP00509" HPOS="2199" VPOS="2096" WIDTH="48"/>
						<String ID="P3_ST00579" HPOS="2247" VPOS="2045" WIDTH="211" HEIGHT="66" CONTENT="kämpfen" WC="0.98" CC="0999004"/>
						<SP ID="P3_SP00510" HPOS="2458" VPOS="2111" WIDTH="47"/>
						<String ID="P3_ST00580" HPOS="2505" VPOS="2045" WIDTH="123" HEIGHT="48" CONTENT="hatte" WC="0.96" CC="74684"/>
						<SP ID="P3_SP00511" HPOS="2628" VPOS="2111" WIDTH="47"/>
						<String ID="P3_ST00581" HPOS="2675" VPOS="2044" WIDTH="93" HEIGHT="49" CONTENT="und" WC="0.95" CC="317"/>
						<SP ID="P3_SP00512" HPOS="2768" VPOS="2111" WIDTH="47"/>
						<String ID="P3_ST00582" HPOS="2815" VPOS="2060" WIDTH="87" HEIGHT="32" CONTENT="nur" WC="0.93" CC="934"/>
						<SP ID="P3_SP00513" HPOS="2902" VPOS="2111" WIDTH="40"/>
						<String ID="P3_ST00583" HPOS="2942" VPOS="2042" WIDTH="43" HEIGHT="50" CONTENT="in" WC="0.91" CC="00"/>
						<SP ID="P3_SP00514" HPOS="2985" VPOS="2111" WIDTH="43"/>
						<String ID="P3_ST00584" HPOS="3028" VPOS="2042" WIDTH="89" HEIGHT="51" CONTENT="den" WC="0.96" CC="702"/>
						<SP ID="P3_SP00515" HPOS="3117" VPOS="2111" WIDTH="40"/>
						<String ID="P3_ST00585" HPOS="3157" VPOS="2044" WIDTH="162" HEIGHT="67" CONTENT="Opern" WC="0.98" CC="27020"/>
					</TextLine>
					<TextLine ID="P3_TL00071" HPOS="1750" VPOS="2126" WIDTH="1565" HEIGHT="69">
						<String ID="P3_ST00586" HPOS="1750" VPOS="2129" WIDTH="292" HEIGHT="66" CONTENT="Nachtlager," WC="0.99" CC="05070270001"/>
						<SP ID="P3_SP00516" HPOS="2042" VPOS="2195" WIDTH="56"/>
						<String ID="P3_ST00587" HPOS="2098" VPOS="2127" WIDTH="242" HEIGHT="59" CONTENT="Jessonda," WC="0.90" CC="002020012"/>
						<SP ID="P3_SP00517" HPOS="2340" VPOS="2195" WIDTH="67"/>
						<String ID="P3_ST00588" HPOS="2407" VPOS="2127" WIDTH="236" HEIGHT="68" CONTENT="Ipbigenia" WC="0.72" CC="108000734"/>
						<SP ID="P3_SP00518" HPOS="2643" VPOS="2195" WIDTH="46"/>
						<String ID="P3_ST00589" HPOS="2689" VPOS="2127" WIDTH="80" HEIGHT="50" CONTENT="auf" WC="0.97" CC="350"/>
						<SP ID="P3_SP00519" HPOS="2769" VPOS="2195" WIDTH="48"/>
						<String ID="P3_ST00590" HPOS="2817" VPOS="2126" WIDTH="164" HEIGHT="50" CONTENT="Tauris" WC="0.68" CC="055503"/>
						<SP ID="P3_SP00520" HPOS="2981" VPOS="2195" WIDTH="61"/>
						<String ID="P3_ST00591" HPOS="3042" VPOS="2126" WIDTH="93" HEIGHT="50" CONTENT="und" WC="0.98" CC="050"/>
						<SP ID="P3_SP00521" HPOS="3135" VPOS="2195" WIDTH="54"/>
						<String ID="P3_ST00592" HPOS="3189" VPOS="2127" WIDTH="101" HEIGHT="49" CONTENT="Frei" SUBS_TYPE="HypPart1" SUBS_CONTENT="Freischütz" WC="0.99" CC="4300"/>
						<HYP HPOS="3290" VPOS="2127" WIDTH="25" CONTENT="-"/>
					</TextLine>
					<TextLine ID="P3_TL00072" HPOS="1753" VPOS="2210" WIDTH="1566" HEIGHT="70">
						<String ID="P3_ST00593" HPOS="1753" VPOS="2214" WIDTH="157" HEIGHT="48" CONTENT="schütz" SUBS_TYPE="HypPart2" SUBS_CONTENT="Freischütz" WC="0.98" CC="006827"/>
						<SP ID="P3_SP00522" HPOS="1910" VPOS="2262" WIDTH="33"/>
						<String ID="P3_ST00594" HPOS="1943" VPOS="2213" WIDTH="75" HEIGHT="67" CONTENT="(im" WC="0.96" CC="506"/>
						<SP ID="P3_SP00523" HPOS="2018" VPOS="2280" WIDTH="33"/>
						<String ID="P3_ST00595" HPOS="2051" VPOS="2211" WIDTH="221" HEIGHT="51" CONTENT="letzteren" WC="0.99" CC="507700000"/>
						<SP ID="P3_SP00524" HPOS="2272" VPOS="2280" WIDTH="30"/>
						<String ID="P3_ST00596" HPOS="2302" VPOS="2211" WIDTH="66" HEIGHT="51" CONTENT="17" WC="0.31" CC="58"/>
						<SP ID="P3_SP00525" HPOS="2368" VPOS="2280" WIDTH="25"/>
						<String ID="P3_ST00597" HPOS="2393" VPOS="2211" WIDTH="109" HEIGHT="68" CONTENT="Mal)" WC="0.95" CC="9426"/>
						<SP ID="P3_SP00526" HPOS="2502" VPOS="2280" WIDTH="31"/>
						<String ID="P3_ST00598" HPOS="2533" VPOS="2211" WIDTH="227" HEIGHT="50" CONTENT="auftreten" WC="0.99" CC="450600570"/>
						<SP ID="P3_SP00527" HPOS="2760" VPOS="2280" WIDTH="29"/>
						<String ID="P3_ST00599" HPOS="2789" VPOS="2210" WIDTH="186" HEIGHT="51" CONTENT="konnte." WC="0.99" CC="0036034"/>
						<SP ID="P3_SP00528" HPOS="2975" VPOS="2280" WIDTH="33"/>
						<String ID="P3_ST00600" HPOS="3008" VPOS="2210" WIDTH="193" HEIGHT="51" CONTENT="Hierauf" WC="0.99" CC="3100255"/>
						<SP ID="P3_SP00529" HPOS="3201" VPOS="2280" WIDTH="29"/>
						<String ID="P3_ST00601" HPOS="3230" VPOS="2210" WIDTH="89" HEIGHT="66" CONTENT="gab" WC="0.96" CC="037"/>
					</TextLine>
					<TextLine ID="P3_TL00073" HPOS="1752" VPOS="2293" WIDTH="1421" HEIGHT="68">
						<String ID="P3_ST00602" HPOS="1752" VPOS="2313" WIDTH="50" HEIGHT="32" CONTENT="er" WC="0.92" CC="01"/>
						<SP ID="P3_SP00530" HPOS="1802" VPOS="2345" WIDTH="30"/>
						<String ID="P3_ST00603" HPOS="1832" VPOS="2296" WIDTH="58" HEIGHT="49" CONTENT="im" WC="0.98" CC="00"/>
						<SP ID="P3_SP00531" HPOS="1890" VPOS="2345" WIDTH="32"/>
						<String ID="P3_ST00604" HPOS="1922" VPOS="2295" WIDTH="559" HEIGHT="66" CONTENT="Königstädter-Thealer" WC="1.00" CC="00209308016007601006"/>
						<SP ID="P3_SP00532" HPOS="2481" VPOS="2361" WIDTH="33"/>
						<String ID="P3_ST00605" HPOS="2514" VPOS="2313" WIDTH="52" HEIGHT="32" CONTENT="zu" WC="0.32" CC="66"/>
						<SP ID="P3_SP00533" HPOS="2566" VPOS="2361" WIDTH="35"/>
						<String ID="P3_ST00606" HPOS="2601" VPOS="2294" WIDTH="149" HEIGHT="49" CONTENT="Berlin" WC="0.98" CC="704416"/>
						<SP ID="P3_SP00534" HPOS="2750" VPOS="2361" WIDTH="34"/>
						<String ID="P3_ST00607" HPOS="2784" VPOS="2293" WIDTH="69" HEIGHT="49" CONTENT="41" WC="0.65" CC="06"/>
						<SP ID="P3_SP00535" HPOS="2853" VPOS="2361" WIDTH="47"/>
						<String ID="P3_ST00608" HPOS="2900" VPOS="2293" WIDTH="273" HEIGHT="50" CONTENT="Gastrollen." WC="0.98" CC="44675556482"/>
					</TextLine>
					<TextLine ID="P3_TL00074" HPOS="1876" VPOS="2376" WIDTH="1444" HEIGHT="66">
						<String ID="P3_ST00609" HPOS="1876" VPOS="2380" WIDTH="67" HEIGHT="48" CONTENT="Im" WC="0.46" CC="64"/>
						<SP ID="P3_SP00536" HPOS="1943" VPOS="2428" WIDTH="24"/>
						<String ID="P3_ST00610" HPOS="1967" VPOS="2379" WIDTH="143" HEIGHT="51" CONTENT="Jahre" WC="0.99" CC="03000"/>
						<SP ID="P3_SP00537" HPOS="2110" VPOS="2430" WIDTH="37"/>
						<String ID="P3_ST00611" HPOS="2147" VPOS="2378" WIDTH="152" HEIGHT="52" CONTENT="1845" WC="0.69" CC="1307"/>
						<SP ID="P3_SP00538" HPOS="2299" VPOS="2430" WIDTH="37"/>
						<String ID="P3_ST00612" HPOS="2336" VPOS="2379" WIDTH="161" HEIGHT="49" CONTENT="wurde" WC="1.00" CC="00000"/>
						<SP ID="P3_SP00539" HPOS="2497" VPOS="2430" WIDTH="27"/>
						<String ID="P3_ST00613" HPOS="2524" VPOS="2378" WIDTH="127" HEIGHT="53" CONTENT="Wild" WC="0.97" CC="0309"/>
						<SP ID="P3_SP00540" HPOS="2651" VPOS="2431" WIDTH="32"/>
						<String ID="P3_ST00614" HPOS="2683" VPOS="2397" WIDTH="102" HEIGHT="31" CONTENT="zum" WC="0.93" CC="359"/>
						<SP ID="P3_SP00541" HPOS="2785" VPOS="2431" WIDTH="26"/>
						<String ID="P3_ST00615" HPOS="2811" VPOS="2376" WIDTH="405" HEIGHT="66" CONTENT="Ober-Regisseur" WC="0.99" CC="77052010066042"/>
						<SP ID="P3_SP00542" HPOS="3216" VPOS="2442" WIDTH="32"/>
						<String ID="P3_ST00616" HPOS="3248" VPOS="2394" WIDTH="48" HEIGHT="33" CONTENT="er" SUBS_TYPE="HypPart1" SUBS_CONTENT="ernannt," WC="0.99" CC="00"/>
						<HYP HPOS="3296" VPOS="2394" WIDTH="24" CONTENT="-"/>
					</TextLine>
					<TextLine ID="P3_TL00075" HPOS="1753" VPOS="2459" WIDTH="1568" HEIGHT="61">
						<String ID="P3_ST00617" HPOS="1753" VPOS="2469" WIDTH="156" HEIGHT="51" CONTENT="nannt," SUBS_TYPE="HypPart2" SUBS_CONTENT="ernannt," WC="0.99" CC="202030"/>
						<SP ID="P3_SP00543" HPOS="1909" VPOS="2520" WIDTH="45"/>
						<String ID="P3_ST00618" HPOS="1954" VPOS="2463" WIDTH="222" HEIGHT="49" CONTENT="nachdem" WC="0.99" CC="0404001"/>
						<SP ID="P3_SP00544" HPOS="2176" VPOS="2520" WIDTH="32"/>
						<String ID="P3_ST00619" HPOS="2208" VPOS="2479" WIDTH="49" HEIGHT="32" CONTENT="er" WC="0.88" CC="02"/>
						<SP ID="P3_SP00545" HPOS="2257" VPOS="2520" WIDTH="32"/>
						<String ID="P3_ST00620" HPOS="2289" VPOS="2461" WIDTH="120" HEIGHT="51" CONTENT="seine" WC="0.99" CC="00050"/>
						<SP ID="P3_SP00546" HPOS="2409" VPOS="2520" WIDTH="31"/>
						<String ID="P3_ST00621" HPOS="2440" VPOS="2459" WIDTH="486" HEIGHT="52" CONTENT="Künstler-Laulbahn" WC="0.69" CC="00303507225373060"/>
						<SP ID="P3_SP00547" HPOS="2926" VPOS="2520" WIDTH="33"/>
						<String ID="P3_ST00622" HPOS="2959" VPOS="2477" WIDTH="71" HEIGHT="33" CONTENT="am" WC="0.78" CC="40"/>
						<SP ID="P3_SP00548" HPOS="3030" VPOS="2520" WIDTH="36"/>
						<String ID="P3_ST00623" HPOS="3066" VPOS="2459" WIDTH="93" HEIGHT="51" CONTENT="24." WC="0.64" CC="703"/>
						<SP ID="P3_SP00549" HPOS="3159" VPOS="2520" WIDTH="32"/>
						<String ID="P3_ST00624" HPOS="3191" VPOS="2460" WIDTH="130" HEIGHT="50" CONTENT="März" WC="0.99" CC="0006"/>
					</TextLine>
					<TextLine ID="P3_TL00076" HPOS="1759" VPOS="2543" WIDTH="1561" HEIGHT="70">
						<String ID="P3_ST00625" HPOS="1759" VPOS="2547" WIDTH="154" HEIGHT="49" CONTENT="1845" WC="0.89" CC="0400"/>
						<SP ID="P3_SP00550" HPOS="1913" VPOS="2596" WIDTH="33"/>
						<String ID="P3_ST00626" HPOS="1946" VPOS="2547" WIDTH="204" HEIGHT="66" CONTENT="gänzlich" WC="0.99" CC="00060326"/>
						<SP ID="P3_SP00551" HPOS="2150" VPOS="2613" WIDTH="36"/>
						<String ID="P3_ST00627" HPOS="2186" VPOS="2545" WIDTH="292" HEIGHT="51" CONTENT="beschlossen" WC="0.99" CC="70006230530"/>
						<SP ID="P3_SP00552" HPOS="2478" VPOS="2613" WIDTH="33"/>
						<String ID="P3_ST00628" HPOS="2511" VPOS="2547" WIDTH="142" HEIGHT="54" CONTENT="hatte," WC="0.98" CC="667200"/>
						<SP ID="P3_SP00553" HPOS="2653" VPOS="2613" WIDTH="33"/>
						<String ID="P3_ST00629" HPOS="2686" VPOS="2545" WIDTH="54" HEIGHT="49" CONTENT="da" WC="0.86" CC="02"/>
						<SP ID="P3_SP00554" HPOS="2740" VPOS="2613" WIDTH="31"/>
						<String ID="P3_ST00630" HPOS="2771" VPOS="2545" WIDTH="112" HEIGHT="49" CONTENT="nach" WC="0.96" CC="7047"/>
						<SP ID="P3_SP00555" HPOS="2883" VPOS="2613" WIDTH="36"/>
						<String ID="P3_ST00631" HPOS="2919" VPOS="2543" WIDTH="82" HEIGHT="51" CONTENT="der" WC="0.96" CC="910"/>
						<SP ID="P3_SP00556" HPOS="3001" VPOS="2613" WIDTH="35"/>
						<String ID="P3_ST00632" HPOS="3036" VPOS="2543" WIDTH="172" HEIGHT="51" CONTENT="damals" WC="1.00" CC="000000"/>
						<SP ID="P3_SP00557" HPOS="3208" VPOS="2613" WIDTH="33"/>
						<String ID="P3_ST00633" HPOS="3241" VPOS="2561" WIDTH="53" HEIGHT="33" CONTENT="an" SUBS_TYPE="HypPart1" SUBS_CONTENT="angenommenen" WC="0.98" CC="00"/>
						<HYP HPOS="3294" VPOS="2561" WIDTH="26" CONTENT="-"/>
					</TextLine>
					<TextLine ID="P3_TL00077" HPOS="1753" VPOS="2627" WIDTH="1570" HEIGHT="68">
						<String ID="P3_ST00634" HPOS="1753" VPOS="2647" WIDTH="335" HEIGHT="48" CONTENT="genommenen" SUBS_TYPE="HypPart2" SUBS_CONTENT="angenommenen" WC="1.00" CC="0000050002"/>
						<SP ID="P3_SP00558" HPOS="2088" VPOS="2695" WIDTH="27"/>
						<String ID="P3_ST00635" HPOS="2115" VPOS="2629" WIDTH="143" HEIGHT="51" CONTENT="Norm" WC="0.98" CC="0450"/>
						<SP ID="P3_SP00559" HPOS="2258" VPOS="2695" WIDTH="32"/>
						<String ID="P3_ST00636" HPOS="2290" VPOS="2630" WIDTH="102" HEIGHT="50" CONTENT="kein" WC="1.00" CC="0000"/>
						<SP ID="P3_SP00560" HPOS="2392" VPOS="2695" WIDTH="24"/>
						<String ID="P3_ST00637" HPOS="2416" VPOS="2629" WIDTH="254" HEIGHT="66" CONTENT="Regisseur" WC="0.99" CC="029212243"/>
						<SP ID="P3_SP00561" HPOS="2670" VPOS="2695" WIDTH="30"/>
						<String ID="P3_ST00638" HPOS="2700" VPOS="2629" WIDTH="130" HEIGHT="48" CONTENT="mehr" WC="0.96" CC="9700"/>
						<SP ID="P3_SP00562" HPOS="2830" VPOS="2695" WIDTH="26"/>
						<String ID="P3_ST00639" HPOS="2856" VPOS="2627" WIDTH="145" HEIGHT="50" CONTENT="selbst" WC="0.99" CC="000606"/>
						<SP ID="P3_SP00563" HPOS="3001" VPOS="2695" WIDTH="28"/>
						<String ID="P3_ST00640" HPOS="3029" VPOS="2627" WIDTH="294" HEIGHT="50" CONTENT="ausübender" WC="0.99" CC="2410503000"/>
					</TextLine>
					<TextLine ID="P3_TL00078" HPOS="1753" VPOS="2709" WIDTH="1566" HEIGHT="67">
						<String ID="P3_ST00641" HPOS="1753" VPOS="2713" WIDTH="221" HEIGHT="49" CONTENT="Künstler" WC="0.99" CC="50023402"/>
						<SP ID="P3_SP00564" HPOS="1974" VPOS="2762" WIDTH="30"/>
						<String ID="P3_ST00642" HPOS="2004" VPOS="2713" WIDTH="93" HEIGHT="49" CONTENT="sein" WC="0.98" CC="1025"/>
						<SP ID="P3_SP00565" HPOS="2097" VPOS="2762" WIDTH="33"/>
						<String ID="P3_ST00643" HPOS="2130" VPOS="2713" WIDTH="146" HEIGHT="49" CONTENT="sollte." WC="0.98" CC="5163743"/>
						<SP ID="P3_SP00566" HPOS="2276" VPOS="2762" WIDTH="42"/>
						<String ID="P3_ST00644" HPOS="2318" VPOS="2712" WIDTH="136" HEIGHT="50" CONTENT="Seine" WC="0.99" CC="30030"/>
						<SP ID="P3_SP00567" HPOS="2454" VPOS="2762" WIDTH="32"/>
						<String ID="P3_ST00645" HPOS="2486" VPOS="2713" WIDTH="169" HEIGHT="48" CONTENT="letzten" WC="0.98" CC="1057490"/>
						<SP ID="P3_SP00568" HPOS="2655" VPOS="2762" WIDTH="33"/>
						<String ID="P3_ST00646" HPOS="2688" VPOS="2710" WIDTH="282" HEIGHT="66" CONTENT="Leistungen" WC="0.99" CC="1503558070"/>
						<SP ID="P3_SP00569" HPOS="2970" VPOS="2776" WIDTH="33"/>
						<String ID="P3_ST00647" HPOS="3003" VPOS="2727" WIDTH="152" HEIGHT="33" CONTENT="waren" WC="0.98" CC="06223"/>
						<SP ID="P3_SP00570" HPOS="3155" VPOS="2776" WIDTH="32"/>
						<String ID="P3_ST00648" HPOS="3187" VPOS="2709" WIDTH="106" HEIGHT="50" CONTENT="Elea" SUBS_TYPE="HypPart1" SUBS_CONTENT="Eleazar" WC="0.90" CC="0200"/>
						<HYP HPOS="3293" VPOS="2709" WIDTH="26" CONTENT="-"/>
					</TextLine>
					<TextLine ID="P3_TL00079" HPOS="1754" VPOS="2793" WIDTH="1555" HEIGHT="61">
						<String ID="P3_ST00649" HPOS="1754" VPOS="2813" WIDTH="75" HEIGHT="33" CONTENT="zar" SUBS_TYPE="HypPart2" SUBS_CONTENT="Eleazar" WC="0.83" CC="500"/>
						<SP ID="P3_SP00571" HPOS="1829" VPOS="2846" WIDTH="31"/>
						<String ID="P3_ST00650" HPOS="1860" VPOS="2795" WIDTH="43" HEIGHT="51" CONTENT="in" WC="1.00" CC="00"/>
						<SP ID="P3_SP00572" HPOS="1903" VPOS="2846" WIDTH="31"/>
						<String ID="P3_ST00651" HPOS="1934" VPOS="2797" WIDTH="80" HEIGHT="49" CONTENT="der" WC="1.00" CC="000"/>
						<SP ID="P3_SP00573" HPOS="2014" VPOS="2846" WIDTH="42"/>
						<String ID="P3_ST00652" HPOS="2056" VPOS="2795" WIDTH="225" HEIGHT="59" CONTENT='„Jüdin",' WC="0.99" CC="60010372"/>
						<SP ID="P3_SP00574" HPOS="2281" VPOS="2854" WIDTH="32"/>
						<String ID="P3_ST00653" HPOS="2313" VPOS="2797" WIDTH="104" HEIGHT="48" CONTENT="Don" WC="0.99" CC="030"/>
						<SP ID="P3_SP00575" HPOS="2417" VPOS="2854" WIDTH="18"/>
						<String ID="P3_ST00654" HPOS="2435" VPOS="2797" WIDTH="137" HEIGHT="56" CONTENT="Juan," WC="0.99" CC="04500"/>
						<SP ID="P3_SP00576" HPOS="2572" VPOS="2854" WIDTH="33"/>
						<String ID="P3_ST00655" HPOS="2605" VPOS="2794" WIDTH="175" HEIGHT="50" CONTENT="Arnold" WC="0.97" CC="346507"/>
						<SP ID="P3_SP00577" HPOS="2780" VPOS="2854" WIDTH="35"/>
						<String ID="P3_ST00656" HPOS="2815" VPOS="2794" WIDTH="39" HEIGHT="48" CONTENT="in" WC="0.95" CC="00"/>
						<SP ID="P3_SP00578" HPOS="2854" VPOS="2854" WIDTH="43"/>
						<String ID="P3_ST00657" HPOS="2897" VPOS="2832" WIDTH="17" HEIGHT="19" CONTENT="„" WC="0.31" CC="6"/>
						<SP ID="P3_SP00579" HPOS="2914" VPOS="2854" WIDTH="20"/>
						<String ID="P3_ST00658" HPOS="2934" VPOS="2793" WIDTH="220" HEIGHT="52" CONTENT="Wilhelm" WC="0.98" CC="0457067"/>
						<SP ID="P3_SP00580" HPOS="3154" VPOS="2854" WIDTH="24"/>
						<String ID="P3_ST00659" HPOS="3178" VPOS="2793" WIDTH="131" HEIGHT="49" CONTENT='Teil"' WC="0.98" CC="60307"/>
					</TextLine>
					<TextLine ID="P3_TL00080" HPOS="1755" VPOS="2877" WIDTH="1560" HEIGHT="71">
						<String ID="P3_ST00660" HPOS="1755" VPOS="2881" WIDTH="92" HEIGHT="49" CONTENT="und" WC="0.96" CC="460"/>
						<SP ID="P3_SP00581" HPOS="1847" VPOS="2930" WIDTH="38"/>
						<String ID="P3_ST00661" HPOS="1885" VPOS="2881" WIDTH="69" HEIGHT="49" CONTENT="16" WC="0.55" CC="26"/>
						<SP ID="P3_SP00582" HPOS="1954" VPOS="2930" WIDTH="35"/>
						<String ID="P3_ST00662" HPOS="1989" VPOS="2881" WIDTH="92" HEIGHT="49" CONTENT="Mal" WC="0.99" CC="300"/>
						<SP ID="P3_SP00583" HPOS="2081" VPOS="2930" WIDTH="30"/>
						<String ID="P3_ST00663" HPOS="2111" VPOS="2879" WIDTH="263" HEIGHT="69" CONTENT="Abayaldos" WC="0.68" CC="004642900"/>
						<SP ID="P3_SP00584" HPOS="2374" VPOS="2948" WIDTH="33"/>
						<String ID="P3_ST00664" HPOS="2407" VPOS="2879" WIDTH="41" HEIGHT="50" CONTENT="in" WC="0.65" CC="06"/>
						<SP ID="P3_SP00585" HPOS="2448" VPOS="2948" WIDTH="43"/>
						<String ID="P3_ST00665" HPOS="2491" VPOS="2882" WIDTH="134" HEIGHT="54" CONTENT="„Don" WC="0.97" CC="6060"/>
						<SP ID="P3_SP00586" HPOS="2625" VPOS="2948" WIDTH="33"/>
						<String ID="P3_ST00666" HPOS="2658" VPOS="2878" WIDTH="298" HEIGHT="57" CONTENT='Sebastian",' WC="0.99" CC="00520065763"/>
						<SP ID="P3_SP00587" HPOS="2956" VPOS="2948" WIDTH="48"/>
						<String ID="P3_ST00667" HPOS="3004" VPOS="2878" WIDTH="80" HEIGHT="47" CONTENT="mit" WC="0.98" CC="006"/>
						<SP ID="P3_SP00588" HPOS="3084" VPOS="2948" WIDTH="32"/>
						<String ID="P3_ST00668" HPOS="3116" VPOS="2877" WIDTH="199" HEIGHT="49" CONTENT="welcher" WC="1.00" CC="0010001"/>
					</TextLine>
					<TextLine ID="P3_TL00081" HPOS="1753" VPOS="2959" WIDTH="1563" HEIGHT="66">
						<String ID="P3_ST00669" HPOS="1753" VPOS="2963" WIDTH="81" HEIGHT="51" CONTENT="der" WC="0.98" CC="005"/>
						<SP ID="P3_SP00589" HPOS="1834" VPOS="3014" WIDTH="32"/>
						<String ID="P3_ST00670" HPOS="1866" VPOS="2963" WIDTH="189" HEIGHT="50" CONTENT="SchJuss" WC="0.63" CC="0065760"/>
						<SP ID="P3_SP00590" HPOS="2055" VPOS="3014" WIDTH="42"/>
						<String ID="P3_ST00671" HPOS="2097" VPOS="2963" WIDTH="147" HEIGHT="51" CONTENT="seines" WC="0.98" CC="601805"/>
						<SP ID="P3_SP00591" HPOS="2244" VPOS="3014" WIDTH="47"/>
						<String ID="P3_ST00672" HPOS="2291" VPOS="2962" WIDTH="284" HEIGHT="49" CONTENT="ruhmvollen" WC="0.99" CC="7860046207"/>
						<SP ID="P3_SP00592" HPOS="2575" VPOS="3014" WIDTH="34"/>
						<String ID="P3_ST00673" HPOS="2609" VPOS="2961" WIDTH="220" HEIGHT="50" CONTENT="Wirkens" WC="0.99" CC="1400073"/>
						<SP ID="P3_SP00593" HPOS="2829" VPOS="3014" WIDTH="47"/>
						<String ID="P3_ST00674" HPOS="2876" VPOS="2959" WIDTH="214" HEIGHT="66" CONTENT="gemacht" WC="0.97" CC="9082575"/>
						<SP ID="P3_SP00594" HPOS="3090" VPOS="3025" WIDTH="47"/>
						<String ID="P3_ST00675" HPOS="3137" VPOS="2959" WIDTH="179" HEIGHT="51" CONTENT="wurde." WC="0.99" CC="061060"/>
					</TextLine>
					<TextLine ID="P3_TL00082" HPOS="1753" VPOS="3043" WIDTH="1567" HEIGHT="70">
						<String ID="P3_ST00676" HPOS="1753" VPOS="3047" WIDTH="81" HEIGHT="49" CONTENT="Als" WC="1.00" CC="000"/>
						<SP ID="P3_SP00595" HPOS="1834" VPOS="3096" WIDTH="32"/>
						<String ID="P3_ST00677" HPOS="1866" VPOS="3046" WIDTH="405" HEIGHT="67" CONTENT="Ober-Regisseur" WC="1.00" CC="76003000111024"/>
						<SP ID="P3_SP00596" HPOS="2271" VPOS="3113" WIDTH="38"/>
						<String ID="P3_ST00678" HPOS="2309" VPOS="3046" WIDTH="248" HEIGHT="49" CONTENT="verdankte" WC="0.99" CC="036556000"/>
						<SP ID="P3_SP00597" HPOS="2557" VPOS="3113" WIDTH="40"/>
						<String ID="P3_ST00679" HPOS="2597" VPOS="3044" WIDTH="88" HEIGHT="50" CONTENT="ihm" WC="0.94" CC="067"/>
						<SP ID="P3_SP00598" HPOS="2685" VPOS="3113" WIDTH="37"/>
						<String ID="P3_ST00680" HPOS="2722" VPOS="3043" WIDTH="137" HEIGHT="51" CONTENT="Wien" WC="0.97" CC="0704"/>
						<SP ID="P3_SP00599" HPOS="2859" VPOS="3113" WIDTH="34"/>
						<String ID="P3_ST00681" HPOS="2893" VPOS="3044" WIDTH="85" HEIGHT="49" CONTENT="den" WC="0.91" CC="777"/>
						<SP ID="P3_SP00600" HPOS="2978" VPOS="3113" WIDTH="35"/>
						<String ID="P3_ST00682" HPOS="3013" VPOS="3043" WIDTH="191" HEIGHT="50" CONTENT="Gewinn" WC="0.99" CC="000352"/>
						<SP ID="P3_SP00601" HPOS="3204" VPOS="3113" WIDTH="33"/>
						<String ID="P3_ST00683" HPOS="3237" VPOS="3043" WIDTH="83" HEIGHT="50" CONTENT="der" WC="0.99" CC="003"/>
					</TextLine>
					<TextLine ID="P3_TL00083" HPOS="1752" VPOS="3127" WIDTH="1567" HEIGHT="69">
						<String ID="P3_ST00684" HPOS="1752" VPOS="3130" WIDTH="398" HEIGHT="66" CONTENT="unvergesslichen" WC="0.82" CC="430040000400601"/>
						<SP ID="P3_SP00602" HPOS="2150" VPOS="3196" WIDTH="37"/>
						<String ID="P3_ST00685" HPOS="2187" VPOS="3131" WIDTH="132" HEIGHT="48" CONTENT="Anna" WC="0.98" CC="2620"/>
						<SP ID="P3_SP00603" HPOS="2319" VPOS="3196" WIDTH="27"/>
						<String ID="P3_ST00686" HPOS="2346" VPOS="3131" WIDTH="128" HEIGHT="56" CONTENT="Zerr," WC="0.98" CC="04240"/>
						<SP ID="P3_SP00604" HPOS="2474" VPOS="3196" WIDTH="32"/>
						<String ID="P3_ST00687" HPOS="2506" VPOS="3130" WIDTH="79" HEIGHT="48" CONTENT="des" WC="0.95" CC="904"/>
						<SP ID="P3_SP00605" HPOS="2585" VPOS="3196" WIDTH="31"/>
						<String ID="P3_ST00688" HPOS="2616" VPOS="3127" WIDTH="205" HEIGHT="66" CONTENT="genialen" WC="0.98" CC="94606076"/>
						<SP ID="P3_SP00606" HPOS="2821" VPOS="3196" WIDTH="34"/>
						<String ID="P3_ST00689" HPOS="2855" VPOS="3127" WIDTH="107" HEIGHT="48" CONTENT="Karl" WC="0.96" CC="0693"/>
						<SP ID="P3_SP00607" HPOS="2962" VPOS="3196" WIDTH="30"/>
						<String ID="P3_ST00690" HPOS="2992" VPOS="3127" WIDTH="210" HEIGHT="57" CONTENT="Formes," WC="0.70" CC="1260260"/>
						<SP ID="P3_SP00608" HPOS="3202" VPOS="3196" WIDTH="34"/>
						<String ID="P3_ST00691" HPOS="3236" VPOS="3127" WIDTH="83" HEIGHT="51" CONTENT="des" WC="0.98" CC="006"/>
					</TextLine>
					<TextLine ID="P3_TL00084" HPOS="1752" VPOS="3211" WIDTH="1564" HEIGHT="66">
						<String ID="P3_ST00692" HPOS="1752" VPOS="3213" WIDTH="254" HEIGHT="51" CONTENT="herrlichen" WC="0.99" CC="6000610440"/>
						<SP ID="P3_SP00609" HPOS="2006" VPOS="3264" WIDTH="34"/>
						<String ID="P3_ST00693" HPOS="2040" VPOS="3213" WIDTH="171" HEIGHT="56" CONTENT="Ander," WC="0.98" CC="689000"/>
						<SP ID="P3_SP00610" HPOS="2211" VPOS="3269" WIDTH="47"/>
						<String ID="P3_ST00694" HPOS="2258" VPOS="3212" WIDTH="163" HEIGHT="51" CONTENT="dessen" WC="0.96" CC="095696"/>
						<SP ID="P3_SP00611" HPOS="2421" VPOS="3269" WIDTH="46"/>
						<String ID="P3_ST00695" HPOS="2467" VPOS="3212" WIDTH="202" HEIGHT="65" CONTENT="künftige" WC="0.97" CC="09798493"/>
						<SP ID="P3_SP00612" HPOS="2669" VPOS="3277" WIDTH="30"/>
						<String ID="P3_ST00696" HPOS="2699" VPOS="3212" WIDTH="318" HEIGHT="64" CONTENT="Kunstgrösse" WC="0.53" CC="03885928400"/>
						<SP ID="P3_SP00613" HPOS="3017" VPOS="3277" WIDTH="38"/>
						<String ID="P3_ST00697" HPOS="3055" VPOS="3211" WIDTH="141" HEIGHT="48" CONTENT="schon" WC="0.98" CC="00706"/>
						<SP ID="P3_SP00614" HPOS="3196" VPOS="3277" WIDTH="43"/>
						<String ID="P3_ST00698" HPOS="3239" VPOS="3211" WIDTH="52" HEIGHT="48" CONTENT="da" SUBS_TYPE="HypPart1" SUBS_CONTENT="damals" WC="0.96" CC="05"/>
						<HYP HPOS="3291" VPOS="3211" WIDTH="25" CONTENT="-"/>
					</TextLine>
					<TextLine ID="P3_TL00085" HPOS="1753" VPOS="3293" WIDTH="1566" HEIGHT="69">
						<String ID="P3_ST00699" HPOS="1753" VPOS="3297" WIDTH="112" HEIGHT="51" CONTENT="mals" SUBS_TYPE="HypPart2" SUBS_CONTENT="damals" WC="0.97" CC="0606"/>
						<SP ID="P3_SP00615" HPOS="1865" VPOS="3348" WIDTH="31"/>
						<String ID="P3_ST00700" HPOS="1896" VPOS="3297" WIDTH="82" HEIGHT="50" CONTENT="der" WC="0.98" CC="050"/>
						<SP ID="P3_SP00616" HPOS="1978" VPOS="3348" WIDTH="26"/>
						<String ID="P3_ST00701" HPOS="2004" VPOS="3296" WIDTH="290" HEIGHT="66" CONTENT="untrügliche" WC="0.99" CC="74800904070"/>
						<SP ID="P3_SP00617" HPOS="2294" VPOS="3362" WIDTH="19"/>
						<String ID="P3_ST00702" HPOS="2313" VPOS="3296" WIDTH="119" HEIGHT="49" CONTENT="Blick" WC="0.96" CC="42679"/>
						<SP ID="P3_SP00618" HPOS="2432" VPOS="3362" WIDTH="27"/>
						<String ID="P3_ST00703" HPOS="2459" VPOS="3296" WIDTH="81" HEIGHT="49" CONTENT="des" WC="0.96" CC="900"/>
						<SP ID="P3_SP00619" HPOS="2540" VPOS="3362" WIDTH="26"/>
						<String ID="P3_ST00704" HPOS="2566" VPOS="3295" WIDTH="268" HEIGHT="49" CONTENT="erfahrenen" WC="0.99" CC="0406535005"/>
						<SP ID="P3_SP00620" HPOS="2834" VPOS="3362" WIDTH="30"/>
						<String ID="P3_ST00705" HPOS="2864" VPOS="3293" WIDTH="241" HEIGHT="50" CONTENT="Künstlers" WC="0.98" CC="695970005"/>
						<SP ID="P3_SP00621" HPOS="3105" VPOS="3362" WIDTH="27"/>
						<String ID="P3_ST00706" HPOS="3132" VPOS="3311" WIDTH="161" HEIGHT="33" CONTENT="voraus" SUBS_TYPE="HypPart1" SUBS_CONTENT="voraussah," WC="0.98" CC="604420"/>
						<HYP HPOS="3293" VPOS="3311" WIDTH="26" CONTENT="-"/>
					</TextLine>
					<TextLine ID="P3_TL00086" HPOS="1754" VPOS="3377" WIDTH="1566" HEIGHT="69">
						<String ID="P3_ST00707" HPOS="1754" VPOS="3382" WIDTH="94" HEIGHT="57" CONTENT="sah," SUBS_TYPE="HypPart2" SUBS_CONTENT="voraussah," WC="0.94" CC="9664"/>
						<SP ID="P3_SP00622" HPOS="1848" VPOS="3439" WIDTH="33"/>
						<String ID="P3_ST00708" HPOS="1881" VPOS="3381" WIDTH="79" HEIGHT="49" CONTENT="des" WC="0.97" CC="052"/>
						<SP ID="P3_SP00623" HPOS="1960" VPOS="3439" WIDTH="33"/>
						<String ID="P3_ST00709" HPOS="1993" VPOS="3380" WIDTH="376" HEIGHT="66" CONTENT="stimmkräftigen" WC="0.99" CC="52730060030903"/>
						<SP ID="P3_SP00624" HPOS="2369" VPOS="3446" WIDTH="33"/>
						<String ID="P3_ST00710" HPOS="2402" VPOS="3380" WIDTH="213" HEIGHT="58" CONTENT="Draxler," WC="0.67" CC="80340233"/>
						<SP ID="P3_SP00625" HPOS="2615" VPOS="3446" WIDTH="45"/>
						<String ID="P3_ST00711" HPOS="2660" VPOS="3378" WIDTH="78" HEIGHT="50" CONTENT="der" WC="0.95" CC="075"/>
						<SP ID="P3_SP00626" HPOS="2738" VPOS="3446" WIDTH="32"/>
						<String ID="P3_ST00712" HPOS="2770" VPOS="3377" WIDTH="423" HEIGHT="67" CONTENT="liebenswürdigen" WC="0.99" CC="405778600680004"/>
						<SP ID="P3_SP00627" HPOS="3193" VPOS="3446" WIDTH="36"/>
						<String ID="P3_ST00713" HPOS="3229" VPOS="3377" WIDTH="61" HEIGHT="51" CONTENT="Co" SUBS_TYPE="HypPart1" SUBS_CONTENT="Coloratursängerin" WC="0.33" CC="85"/>
						<HYP HPOS="3290" VPOS="3377" WIDTH="30" CONTENT="-"/>
					</TextLine>
					<TextLine ID="P3_TL00087" HPOS="1755" VPOS="3464" WIDTH="840" HEIGHT="66">
						<String ID="P3_ST00714" HPOS="1755" VPOS="3464" WIDTH="393" HEIGHT="66" CONTENT="loratursängerin" SUBS_TYPE="HypPart2" SUBS_CONTENT="Coloratursängerin" WC="0.75" CC="721141040003027"/>
						<SP ID="P3_SP00628" HPOS="2148" VPOS="3530" WIDTH="30"/>
						<String ID="P3_ST00715" HPOS="2178" VPOS="3465" WIDTH="151" HEIGHT="49" CONTENT="Fräul." WC="0.57" CC="359060"/>
						<SP ID="P3_SP00629" HPOS="2329" VPOS="3530" WIDTH="36"/>
						<String ID="P3_ST00716" HPOS="2365" VPOS="3464" WIDTH="230" HEIGHT="48" CONTENT="Liebhart." WC="0.98" CC="602676073"/>
					</TextLine>
					<TextLine ID="P3_TL00088" HPOS="1879" VPOS="3544" WIDTH="1440" HEIGHT="67">
						<String ID="P3_ST00717" HPOS="1879" VPOS="3549" WIDTH="48" HEIGHT="48" CONTENT="In" WC="0.41" CC="64"/>
						<SP ID="P3_SP00630" HPOS="1927" VPOS="3597" WIDTH="33"/>
						<String ID="P3_ST00718" HPOS="1960" VPOS="3555" WIDTH="216" HEIGHT="43" CONTENT="neuester" WC="0.99" CC="02303760"/>
						<SP ID="P3_SP00631" HPOS="2176" VPOS="3598" WIDTH="15"/>
						<String ID="P3_ST00719" HPOS="2191" VPOS="3546" WIDTH="97" HEIGHT="50" CONTENT="Zeit" WC="0.99" CC="0006"/>
						<SP ID="P3_SP00632" HPOS="2288" VPOS="3598" WIDTH="26"/>
						<String ID="P3_ST00720" HPOS="2314" VPOS="3546" WIDTH="240" HEIGHT="50" CONTENT="entzückte" WC="0.99" CC="086806060"/>
						<SP ID="P3_SP00633" HPOS="2554" VPOS="3598" WIDTH="23"/>
						<String ID="P3_ST00721" HPOS="2577" VPOS="3544" WIDTH="123" HEIGHT="50" CONTENT="Wild" WC="0.96" CC="0359"/>
						<SP ID="P3_SP00634" HPOS="2700" VPOS="3598" WIDTH="33"/>
						<String ID="P3_ST00722" HPOS="2733" VPOS="3544" WIDTH="116" HEIGHT="49" CONTENT="noch" WC="0.98" CC="5203"/>
						<SP ID="P3_SP00635" HPOS="2849" VPOS="3598" WIDTH="33"/>
						<String ID="P3_ST00723" HPOS="2882" VPOS="3544" WIDTH="65" HEIGHT="48" CONTENT="als" WC="0.96" CC="630"/>
						<SP ID="P3_SP00636" HPOS="2947" VPOS="3598" WIDTH="26"/>
						<String ID="P3_ST00724" HPOS="2973" VPOS="3544" WIDTH="346" HEIGHT="67" CONTENT="Liedersänger" WC="0.99" CC="000051306903"/>
					</TextLine>
					<TextLine ID="P3_TL00089" HPOS="1753" VPOS="3627" WIDTH="1566" HEIGHT="70">
						<String ID="P3_ST00725" HPOS="1753" VPOS="3631" WIDTH="211" HEIGHT="52" CONTENT="mehrere" WC="0.99" CC="0052040"/>
						<SP ID="P3_SP00637" HPOS="1964" VPOS="3683" WIDTH="29"/>
						<String ID="P3_ST00726" HPOS="1993" VPOS="3631" WIDTH="315" HEIGHT="66" CONTENT="ausgewählte" WC="0.99" CC="50000007380"/>
						<SP ID="P3_SP00638" HPOS="2308" VPOS="3697" WIDTH="29"/>
						<String ID="P3_ST00727" HPOS="2337" VPOS="3629" WIDTH="304" HEIGHT="57" CONTENT="Privatcirkel," WC="0.69" CC="0900660050154"/>
						<SP ID="P3_SP00639" HPOS="2641" VPOS="3697" WIDTH="31"/>
						<String ID="P3_ST00728" HPOS="2672" VPOS="3627" WIDTH="93" HEIGHT="50" CONTENT="und" WC="0.97" CC="420"/>
						<SP ID="P3_SP00640" HPOS="2765" VPOS="3697" WIDTH="33"/>
						<String ID="P3_ST00729" HPOS="2798" VPOS="3627" WIDTH="158" HEIGHT="50" CONTENT="feierte" WC="1.00" CC="0000060"/>
						<SP ID="P3_SP00641" HPOS="2956" VPOS="3697" WIDTH="24"/>
						<String ID="P3_ST00730" HPOS="2980" VPOS="3627" WIDTH="134" HEIGHT="66" CONTENT="jetzt," WC="0.98" CC="050703"/>
						<SP ID="P3_SP00642" HPOS="3114" VPOS="3697" WIDTH="42"/>
						<String ID="P3_ST00731" HPOS="3156" VPOS="3646" WIDTH="74" HEIGHT="32" CONTENT="am" WC="0.69" CC="60"/>
						<SP ID="P3_SP00643" HPOS="3230" VPOS="3697" WIDTH="35"/>
						<String ID="P3_ST00732" HPOS="3265" VPOS="3629" WIDTH="54" HEIGHT="50" CONTENT="8." WC="0.60" CC="61"/>
					</TextLine>
					<TextLine ID="P3_TL00090" HPOS="1752" VPOS="3710" WIDTH="1569" HEIGHT="67">
						<String ID="P3_ST00733" HPOS="1752" VPOS="3714" WIDTH="350" HEIGHT="57" CONTENT="November," WC="0.99" CC="000007033"/>
						<SP ID="P3_SP00644" HPOS="2102" VPOS="3771" WIDTH="45"/>
						<String ID="P3_ST00734" HPOS="2147" VPOS="3731" WIDTH="55" HEIGHT="32" CONTENT="an" WC="0.64" CC="60"/>
						<SP ID="P3_SP00645" HPOS="2202" VPOS="3771" WIDTH="32"/>
						<String ID="P3_ST00735" HPOS="2234" VPOS="3714" WIDTH="219" HEIGHT="49" CONTENT="welchem" WC="1.00" CC="0000610"/>
						<SP ID="P3_SP00646" HPOS="2453" VPOS="3771" WIDTH="31"/>
						<String ID="P3_ST00736" HPOS="2484" VPOS="3714" WIDTH="126" HEIGHT="63" CONTENT="Tage" WC="0.95" CC="7791"/>
						<SP ID="P3_SP00647" HPOS="2610" VPOS="3777" WIDTH="42"/>
						<String ID="P3_ST00737" HPOS="2652" VPOS="3728" WIDTH="50" HEIGHT="33" CONTENT="er" WC="0.84" CC="30"/>
						<SP ID="P3_SP00648" HPOS="2702" VPOS="3777" WIDTH="31"/>
						<String ID="P3_ST00738" HPOS="2733" VPOS="3711" WIDTH="64" HEIGHT="48" CONTENT="als" WC="0.98" CC="130"/>
						<SP ID="P3_SP00649" HPOS="2797" VPOS="3777" WIDTH="33"/>
						<String ID="P3_ST00739" HPOS="2830" VPOS="3710" WIDTH="188" HEIGHT="51" CONTENT="Chorist" WC="0.98" CC="8560104"/>
						<SP ID="P3_SP00650" HPOS="3018" VPOS="3777" WIDTH="38"/>
						<String ID="P3_ST00740" HPOS="3056" VPOS="3720" WIDTH="159" HEIGHT="42" CONTENT="zuerst" WC="0.98" CC="510930"/>
						<SP ID="P3_SP00651" HPOS="3215" VPOS="3777" WIDTH="33"/>
						<String ID="P3_ST00741" HPOS="3248" VPOS="3712" WIDTH="73" HEIGHT="50" CONTENT="die" WC="0.97" CC="043"/>
					</TextLine>
					<TextLine ID="P3_TL00091" HPOS="1754" VPOS="3794" WIDTH="1575" HEIGHT="68">
						<String ID="P3_ST00742" HPOS="1754" VPOS="3799" WIDTH="161" HEIGHT="49" CONTENT="Bühne" WC="0.97" CC="70460"/>
						<SP ID="P3_SP00652" HPOS="1915" VPOS="3848" WIDTH="28"/>
						<String ID="P3_ST00743" HPOS="1943" VPOS="3796" WIDTH="228" HEIGHT="60" CONTENT="betreten," WC="0.99" CC="706054034"/>
						<SP ID="P3_SP00653" HPOS="2171" VPOS="3856" WIDTH="31"/>
						<String ID="P3_ST00744" HPOS="2202" VPOS="3798" WIDTH="94" HEIGHT="48" CONTENT="sein" WC="0.98" CC="0107"/>
						<SP ID="P3_SP00654" HPOS="2296" VPOS="3856" WIDTH="27"/>
						<String ID="P3_ST00745" HPOS="2323" VPOS="3795" WIDTH="365" HEIGHT="67" CONTENT="fünfzigjähriges" WC="0.99" CC="485470720655941"/>
						<SP ID="P3_SP00655" HPOS="2688" VPOS="3862" WIDTH="19"/>
						<String ID="P3_ST00746" HPOS="2707" VPOS="3794" WIDTH="442" HEIGHT="66" CONTENT="Sänger-Jubiläum" WC="1.00" CC="293001050510055"/>
						<SP ID="P3_SP00656" HPOS="3149" VPOS="3862" WIDTH="33"/>
						<String ID="P3_ST00747" HPOS="3182" VPOS="3795" WIDTH="147" HEIGHT="51" CONTENT="durch" WC="0.98" CC="00916"/>
					</TextLine>
					<TextLine ID="P3_TL00092" HPOS="1758" VPOS="3879" WIDTH="987" HEIGHT="53">
						<String ID="P3_ST00748" HPOS="1758" VPOS="3881" WIDTH="71" HEIGHT="51" CONTENT="ein" WC="0.97" CC="043"/>
						<SP ID="P3_SP00657" HPOS="1829" VPOS="3932" WIDTH="32"/>
						<String ID="P3_ST00749" HPOS="1861" VPOS="3881" WIDTH="264" HEIGHT="51" CONTENT="Concert" WC="0.81" CC="7030001"/>
						<SP ID="P3_SP00658" HPOS="2125" VPOS="3932" WIDTH="32"/>
						<String ID="P3_ST00750" HPOS="2157" VPOS="3881" WIDTH="57" HEIGHT="49" CONTENT="im" WC="0.82" CC="03"/>
						<SP ID="P3_SP00659" HPOS="2214" VPOS="3932" WIDTH="25"/>
						<String ID="P3_ST00751" HPOS="2239" VPOS="3879" WIDTH="506" HEIGHT="51" CONTENT="Musikvereins-Saale." WC="1.00" CC="0700000000000044000"/>
					</TextLine>
					<TextLine ID="P3_TL00093" HPOS="1884" VPOS="3961" WIDTH="1449" HEIGHT="68">
						<String ID="P3_ST00752" HPOS="1884" VPOS="3965" WIDTH="82" HEIGHT="50" CONTENT="Als" WC="0.97" CC="213"/>
						<SP ID="P3_SP00660" HPOS="1966" VPOS="4015" WIDTH="31"/>
						<String ID="P3_ST00753" HPOS="1997" VPOS="3965" WIDTH="78" HEIGHT="48" CONTENT="das" WC="0.98" CC="060"/>
						<SP ID="P3_SP00661" HPOS="2075" VPOS="4015" WIDTH="33"/>
						<String ID="P3_ST00754" HPOS="2108" VPOS="3963" WIDTH="240" HEIGHT="66" CONTENT="fünfzigste" WC="0.99" CC="0804609060"/>
						<SP ID="P3_SP00662" HPOS="2348" VPOS="4029" WIDTH="23"/>
						<String ID="P3_ST00755" HPOS="2371" VPOS="3963" WIDTH="111" HEIGHT="49" CONTENT="Jahr" WC="0.97" CC="0464"/>
						<SP ID="P3_SP00663" HPOS="2482" VPOS="4029" WIDTH="27"/>
						<String ID="P3_ST00756" HPOS="2509" VPOS="3963" WIDTH="82" HEIGHT="49" CONTENT="seit" WC="1.00" CC="0001"/>
						<SP ID="P3_SP00664" HPOS="2591" VPOS="4029" WIDTH="33"/>
						<String ID="P3_ST00757" HPOS="2624" VPOS="3961" WIDTH="103" HEIGHT="50" CONTENT="dem" WC="1.00" CC="000"/>
						<SP ID="P3_SP00665" HPOS="2727" VPOS="4029" WIDTH="24"/>
						<String ID="P3_ST00758" HPOS="2751" VPOS="3963" WIDTH="146" HEIGHT="66" CONTENT="Tage," WC="0.98" CC="03902"/>
						<SP ID="P3_SP00666" HPOS="2897" VPOS="4029" WIDTH="31"/>
						<String ID="P3_ST00759" HPOS="2928" VPOS="3979" WIDTH="57" HEIGHT="33" CONTENT="an" WC="0.73" CC="50"/>
						<SP ID="P3_SP00667" HPOS="2985" VPOS="4029" WIDTH="34"/>
						<String ID="P3_ST00760" HPOS="3019" VPOS="3963" WIDTH="226" HEIGHT="50" CONTENT="welchem" WC="0.99" CC="0040609"/>
						<SP ID="P3_SP00668" HPOS="3245" VPOS="4029" WIDTH="34"/>
						<String ID="P3_ST00761" HPOS="3279" VPOS="3980" WIDTH="54" HEIGHT="33" CONTENT="er" WC="0.70" CC="05"/>
					</TextLine>
					<TextLine ID="P3_TL00094" HPOS="1759" VPOS="4045" WIDTH="1575" HEIGHT="67">
						<String ID="P3_ST00762" HPOS="1759" VPOS="4065" WIDTH="103" HEIGHT="34" CONTENT="zum" WC="0.95" CC="551"/>
						<SP ID="P3_SP00669" HPOS="1862" VPOS="4099" WIDTH="32"/>
						<String ID="P3_ST00763" HPOS="1894" VPOS="4057" WIDTH="152" HEIGHT="42" CONTENT="ersten" WC="0.99" CC="040005"/>
						<SP ID="P3_SP00670" HPOS="2046" VPOS="4099" WIDTH="31"/>
						<String ID="P3_ST00764" HPOS="2077" VPOS="4046" WIDTH="120" HEIGHT="51" CONTENT="Male" WC="1.00" CC="0000"/>
						<SP ID="P3_SP00671" HPOS="2197" VPOS="4099" WIDTH="37"/>
						<String ID="P3_ST00765" HPOS="2234" VPOS="4046" WIDTH="66" HEIGHT="50" CONTENT="als" WC="0.95" CC="165"/>
						<SP ID="P3_SP00672" HPOS="2300" VPOS="4099" WIDTH="32"/>
						<String ID="P3_ST00766" HPOS="2332" VPOS="4046" WIDTH="296" HEIGHT="66" CONTENT="Chorsänger" WC="0.99" CC="6503202930"/>
						<SP ID="P3_SP00673" HPOS="2628" VPOS="4112" WIDTH="44"/>
						<String ID="P3_ST00767" HPOS="2672" VPOS="4046" WIDTH="44" HEIGHT="50" CONTENT="in" WC="0.79" CC="04"/>
						<SP ID="P3_SP00674" HPOS="2716" VPOS="4112" WIDTH="45"/>
						<String ID="P3_ST00768" HPOS="2761" VPOS="4046" WIDTH="71" HEIGHT="51" CONTENT="die" WC="0.95" CC="570"/>
						<SP ID="P3_SP00675" HPOS="2832" VPOS="4112" WIDTH="30"/>
						<String ID="P3_ST00769" HPOS="2862" VPOS="4045" WIDTH="243" HEIGHT="52" CONTENT="Laufbahn" WC="0.98" CC="03665504"/>
						<SP ID="P3_SP00676" HPOS="3105" VPOS="4112" WIDTH="45"/>
						<String ID="P3_ST00770" HPOS="3150" VPOS="4049" WIDTH="184" HEIGHT="57" CONTENT="eintrat," WC="0.98" CC="00780472"/>
					</TextLine>
					<TextLine ID="P3_TL00095" HPOS="1760" VPOS="4129" WIDTH="1579" HEIGHT="75">
						<String ID="P3_ST00771" HPOS="1760" VPOS="4132" WIDTH="70" HEIGHT="50" CONTENT="die" WC="0.99" CC="020"/>
						<SP ID="P3_SP00677" HPOS="1830" VPOS="4182" WIDTH="31"/>
						<String ID="P3_ST00772" HPOS="1861" VPOS="4132" WIDTH="73" HEIGHT="53" CONTENT="ihn" WC="0.97" CC="006"/>
						<SP ID="P3_SP00678" HPOS="1934" VPOS="4185" WIDTH="32"/>
						<String ID="P3_ST00773" HPOS="1966" VPOS="4149" WIDTH="54" HEIGHT="32" CONTENT="zu" WC="0.27" CC="68"/>
						<SP ID="P3_SP00679" HPOS="2020" VPOS="4185" WIDTH="33"/>
						<String ID="P3_ST00774" HPOS="2053" VPOS="4130" WIDTH="86" HEIGHT="52" CONTENT="den" WC="0.98" CC="006"/>
						<SP ID="P3_SP00680" HPOS="2139" VPOS="4185" WIDTH="30"/>
						<String ID="P3_ST00775" HPOS="2169" VPOS="4129" WIDTH="224" HEIGHT="53" CONTENT="höchsten" WC="0.98" CC="36770600"/>
						<SP ID="P3_SP00681" HPOS="2393" VPOS="4185" WIDTH="34"/>
						<String ID="P3_ST00776" HPOS="2427" VPOS="4129" WIDTH="366" HEIGHT="52" CONTENT="künstlerischen" WC="0.99" CC="09256123000405"/>
						<SP ID="P3_SP00682" HPOS="2793" VPOS="4185" WIDTH="25"/>
						<String ID="P3_ST00777" HPOS="2818" VPOS="4130" WIDTH="157" HEIGHT="51" CONTENT="Ehren" WC="0.97" CC="06607"/>
						<SP ID="P3_SP00683" HPOS="2975" VPOS="4185" WIDTH="28"/>
						<String ID="P3_ST00778" HPOS="3003" VPOS="4132" WIDTH="336" HEIGHT="72" CONTENT="emporführen" WC="0.52" CC="20910697907"/>
					</TextLine>
				</TextBlock>
			</PrintSpace>
		</Page>
	</Layout>
</alto>
