2380 4287
259 326 95 52 728

872 332 332 52 BRUNO'S
1278 334 347 50 WEEKLY

259 465 178 50 forms
470 465 60 51 of
560 466 93 50 the
685 466 193 60 Allies,
911 468 108 51 like
1053 469 92 50 the
1176 470 357 61 picturesque
1567 469 164 51 Scots
1764 470 108 49 and

328 530 300 61 L'Abbaye
668 531 45 50 is
752 532 135 60 only
926 549 107 33 one
1073 534 60 48 of
1170 534 93 49 the
1303 552 168 41 many
1510 534 258 58 working
1806 534 173 61 shops
2018 534 219 59 opened

258 596 107 47 and
398 595 369 62 successfully
797 599 269 58 operated
1096 599 203 59 during
1327 599 93 48 the
1451 606 125 52 past
1606 614 132 44 year
1768 597 90 50 for
1886 614 221 33 women
2139 605 99 42 out

258 659 60 50 of
356 661 400 59 employment.
827 663 128 49 And
996 663 39 49 it
1075 680 99 32 can
1214 663 173 60 easily
1425 665 67 48 be
1532 663 347 50 understood
1917 663 186 49 where
2143 663 94 49 the

258 733 125 40 tens
426 724 59 49 of
526 726 311 49 thousands
879 727 60 48 of
978 727 323 49 midinettes
1344 728 60 48 of
1446 727 156 49 Paris
1644 743 91 32 are
1777 727 241 59 keeping
2059 727 144 48 them-

259 789 181 48 selves
483 790 150 49 since
676 790 93 50 the
811 792 274 48 outbreak
1125 792 61 49 of
1226 793 93 48 the
1359 808 130 39 war,
1531 793 127 48 who
1698 790 324 61 previously
2061 807 142 43 popu-

259 855 165 53 lated,
478 855 202 60 during
729 856 94 49 the
873 856 288 50 breakfast
1213 858 187 58 hours,
1452 858 93 48 the
1595 856 336 50 boulevards
1983 855 109 50 and
2143 856 92 49 the

259 919 143 49 Rue,
427 920 66 48 de
543 920 49 48 la
643 920 151 49 Paix.
878 921 174 60 Many
1100 921 60 50 of
1207 922 152 49 them
1407 921 101 50 left
1555 920 87 49 for
1692 921 91 48 the
1832 929 255 51 country,
2136 921 101 47 but

256 992 152 41 most
441 983 61 49 of
535 983 154 50 them
722 983 175 50 found
932 986 159 48 work
1125 986 53 47 in
1216 986 92 48 the
1345 985 214 58 sewing
1593 1001 208 39 rooms,
1835 983 164 50 while
2036 983 135 60 only
2206 1001 31 32 a

258 1048 163 48 small
463 1051 236 47 number
738 1051 266 57 accepted
1047 1051 91 48 the
1181 1051 172 48 offers
1393 1051 60 48 of
1494 1051 91 47 the
1631 1048 336 60 Magdalene
2012 1048 223 59 Sisters,

253 1112 131 49 who
422 1112 215 50 offered
676 1112 154 50 them
868 1113 210 49 shelter
1115 1113 110 49 and
1261 1113 193 60 board,
1492 1112 42 49 if
1571 1112 134 61 they
1741 1128 146 34 were
1926 1110 217 63 willing
2177 1119 61 43 to

257 1176 105 49 live
409 1178 306 58 according
760 1187 57 39 to
865 1179 93 48 the
1005 1178 147 48 rules
1202 1178 58 49 of
1307 1180 93 47 the
1448 1179 316 48 institution
1813 1179 107 47 and
1967 1187 59 39 to
2073 1179 161 47 make

254 1241 287 60 bandages
574 1241 89 48 for
696 1241 93 50 the
822 1242 314 50 wounded..

323 1307 48 46 A
408 1306 108 49 few
554 1307 136 59 days
727 1324 108 40 ago
875 1308 22 46 I
939 1307 126 59 paid
1104 1325 29 30 a
1170 1307 129 48 visit
1339 1316 57 39 to
1434 1307 109 48 this
1583 1307 175 48 house
1797 1306 59 49 of
1894 1306 339 52 midinettes.

259 1371 51 47 It
346 1371 223 47 seemed
605 1380 57 39 to
697 1371 65 48 be
795 1388 29 31 a
860 1387 135 42 cage
1031 1371 148 48 filled
1216 1371 130 49 with
1386 1371 226 58 singing
1645 1371 152 48 birds
1832 1371 108 48 and
1976 1369 40 50 it
2050 1369 187 50 would

252 1435 162 49 make
449 1452 29 32 a
512 1435 164 49 novel
711 1434 134 50 with
879 1452 169 42 many
1084 1435 279 59 chapters,
1399 1444 59 41 to
1492 1435 158 50 write
1686 1437 171 47 about
1893 1435 161 49 those
2092 1434 142 50 little

249 1499 320 49 midinettes
611 1499 258 60 working
910 1499 176 49 under
1128 1499 94 49 the
1249 1499 382 61 supervisions
1677 1499 61 49 of
1780 1515 143 33 nuns
2187 1499 52 49 la

322 1627 188 51 While
543 1646 29 31 a
607 1630 150 57 good
793 1645 166 42 many
995 1628 61 49 of
1090 1628 91 49 the
1219 1628 215 59 society
1470 1645 218 32 women
1725 1627 60 50 of
1821 1627 158 50 Paris
2014 1645 93 32 are
2144 1645 64 32 en-

254 1693 264 59 wrapped
576 1692 49 47 in
685 1692 143 48 their
884 1692 308 48 charitable
1246 1692 277 48 activities
1579 1691 52 49 in
1688 1691 288 59 l'Abbaye,
2032 1692 54 48 in
2141 1691 94 49 the

249 1758 215 56 bazars,
499 1764 58 42 at
591 1757 94 51 the
1127 1755 99 53 des
1625 1755 92 51 the
1745 1755 175 51 ladies
1948 1755 61 51 of
2030 1755 94 51 the
2145 1773 64 33 ex-

254 1822 209 48 clusive
508 1822 165 48 circle
718 1822 59 49 of
823 1822 250 48 Parisian
1119 1822 216 58 society
1379 1822 206 48 almost
1628 1822 72 47 all
1743 1820 191 60 joined
1978 1822 92 48 the
2116 1822 119 48 Red

254 1885 187 50 Cross.
506 1888 75 47 At
612 1886 92 49 the
734 1894 141 41 start
903 1886 61 49 of
992 1888 93 47 the
1117 1903 113 32 war
1259 1886 156 49 there
1446 1902 114 33 was
1592 1885 148 60 quite
1772 1903 29 30 a
1830 1885 80 48 bit
1940 1885 60 48 of
2028 1885 178 50 hesita-

252 1950 115 48 tion
402 1951 168 47 about
603 1951 92 47 the
728 1966 210 43 groups
969 1951 108 47 and
1110 1950 262 59 patriotic
1405 1949 260 49 societies
1698 1950 134 58 they
1865 1949 202 49 should
2098 1949 136 58 join,

250 2016 99 48 but
379 2032 128 32 now
536 2016 93 48 the
658 2031 219 33 women
910 2015 59 49 of
1000 2016 212 48 France
1244 2032 91 31 are
1365 2015 192 48 united
1590 2015 51 47 in
1674 2031 106 32 one
1814 2015 194 59 league
2039 2015 108 48 and
2181 2013 52 49 in

253 2097 105 31 one
402 2079 185 50 union.
649 2081 111 48 For
800 2081 92 48 the
935 2079 215 60 society
1190 2096 236 40 women,
1470 2079 92 49 the
1606 2078 168 50 Croix
1818 2079 196 57 Rouge
2056 2078 44 50 is
2140 2078 94 50 the

252 2145 167 49 latest
457 2144 252 50 Parisian
746 2144 197 50 saloon
978 2144 187 50 where
1202 2159 279 44 everyone
1518 2150 178 41 meets
1731 2143 339 60 everybody.
2126 2143 111 48 But

250 2218 102 39 not
388 2209 323 60 everybody
748 2209 99 48 has
884 2225 191 32 access
1114 2218 57 38 to
1211 2208 109 48 this
1359 2208 214 48 saloon.
1630 2208 50 47 It
1719 2206 44 49 is
1801 2223 433 42 necessaryas

249 2274 136 59 they
416 2290 99 43 say
544 2272 52 49 in
628 2271 231 61 slang
861 2281 59 41 to
953 2274 157 47 show
1254 2280 155 52 patte
1757 2272 109 47 and
1898 2271 42 48 it
1970 2271 99 48 has
2102 2271 100 59 hap-

249 2338 182 60 pened
489 2356 70 31 on
621 2338 262 49 different
939 2337 311 57 occasions,
1310 2337 120 48 that
1487 2336 263 49 divorced
1807 2351 221 33 women
2088 2352 146 32 were

250 2403 256 48 snobbed
537 2404 110 47 and
677 2411 99 40 not
808 2402 301 60 permitted
1145 2411 57 39 to
1235 2401 330 59 participate
1600 2399 51 49 in
1688 2401 93 48 the
1815 2399 215 59 sewing
2060 2401 174 48 work.

249 2468 83 48 As
377 2476 152 40 most
574 2467 60 49 of
677 2467 93 48 the
818 2465 173 50 ladies
1037 2465 59 50 of
1142 2467 93 47 the
1284 2465 118 49 Red
1452 2464 171 50 Cross
1672 2481 91 31 are
1811 2464 266 59 royalists
2125 2464 109 48 and

249 2533 211 48 devout
496 2531 302 56 Catholics,
831 2548 105 32 one
973 2539 147 39 must
1155 2539 99 39 not
1288 2530 66 47 be
1391 2529 283 58 surprised
1711 2530 121 47 that
1866 2529 93 48 the
1994 2528 213 61 republi-

250 2614 102 32 can
389 2596 134 48 laws
559 2595 344 58 concerning
939 2595 225 48 divorce
1203 2611 150 31 seem
1391 2603 57 39 to
1485 2595 65 47 be
1589 2592 307 59 forgotten.
1955 2594 108 47 But
2100 2592 134 49 laws

250 2664 107 47 and
395 2661 210 50 morals
640 2678 93 33 are
772 2669 112 40 two
922 2660 239 59 entirely
1199 2658 262 50 different
1499 2658 206 59 things.
1780 2658 115 49 Not
1931 2674 137 43 very
2105 2656 98 51 wel-

250 2744 160 33 come
442 2735 193 52 guests
668 2742 210 42 among
910 2726 91 48 the
1038 2724 173 49 ladies
1242 2723 60 50 of
1336 2724 92 47 the
1465 2724 118 47 Red
1619 2723 171 48 Cross
1824 2738 91 33 are
1951 2738 136 32 even
2122 2738 76 32 wo-

252 2808 125 31 men
414 2792 59 48 of
504 2791 322 59 republican
864 2789 212 55 circles,
1113 2789 106 49 and
1256 2787 283 49 therefore
1578 2788 130 58 they
1745 2788 139 47 have
1923 2785 246 50 founded
2206 2803 29 32 a

253 2855 272 50 so-called
564 2855 182 49 Green
788 2854 170 48 Cross
996 2853 179 49 which
1214 2853 120 48 also
1372 2853 157 47 takes
1567 2867 125 33 care
1731 2848 60 52 of
1828 2851 92 49 the
1957 2850 278 48 wounded

252 2920 109 50 and
403 2919 118 51 sick
522 2930 127 38 to
687 2920 68 47 be
795 2918 416 49 differentiated
1250 2916 147 50 from
1438 2916 93 49 the
1575 2916 136 47 Blue
1755 2915 171 50 Cross
1967 2914 181 49 which
2191 2914 43 48 is

250 2985 196 60 caring
478 2985 89 49 for
600 2985 198 48 horses
831 2982 358 60 exclusively.
1261 2982 154 49 Even
1449 2998 130 33 now
1613 2980 203 58 during
1849 2980 94 48 the
1978 2996 130 40 war,
2143 2996 92 32 are

252 3052 94 47 the
379 3050 171 49 social
581 3057 283 41 contrasts
897 3047 51 48 in
984 3047 155 50 Paris
1174 3064 61 31 so
1268 3045 228 62 sharply
1528 3045 229 49 marked
1791 3045 121 48 that
1943 3043 262 60 organiza-

252 3116 150 48 tions
436 3113 58 50 of
530 3113 235 50 Crosses
799 3112 52 48 in
888 3112 71 48 all
995 3112 185 48 colors
1214 3111 60 48 of
1308 3111 92 48 the
1437 3109 251 49 rainbow
1724 3125 208 44 sprang
1966 3125 71 41 up
2073 3108 52 47 in
2162 3125 73 31 no

253 3180 149 49 time.

319 3245 159 47 Then
512 3244 155 48 there
700 3243 43 48 is
893 3241 172 60 petite
1766 3238 59 49 of
1858 3236 207 50 radical
2098 3238 105 58 phy-

256 3310 203 48 sicians
499 3325 64 32 or
602 3307 236 59 lawyers
878 3324 63 32 or
982 3306 272 56 teachers,
1293 3305 128 48 who
1461 3320 170 32 never
1670 3302 286 60 approved
1998 3301 58 50 of
2096 3301 114 48 mili-

254 3375 196 49 tarism
493 3373 107 49 and
643 3372 127 50 who
813 3389 91 31 are
948 3370 190 59 trying
1180 3368 145 50 their
1367 3370 124 47 best
1533 3376 59 41 to
1635 3376 94 52 get
1771 3367 362 48 accustomed
2176 3373 58 42 to

252 3440 94 49 the
394 3436 315 62 prevailing
757 3433 320 52 conditions
1127 3433 61 51 of
1235 3433 94 50 the
1378 3440 257 53 country.

322 3503 119 48 The
484 3518 114 33 war
640 3502 101 48 has
784 3502 138 47 been
967 3516 30 31 a
1038 3499 151 59 good
1232 3498 226 48 teacher
1501 3497 59 49 of
1602 3495 346 60 geography.
2009 3494 155 60 Only
2206 3512 31 32 a

252 3567 143 52 little
437 3565 165 52 while
642 3580 108 46 ago
790 3564 42 51 it
870 3579 116 36 was
1025 3570 103 43 not
1166 3579 32 34 a
1237 3560 252 62 singular
1527 3577 311 34 occurence
1879 3559 54 51 in
1975 3559 160 52 Paris
2177 3567 61 44 to

252 3640 150 41 meet
431 3649 29 31 a
488 3630 129 61 lady
645 3630 60 50 of
733 3629 94 49 the
854 3629 125 49 best
1009 3626 213 60 circles,
1251 3625 272 51 educated
1552 3625 55 49 in
1636 3643 30 31 a
1696 3625 245 58 cloister,
1970 3624 128 50 who
2126 3624 111 50 had

253 3696 135 61 only
440 3711 134 45 very
625 3710 180 42 vague
859 3692 152 50 ideas
1015 3700 169 40 not
1236 3691 133 61 only
1421 3692 173 47 about
1646 3690 94 49 the
1793 3688 332 63 geography
2176 3688 61 50 of

256 3763 242 58 Europe,
534 3762 99 47 but
667 3758 61 52 of
762 3760 230 48 France.
