2380 4287
286 309 97 50 738

903 316 332 50 BRUNO'S
1308 319 348 50 WEEKLY

291 445 120 51 iron
447 458 159 48 gates
643 449 180 49 which
859 468 147 33 were
1040 454 220 60 opened
1294 454 89 49 for
1419 456 94 49 the
1548 465 266 42 entrance
1851 459 59 48 of
1946 459 93 51 the
2075 468 197 53 troops

285 511 110 47 and
432 512 192 49 closed
661 521 57 41 to
753 514 140 61 keep
930 516 94 48 the
1059 519 220 48 crowds
1316 526 99 41 out
1449 520 164 50 while
1651 521 93 50 the
1780 523 308 58 regiments
2125 540 146 33 were

286 576 288 60 parading.

356 639 373 51 Delameter's
775 642 121 51 iron
941 646 188 48 works
1174 647 108 48 and
1327 647 244 62 foundry
1616 666 146 34 were
1808 660 55 40 at
1907 652 92 50 the
2045 652 124 51 foot
2210 653 62 51 of

286 703 164 49 West
485 704 336 52 Thirteenth
859 708 200 58 Street,
1098 710 186 50 where
1321 713 93 50 the
1452 714 141 59 boys
1630 714 136 50 Used
1804 723 58 41 to
1899 717 123 48 dive
2060 717 80 51 off
2176 717 94 51 the

286 766 95 60 big
426 768 219 49 derrick
690 770 118 50 into
855 773 91 48 the
993 774 157 48 clean
1197 783 174 42 water
1416 777 60 49 of
1520 778 93 51 the
1661 779 242 50 Hudson
1907 788 170 42 —not
2121 780 148 59 dirty

282 848 62 31 as
386 831 40 48 it
468 832 44 49 is
553 850 142 33 now.
771 836 120 48 The
931 836 94 50 old
1068 839 242 49 Hudson
1353 840 185 51 Street
1579 843 242 59 burying
1862 846 250 58 grounds
2162 845 107 60 (St.

282 896 226 60 John's)
577 916 145 32 were
785 909 56 39 at
905 901 201 61 Leroy,
1173 904 292 60 Clarkson,
1529 907 242 50 Hudson
1833 915 109 43 and
2008 911 259 50 Carmine

285 959 232 60 Streets,
569 963 108 48 and
728 973 55 40 at
832 982 106 32 one
990 968 104 47 end
1147 986 113 31 was
1312 971 93 48 the
1458 972 338 50 caretaker's
1846 972 417 53 old-fashioned

284 1024 193 59 house,
532 1027 127 49 who
715 1029 303 49 cultivated
1076 1032 149 58 quite
1282 1051 29 32 a
1366 1033 152 60 large
1576 1034 143 50 farm
1773 1053 74 33 on
1903 1041 94 47 the
2051 1050 216 39 unused

284 1089 224 58 portion
558 1091 60 49 of
663 1093 93 48 the
804 1104 299 51 cemetery.
1188 1098 49 47 It
1286 1098 43 49 is
1377 1116 127 33 now
1551 1100 178 50 called
1777 1102 257 61 Skerry's
2082 1103 185 52 Grove

280 1169 73 32 on
398 1164 240 41 account
681 1156 61 50 of
783 1159 92 48 the
920 1161 174 57 tough
1139 1163 321 49 characters
1504 1164 122 49 that
1668 1165 171 51 infest
1882 1168 94 49 the
2018 1168 249 61 vicinity.

280 1217 120 48 The
441 1218 91 49 old
571 1222 212 47 marble
821 1225 138 56 yard
997 1226 186 48 where
1225 1227 130 60 they
1395 1236 92 41 cut
1527 1229 151 59 hugh
1720 1230 195 51 blocks
1955 1231 61 51 of
2053 1234 214 49 marble

285 1281 127 48 with
456 1282 182 60 swing
678 1301 160 42 saws,
870 1335 5 17 t
879 1304 114 31 was
1034 1305 71 32 on
1151 1290 160 49 Bank
1350 1291 187 51 Street
1575 1293 255 50 between
1875 1296 241 51 Hudson
2157 1298 109 49 and

282 1344 269 51 Bleecker
588 1348 231 50 Streets.

347 1410 119 50 The
503 1412 262 50 different
800 1415 172 50 social
1009 1418 156 48 clubs
1203 1419 127 50 held
1366 1422 143 48 their
1543 1423 320 61 receptions
1899 1425 108 50 and
2044 1425 222 60 dances,

281 1476 105 46 and
440 1476 91 49 the
579 1478 319 58 politicians
949 1481 52 47 in
1052 1492 126 39 turn
1228 1484 127 49 held
1404 1485 152 50 forth
1608 1488 52 48 in
1708 1488 94 49 the
1851 1490 92 49 old
1995 1490 271 51 Bleecker

280 1537 268 62 building,
588 1541 243 50 situated
872 1544 50 48 in
968 1545 269 51 Bleecker
1278 1547 201 51 Street.
1555 1551 65 48 In
1660 1551 111 50 this
1810 1552 113 50 hall
1964 1554 303 52 Frederick

281 1602 212 60 House,
531 1621 128 32 now
694 1607 180 59 Judge
917 1610 212 54 House,
1167 1629 115 31 was
1320 1615 326 48 nominated
1686 1616 88 48 for
1813 1617 92 50 the
1943 1620 322 59 Assembly,

278 1668 107 46 and
428 1668 148 58 John
621 1669 89 50 W.
752 1672 247 58 Jacobus
1319 1678 246 57 Jacobus
1569 1678 343 64 —formerly
1956 1683 307 52 Alderman

275 1732 62 47 of
376 1733 93 48 the
510 1734 175 50 Ward
724 1738 108 47 and
874 1738 187 49 leader
1099 1739 61 50 of
1198 1742 93 49 the
1331 1742 235 59 district,
1607 1744 140 51 later
1788 1747 68 49 U.
1898 1747 50 51 S.
1994 1748 268 58 Marshal,

278 1795 127 48 held
449 1796 152 50 forth
645 1815 61 33 as
750 1801 133 49 boss
927 1803 59 48 of
1029 1804 93 48 the
1165 1803 250 61 political
1458 1808 295 61 meetings.
1833 1814 183 48 Other
2058 1813 205 61 unique

278 1859 246 50 features
568 1862 61 49 of
670 1862 235 52 interest
948 1884 144 32 were
1138 1870 92 48 the
1274 1871 202 59 Tough
1524 1873 157 58 Club,
1726 1875 93 48 the
1862 1885 194 51 oyster
2098 1879 164 49 boats

275 1932 58 40 at
380 1925 91 48 the
521 1926 122 49 foot
689 1928 61 50 of
794 1930 185 49 Tenth
1030 1932 201 60 Street,
1277 1936 247 58 Jackson
1574 1937 212 60 Square
1833 1940 109 49 and
1989 1941 107 50 Tin
2145 1942 116 51 Can

273 1988 182 60 Alley.
524 1991 62 48 In
619 1992 84 49 his
734 1993 230 51 father's
996 1997 211 61 bakery
1236 2007 57 41 at
1324 2001 91 48 the
1447 2019 200 33 corner
1677 2003 61 50 of
1763 2005 141 58 Jane
1937 2006 187 51 Street
2153 2008 109 50 and

277 2052 211 59 Eighth
520 2057 249 57 Avenue,
799 2059 149 57 John
983 2060 233 60 Huyler,
1247 2064 60 47 of
1340 2064 266 60 Huyler's
1637 2069 182 59 candy
1848 2082 165 46 fame,
2048 2073 214 48 started

275 2118 85 47 his
414 2118 242 52 fortune.
748 2123 63 48 In
866 2127 337 49 connection
1258 2129 133 48 with
1446 2130 92 50 the
1592 2133 170 48 bread
1816 2134 258 51 business
2128 2138 134 60 they

275 2184 213 47 started
530 2185 228 60 making
795 2187 421 53 old-fashioned
1255 2193 274 50 molasses
1570 2196 194 60 candy,
1804 2196 109 51 and
1952 2198 149 50 from
2140 2201 123 51 that

271 2247 226 50 modest
540 2248 309 61 beginning
889 2269 210 45 sprang
1138 2256 93 48 the
1274 2257 271 51 immense
1585 2270 230 51 present
1856 2265 181 60 candy
2078 2275 154 41 enter-

272 2309 165 59 prise.
504 2312 121 49 The
661 2314 209 60 bakery
905 2317 43 48 is
982 2318 113 47 still
1132 2321 279 60 standing.
1480 2325 49 47 A
1564 2325 223 50 curious
1821 2326 216 51 feature
2073 2328 60 51 of
2167 2331 94 50 the

270 2374 205 60 village
518 2377 44 48 is
604 2379 91 47 the
739 2381 287 49 Northern
1072 2383 366 64 Dispensary,
1481 2389 180 50 which
1703 2392 262 60 occupies
2007 2411 30 33 a
2077 2396 184 49 whole

272 2438 182 50 block.
520 2441 119 50 The
672 2443 166 51 block
868 2445 44 49 is
944 2447 311 59 triangular
1287 2450 52 49 in
1372 2453 171 58 shape
1576 2455 108 47 and
1717 2455 44 50 is
1794 2457 172 49 about
1997 2459 263 59 eighteen

270 2518 66 31 or
372 2513 214 50 twenty
623 2518 111 38 leet
770 2525 71 32 on
880 2511 134 47 each
1053 2511 133 50 side.
1260 2515 52 47 It
1350 2515 43 48 is
1432 2516 260 51 bounded
1730 2520 72 59 by
1838 2538 30 32 a
1905 2527 164 45 small
2106 2525 154 60 park,

272 2567 74 59 by
394 2568 370 63 Christopher
811 2574 184 49 Street
1040 2579 107 47 and
1195 2579 71 58 by
1311 2580 269 61 Waverly
1628 2584 164 49 Place
1838 2603 72 32 on
1957 2588 94 49 the
2096 2590 165 50 other

268 2638 115 42 two
416 2632 163 51 sides.
648 2636 52 48 It
731 2652 128 45 may
891 2655 151 33 seem
1075 2650 228 51 strange
1338 2643 120 50 that
1490 2646 110 49 this
1634 2647 255 62 building
1918 2650 46 49 is
1995 2652 265 51 bounded

268 2713 74 31 on
376 2706 112 42 two
520 2699 147 50 sides
699 2702 72 60 by
802 2703 269 62 Waverly
1104 2707 183 60 Place,
1316 2718 95 50 yet
1443 2712 135 48 such
1611 2712 44 50 is
1688 2713 94 50 the
1814 2731 145 37 case.
1989 2717 272 61 Waverly

275 2760 166 50 Place
489 2763 170 62 being
705 2783 29 32 a
784 2774 176 43 street
1007 2768 136 51 with
1192 2772 160 50 three
1399 2774 155 51 ends.
1637 2776 122 60 Gay
1808 2778 189 52 Street
2040 2781 47 52 is
2135 2782 123 53 also

270 2822 223 54 located
532 2828 55 48 in
628 2829 94 51 the
764 2830 179 52 Ninth
981 2833 194 52 Ward.

264 2937 497 93 Sadakichi
805 2946 627 91 Hartmann—

259 3063 89 88 A
394 3065 455 114 Life-long
889 3073 428 109 Struggle

263 3187 197 86 THE
502 3194 287 59 sight—or
830 3200 188 48 rather
1059 3201 93 50 the
1194 3205 480 59 apparition^—for
1715 3210 134 49 such
1893 3212 67 49 he
2000 3213 45 48 is
2086 3231 59 31 as
2186 3214 67 50 lie

402 3264 139 49 rises
570 3275 59 39 to
659 3267 299 58 begin—of
987 3270 297 52 Sadakichi
1316 3274 320 52 Hartmann
1669 3295 71 32 on
1772 3279 94 51 the
1895 3281 268 60 platform
2195 3284 62 51 of

268 3327 93 48 the
395 3330 286 58 assembly
715 3347 192 35 rooms
941 3333 61 50 of
1037 3335 91 49 the
1164 3336 200 51 Ferrer
1401 3339 203 52 Centre
1640 3341 53 50 in
1730 3344 140 49 New
1905 3345 160 49 York
2097 3350 128 47 read-

268 3391 95 59 ing
407 3393 83 48 his
882 3398 92 50 the
1018 3401 163 48 other
1222 3403 257 60 evening,
1520 3408 271 58 operated
1834 3425 73 34 on
1950 3412 209 59 myself
2200 3412 52 54 in

264 3458 219 48 several
516 3476 169 43 ways.
741 3462 148 51 First
922 3463 41 50 it
996 3464 202 51 stirred
1233 3483 72 44 up
1339 3469 231 50 wonder
1603 3480 56 40 at
1693 3472 93 49 the
1820 3473 172 51 weird
2028 3473 135 52 look
2196 3477 61 51 of

267 3521 91 49 the
394 3539 145 42 man,
574 3524 177 60 rising
783 3528 139 58 pale,
959 3529 107 48 like
1101 3547 66 32 an
1203 3532 202 59 Afrite,
1439 3534 52 48 in
1527 3534 86 50 his
1647 3535 166 51 black
1844 3538 409 53 dress-clothes

267 3604 94 30 —a
398 3586 178 64 feling
610 3590 122 50 that
767 3591 225 51 thrilled
1029 3610 168 45 every
1232 3613 107 33 one
1374 3596 61 51 of
1467 3598 86 50 his
1590 3600 253 51 auditors
1880 3610 58 44 to
1962 3605 106 50 -the
2106 3619 146 37 core\

268 3651 19 46 I
334 3651 144 50 have
517 3670 130 32 seen
691 3671 29 32 a
761 3673 193 43 young
996 3675 239 37 woman,
1277 3678 59 31 as
1381 3662 67 49 he
1491 3679 127 33 rose
1664 3673 58 41 to
1766 3666 125 59 give
1934 3667 87 50 his

259 3732 168 43 years
464 3735 124 42 ago,
626 3720 186 50 throw
846 3737 71 44 up
955 3722 101 50 her
1090 3723 197 61 hands,
1325 3726 190 51 shriek
1550 3728 108 50 and
1694 3728 144 54 faint
1873 3739 59 44 at
1967 3732 98 51 the
2101 3734 155 63 sight

262 3779 62 50 of
370 3781 129 50 him.
584 3784 153 49 Here
786 3784 44 49 is
879 3803 29 31 a
958 3805 126 30 man
1134 3789 127 49 who
1308 3791 164 49 looks
1522 3793 106 50 like
1679 3796 93 48 the
1821 3797 172 57 ghost
2040 3798 61 50 of
2149 3801 97 49 thle

262 3847 222 49 dreams
529 3848 64 48 he
638 3849 43 48 is
723 3850 173 50 about
938 3862 57 39 to
1037 3853 288 61 interpret.
1404 3857 105 49 His
1550 3875 275 44 message,
1870 3862 92 49 his
1995 3863 254 60 mission,

256 3927 95 33 are
385 3910 72 51 all
492 3911 53 50 in
581 3913 85 49 his
700 3930 250 35 manner.
1025 3919 126 48 You
1186 3930 207 40 cannot
1430 3921 130 50 look
1594 3941 149 44 upon
1781 3925 110 50 this
1928 3927 114 58 tall,
2079 3938 175 49 gaunt
