3482 4374
1748 105 57 52 46

175 225 348 52 Kirchenmusik
561 237 135 42 unter
724 230 195 69 Leitung
948 232 79 53 des
1056 235 83 50 Dr.
1168 237 60 50 H.
1276 237 89 50 Am
1393 240 327 69 Dreikönigen-

176 309 123 66 Tage
330 309 159 50 wurde
519 310 43 50 in
594 329 188 33 unserer
810 314 603 57 Maximilians-Pfarrkirche
1442 323 99 49 eine
1569 327 151 48 Messe

175 408 86 32 von
288 392 234 53 Orlandus
551 395 169 50 Lassus
1329 414 31 32 a
1442 400 172 64 capella
1004 417 248 51 gesungen,
1295 421 88 33 von
1413 407 194 49 welcher
1638 409 82 49 wir

174 473 105 49 alles
294 475 267 50 Rühmliche
585 478 304 51 wiederholen
912 486 196 55 müssen,
1141 501 92 33 was
1259 486 82 49 wir
1370 487 114 49 über
1515 489 68 50 die
1606 491 85 49 Auf-

174 555 198 69 führung
411 576 88 33 von
528 559 287 52 Palestrina's
1426 564 138 50 Missa
1565 571 154 53 berichteten.

298 642 108 49 Wir
449 642 242 51 schliessen
734 662 197 34 unseren
975 648 215 67 heutigen
1219 652 195 57 Bericht,
1459 654 147 50 indem
1638 657 82 48 wir

172 723 117 50 noch
321 724 282 66 hinzufügen,
645 727 104 49 dass
791 729 68 49 die
890 731 185 49 Soireen
1108 733 69 48 für
1209 734 365 53 Kammermusik
1605 740 115 49 auch

174 806 43 48 in
247 806 167 49 diesem
442 808 185 50 Winter
650 811 121 49 Statt
801 812 163 51 finden.
995 816 104 48 Von
1126 817 154 48 Herrn
1310 820 178 49 Tausch
1516 822 91 48 und
1638 841 54 31 un-

175 905 145 33 serem
335 888 211 51 Cellisten
560 892 152 49 Herrn
726 894 41 50 V
781 911 25 32 o
821 912 22 31 r
857 894 29 50 b
901 912 23 32 e
937 912 24 32 r
974 914 28 48 g
1023 898 305 59 veranstaltet,
1345 901 141 52 hören
1501 903 81 49 wir
1595 903 124 50 darin

172 971 113 49 auch
316 973 221 50 zuweilen
567 976 151 48 Herrn
749 978 342 54 Bockmühh
1135 982 123 48 Herr
1286 983 164 51 Pixis
1482 1004 86 31 von
1599 988 120 50 Köln

171 1052 78 49 hat
279 1054 70 50 die
376 1056 279 66 Gefälligkeit
685 1060 181 64 gehabt,
898 1062 120 48 seine
1041 1063 296 69 Mitwirkung
1366 1086 271 50 zuzusagen,
1667 1087 52 32 so

170 1136 103 49 dass
312 1137 113 66 jetzt
456 1140 161 49 Kräfte
656 1142 219 67 vereinigt
920 1143 111 60 sind,
1077 1162 86 33 von
1205 1147 146 50 denen
1383 1148 67 50 bei
1488 1151 230 67 längerem

171 1220 389 69 Zusammenspiel
591 1223 78 50 das
701 1226 433 66 Ausgezeichnetste
1163 1248 55 31 zu
1249 1240 226 43 erwarten
1503 1234 70 50 ist.

579 1458 101 58 Aus
721 1459 267 61 Frankfurt
1027 1481 79 40 am
1143 1464 144 61 Main.

290 1552 122 49 Herr
442 1555 257 52 Baracke
731 1559 76 49 hat
830 1560 87 49 den
939 1570 152 42 ersten
1106 1562 166 69 Cyklus
1296 1566 146 50 seiner
1464 1569 220 51 Vorlesun-

162 1649 88 48 gen
280 1632 113 51 über
424 1635 68 51 die
522 1637 87 50 alte
633 1640 268 52 Geschichte
924 1644 80 49 der
1017 1646 147 50 Musik
1191 1648 288 66 geschlossen
1506 1653 93 49 und
1624 1653 87 49 den

162 1715 191 51 zweiten
461 1738 85 33 von
576 1724 249 51 Palestrina
856 1728 260 66 ausgehend
1221 1730 254 69 begonnen.
1516 1735 86 50 Ein
1632 1753 52 48 ge-

162 1797 205 61 wählter,
397 1818 136 34 wenn
562 1805 113 50 auch
706 1806 122 50 nicht
857 1827 185 47 grosser
1072 1813 130 49 Kreis
1233 1832 87 31 von
1347 1815 240 51 Zuhörern
1618 1818 69 49 bei-

161 1880 137 50 derlei
330 1883 291 54 Geschlechts
651 1889 112 67 folgt
792 1898 81 43 mit
904 1893 270 52 sichtbarem
1202 1896 226 51 Interesse
1459 1898 101 51 dem
1591 1902 88 48 Vor-

162 1970 140 59 trage,
349 1965 102 50 dem
494 1971 327 65 nachgerühmt
865 1975 185 50 werden
1094 1996 140 40 muss,
1280 1979 101 51 dass
1427 1984 280 48 sämmtliche

158 2046 282 51 Thatsachen
473 2050 42 50 in
546 2053 203 52 scharfen
776 2055 227 52 Umrissen
1035 2060 260 65 gezeichnet
1326 2064 276 59 erscheinen,
1634 2067 71 48 die

157 2129 200 65 Sprache
387 2131 97 50 eine
514 2138 311 58 musterhafte,
857 2139 80 50 der
970 2143 199 66 Vortrag
1199 2144 256 69 überhaupt
1486 2148 95 48 klar
1610 2149 91 50 und

157 2229 17 29 v
185 2214 269 50 erständlich
484 2224 71 42 ist.
588 2219 83 50 Ein
698 2223 172 48 minder
899 2224 218 50 schnelles
1141 2228 173 67 Tempo
1338 2229 60 48 im
1411 2232 147 47 Lesen
1580 2236 123 45 wäre

151 2293 164 64 jedoch
341 2298 217 49 zuweilen
583 2304 271 48 erwünscht.
887 2305 337 52 Kiesewetter's
1249 2311 350 68 „Entwicklung
1619 2332 55 31 un-

156 2393 126 33 serer
313 2379 212 66 heutigen
776 2387 90 48 und
899 2388 70 48 die
999 2407 84 31 von
1116 2391 166 49 diesem
1313 2394 288 65 geschätzten
1619 2397 54 47 Hi-

156 2459 192 50 storiker
367 2462 324 66 festgestellten
706 2468 214 67 Epochen
946 2472 161 49 dienen
1129 2474 42 47 in
1187 2474 121 49 ihrer
1323 2476 189 50 leichten
1527 2478 144 48 Ueber-

142 2542 305 50 »sichtlichkeit
490 2545 100 51 dem
636 2551 213 49 Vorleser
891 2554 64 49 als
998 2556 312 53 wesentliches
1348 2559 205 50 Material
1596 2580 102 31 zum

153 2625 245 51 Leitfaden.
429 2629 174 51 Jedocn
619 2634 113 49 auch
749 2636 287 59 Winterield,
1058 2638 175 51 Gerber
1253 2660 45 32 u.
1313 2643 56 50 A.
1392 2642 146 51 haben
1553 2645 120 49 reich-

153 2708 141 50 lichen
326 2711 123 48 Stoff
471 2731 81 30 zur
576 2716 277 68 Ergänzung
885 2719 76 50 des
992 2738 102 32 vom
1119 2723 365 66 Erstgenannten
1517 2727 64 50 oft
1610 2745 88 32 nur

157 2791 272 52 skizzenhaft
470 2794 271 68 Gegebenen
786 2801 209 66 geboten.
1052 2805 131 49 Eben
1226 2824 50 31 so
1320 2807 75 50 hat
1439 2808 90 50 sich
1574 2811 122 48 Herr

151 2873 202 50 Damcke
390 2874 113 51 über
533 2878 67 50 die
632 2881 42 48 in
705 2882 86 50 den
820 2885 347 50 verschiedenen
1197 2888 217 68 Epochen
1446 2891 248 51 besonders

151 2956 387 67 hervorgethanen
569 2965 189 49 Männer
788 2966 68 49 bei
887 2968 196 50 anderen
1107 2971 285 51 Historikern
1425 2973 118 50 eines
1574 2976 90 48 Aus-

151 3039 297 51 lünrhcheren
477 3042 177 52 belehrt
684 3048 89 49 und
806 3050 122 49 selbe
960 3052 150 48 seinen
1140 3055 238 49 Zuhörern
1408 3059 285 64 vorgeführt;

151 3139 48 30 so
230 3123 179 49 Johann
443 3127 212 51 Wakher
685 3131 92 49 und
804 3133 193 68 Ludwig
1026 3135 136 51 Senfl.
1193 3137 131 50 Auch
1350 3139 175 49 Luther
1543 3158 19 31 s
1586 3141 79 48 Ein-

150 3205 107 48 iiuss
288 3208 72 45 auS
391 3207 68 48 die
490 3210 146 49 Musik
668 3215 123 48 ward
823 3215 264 66 gebührend
1117 3220 219 49 erwähnt.

271 3288 195 51 Können
492 3293 228 69 Vorträge
744 3297 113 49 über
880 3300 265 49 Geschichte
1176 3302 80 50 der
1277 3305 165 56 Musik,
1475 3305 79 49 der
1569 3306 97 48 Lite-

151 3377 127 41 ratur
310 3372 88 48 und
429 3375 165 49 andere
627 3379 713 69 Wissenscbafts-Gegenstände,
1380 3387 80 49 auf
1484 3387 97 49 eine
1613 3405 52 49 ge-

148 3470 126 48 ringe
306 3455 171 49 Anzahl
517 3476 85 31 von
635 3462 204 55 Stunden
880 3464 289 61 beschränkt,
1210 3467 235 51 immerhin
1474 3489 92 31 nur
1595 3471 96 49 eine

148 3535 250 67 gedrängte
420 3537 264 55 Uebersicht
715 3545 113 48 über
857 3546 80 50 das
966 3549 131 48 weite
1129 3549 161 51 Gebiet
1317 3553 292 58 verschaffen,
1639 3572 50 30 so

151 3622 242 63 vermögen
424 3622 61 49 sie
515 3624 112 49 doch
652 3629 230 65 anregend
914 3648 52 30 zu
1000 3631 182 59 wirken,
1213 3650 92 32 was
1336 3635 190 65 nirgend
1554 3636 100 49 not-

147 3702 231 65 wendiger
407 3705 90 48 und
531 3710 353 64 erspriesslicher
925 3713 68 57 ist,
1036 3714 63 48 als
1139 3715 166 65 gerade
1345 3718 80 48 auf
1463 3718 103 49 dem
1607 3718 80 49 der

147 3786 335 51 musicahscheu
500 3789 278 58 Geschichte,
812 3812 74 30 um
920 3795 70 48 die
1021 3796 92 49 sich
1141 3798 279 50 Dilettanten
1449 3818 80 48 gar
1552 3800 134 59 nicht,

146 3868 199 48 Musiker
367 3888 86 30 nur
476 3876 203 47 äusserst
702 3876 141 49 selten
872 3876 311 52 bekümmern.
1214 3881 176 50 Diese
1421 3883 265 51 Geschichte

143 3949 57 51 ist
231 3950 167 50 überall
431 3954 207 52 dieselbe.
685 3959 102 48 Von
832 3960 173 66 einigen
1036 3963 270 49 Hunderten
1346 3964 95 50 hier
1472 3965 215 51 lebender

142 4034 203 49 Musiker
373 4038 243 62 gewahren
646 4040 83 50 wir
760 4042 134 49 kaum
933 4043 70 49 ein
1032 4044 212 53 Dutzend
1284 4055 133 41 unter
1445 4049 240 51 Damcke's

1818 246 254 64 Zuhörern,
2096 249 92 51 dies
2212 252 165 60 solche,
2401 253 145 51 denen
2570 272 46 33 es
2635 273 56 33 an
2706 259 309 70 mehrseitiger
3030 265 194 69 Bildung
3245 270 121 52 nicht

1816 329 217 65 gebricht.
2065 334 95 49 Der
2183 351 171 49 grosse,
2381 336 216 53 bodenlos
2618 342 289 52 unwissende
2928 348 150 50 Haufe
3102 351 108 63 geht
3233 352 132 66 jeder

1816 412 259 67 Belehrung
2118 433 80 32 aus
2239 418 101 50 dem
2383 421 169 67 Wege.
2622 423 187 57 „Wozu
2841 430 114 48 auch
2987 432 265 52 Geschichte
3283 436 81 51 der

1813 494 186 51 Musik?
2027 498 142 48 Lehrt
2199 517 63 32 sie
2286 502 114 48 auch
2425 511 141 43 etwas
2597 507 273 51 machen?
2902 529 97 33 eine
3017 516 197 51 Sinfonie
3238 535 93 33 com-

1816 578 221 66 poniren?
2068 581 173 51 Ciavier
2259 585 203 66 spielen?
2485 588 194 66 geigen?
2969 597 218 52 Indessen
3210 601 148 51 haben

1814 660 121 49 diese
1959 662 604 72 Geschichts-Vorlesungen
2594 671 115 49 doch
2740 672 167 52 bereits
2937 676 206 62 bewirkt,
3175 700 92 33 was
3299 685 62 49 sie

1812 742 58 50 im
1901 743 312 66 Allgemeinen
2255 747 231 53 bewirken
2529 752 192 52 können.
2768 757 150 51 Schon
2968 760 76 49 hat
3083 764 92 49 sich
3217 765 146 52 dieser

1813 826 93 49 und
1930 827 131 65 jener
2090 830 81 48 der
2194 831 210 51 Zuhörer
2427 833 86 50 den
2536 836 303 53 Kiesewetter
2870 860 100 31 zum
3002 845 188 66 eigenen
3213 849 117 49 Nach-

1812 908 123 51 lesen
1967 911 211 51 kommen
2207 914 160 52 lassen.
2423 919 49 47 In
2519 919 101 49 dem
2659 921 236 52 laufenden
2928 926 165 68 Cyklus
3137 930 111 51 wird
3279 933 82 49 der

1811 991 324 71 Entwicklung
2175 996 80 50 der
2286 999 128 67 Oper
2453 1001 253 52 besondere
2734 1005 413 57 Aufmerksamkeit
3187 1015 141 66 gewid-

1811 1082 94 41 met
1931 1076 198 51 werden.

1933 1159 85 48 Die
2034 1160 69 48 die
2129 1162 345 51 verschiedenen
2488 1166 391 70 Kunst-Epochen
2894 1173 460 57 charakterisirenden

1811 1242 259 50 Tonstücke
2100 1245 186 50 werden
2317 1246 68 50 bei
2411 1248 152 50 diesen
2578 1251 313 69 Vorlesungen
2917 1274 85 33 von
3027 1260 145 50 einem
3200 1263 155 49 Theile

1811 1324 77 49 des
1901 1324 273 52 Rühl'schen
2188 1328 395 67 Gesang-Vereins
2612 1343 136 42 unter
2777 1338 160 50 dessen
2968 1341 196 69 Leitung
3191 1362 135 51 ausge-

1809 1406 135 50 führt.
1986 1408 150 49 Schon
2165 1409 43 49 in
2240 1410 146 51 einem
2430 1414 210 51 früheren
2670 1418 210 50 Berichte
2909 1422 78 49 hat
3017 1424 92 50 sich
3135 1427 216 52 Referent

1809 1491 341 50 unumwunden
2180 1493 115 49 über
2324 1494 96 51 eine
2461 1496 168 51 diesem
2656 1500 387 56 Musik-Director
3072 1509 280 53 anklebende

1806 1571 237 68 Eigenheit
2074 1578 381 66 ausgesprochen,
2495 1583 79 47 auf
2594 1582 69 48 die
2693 1583 96 51 hier
2829 1588 169 49 zurück
3039 1608 57 32 zu
3137 1593 213 52 kommen

1806 1655 90 50 sich
1925 1656 248 51 wiederum
2208 1660 159 50 Grund
2406 1663 153 49 findet.
2620 1665 106 51 Wir
2766 1669 176 50 meinen
2983 1673 119 49 seine
3131 1677 216 51 Vorliebe

1803 1754 104 32 zum
2090 1739 62 50 Piano
2153 1742 82 48 und
2649 1743 283 52 Pianissimo.
2522 1747 112 49 Wie
2664 1766 47 31 es
2740 1752 115 48 auch
2877 1753 157 51 Rühl's
3058 1756 166 68 hiesige
3255 1762 95 48 und

1803 1820 311 68 neidelberger
2137 1824 320 52 Musik-Räthe
2479 1829 269 52 aufnehmen
2764 1838 180 62 mögen,
2977 1855 50 31 so
3058 1843 183 47 müssen
3266 1844 83 49 wir

1802 1903 115 49 doch
1949 1905 119 49 diese
2096 1907 173 49 Manier
2311 1910 69 47 für
2419 1910 98 50 eine
2546 1913 470 66 charakterstörende,
3060 1922 160 52 darum
3247 1943 74 33 ver-

1801 1987 240 58 werfliche,
2071 1989 221 51 erklären.
2324 1992 73 49 Sie
2427 1993 56 50 ist
2513 2011 47 32 es
2592 1996 42 48 in
2665 1997 99 51 dem
2780 1999 190 60 Maasse,
3002 2004 84 49 wie
3116 2006 82 49 der
3213 2008 106 50 Miss-

1799 2067 170 52 brauch
1994 2070 78 49 mit
2096 2072 102 49 dem
2222 2074 136 49 Pedal
2381 2076 42 48 in
2448 2077 259 52 classischer
2723 2081 335 54 Ciaviermusik.
3088 2090 122 48 Herr
3225 2092 120 48 Rühl

1797 2149 185 52 laborirt
2008 2153 201 51 offenbar
2226 2173 56 31 an
2305 2157 144 49 einem
2472 2158 158 60 Uebel,
2660 2162 78 49 das
2768 2181 102 33 man
2894 2166 163 66 füglich
3079 2170 80 49 mit

1823 2236 478 52 Pianissimo-Morbus
2316 2238 271 53 bezeichnen
2630 2244 131 51 kann.
2806 2247 159 51 Wenn
3007 2251 121 51 diese
3154 2255 190 61 Manier,

1795 2316 88 48 alte
1912 2317 150 48 Musik
2091 2327 315 60 vorzutragen,
2438 2323 138 50 schon
2607 2324 71 51 bei
2707 2328 178 50 Händel
2910 2332 93 51 und
3024 2335 123 49 Bach
3177 2338 136 50 wider-

1795 2397 84 49 lich
1915 2399 133 49 wirkt
2077 2402 91 48 und
2201 2402 83 49 den
2316 2404 186 50 Kenner
2532 2406 56 49 im
2621 2410 206 50 Genüsse
2857 2417 131 56 stört,
3030 2417 85 48 wie
3147 2429 91 40 erst
3267 2420 73 51 bei

1794 2481 87 49 den
1894 2482 214 51 Meistern
2132 2484 77 50 des
2240 2487 324 51 sechszehnten
2587 2492 357 55 Jahrhunderts!
2974 2500 84 48 Die
3087 2501 43 48 in
3161 2504 177 50 solcher

1794 2563 158 51 Weise
1982 2582 262 51 gesungene
2273 2570 150 49 Messe
2449 2590 84 30 von
2566 2575 202 50 Orlando
2796 2580 144 49 Lasso
2982 2591 172 42 musste
3196 2586 141 51 daher

1790 2647 83 47 auf
1893 2647 84 48 alle
2002 2650 329 67 Verständigen
2356 2653 186 66 peinlich
2569 2656 183 53 wirken.
2783 2661 67 48 Im
2869 2661 180 57 Choral,
3079 2666 257 71 überhaupt

1792 2730 43 48 in
1864 2730 114 49 allen
2009 2731 171 51 breiten
2211 2735 317 61 Zeitmaassen,
2559 2742 200 49 versteht
2790 2760 47 33 es
2864 2746 123 48 Herr
3008 2749 135 58 Rühl,
3176 2751 43 48 in
3251 2752 84 50 fast

1784 2812 131 66 jeder
1943 2815 230 49 Textzeile
2202 2817 82 48 alle
2316 2819 70 49 die
2414 2819 223 52 beliebten
2670 2825 315 66 dynamischen
2997 2830 338 71 Abstufungen,

1789 2912 88 31 nur
1906 2895 100 49 kein
2035 2897 287 65 eigentliches
2353 2904 145 54 Forte,
2531 2904 112 49 oder
2673 2924 81 48 gar
2785 2907 68 50 ein
2883 2911 278 61 Fortissimo,
3191 2915 144 52 hören

1792 2996 53 31 zu
1875 2980 201 49 machen.
2123 2984 81 45 Die
2241 2984 159 49 vollste
2433 2987 385 70 Kraitäusserung
2858 2992 78 50 des
2969 2994 143 52 Chors
3159 3000 173 50 scheint

1789 3076 50 32 er
1863 3079 53 29 zu
1941 3061 376 66 perhorresciren.
2343 3067 112 49 Fort
2477 3067 78 50 mit
2579 3070 100 49 dem
2701 3074 368 53 unaufhörlichen
3096 3081 201 50 wellen-

1789 3142 287 68 förmigen
2122 3146 280 51 Geschaukel
2457 3151 225 51 zwischen
2726 3156 267 54 Pianissimo
3036 3163 90 48 und
3175 3165 157 50 Mezzo

1795 3230 129 62 forte,
2124 3229 153 49 Crescendo
2278 3231 79 49 und
2891 3234 291 51 Decrescendo
3195 3238 10 47 l

1911 3309 131 66 Liegt
2072 3310 101 50 dem
2204 3313 78 48 das
2314 3315 190 65 möglich
2536 3318 136 49 Beste
2700 3320 58 50 im
2790 3321 321 72 Chorgesange
3154 3337 150 43 anstre-

1784 3390 178 50 benden
1981 3393 162 49 Manne
2161 3395 153 59 daran,
2344 3398 90 48 sich
2465 3417 86 31 von
2579 3401 145 50 dieser
2737 3405 172 49 Manier
2940 3408 76 48 frei
3041 3428 54 31 zu
3125 3413 202 58 machen,

1785 3489 50 33 so
1867 3475 231 65 empfiehlt
2129 3478 233 49 Verfasser
2400 3481 63 49 als
2502 3484 209 50 nächstes
2740 3487 145 49 Mittel
2928 3490 85 49 den
3053 3492 43 49 in
3137 3495 78 49 Nr.
3248 3494 74 51 36

1784 3555 145 48 dieser
1959 3558 174 48 Blätter
2171 3577 101 31 vom
2314 3579 90 33 vor.
2438 3564 136 50 Jahre
2617 3567 286 52 enthaltenen
2933 3573 211 52 Aufsatz:
3196 3578 123 55 „Das

1784 3639 267 66 Gesangfest
2074 3659 54 31 zu
2151 3643 154 49 Brühl.
2320 3653 16 19 8
2377 3647 140 49 Darin
2541 3648 209 51 befinden
2775 3652 90 49 sich
2890 3654 231 54 kernhafte
3145 3661 177 49 Lehren

1783 3720 113 48 über
1926 3721 69 50 die
2028 3721 67 50 bei
2127 3724 113 48 alter
2268 3728 150 49 Musik
2458 3730 223 65 zulässige
2711 3733 372 68 Vortragsweise.
3129 3742 162 49 Vermö-

1781 3821 87 49 gen
1900 3804 108 50 aber
2037 3807 119 49 diese
2187 3808 77 49 das
2295 3810 363 68 festgewurzelte
2674 3813 141 53 Uebel
2839 3819 120 50 nicht
2983 3838 56 33 zu
3063 3822 259 68 beseitigen,

1781 3903 51 32 so
1863 3885 139 50 bleibt
2030 3890 115 47 noch
2178 3890 68 50 die
2274 3890 195 52 berliner
2498 3895 381 65 Sing-Akademie
2919 3921 54 30 zu
3003 3904 144 50 hören
3176 3906 145 67 übrig.

1781 3968 74 49 Sie
1886 3969 94 48 hält
2005 3969 284 53 bekanntlich
2320 3975 69 50 die
2411 3977 230 51 Tradition
2672 3981 43 49 in
2744 3983 114 48 alter
2889 3984 91 50 und
3010 4003 193 35 neuerer
3233 3989 59 51 Ge-

1780 4053 259 66 sangmusik
2070 4054 115 52 hoch
2215 4057 43 51 in
2286 4059 169 61 Ehren,
2495 4061 120 50 stellt
2654 4063 138 52 daher
2830 4067 183 52 niemals
3043 4071 278 70 Leistungen
