3053 4099
124 4005 34 24 28

185 151 62 34 „Ja,
273 151 37 31 ja,
336 148 167 31 Jimgehen.
550 146 48 29 Ich
626 145 105 28 werde
759 144 44 28 dir
832 143 58 28 den
916 141 93 29 Vater

125 203 118 31 zeigen,
268 207 89 20 wenn
381 199 56 27 wir
462 197 115 29 wieder
602 204 37 20 zu
664 194 102 28 Hause
792 193 75 28 sind.
911 191 99 28 Wenn

129 252 48 28 die
204 250 109 29 Sterne
341 248 152 29 scheinen.
540 247 76 27 Dein
644 245 93 28 Vater
766 245 38 27 ist
834 244 47 27 ein
911 241 99 33 Stern,

122 300 171 32 .Jungchen.
335 298 52 28 Ein
410 305 78 24 ganz
510 296 91 28 heller

181 356 126 30 Fredrik
324 356 104 28 reckte
446 354 57 29 den
520 354 72 28 Hals
610 353 59 28 und
688 352 52 28 der
759 351 88 28 Atem
864 349 64 33 pfiff
945 349 48 28 hin-

126 407 95 29 durch
240 401 61 34 wie'
318 406 54 28 das
392 403 166 30 Gekreisch
578 405 81 26 einer
679 402 98 32 Ratte,
797 401 47 28 die
862 402 39 27 im
919 399 90 29 Eisen

127 459 78 27 sitzt.
242 456 39 28 Er
300 455 111 28 mahlte
430 455 52 28 mit
501 454 58 28 den
578 453 122 28 Zähnen
719 452 106 32 irgend
844 451 47 28 ein
910 449 99 32 W,ort,

127 507 73 28 aber
219 508 65 27 eine
301 505 167 29 fröstelnde
486 504 100 29 Scheu
603 503 66 28 fraß
689 511 32 20 es
740 501 176 33 ungeboren
935 500 56 27 wie-

127 558 54 28 der
199 564 78 24 weg.

183 615 63 33 „Ja,
266 615 37 32 ja,
324 613 167 33 Jungchen,
512 612 68 29 dein
599 612 93 28 Vater
713 613 37 27 ist
771 610 46 28 ein

183 673 80 33 „Das
288 674 37 27 ist
349 671 68 28 dein
441 671 102 33 Vater,
566 669 166 33 Jungchen,
757 662 63 35 sieh

183 722 125 29 Fredrik
326 722 59 31 gab
404 722 64 28 sich
487 723 86 26 einen
592 720 85 33 Ruck
696 719 60 28 lind
775 718 86 31 sagte
881 716 112 27 weiner-

126 772 71 29 lich:
223 772 117 34 „Wenn
365 772 38 27 du
427 772 56 27 mir
507 771 58 29 den
589 770 90 29 Stern
703 769 105 31 zeigst,
832 765 106 29 werde
963 763 47 30 ich

126 822 78 29 auch
224 823 48 27 nie
292 821 84 29 mehr

181 872 56 28 Am
254 871 116 34 Abend,
388 872 44 28 als
450 872 43 29 sie
512 871 118 28 daheim
649 878 47 19 am
715 868 121 28 offenen
852 866 136 31 Kammer-

124 922 115 29 fenster
265 922 137 33 standen,
437 922 99 31 zeigte
562 920 86 31 Antje
685 919 69 28 dem
780 917 107 28 Buben
923 916 87 28 einen

125 972 117 28 runden
263 972 99 33 Stern,
385 972 53 28 der
460 970 169 29 flimmernd
651 969 74 28 über
747 968 69 28 dem
837 966 172 32 Kirchturm

114 1022 109 30 .stand.

181 1072 127 29 Fredrik
327 1072 58 28 hob
406 1071 47 28 die
472 1070 87 29 Hand
578 1069 61 29 und
657 1068 165 29 versuchte
842 1068 58 28 den
919 1066 91 29 Stern

125 1130 39 20 zu
185 1122 140 31 pflücken
345 1123 59 26 wie
427 1122 65 27 eine
512 1120 115 28 Blume.
667 1118 68 29 Und
757 1127 32 20 er
810 1118 132 28 träumte
963 1116 48 28 die

126 1180 98 24 ganze
243 1171 97 29 Nacht
357 1179 61 21 von
438 1171 69 28 dem
525 1170 143 32 schönen,
688 1169 130 28 blanken
837 1168 100 28 Stern.

181 1221 68 29 Und
275 1222 88 32 jeden
390 1221 116 33 Abend,
533 1228 90 21 wenn
649 1219 51 28 ihn
727 1220 48 27 die
803 1217 113 29 Mutter
945 1218 49 27 ent-

125 1271 112 30 kleidet
258 1271 91 34 hatte,
371 1279 113 24 sprang
505 1279 32 20 er
560 1279 54 20 ans
635 1270 127 28 Fenster
785 1268 60 29 und
867 1267 69 33 griff
958 1268 52 27 mit

126 1322 59 28 den
206 1330 145 24 mageren
374 1320 171 30 Aermchen
567 1320 58 29 den
647 1319 100 29 Stern.
788 1319 39 28 Er
848 1317 163 29 verschloß

124 1372 50 28 ihn
201 1373 53 27 mit
282 1372 53 28 der
363 1372 119 28 kleinen
509 1370 93 29 Faust
630 1370 60 28 und
719 1372 69 29 trug
817 1369 48 28 ihn
895 1369 28 27 in
952 1367 59 29 den

125 1421 112 29 Traum
254 1422 134 28 hinüber.
423 1421 76 28 Dort
514 1421 104 29 schien
635 1430 32 20 er
682 1420 48 28 die
747 1428 97 24 ganze
862 1418 97 29 Nacht
975 1426 35 20 so

126 1472 66 33 hell,
216 1480 34 21 so
275 1471 66 29 hell.

181 1522 47 28 Da
250 1522 141 29 machten
414 1522 47 29 die
483 1522 111 31 Kinder
620 1524 51 26 mit
695 1522 69 28 dem
785 1521 115 28 Lehrer
925 1522 87 27 einen

122 1572 221 33 Spaziergang.
383 1572 126 29 Fredrik
530 1573 72 32 ging
624 1571 128 33 anfangs
775 1579 79 25 ganz
876 1571 59 29 still
958 1579 54 21 zur

125 1622 83 29 Seite
237 1623 54 28 des
319 1622 166 32 Magisters
515 1623 60 28 und
604 1623 106 28 suchte
740 1622 57 29 den
827 1622 107 28 Boden
964 1622 47 28 ab.

124 1671 52 30 Bis
203 1673 49 28 ihn
279 1674 78 27 zwei
383 1673 129 32 größere
540 1672 106 30 Buben
673 1673 79 29 beim
779 1672 73 29 Arm
879 1672 132 29 nahmen

119 1723 65 28 .und
206 1725 52 28 mit
279 1724 169 29 fortrissen.

179 1773 39 29 Er
241 1774 70 28 kam
333 1774 71 29 bald
427 1776 28 27 in
477 1774 97 30 Feuer
598 1776 60 28 und
681 1784 66 19 war
771 1775 54 29 der
848 1774 162 30 schnellste

119 1823 111 33 Junge.
277 1824 38 28 Er
343 1833 114 24 sprang
484 1826 59 28 wie
571 1826 46 28 ein
654 1826 225 32 losgelassenes
907 1825 104 29 Füllen

122 1874 201 33 querfeldein:
348 1875 89 32 greift
460 1875 88 35 mich,
572 1875 90 33 greift
684 1876 92 29 mich!

179 1925 51 29 Als
250 1925 47 29 die
316 1925 107 28 Buben
443 1927 87 27 einen
550 1926 123 29 Graben
691 1926 241 34 übersprangen,
951 1925 59 33 gab

117 1975 54 29 die
194 1974 78 30 Erde
296 1976 140 31 plötzlich
460 1976 78 29 nach
561 1976 61 28 und
644 1976 105 29 klaffte
772 1976 79 29 breit
874 1976 59 29 auf.

179 2025 99 29 Unten
302 2034 66 20 war
393 2026 47 28 die
463 2026 188 33 Hauptsohle
676 2026 53 30 des
754 2026 179 30 Schachtes.

180 2075 62 29 Der
259 2076 114 29 Lehrer
393 2076 106 29 drehte
517 2077 65 28 sich
600 2079 47 27 ein
665 2085 75 24 paar
757 2077 63 28 Mal
838 2079 40 26 im
896 2076 115 32 Kreise.

122 2124 90 29 Dann
235 2134 66 20 war
326 2134 31 20 er
381 2127 53 28 mit
458 2127 98 28 einem
580 2127 74 28 Satz
677 2136 54 19 zur
754 2127 94 29 Stelle
872 2127 60 28 und
956 2127 55 30 sah

117 2183 84 24 :ganz
227 2178 92 26 unten
345 2176 58 29 den
429 2176 120 33 Jungen
575 2177 51 28 auf
651 2178 98 28 einem
778 2177 232 29 Gesteinsblock

118 2225 112 33 liegen.

178 2276 57 29 Die
263 2276 345 34 Rettungsmannschaft
635 2286 63 20 von
726 2278 54 28 der
809 2277 104 30 Grube
940 2277 72 29 kam

124 2326 61 28 und
204 2326 80 29 holte
305 2326 58 29 den
383 2327 251 30 zerschundenen
653 2327 118 33 Körper
792 2327 116 30 herauf.
948 2327 63 30 Das

123 2376 83 29 Haar
226 2385 65 21 war
311 2378 53 28 mit
383 2376 71 31 Blut
473 2378 141 29 verklebt
634 2378 61 29 und
716 2378 48 29 die
785 2378 94 29 Beine
901 2378 112 33 hingen

119 2426 114 29 •schlaff
256 2427 144 29 herunter
425 2430 60 26 wie
511 2436 38 20 an
575 2428 220 30 Zwirnsfäden.

180 2476 153 34 „Diesmal
361 2478 78 28 wird
469 2486 33 21 es
529 2479 65 29 sein
623 2478 66 29 Tod
839 2480 89 31 sagte
957 2479 54 29 der

122 2527 61 28 alte
204 2526 127 31 Doktor.

178 2576 69 30 Und
273 2578 47 29 die
347 2578 212 33 Spitalweiber
586 2580 136 32 grinsten
749 2580 60 29 und
836 2580 100 29 hoben
963 2580 48 29 die

121 2627 114 29 dürren
258 2628 119 32 Finger.

180 2676 147 36 „Siehste,
348 2678 97 35 Antje,
466 2679 53 29 der
540 2679 94 30 Israel
655 2680 51 30 hat
728 2680 49 29 ihn
799 2680 78 30 doch
899 2680 111 34 geholt.

123 2726 97 34 Haha,
242 2727 88 35 haha,

180 2776 71 30 Vier
278 2776 126 31 Monate
432 2779 70 32 lang
529 2780 51 33 lag
607 2780 55 29 das
691 2780 160 33 Jungchen
877 2783 30 27 in
936 2781 74 33 Gips

124 2827 62 29 und
211 2828 47 28 die
282 2827 115 30 Mutter
422 2828 80 33 legte
528 2830 165 30 derweilen
717 2831 45 29 ihr
789 2831 82 30 Haar
896 2834 30 27 in
952 2834 59 27 den

122 2876 148 34 Raufrost
289 2877 116 30 hinaus.

181 2927 51 29 Sie
255 2927 83 30 hatte
362 2929 77 28 auch
463 2929 96 29 ihrem
582 2929 227 32 Verstorbenen
834 2932 80 29 dann
939 2933 55 28 end-

124 2976 59 30 lich
208 2979 46 28 ein
277 2978 150 30 Denkmal
451 2981 120 31 gesetzt
594 2981 61 28 und
679 2982 71 32 ging
773 2983 106 28 immer
905 2984 27 27 in
959 2983 53 29 der

124 3027 90 35 Früh,
231 3036 91 21 wenn
341 3029 54 29 das
414 3029 159 33 Jungchen
591 3031 114 34 schlief,
725 3032 50 28 auf
794 3032 58 29 den
870 3032 143 31 Kirchhof

126 3077 117 30 hinaus.
282 3079 56 29 Die
359 3079 124 30 Weiber
503 3081 188 29 versuchten
713 3083 47 27 ein
782 3082 158 32 Gespräch
961 3085 54 27 mit

125 3127 47 29 ihr
192 3128 217 36 anzubändeln,
430 3131 74 28 aber
523 3131 65 29 ihre
608 3131 107 33 Augen
735 3140 107 21 waren
860 3135 73 27 weit
955 3134 60 28 und

127 3177 80 29 weiß
222 3180 60 28 wie
298 3181 80 27 zwei
394 3180 157 32 gleißende
568 3181 161 30 Schlünde.
747 3181 62 30 Nur
825 3183 64 29 ihre
907 3183 108 30 Hände

127 3227 114 29 konnte
265 3229 43 28 sie
333 3230 78 28 noch
435 3230 108 35 ballen,
569 3232 115 34 immer,
710 3241 91 21 wenn
827 3234 43 28 sie
897 3242 38 20 an
961 3234 53 29 der

127 3275 188 32 Unfallstelle
334 3279 216 36 vorüberging,
570 3282 48 29 die
639 3283 73 31 jetzt
731 3283 29 28 in
782 3284 98 28 einem
899 3284 116 32 großen

129 3326 160 31 Umkreise
315 3329 172 32 abgezäunt
510 3340 77 21 war.
630 3332 68 29 Und
724 3333 48 29 die
797 3333 130 29 Männer
953 3342 62 20 von

127 3376 56 30 der
208 3377 157 30 Direktion
389 3388 107 21 waren
521 3382 39 28 da
585 3383 59 28 und
669 3383 118 30 fremde
811 3383 129 35 Herren,
967 3384 48 29 die

129 3427 110 29 maßen
259 3429 60 28 und
341 3429 135 33 klopften
496 3432 60 28 und
576 3432 138 30 bohrten.

183 3476 69 31 Und
273 3479 80 28 dann
374 3479 88 30 hörte
483 3482 53 34 sie,
559 3482 57 28 daß
637 3482 55 30 das
714 3483 76 30 Dorf
811 3484 187 33 niedergeris-

127 3534 56 21 sen
205 3529 128 28 werden
356 3529 97 35 sollte,
477 3531 54 28 der
555 3531 211 32 Unsicherheit
791 3535 54 29 des
872 3535 142 29 Gesteins

127 3584 122 25 wegen.

187 3626 51 30 Sie
263 3629 54 28 sah
344 3629 55 30 das
426 3630 73 30 alles
526 3632 142 28 kommen
693 3635 60 27 wie
780 3635 66 28 eine
872 3634 124 30 Märzah-

131 3684 92 25 nung.
261 3677 87 30 Denn
369 3679 47 30 die
437 3681 98 32 Wege
555 3681 65 29 hier
642 3682 134 30 dünkten
797 3684 44 30 ihr
863 3685 72 32 jetzt
958 3684 59 30 öde

132 3726 62 28 und
219 3728 184 30 verworfen.
449 3730 68 29 Und
543 3731 127 30 Fredrik
696 3732 51 33 lag
782 3735 40 28 im
848 3734 71 31 Bett
956 3735 61 29 und

129 3770 140 36 fieberte.

189 3825 56 30 Die
279 3828 191 30 verfluchten
497 3830 213 33 Spitalweiber
747 3834 53 29 mit
836 3834 69 29 dem
933 3834 68 30 Blut-

131 3876 126 31 geruch.
295 3877 35 34 0,
348 3877 58 30 daß
423 3879 47 30 die
489 3879 79 31 Erde
586 3881 65 29 sich
669 3882 78 29 noch
766 3884 108 30 einmal
893 3884 124 35 auftäte,

131 3924 87 30 diese
236 3925 123 31 Henker
380 3937 37 20 zu
435 3930 227 34 verschlingen]

1143 140 51 28 Als
1221 139 145 29 Frederik
1403 139 115 28 wieder
1556 137 58 29 den
1641 137 198 31 Oberkörper
1877 135 98 30 heben

1087 190 112 28 konnte
1227 198 54 19 aus
1309 189 59 28 den
1394 187 252 33 rotgewürfelten
1672 187 118 33 Kissen,
1819 186 80 29 holte
1927 186 48 27 die

1087 239 114 28 Mutter
1229 239 112 28 allerlei
1368 238 170 33 Spielwerk
1566 245 187 25 zusammen,
1791 236 93 29 damit
1921 235 53 29 der

1086 288 99 32 Junge
1202 288 116 28 wieder
1337 288 107 28 lachen
1461 288 121 28 konnte.
1619 286 69 28 Und
1706 295 54 20 aus
1780 287 98 27 einem
1895 285 80 29 alten

1086 338 246 32 Legendenbuch
1357 339 44 28 las
1425 340 44 27 sie
1493 337 59 28 ihm
1576 344 56 21 vor
1657 344 62 21 von
1744 337 59 28 den
1825 336 151 28 frommen

1087 387 187 30 Einsiedlern
1302 388 59 28 und
1399 388 68 28 dem
1503 386 115 33 großen
1645 381 175 37 Prophe'ten
1855 387 30 27 in
1921 385 54 29 der

1086 438 225 32 Löwengrube.

1143 496 68 29 Und
1229 497 38 28 da
1284 496 127 29 Fredrik
1429 495 108 30 einmal
1555 497 53 26 mit
1625 494 110 29 beiden
1752 494 129 29 Händen
1899 494 78 28 nach

1088 548 69 27 dem
1177 547 146 28 Büchlein
1342 546 78 33 griff,
1441 555 50 19 um
1512 546 47 28 die
1580 544 102 30 Bilder
1702 544 205 33 anzuschaun,
1926 543 51 29 fiel

1088 598 66 28 eine
1174 597 196 28 verblichene
1391 595 227 33 Photographie
1640 603 55 20 aus
1717 595 69 28 dem
1807 594 95 29 Buch.

1142 655 127 30 Fredrik
1286 655 82 28 faßte
1387 655 118 28 danach
1524 654 61 29 und
1603 653 191 29 betrachtete
1813 653 89 32 lange
1921 652 55 28 das

1086 701 127 38 fremde',
1236 706 87 28 harte
1347 705 134 29 Gesicht.

1143 756 141 33 „Mutter,
1302 764 67 20 was
1388 756 38 28 ist
1444 755 54 29 das
1516 755 47 27 für
1581 755 47 27 ein
1645 753 92 29 böser
1755 753 104 29 Mann.
1895 752 81 33 Sieh,

1088 815 31 20 er
1140 807 50 28 hat
1211 814 99 24 genau
1330 805 85 29 solch
1436 807 87 27 einen
1545 804 181 29 schwarzen
1746 803 91 31 Kittel
1859 811 38 20 an
1917 803 60 28 wie

1088 857 47 28 die
1158 856 138 33 Männer,
1320 856 47 28 die
1390 857 107 27 immer
1519 855 98 28 hinter
1641 854 58 28 den
1721 853 120 33 Särgen

1143 916 88 32 Antje
1248 916 64 28 rieb
1330 915 63 29 sich
1411 916 47 28 ein
1475 923 74 24 paar
1566 913 63 29 Mal
1646 913 47 28 die
1711 913 108 31 Augen
1835 912 61 29 und
1913 911 64 29 ihre

1086 967 115 31 Lippen
1216 974 154 24 sprangen
1385 965 103 29 scharf
1502 973 63 20 von
1580 964 59 28 den
1654 963 131 28 Zähnen.
1802 963 56 28 Die
1874 962 104 29 leeren

1088 1017 108 32 Augen
1223 1016 54 29 des
1304 1016 120 32 Jungen
1450 1017 94 26 irrten
1570 1022 50 20 um
1648 1015 44 27 sie
1718 1015 60 27 wie
1804 1012 159 30 feuchtrau-

1086 1067 87 32 chige
1189 1065 284 34 Phosphorkugeln.
1509 1065 89 28 Dann
1613 1065 88 31 sagte
1719 1065 44 27 sie
1782 1071 79 24 ganz
1879 1063 97 28 ernst:

1088 1117 82 34 „Das
1190 1118 38 28 ist
1249 1116 68 29 dein
1338 1116 103 33 Vater,
1462 1115 167 33 Jungchen,
1652 1114 69 28 dein
1740 1113 104 33 Vater,
1867 1113 56 28 ehe
1946 1120 32 20 er

1088 1169 47 27 ein
1157 1167 91 29 Stern

1143 1217 68 29 Und
1237 1219 44 27 sie
1308 1217 89 29 stand
1423 1224 57 21 vor
1508 1216 69 28 dem
1605 1214 189 29 zerwalkten
1820 1213 71 29 Bett
1918 1212 61 29 und

1087 1270 131 27 wartete
1244 1268 51 28 auf
1319 1268 49 28 ihn
1394 1268 106 28 mitten
1525 1268 29 27 in
1580 1265 70 29 dem
1677 1264 109 33 gelben
1813 1263 165 34 Zwielicht,

1088 1319 54 29 das
1163 1327 34 21 so
1217 1318 132 33 peinvoll
1366 1326 76 20 war.

1142 1369 128 29 Fredrik
1288 1369 60 28 hob
1369 1368 58 29 den
1446 1367 79 33 Kopf
1545 1369 107 27 etwas.
1691 1366 56 29 Die
1767 1366 107 32 Augen
1895 1365 68 33 quol-

1087 1420 49 28 len
1163 1419 51 29 auf
1241 1419 61 28 und
1330 1420 198 30 entgeisterte
1557 1417 104 29 Blicke
1691 1417 148 28 schössen
1867 1416 112 29 heraus

1088 1471 60 28 wie
1171 1470 47 29 ein
1240 1470 91 28 böser
1355 1468 145 29 Schreck.
1543 1468 68 28 Und
1635 1468 48 28 die
1705 1467 116 32 Lippen
1845 1466 119 30 raschel-

1088 1523 50 27 ten
1157 1520 117 36 Worte,
1295 1520 49 31 die
1363 1520 44 31 sie
1427 1518 82 32 nicht
1526 1518 159 32 verstand,

1144 1573 88 29 Dann
1250 1573 162 33 zerschlug
1432 1572 59 31 den
1511 1580 106 23 armen
1636 1571 118 35 Körper
1776 1573 48 30 ein
1843 1572 136 30 tonloses

1087 1623 178 30 Wimmern.
1311 1624 189 30 Stoßweises
1526 1624 149 29 Meckern
1702 1624 60 29 und
1789 1624 103 32 Sägen
1918 1623 61 29 und

1086 1673 142 32 Kratzen.

1142 1724 69 29 Und
1234 1734 31 19 er
1286 1725 119 30 wehrte
1426 1725 64 30 sich
1512 1725 90 34 nicht,
1624 1725 38 29 da
1683 1727 43 28 sie
1747 1725 65 30 sich
1832 1725 76 28 über
1929 1725 50 28 ihn

1086 1776 113 32 beugte
1220 1778 30 27 in
1271 1776 116 29 sanfter
1410 1776 206 34 Sinnlichkeit,
1638 1777 60 28 wie
1722 1776 77 29 einst
1822 1776 75 28 über
1921 1775 59 29 den

1088 1828 96 31 einen,
1204 1826 54 29 der
1277 1826 46 29 ihr
1344 1826 58 29 den
1421 1826 247 33 Jungfernkranz
1687 1826 88 30 stahl.

1143 1877 51 29 Sie
1220 1877 91 29 küßte
1337 1877 59 29 den
1421 1877 116 33 Buben,
1563 1877 160 29 trocknete
1749 1877 61 28 ihm
1836 1877 56 28 das
1919 1876 40 29 Ge-

1088 1927 86 33 sicht,
1199 1927 94 29 strich
1319 1927 61 28 ihm
1406 1927 54 30 das
1486 1927 84 29 Haar
1596 1927 75 32 glatt
1706 1927 61 28 und
1803 1926 49 29 die
1886 1926 94 29 tiefen

1086 1977 250 32 Kummerfalten.
1382 1978 157 33 Sorgsam,
1567 1977 217 30 mädchenhaft
1812 1977 60 29 und
1900 1985 80 24 ganz

1088 2028 135 28 sinnlich.
1263 2028 150 28 Immerzu
1434 2028 60 28 und
1516 2028 135 34 stetiger,
1672 2027 139 33 heftiger.

1145 2078 88 32 Antje
1255 2080 104 30 wagte
1383 2079 77 28 auch
1483 2079 90 33 nicht,
1598 2079 69 28 dem
1690 2078 121 32 Jungen
1834 2078 56 29 das
1912 2077 69 29 Bild

1087 2128 117 29 wieder
1224 2129 214 28 abzufordern.
1476 2128 106 29 Etwas
1600 2128 191 29 Feindliches
1809 2128 51 32 lag
1878 2127 85 30 schat-

1085 2178 117 29 tenhaft
1224 2178 74 29 über
1321 2179 117 28 seinem
1462 2178 134 29 Gesicht.
1638 2177 39 29 Er
1700 2177 100 33 fragte
1824 2178 47 29 nie
1894 2176 86 31 mehr

1088 2229 78 28 nach
1185 2229 70 29 dem
1273 2228 136 30 schönen
1426 2228 132 30 blanken
1577 2228 100 30 Stern.
1714 2228 81 29 Aber
1815 2230 44 28 sie
1878 2228 103 29 wollte

1087 2279 82 29 nicht
1192 2280 123 28 wissen.
1357 2279 105 29 Nichts
1487 2281 124 32 wissen,
1635 2279 98 29 nichts
1757 2279 105 29 sehen.

1143 2329 47 29 Da
1218 2329 127 30 Fredrik
1372 2329 117 30 wieder
1518 2329 151 35 aufstand,
1697 2329 136 33 vergrub
1863 2338 32 20 er
1925 2329 55 29 das

1088 2379 148 30 Bildchen
1262 2379 115 30 schnell
1411 2381 29 28 in
1476 2380 54 29 der
1556 2379 195 33 Lehmgrube
1786 2381 89 28 unter
1912 2379 70 29 dem

1089 2430 88 30 Ofen.
1219 2430 88 29 Denn
1331 2439 33 21 er
1387 2430 85 30 hatte
1495 2430 107 35 Angst,
1627 2430 58 29 daß
1709 2430 61 28 ihm
1794 2430 48 29 die
1865 2429 116 30 Mutter

1088 2481 55 29 das
1167 2480 115 30 schöne
1304 2480 80 33 Ding
1406 2481 117 29 wieder
1548 2480 171 30 abnehmen
1742 2480 123 30 könnte.

1144 2531 128 29 Fredrik
1299 2531 85 29 hatte
1410 2540 61 20 nun
1500 2532 66 28 eine
1592 2531 220 32 verkrüppelte
1840 2530 142 30 Schulter

1088 2581 61 29 und
1171 2581 103 29 mußte
1297 2581 64 30 sich
1384 2581 52 29 auf
1458 2583 88 28 einen
1569 2581 95 30 Stock
1686 2583 131 28 stützen.

1145 2632 82 29 Aber
1250 2632 54 28 der
1326 2631 122 34 Steiger
1469 2632 144 35 Verwen,
1637 2632 53 29 der
1714 2633 48 27 ein
1784 2630 120 30 Bruder
1927 2631 54 29 der

1089 2682 89 32 Antje
1196 2690 76 26 war,
1291 2683 126 28 meinte:
1457 2682 67 35 och,
1543 2682 67 35 och,
1629 2682 47 29 ich
1695 2676 110 35 werde'
1823 2681 58 29 den
1901 2681 61 29 Ben-

1088 2733 49 32 gel
1157 2733 96 29 schon
1272 2733 195 29 mitnehmen.
1506 2733 39 29 Er
1565 2733 82 29 kann
1666 2733 29 28 in
1716 2732 130 29 meinem
1867 2731 113 34 Revier

1088 2783 207 32 Pferdejunge
1320 2783 137 29 werden.
1502 2783 48 30 Da
1575 2783 142 30 verdient
1744 2791 33 20 er
1804 2783 84 28 seine
1914 2783 67 28 vier

1091 2833 119 29 Gulden
1229 2834 48 28 die
1297 2833 127 30 Woche.

1145 2883 89 33 Antje
1259 2883 69 29 fuhr
1352 2884 73 29 wild
1453 2884 51 29 auf
1530 2884 62 29 und
1627 2883 111 30 verbat
1775 2882 65 30 sich
1878 2882 104 30 solche

1089 2933 115 35 Reden.
1241 2933 179 35 „Jungchen
1437 2934 55 30 soll
1507 2935 49 29 nie
1573 2934 61 28 und
1650 2935 128 27 nimmer
1794 2941 55 21 zur
1869 2932 113 30 Grube.

1089 2984 39 29 Er
1148 2984 79 29 wird
1248 2983 172 34 überhaupt
1439 2985 82 28 nicht
1543 2984 138 29 arbeiten

1146 3034 64 29 Das
1227 3036 87 31 sagte
1329 3035 44 28 sie
1391 3035 77 28 auch
1484 3035 71 28 dem
1571 3034 134 34 Pfarrer,
1722 3033 44 29 als
1783 3033 128 29 Fredrik
1928 3041 54 20 zur

1090 3084 203 31 Kommunion
1317 3086 81 31 ging.
1443 3085 56 29 Die
1525 3084 223 33 Spitalweiber,
1775 3083 49 29 die
1850 3084 78 29 auch
1953 3085 30 27 in

1091 3135 53 29 der
1170 3134 111 32 Kirche
1305 3143 117 26 waren,
1447 3135 97 29 sahen
1569 3135 59 29 den
1652 3133 120 33 Jungen
1796 3133 101 30 fremd
1921 3133 61 29 wie

1092 3186 87 28 einen
1203 3185 97 29 Toten
1324 3194 38 19 an
1385 3185 61 29 und
1470 3185 220 32 bekreuzigten
1714 3183 75 30 sich.

1147 3235 43 28 Im
1213 3235 212 33 Spätsommer
1451 3236 70 28 kam
1546 3236 54 29 der
1625 3234 94 33 große
1743 3234 133 33 Auszug.
1920 3234 63 29 Der

1091 3284 89 31 Staat
1199 3285 84 30 hatte
1305 3286 55 29 das
1380 3286 77 29 Dorf
1478 3286 208 33 geschlossen.
1725 3284 57 29 Am
1803 3285 181 32 jenseitigen

1091 3335 73 29 Ufer
1185 3344 66 20 war
1273 3336 203 30 unterdessen
1497 3338 66 28 eine
1583 3344 78 21 neue
1681 3335 127 31 Kolonie
1829 3335 153 29 errichtet.

1091 3385 48 29 Da
1158 3394 67 21 war
1248 3387 47 28 die
1316 3386 81 29 Erde
1419 3387 79 29 noch
1519 3386 82 30 nicht
1624 3385 179 33 angebohrt.
1843 3384 69 30 Und
1935 3385 48 29 die

1092 3434 116 31 Bäume
1234 3437 130 28 standen
1389 3439 78 30 grün
1493 3437 61 28 und
1579 3436 92 33 saftig
1695 3436 30 28 in
1751 3435 59 29 den
1835 3435 148 30 Blättern.

1149 3485 64 30 Das
1246 3487 59 29 alte
1338 3487 78 29 Dorf
1449 3487 56 30 soll
1538 3487 275 32 niedergesprengt
1847 3485 138 29 werden.

1091 3534 68 30 Von
1175 3536 54 28 der
1248 3537 207 32 Genietruppe
1472 3538 84 28 hatte
1574 3545 71 21 man
1660 3536 142 33 zwanzig
1817 3535 95 30 Mann
1930 3544 36 24 ge-

1093 3585 99 34 sandt,
1215 3586 47 29 die
1284 3587 102 32 legten
1408 3588 116 28 überall
1547 3586 259 34 Sprengschüsse,
1830 3586 48 29 die
1902 3586 66 29 elen-

1094 3635 59 29 den
1177 3635 114 30 Hütten
1317 3637 69 29 dem
1411 3637 108 30 Boden
1545 3637 98 33 gleich
1669 3645 38 20 zu
1732 3636 139 31 machen.
1915 3636 69 29 Und

1094 3685 51 29 auf
1168 3686 59 28 den
1250 3686 221 33 abgesperrten
1496 3688 120 29 Gassen
1639 3686 130 30 standen
1791 3686 116 30 Posten
1930 3688 55 28 mit

1093 3735 181 33 geladenem
1302 3736 143 35 Gewehr,
1472 3738 94 29 damit
1592 3736 141 30 niemand
1759 3736 87 30 mehr
1872 3738 30 28 in
1928 3737 56 30 das

1093 3785 78 29 Dorf
1191 3786 221 31 zurückkehre.

1149 3835 88 32 Antje
1253 3836 83 29 hatte
1351 3838 48 28 ein
1415 3837 131 30 schönes
1561 3837 242 32 weißgekalktes
1819 3836 165 31 Häuschen

1093 3885 194 30 bekommen.
1324 3886 127 30 Fredrik
1469 3887 62 30 half
1550 3887 46 29 ihr
1613 3886 126 30 wacker
1758 3886 82 30 beim
1859 3887 108 30 Einräu-

1094 3943 70 21 men
1189 3935 53 29 der
1267 3935 130 31 Sachen.
1441 3937 148 30 Plötzlich
1613 3937 152 29 vermißte
1790 3937 89 32 Antje
1904 3938 81 28 zwei

2055 134 209 33 Speckseiten.
2313 132 45 29 Dä
2387 130 49 30 fiel
2464 132 44 28 ihr
2547 133 55 32 ein,
2641 132 58 28 daß
2737 132 44 28 sie
2819 130 48 30 die
2903 131 40 27 im

2057 184 198 29 Schornstein
2276 182 82 28 hatte
2379 182 119 31 hängen
2517 182 110 28 lassen.

2111 241 68 29 Und
2207 240 126 29 Fredrik
2361 238 84 30 Hatte
2473 240 64 28 sein
2565 240 145 28 Bildchen
2749 241 87 26 unter
2875 238 69 28 dem

2055 292 80 29 Ofen
2151 290 151 33 gelassen.
2338 290 38 28 Er
2394 290 59 31 gab
2471 290 64 28 sich
2553 290 73 28 aber
2644 290 81 28 nicht
2742 288 78 29 bloß.
2859 288 85 31 Antje

2057 343 159 31 jammerte
2240 349 49 19 um
2311 340 59 28 den
2392 340 136 28 schönen
2551 339 109 32 Speck.

2300 404 87 30 sagte
2415 400 146 29 Frederik
2600 407 78 24 ganz
2714 398 104 33 heftig,
2855 396 92 35 „heut

2056 455 116 33 Abend,
2199 462 92 20 wenn
2318 453 47 28 die
2393 451 146 29 Soldaten
2565 451 29 27 in
2622 449 52 28 der
2702 448 140 29 Schenke
2869 445 77 34 sind,

2057 507 88 28 holen
2166 505 56 27 wir
2245 504 59 28 den

2113 556 88 31 Antje
2217 554 103 28 wollte
2336 553 98 28 nichts
2450 551 103 28 davon
2568 551 123 31 wissen,
2707 549 60 27 wie
2783 548 70 28 sehr
2869 545 78 30 auch

2058 607 53 28 der
2133 605 123 29 Verlust
2278 605 54 28 des
2354 603 136 29 schönen
2513 600 118 33 Specks
2654 599 181 29 schmerzte.

2114 664 75 34 „Die
2203 662 80 29 Erde
2300 662 80 29 kann
2398 661 64 29 sich
2480 660 104 28 auftun
2601 658 60 29 und
2679 657 79 29 dann
2775 656 100 29 haben
2890 655 58 28 wir

2058 715 115 29 wieder
2199 713 54 29 das
2278 712 148 32 Unglück.
2469 709 85 34 Nein,
2579 710 81 27 nein-
2706 706 62 29 Laß
2794 714 70 20 man
2890 704 59 30 den

2226 763 63 29 Das
2309 765 88 30 sagte
2416 763 44 28 sie
2480 760 136 29 Fredrik.

2114 814 81 29 Aber
2214 813 137 34 Fredrik,
2370 812 54 28 der
2443 812 56 28 das
2518 809 68 29 Bild
2604 809 81 28 nicht
2704 808 114 28 missen
2836 805 113 33 wollte,

2059 866 100 31 quälte
2181 864 48 28 die
2249 862 114 30 Mutter
2384 864 156 26 immerzu.

2115 915 51 29 Sie
2187 913 140 29 fröstelte
2349 913 61 28 und
2432 911 121 33 fluchte,
2577 910 49 28 die
2648 908 108 29 Hände
2779 905 109 31 schlaff
2909 906 42 28 im

2059 965 110 30 Schoß.
2214 963 50 30 Sie
2291 963 110 28 dachte
2426 963 55 28 das
2507 961 117 28 wieder
2652 967 63 25 aus,
2742 958 55 28 das
2822 955 110 29 Furcht-

2059 1017 83 32 bare,
2170 1015 54 28 das
2253 1014 69 28 dem
2348 1013 88 32 jähen
2462 1011 139 32 Unglück
2628 1009 181 31 voranging.
2856 1004 95 34 Josef,

2059 1065 112 30 Maria!
2215 1064 64 29 Das
2302 1062 151 34 Unglück!

2116 1115 87 29 Doch
2230 1114 127 29 Fredrik
2384 1113 57 28 ließ
2469 1112 80 29 nicht
2577 1111 87 32 nach,
2693 1109 46 28 bis
2767 1108 48 28 die
2843 1107 109 28 harten

2059 1167 106 28 Linien
2184 1165 54 28 des
2259 1164 114 29 Zornes
2394 1165 28 26 in
2442 1163 96 27 ihrem
2559 1160 125 30 Gesicht
2702 1156 251 34 wegschmolzen

2060 1217 61 28 und
2144 1215 52 30 tief
2219 1214 130 29 wurden
2371 1215 60 27 wie
2454 1212 265 30 Madonnenzüge.

2115 1266 68 30 Und
2202 1266 44 28 als
2264 1274 33 20 es
2316 1264 107 29 Abend
2441 1270 77 26 war,
2536 1262 90 28 nahm
2645 1261 89 31 Antje
2753 1259 59 28 den
2831 1257 120 32 Jungen

2062 1318 59 28 und
2147 1318 44 28 sie
2215 1317 112 31 gingen
2352 1313 201 30 miteinander
2578 1312 116 28 hinaus.

2116 1367 51 30 Sie
2194 1367 159 31 holperten
2380 1362 199 33 schweigend
2608 1362 58 28 den
2694 1360 80 32 Weg
2801 1359 150 31 hinunter,

2060 1420 108 28 weiter
2188 1417 61 29 und
2267 1416 78 29 nach
2365 1416 69 28 dem
2452 1414 73 29 Fluß
2545 1413 58 29 hin.

2116 1469 56 28 Die
2201 1467 122 29 Brücke
2351 1465 181 29 schwankte
2561 1463 61 29 und
2651 1462 122 30 stöhnte
2801 1460 63 30 laut
2892 1457 61 30 wie

2062 1522 66 28 eine
2150 1517 250 35 Vergewaltigte,

2116 1572 68 31 Und
2211 1571 53 31 der
2291 1570 100 37 Stern,
2420 1570 58 31 den
2505 1569 88 35 Antje
2621 1571 116 33 suchte,
2763 1570 72 28 kam
2862 1567 90 30 nicht.

2061 1626 137 29 Schauer
2220 1621 144 32 rieselten
2385 1623 99 29 dahin,

2116 1675 104 30 Durch
2240 1675 59 29 den
2318 1670 118 40 dickeil,
2455 1676 109 32 trägen
2582 1674 99 29 Dunst
2700 1667 178 35 schaukelte
2897 1670 56 29 das

2059 1727 77 30 Dorf
2157 1728 104 29 heran.
2302 1726 54 29 Ein
2380 1726 180 32 armseliges
2581 1717 250 40 Äusgestoßenes
2854 1722 99 28 hinter

2060 1779 59 28 den
2144 1778 257 29 Schachttürmen
2428 1776 60 29 und
2515 1774 192 30 Erzmühlen.
2751 1773 63 29 Der
2841 1771 113 31 Schein

2060 1830 54 28 der
2133 1828 160 30 Hochöfen
2311 1828 50 33 lag
2380 1827 133 29 darüber
2531 1828 60 26 wie
2612 1826 66 28 eine
2697 1825 117 31 feurige
2833 1822 120 29 Wolke.

2116 1879 47 29 Da
2179 1879 137 29 flammte
2333 1878 55 29 das
2407 1878 78 28 hohe
2502 1877 99 29 weiße
2619 1875 109 33 Kreuz,
2747 1875 56 28 das
2821 1875 43 28 sie
2884 1873 70 28 dem

2060 1930 94 29 Israel
2187 1929 84 29 hatte
2304 1931 107 27 setzen
2443 1928 103 29 lassen
2579 1927 72 28 wild
2685 1925 51 29 auf
2769 1924 61 29 und
2862 1923 74 29 über-

2060 1981 202 29 schwemmte
2285 1979 57 29 alle
2366 1978 128 30 Gräber.

2116 2031 51 29 Sie
2185 2030 44 29 riß
2248 2030 59 28 den
2325 2030 120 31 Jungen
2464 2028 124 33 zurück,
2607 2028 103 28 wollte
2728 2026 50 29 ihn
2797 2025 157 29 hinbetten

2060 2089 39 21 an
2133 2081 47 29 die
2215 2080 101 29 offene
2349 2080 103 33 Brust,
2487 2079 113 28 daraus
2634 2077 106 29 sieben
2775 2075 178 30 Schwerter

2061 2133 142 27 starrten.

2117 2181 51 29 Sie
2186 2181 43 28 riß
2248 2181 58 28 den
2323 2180 121 32 Jungen
2462 2179 124 29 zurück.
2622 2178 106 29 Etwas
2746 2176 145 30 schnürte
2908 2175 45 29 ihr

2062 2232 47 29 die
2134 2231 95 32 Kehle
2254 2240 47 20 zu.
2346 2230 54 29 Ein
2425 2230 182 33 Blutschrei,
2633 2228 54 29 der
2713 2226 103 30 hinauf
2841 2225 114 30 wollte.

2118 2281 68 29 Und
2209 2284 44 27 sie
2277 2281 94 29 fühlte
2394 2282 85 28 seine
2502 2280 136 29 Abwehr
2662 2280 60 28 wie
2747 2279 66 28 eine
2838 2276 98 30 Schän-

2062 2332 82 33 dung
2161 2333 61 28 und
2240 2332 114 29 konnte
2373 2331 79 29 doch
2471 2331 82 29 nicht
2572 2330 48 29 die
2638 2337 156 25 mageren,
2812 2327 123 30 wehren-

2062 2383 59 30 den
2140 2383 108 29 Hände
2267 2382 111 29 halten.

2117 2433 52 29 Als
2193 2432 128 30 Fredrik
2346 2432 86 30 seine
2456 2431 93 29 Arme
2574 2430 105 30 locker
2702 2428 103 35 fühlte,
2830 2426 126 31 wandte

2062 2492 33 20 er
2117 2484 65 28 sich
2205 2483 48 32 jäh
2275 2491 51 20 um
2349 2482 61 29 und
2432 2482 109 31 hopste
2564 2482 60 28 wie
2647 2481 48 29 ein
2717 2478 238 34 Heupferdchen

2061 2533 112 29 davon.

2187 2592 67 21 war
2277 2583 89 33 Antje
2388 2582 91 29 wach
2501 2581 129 34 gerufen
2652 2581 62 28 und
2737 2580 56 30 sah
2816 2588 57 21 nur
2897 2578 59 30 den

2062 2634 169 33 stachligen
2247 2634 85 29 Zaun
2348 2642 58 21 vor
2424 2633 75 30 sicL.

2118 2684 127 30 Fredrik
2264 2686 144 31 zwängte
2426 2682 65 31 sich
2509 2681 157 34 hindurch,
2686 2680 194 30 schlenkerte
2899 2679 56 29 das

2062 2734 100 30 lahme
2180 2734 77 30 Bein
2276 2734 140 29 hinunter
2436 2733 61 29 und
2516 2733 90 29 stand
2626 2732 70 29 steif
2714 2733 30 27 in
2764 2731 70 29 dem
2854 2729 82 33 Abge-

2061 2787 141 27 zäunten.

2118 2835 88 32 Antje
2227 2835 55 30 sah
2302 2835 79 28 noch
2403 2835 64 28 sein
2488 2836 126 32 starres,
2634 2834 174 30 verstörtes
2830 2830 126 31 Gesicht

2062 2894 56 21 aus
2139 2886 69 28 dem
2229 2887 89 27 roten
2337 2884 96 30 Nebel
2454 2886 61 28 wie
2535 2886 89 28 einen
2644 2882 236 30 Totenschädel.

2118 2936 50 30 Sie
2182 2936 113 28 konnte
2312 2936 81 28 nicht
2409 2936 109 28 weiter
2535 2934 60 29 und
2611 2933 145 30 beschloß
2772 2942 37 20 zu
2825 2934 130 27 warten.

2118 2986 68 34 Rief
2205 2986 38 28 da
2261 2986 81 28 nicht
2360 2986 135 32 jemand:
2516 2985 149 29 Fredrik?
2791 2983 136 29 Fredrik.
2949 3004 6 6 .

2121 3036 73 29 Eine
2216 3035 73 30 Eule
2312 3036 128 29 huschte
2462 3036 63 29 laut
2547 3035 145 30 vorüber.

2118 3087 128 29 Fredrik
2261 3089 72 30 ging
2349 3087 82 29 nicht
2447 3089 104 26 zuerst
2565 3088 29 27 in
2610 3086 48 29 die
2673 3084 282 34 Räucherkammer

2064 3147 50 19 um
2137 3137 78 30 nach
2239 3137 70 29 dem
2333 3137 101 33 Speck
2459 3146 38 20 zu
2520 3137 128 32 fingern.
2691 3135 39 29 Er
2754 3135 112 28 tastete
2890 3133 66 29 sich

2064 3188 95 29 durch
2186 3188 59 28 den
2271 3187 70 31 Flur
2368 3190 30 26 in
2425 3188 55 29 das
2507 3185 258 32 Hinterstübchen
2793 3184 61 29 und
2883 3183 59 30 stol-

2064 3239 88 32 perte
2176 3237 76 30 über
2278 3238 89 29 einen
2391 3237 163 30 schweren
2578 3235 126 34 Balken,
2730 3235 54 29 der
2810 3242 63 21 von
2899 3234 58 29 den

2064 3288 139 29 fremden
2225 3288 148 29 Soldaten
2393 3288 83 28 wohl
2498 3288 69 27 dort
2588 3284 212 34 hingeworfen
2821 3284 97 29 ward.

2121 3338 127 30 Fredrik
2269 3338 95 30 erhob
2386 3338 64 30 sich
2471 3336 146 30 ächzend.

2119 3389 70 29 Blut
2206 3397 75 20 rann
2297 3389 75 29 über
2390 3389 65 28 sein
2473 3387 124 29 Gesicht
2614 3385 61 30 und
2692 3385 54 29 der
2763 3379 192 37 Totenvogel

2064 3439 101 30 schrie
2187 3439 130 30 stärker.

2119 3489 128 29 Fredrik
2266 3489 76 32 grub
2362 3489 53 28 mit
2434 3487 110 29 beiden
2561 3486 129 29 Händen
2708 3487 61 28 wie
2789 3486 48 29 ein
2855 3485 80 30 Maul-

2063 3540 81 28 wurf
2164 3540 58 28 den
2242 3539 95 29 Lehm
2356 3547 57 20 vor
2433 3538 70 28 dem
2523 3536 80 30 Ofen
2624 3536 59 30 auf.
2722 3536 66 30 Das
2808 3535 147 30 Bildchen

2064 3590 72 28 kam
2158 3589 78 29 noch
2259 3591 108 27 immer
2389 3587 91 29 nicht.

2119 3639 148 30 Plötzlich
2287 3639 93 28 fühlte
2401 3646 33 21 er
2456 3638 87 28 einen
2564 3637 109 29 harten
2694 3637 118 29 runden
2834 3636 101 33 Gegen-

2064 3689 99 34 stand,
2187 3689 54 28 der
2266 3696 38 21 an
2329 3689 82 28 einer
2436 3686 120 30 Schnur
2580 3687 80 32 hing.
2703 3687 110 29 Dieses
2836 3686 119 30 fremde

2064 3739 80 32 Ding
2161 3738 121 30 machte
2300 3738 51 28 ihn
2368 3738 159 32 neugierig
2544 3738 119 29 zittern.

2119 3788 39 28 Er
2177 3789 103 28 mußte
2298 3788 55 28 das
2371 3787 180 33 Feuerzeug
2568 3788 155 32 schlagen.
2760 3787 63 29 Das
2841 3786 95 29 Feuer-

2064 3846 78 24 zeug
2166 3846 39 20 an
2229 3838 54 29 der
2307 3837 261 33 Sprengpatrone.

2119 3888 130 29 Schwer
2273 3888 87 28 rollte
2384 3888 54 28 der
2462 3887 125 30 Donner
2611 3888 76 29 über
2711 3888 56 28 das
2790 3888 65 28 tote
2876 3884 79 37 Porf

2064 3938 61 29 und
2145 3938 48 29 die
2213 3937 80 29 Erde
2314 3937 130 32 spaltete
2466 3938 65 29 sich
2553 3938 193 29 klafterweit.
