3053 4099
123 4003 31 23 30

117 135 125 58 Die
287 131 437 59 Sehwermut
771 129 119 57 des

117 221 372 63 Geniebers

123 332 118 31 Roman

123 407 66 29 Von
213 406 111 29 Arthur
349 405 161 28 Babillotte

831 478 177 27 Fortsetzung

179 532 55 27 Die
256 531 101 29 Sonne
380 532 78 30 stieg
479 530 60 28 und
562 530 59 32 gab
644 530 61 28 ihm
728 529 46 28 die
798 526 211 33 Empfindung,

126 581 57 28 daß
219 581 68 28 bald
326 581 52 28 der
413 579 188 32 Augenblick
640 580 38 28 da
717 580 65 27 sein
819 579 112 32 müsse,
971 576 38 28 da

122 633 44 26 sie
219 631 63 28 sich
334 638 38 20 zu
425 630 101 28 Asche
579 630 168 28 verbrannt
800 627 92 33 hätte,
948 625 61 29 und

122 680 64 28 dies
208 680 173 28 verstärkte
406 680 54 28 das
485 679 131 33 Grauen,
640 680 28 27 in
691 679 55 27 das
768 677 50 28 ihn
841 677 53 28 das
919 684 72 20 revo-

120 729 148 29 lutionäre
290 729 136 28 Erlebnis
449 731 99 26 seiner
569 728 164 29 Phantasie
754 728 166 26 versetzte.
942 725 67 28 Und

120 780 28 27 in
168 779 52 28 der
238 778 115 29 Stunde
373 779 100 28 dieses
493 779 146 28 höchsten
658 777 139 28 Grauens
815 776 107 28 wurde
940 783 69 20 zum

124 829 164 29 erstenmal
308 830 46 27 ein
371 828 136 29 Wunsch
525 830 27 26 in
571 828 59 31 ihm
647 835 82 25 rege,
748 826 53 29 der
820 826 50 28 ihn
888 826 29 28 in
935 824 57 29 wol-

120 879 141 31 lüstigem
281 877 177 30 Schrecken
479 880 142 26 erzittern
640 876 66 29 ließ.
746 875 55 29 Mit
819 876 73 27 weit
914 874 80 32 geöff-

121 931 90 26 neten
235 928 106 32 Augen
363 929 110 27 blickte
498 936 31 19 er
552 929 28 26 in
605 926 46 28 die
675 924 200 34 Landschaft;
901 925 110 28 soweit

122 978 44 29 als
189 978 130 32 möglich
343 978 113 28 öffnete
479 986 31 20 er
534 977 47 27 die
604 976 115 33 Augen,
745 984 50 20 um
817 976 47 27 die
888 974 123 29 reichen

122 1028 119 28 Farben
265 1028 50 27 auf
340 1027 107 29 einmal
471 1028 28 26 in
524 1026 63 28 sich
613 1025 181 28 aufnehmen
820 1033 38 20 zu
881 1025 130 28 können.

126 1080 90 30 Diese
246 1080 116 28 Farben
395 1080 106 28 kamen
532 1080 27 27 in
591 1078 119 29 solcher
740 1077 181 34 Ueberfülle,
954 1075 56 29 daß

126 1140 32 19 er
195 1132 141 27 darunter
374 1131 44 28 litt
454 1131 59 27 und
550 1127 80 31 nicht
667 1129 149 28 imstande
854 1135 75 27 war,
968 1127 42 27 sie

122 1181 30 26 in
171 1179 63 28 sich
254 1188 37 18 zu
309 1179 115 27 ordnen
444 1178 60 28 und
524 1178 43 28 ihr
588 1177 164 28 Harmonie
773 1185 37 19 zu
830 1176 108 32 geben.
956 1175 56 28 Die

124 1229 105 33 Angst,
249 1229 63 27 dies
334 1229 46 27 nie
400 1237 37 19 zu
456 1229 179 31 vermögen,
653 1227 127 31 solange
801 1235 31 19 er
853 1227 53 27 mit
925 1226 70 28 weit-

123 1278 120 29 offenen
269 1278 105 32 Augen
399 1279 29 26 in
456 1277 57 28 den
540 1277 65 32 Tag
632 1277 64 33 sah,
724 1277 83 28 diese
834 1276 96 31 Angst
955 1283 57 20 vor

123 1328 70 28 dem
211 1327 102 29 Chaos
331 1329 28 26 in
378 1327 71 33 sich,
468 1327 69 28 dem
556 1326 293 33 Unharmonischen,
866 1326 69 28 dem
954 1325 40 29 Ge-

127 1377 191 29 wöhnlichen
357 1376 105 33 preßte
501 1376 64 29 sich
604 1378 28 27 in
674 1376 69 28 dem
783 1374 231 30 aufzuckenden

122 1427 137 28 Wunsch
277 1435 190 20 zusammen:
488 1426 35 34 O,
542 1426 57 28 daß
616 1427 47 27 ich
680 1427 80 27 blind
778 1425 98 29 wäre!
895 1425 42 28 Im
957 1425 38 28 Zu-

124 1477 88 28 stand
232 1477 53 28 der
305 1476 158 33 Blindheit,
485 1476 53 29 des
559 1476 77 28 nach
656 1477 89 27 innen
764 1475 151 33 Blickens,
936 1475 78 28 ohne

126 1530 143 29 störende
298 1529 110 30 äußere
437 1529 157 36 Einflüsse,
623 1531 85 26 wäre
738 1537 31 20 es
799 1527 137 34 möglich,
968 1529 45 27 die

127 1580 171 29 Ueberfülle
332 1590 35 19 zu
399 1581 124 34 ordnen,
555 1581 28 28 in
614 1580 164 28 Harmonie
813 1588 35 20 zu
879 1579 136 32 bringen.

125 1628 74 28 War
219 1635 32 21 er
269 1628 90 33 blind,
376 1637 35 19 so
428 1628 80 28 lebte
527 1637 30 19 er
576 1628 100 28 fortan
692 1636 55 20 nur
767 1629 27 27 in
814 1628 100 28 seiner
935 1627 64 32 eige-

125 1687 58 20 nen
204 1678 90 33 Welt,
317 1679 77 27 ohne
418 1679 96 27 davor
538 1680 108 27 zittern
670 1687 37 19 zu
729 1680 132 31 müssen,
886 1677 57 28 daß
968 1677 48 28 die

124 1728 158 29 wirkliche
303 1728 82 29 Welt
404 1729 52 27 mit
477 1728 129 28 tausend
627 1728 165 28 störenden
813 1728 113 27 Armen
947 1727 52 28 Her-

127 1778 148 31 übergriff
305 1778 59 28 und
397 1778 82 28 seine
512 1777 131 29 Träume
675 1776 334 30 durcheinanderwarf.

126 1827 87 28 Dann
233 1828 117 31 quollen
373 1828 55 28 alle
449 1827 84 29 Töne
554 1828 62 28 rein
639 1836 54 20 aus
714 1828 114 28 seinem
850 1827 166 33 Innersten,

126 1886 106 19 waren
251 1877 80 28 nicht
348 1879 30 27 in
397 1877 123 33 Gefahr,
538 1877 63 30 sich
622 1879 53 27 mit
695 1877 115 28 andern
830 1877 115 34 Tönen,
965 1879 53 26 mit

126 1928 139 27 fremden
289 1928 73 27 oder
386 1928 223 32 gleichgiltigen
632 1936 37 19 zu
693 1928 203 33 vermischen,
921 1928 97 27 bevor

127 1981 46 28 sie
207 1982 64 27 eine
306 1982 113 33 eigene,
455 1980 252 29 unabänderliche
741 1980 276 32 Lebensäußerung

129 2037 181 23 gewannen.
338 2029 107 28 Dieser
466 2029 148 28 Gedanke
632 2029 109 28 zuckte
760 2029 28 27 in
809 2029 59 27 ihm
888 2028 59 34 auf,
964 2028 36 28 be-

129 2079 127 31 drängte
280 2079 49 28 ihn
351 2079 89 32 nicht,
465 2079 106 28 suchte
595 2079 49 27 ihn
668 2079 81 28 nicht
774 2078 51 28 auf
848 2079 52 27 der
926 2077 93 30 Stelle

128 2136 36 20 zu
190 2130 170 32 gewinnen,
386 2128 168 28 bestürmte
579 2129 49 27 ihn
653 2128 81 28 nicht
761 2129 52 27 mit
837 2127 163 29 Verführer-

127 2177 129 29 künsten
277 2201 57 5 ...
371 2178 38 28 Er
429 2178 90 31 klang
540 2178 50 28 auf
609 2178 59 28 und
687 2180 211 26 verstummte.
937 2177 79 28 Aber

128 2236 31 20 er
181 2228 90 32 klang
290 2236 34 20 so
346 2228 102 28 scharf
468 2229 59 27 und
549 2229 28 26 in
600 2229 96 27 einem
719 2236 34 20 so
774 2229 160 31 günstigen
957 2227 41 28 Au-

126 2277 140 32 genblick
297 2277 58 33 auf,
386 2278 57 28 daß
475 2286 31 20 er
538 2278 171 31 unmöglich
748 2277 79 29 ohne
867 2277 150 32 Wirkung

126 2327 119 29 bleiben
270 2328 121 28 konnte.
437 2328 38 28 Er
501 2336 65 20 war
591 2337 37 19 zu
653 2328 60 28 ihm
740 2328 191 33 gekommen,
957 2328 60 28 wie

127 2378 47 27 ein
195 2376 165 30 Verführer
384 2387 69 19 zum
473 2377 108 29 Weibe
605 2378 124 33 kommt,
753 2386 91 20 wenn
867 2387 32 19 es
923 2378 75 28 unbe-

126 2427 103 28 wußte
252 2427 155 29 Wünsche
430 2428 59 29 hat.

182 2493 38 28 Er
242 2493 103 29 schloß
367 2494 44 29 die.
451 2502 90 24 „ugen
564 2495 59 27 und
647 2495 111 28 blickte
781 2495 27 27 in
832 2495 64 28 sich
917 2495 99 28 hinein

127 2543 60 27 und
206 2543 116 32 vergaß
343 2544 47 28 die
395 2543 2 33 1
406 2544 156 32 tragische
581 2543 196 30 Landschaft.
797 2544 56 29 Die
873 2543 126 30 Erschüt-

128 2597 108 32 terung
271 2596 52 30 des
359 2597 252 33 aufspringenden
648 2598 59 28 und
744 2597 271 28 niedersinkenden

126 2643 172 29 Wunsches
316 2646 131 31 peinigte
465 2645 49 28 ihn
530 2645 135 29 und-ließ
684 2645 49 29 ihn
752 2647 64 27 sein
834 2645 95 29 Werk
945 2653 54 20 ver-

127 2701 111 24 gessen
257 2695 60 27 und
335 2694 170 30 offenbarte
524 2696 59 27 ihm
601 2704 34 20 so
655 2695 47 29 die
720 2692 131 32 Wollust
871 2696 53 27 der
943 2695 55 28 Hin-

126 2744 79 31 gabe
228 2752 38 19 an
289 2744 46 28 ein
357 2744 226 34 Unbekanntes,
606 2745 111 29 dessen
739 2745 115 29 Wesen
879 2754 31 20 er
935 2745 81 29 nicht

125 2792 91 35 faßte,
246 2794 110 28 dessen
386 2794 101 28 Größe
524 2795 59 28 und
622 2795 84 29 Tiefe
747 2804 31 20 er
818 2796 78 28 noch
935 2796 81 28 nicht

126 2843 121 28 kannte.
290 2843 38 28 Er
352 2843 83 29 hatte
460 2844 62 28 sich
547 2844 45 29 bis
618 2846 71 30 jetzt
715 2853 37 20 an
778 2845 55 29 das
856 2845 159 29 Bekannte

126 2893 199 34 hingegeben,
355 2894 55 28 das
439 2894 60 28 ihm
530 2895 47 28 die
608 2895 182 28 Geschichte
820 2895 195 34 vermittelte,

125 2943 60 27 und
212 2944 99 28 dieses
338 2943 158 29 Bekannte
522 2945 28 26 in
576 2945 82 28 seine
685 2944 54 29 Art
764 2945 157 28 übersetzt
955 2945 60 28 und

126 2992 50 28 auf
202 2993 82 29 diese
311 2993 105 29 Weise
442 2994 213 31 neugestaltet.
705 2994 40 29 So
771 2994 163 30 bedeutete
962 2996 53 27 der

127 3046 195 33 Augenblick,
343 3048 35 28 da
397 3056 32 20 er
447 3047 164 33 Angesicht
629 3057 36 19 zu
684 3047 165 33 Angesicht
868 3047 68 29 dem
954 3048 41 28 Un-

129 3095 171 29 bekannten
330 3097 284 33 gegenüberstehen
646 3097 111 33 mußte,
790 3098 45 28 ein
866 3097 147 31 Erlebnis,

130 3147 107 28 dessen
263 3148 253 34 Folgenschwere
545 3158 31 20 er
604 3148 99 29 ahnte.

181 3211 51 29 Als
253 3212 53 28 der
326 3212 79 29 Wirt
425 3213 182 34 heraustrat,
630 3222 49 20 um
700 3213 48 29 ihn
770 3222 69 19 zum
859 3213 96 29 Essen
977 3223 38 18 zu

126 3260 95 33 rufen,
242 3262 53 28 saß
316 3271 30 19 er
368 3264 28 26 in
419 3264 96 28 einem
537 3263 190 34 Rohrsessel,
749 3264 53 28 mit
823 3263 175 33 geschlosse-

125 3318 58 20 nen
202 3311 115 33 Augen,
338 3312 59 28 wie
420 3314 46 26 ein
488 3312 208 30 Schlafender.

181 3377 174 33 Redakteur
376 3378 80 28 Todt
475 3379 129 29 verhielt
626 3380 64 28 sich
712 3380 149 28 während
883 3379 53 29 des
959 3379 36 29 Es-

125 3435 70 20 sens
218 3427 214 33 schweigsam.
472 3427 90 30 Seine
585 3429 150 33 kräftigen
757 3429 256 32 Kauwerkzeuge

127 3476 167 30 arbeiteten
322 3479 59 27 wie
408 3477 189 30 Maschinen.
644 3479 103 32 Zogen
774 3479 47 29 die
849 3479 97 28 Beute
975 3486 38 20 an

126 3526 72 33 sich,
247 3528 199 27 zermalmten
476 3528 53 33 sie,
579 3528 188 33 schnappten
798 3529 77 28 nach
907 3537 102 20 neuer.

126 3575 66 28 Ihre
217 3576 218 33 Bewegungen
461 3586 107 20 waren
595 3578 99 32 knapp
720 3579 60 28 und
806 3579 203 28 entschieden,

126 3626 59 27 wie
223 3626 54 28 das
315 3634 96 24 ganze
439 3627 115 28 Wesen
583 3626 54 29 des
665 3627 138 30 Mannes.
850 3628 74 29 Wer
962 3628 48 28 ihn

126 3675 93 28 reden
239 3676 86 28 hörte
345 3677 59 28 und
425 3678 83 28 seine
529 3677 114 32 hastig-
664 3678 154 29 schroffen
837 3678 152 32 Bewegun-

125 3732 59 24 gen
214 3725 63 33 sah,
306 3725 112 29 konnte
448 3727 63 28 sich
544 3727 83 27 eines
666 3726 94 29 leisen
799 3727 207 33 Kältegefühls

126 3774 121 28 schwer
273 3775 168 30 erwehren.
486 3775 38 29 Er
552 3775 94 30 selbst
672 3776 112 34 wußte,
811 3777 57 28 daß
896 3777 29 28 in
953 3777 44 28 sei-

126 3831 69 20 nem
214 3823 115 29 Wesen
351 3827 96 27 etwas
469 3824 236 31 raubtierhaftes
726 3826 58 33 lag,
806 3826 61 28 und
891 3835 31 20 er
945 3834 66 20 war

126 3874 76 27 stolz
227 3873 119 33 darauf;
383 3883 31 19 er
439 3875 123 29 betonte
587 3875 67 32 jede
679 3874 179 33 Bewegung
883 3876 60 28 und
969 3877 27 30 je-

126 3923 54 28 des
203 3923 97 28 Wort.
340 3923 38 28 Er
400 3932 65 20 war
489 3925 53 28 der
564 3925 129 28 kälteste
715 3924 124 34 Realist,
863 3925 147 28 erkannte

1084 134 55 21 nur
1168 127 47 28 die
1243 125 105 29 Macht
1376 125 54 28 der
1458 125 112 28 Fäuste
1600 132 38 19 an
1667 123 59 28 und
1756 124 118 27 räumte
1905 122 68 28 dem

1085 176 85 28 Geist
1207 176 65 28 eine
1311 174 259 32 untergeordnete
1597 172 136 32 Stellung
1763 173 55 27 ein.
1865 171 90 29 Trotz-

1084 226 69 27 dem
1176 233 66 19 war
1267 233 31 20 er
1324 224 175 32 Redakteur
1524 221 178 33 geworden.

1139 301 37 2 —
1195 282 74 28 Man
1308 282 81 28 kann
1428 281 185 30 heutzutage
1653 278 81 30 nicht
1774 278 85 29 mehr
1902 278 73 28 alles

1085 332 95 28 durch
1199 331 105 29 Macht
1324 331 88 28 allein
1432 329 167 33 erreichen,
1620 331 87 29 sagte
1729 338 41 19 er.
1810 328 73 29 Man
1905 328 69 28 muß

1085 381 96 31 pfiffig
1209 382 64 28 sein
1302 380 60 28 und
1391 380 64 28 sich
1484 379 52 28 der
1567 378 225 33 Zeitströmung
1822 386 153 24 anpassen

1084 430 61 28 und
1174 431 72 28 alles
1275 430 172 28 Feindliche
1477 430 53 27 mit
1560 430 105 26 seinen
1695 428 127 32 eigenen
1852 427 123 29 Waffen

1084 480 155 32 schlagen.

1158 537 176 32 Redakteur
1365 536 80 28 Todt
1474 545 67 19 war
1573 535 150 34 Sozialist,
1755 536 105 33 bereit,
1891 537 83 27 seine

1085 586 286 32 Ueberzeugungen
1417 586 52 28 mit
1514 586 132 28 Fäusten
1692 594 38 19 zu
1775 586 198 31 verteidigen,

1086 645 90 20 wenn
1201 645 33 20 es
1258 638 106 26 nottat.
1408 635 38 28 Er
1469 644 66 19 war
1559 635 54 28 der
1637 634 164 34 Mächtige,
1825 644 57 19 vor
1908 635 69 28 dem

1086 686 64 28 sich
1180 686 47 28 die
1260 685 159 29 Genossen
1449 687 39 26 im
1526 693 118 24 ganzen
1684 684 111 29 Bezirk
1834 685 141 31 beugten.

1086 736 163 31 Anhänger
1274 735 60 28 und
1361 735 121 32 Gegner
1505 734 173 29 fürchteten
1701 735 49 27 ihn
1775 736 29 27 in
1829 734 148 32 gleichem

1086 785 71 28 Maß
1179 785 58 28 und
1255 786 121 32 gingen,
1395 786 110 27 soweit
1526 784 63 28 sich
1610 784 64 28 dies
1695 786 52 26 tun
1767 784 67 34 ließ,
1854 785 29 26 in
1903 785 56 26 wei-

1086 837 61 26 tem
1168 834 107 32 Bogen
1293 843 50 20 um
1364 835 58 28 ihn.
1461 834 38 29 Er
1521 834 83 28 hatte
1625 842 55 20 nur
1702 835 65 28 eine
1789 833 117 30 Stunde
1929 840 49 21 am

1087 884 73 34 Tag,
1189 886 27 26 in
1245 884 53 28 der
1327 892 70 20 man
1425 892 37 20 an
1491 884 49 28 ihn
1587 884 239 28 herankommen
1856 884 120 28 konnte,

1088 934 78 28 ohne
1190 933 179 29 befürchten
1393 943 37 19 zu
1453 936 134 31 müssen,
1610 941 62 20 von
1697 933 69 29 dem
1792 933 61 29 Gift
1878 934 100 28 seiner

1087 983 207 33 gefährlichen
1317 983 103 33 Zunge
1444 985 118 31 getötet
1585 992 37 19 zu
1647 983 137 28 werden.
1827 983 63 28 Das
1912 990 66 19 war

1089 1034 47 27 die
1162 1033 126 33 Stunde,
1316 1033 38 28 da
1382 1042 31 19 er
1441 1042 55 19 aus
1524 1033 69 28 dem
1620 1032 144 29 Zentrum
1792 1033 99 28 seiner
1920 1032 40 28 Ge-

1087 1082 199 35 fährlichkeit,
1315 1083 53 28 der
1397 1083 171 32 Redaktion
1596 1082 54 29 des
1912 1081 51 29 her-

1089 1133 152 29 auskroch
1264 1133 60 27 und
1347 1134 46 27 ein
1416 1133 129 28 Mensch
1568 1133 109 27 wurde
1700 1133 60 28 wie
1785 1132 47 29 die
1857 1131 121 29 andern.

1089 1182 32 28 In
1150 1182 100 29 dieser
1281 1182 116 29 Stunde
1428 1183 80 31 legte
1549 1191 32 20 er
1622 1182 58 29 den
1719 1181 120 29 Panzer
1880 1183 102 27 seines

1089 1232 116 28 rauhen
1230 1232 186 29 Uebermuts
1441 1233 37 28 ab
1503 1232 60 28 und
1589 1233 71 31 ging
1686 1231 218 29 unbewaffnet.
1950 1231 32 29 In

1090 1282 100 28 dieser
1213 1282 116 28 Stunde
1354 1282 159 29 sammelte
1538 1291 32 19 er
1594 1291 77 19 neue
1691 1281 115 34 Kräfte,
1832 1282 78 33 „ölte
1935 1281 47 28 die

1303 1333 59 27 wie
1391 1341 31 19 er
1452 1332 109 28 einmal
1589 1334 97 30 sagte.

1147 1389 83 29 Zwei
1256 1389 178 34 Menschen,
1472 1390 266 33 ungleichartiger,
1767 1390 44 29 als
1841 1390 53 28 der
1923 1389 40 33 Re-

1091 1439 128 29 dakteur
1244 1440 60 28 und
1331 1440 53 28 der
1410 1439 151 35 Künstler,
1589 1448 106 20 waren
1719 1440 82 28 nicht
1827 1440 90 28 leicht
1945 1448 37 20 zu

1091 1489 128 28 denken.
1264 1489 50 29 Sie
1339 1489 123 29 wußten
1490 1490 64 29 dies
1581 1490 76 28 auch
1684 1490 60 28 und
1770 1489 114 29 fühlten
1910 1489 73 33 sich,

1091 1539 108 29 sobald
1224 1540 44 28 sie
1293 1540 144 28 einander
1465 1540 176 33 erblickten,
1667 1548 54 20 aus
1747 1539 97 29 ihrem
1869 1539 115 29 Dasein

1092 1588 44 30 als
1162 1588 211 30 Einzelwesen
1397 1598 39 19 zu
1458 1588 179 35 Vertretern
1665 1590 82 28 einer
1775 1589 135 32 Gattung
1937 1597 31 20 er-

1091 1639 109 28 hoben.
1248 1638 50 29 Sie
1329 1639 157 31 kämpften
1516 1639 257 33 gegeneinander,
1814 1639 82 28 nicht
1937 1638 43 29 als

1091 1688 178 34 Menschen,
1305 1689 134 28 sondern
1476 1689 43 29 als
1554 1689 333 32 Weltanschauungen.
1934 1688 51 29 Sie

1091 1738 157 32 kämpften
1272 1739 228 29 rücksichtslos.
1543 1738 176 32 Redakteur
1744 1738 80 29 Todt
1848 1740 53 26 mit
1926 1739 44 28 sei-

1092 1797 58 19 nen
1171 1788 108 28 harten
1302 1788 339 34 Gewaltforderungen,
1662 1788 155 29 Johannes
1839 1789 53 28 mit
1916 1788 69 28 dem

1094 1837 95 29 Glanz
1226 1839 100 28 seiner
1363 1838 243 29 Töneüberfülle.
1653 1838 51 29 Sie
1742 1839 141 28 achteten
1921 1837 64 29 sich

1093 1889 200 32 gegenseitig,
1314 1888 69 28 weil
1408 1889 82 28 einer
1514 1889 38 27 im
1578 1888 115 29 andern
1718 1889 66 28 eine
1809 1888 104 28 Macht
1938 1896 32 19 er-

1094 1938 121 33 kannte,
1244 1938 47 28 die
1321 1938 112 28 ehrlich
1461 1939 131 31 vorging
1632 1938 60 28 und
1722 1940 53 27 mit
1802 1938 183 28 Ehrlichkeit

1093 1987 157 32 bekämpft
1279 1996 37 20 zu
1345 1988 127 28 werden
1500 1989 170 27 verdiente.
1718 1987 48 29 Ihr
1797 1990 98 26 erstes
1926 1988 40 28 Ge-

1094 2037 110 32 spräch
1231 2046 66 19 war
1324 2037 54 29 das
1404 2037 125 29 Vorbild
1556 2037 47 29 für
1630 2038 56 28 alle
1713 2039 124 31 spätem
1864 2046 101 24 gewor-

1095 2087 67 28 den.
1209 2086 93 29 Jeder
1330 2088 83 28 hatte
1444 2088 145 28 darunter
1620 2088 134 32 gelitten,
1784 2088 83 31 jeder
1898 2089 87 26 unter

1095 2136 53 28 der
1166 2135 132 33 Strenge
1319 2136 53 28 der
1392 2136 228 34 Forderungen,
1643 2136 47 29 die
1711 2136 53 29 der
1786 2136 114 29 andere
1922 2135 48 29 auf-

1095 2186 107 32 stellte,
1225 2187 150 31 gezittert.
1416 2186 82 29 Aber
1522 2187 83 31 jeder
1628 2194 67 21 war
1720 2187 43 28 als
1787 2186 107 32 Sieger
1918 2186 51 28 her-

1093 2244 231 25 vorgegangen,
1350 2236 78 29 ohne
1455 2236 64 29 sich
1548 2236 69 29 dem
1645 2236 122 32 Gegner
1794 2245 36 19 zu
1857 2236 128 32 beugen,

1149 2285 176 33 Redakteur
1354 2286 79 28 Todt
1460 2294 67 20 war
1556 2287 46 27 ein
1630 2285 138 34 Mensch,
1816 2286 53 28 der
1917 2293 68 21 zum

1093 2335 96 29 Volke
1208 2336 137 33 gehörte,
1367 2336 53 28 der
1441 2335 268 33 Ellbogenfreiheit
1730 2336 60 28 und
1810 2336 175 33 wirksame,

1093 2385 260 29 zweckdienliche
1380 2385 105 29 Arbeit
1510 2385 171 33 verlangte.
1727 2385 56 29 Die
1810 2394 97 23 ganze
1933 2385 36 28 Er-

1094 2435 168 32 scheinung
1284 2436 139 31 predigte
1448 2435 57 29 den
1528 2435 172 28 Charakter
1724 2436 101 28 dieses
1847 2435 139 29 Mannes.

1095 2484 58 28 Auf
1179 2485 69 28 dem
1275 2485 127 32 eckigen
1427 2484 79 33 Kopf
1532 2487 53 27 mit
1613 2485 53 28 der
1693 2485 146 29 niederen
1866 2493 100 21 zusam-

1093 2534 240 32 mengepreßten
1362 2534 83 30 Stirn
1494 2537 112 26 starrte
1645 2535 55 28 das
1728 2535 137 32 borstige
1894 2534 90 29 Haar,

1093 2592 61 20 von
1190 2585 142 31 wenigen
1371 2592 116 24 grauen
1525 2585 104 28 Fäden
1677 2585 210 32 durchzogen;
1938 2584 48 28 die

1093 2633 107 33 Augen
1222 2634 123 32 glühten
1366 2636 60 27 wie
1447 2634 180 30 verhaltene
1648 2634 165 34 Flammen,
1835 2634 150 28 fanatisch

1093 2684 60 28 und
1178 2684 175 32 gefährlich.
1396 2684 68 28 Und
1490 2685 48 28 die
1563 2684 92 29 breit-
1680 2684 61 28 und
1765 2684 220 32 starkgebaute

1092 2733 81 30 Nase
1197 2733 104 29 schien
1326 2742 55 20 nur
1408 2734 155 34 dazusein,
1590 2735 55 28 das
1671 2733 143 29 Brennen
1841 2733 53 29 der
1921 2733 48 29 bei-

1093 2784 58 27 den
1174 2783 107 32 Augen
1305 2784 202 28 auseinander
1531 2792 37 20 zu
1592 2784 111 33 halten,
1728 2783 94 29 damit
1847 2792 32 20 es
1904 2783 81 29 nicht

1092 2834 29 27 in
1150 2834 66 28 eine
1246 2835 116 30 einzige
1394 2834 79 33 Glut,
1514 2834 47 28 die
1591 2834 64 28 sich
1686 2833 95 29 selbst
1810 2833 172 29 verzehrte,

1092 2883 276 29 zusammensinke.
1417 2883 55 29 Die
1503 2884 92 28 Arme
1626 2883 164 28 mündeten
1831 2884 28 27 in
1890 2883 95 32 große

1091 2932 108 29 Hände
1216 2941 64 25 aus,
1301 2933 47 29 die
1366 2942 63 19 von
1449 2934 53 28 der
1520 2933 123 33 Wucht,
1662 2934 52 27 mit
1733 2933 53 28 der
1807 2932 176 33 Redakteur

1090 2982 80 29 Todt
1195 2984 29 27 in
1250 2982 366 33 Volksversammlungen
1643 2982 50 28 auf
1721 2983 48 28 die
1796 2982 188 33 Tischplatte

1091 3033 115 33 schlug,
1233 3032 126 30 formlos
1386 3034 170 30 geworden
1582 3032 153 30 schienen.
1783 3032 91 29 Seine
1902 3032 82 29 Füße

1090 3084 156 27 verrieten
1267 3082 325 33 Rücksichtslosigkeit
1613 3084 28 27 in
1663 3082 96 29 ihrem
1780 3082 109 29 harten
1910 3081 55 30 Auf-

1091 3134 108 32 treten,
1229 3134 84 27 seine
1343 3132 158 33 Zähigkeit
1531 3133 40 28 im
1611 3132 162 29 schweren
1801 3132 183 29 Feststehen

1092 3182 50 28 auf
1166 3182 54 28 der
1244 3182 89 34 Erde,
1357 3184 84 27 seine
1464 3182 234 31 Formlosigkeit
1723 3182 29 27 in
1777 3182 84 28 ihren
1887 3182 76 32 plum-

1090 3239 58 25 pen
1168 3232 114 28 Linien.

1147 3281 76 29 Vom
1254 3281 197 30 Sozialismus
1492 3282 165 29 erwartete
1695 3279 176 33 Redakteur
1904 3279 79 30 Todt

1091 3332 73 27 alles
1192 3331 66 28 Heil
1287 3332 53 28 der
1369 3331 143 33 Zukunft;
1563 3339 32 20 er
1623 3330 90 28 haßte
1752 3330 57 29 alle
1837 3330 143 29 Feinheit,

1090 3382 64 27 sein
1177 3380 73 30 Sinn
1273 3381 89 29 stand
1386 3381 77 29 nach
1487 3382 118 28 breiten
1629 3380 172 33 Gebärden,
1825 3380 79 29 nach
1928 3379 54 29 der

1091 3429 137 33 Sprache
1253 3431 60 28 und
1341 3431 58 28 den
1427 3431 153 29 Gesetzen
1607 3429 98 34 derer,
1743 3429 48 29 die
1827 3430 53 28 mit
1917 3427 49 30 auf-

1089 3481 192 28 trotzendem
1310 3480 280 31 Kraftbewußtsein
1622 3479 259 29 einherschreiten
1921 3478 61 29 und

1091 3529 47 29 die
1162 3529 194 30 Vornehmen
1381 3530 53 28 der
1460 3530 116 29 Geburt
1599 3528 61 28 und
1685 3528 55 29 des
1764 3529 122 29 Geistes
1910 3536 54 20 ver-

1090 3579 156 32 schlingen
1267 3580 120 28 wollen.
1427 3579 91 29 Seine
1540 3577 107 34 größte
1669 3577 155 33 Hoffnung
1844 3587 66 19 war
1933 3577 47 28 die

1089 3627 105 30 Macht
1219 3629 53 28 der
1300 3629 135 29 Massen.

1146 3700 62 6 ...
1229 3678 45 28 An
1299 3679 116 28 diesem
1439 3678 172 33 Augusttag
1635 3676 104 29 schien
1765 3677 69 28 dem
1858 3676 102 33 Redak-

1089 3729 66 26 teur
1188 3729 98 27 etwas
1316 3728 249 32 unangenehmes
1596 3725 207 29 widerfahren
1833 3735 38 19 zu
1903 3727 74 27 sein.

1089 3777 39 28 Er
1152 3777 143 32 bewegte
1319 3778 47 28 die
1390 3778 125 29 starken
1539 3775 255 32 Kauwerkzeuge
1818 3777 53 28 mit
1897 3776 82 28 einer

1089 3827 235 28 mechanischen
1347 3826 167 33 Emsigkeit
1536 3826 60 28 und
1622 3833 66 20 war
1711 3825 53 28 mit
1789 3827 104 27 seinen
1920 3824 40 29 Ge-

1090 3876 119 28 danken
1237 3884 54 23 gar
1321 3877 81 28 nicht
1432 3876 102 33 dabei;
1576 3884 31 20 er
1645 3874 123 28 fauchte
1807 3873 173 30 manchmal

1089 3925 95 29 durch
1208 3925 47 29 die
1278 3925 81 29 Nase
1382 3926 61 28 und
1467 3926 43 28 riß
1535 3925 80 28 dann
1637 3923 186 32 ungeduldig
1847 3932 38 20 an
1910 3923 69 29 dem

2051 126 181 29 schwarzen
2257 124 120 27 dünnen
2399 122 216 29 Schnurrbart.
2659 120 51 29 Als
2735 128 31 20 er
2791 120 64 28 sein
2881 118 43 28 Ge-

2051 175 136 33 genüber
2208 173 104 33 ansah,
2332 172 167 30 schnellten
2519 172 82 28 seine
2624 170 167 29 Gedanken
2813 177 54 20 aus
2887 167 59 29 der

2053 224 188 33 Gegenwart
2262 231 37 20 zu
2320 223 83 31 jener
2424 221 116 29 Stunde
2561 220 124 33 zurück,
2706 221 29 27 in
2756 218 53 28 der
2833 226 31 20 er
2886 216 58 29 das

2052 277 83 26 erste
2159 272 159 32 Gespräch
2343 272 53 28 mit
2422 271 69 28 dem
2516 270 141 31 Künstler
2693 268 121 33 geführt
2848 267 96 28 hatte.

2051 325 68 28 Wie
2147 325 66 26 eine
2238 322 247 31 Notwendigkeit
2510 318 128 30 überfiel
2663 320 50 27 ihn
2739 318 55 29 das
2820 317 125 33 Verlan,

2052 383 67 25 gen,
2138 381 100 24 genau
2257 372 142 28 dasselbe
2419 371 158 31 Gespräch
2596 370 78 28 noch
2693 369 108 29 einmal
2820 376 37 20 zu
2876 366 52 29 füh-

2053 433 63 25 ren,
2139 431 50 21 um
2213 423 64 28 sich
2300 430 34 21 so
2358 430 54 20 aus
2436 421 68 28 dem
2528 419 79 29 Zorn
2629 419 75 28 über
2729 419 55 28 das
2807 425 118 24 unange-

2053 475 109 28 nehme
2179 471 264 34 Morgenerlebnis
2461 479 37 20 zu
2514 470 136 28 befreien
2666 470 60 28 und
2744 477 76 20 neue
2838 466 108 33 Kräfte

2053 532 70 21 zum
2145 522 188 33 Zuschlagen
2355 530 37 20 zu
2414 520 157 30 sammeln.
2612 519 134 29 Deshalb
2767 519 121 32 begann
2911 525 35 21 er

2053 576 53 27 mit
2135 581 99 24 genau
2263 572 166 29 denselben
2458 571 138 33 Worten,
2634 571 60 27 wie
2733 569 126 33 damals,
2900 567 46 28 als

2054 625 104 27 hätten
2178 625 43 27 sie
2240 623 63 29 sich
2324 623 77 28 eben
2421 623 63 27 erst
2503 621 120 28 kennen
2643 619 118 33 gelernt
2780 619 60 28 und
2860 618 65 28 müß-

2055 677 50 27 ten
2128 674 65 29 ihre
2218 673 247 32 Anschauungen
2493 671 43 28 als
2565 670 175 31 Grundlage
2766 669 80 29 ihres
2872 667 58 30 wei-

2055 727 86 26 teren
2162 722 156 30 Verkehrs
2340 723 144 29 einander
2505 730 58 20 vor
2586 720 107 32 Augen
2714 719 117 29 führen.

2112 783 61 28 Der
2201 781 140 31 Künstler
2369 783 121 27 staunte
2518 779 81 29 nicht
2627 778 75 29 über
2731 778 47 28 die
2806 776 121 30 Wieder-

2056 833 86 28 kunft
2180 834 82 26 einer
2299 839 220 25 vergangenen
2566 830 61 28 und
2665 828 283 31 halbvergessenen

2057 882 125 30 Stunde.
2225 882 38 28 Er
2288 882 98 28 stellte
2412 881 97 29 sofort
2533 881 84 28 seine
2641 879 165 27 Phantasie
2830 875 119 31 hierauf

2056 933 124 33 zurück,
2205 932 102 30 indem
2332 940 33 22 er
2390 932 45 30 sie
2457 938 64 22 von
2546 929 78 30 allen
2649 928 170 31 seelischen
2845 927 92 29 Erleb-

2057 986 102 27 nissen
2184 983 137 34 befreite,
2345 983 48 29 die
2417 982 61 29 ihm
2504 981 47 30 die
2575 981 85 32 Tage
2684 979 189 28 inzwischen
2897 986 35 23 ge-

2058 1034 129 29 schenkt
2213 1034 113 28 hatten.
2372 1033 38 28 Er
2448 1032 143 32 empfand
2628 1030 117 29 wieder
2784 1028 166 30 denselben

2058 1084 157 33 Schmerz,
2239 1084 44 29 als
2308 1093 31 19 er
2365 1084 47 28 die
2437 1082 155 30 schroffen
2615 1081 109 29 Worte
2749 1080 54 28 des
2828 1079 103 33 Redak-

2058 1137 85 26 teurs
2170 1134 95 28 hören
2292 1134 60 28 und
2381 1134 83 28 seine
2492 1133 142 31 knappen
2664 1131 163 29 Gebärden
2857 1129 95 30 sehen

2059 1185 111 33 mußte,
2191 1185 60 28 und
2271 1185 128 28 lächelte
2418 1185 60 28 wie
2500 1183 117 28 damals
2638 1183 55 28 das
2713 1182 160 28 verzerrte
2893 1180 40 27 Lä-

2060 1235 87 29 cheln
2176 1235 53 28 des
2257 1234 249 33 Empfindlichen,
2535 1233 54 29 das
2619 1242 31 19 er
2680 1232 44 29 als
2752 1231 120 29 Panzer
2901 1238 51 20 um

2060 1286 64 29 sich
2161 1286 146 31 herlegte.
2362 1284 81 30 Jetzt
2478 1284 106 32 glitten
2620 1284 47 28 die
2703 1282 157 28 Flammen
2898 1281 54 28 der

2060 1335 262 34 Machtbegierde,
2345 1335 47 28 die
2416 1335 55 29 das
2493 1343 98 23 ganze
2613 1333 116 29 Wesen
2753 1333 53 28 des
2830 1331 104 33 Redak-

2060 1388 84 27 teurs
2161 1385 194 34 ausstrahlte,
2369 1394 62 19 von
2446 1385 53 28 der
2516 1384 238 32 Umpanzerung
2772 1383 54 28 des
2841 1382 96 31 Künst-

2060 1436 61 29 lers
2147 1436 46 29 ab.
2236 1435 38 29 Er
2298 1435 92 29 nahm
2415 1435 59 28 den
2498 1434 110 33 Kampf
2633 1434 59 33 auf,
2716 1434 61 28 fast
2801 1435 54 26 mit
2880 1432 57 29 den-

2062 1487 104 28 selben
2189 1486 130 28 Worten
2341 1487 60 27 wie
2425 1484 126 30 damals.

2118 1544 50 29 Sie
2195 1547 154 26 erwarten
2373 1552 73 20 vom
2471 1543 199 30 Sozialismus
2696 1543 55 28 das
2777 1541 97 29 Glück
2900 1541 54 28 der

2061 1594 140 34 Zukunft,
2218 1595 129 29 lächelte
2365 1603 41 20 er.
2443 1594 81 28 Aber
2542 1593 51 29 Sie
2610 1593 161 28 bedenken
2787 1592 90 33 nicht,
2897 1590 60 30 daß

2063 1646 53 28 der
2144 1645 198 29 Sozialismus
2369 1653 55 20 nur
2453 1645 66 28 eine
2545 1642 411 33 Uebergangserscheinung

2062 1704 76 25 war,
2159 1695 48 29 die
2226 1696 91 28 heute
2337 1695 114 29 bereits
2472 1695 84 28 stark
2576 1696 39 26 im
2636 1693 186 29 Schwinden
2842 1691 98 34 begrif-

2062 1745 50 30 fen
2129 1747 46 28 ist.
2212 1746 116 28 Einmal
2345 1754 67 19 war
2431 1745 198 29 Sozialismus
2648 1744 197 32 Revolution;
2865 1743 92 29 heute

2063 1799 38 26 ist
2119 1796 199 29 Sozialismus
2337 1804 55 20 nur
2410 1795 78 29 noch
2508 1795 134 33 Reform.
2661 1795 78 28 Dem
2758 1794 201 29 Sozialismus

2062 1846 75 29 fehlt
2159 1848 47 27 die
2229 1846 192 33 persönliche
2444 1845 87 35 Note,
2556 1855 31 19 er
2612 1846 38 28 ist
2673 1844 116 33 Chaos;
2814 1846 38 28 ist
2875 1843 83 29 nicht

2064 1898 112 28 zuletzt
2194 1896 112 34 Chaos,
2324 1898 70 28 weil
2412 1906 32 19 er
2464 1896 55 29 alle
2539 1896 168 28 Menschen
2726 1895 61 29 und
2806 1895 56 29 alle
2880 1894 59 29 Ver-

2064 1948 144 28 hältnisse
2234 1948 200 32 gleichhaben
2459 1947 71 29 will.

2119 2006 70 29 Wie
2217 2006 116 29 damals
2361 2006 184 29 berauschte
2574 2006 64 28 sich
2666 2006 53 28 der
2748 2004 142 32 Künstler
2920 2012 38 20 an

2066 2057 53 28 der
2147 2056 174 29 Paradoxie
2349 2058 101 27 seines
2478 2056 114 29 letzten
2620 2055 119 29 Satzes.
2786 2055 56 29 Die
2869 2053 71 33 Mög-

2064 2107 162 28 lichkeiten
2243 2109 83 26 eines
2342 2115 99 20 neuen
2457 2107 132 28 Werkes
2606 2107 119 31 stiegen
2740 2114 58 19 vor
2815 2105 60 28 ihm
2893 2103 63 34 auf;

2065 2156 157 32 Kolonnen
2248 2157 133 32 gleicher
2407 2156 105 31 Kräfte
2539 2156 222 29 marschierten
2788 2157 29 27 in
2843 2156 117 28 seinem

2067 2208 85 28 Geist
2177 2208 144 33 vorüber,
2348 2208 127 28 rückten
2502 2215 188 25 zusammen,
2718 2206 149 29 ordneten
2895 2205 65 29 sich

2066 2267 38 19 zu
2130 2258 141 33 Figuren,
2297 2258 128 29 suchten
2453 2258 47 28 die
2526 2258 115 28 höhere
2667 2257 179 28 Harmonie:
2876 2256 84 33 aber,

2067 2317 32 20 es
2120 2309 88 27 ward
2229 2310 76 27 stets
2326 2317 55 20 nur
2403 2308 113 29 Chaos.
2556 2308 38 28 Er
2617 2308 125 28 erbebte
2763 2316 57 20 vor
2843 2307 117 29 diesem

2067 2359 178 33 Gedanken,
2268 2361 112 27 starrte
2403 2359 49 28 ihn
2476 2358 98 29 hilflos
2598 2366 38 21 an
2659 2358 60 29 und
2742 2357 104 29 wußte
2869 2356 98 34 nicht,,

2067 2410 37 27 ob
2129 2418 31 19 er
2184 2409 75 32 groß
2282 2410 61 27 und
2367 2408 308 33 entwicklungsfähig
2697 2408 75 28 oder
2796 2406 164 31 lächerlich

2067 2460 59 28 und
2153 2460 79 28 ohne
2257 2459 182 32 Bedeutung
2464 2461 53 27 sei.
2562 2459 38 28 Er
2626 2458 57 29 ließ
2709 2458 64 29 sich
2807 2467 62 19 von
2905 2458 55 28 der

2067 2510 299 32 Gegensätzlichkeit
2386 2510 100 28 dieser
2504 2510 198 30 Verbindung
2721 2509 157 28 hinreißen
2898 2507 62 30 und

2065 2560 119 32 vergaß
2203 2561 57 28 den
2280 2561 213 33 Fanatischen,
2513 2560 53 29 der
2586 2568 56 20 vor
2662 2559 60 28 ihm
2741 2559 55 29 saß
2815 2559 60 28 imd
2895 2559 65 28 sich

2067 2620 54 19 zur
2145 2611 195 32 Gegenwehr
2364 2611 97 29 bereit
2484 2611 129 28 machte.

2123 2662 52 28 Als
2200 2662 50 28 ihn
2275 2662 73 28 aber
2373 2662 54 28 der
2453 2661 175 32 Redakteur
2654 2669 55 20 aus
2736 2660 53 28 der
2815 2660 146 28 Buntheit

2067 2712 54 28 der
2140 2707 177 34 Paradoxie'
2333 2712 116 28 wieder
2469 2712 29 27 in
2516 2711 58 29 den
2591 2710 130 29 Bereich
2740 2712 101 27 seiner
2860 2708 82 30 Nüch-

2064 2763 131 28 ternheit
2215 2771 68 25 zog,
2304 2762 90 28 nahm
2416 2770 31 20 er
2469 2762 58 28 den
2547 2761 110 32 Kampf
2677 2763 53 26 mit
2750 2769 100 20 neuen
2868 2759 72 32 Kräf-

2064 2815 50 26 ten
2133 2813 58 28 auf.
2227 2813 63 28 Das
2307 2813 98 28 Feuer
2422 2813 84 31 jenes
2524 2811 231 29 wunderlichen
2774 2811 166 29 Gedanken-

2063 2863 108 28 blitzes
2198 2864 83 27 hatte
2307 2864 105 27 seinen
2439 2862 110 29 Willen
2575 2862 141 32 gehärtet
2744 2862 61 28 und
2832 2862 50 28 ihn
2909 2861 48 29 für

2064 2914 47 28 die
2131 2913 148 29 nächsten
2298 2912 209 33 Augenblicke
2528 2922 37 19 zu
2587 2914 98 28 einem
2706 2912 128 30 Streiter
2855 2912 102 29 seiner

2062 2963 97 31 Kunst
2185 2963 152 33 gemacht.
2382 2963 38 28 Er
2446 2963 127 34 vergaß,
2600 2972 38 20 zu
2666 2971 81 21 wem
2775 2971 31 20 er
2835 2962 121 34 sprach,

2062 3013 92 30 fühlte
2173 3013 63 29 sich
2257 3013 43 30 als
2318 3013 285 33 Weltanschauung
2621 3014 60 28 und
2700 3013 136 32 kämpfte
2856 3020 100 25 gegen

2063 3065 66 27 eine
2145 3063 114 35 Macht,
2277 3064 47 28 die
2342 3064 49 28 ihn
2408 3064 81 29 nicht
2507 3065 196 28 anerkennen
2719 3064 112 28 wollte.

2118 3114 77 28 Vom
2215 3113 199 31 Sozialismus
2436 3116 38 28 ist
2495 3115 87 29 keine
2603 3114 106 31 Kultur
2731 3123 37 19 zu
2791 3115 164 32 erwarten,

2061 3164 82 28 wohl
2163 3164 73 29 aber
2255 3173 62 20 von
2337 3165 52 29 der
2409 3165 105 31 Kunst.
2552 3165 88 29 Nicht
2660 3165 47 28 die
2726 3163 97 32 Kunst
2842 3165 39 27 ist
2900 3163 37 29 ab-

2061 3214 112 33 hängig
2195 3224 63 20 von
2281 3215 53 29 der
2357 3215 115 34 Kultur,
2495 3215 134 29 sondern
2652 3213 191 33 umgekehrt.
2885 3213 69 29 Und

2060 3267 29 26 in
2107 3265 52 28 der
2175 3265 97 30 Kunst
2289 3267 38 28 ist
2345 3274 32 21 es
2393 3274 57 20 vor
2468 3266 88 28 allem
2574 3265 47 28 die
2638 3264 111 34 Musik,
2766 3264 47 29 die
2831 3264 106 29 Erlöse-

2060 3317 45 27 rin
2123 3316 66 29 sein
2206 3316 88 29 wird.
2332 3316 55 29 Die
2405 3315 111 34 Musik,
2533 3316 60 28 wie
2612 3315 47 29 ich
2678 3316 43 28 sie
2742 3315 28 27 in
2787 3316 56 27 mir
2862 3314 91 34 fühle,

2062 3366 47 28 die
2131 3366 48 29 ich
2201 3366 57 29 den
2279 3366 169 29 Menschen
2471 3367 107 31 zeigen
2599 3365 70 29 will.

2117 3416 176 33 Redakteur
2312 3417 79 28 Todt
2411 3424 58 24 zog
2489 3415 64 29 sich
2572 3417 29 27 in
2620 3415 64 29 sich
2704 3424 193 24 zusammen;
2920 3424 32 20 er

2059 3467 104 28 wollte
2178 3467 90 33 nicht,
2284 3467 57 28 daß
2358 3467 52 28 der
2425 3466 117 28 Einfluß
2558 3466 53 28 des
2626 3465 160 32 Künstlers
2803 3466 78 29 auch
2896 3474 56 20 nur

2061 3517 54 28 das
2137 3518 156 31 geringste
2315 3519 29 27 in
2365 3518 104 28 seinen
2492 3516 247 31 Anschauungen
2759 3515 193 30 verschiebe.

2059 3566 39 29 Er
2121 3567 122 29 machte
2266 3567 64 29 sich
2354 3566 81 34 taub,
2459 3575 31 19 er
2514 3566 112 34 wußte,
2650 3566 60 29 wie
2733 3565 219 33 überzeugend

2060 3617 47 28 die
2124 3617 128 29 Stimme
2271 3617 53 29 des
2341 3616 158 32 Künstlers
2516 3625 76 20 war.
2610 3615 52 30 Als
2681 3626 31 20 er
2732 3617 73 28 aber
2823 3616 128 33 merkte,

2060 3667 57 28 daß
2145 3667 53 28 der
2225 3667 122 32 Gegner
2375 3666 145 34 schwieg,
2557 3666 147 29 schnellte
2740 3676 32 19 er
2809 3665 142 34 plötzlich

2060 3725 104 24 empor
2201 3718 60 28 und
2297 3716 80 29 warf
2413 3716 64 29 sich
2514 3718 52 28 mit
2604 3717 181 32 polternden
2820 3716 130 28 Worten

2058 3767 74 29 über
2155 3768 58 28 ihn.

2114 3816 56 30 Mit
2187 3817 87 29 Ihren
2293 3817 165 28 Ansichten
2476 3817 129 29 werden
2623 3817 51 30 Sie
2693 3826 49 20 am
2759 3816 104 29 Leben
2881 3824 80 20 zer-.

2057 3867 147 29 schellen!
2241 3867 56 28 Die
2314 3867 66 28 sind
2396 3867 61 28 viel
2473 3876 38 19 zu
2528 3867 70 35 fein,
2615 3876 38 20 zu
2671 3866 174 34 ästhetisch,
2864 3866 86 29 diese

2057 3917 178 29 Ansichten!
2279 3916 74 29 Zum
2375 3916 106 30 Teufel
2505 3920 54 27 mit
2581 3918 53 28 der
2658 3916 170 30 Aesthetik!
2873 3916 78 28 Brot
