3525 4424
1779 145 61 51 50

314 276 70 51 Im
413 278 109 50 Dies
553 280 108 59 irae,
694 280 77 49 das
803 281 122 48 seine
957 281 348 51 erschütternde
1325 284 175 49 Gewalt
1522 282 220 68 jedesmal

191 356 89 51 wie
308 375 91 34 neu
430 358 221 61 bewährt,
684 362 189 50 wirkten
906 364 71 49 die
1009 365 189 49 Chöre
1231 366 258 66 prachtvoll.
1524 367 99 50 Von
1656 367 86 50 den

191 438 202 53 Solisten
436 444 198 48 reichten
672 444 70 49 die
772 446 180 50 Herren
983 447 101 49 Erl
1118 449 89 48 und
1239 449 283 64 Staudigl
1554 450 78 49 mit
1663 450 80 49 der

193 522 284 51 Stimmkraft
507 525 119 49 nicht
657 544 96 41 aus,
798 527 207 52 dennoch
1037 530 124 49 hätte
1193 549 99 32 man
1325 531 93 48 ihre
1448 532 295 66 Mitwirkung

193 604 122 49 wohl
345 606 233 64 allgemein
610 606 70 51 bei
719 609 81 52 der
832 612 388 66 Verherrlichung
1250 615 121 47 eines
1401 614 210 51 Meisters
1642 633 75 32 ver-

195 686 139 60 misst,
365 704 76 32 um
472 689 161 50 dessen
665 691 232 66 geistliche
930 695 90 50 und
1053 696 219 49 weltliche
1301 698 148 48 Musik
1481 698 62 48 sie
1574 698 142 67 (insbe-

192 767 193 50 sondere
416 770 296 70 Staudigl)
743 776 258 51 erhebliche
1026 779 271 49 Verdienste
1327 779 159 51 haben.
1528 781 112 50 Eine
1672 780 70 50 bei

191 849 110 49 aller
347 851 363 64 Rococo-Fagon
753 858 378 68 liebenswürdige
1162 861 331 50 Concert-Arie
1526 864 77 49 mit
1635 865 79 48 Vio-

164 959 5 9 •
193 931 196 52 lin-Solo
421 943 108 61 trug
559 939 153 49 Fräul.
743 941 271 68 Tietjens
1046 952 78 40 mit
1153 945 153 48 Herrn
1336 945 368 51 Hellmesber-

192 1030 102 49 ger
325 1015 105 50 sehr
459 1016 197 70 beifällig
686 1039 92 34 vor.
812 1025 122 48 Herr
964 1025 188 50 Dachs
1184 1026 157 67 spielte
1372 1026 128 51 einen
1531 1029 104 48 sehr
1665 1047 50 30 an-

190 1096 238 68 muthigen
461 1101 89 51 und
583 1104 179 49 reizend
794 1106 389 51 instrumentirten
1213 1109 292 50 Concertsatz
1538 1110 14 68 (
1561 1112 179 66 C-moll)

191 1179 44 49 in
267 1183 271 62 gewohnter
557 1185 227 51 zierlicher
800 1189 174 51 Weise.
1005 1192 117 48 Dass
1153 1192 78 48 das
1259 1190 173 51 Ciavier
1461 1194 57 48 im
1550 1212 192 48 grossen

191 1261 366 54 Redoutensaale
586 1268 159 49 keinen
776 1270 351 52 lebensfrischen
1156 1273 230 51 Eindruck
1418 1275 165 59 macht,
1625 1277 110 49 wird

191 1344 100 49 dem
338 1348 238 51 wackeren
620 1352 152 49 Herrn
826 1354 151 50 Dachs
1032 1355 218 51 Niemand
1303 1374 82 32 zur
1428 1359 109 48 Last
1593 1359 146 65 legen.

187 1427 244 50 Durchaus
461 1430 304 52 vollkommen
811 1452 95 33 war
946 1437 70 49 die
1047 1438 301 67 Exequirung
1390 1440 80 49 der
1509 1442 117 66 ewig
1665 1440 49 67 ju-

190 1509 265 65 gendlichen
503 1515 414 54 6?-mo//-Sinfonie.
1028 1520 289 50 Bekanntlich
1352 1522 106 66 ging
1489 1523 77 50 das
1598 1541 141 48 ganze

187 1592 331 52 test-Concert
560 1607 132 39 unter
724 1598 80 49 der
835 1602 315 66 persönlichen
1180 1604 197 66 Leitung
1421 1623 84 32 von
1547 1607 189 48 Franz

188 1673 173 51 Liszt
393 1693 77 32 vor
501 1678 106 51 sich.
639 1681 135 49 Seine
804 1701 55 30 zu
891 1684 170 50 diesem
1091 1687 193 48 Zwecke
1315 1705 100 31 vom
1448 1688 169 50 wiener
1648 1689 58 49 Ge-

191 1755 306 53 meinderathe
529 1762 273 51 veranlasste
833 1767 234 65 Berufung
1109 1768 78 48 hat
1227 1776 134 42 unter
1391 1769 85 50 den
1505 1769 233 51 Musikern

197 1838 92 48 und
319 1839 59 49 im
408 1842 237 51 Publicum
677 1862 51 32 so
759 1846 194 52 lebhafte
982 1848 320 52 Discussionen
1334 1852 258 60 veranlasst,
1636 1855 100 48 dass

186 1919 84 50 wir
300 1922 146 49 dieser
473 1926 164 66 Frage,
680 1945 51 31 so
764 1928 160 52 delicat
967 1932 63 48 sie
1072 1933 69 57 ist,
1185 1935 122 48 nicht
1338 1952 78 33 aus
1448 1936 102 48 dem
1584 1937 152 66 Wege

186 2003 148 66 gehen
366 2006 178 52 wollen.

308 2087 125 49 Alles
477 2091 118 49 wohl
637 2109 231 50 erwogen,
913 2112 94 33 was
1051 2098 91 49 sich
1189 2116 145 48 gegen
1380 2100 68 48 die
1477 2100 257 68 Einladung

181 2168 160 50 Liszt's
372 2172 211 51 ernstlich
615 2175 267 52 einwenden
912 2178 125 58 lässt,
1068 2181 116 48 kann
1216 2199 101 30 man
1349 2181 114 49 doch
1495 2183 238 65 eigentlich

186 2266 86 32 von
303 2251 66 48 ihr
400 2270 85 32 nur
515 2269 153 52 sagen,
700 2258 102 49 dass
832 2260 62 48 sie
924 2261 122 48 nicht
1077 2262 385 69 nothwendig
1503 2282 109 32 war.
1658 2266 73 48 Sie

182 2349 95 33 war
320 2335 91 49 lürs
441 2337 135 50 Erste
620 2338 121 51 nicht
784 2342 309 67 nothwendig,
1138 2346 98 47 weii
1280 2346 82 48 wir
1404 2346 42 48 in
1494 2349 137 49 Wien
1674 2366 56 31 an

184 2415 45 48 H
245 2431 23 32 e
281 2415 38 47 11
333 2434 43 30 m
390 2434 23 31 e
428 2435 21 32 s
465 2418 26 49 b
506 2436 23 31 e
541 2436 21 32 r
576 2437 28 49 g
618 2439 22 31 e
654 2439 37 39 r,
722 2422 193 59 Esser,
948 2426 217 50 Eckert
1190 2427 103 49 sehr
1317 2427 200 68 tüchtige
1542 2430 92 48 und
1656 2448 52 48 ge-

184 2496 167 51 bildete
367 2498 341 68 Capellmeister
732 2503 212 60 besitzen,
977 2506 143 53 denen
1146 2507 67 50 die
1237 2509 197 66 Leitung
1457 2511 119 48 eines
1604 2529 104 48 gros-

181 2596 77 32 sen
291 2580 263 61 Concertes,
587 2585 89 48 und
709 2586 199 51 vollends
940 2589 122 49 eines
1094 2608 86 31 nur
1209 2608 80 31 aus
1320 2592 230 51 Mozart
1580 2594 125 49 beste-

179 2662 192 60 henden,
417 2666 79 48 mit
539 2666 80 50 der
663 2670 221 49 höchsten
917 2672 295 68 Beruhigung
1251 2683 259 43 anvertraut
1541 2677 187 50 werden

181 2745 183 51 konnte.

303 2827 170 66 (Heber
512 2831 396 66 Stegmaver's
952 2836 217 50 treffliche
1199 2837 235 68 Schulung
1468 2839 80 49 der
1579 2840 151 51 Chöre

179 2910 124 48 hatte
324 2911 126 50 Liszt
473 2914 139 49 selbst
637 2916 308 66 Gelegenheit,
972 2920 90 50 sich
1085 2921 218 49 rühmend
1330 2924 396 67 auszusprechen.)

303 2995 114 48 Fürs
446 2998 173 48 Zweite
662 3000 122 48 steht
825 3001 158 50 Liszt's
1032 3003 323 49 künstlerische
1396 3004 328 52 Individualität

178 3091 59 31 zu
266 3076 225 50 Mozart
520 3079 42 48 in
593 3097 80 48 gar
698 3081 153 50 keiner
874 3085 296 65 organischen
1192 3085 274 66 Beziehung,
1498 3088 114 49 noch
1635 3107 60 31 we-

177 3156 137 65 niger
337 3159 41 47 in
409 3159 79 48 der
517 3160 255 60 factischen,
817 3165 100 48 dass
949 3166 123 49 Liszt
1118 3185 102 31 zum
1254 3168 348 50 Verständnisse
1632 3171 92 49 und

178 3257 81 30 zur
281 3241 305 69 Verbreitung
609 3246 213 50 Mozart's
854 3255 139 42 etwas
1026 3248 290 67 beigetragen
1349 3250 140 60 hätte,
1521 3252 83 49 wie
1634 3254 90 50 ihm

177 3323 94 48 dies
295 3323 41 48 in
360 3323 165 49 hohem
546 3326 148 50 Grade
713 3329 311 55 rückstchllich
1057 3333 33 48 B
1105 3349 24 31 e
1143 3351 24 29 e
1183 3340 15 41 t
1212 3333 25 48 h
1254 3351 25 30 o
1298 3351 22 31 v
1335 3351 24 31 e
1374 3338 41 44 n'
1428 3351 20 31 s
1479 3343 215 57 zugestan-

177 3405 85 47 den
295 3406 184 50 werden
510 3425 138 32 muss.
679 3410 82 49 Ein
794 3412 279 50 Beethoven-
1105 3415 111 49 oder
1245 3414 364 52 Schubert-Fest
1637 3436 85 31 von

174 3485 290 66 allgemeiner
492 3490 250 50 nationaler
774 3493 270 66 Bedeutung
1090 3499 121 45 wäre
1251 3497 42 49 in
1335 3497 80 49 der
1446 3498 118 49 That
1602 3499 120 51 nicht

174 3569 272 67 vollständig
475 3572 117 50 ohne
623 3574 68 50 die
723 3575 277 66 Gegenwart
1032 3578 171 49 Liszt's.

298 3653 67 48 Zu
397 3654 176 50 Mozart
604 3657 171 49 verhält
806 3658 90 48 sich
927 3659 120 48 Liszt
1081 3677 112 46 ganz
1225 3660 185 60 anders;
1441 3662 57 49 ist
1527 3678 48 33 er
1606 3663 113 50 doch

172 3734 346 67 Fahnenträger
562 3737 122 49 einer
728 3740 338 50 musicalischen
1098 3742 163 57 Partei,
1306 3744 171 47 welche
1505 3744 214 52 Mozart's

174 3817 370 68 Compositionen
590 3838 52 31 zu
689 3820 85 50 den
818 3822 285 67 abgelhanen
1145 3826 438 50 Ammen-Märchen
1626 3829 93 51 und

174 3898 620 53 Grossmutter-Schwächen
826 3904 131 59 wirft,
1001 3906 113 49 über
1155 3907 70 48 die
1264 3906 84 49 der
1388 3908 129 48 echte
1546 3911 174 66 Jünger

171 3980 193 51 Richard
385 3983 247 65 Wagner's
663 4002 87 32 nur
779 3987 115 48 noch
924 3988 171 50 lächeln
1126 3988 132 51 kann.

164 4066 200 63 Premier
380 4068 71 47 des
479 4069 315 64 compositeurs
1161 4080 128 57 sagte
1335 4090 84 33 uns
1463 4072 113 52 einst
1617 4076 98 49 eine

1839 285 238 51 Autorität
2109 286 147 51 dieser
2285 305 149 33 neuen
2467 291 310 67 Propaganda.
2811 295 122 48 Liszt
2966 296 75 50 hat
3070 295 213 69 übrigens
3316 317 79 31 vor

1841 369 207 66 wenigen
2079 370 157 70 Tag/m
2277 370 42 51 in
2361 371 145 51 einem
2550 374 188 66 eigenen
2770 376 219 54 Aulsalze
3020 380 69 48 für
3128 380 151 50 seinen
3312 390 81 57 gut

1838 450 330 51 Mozart'schen
2200 452 204 51 Glauben
2446 455 78 49 das
2558 458 142 49 Wort
2745 458 202 50 erhoben
2992 461 93 50 und
3128 463 69 48 die
3229 464 128 67 Oppo-

1838 532 131 49 sition
2001 534 161 49 darauf
2189 536 213 59 reducirt,
2435 536 102 51 dass
2570 557 101 31 man
2703 543 80 45 auf
2807 541 102 49 dem
2938 543 324 68 Standpunkte
3291 549 67 48 Mo-

1838 626 97 37 zart
1951 634 20 29 s
2016 618 122 48 nicht
2177 619 70 48 liir
2290 620 83 48 alle
2403 623 98 48 Zeit
2543 623 159 49 stehen
2746 623 175 50 bleiben
2954 630 168 55 müsse,
3168 645 225 53 wogegen

1838 696 90 50 sieh
1973 698 240 67 allerdings
2255 701 143 50 nichts
2441 704 264 51 einwenden
2737 705 122 50 lässt.
2918 708 346 52 Beethoven
3297 731 94 31 war

1837 797 62 39 es,
1931 779 80 49 der
2042 789 153 41 zuerst
2227 784 89 48 und
2350 785 269 51 wissentlich
2652 790 78 47 mit
2760 789 102 50 dem
2881 790 329 51 Mozart'schen
3241 794 149 50 Ideale

1837 861 152 60 brach,
2021 864 206 49 dennoch
2257 865 109 51 aber
2396 868 77 49 hat
2504 887 49 32 er
2584 878 113 42 stets
2727 872 80 49 mit
2838 872 256 52 liebevoller
3117 877 273 67 Verehrung

1837 962 54 31 an
1923 945 177 50 Mozart
2130 948 253 66 gehangen,
2413 967 82 33 aus
2529 952 103 50 dem
2664 971 48 31 er
2742 954 287 69 hervorging.

1964 1028 81 49 Als
2076 1029 78 50 das
2186 1032 311 50 Fest-Comite
2529 1035 122 50 Liszt
2683 1054 81 32 zur
2793 1037 232 52 Direction
3056 1039 165 61 einlud,
3264 1042 125 51 hatte

1837 1127 47 32 es
1914 1127 82 33 vor
2013 1112 150 49 Allem
2195 1114 119 47 wohl
2347 1115 85 49 den
2460 1118 225 60 Wunsch,
2717 1119 145 50 durch
2893 1120 97 51 eine
3022 1122 365 68 hervorragende

1835 1193 91 48 und
1954 1193 240 51 berühmte
2211 1197 355 52 Persönlichkeit
2589 1200 341 53 demConcerle
2954 1204 122 50 nicht
3092 1204 123 52 bloss
3236 1208 120 50 Tüch-

1834 1274 173 66 tigkeit,
2037 1277 195 49 sondern
2265 1280 113 49 auch
2402 1282 137 49 Glanz
2572 1301 55 32 zu
2658 1284 238 50 verleihen.
2925 1287 121 49 Dass
3064 1288 91 48 sich
3182 1289 76 50 mit
3282 1291 102 49 dem

1834 1357 179 49 Ruhme
2042 1358 162 49 Liszt's
2246 1359 97 51 kein
2385 1363 193 50 anderer
2618 1364 218 51 lebender
2864 1367 208 66 Dirigent
3102 1372 282 65 vergleichen

1834 1439 132 59 kann,
2008 1440 111 50 wird
2152 1460 100 31 man
2285 1443 132 50 kaum
2449 1444 309 70 bestreiten*).
2803 1449 62 49 Es
2897 1467 95 32 war
3023 1451 216 52 demnach
3268 1456 114 49 auch

1834 1522 79 49 mit
1932 1523 250 51 Sicherheit
2213 1543 161 33 voraus
2406 1547 53 31 zu
2492 1529 155 60 sehen,
2679 1531 101 50 dass
2801 1532 68 48 die
2891 1533 315 69 Erscheinung
3224 1538 158 50 Liszt's

1833 1604 259 51 hinreichen
2138 1609 170 59 würde,
2363 1617 68 43 ein
2477 1613 460 51 ausserordentliches
2981 1618 276 51 Zuströmen
3302 1621 79 49 des

1833 1687 262 49 Publicums
2125 1706 53 32 an
2211 1688 160 52 beiden
2399 1693 333 68 Concerltagen
2764 1715 52 30 zu
2846 1696 247 53 bewirken.
3125 1701 106 51 Wir
3255 1703 100 65 glau-

1834 1768 87 51 ben
1955 1771 148 58 kaum,
2147 1772 101 49 dass
2279 1774 146 51 ohne
2455 1778 123 49 Liszt
2609 1778 80 50 der
2718 1781 221 66 Andrang
2968 1782 70 48 ein
3069 1801 50 32 so
3146 1801 208 34 ausseror-

1832 1852 249 49 dentlicher
2110 1871 211 50 gewesen
2354 1861 306 48 wäre—eine
2680 1862 279 67 Erwägung,
2992 1866 169 49 welche
3194 1867 69 48 bei
3296 1868 80 50 der

1832 1936 324 66 wohlthätigen
2185 1938 251 70 Widmung
2467 1942 80 48 der
2577 1943 248 51 Einnahme
2855 1946 101 49 dem
2992 1947 177 51 Comite
3199 1951 181 67 wichtig

1832 2034 153 49 genug
2015 2020 92 48 sein
2139 2030 183 40 musste.

1954 2102 182 48 Mochte
2168 2121 89 31 nun
2290 2106 56 48 im
2380 2107 225 50 Schoosse
2637 2109 77 49 des
2747 2110 211 51 Comite's
2990 2112 70 49 lür
3089 2114 110 48 oder
3230 2133 146 33 cecen

3231 2157 85 24 Do

1828 2182 159 50 Liszt's
2016 2185 235 66 Berufung
2291 2190 115 47 noch
2449 2206 49 32 so
2542 2191 138 66 heftig
2724 2194 238 63 gestritten
2996 2195 182 49 werden
3293 2200 79 47 mit
3390 2232 11 5 -

1829 2262 100 51 dem
1961 2266 327 65 Augenblicke,
2318 2270 62 48 als
2412 2271 121 48 diese
2563 2274 233 66 Berufung
2827 2274 289 52 beschlossen
3147 2295 93 32 war
3283 2280 90 49 und

1829 2346 122 48 Liszt
1987 2349 120 48 seine
2140 2350 380 67 Bereitwilligkeit
2561 2355 169 49 erklärt
2761 2356 137 59 hatte,
2943 2359 66 47 ihr
3038 2359 144 66 Folge
3213 2379 53 30 zu
3297 2363 57 48 lei-

1830 2435 117 51 sten,
1979 2430 77 48 mit
2086 2430 167 51 diesem
2286 2434 311 66 Augenblicke
2628 2437 124 49 hätte
2775 2437 106 66 jede
2911 2440 355 69 scheelsüchtige
3286 2445 57 48 Re-

1835 2528 125 49 gung
1989 2511 255 67 schweigen
2277 2517 154 49 sollen.
2478 2519 139 57 Liszt,
2650 2520 78 48 der
2759 2521 68 49 die
2859 2523 254 67 Einladung
3144 2525 119 50 nicht
3295 2544 51 32 an-

1829 2595 206 65 gesucht,
2079 2597 193 49 sondern
2317 2600 66 48 ihr
2422 2601 78 49 mit
2531 2603 122 48 einer
2683 2603 202 52 seltenen
2919 2604 449 72 Uneigennützigkeit

1828 2675 118 49 ohne
1970 2676 106 66 jede
2111 2680 269 67 Vergütung
2407 2684 174 66 gefolgt
2613 2703 108 39 war,
2760 2686 140 59 Liszt,
2931 2688 81 48 der
3042 2689 69 49 die
3141 2691 202 50 mühevol-

1827 2757 71 50 len
1932 2759 178 51 Proben
2152 2763 77 47 mit
2271 2764 142 49 einem
2446 2766 122 49 Eifer
2609 2768 165 54 leitete,
2820 2770 162 48 dessen
3017 2771 237 51 Verdienst
3286 2792 86 32 nur

1827 2840 141 48 durch
2001 2841 68 49 die
2098 2844 372 51 Bescheidenheit
2502 2849 113 48 noch
2650 2849 252 51 überboten
2937 2853 171 58 wurde,
3155 2855 77 49 mit
3263 2857 79 48 wel-

1823 2923 106 48 cher
1959 2940 48 32 er
2039 2924 115 49 beim
2181 2926 356 52 Fest-Concerte
2561 2930 139 50 selbst
2731 2933 90 48 sich
2853 2951 49 31 so
2930 2952 112 48 ganz
3074 2935 40 50 in
3147 2937 85 49 den
3257 2939 84 50 Hin-

1822 3006 220 65 tergrund
2083 3008 163 59 stellte,
2289 3010 124 50 Liszt
2444 3011 126 51 hätte
2599 3031 100 31 vom
2730 3015 236 51 Momente
2996 3019 145 48 seines
3170 3020 173 50 Eintref-

1822 3088 93 48 fens
1947 3089 80 48 mit
2051 3089 131 66 jener
2213 3093 386 52 auszeichnenden
2632 3098 242 49 Rücksicht
2906 3098 243 52 behandelt
3180 3104 187 50 werden

1820 3170 155 50 sollen,
2009 3171 69 49 die
2105 3188 103 33 man
2232 3174 142 50 einem
2408 3193 51 33 so
2490 3177 313 53 bedeutenden
2838 3182 90 49 und
2959 3183 408 69 liebenswürdigen

1819 3252 140 49 Gaste
1990 3253 207 49 schuldet

1943 3335 115 49 Dass
2100 3335 92 50 dies
2234 3339 151 50 weder
2423 3358 86 32 von
2540 3343 154 49 Seiten
2728 3345 80 49 der
2840 3347 202 49 Musiker
3071 3348 116 50 noch
3221 3349 145 51 selbst

1816 3414 79 51 des
1924 3415 261 52 Publicums
2218 3420 39 50 in
2291 3422 99 49 dem
2423 3424 174 50 Maasse
2629 3428 210 64 geschah,
2871 3429 194 49 welches
3098 3431 152 49 wahre
3281 3432 55 49 Ur-

1815 3497 173 50 banität
2029 3516 49 33 so
2124 3518 108 47 gern
2276 3504 179 60 einhält,
2501 3507 55 48 ist
2597 3526 84 30 uns
2723 3509 106 49 sehr
2858 3509 404 54 bedauernswerth
3293 3532 47 32 er-

1815 3582 226 49 schienen.
2087 3583 121 51 Gern
2253 3586 154 50 hätten
2455 3591 80 47 wir
2577 3607 46 32 es
2665 3593 273 48 unerwähnt
2978 3594 221 65 gelassen,
3245 3597 114 51 doch

1815 3663 181 50 durften
2027 3666 82 48 wir
2138 3666 85 50 den
2244 3669 163 50 Anlass
2427 3672 120 48 nicht
2566 3677 282 56 versäumen,
2878 3690 145 52 gegen
3056 3677 128 49 einen
3216 3679 146 50 Pfahl-

1814 3747 315 51 Patriotismus
2173 3768 55 31 zu
2274 3754 288 64 protesliren,
2623 3756 160 49 dessen
2836 3757 526 56 Glaubensbekenntniss

1813 3827 204 51 offenbar
2048 3831 77 48 mit
2156 3831 101 50 dem
2286 3833 173 51 Artikel
2492 3834 201 66 beginnt,
2724 3838 102 50 dass
2859 3857 100 32 man
2991 3857 145 50 gegen
3166 3842 196 52 Fremde

1812 3911 181 66 unartig
2023 3913 92 48 sein
2147 3914 110 50 darf.

1879 4039 31 49 *)
1940 4039 96 41 Sind
2067 4041 102 40 denn
2203 4044 166 50 Spohr
2397 4047 80 36 und
2507 4047 303 41 Marschner
2839 4050 112 40 todt?
3000 4052 86 39 Und
3114 4055 71 39 auf
3208 4057 149 39 welche

1941 4102 93 41 Art
2063 4115 73 29 von
2167 4106 132 40 Ruhm
2323 4106 90 41 kam
2444 4119 39 28 es
2514 4109 103 39 denn
2648 4110 84 39 hier
2761 4111 207 51 eigentlich
3000 4115 78 38 an?
3127 4116 90 41 Die
3244 4118 115 40 Red.
