3230 4572
1065 424 182 52 Andre
1275 424 197 51 Suares
1526 442 21 23 *
1600 426 126 52 Don
1756 427 253 68 Quichote

2587 425 66 59 45

433 628 126 72 daß
579 660 143 39 man
741 629 88 69 sie
848 627 132 69 ihm
1004 624 230 85 anlegt.
1270 622 84 71 Er
1380 643 134 66 sagt
1540 627 175 69 nicht
1741 627 171 78 alles,
1942 657 121 39 was
2091 653 68 45 er
2184 657 189 53 sagen
2404 628 254 70 könnte.

434 723 117 70 Ein
586 722 209 79 Greis,
829 721 113 69 der
974 718 184 70 stirbt
1191 747 112 40 aus
1340 717 198 71 Liebe
1571 722 133 68 und
1738 719 339 80 Schmerz;
2126 749 68 40 er
2227 721 276 69 fürchtet
2536 722 123 68 den

432 817 222 69 Verrat
698 817 202 67 seiner
946 813 234 83 jungen
1232 811 183 71 Frau.
1483 811 222 71 Dieses
1752 813 187 70 wilde
1972 815 240 68 Drama
2254 816 170 67 einer
2457 812 169 72 Eifer-

433 909 184 69 sucht
661 906 268 72 enthüllt
974 903 132 73 sich
1155 905 63 67 in
1266 905 171 67 einer
1472 903 348 73 Schönheit
1854 906 109 69 des
2000 905 174 78 Stils,
2208 907 117 69 wie
2357 905 303 71 Visionen

433 1004 167 67 eines
636 999 315 70 Musikers
987 999 63 67 in
1084 997 115 69 der
1232 995 424 85 Symphonie:
1693 997 103 72 die
1822 997 358 72 Tatsachen
2216 1001 145 68 sind
2395 1028 124 41 nur
2551 1000 109 70 das

433 1094 244 70 Thema
724 1091 101 72 für
875 1091 103 69 die
1026 1090 399 83 Inspiration.
1507 1090 132 70 Das
1686 1094 80 67 ist
1812 1091 111 70 der
1971 1091 117 70 Stil
2136 1091 110 70 des
2288 1091 372 86 Velasquez,

437 1188 179 77 breit,
663 1184 363 78 unfehlbar;
1087 1183 103 70 die
1234 1183 337 70 seltensten
1623 1184 282 80 Valeurs,
1954 1187 99 67 ein
2102 1184 228 70 Talent
2381 1185 112 70 der
2542 1185 81 70 Be-

434 1278 361 84 leuchtung,
828 1277 122 70 daß
980 1277 103 68 die
1116 1276 315 69 härtesten
1460 1276 242 71 Details
1737 1277 310 85 aufgehen
2084 1281 87 70 im
2199 1277 261 71 Akkord
2491 1281 173 67 einer

433 1371 452 82 ausgesuchten
920 1370 379 69 Harmonie:
1348 1400 147 38 man
1530 1370 164 69 kann
1738 1371 223 71 keinen
1999 1371 278 71 feineren
2326 1373 135 69 und
2505 1386 127 57 stär-

434 1465 185 70 keren
655 1461 395 71 Geschmack
1084 1464 333 68 beweisen.

529 1555 151 70 Und
727 1555 256 71 niemals
1031 1556 157 69 wird
1235 1556 204 69 dieser
1486 1555 116 70 Stil
1651 1556 237 84 vulgär.
1953 1558 183 82 Jedes
2173 1558 282 71 einzelne
2483 1558 182 71 Wort

434 1649 240 69 kommt
716 1651 116 67 wie
877 1678 108 40 aus
1031 1649 147 69 dem
1224 1649 254 70 Munde
1522 1679 124 40 von
1690 1648 570 87 Grandseigneurs.
2329 1651 336 72 Zuschnitt

437 1743 133 67 und
600 1740 262 70 Allüren
895 1740 208 72 halten
1131 1743 125 69 den
1293 1743 304 71 höchsten
1634 1743 198 84 Rang.
1883 1743 194 70 Diese
2110 1744 185 70 Sätze
2329 1745 203 69 haben
2564 1745 102 69 die

435 1832 272 70 Freiheit
740 1833 225 84 großer
993 1833 401 80 Maitressen,
1442 1865 182 39 einen
1655 1834 179 84 Flug,
1876 1837 123 68 den
2027 1837 203 68 nichts
2259 1838 405 78 niederzieht,

433 1926 120 68 den
588 1926 203 70 nichts
825 1926 196 71 außer
1054 1927 190 70 Atem
1275 1927 235 85 bringt.
1575 1927 186 71 Noch
1808 1930 112 68 der
1966 1930 386 71 schwächste
2382 1928 141 87 Zug
2556 1932 109 69 des

435 2017 361 82 Cervantes,
833 2049 123 39 was
994 2020 408 71 Materialität
1436 2021 274 84 anlangt,
1759 2022 158 69 trifft
1952 2025 118 67 wie
2104 2026 99 66 ein
2240 2021 189 72 Pfeil:
2489 2052 65 41 er
2589 2026 77 69 ist

433 2110 298 83 beflügelt
764 2142 78 39 an
879 2113 121 69 den
1039 2113 229 69 Fersen
1304 2114 135 70 und
1468 2143 180 55 sogar
1680 2147 77 38 an
1794 2116 123 69 den
1954 2114 268 72 Hüften.

1479 2277 142 69 VII.

531 2390 155 69 Man
722 2390 157 71 muß
905 2422 245 50 wissen,
1180 2423 123 40 was
1331 2394 255 83 jemand
1610 2413 187 51 unter
1824 2394 198 70 Liebe
2046 2397 134 68 und
2210 2394 458 73 Freundschaft

433 2483 296 79 versteht,
771 2484 134 69 und
952 2514 145 40 man
1145 2484 193 70 kennt
1383 2487 112 71 ihn
1538 2514 112 41 zur
1699 2486 236 71 Hälfte.
2019 2488 126 70 Die
2178 2491 264 67 meisten
2489 2516 179 57 sogar

435 2574 162 69 noch
625 2576 207 70 mehr:
867 2577 170 71 denn
1064 2577 102 70 die
1186 2578 196 70 Liebe
1408 2582 78 66 ist
1514 2580 133 69 ihre
1665 2578 258 80 Fasson,
1952 2610 77 39 zu
2056 2581 244 79 wollen,
2329 2611 77 40 zu
2432 2583 235 82 siegen,

435 2667 145 71 dem
618 2667 264 71 Instinkt
918 2700 75 38 zu
1029 2671 227 70 dienen
1302 2674 134 68 und
1472 2674 106 69 ihn
1615 2704 78 38 zu
1727 2674 273 80 nähren;
2047 2675 102 67 die
2184 2672 482 84 Freundschaft,

439 2759 134 69 ihre
609 2757 422 74 Gewohnheit
1062 2795 80 39 zu
1175 2762 221 73 fühlen
1430 2768 134 67 und
1599 2766 192 69 deren
1825 2765 407 85 Verdauung.

532 2851 150 69 Don
717 2851 315 83 Quichote
1078 2856 107 69 hat
1230 2856 225 72 keinen
1492 2858 285 70 Freund:
1843 2859 138 70 weil
2029 2889 66 40 er
2145 2889 79 39 zu
2271 2861 249 83 würdig
2565 2863 101 78 ist,

439 2943 179 68 einen
665 2972 79 41 zu
794 2944 235 80 finden,
1073 2948 112 68 der
1232 2949 129 69 ihm
1403 2949 201 83 gleich
1639 2952 98 77 ist,
1770 2950 167 70 ohne
1968 2950 127 70 daß
2130 2980 64 42 er
2229 2954 100 68 ein
2362 2955 307 83 trauriger

435 3032 225 82 Achat,
712 3038 98 67 ein
863 3037 414 86 langweiliger
1328 3039 332 71 Fanatiker
1705 3056 183 57 wäre.
1971 3043 260 71 Sodann
2264 3048 79 67 ist
2379 3044 104 73 für
2517 3047 151 70 Don

438 3126 315 82 Quichote
797 3129 103 70 die
932 3129 197 72 Liebe
1172 3132 193 70 selbst
1413 3136 138 68 eine
1599 3133 479 84 Freundschaft,
2128 3138 541 73 leidenschaftlich

435 3222 134 67 und
603 3221 163 70 doch
802 3223 181 70 ideal.
1018 3223 145 70 Was
1199 3226 184 70 sollte
1417 3254 65 42 er
1516 3248 115 49 mit
1666 3259 203 39 einem
1900 3231 292 71 Freunde
2215 3232 336 87 anfangen,
2582 3262 85 52 er,

437 3314 111 69 der
581 3314 174 69 nicht
789 3316 227 70 einmal
1051 3319 139 68 eine
1224 3317 334 73 Maitresse
1590 3320 287 83 braucht,
1916 3354 112 43 um
2064 3325 110 71 das
2211 3325 253 72 Muster
2499 3328 169 69 eines

438 3406 385 73 Liebhabers
858 3439 79 40 zu
970 3411 131 69 sein
1119 3416 29 63 ?
1195 3409 194 74 Hätte
1424 3414 149 70 Don
1610 3414 319 82 Quichote
1962 3449 183 40 einen
2182 3419 256 71 Freund
2467 3423 202 68 seines

437 3498 266 86 Ranges,
733 3502 306 72 wahrhaft
1073 3503 378 85 ebenbürtig
1481 3507 133 69 ihm
1650 3540 63 38 in
1747 3509 111 70 der
1886 3509 200 83 Seele,
2123 3543 139 41 eine
2293 3513 213 84 Figur,
2537 3514 134 70 ihm

435 3594 440 85 gleichgeartet
935 3597 132 70 und
1124 3597 273 82 ähnlich,
1453 3599 379 89 Ergänzung
1888 3607 137 70 und
2081 3604 378 87 Gegensatz,
2520 3608 149 70 Don

435 3686 317 84 Quichote
801 3688 236 73 könnte
1088 3692 174 70 nicht
1310 3693 178 73 mehr
1535 3715 116 51 mit
1697 3698 328 83 gesenkter
2070 3700 211 71 Lanze
2325 3730 198 55 gegen
2569 3702 104 71 die

437 3778 456 75 Windmühlen
928 3782 234 73 laufen.
1195 3785 82 70 Er
1303 3787 218 70 würde
1556 3819 63 41 es
1656 3790 223 82 lassen,
1905 3791 367 73 Abenteuer
2301 3824 78 41 zu
2409 3795 262 70 suchen.

437 3872 133 72 Der
598 3874 257 73 Freund
885 3877 109 72 des
1030 3893 343 70 generösen
1401 3879 233 73 Ritters
1670 3883 235 73 könnte
1942 3916 120 41 nur
2097 3886 292 71 Sokrates
2424 3890 134 69 sein
2593 3918 79 41 zu
