3193 4572
1031 456 217 50 Eduard
1273 456 279 52 Bernstein
1591 475 19 22 +
1657 459 191 52 Völker
1872 477 66 34 zu
1965 462 186 52 Hause

2618 468 72 57 27

498 670 164 52 trotz
708 651 142 70 aller
899 651 188 69 üblen
1137 649 455 86 Erfahrungen,
1644 655 101 68 die
1793 657 89 68 sie
1929 659 116 66 mit
2093 657 198 74 ihrem
2338 660 351 75 Erwählten

501 744 260 77 machte,
794 773 77 39 an
907 744 104 70 ihn
1045 772 78 38 zu
1157 741 266 85 glauben
1457 743 291 82 fortfuhr,
1786 748 93 68 bis
1915 776 64 40 er
2012 749 98 68 ihr
2140 751 109 69 das
2277 750 412 76 Schändliche

498 854 188 60 antat,
722 836 105 68 das
861 836 101 68 die
987 833 418 83 Katastrophe
1437 835 445 73 herbeiführte.
1926 839 189 70 Denn
2141 843 103 67 die
2267 842 422 76 Wirklichkeit

499 957 124 40 war
666 928 63 66 in
770 927 230 70 diesem
1037 924 165 70 Falle
1247 928 287 79 tragisch,
1569 960 96 39 wo
1716 930 105 70 das
1868 930 336 72 Shawsche
2248 933 197 71 Stück
2501 941 156 81 tragi-

499 1017 276 68 komisch
822 1017 211 68 bleibt.
1082 1014 184 71 Wohl
1312 1019 169 69 starb
1524 1018 268 72 Edward
1835 1022 267 84 Aveling
2149 1027 105 75 „in
2301 1024 385 74 Schönheit“

497 1112 115 67 wie
640 1110 292 68 Dubedat
1070 1111 179 66 einen
1266 1108 168 80 Tod,
1462 1141 111 40 um
1603 1115 123 67 den
1752 1115 170 82 jeder
1948 1116 108 68 ihn
2084 1116 306 71 beneiden
2409 1121 277 70 möchte:

496 1200 107 70 auf
635 1202 141 68 dem
811 1200 364 71 Lehnsessel
1223 1202 85 68 im
1341 1201 474 74 Sonnenschein
1861 1209 77 67 ist
1971 1234 66 42 er
2083 1209 166 68 beim
2285 1210 202 70 Lesen
2521 1215 165 69 eines

496 1291 240 70 Buches
783 1290 100 68 für
915 1292 155 83 ewig
1103 1292 477 83 eingeschlafen.
1630 1296 170 70 Aber
1846 1327 63 40 er
1956 1297 332 72 hinterließ
2332 1303 173 68 nicht
2552 1306 134 68 eine

496 1381 180 78 Frau,
708 1384 101 67 die
842 1383 104 67 ihn
983 1383 177 82 lange
1192 1383 184 83 Jahre
1410 1388 113 67 mit
1548 1386 384 85 Hingebung
1965 1390 269 84 gepflegt
2268 1393 187 78 hatte,
2492 1395 193 70 damit

493 1503 86 38 sie
616 1474 184 77 „bald
827 1474 222 69 wieder
1084 1474 295 80 heirate“,
1418 1479 268 69 sondern
1721 1510 139 39 eine
1893 1480 189 71 frisch
2116 1505 358 60 angetraute
2502 1485 180 83 Frau,

492 1567 114 66 mit
637 1565 109 67 der
777 1592 83 50 er,
897 1565 198 69 durch
1129 1567 120 68 den
1285 1567 145 70 Tod
1465 1569 109 70 der
1608 1590 202 52 ersten
1847 1572 161 70 Frau
2055 1576 326 82 gesetzlich
2431 1577 254 71 Witwer

488 1656 347 80 geworden,
871 1657 202 68 hinter
1105 1658 142 69 dem
1278 1659 254 70 Rücken
1566 1663 111 68 der
1702 1662 263 71 Eleanor
1998 1696 136 38 eine
2161 1670 365 80 gesetzliche
2552 1670 132 72 Ehe

488 1747 413 83 eingegangen
929 1776 122 41 war
1180 1751 100 68 die
1307 1752 99 69 die
1429 1752 277 71 Tochter
1731 1785 121 40 von
1882 1755 152 71 Karl
2061 1757 186 70 Marx
2272 1790 144 42 zum
2444 1762 204 69 Selbst-

487 1837 177 68 mord
696 1840 179 67 trieb.

579 1927 179 80 „Wie
784 1935 231 80 traurig
1033 1962 125 40 war
1185 1963 186 41 unser
1392 1936 214 69 Leben
1633 1939 163 70 doch
1823 1940 169 69 diese
2017 1972 235 52 ganzen
2274 1943 182 82 Jahre
2483 1946 194 69 über“

581 2020 139 69 how
752 2023 109 67 sad
894 2023 106 71 has
1038 2023 104 70 hfe
1175 2024 156 70 been
1365 2026 77 69 all
1476 2028 175 70 these
1682 2059 172 53 years
1987 2063 68 38 so
2091 2033 226 70 lautete
2343 2037 106 67 das
2477 2037 202 78 Billet,

483 2112 108 67 das
626 2110 281 82 Eleanor,
959 2115 113 68 ehe
1117 2146 87 39 sie
1247 2118 107 67 das
1390 2117 141 71 Gift
1564 2122 209 77 nahm,
1821 2152 87 40 im
1942 2126 504 69 verschlossenen
2481 2128 166 70 Brief-

480 2204 322 82 umschlag
835 2204 103 70 für
962 2206 266 86 Aveling
1261 2212 379 79 zurückließ,
1677 2214 132 69 und
1834 2214 109 70 das
1970 2246 122 40 von
2126 2217 258 80 diesem,
2420 2220 85 69 als
2533 2251 142 40 man

480 2324 65 38 es
581 2294 128 69 ihm
736 2297 294 81 übergab,
1061 2300 404 85 gleichmütig
1490 2306 297 67 zerrissen
1813 2307 252 69 worden
2093 2322 179 66 wäre,
2309 2311 168 69 hätte
2503 2312 174 69 nicht

482 2385 108 69 der
624 2388 364 69 anwesende
1014 2390 254 72 Beamte
1301 2394 105 67 des
1437 2394 470 73 Leichenarztes
1942 2400 107 67 ihn
2083 2400 189 68 daran
2299 2402 377 73 verhindert.

480 2476 116 69 Ein
629 2481 297 80 trauriges
963 2481 215 70 Leben
1312 2515 120 39 von
1467 2487 220 69 dessen
1715 2487 555 88 Enttäuschungen
2305 2495 101 67 die
2439 2494 237 84 tapfere

479 2566 276 71 Tochter
799 2571 109 68 des
955 2573 242 81 tapfern
1242 2574 219 71 Vaters
1506 2579 102 67 die
1650 2579 371 71 Außenwelt
2063 2581 147 70 aber
2257 2585 203 69 nichts
2506 2587 169 68 hatte

479 2688 218 40 wissen
732 2660 218 71 lassen.

570 2748 83 71 Es
697 2753 78 66 ist
819 2752 507 73 kennzeichnend
1373 2757 102 70 für
1508 2759 186 71 Shaw
1736 2762 85 67 als
1856 2762 283 81 Dichter,
2187 2764 123 70 daß
2356 2795 65 40 er
2453 2768 102 70 die
2601 2800 70 38 so

479 2842 267 80 tragisch
789 2872 463 56 ausgegangene
1284 2847 132 70 Ehe
1449 2851 108 67 der
1589 2851 297 85 Avehngs
1933 2884 146 39 zum
2115 2855 418 85 Mittelpunkt
2567 2861 104 68 für

479 2932 99 66 ein
615 2931 314 84 Lustspiel
963 2936 211 70 nahm.
1226 2938 106 69 Ich
1367 2941 159 68 habe
1559 2942 105 67 ihn
1700 2945 158 67 einst
1891 2948 181 67 einen
2107 2947 341 71 lachenden
2487 2951 180 71 Ibsen

479 3040 272 62 genannt
873 3027 113 66 wie
1002 3029 141 67 weit
1165 3030 107 67 das
1289 3029 178 71 Wort
1485 3032 255 82 zutrifft,
1762 3050 223 70 mögen
2004 3040 226 69 andere
2247 3042 422 73 entscheiden.

479 3112 183 69 Indes
723 3114 103 69 hat
860 3115 188 71 Shaw
1090 3119 103 67 für
1236 3150 170 39 seine
1438 3122 410 87 Behandlung
1889 3128 109 69 des
2034 3129 193 71 Stoffs
2267 3163 137 39 eine
2439 3134 193 72 Recht-

475 3202 313 87 fertigung
821 3237 120 38 von
990 3208 261 71 Eleanor
1294 3213 190 70 selbst
1531 3216 160 69 noch
1738 3219 296 71 erhalten.
2087 3222 70 68 In
2209 3224 174 70 ihren
2420 3227 247 71 Briefen

470 3326 78 38 an
584 3295 291 73 Fredenc
907 3299 304 81 Demuth,
1259 3304 122 70 den
1416 3304 174 71 Sohn
1636 3309 109 70 der
1791 3341 108 38 um
1945 3312 99 70 die
2078 3313 258 72 Familie
2369 3318 186 70 Marx
2599 3351 68 38 so

470 3387 527 73 hochverdienten
1033 3392 293 71 Lenchen
1362 3396 301 81 Demuth,
1712 3402 275 71 schreibt
2031 3408 89 68 sie
2164 3437 99 40 am
2300 3408 62 70 3.
2392 3410 277 72 Februar

484 3479 158 70 1898
678 3483 86 70 im
791 3482 298 71 Hinblick
1113 3484 108 70 auf
1244 3486 264 72 Edward
1528 3490 285 87 Aveling,
1839 3495 111 69 der
1974 3501 236 82 wenige
2237 3500 264 72 Monate
2526 3533 106 40 vor-

466 3571 145 68 dem
645 3575 88 66 sie
758 3573 199 73 durch
992 3575 357 83 plötzliches
1374 3578 487 77 Verschwinden
1887 3590 134 67 und
2045 3591 124 67 den
2195 3590 277 74 Verkauf
2502 3596 165 69 ihrer

466 3662 242 71 Sachen
756 3665 156 71 über
958 3667 174 70 ihren
1180 3667 179 85 Kopf
1401 3672 244 85 hinweg
1689 3707 64 38 m
1800 3679 101 68 die
1947 3680 221 83 größte
2211 3683 455 88 Verzweiflung

466 3756 134 69 und
630 3755 202 85 Angst
866 3779 262 50 versetzt
1165 3761 187 82 hatte,
1399 3794 128 40 nun
1562 3768 148 69 aber
1743 3768 240 72 Patient
2016 3802 143 49 war,
2209 3777 110 71 der
2355 3779 164 71 ihrer
2554 3780 74 69 be-

464 3846 207 71 durfte
687 3879 14 38 :
