3513 4572
869 490 70 58 76

1874 496 216 51 Glossen

865 706 161 66 Frage
1045 706 105 65 auf,
1178 707 67 56 ob
1268 707 139 56 nicht
1428 707 289 67 überhaupt
1738 706 91 56 auf
1849 707 113 55 eine

864 779 223 70 Teilung
1117 783 91 56 der
1235 783 430 68 diplomatischen
1700 782 109 56 und
1835 782 95 55 kon-

864 857 312 58 sularischen
1202 859 235 55 Karriere
1462 882 62 32 zu
1546 858 291 57 verzichten
1853 858 109 56 und

864 936 82 54 ein
1006 937 221 66 einziger
1278 937 322 65 auswärtiger
1659 936 185 54 Dienst
1899 959 63 33 zu

863 1011 224 57 schaffen
1118 1025 147 50 wäre,
1287 1036 90 32 um
1399 1036 57 30 so
1481 1012 145 56 mehr
1649 1012 72 56 als
1740 1013 48 65 ja
1810 1011 152 57 heute

864 1087 187 56 bereits
1091 1088 52 53 in
1185 1088 92 56 der
1316 1087 234 56 Zentrale
1580 1088 85 55 die
1694 1087 268 57 Mehrzahl

863 1164 91 55 der
995 1163 224 56 höheren
1263 1164 249 56 Beamten
1546 1187 90 32 aus
1664 1164 121 55 dem
1816 1164 109 55 Kon-

864 1239 340 57 sulatsberufe
1232 1256 269 40 stammen.
1532 1240 307 68 Abgesehen
1860 1265 100 33 von

861 1315 93 55 der
995 1317 228 57 dadurch
1264 1317 240 56 erzielten
1547 1317 415 68 Vereinfachung

861 1393 92 53 des
977 1392 244 57 Dienstes
1237 1394 174 55 würde
1426 1394 115 53 eine
1557 1393 170 57 solche
1745 1393 216 57 Reform

861 1468 99 56 den
988 1468 193 67 großen
1218 1468 193 56 Vorteil
1440 1469 186 64 haben,
1654 1470 93 55 der
1773 1469 157 57 Exklu-

861 1545 174 55 sivität
1062 1545 91 55 der
1181 1545 334 66 Diplomaten
1537 1547 84 54 die
1645 1545 207 57 Wurzel
1871 1547 60 55 ab-

861 1620 362 57 zuschneiden.
1265 1621 155 55 Denn
1456 1646 150 31 wenn
1636 1623 95 56 alle
1763 1623 165 56 Kandi-

860 1698 158 54 daten
1034 1696 81 56 für
1131 1699 101 55 den
1247 1700 331 66 auswärtigen
1592 1699 189 56 Dienst
1796 1700 164 56 durch

860 1774 84 54 die
964 1773 195 67 gleiche
1176 1774 233 67 Prüfung
1423 1776 106 54 und
1547 1775 189 56 Schule
1753 1778 206 64 gingen,

860 1873 150 32 wenn
1038 1851 72 54 sie
1136 1873 97 33 nur
1261 1851 164 56 durch
1454 1851 266 68 Fähigkeit
1736 1853 110 55 und
1862 1853 66 55 Ar-

861 1926 270 56 beitskraft
1172 1939 244 44 vorwärts
1444 1928 201 64 kämen,
1688 1952 147 33 wenn
1865 1929 95 56 alle

860 2002 84 56 die
983 2004 243 56 Aussicht
1255 2004 196 65 hätten,
1489 2029 64 32 zu
1581 2005 99 55 den
1712 2004 245 57 höchsten

861 2080 183 55 Posten
1100 2081 89 56 des
1230 2082 332 65 auswärtigen
1607 2081 241 56 Dienstes
1890 2084 70 53 im

861 2156 85 55 In-
986 2156 109 56 und
1134 2156 262 57 Auslande
1425 2182 62 31 zu
1517 2157 263 68 gelangen,
1820 2159 139 54 dann

860 2232 212 56 würden
1091 2255 99 34 nur
1208 2234 173 55 solche
1399 2234 348 55 Aristokraten
1771 2235 106 56 sich
1896 2258 64 31 zu

858 2309 198 55 diesem
1071 2309 188 57 Berufe
1274 2311 245 65 drängen,
1532 2310 190 56 welche
1733 2310 228 57 wirklich

858 2385 231 57 arbeiten
1119 2385 201 63 wollen,
1348 2387 108 55 und
1486 2386 147 57 nicht
1654 2387 307 66 diejenigen,

861 2461 69 56 ob
969 2461 347 56 Aristokraten
1352 2462 124 56 oder
1504 2462 344 65 Plutokraten,
1879 2463 82 56 die

860 2537 154 56 heute
1056 2540 100 53 den
1198 2538 428 66 diplomatischen
1668 2540 159 54 Beruf
1862 2561 99 35 nur

859 2613 270 66 ergreifen,
1192 2639 90 30 um
1334 2616 114 54 eine
1501 2615 459 66 gesellschaftliche

860 2690 145 55 Rolle
1037 2715 63 32 zu
1129 2691 212 67 spielen.

2087 707 57 56 In
2196 708 168 56 dieser
2416 707 274 56 Richtlinie
2747 707 200 66 bewegt
3000 707 105 56 sich

2009 783 243 69 übrigens
2293 785 130 55 auch
2464 785 94 54 der
2591 785 72 53 im
2693 782 301 67 Reichstage
3022 806 58 43 ge-

2009 859 171 58 stellte
2206 861 197 66 Antrag
2431 858 311 57 Richthofen
2771 859 111 55 und
2905 859 170 56 Genos-

2009 959 110 41 sen,
2171 938 92 55 der
2317 939 112 54 eine
2469 934 509 69 Vereinheitlichung
3018 937 91 55 der

2011 1013 233 67 Prüfung
2279 1014 83 56 für
2403 1014 102 55 den
2547 1012 419 56 konsularischen
2999 1013 109 55 und

2009 1089 427 68 diplomatischen
2479 1088 160 58 Beruf
2665 1088 216 56 fordert.
2924 1088 183 56 Gehen

2009 1167 92 54 wir
2121 1168 150 53 einen
2295 1166 193 57 Schritt
2509 1167 172 54 weiter
2702 1166 109 54 und
2835 1164 270 68 verlangen

2009 1244 92 55 wir
2125 1244 132 55 dazu
2282 1244 149 56 einen
2460 1243 162 56 freien
2652 1242 353 57 Wettbewerb
3024 1240 84 56 für

2008 1320 150 55 einen
2211 1320 231 67 einzigen
2496 1319 358 65 Auswärtigen
2905 1318 203 63 Dienst,

2008 1397 150 56 einen
2176 1395 363 65 Wettbewerb,
2557 1420 63 31 zu
2636 1395 120 56 dem
2773 1395 335 56 Kandidaten

2008 1472 122 55 aller
2157 1472 193 55 Stände
2378 1472 302 55 zuzulassen
2709 1482 186 52 wären,
2935 1470 69 56 ob
3037 1473 72 53 sie

2007 1572 93 32 aus
2138 1549 120 55 dem
2299 1549 363 55 Beamtentum
2705 1547 238 55 kommen
2984 1548 125 54 oder

2007 1625 122 56 dem
2158 1624 221 66 Handel,
2408 1625 90 56 der
2525 1625 277 64 Industrie,
2825 1625 90 55 der
2933 1625 175 56 Presse

2007 1701 109 56 und
2155 1703 195 54 andern
2392 1701 244 56 Berufen.
2679 1701 99 56 Die
2818 1700 258 68 Hauptfor-

2007 1776 263 68 derungen
2295 1779 211 55 müßten
2536 1799 100 33 nur
2663 1779 135 55 sein:
2827 1776 249 56 Verständ-

2007 1855 80 55 nis
2110 1875 91 35 zur
2222 1855 337 66 Beurteilung
2581 1854 381 57 ausländischer
2980 1854 96 56 Ver-

2009 1929 244 57 hältnisse
2271 1931 108 55 und
2395 1930 526 67 Volksstimmungen,
2944 1929 132 56 Takt-

2006 2005 176 67 gefühl
2237 2008 109 54 und
2390 2006 525 68 Sprachenkenntnis.
2996 2005 112 56 Aus

2006 2084 176 54 diesen
2222 2082 257 58 Männern
2514 2084 188 56 nehme
2736 2107 117 31 man
2881 2084 137 54 dann
3053 2085 54 52 in

2008 2157 421 59 rücksichtsloser
2442 2159 244 56 Auswahl
2704 2183 62 32 zu
2783 2160 99 55 den
2900 2159 180 57 hervor-

2008 2236 260 66 ragenden
2303 2237 185 55 Posten
2517 2236 91 56 der
2628 2236 237 56 Zentrale
2887 2236 109 56 und
3017 2236 94 55 des

2007 2311 292 57 Auslandes
2331 2334 98 34 nur
2460 2312 306 68 diejenigen,
2797 2312 193 56 welche
3020 2312 59 55 be-

2008 2389 188 55 wiesen
2220 2389 186 63 haben,
2430 2389 101 55 daß
2554 2390 73 54 sie
2646 2389 157 55 außer
2825 2389 253 55 Erfahrun-

2007 2488 99 43 gen
2147 2465 109 56 und
2299 2465 320 56 Kenntnisse
2667 2465 90 56 das
2801 2465 307 67 wichtigste,

2008 2540 225 57 nämlich
2284 2540 188 57 Talent
2512 2564 92 33 zur
2646 2541 334 67 Diplomatie,
3019 2541 60 57 be-

2007 2617 184 56 sitzen.

2543 2691 146 59 C/vrs
2713 2695 396 75 dipfomaticus.

1123 2873 314 68 Christian
1471 2873 231 69 Schad.

935 2996 329 57 Wertvollste
1329 2997 217 56 Malerei
1611 2998 123 66 geht
1806 2999 156 55 heute

859 3073 193 56 wieder
1095 3074 102 55 den
1245 3076 151 53 einen
1446 3073 260 69 Heilsweg
1749 3100 65 30 zu
1858 3076 103 55 den

860 3148 244 57 Sternen.
1161 3149 86 56 Sie
1294 3151 173 55 macht
1512 3175 53 31 es
1612 3152 96 54 wie
1754 3152 95 56 alle
1896 3176 65 32 zu

858 3225 144 56 tiefst
1033 3225 150 56 echte
1216 3227 109 54 und
1357 3242 171 41 ernste
1553 3228 200 57 Kunst:
1773 3228 189 56 läutert

860 3302 109 56 sich
1005 3323 94 35 zur
1119 3302 319 66 Messiastat,
1460 3303 298 58 Schicksale
1778 3319 182 53 tragen

859 3402 65 32 zu
972 3377 193 57 helfen.
1228 3378 88 56 Sie
1360 3379 127 56 wird
1536 3379 255 69 Erlösung
1838 3382 125 54 oder

859 3457 360 66 Bestätigung,
1255 3455 175 56 Sichel
1465 3457 125 55 oder
1626 3457 195 57 Kranz.
1875 3458 87 57 Sie

859 3532 148 54 dient
1039 3533 53 53 in
1128 3532 201 55 Demut
1372 3532 122 55 dem
1527 3534 198 65 ewigen
1760 3533 168 70 Myste-

860 3609 135 55 rium
1028 3609 94 55 der
1160 3608 302 57 «Tatsache
1496 3609 225 57 Mensch
1745 3631 47 43 »,
1827 3612 135 66 ringt

860 3685 94 56 der
987 3684 147 57 Seele
1169 3685 113 57 ihre
1317 3685 206 57 böseste
1555 3685 169 68 Angst
1755 3686 66 56 ab
1853 3689 109 55 und

860 3761 174 55 macht
1066 3761 109 56 ihre
1198 3763 277 54 schwerste
1496 3761 190 56 Scham
1708 3761 222 58 zuschan-

858 3839 121 63 den,
1011 3839 127 56 oder
1170 3840 170 55 bricht
1372 3839 109 56 sich
1504 3839 193 56 durchs
1720 3839 207 56 Dornen-

859 3915 227 56 dickicht
1132 3916 101 55 den
1277 3915 127 56 Pfad
1437 3939 122 32 zum
1592 3915 367 56 verzauberten

2013 2844 130 59 Gott
2190 2847 109 55 und
2345 2847 125 56 küßt
2516 2871 102 32 von
2660 2848 197 55 seinem
2903 2847 206 56 Munde

2009 2922 93 56 das
2136 2923 384 66 schöpferische
2556 2924 198 55 Sesam.
2803 2923 88 57 Sie
2926 2924 185 55 besitzt

2011 2998 160 64 nicht,
2235 2999 227 56 sondern
2528 3001 179 62 sucht;
2773 2999 164 65 wirkt,
2990 3013 119 42 statt

2012 3076 231 67 Neugier
2274 3077 109 54 und
2417 3077 484 67 Bekehrungseifer,
2949 3077 162 56 Liebe

2011 3153 109 55 und
2155 3153 389 67 Frömmigkeit.
2610 3153 127 56 Und
2771 3154 82 55 bei
2887 3153 222 56 alledem

2009 3229 129 55 wird
2171 3253 92 32 aus
2299 3229 161 56 Liebe
2493 3231 110 54 und
2624 3229 367 68 Frömmigkeit
3023 3231 85 53 die

2011 3304 349 57 Mathematik
2392 3307 137 56 ihres
2564 3305 271 58 Formalen
2858 3305 219 56 vollkom-

2011 3405 179 33 mener
2222 3383 248 66 geleistet,
2505 3383 72 56 als
2610 3407 53 31 es
2696 3383 86 55 die
2815 3406 99 30 von
2937 3382 171 56 außen

2009 3458 290 56 stoßenden
2364 3459 169 57 Zirkel
2587 3458 196 56 ehrlich
2836 3458 275 56 bemühter

2011 3535 373 56 Rationalisten
2445 3537 50 66 je
2558 3535 249 55 zustande
2872 3534 239 69 bringen.

2009 3612 206 55 Ströme
2238 3613 232 66 langsam
2493 3610 414 68 vergewaltigten
2930 3612 181 57 Blutes

2009 3689 207 56 werden
2251 3713 64 31 zu
2350 3688 311 66 klingenden
2686 3688 276 56 Kaskaden
2995 3704 86 41 ent-

2011 3765 232 62 bunden,
2299 3764 277 67 Zwiespalt
2608 3764 110 56 und
2750 3764 361 57 Verlorenheit

2008 3841 53 54 in
2116 3840 221 56 Frieden
2402 3840 109 56 und
2566 3840 209 56 Heimat
2826 3864 283 45 gesungen,

2009 3916 347 56 Problematik
2401 3918 144 56 nicht
2592 3918 94 56 mit
2726 3916 383 58 Technischem
