3263 4572
997 391 231 54 Eduard
1254 390 292 53 Bernstein
1585 408 22 24 *
1655 390 197 53 Völker
1876 408 67 34 zu
1970 390 190 52 Hause

2647 391 63 55 19

449 597 177 73 nicht
677 628 70 40 so
799 598 261 85 günstig
1109 592 368 73 beschaffen
1527 622 152 52 war,
1729 593 91 72 als
1870 593 237 71 andere
2156 594 90 71 sie
2298 592 126 72 den
2478 593 231 73 beiden

451 691 278 82 „Alten“
767 689 385 88 geschildert
1188 688 242 70 hatten.
2571 717 23 32 p

540 787 137 72 Wir
724 786 303 72 mochten
1061 782 169 71 wohl
1278 783 142 70 eine
1465 801 152 66 gute
1651 781 252 72 Stunde
1947 782 344 86 disputiert
2342 782 230 83 haben,
2624 783 89 73 als

445 880 232 89 Engels
714 879 300 87 plötzlich
1042 876 299 71 erklärte:
1381 876 206 85 „Jetzt
1621 879 81 68 ist
1726 906 68 44 es
1819 876 146 71 Zeit
1997 906 79 41 zu
2105 877 192 71 Marx
2330 908 78 39 zu
2440 877 274 87 gehen“.

446 976 137 71 Wir
628 1004 199 55 zogen
864 999 231 45 unsere
1128 970 217 72 Röcke
1383 1000 83 41 an
1499 973 137 69 und
1669 970 323 72 verließen
2027 974 118 68 mit
2192 971 136 73 ihm
2361 973 113 72 das
2510 971 206 74 Haus.

449 1072 108 71 Ich
591 1069 211 74 wollte
833 1067 176 71 mich
1043 1067 522 81 verabschieden,
1601 1068 78 70 da
1716 1067 120 71 rief
1869 1068 125 71 mir
2032 1065 234 85 Engels
2302 1097 111 42 zu:
2477 1067 237 82 „Nein,

444 1168 172 78 nein,
652 1164 303 70 kommen
991 1160 108 72 Sie
1132 1190 126 42 nur
1289 1160 205 86 gleich
1529 1164 119 68 mit
1681 1192 149 43 zum
1866 1162 269 72 Mohr“.
2173 1159 212 84 „Zum
2421 1162 295 72 Mohr“?

444 1277 176 69 sagte
652 1260 126 78 ich,
832 1285 173 52 „wer
1039 1258 80 69 ist
1154 1257 171 70 denn
1361 1256 203 72 das?“
1617 1254 224 84 „Nun,
1877 1257 113 71 der
2026 1256 263 82 Marx“,
2324 1257 124 86 gab
2481 1256 235 89 Engels

445 1356 66 69 in
545 1354 211 69 einem
781 1348 150 73 Ton
968 1348 258 83 zurück,
1260 1348 92 73 als
1386 1352 349 70 verstünde
1768 1381 64 41 es
1867 1351 137 74 sich
2030 1381 128 41 von
2192 1350 220 82 selbst,
2449 1350 127 73 daß
2600 1354 116 69 wir

444 1449 114 71 das
592 1446 288 73 wüßten.
931 1445 202 74 Mohr
1178 1475 128 42 war
1353 1446 115 71 der
1500 1444 398 87 Spitzname,
1945 1446 127 71 den
2120 1446 306 73 Marxens
2464 1445 252 74 Kinder

445 1541 206 72 ihrem
699 1539 198 72 Vater
953 1540 166 71 einst
1176 1541 66 69 in
1293 1538 309 73 Hinblick
1650 1540 112 71 auf
1805 1541 227 72 dessen
2084 1541 516 86 pechschwarzes

444 1634 424 73 mittlerweile
891 1634 153 73 aber
1076 1634 199 71 schon
1302 1634 166 73 weiß
1498 1635 410 83 gewordenes
2043 1635 174 73 Haar
2243 1637 136 71 und
2404 1635 312 88 gelbliche

445 1728 363 74 Hautfarbe
853 1731 315 85 beigelegt
1213 1729 242 73 hatten.
1507 1729 138 73 Der
1682 1731 288 81 „Mohr“
2007 1731 258 72 wohnte
2309 1733 66 69 in
2421 1732 295 72 nächster

444 1823 189 73 Nähe
657 1855 126 42 von
811 1823 254 87 Engels,
1094 1823 277 73 nämlich
1399 1826 64 69 in
1491 1823 322 73 Maitland
1837 1823 161 73 Park
2023 1825 205 82 Road,
2253 1827 174 71 einer
2450 1825 222 73 Neben-

444 1920 212 72 straße
691 1920 115 70 der
839 1919 162 72 nach
1035 1919 150 71 dem
1220 1919 283 72 schönen
1528 1919 238 72 Vorort
1789 1919 402 87 Hampstead
2215 1952 80 40 zu
2328 1919 113 73 auf
2441 1922 241 86 steigen-

446 2014 125 71 den
607 2013 232 72 Straße
873 2011 396 75 Haverstock
1305 2013 158 72 Hill.

538 2105 233 91 Engels
804 2110 122 70 wie
959 2108 193 72 Marx
1187 2109 303 73 wohnten
1536 2109 176 87 jeder
1754 2112 66 68 in
1871 2112 210 70 einem
2126 2109 116 71 der
2274 2108 404 74 Einfamilien-

444 2203 252 81 häuser,
714 2203 104 71 die
846 2203 125 71 den
992 2202 466 88 Normaltypus
1486 2204 116 73 der
1618 2203 450 74 Wohnhäuser
2093 2204 310 73 Londons
2431 2204 285 73 bildeten

442 2297 136 73 und
614 2301 66 70 in
715 2317 191 54 etwas
940 2300 268 71 anderer
1240 2298 235 74 Bauart
1509 2300 168 72 noch
1712 2300 193 71 heute
1936 2298 244 74 bilden.
2223 2298 131 74 Für
2387 2303 142 69 eine
2561 2301 117 72 bür-

444 2392 279 84 gerliche
757 2392 286 83 Familie,
1080 2394 105 71 die
1218 2392 89 72 40
1344 2392 216 73 Pfund
1594 2394 137 71 und
1766 2395 278 71 darüber
2074 2394 268 86 jährlich
2377 2394 105 73 für
2509 2395 207 71 Miete

441 2488 325 86 ausgeben
787 2486 260 84 konnte,
1076 2488 354 73 bestanden
1451 2489 264 81 damals,
1735 2519 128 42 von
1883 2490 125 71 den
2027 2491 423 83 eigentlichen
2468 2489 210 72 Villen-

442 2583 266 71 vierteln
755 2583 381 86 abgesehen,
1184 2583 107 72 die
1322 2583 450 74 Wohnhäuser
1814 2615 114 40 aus
1973 2588 137 69 vier
2159 2585 97 72 bis
2302 2584 151 73 fünf
2483 2585 192 72 Stock-

442 2676 253 72 werken
717 2707 16 51 ;
780 2677 150 71 dem
969 2677 219 72 Keller
1232 2677 156 71 oder
1423 2677 371 72 Halbkeller
1938 2678 345 73 Basement
2314 2698 281 66 genannt

442 2770 115 71 der
582 2772 104 71 die
715 2771 252 82 Küche,
1001 2775 104 68 ein
1131 2771 288 76 Zimmer
1442 2773 137 72 und
1606 2773 274 72 kleinere
1904 2772 517 74 wirtschaftliche
2445 2773 224 73 Neben-

440 2879 225 57 räume
710 2865 314 82 umfaßte,
1086 2869 113 69 das
1251 2866 416 86 Erdgeschoß
1714 2870 119 70 mit
1881 2866 423 74 Eintrittsflur
2359 2870 141 71 und
2557 2871 156 70 zwei

440 2956 354 85 Zimmern,
840 2960 283 72 Vorder-
1171 2963 139 71 und
1359 2961 235 74 Hinter
1609 3007 27 15 -
1651 2961 262 73 Parlour
1963 2982 303 66 genannt,
2318 2964 127 71 den
2501 2984 212 52 ersten

441 3052 197 72 Stock
672 3055 120 69 mit
825 3053 149 72 dem
1007 3054 271 86 größten
1315 3054 286 72 Zimmer
1634 3055 111 71 des
1782 3055 273 83 Hauses,
2102 3058 115 71 das
2265 3060 67 72 in
2366 3059 117 71 der
2514 3057 198 87 Regel

440 3148 90 72 als
545 3149 112 71 das
670 3145 730 79 Gesellschaftszimmer
1414 3152 201 80 dient,
1630 3181 126 41 von
1771 3149 235 85 Engels
2021 3153 155 71 aber
2184 3153 90 71 als
2284 3152 432 74 Bibliotheks-

440 3243 138 71 und
628 3242 528 76 Arbeitszimmer
1206 3245 265 71 benutzt
1518 3245 244 81 wurde,
1814 3246 189 71 nebst
2053 3246 348 73 kleinerem
2448 3247 221 74 Neben-

441 3365 206 54 raum,
680 3339 138 71 und
851 3339 149 80 den,
1052 3340 58 84 je
1156 3341 155 70 zwei
1357 3339 156 72 oder
1546 3341 135 70 drei
1717 3340 493 73 Schlafzimmer
2256 3344 137 71 und
2439 3342 277 73 kleinere

441 3431 615 88 Rumpelkammern
1091 3433 452 73 enthaltenden
1578 3435 241 72 oberen
1855 3435 477 76 Stockwerken.

536 3528 198 72 Diese
781 3526 253 75 Häuser
1077 3529 148 72 sind
1270 3529 148 71 sehr
1448 3529 123 71 viel
1612 3530 203 71 höher
1858 3533 92 70 als
1998 3533 186 81 breit,
2230 3533 107 71 die
2383 3532 331 88 billigeren

441 3652 126 42 von
620 3622 196 72 ihnen
868 3623 242 72 schmal
1157 3624 569 85 emporstrebende
1772 3624 340 84 Gebäude,
2159 3628 106 71 die
2311 3628 401 85 gewöhnlich

440 3718 67 70 in
541 3714 326 89 Gruppen
901 3749 126 40 von
1060 3720 170 82 acht,
1278 3718 160 73 zehn
1474 3720 157 71 oder
1677 3721 193 72 zwölf
1896 3753 127 41 von
2070 3725 211 68 einem
2314 3722 400 75 Baumeister

441 3812 165 73 nach
639 3814 210 71 einem
884 3815 137 71 und
1056 3814 371 72 demselben
1456 3812 278 75 Schema
1766 3816 224 72 erbaut
2015 3817 290 83 wurden,
2341 3849 72 41 so
2446 3816 127 74 daß
2608 3820 108 71 die

440 3937 80 40 zu
555 3907 177 70 einer
762 3906 261 75 solchen
1053 3906 276 89 Gruppe
1362 3909 407 85 gehörenden
1805 3910 252 72 Häuser
2090 3913 135 73 sich
2258 3910 96 72 oft
2385 3911 327 74 äußerlich
