3450 4572
874 500 72 56 60

1401 505 215 57 Charlot
1641 506 219 68 Straßer
1913 525 19 25 *
2116 508 191 67 heilige
2336 508 203 51 Wunde

1330 1224 200 77 DIE
1588 1224 500 80 HEILIGE
2139 1226 466 81 WUNDE.

1621 1021 306 81 Charlot
1957 1020 326 83 Straßer

868 1428 519 71 ZEITUNGEN
1423 1433 283 68 donnern
1740 1433 122 68 den
1891 1434 345 71 Wahnwitz
2262 1438 112 67 der
2402 1435 273 72 Fronten
2711 1439 62 65 in
2801 1437 230 68 blitzen-

1052 1523 121 69 den
1209 1523 282 79 Lettern,

866 1631 158 50 totes
1052 1613 240 83 Papier,
1320 1615 107 68 das
1455 1617 102 67 die
1580 1613 225 87 Augen
1833 1635 326 63 erstarren,
2189 1620 102 68 die
2314 1617 217 71 Ohren
2553 1618 509 79 zerschmettern,

1049 1706 107 69 das
1192 1706 148 69 Blut
1372 1736 117 40 uns
1524 1710 300 81 gerinnen
1861 1710 147 78 läßt,

866 1796 613 71 selbstverständlich
1555 1829 120 38 von
1755 1799 569 86 opferbrünstigen,
2415 1832 241 53 zwangs
2662 1802 400 70 verbissenen

1051 1888 226 69 Toden
1314 1889 217 84 gleißt,

865 2008 181 40 wenn
1081 1983 117 66 wie
1232 2009 121 40 nur
1385 1982 245 78 wollen,
1668 2013 115 40 uns
1820 2002 115 49 mit
1968 1983 335 71 Entsetzen
2340 1985 285 78 zerreißt,

864 2100 183 39 wenn
1074 2073 113 67 wir
1211 2072 160 70 auch
1397 2074 243 79 wollen,
1669 2074 399 84 gleichgültig
2096 2076 253 69 Frieren
2378 2079 61 65 in
2468 2077 170 68 nicht
2662 2077 401 70 ausmalende

1044 2161 225 83 Augen
1305 2164 202 82 preßt.

864 2253 159 69 Bald
1057 2284 213 52 speien
1308 2255 308 69 Kanonen
1650 2286 108 40 aus
1794 2256 282 70 Glocken
2111 2258 285 83 gegoßne
2429 2256 342 82 Granaten,

866 2345 143 68 bald
1054 2347 155 68 sehn
1269 2349 112 67 wir
1438 2349 326 81 beglückte
1810 2349 160 69 noch
2020 2350 299 68 Lebende
2364 2351 335 88 (wörtlich)
2745 2354 85 66 im
2877 2351 186 69 Blute

1046 2455 222 51 waten.

863 2528 132 68 Wir
1028 2530 195 67 sitzen
1260 2530 131 69 und
1425 2531 219 68 hassen
1679 2533 121 67 den
1836 2530 231 85 Zwang
2112 2534 131 67 und
2289 2533 218 70 hassen
2543 2534 122 67 den
2704 2533 192 84 Krieg
2932 2534 128 69 und

1157 2650 327 53 vergessen
1519 2623 159 68 auch
1712 2625 223 77 seiner,

861 2712 232 71 kehren
1131 2713 232 69 zurück
1399 2744 144 38 zum
1579 2714 425 70 Schreibtisch
2040 2717 132 67 und
2204 2716 246 68 denken
2486 2718 62 66 in
2585 2719 171 66 einer

861 2802 332 85 zufälligen
1211 2803 468 71 Viertelstunde
1710 2807 162 69 noch
1905 2825 155 52 etwa
2086 2807 271 70 darüber
2393 2808 132 68 und
2552 2807 211 70 bilden
2791 2838 115 39 uns
2937 2811 120 76 ein,

860 2925 121 40 von
1001 2895 386 83 Zuckungen
1406 2896 384 72 schmählich
1809 2897 458 71 mißhandelter
2284 2898 165 70 Welt
2469 2898 308 70 betroffen
2805 2901 252 69 worden

1048 3018 76 38 zu
1160 2990 152 67 sein.

863 3123 152 70 Und
1053 3125 196 68 lassen
1286 3155 114 38 uns
1435 3126 276 68 taumeln
1748 3128 84 68 im
1867 3126 203 70 Nebel
2105 3128 113 68 der
2248 3127 309 84 täglichen
2591 3128 262 70 Wetter.

859 3260 352 70 Menschen
1274 3262 274 84 drängen
1617 3293 61 39 in
1744 3292 189 41 unser
1994 3266 347 68 häusliches
2413 3264 127 80 Ich,
2604 3295 109 39 um
2759 3263 174 71 Hilfe
2982 3296 78 38 zu

1043 3353 315 79 heischen,

861 3445 306 78 Kranker,
1227 3443 330 80 Verirrter,
1618 3446 370 81 Zahlender,
2040 3448 665 78 Dankverheißender,
2758 3446 301 72 Fremder

1040 3537 134 68 und
1206 3535 241 81 Vetter,

856 3641 252 58 müssen
1143 3629 131 71 sich
1307 3629 78 68 all
1419 3658 77 41 an
1531 3629 175 68 ihren
1740 3633 305 82 winzigen
2081 3631 359 70 Wünschen
2477 3630 421 81 zerfleischen,

858 3719 285 80 erfüllen,
1179 3721 469 83 durchdringen
1684 3752 140 49 uns,
1860 3753 232 54 saugen
2128 3724 130 69 sich
2286 3754 77 39 an
2390 3723 133 68 und
2548 3721 185 70 fallen
2760 3725 172 69 nicht
2958 3725 101 69 ab.

858 3813 289 71 Würmer
1181 3842 200 55 engen
1418 3843 115 38 uns
1571 3814 98 66 ein
1705 3815 114 68 mit
1855 3814 175 70 ihren
2067 3815 426 83 ichsüchtigen
2529 3813 236 81 Zielen,

855 3903 265 70 stöhnen
1157 3904 157 71 nach
1350 3903 158 70 Gott
1543 3904 134 69 und
1711 3904 144 69 dem
1891 3904 218 70 Guten
2143 3936 109 39 aus
2288 3906 200 71 ihrem
2524 3904 305 86 muffigen
2857 3906 200 81 Grab,
