3488 4572
916 500 73 61 82

1943 505 219 52 Glossen

2057 717 168 56 ihrem
2277 716 212 57 Fließen
2542 716 178 56 anhält
2775 717 108 56 und
2942 740 59 33 so
3059 719 93 55 des

2058 792 178 57 Werks
2289 791 463 60 Unmittelbarkeit
2804 816 119 33 zum
2977 794 176 57 Leben

2058 868 409 68 beeinträchtigt,
2493 867 242 57 während
2759 868 92 56 das
2872 870 254 66 expressio-

2057 946 250 56 nistische
2338 945 219 76 Prinzip
2580 945 144 56 diese
2758 945 260 56 durchaus
3045 946 82 55 ein-

2057 1021 235 63 schließt,
2322 1044 150 33 wenn
2499 1021 185 56 anders
2706 1041 99 36 nur
2825 1021 84 54 die
2931 1021 192 56 Sinnen-

2058 1097 306 67 freudigkeit
2403 1098 91 56 der
2523 1097 252 57 Künstler
2814 1097 119 57 dem
2978 1097 176 57 Leben

2060 1175 132 54 nahe
2221 1175 183 55 bleibt.
2456 1172 150 57 Auch
2651 1173 82 55 bei
2777 1172 212 63 Döblin,
3035 1173 119 56 dem

2058 1251 461 67 ausgezeichneten
2549 1248 393 64 Schriftsteller,
2980 1251 65 54 ist
3071 1252 82 53 ein

2062 1326 88 57 Ich
2166 1350 83 32 am
2259 1326 199 63 Werke,
2476 1324 217 56 welches
2711 1326 200 66 ständig
2930 1324 226 64 vertieft,

2061 1402 278 56 vereinzelt
2385 1403 108 55 und
2535 1401 298 57 schließlich
2877 1402 103 54 den
3022 1401 102 57 Aus-

2058 1478 164 57 druck
2249 1502 115 33 vom
2394 1477 381 58 Wesentlichen
2804 1502 63 31 zu
2893 1479 120 54 weit
3039 1492 90 42 ent-

2058 1554 162 56 fernt.
2287 1556 67 55 Er
2400 1570 138 50 sagt:
2589 1553 327 67 „Verlangen
2970 1553 187 56 melkte

2060 1632 177 54 seinen
2267 1629 276 69 Speichel“
2585 1629 125 56 oder
2753 1629 138 64 „Die
2919 1629 239 56 Bischöfe

2061 1705 231 69 stopften
2319 1707 84 56 die
2430 1705 230 56 Münder
2687 1704 88 57 auf
2801 1705 85 56 die
2913 1705 245 56 Dielen“,

2062 1782 127 55 Man
2244 1782 232 55 versteht
2527 1783 151 54 einen
2730 1782 123 55 Satz
2903 1783 94 54 wie
3049 1783 110 61 „sie

2060 1858 252 56 knisterte
2380 1858 216 56 hinauf“
2650 1858 291 56 keinesfalls
2992 1858 166 67 gleich

2065 1934 137 56 beim
2231 1935 177 55 Hören
2437 1934 164 56 durch
2635 1935 115 55 eine
2786 1934 368 67 Empfindung,

2063 2010 224 55 sondern
2343 2009 126 56 muß
2530 2010 91 55 der
2676 2009 330 67 Psychologie
3065 2009 93 56 des

2062 2086 194 56 Autors
2287 2086 324 66 nachgehen:
2640 2085 116 56 kein
2786 2085 372 67 Kunstgenuß,

2062 2163 224 55 sondern
2320 2163 397 66 Denkvorgang.
2772 2163 90 54 Bei
2897 2185 54 32 so
2988 2161 171 57 ferner

2063 2238 322 66 Einstellung
2408 2262 99 33 von
2536 2239 195 53 seinem
2761 2238 209 66 Objekt,
3007 2239 71 53 ist
3105 2262 53 31 es

2062 2315 142 56 nicht
2232 2314 419 63 verwunderlich,
2691 2314 101 56 daß
2820 2312 197 58 Döblin
3046 2316 113 54 eine

2063 2390 299 67 ungeheure
2377 2390 507 56 bewundernswerte
2898 2390 232 56 Füliechi-

2062 2466 269 56 nesischen
2363 2466 203 55 Lebens
2589 2466 125 66 gibt,
2740 2465 135 56 ohne
2897 2466 91 55 das
3011 2466 148 56 Land

2063 2542 223 65 gesehen
2329 2566 63 31 zu
2430 2541 193 56 haben;
2668 2542 91 55 das
2801 2540 237 57 Erlebnis
3081 2564 54 33 er-

2063 2619 177 64 übrigt
2268 2619 127 55 sich.
2449 2617 101 56 Die
2589 2616 155 67 Folge
2781 2617 122 55 aber
2937 2619 81 60 ist,
3057 2617 102 56 daß

2062 2695 92 54 das
2168 2693 233 58 Erzählte
2419 2696 138 53 einer
2568 2695 245 64 gewissen
2825 2693 304 68 Notwendig-

2065 2771 100 55 keit
2230 2771 263 55 entbehrt.
2573 2770 108 56 Der
2747 2768 256 58 Aufwand
3069 2771 94 55 der

2065 2846 177 56 Worte
2259 2846 201 56 scheint
2477 2846 279 66 irgendwie
2776 2845 222 57 nutzlos.
3036 2846 126 56 Und

2063 2923 113 56 well
2227 2923 90 55 der
2368 2922 410 57 Erlebnisvorrat
2825 2922 91 56 des
2968 2922 195 56 Autors

2062 3020 88 47 gar
2203 3000 142 54 nicht
2410 2998 84 56 für
2557 3000 84 53 die
2670 2998 174 55 Masse
2909 2998 92 55 des
3030 2998 100 56 Dar-

2063 3074 275 68 gestellten
2367 3076 207 54 reichen
2603 3074 151 64 kann,
2792 3097 56 32 so
2877 3074 126 56 wird
3039 3074 100 56 viel-

2062 3151 117 57 fach
2232 3152 116 55 eine
2405 3151 528 66 Zimmersteigerung
2983 3171 150 46 vorge-

2062 3251 247 33 nommen
2320 3228 108 56 und
2443 3228 113 55 eine
2574 3226 386 57 schattenhafte
2971 3227 192 54 Plastik

2062 3306 245 54 erreicht.
2363 3304 180 56 Durch
2574 3304 142 55 diese
2745 3302 418 67 Ungemußtheit

2062 3382 108 54 und
2207 3382 85 54 die
2320 3381 378 64 Vereinzelung
2731 3379 92 55 der
2850 3378 144 56 Teile
3027 3379 135 56 kann

2061 3458 93 55 der
2183 3457 147 67 lange
2368 3457 200 56 Roman
2611 3454 132 56 auch
2789 3454 147 56 nicht
2979 3455 184 56 immer

2061 3557 317 45 anspannen.
2457 3533 70 55 So
2584 3532 127 54 wird
2762 3530 84 56 die
2912 3532 99 56 Art
3074 3533 92 56 des

2062 3609 196 56 Autors
2295 3609 134 55 noch
2463 3608 167 56 durch
2667 3607 177 54 seinen
2883 3609 191 56 Irrtum
3109 3608 53 57 in

2062 3687 92 55 der
2176 3685 149 57 Wahl
2347 3685 91 56 des
2457 3683 198 56 Motivs
2681 3687 285 66 ungünstig
2988 3699 148 42 unter-

2061 3773 185 44 stützt.
2287 3760 255 57 Dennoch
2579 3760 70 55 ist
2674 3760 97 56 viel
2799 3762 368 67 Vorzügliches

2063 3839 89 57 da;
2180 3838 85 56 die
2307 3836 385 66 Beschreibung
2749 3836 93 56 der
2879 3838 255 56 weltHüch-

2066 3915 141 65 tigen
2226 3913 210 57 Ekstase
2458 3913 92 56 der
2563 3913 273 66 Sektierer,
2860 3915 82 56 die
2964 3914 203 57 irratio-

1499 813 227 80 Ludwig
1750 814 259 58 Rubiner

913 717 105 66 tige
1073 715 178 70 Gipfel
1320 717 54 56 in
1428 716 86 57 die
1569 715 409 68 Menschheitsge-

914 792 248 57 schichte.

994 945 196 57 Döblin
1244 943 109 69 gibt
1414 945 53 56 in
1521 946 196 55 seinem
1784 945 105 75 (bei
1954 943 57 58 S.

917 1021 209 57 Fischer
1139 1021 53 54 in
1213 1018 196 69 Berlin)
1427 1021 367 56 erschienenen
1813 1021 200 56 Roman

914 1093 170 73 „Q,Ve
1108 1103 121 51 drei
1239 1095 259 78 cfpränge
1521 1103 97 51 des
1648 1097 27 42 <:
1676 1092 300 80 VUang*fun
1978 1103 36 25 u

914 1175 88 55 die
1051 1172 315 57 Geschichte
1411 1175 141 54 einer
1596 1173 94 56 der
1741 1173 270 66 religiösen

915 1248 397 64 Revolutionen,
1328 1248 85 57 die
1427 1249 92 56 das
1541 1248 298 69 ungeheure
1855 1249 158 58 Reich

914 1326 95 56 der
1049 1324 164 56 Mitte
1256 1347 99 35 von
1398 1326 118 56 Zeit
1559 1349 65 33 zu
1665 1324 118 58 Zeit
1821 1326 160 57 durch-

917 1404 205 61 zittern,
1160 1425 101 33 von
1287 1402 93 56 der
1409 1402 298 66 Gründung
1733 1402 94 56 der
1855 1402 159 57 Sekte

914 1478 94 55 der
1073 1477 307 65 „Wahrhaft
1431 1477 353 57 Schwachen“
1849 1478 164 57 durch

918 1554 180 66 Wang,
1125 1554 103 55 den
1260 1553 340 57 Fischersohn
1630 1556 108 54 und
1768 1554 216 57 Straßen-

914 1630 165 67 rüpel,
1092 1630 77 55 bis
1182 1653 62 32 zu
1260 1632 166 53 seiner
1441 1630 108 56 und
1563 1630 91 56 des
1666 1632 208 56 Bundes
1888 1632 95 56 end-

914 1705 222 66 gültiger
1154 1705 356 65 Vernichtung
1529 1707 165 56 durch
1723 1707 84 54 die
1828 1707 160 56 kaiser-

914 1782 170 57 lichen
1138 1780 273 70 Truppen.
1477 1782 283 67 Wang-lun
1814 1784 200 56 kommt

914 1858 166 56 durch
1103 1858 102 56 den
1228 1857 157 57 Mord
1411 1859 92 55 der
1527 1858 186 57 Polizei
1734 1881 63 33 an
1820 1860 193 55 seinem

917 1934 209 56 Freund
1153 1934 129 56 über
1309 1935 83 55 ein
1417 1934 175 57 Leben
1620 1935 92 55 der
1737 1935 278 55 Gewalttat

915 2011 96 55 mit
1040 2009 241 57 Räubern
1318 2036 63 30 zu
1418 2013 92 54 der
1552 2010 325 65 Erkenntnis,
1915 2010 100 57 daß

914 2086 95 56 das
1051 2086 198 66 einzige
1291 2086 197 64 Mittel,
1531 2088 90 56 das
1663 2086 352 58 Entsetzliche

917 2163 94 55 des
1047 2163 206 55 Lebens
1294 2187 65 31 zu
1398 2178 255 52 ertragen,
1695 2164 146 54 darin
1872 2163 141 67 liegt,

915 2238 145 57 nicht
1084 2239 122 56 dem
1234 2239 264 56 Schicksal
1534 2263 63 30 zu
1625 2239 386 63 widerstreben,

917 2315 222 55 sondern
1163 2315 307 65 wunschlos,
1493 2315 101 56 voll
1618 2315 158 56 Liebe
1798 2339 63 32 zu
1887 2316 128 55 sein.

920 2389 111 54 Das
1060 2390 257 63 Problem,
1347 2390 103 56 daß
1479 2391 111 56 sich
1618 2390 89 56 auf
1748 2391 93 55 der
1882 2391 133 55 Erde

914 2466 95 55 das
1037 2466 233 66 Geistige
1299 2466 146 56 nicht
1474 2466 170 57 halten
1682 2466 134 56 kann
1854 2490 160 42 gegen

915 2541 188 57 Macht
1115 2544 136 54 ohne
1263 2542 198 64 Macht,
1486 2542 153 68 spielt
1665 2545 52 53 in
1736 2544 82 54 die
1836 2544 144 55 Hand-

915 2617 129 68 lung
1083 2617 196 57 hinein.
1333 2619 128 54 Hier
1502 2619 165 55 bildet
1707 2620 83 54 die
1831 2620 52 53 in
1924 2619 91 55 das

917 2693 148 58 Land
1138 2695 72 56 als
1286 2695 247 57 Fremdes
1599 2696 416 67 eingedrungene

918 2770 541 70 Mandschudynastie
1508 2772 91 55 das
1668 2772 204 66 Prinzip
1925 2772 90 55 des

917 2846 321 68 Mächtigen,
1257 2847 296 57 Sinnlosen.
1594 2848 114 55 Von
1726 2847 106 56 ihm
1851 2848 164 66 gehen

915 2923 84 55 die
1047 2922 171 56 Taten
1260 2947 107 40 aus,
1412 2925 84 54 die
1538 2925 100 55 den
1684 2923 175 56 Leben
1907 2925 108 54 und

920 3000 164 54 Farbe
1122 3000 275 55 liebenden
1435 3000 165 67 Wang
1638 3021 93 36 zur
1780 3001 206 66 pessimi-

915 3076 229 54 stischen
1173 3076 233 67 Religion
1458 3077 91 55 des
1599 3076 416 56 Nichthandelns

918 3151 165 57 führt.

995 3227 108 56 Der
1138 3227 454 57 vielverleumdete
1635 3229 351 68 Expressionis-

918 3327 118 32 mus
1079 3303 92 55 hat
1211 3303 74 56 als
1328 3304 344 56 unschätzbar
1715 3306 172 54 Gutes
1930 3306 85 54 die

918 3379 397 68 Voranstellung
1350 3381 91 54 des
1472 3382 306 65 gestalteten
1803 3382 212 56 Willens

915 3480 122 34 zum
1066 3455 244 58 Nachteil
1327 3457 91 56 des
1437 3457 357 66 gestaltenden
1821 3458 194 56 Stoffes

917 3533 270 67 gebracht.
1229 3533 81 55 Da
1353 3553 187 36 unsere
1571 3533 251 56 Künstler
1858 3533 157 56 heute

915 3609 124 56 aber
1064 3608 215 57 vielfach
1324 3632 99 33 von
1465 3608 140 56 einer
1648 3609 145 55 mehr
1832 3612 183 64 geistig

918 3685 74 55 als
1017 3685 344 57 künstlerisch
1400 3685 348 56 dominierten
1779 3685 207 56 Geistes-

918 3775 81 42 art
1027 3763 131 63 sind,
1188 3786 59 31 so
1273 3763 69 56 ist
1360 3762 91 55 das
1467 3762 120 54 dort
1605 3762 53 53 ln
1676 3762 100 54 den
1794 3763 190 54 Vorder-

918 3839 169 66 grund
1098 3838 266 58 Tretende
1380 3839 83 56 ein
1478 3839 260 56 reflexives
1755 3838 260 63 Moment,

920 3914 218 58 welches
1179 3915 86 57 die
1299 3914 235 58 einfache
1569 3914 371 57 Leidenschaft
1964 3915 51 55 in
