3218 4572
1065 447 179 51 Andre
1270 446 200 52 Suares
1518 463 22 26 *
1593 448 126 51 Don

2564 452 70 55 39

531 647 187 69 Seine
774 644 515 82 liebenswürdige
1336 644 351 73 Bonhomie
1740 646 142 70 hilft
1928 649 150 78 ihm,
2130 653 225 64 immer
2398 653 66 66 in
2501 650 90 70 No-

441 739 201 70 blesse
672 769 79 40 zu
784 738 180 69 leben
999 734 129 71 und
1179 766 79 38 zu
1303 735 267 71 denken.
1654 739 123 70 Die
1824 740 349 70 Bonhomie
2218 754 164 70 trägt
2443 769 66 41 er
2551 743 83 68 als

442 830 209 71 Wams
687 849 248 50 unterm
973 829 261 67 Panzer:
1269 828 305 68 mitunter
1612 830 124 83 legt
1771 858 63 42 er
1869 832 121 68 den
2026 832 236 69 Panzer
2294 833 100 68 ab.
2431 832 205 71 Wenn

442 950 68 42 er
553 923 129 69 sich
726 919 257 85 gezankt
1035 919 125 78 hat,
1223 948 181 40 wenn
1452 948 69 40 er
1564 922 160 68 allzu
1772 923 431 71 hochfahrend
2238 924 396 83 disputierte,

438 1045 182 38 wenn
656 1044 169 38 seine
856 1011 361 83 Eigenliebe
1253 1012 182 67 einen
1470 1011 174 73 Stich
1678 1016 241 78 bekam,
1955 1014 161 70 kann
2149 1018 148 68 Don
2323 1016 313 81 Quichote

441 1134 178 54 sogar
666 1133 345 54 vergessen,
1063 1101 124 70 daß
1237 1130 66 41 er
1353 1106 84 69 im
1489 1105 197 70 Recht
1738 1108 95 77 ist,
1899 1110 131 67 und
2081 1108 555 83 folgendermaßen

441 1197 264 70 Frieden
750 1195 312 70 schließen
1110 1213 113 50 mit
1268 1225 239 40 seinem
1540 1197 381 85 Beleidiger:
1973 1200 114 79 ~In
2121 1200 349 79 Zukunft“,
2504 1220 132 65 sagt

441 1317 84 49 er,
576 1286 141 82 ~laß
762 1318 117 38 uns
927 1290 97 66 ein
1071 1288 201 81 wenig
1321 1289 182 67 mehr
1535 1291 63 66 in
1635 1288 316 87 Ordnung
1984 1293 249 68 leben.“
2286 1291 139 70 Wie
2470 1294 164 70 reich

438 1382 129 68 dies
602 1379 196 80 Wort,
832 1382 116 68 wie
980 1379 306 83 gescheit!
1321 1379 80 70 Es
1439 1383 75 66 ist
1550 1382 147 68 Don
1726 1383 346 81 Quichotes
2115 1385 206 80 Form,
2363 1384 273 85 Respekt

438 1502 78 40 zu
550 1472 351 82 verlangen.
950 1472 150 77 ~Ich
1136 1472 122 68 hab
1291 1472 99 68 dir
1423 1474 353 79 verziehen,
1824 1477 118 81 geh
1978 1507 113 49 zu;
2139 1477 150 70 aber
2321 1479 158 69 auch
2524 1478 110 79 du,

437 1563 214 81 vergib
698 1564 120 68 mir
860 1563 107 69 das
1016 1562 529 86 Mißvergnügen,
1599 1566 108 70 das
1754 1556 99 80 ich
1900 1567 99 70 dir
2045 1587 198 51 antat:
2290 1569 103 69 die
2430 1589 203 50 ersten

433 1653 374 70 Ausbrüche
837 1656 112 67 der
987 1652 183 71 Galle
1207 1655 199 83 liegen
1443 1657 173 71 nicht
1650 1661 64 66 in
1753 1689 259 40 unserer
2046 1660 253 71 Hand.“

527 1746 345 69 Bonhomie
936 1749 78 67 ist
1080 1747 374 84 keineswegs
1509 1750 419 71 Familiarität.
2034 1752 106 70 Sie
2191 1756 78 66 ist
2333 1756 136 67 eine
2517 1755 116 68 Art

433 1837 628 72 freundschaftlicher
1091 1839 433 81 Schlichtheit,
1569 1841 341 73 Nachsicht
1947 1845 148 69 dem
2126 1846 239 70 andern
2401 1876 194 53 gegen-

433 1926 84 71 üb
526 1957 83 49 er,
644 1930 131 69 und
811 1930 346 84 Vergessen
1195 1961 206 40 seiner
1434 1931 512 88 Entgleisungen.
1990 1938 446 84 Unentwegtes
2474 1938 119 70 Ver-

431 2038 218 51 trauen
682 2020 110 70 auf
825 2020 229 71 Grund
1090 2053 168 40 eines
1293 2025 502 72 vollkommenen
1824 2027 486 81 Geltenlassens,
2346 2030 108 70 das
2488 2060 145 40 man

432 2112 211 79 selbst,
677 2144 183 39 wenn
894 2114 162 70 auch
1087 2116 174 71 nicht
1293 2117 113 68 der
1434 2119 233 69 andere
1701 2119 377 83 praktiziert.
2114 2119 189 72 Ohne
2335 2123 144 69 sehr
2514 2122 119 71 viel

433 2203 411 84 Leichtigkeit
894 2208 86 68 im
1028 2207 346 70 Verzeihen
1425 2211 80 68 ist
1555 2240 143 39 man
1750 2212 138 69 kein
1935 2213 411 84 überlegener
2389 2213 243 71 Christ:

430 2298 160 66 sicut
618 2315 59 51 et
704 2326 112 40 nos
842 2298 397 70 dimittimus.
1268 2301 124 69 Die
1418 2301 327 84 Süßigkeit
1773 2306 170 67 einer
1965 2306 246 69 starken
2241 2306 180 70 Seele
2448 2307 148 69 über-

431 2387 155 69 trifft
614 2389 99 68 bei
739 2408 246 50 weitem
1013 2392 281 82 jedwede
1321 2391 341 73 Großmut.
1695 2396 152 78 ~Du
1875 2398 121 68 bist
2022 2398 140 68 kein
2189 2418 182 63 guter
2389 2398 242 71 Christ:

432 2480 100 67 nie
559 2479 221 71 kannst
804 2481 88 69 du
920 2484 96 66 ein
1046 2481 284 73 Unrecht
1355 2497 395 78 vergessen“,
1777 2505 133 65 sagt
1940 2489 146 69 Don
2112 2489 334 81 Quichote.
2476 2490 155 70 Man

433 2572 270 68 verzeiht
747 2572 493 72 siebenhundert
1297 2575 135 70 Mal
1467 2578 134 68 und
1632 2608 146 41 man
1813 2579 241 84 vergißt
2089 2580 171 69 nicht
2294 2583 100 67 ein
2429 2584 203 83 einzig

433 2660 157 69 Mal.
657 2662 154 70 Und
841 2693 70 40 so
945 2663 239 72 kommt
1216 2697 87 48 es,
1348 2667 124 71 daß
1507 2699 144 39 man
1687 2671 173 67 nicht
1894 2669 260 85 vergißt,
2191 2700 328 56 vergessen
2553 2704 75 39 zu

435 2751 223 71 haben.

524 2842 143 70 Was
700 2843 147 70 aber
870 2847 159 69 auch
1057 2848 236 70 kommt
1320 2851 132 68 und
1476 2881 123 40 was
1627 2853 132 68 ihm
1783 2853 159 69 auch
1970 2856 291 80 passiert:
2295 2856 149 69 Don
2470 2856 120 83 Qui-

435 2933 180 69 chote
659 2935 338 84 behauptet
1040 2941 213 69 seinen
1297 2940 199 71 Platz;
1541 2945 100 67 ein
1675 2945 580 84 unerschöpflicher
2285 2946 187 83 Quell
2506 2979 125 41 von

435 3024 252 71 Komik.
757 3025 228 72 Immer
1018 3030 279 70 derselbe
1331 3031 186 79 Held,
1564 3035 84 67 ob
1681 3062 64 40 er
1783 3035 343 74 Nachsicht
2161 3039 133 80 übt,
2341 3041 133 69 sich
2507 3043 124 68 den

435 3115 277 71 Miseren
760 3118 108 69 des
920 3119 244 71 Lebens
1213 3121 212 86 beugt,
1476 3124 151 71 oder
1675 3128 131 67 sich
1855 3128 154 70 über
2055 3130 576 88 Beschimpfungen

432 3209 424 84 hinwegsetzt.
891 3212 129 68 Das
1056 3232 75 49 ist
1165 3214 102 70 die
1302 3215 346 83 Komödie;
1686 3220 134 69 und
1855 3220 100 72 die
1980 3220 334 87 Tragödie,
2350 3256 183 41 wenn
2567 3255 65 43 er

431 3302 396 70 Widerstand
873 3302 221 72 leistet.
1165 3306 396 72 Widerstand
1606 3309 218 71 leisten
1872 3316 77 67 ist
1996 3317 174 70 nicht
2214 3318 112 70 das
2373 3318 258 85 richtige

428 3391 200 71 Wort.
679 3392 81 71 Es
794 3407 231 71 genügt
1061 3397 195 69 nicht.
1308 3397 192 72 Nicht
1533 3403 228 69 einmal
1795 3405 99 69 die
1931 3406 700 75 Leidenschaftlichkeit

426 3483 112 71 der
586 3483 286 87 Courage
919 3501 262 70 genügt:
1232 3520 144 41 man
1427 3494 154 69 muß
1631 3524 61 39 es
1739 3495 217 72 fühlen
2002 3500 133 68 und
2175 3532 156 53 ganz
2365 3502 97 70 bei
2496 3504 133 70 sich

427 3576 193 72 selbst
649 3581 154 67 sein.
841 3579 150 71 Und
1024 3610 123 41 was
1183 3612 63 40 es
1282 3582 159 70 auch
1475 3585 101 70 die
1602 3586 336 83 Griechen,
1974 3593 104 69 die
2103 3593 225 69 Dänen
2364 3594 133 70 und
2529 3596 102 70 die

426 3699 190 52 ganze
643 3670 161 71 Welt
841 3671 229 71 kostet:
1103 3671 204 73 Achill
1347 3695 76 50 ist
1457 3707 118 42 nur
1608 3709 108 40 um
1752 3681 209 72 diesen
1990 3683 191 81 Preis,
2210 3685 253 73 Hamlet
2496 3688 135 70 und

427 3760 319 84 Polyeukt.
806 3764 132 71 Der
971 3767 303 82 tragische
1308 3767 167 72 Held
1510 3773 79 67 ist
1620 3775 101 68 ein
1757 3774 233 84 Egoist.

517 3854 337 73 Cervantes
891 3858 104 70 hat
1027 3858 114 71 alle
1174 3859 115 70 Art
1336 3861 251 73 Komik.
1645 3866 203 71 Wenn
1884 3868 249 73 Sancho
2168 3871 102 71 die
2305 3871 154 72 Luft
2491 3901 137 42 ver-
