3259 4572
950 457 249 54 Kasimir
1226 455 288 54 Edschmid
1551 475 21 23 *
1613 457 113 51 Das
1756 459 400 67 Frauenschloß

2612 457 75 61 53

469 663 118 69 See
623 662 222 70 füllten
883 660 131 69 sich
1051 658 115 68 mit
1204 655 266 78 Frauen,
1509 657 102 69 die
1648 658 103 69 die
1787 658 206 69 Haare
2029 661 64 66 in
2134 658 241 69 bunten
2415 658 268 71 Mützen

467 775 243 65 trugen.

549 848 307 82 Katharys
896 845 117 67 Ast
1052 840 288 70 rauschte
1380 840 318 81 hinunter,
1740 842 155 70 warf
1933 844 364 84 sprühende
2336 844 197 70 Welle
2571 874 112 41 aus

467 942 144 68 dem
634 940 118 69 See
771 938 134 70 und
925 934 302 71 schnellte
1248 933 235 68 zurück
1503 935 63 68 in
1590 935 108 69 das
1725 935 208 71 Licht.
1978 935 87 70 So
2087 935 131 85 flog
2238 939 90 66 sie
2349 936 335 70 halbnackt

467 1034 133 69 und
641 1032 119 70 süß
799 1028 306 72 zwischen
1149 1027 217 68 Sonne
1405 1028 135 68 und
1580 1027 240 72 Sturm.
1888 1029 101 70 Da
2029 1029 157 70 warf
2224 1032 90 67 sie
2355 1032 116 67 mit
2513 1032 171 68 einer

468 1126 274 82 heftigen
768 1124 353 80 Bewegung
1145 1119 103 70 die
1273 1118 229 70 Hände
1524 1150 78 39 an
1629 1122 122 68 den
1778 1122 215 70 Mund
2016 1122 135 70 und
2177 1122 155 70 blies
2358 1123 135 70 ihre
2519 1122 122 71 Har-

463 1218 279 78 monika,
788 1215 211 69 indem
1044 1243 88 39 sie
1176 1212 150 84 flog.

547 1310 186 68 Dann
770 1306 230 71 warfen
1039 1305 132 70 sich
1208 1305 117 68 alle
1364 1303 242 72 Frauen
1645 1309 64 67 in
1747 1309 122 68 den
1908 1307 121 70 See
2064 1338 109 40 aus
2213 1309 123 69 den
2374 1309 305 71 Bäumen.

465 1401 289 70 Ostwind
779 1419 142 65 trug
947 1397 434 84 Wellenberge
1406 1397 271 70 herüber
1701 1401 135 68 und
1860 1401 236 70 wühlte
2121 1404 91 67 sie
2236 1401 109 70 auf
2369 1403 133 68 und
2528 1403 159 69 warf

463 1494 103 69 die
588 1491 549 75 Schwimmenden
1164 1490 298 70 einander
1485 1522 79 38 zu
1589 1491 158 70 über
1771 1494 103 67 die
1897 1494 233 83 glatten
2156 1493 387 72 Tierrücken
2568 1497 116 68 der

461 1585 214 83 Woge.
738 1584 231 69 Immer
999 1585 274 82 gaminte
1307 1582 311 85 Katharys
1651 1584 388 71 Harmonika
2069 1587 158 70 über
2256 1588 147 74 dem
2433 1588 247 70 weißen

459 1676 289 72 Zischen.
809 1677 101 68 Da
947 1676 151 69 hielt
1136 1677 99 68 ich
1274 1677 174 71 nicht
1486 1678 211 83 länger
1734 1697 185 50 unter
1955 1679 178 70 ihren
2171 1693 242 72 grünen
2449 1681 230 85 Augen

458 1770 132 68 und
623 1770 228 83 vergaß
883 1768 208 70 Ellens
1129 1768 177 70 Flöte
1336 1770 136 69 und
1505 1770 234 69 behielt
1771 1771 178 70 ihren
1984 1771 174 71 Blick
2192 1776 63 66 in
2290 1775 112 68 der
2436 1772 239 86 Gurgel

456 1861 206 69 hinter
685 1861 110 70 der
820 1860 238 85 Zunge.
1107 1861 139 70 Wie
1270 1864 139 67 eine
1434 1862 214 70 Herde
1669 1862 344 87 Antilopen
2040 1867 238 83 steigen
2303 1866 103 70 die
2431 1866 245 70 Frauen

454 1983 109 39 aus
595 1954 145 70 dem
773 1954 246 70 Wasser
1049 1955 134 69 und
1215 1983 236 42 rennen
1483 1958 64 67 in
1582 1956 229 70 breiter
1843 1956 183 70 Linie
2057 1960 64 67 in
2153 1959 123 68 den
2309 1959 179 71 Park.
2544 1959 131 71 Das

455 2045 187 70 Moos
666 2046 201 70 federt
889 2046 135 70 ihre
1047 2046 236 70 Sohlen
1307 2048 301 70 braunrot
1631 2052 64 66 in
1717 2050 105 69 die
1844 2050 188 70 Höhe
2053 2052 134 69 und
2210 2053 103 68 die
2336 2052 338 71 schlanken

455 2138 307 71 Schenkel
808 2140 291 70 leuchten
1143 2159 186 51 unter
1371 2142 123 70 den
1538 2142 305 72 Bäumen.

530 2231 135 69 Auf
691 2233 171 69 einer
891 2233 207 69 Wiese
1127 2233 245 84 begann
1405 2233 177 70 Ellen
1613 2236 103 68 die
1745 2234 318 73 Schlacht.
2119 2237 145 70 Heu
2293 2237 380 82 aufraffend,

450 2326 114 67 mit
591 2325 226 69 beiden
841 2326 238 70 Armen
1105 2358 65 38 es
1196 2358 77 38 an
1300 2328 103 69 die
1425 2328 190 69 Brust
1639 2328 282 85 gepreßt,
1947 2330 155 70 warf
2124 2332 93 69 sie
2241 2332 103 70 die
2370 2330 214 72 Garbe
2608 2335 65 67 in

450 2416 102 69 die
597 2416 177 71 Luft.
845 2417 102 70 Da
991 2446 311 56 sprangen
1348 2420 137 79 alle,
1533 2421 103 69 die
1681 2421 354 70 schwarzen
2085 2422 589 87 Schwimmanzüge

450 2507 305 84 glänzend
789 2513 116 67 wie
940 2510 443 81 Pantherhaut,
1433 2513 109 68 auf
1588 2514 122 68 den
1748 2514 225 80 Rasen,
2025 2515 221 84 biegen
2297 2516 102 70 die
2446 2516 227 70 Brüste

450 2601 232 69 zurück
707 2604 133 67 und
864 2603 372 71 schleudern
1263 2605 109 69 das
1400 2604 161 71 Gras
1588 2608 63 67 in
1678 2608 103 68 die
1806 2607 280 80 Nacken,
2112 2608 111 70 auf
2245 2609 109 69 das
2382 2607 285 73 Gesicht.

451 2692 101 68 Da
595 2694 183 83 prallt
821 2697 138 67 eine
1002 2695 224 84 Dogge
1269 2699 64 68 in
1377 2698 103 69 die
1523 2699 319 70 Schlacht.

528 2784 133 70 Aus
691 2805 389 63 getrenntem
1113 2789 331 69 Holunder
1485 2793 133 66 tritt
1660 2793 138 66 eine
1828 2791 204 70 Dame
2062 2794 85 68 im
2180 2792 348 86 Reitanzug
2557 2824 112 40 vor

450 2877 121 67 den
608 2877 356 84 glühenden
1000 2880 286 85 Vollzug.
1345 2882 295 70 Bleichen
1677 2882 293 71 Gesichts
2008 2885 197 69 bleibt
2238 2887 90 69 sie
2359 2888 66 69 in
2460 2887 165 85 Span-

449 2998 176 54 nung
668 2972 117 66 wie
831 2974 138 66 eine
1016 2972 237 70 Herme
1298 2975 240 79 stehen,
1588 2976 185 69 kaum
1822 2976 271 72 bebend.
2165 2979 134 69 Der
2346 2980 321 71 Reitstock

449 3059 259 71 klemmt
740 3081 184 50 unter
955 3064 200 70 ihrem
1185 3065 178 79 Arm,
1399 3068 100 67 ein
1532 3085 165 51 roter
1729 3068 178 69 Stein
1941 3071 86 68 im
2063 3069 196 73 Griff.
2323 3071 108 71 Ich
2463 3075 206 69 trinke

449 3151 311 87 Katharys
809 3183 356 56 grausames
1217 3158 296 71 Lächeln.
1588 3160 123 69 Die
1763 3160 243 71 Frauen
2057 3192 237 43 rennen
2344 3168 162 70 nach
2556 3169 113 69 der

447 3243 223 73 Küste.
729 3247 168 69 Flott
928 3249 323 83 gemachte
1286 3249 226 71 Kähne
1545 3254 329 71 rauschten
1908 3255 202 72 durch
2143 3257 521 76 Binsenschleier.

442 3337 124 71 Die
587 3338 273 71 Flottille
881 3341 155 69 warf
1055 3341 180 85 Segel
1258 3374 109 39 aus
1390 3344 134 70 und
1546 3346 240 71 streifte
1809 3349 65 68 in
1897 3349 104 70 die
2021 3349 142 73 See.
2209 3351 119 72 Ein
2352 3353 314 85 Dampfer

441 3431 121 70 voll
586 3431 375 82 Menschen,
987 3433 257 70 Fahnen
1267 3465 109 39 um
1400 3437 108 69 das
1531 3469 194 52 ganze
1745 3440 200 82 Deck,
1968 3456 268 59 stürmte
2256 3476 119 40 uns
2398 3446 210 71 läuten
2622 3449 42 68 d

440 3525 289 71 vorüber.
809 3526 125 70 Die
967 3526 486 88 Drachenköpfe
1497 3532 217 82 glitten
1761 3535 155 70 stolz
1963 3567 78 39 an
2076 3568 237 41 seinem
2351 3539 310 85 goldenen

439 3615 235 74 Löwen
714 3620 287 70 vorüber.
1065 3620 212 70 Schon
1326 3623 149 69 aber
1523 3626 332 71 rauschten
1905 3629 103 70 die
2045 3629 183 86 Segel
2265 3633 134 70 sich
2435 3633 189 71 schau-

437 3710 187 71 kelnd
662 3741 111 42 vor
804 3713 145 70 dem
994 3713 257 72 Schloß.

517 3803 132 71 Der
676 3807 231 70 Abend
936 3807 125 85 goß
1091 3808 134 70 sich
1254 3810 65 68 in
1349 3809 255 84 glashell
1636 3813 416 74 erleuchteter
2082 3816 258 87 Kuppel
2370 3849 134 41 aus.
2535 3819 127 71 Die

434 3918 382 63 gemaserten
854 3899 495 73 Wellendämme
1382 3903 233 73 ebbten
1649 3908 265 71 windlos
1950 3940 79 41 zu
2064 3911 309 71 bleierner
2408 3912 248 81 Fläche,
