3434 4572
879 491 72 58 48

1371 498 244 51 Kasimir
1918 497 62 52 Edschmid
1981 517 69 19 ♦
2051 498 119 50 Das
2171 497 384 68 Frauenschloß

1270 1198 241 78 DAS
1572 1195 1130 82 FRAUENSCHLOSS

1579 995 343 78 Kasimir
1972 995 400 78 Edschmid

1649 1341 170 58 EINE
1852 1333 446 68 ERZÄHLUNG

966 1510 120 68 Die
1121 1510 480 83 Drachenköpfe
1632 1540 254 39 unserer
1917 1512 193 68 Boote
2143 1513 198 81 bogen
2377 1542 104 37 um
2516 1513 108 67 das
2657 1512 177 82 gelbe
2866 1512 200 82 Segel.

884 1599 124 69 Die
1032 1600 230 69 Parade
1286 1600 240 83 vollzog
1549 1602 130 67 sich
1719 1632 61 37 in
1819 1603 338 81 elegantem
2180 1603 343 78 Rauschen,
2549 1604 113 66 wir
2683 1602 247 70 wollten
2957 1603 110 66 mit

884 1691 286 68 Ostwind
1201 1721 76 38 an
1310 1692 108 69 das
1448 1692 228 69 andere
1707 1692 196 79 Ende,
1937 1694 98 68 bei
2068 1692 287 70 Ostwind
2384 1693 366 68 anderthalb
2780 1693 285 69 Stunden

883 1782 263 69 dachten
1185 1811 129 49 wir,
1357 1814 61 37 es
1457 1811 201 41 waren
1697 1785 240 81 dreißig
1977 1785 361 68 Kilometer.
2402 1786 122 66 Die
2563 1785 268 67 Flottille
2869 1786 96 81 lag
3004 1787 61 65 in

884 1900 168 41 einer
1110 1874 200 68 Lime.
1392 1874 122 68 Die
1571 1875 212 67 Ruder
1838 1904 227 52 sangen
2124 1875 227 82 dumpf
2406 1876 391 67 verknattert.
2880 1875 185 68 Dann

887 1965 320 67 schäumte
1234 1966 106 66 das
1371 1965 242 67 Wasser
1640 1965 109 77 los,
1778 1966 132 68 und
1937 1966 100 68 die
2064 1965 178 83 Segel
2272 1966 267 82 beugten
2568 1966 130 68 sich
2725 1966 134 68 alle.

966 2056 130 68 Wir
1121 2055 222 69 fuhren
1369 2059 63 65 in
1458 2059 168 66 einer
1650 2056 167 83 Lage
1838 2058 135 67 steil
1998 2060 62 65 in
2086 2058 100 66 die
2209 2084 185 55 graue
2416 2058 216 67 Wüste
2656 2058 232 68 hinein.
2937 2058 128 66 Das

884 2147 442 82 durchpflügte
1366 2148 242 67 Wasser
1649 2147 94 68 riß
1783 2149 64 66 in
1888 2149 100 66 nie
2027 2148 441 68 abstrebender
2506 2148 194 68 Weile
2741 2149 178 66 einen
2960 2148 78 67 sil-

888 2238 231 67 bernen
1147 2237 211 84 Bogen
1386 2238 154 67 über
1565 2239 121 66 den
1715 2237 147 70 Lee.
1913 2238 122 67 Die
2048 2238 247 69 Bäuche
2322 2239 110 68 der
2457 2238 179 83 Segel
2665 2241 246 80 neigten
2938 2238 129 69 sich

886 2328 177 69 tiefer
1094 2329 132 68 und
1259 2328 277 69 streiften
1570 2331 107 67 das
1711 2329 266 69 farblose
2006 2331 242 67 Wasser
2279 2331 132 67 und
2443 2331 204 67 hoben
2681 2329 130 68 sich
2843 2331 227 67 wieder

883 2418 399 83 aufgetaucht
1329 2421 62 66 in
1441 2439 130 48 rote
1618 2420 232 68 Sonne.
1921 2420 123 67 Die
2090 2420 335 69 Luvseiten
2472 2420 255 68 wälzten
2777 2420 130 68 sich
2956 2422 113 65 mit

886 2511 190 69 heller
1103 2511 426 83 gestrichenen
1561 2511 267 67 Leibern
1857 2514 141 66 weit
2026 2542 108 38 aus
2163 2512 142 68 dem
2336 2511 138 79 See,
2506 2512 131 68 und
2666 2512 109 68 der
2803 2511 266 67 silberne

886 2603 298 81 Sprenkel
1209 2601 112 68 der
1342 2601 449 69 mitlaufenden
1817 2605 232 80 ewigen
2073 2603 194 68 Welle
2290 2615 356 69 umstäupte
2669 2632 118 38 uns
2811 2632 121 39 von
2958 2603 109 67 der

883 2693 269 68 anderen
1203 2694 113 66 mit
1348 2691 246 69 wildem
1631 2691 285 70 Geflock.
1988 2693 137 68 Alle
2172 2693 266 82 Flaggen
2488 2722 99 39 am
2639 2693 169 68 Mast
2859 2693 210 67 lohten

886 2784 232 69 schmal
1162 2784 327 83 gezüngelt
1532 2785 62 66 in
1640 2784 107 67 das
1791 2784 175 67 Blau.

962 2876 109 67 Als
1108 2876 100 67 die
1244 2878 195 80 spitze
1474 2876 217 67 Wolke
1725 2876 305 67 zwischen
2067 2877 142 67 dem
2247 2876 385 67 verlassenen
2669 2874 233 69 Schloß
2938 2877 132 66 und

884 2996 116 37 uns
1025 2964 428 79 hereinschoß,
1479 2967 269 80 gerieten
1772 2967 100 67 die
1898 2966 239 68 Frauen
2161 2968 62 65 in
2248 2966 370 82 Bewegung.
2665 2964 122 70 Die
2810 2966 259 67 nackten

886 3057 189 67 Beine
1099 3057 169 67 lösen
1293 3056 125 68 faul
1444 3057 193 67 Wade
1662 3088 120 36 von
1806 3057 212 78 Wade,
2045 3060 88 64 sie
2154 3076 262 48 trennen
2441 3057 131 67 sich
2596 3086 121 40 von
2746 3057 169 67 Mast
2938 3057 132 67 und

884 3149 111 67 der
1024 3150 300 80 sonnigen
1354 3147 336 78 Verdecke,
1721 3150 155 66 über
1905 3150 121 66 den
2058 3149 273 68 dunklen
2361 3149 447 81 Badeanzügen
2840 3147 191 68 schim-

886 3265 174 41 mern
1108 3239 100 67 die
1255 3240 235 66 bunten
1538 3239 247 81 Jacken.
1856 3239 115 68 Ein
2021 3238 264 69 Tratsch
2332 3258 168 49 saust
2548 3240 215 66 hinten
2810 3238 106 67 auf
2962 3239 107 67 das

887 3329 258 83 Gebirg.
1195 3329 171 67 Kühl
1391 3330 277 83 gebogen
1695 3330 161 69 steht
1880 3358 188 41 unser
2092 3332 274 67 Himmel
2393 3330 160 68 noch
2580 3329 277 67 blühend
2881 3329 186 69 antik.

963 3422 117 67 Ein
1103 3422 413 81 Regenbogen
1537 3423 175 67 rollte
1726 3424 136 66 eine
1876 3423 220 67 Natter
2110 3423 284 67 darüber.
2421 3420 164 69 Zwei
2605 3419 467 70 siebenfarbene

884 3513 285 69 Brücken
1202 3512 316 68 schnellen
1552 3513 154 67 über
1738 3514 100 68 die
1871 3513 335 69 verblaßte.
2264 3513 104 69 Sie
2401 3540 231 39 rennen
2666 3513 113 66 mit
2811 3541 118 38 uns
2962 3541 107 38 um

886 3606 100 67 die
1021 3605 224 68 Wette.
1306 3602 216 70 Große
1545 3603 155 82 Jagd
1724 3605 277 82 beginnt.
2060 3606 130 67 Das
2228 3603 231 69 Schloß
2496 3605 83 67 irr
2614 3601 354 80 leuchtend,
3008 3605 62 66 in

886 3695 203 68 ferner
1119 3695 214 68 Sonne
1362 3693 164 69 steht
1557 3695 216 81 schräg
1804 3696 265 80 geduckt
2101 3714 182 49 unter
2312 3695 110 67 der
2453 3693 357 82 gebogenen
2843 3692 228 70 Wucht

886 3787 109 68 des
1043 3785 352 70 Gewitters.
1465 3785 287 68 Darüber
1796 3786 145 67 aber
1985 3800 191 56 wütet
2220 3786 259 80 Jehovas
2526 3784 258 68 eherner
2830 3785 201 84 Regen-

886 3878 200 81 bogen
1121 3878 132 68 und
1284 3876 262 70 schnellt
1580 3879 113 66 mit
1725 3876 376 83 glühendem
2139 3876 222 83 Finger
2393 3876 201 68 neben
2627 3906 118 39 uns
2778 3876 155 69 über
2965 3878 106 67 das
