2329 3827
364 252 74 29 I.ËS
471 254 191 28 SONATES
698 257 54 25 DE
785 256 130 28 PIANO
951 258 54 25 DE
1039 254 258 30 BEETHOVEN
1325 255 7 29 :
1368 258 51 26 LA
1454 259 166 28 SONATE
1654 251 280 41 PATHÉTIQUE

2054 256 80 42 401

165 346 341 51 uneexposition
532 350 20 36 à
577 347 39 39 la
639 346 144 51 basse,
806 347 328 41 au-dessousde
1157 348 37 40 la
1216 350 138 50 partie
1373 350 341 53 harmoniquela
1731 352 99 52 plus
1847 365 149 37 grave.
2018 351 56 41 Et
2096 365 46 27 ce

165 423 119 33 court
306 413 134 41 chant
459 414 53 39 de
546 414 129 41 basse
696 429 53 25 ne
772 416 169 40 conclut
986 416 176 50 jamais.
1206 415 118 42 C'est
1355 432 86 26 une
1492 421 96 38 voix
1627 433 134 36 grave
1802 423 73 49 qui
1909 433 106 39 pose
2056 433 85 27 une

165 484 216 51 question,
395 483 228 40 attendant
639 483 40 39 la
700 488 187 47 réponse
906 483 108 40 delà
1037 485 138 50 partie
1196 487 268 49 supérieure.
1481 486 193 41 Procédé
1696 501 121 26 assez
1841 490 190 45 curieux,
2054 494 86 34 très

164 548 210 52 artificiel,
397 548 99 42 n'en
520 550 192 40 doutons
736 552 139 50 point,
897 555 119 36 étant
1038 551 173 41 donnée
1228 562 174 31 surtout
1422 554 38 39 la
1482 554 187 52 parfaite
1686 557 205 50 symétrie
1914 556 57 39 du
1990 555 125 40 balan-

164 626 167 33 cement
355 618 76 40 des
464 618 112 41 deux
598 619 115 40 voix.
739 617 179 42 Artifice
938 619 280 52 dramatique
1239 622 75 50 qui
1335 635 54 26 ne
1413 635 120 27 cesse
1552 637 78 37 pas
1647 621 132 43 d'être
1813 623 200 50 musical,
2040 623 100 40 bien

165 691 19 35 à
210 699 43 27 sa
278 686 122 51 place
423 686 111 40 dans
551 700 86 27 une
660 695 153 32 sonate
837 687 88 39 dite
946 687 272 52 pathétique,
1246 689 34 38 si
1305 688 87 41 l'on
1423 699 101 32 veut
1545 689 100 42 bien
1671 691 37 40 le
1750 691 251 41 considérer
2032 704 111 39 pour

165 767 44 27 ce
228 753 104 52 qu'il
364 763 64 32 est
451 767 8 27 :
482 768 85 26 une
590 752 140 52 figure
757 755 52 39 de
842 754 270 53 rhétorique,
1136 769 85 26 une
1264 757 156 51 simple
1450 764 276 46 prosopopée
1753 773 8 26 :

219 1828 61 40 Ce
301 1828 144 40 thème
468 1841 127 40 passe
619 1828 167 41 bientôt
807 1842 53 27 en
890 1832 43 36 ré
953 1829 135 40 bémol
1110 1830 183 51 majeur,
1320 1843 103 27 sans
1446 1845 26 37 y
1490 1830 231 41 demeurer
1761 1830 238 42 d'ailleurs.
2039 1831 94 42 Une

166 1898 110 38 série
298 1896 53 40 de
374 1896 302 41 modulations
700 1897 38 39 le
759 1902 175 35 ramène
957 1911 97 26 vers
1078 1898 39 39 la
1142 1898 259 40 dominante
1432 1898 52 39 de
1506 1898 59 39 mi
1583 1898 135 39 bémol
1723 1929 9 17 ,
1759 1907 38 31 et
1818 1913 45 26 ce
1888 1908 88 38 ton,
2001 1897 143 43 relatif

165 1963 84 41 d'ut
268 1966 188 46 mineur,
476 1978 74 26 sur
572 1964 53 40 de
644 1965 175 51 rapides
853 1965 226 50 trémolos,
1106 1964 247 53 s'épanouit
1377 1978 102 27 avec
1503 1966 214 51 ampleur,
1743 1981 78 37 par
1839 1980 86 26 une
1966 1971 174 37 montée

165 2032 304 52 chromatique
507 2037 21 35 à
554 2030 136 53 l'aigu
729 2046 86 38 que
854 2035 85 38 suit
981 2047 85 26 une
1099 2033 204 40 brillante
1341 2033 202 40 cadence.
1579 2032 441 43 Observerons-nous
2055 2049 85 37 que

167 2108 108 32 cette
304 2102 286 50 progression
615 2109 64 31 est
699 2102 53 38 ici
774 2105 172 47 répétée
985 2101 111 39 deux
1139 2100 100 49 fois,
1263 2114 103 27 sans
1398 2102 213 38 nécessité
1656 2103 247 49 expressive
1944 2101 157 41 visible
2126 2106 16 35 ?

165 2166 118 42 C'est
315 2168 38 39 là
379 2182 60 26 un
463 2170 119 38 souci
608 2168 51 40 de
684 2170 205 50 symétrie
911 2168 138 40 hérité
1077 2168 76 40 des
1179 2170 233 38 anciennes
1436 2168 235 40 habitudes
1695 2178 40 30 et
1750 2170 107 40 dont
1874 2169 266 47 Beethoven,

165 2236 53 39 ici
239 2248 171 28 comme
433 2250 54 25 en
505 2235 101 41 bien
629 2234 192 42 d'autres
846 2236 213 48 endroits,
1081 2234 66 42 n'a
1170 2250 78 38 pas
1282 2250 73 26 cru
1378 2236 151 40 devoir
1550 2234 285 42 s'affranchir.

221 2303 37 39 A
280 2305 127 51 peine
431 2305 141 39 arrivé
590 2308 90 36 àce
712 2312 74 32 ton
809 2305 106 39 clair
948 2304 51 40 de
1024 2303 58 41 mi
1114 2304 128 40 bémol
1250 2337 6 13 ,
1293 2304 38 39 le
1354 2305 295 51 compositeur
1670 2317 139 37 songe
1846 2308 19 35 à
1905 2304 38 40 le
1982 2305 161 51 quitter

166 2384 111 39 pour
299 2380 167 31 rentrer
489 2373 404 51 progressivement
917 2373 111 38 dans
1045 2371 62 40 les
1147 2371 200 41 sombres
1385 2371 203 41 tonalités
1612 2371 56 40 du
1701 2371 135 41 début
1858 2371 52 40 de
1933 2370 23 41 Y
1960 2371 181 54 Allegro

167 2453 83 37 que
267 2439 39 40 la
330 2441 164 50 reprise
515 2455 53 25 va
593 2453 215 27 ramener.
836 2439 30 40 Il
889 2454 26 37 y
935 2441 199 50 parvient
1157 2440 53 39 de
1223 2439 127 50 façon
1373 2439 201 50 élégante
1592 2447 40 32 et
1655 2439 171 52 simple.
1851 2437 86 42 Sur
1957 2439 184 40 l'accord

167 2509 180 50 tonique
367 2507 152 53 frappé
557 2516 40 31 et
631 2516 101 32 tenu
752 2522 79 37 par
854 2508 38 39 la
933 2509 120 39 main
1097 2507 153 49 droite,
1288 2507 40 40 la
1368 2507 129 40 basse
1527 2519 52 28 en
1611 2507 185 40 trémolo
1832 2507 186 39 descend
2058 2521 85 26 une

165 2589 177 35 gamme
364 2575 258 52 diatonique
651 2591 7 24 :
682 2575 61 40 mi
759 2575 148 48 bémol,
929 2578 59 46 ré,
1014 2575 68 48 do,
1104 2575 38 39 si
1164 2575 151 46 bémol,
1348 2575 40 38 la
1411 2574 148 47 bémol,
1584 2574 76 39 sol.
1686 2574 106 40 Puis
1834 2587 83 27 une
1956 2573 187 41 cadence

167 2644 136 39 évitée
330 2643 71 40 :le
423 2645 191 50 premier
644 2651 329 33 renversement
1014 2643 54 40 de
1091 2643 38 39 la
1152 2644 210 50 septième
1383 2643 258 39 dominante
1672 2642 59 39 du
1762 2650 72 31 ton
1856 2641 54 40 de
1948 2641 65 40 sol
2018 2672 10 18 ,
2071 2655 73 27 sur

167 2725 57 26 un
235 2712 56 51 fa
311 2711 110 40 dièse
442 2726 53 25 au
520 2726 153 36 grave.
704 2712 95 41 Une
817 2721 129 31 tenue
971 2725 74 26 sur
1065 2719 63 32 cet
1149 2710 153 40 accord
1331 2723 9 26 :
1366 2711 98 50 puis
1478 2710 58 51 ff,
1579 2707 180 42 l'accord
1801 2709 52 40 de
1888 2709 256 40 dominante

167 2791 75 27 sur
258 2778 66 40 sol
345 2788 39 31 et
407 2792 113 28 nous
541 2779 115 40 voilà
685 2784 202 36 ramenés
912 2794 54 26 au
987 2787 74 32 ton
1090 2778 107 40 d'ut.
1246 2777 118 41 Pour
1402 2778 39 39 la
1484 2778 186 39 seconde
1712 2778 179 50 reprise,
1933 2776 211 41 débutant

167 2860 170 26 comme
360 2847 29 39 il
414 2861 21 25 a
459 2851 65 36 été
547 2848 62 40 dit
632 2862 78 37 par
732 2862 60 26 un
816 2847 167 52 rappel,
1003 2860 54 26 en
1094 2846 65 39 sol
1193 2845 179 47 mineur,
1405 2845 51 39 de
1481 2845 9 39 l
1510 2845 312 46 introduction,
1844 2845 28 38 il
1890 2843 161 49 suffira,
2090 2858 53 26 au

167 2914 85 40 lieu
272 2915 57 39 du
353 2916 162 40 second
539 2916 175 50 accord,
738 2916 54 38 de
830 2919 170 47 répéter
1033 2914 38 39 le
1097 2914 203 51 premier.
1327 2912 115 40 Tout
1478 2913 85 39 ceci
1604 2921 63 31 est
1707 2917 85 34 très
1816 2912 173 51 simple,
2032 2913 112 38 mais

166 2981 126 42 d'une
318 2983 234 51 simplicité
574 2985 74 50 qui
673 2998 21 24 a
720 2996 46 26 sa
792 2982 238 51 grandeur.
