3492 4412
1697 127 91 52 395

417 277 195 66 Auflage
651 293 87 33 von
765 277 78 49 Nr.
884 273 127 53 197.

712 357 286 54 Gardanum.lsB7.

143 446 80 49 Nr.
257 442 134 51 224.
699 443 171 50 Pales
1068 443 176 50 trina.
1494 441 185 50 Cantica
1699 438 6 48 C
1179 437 157 49 Vierte
1361 434 330 52 unveränderte

417 524 199 68 Auflage
645 542 84 32 von
750 524 79 50 Nr.
862 521 128 52 197.
1044 519 189 51 Veneiiis
1261 521 129 64 apud
1422 519 126 50 Giac.
1583 518 81 50 Vin-

586 607 246 52 cenli.lsBB.

183 733 19 20 „
257 688 134 53 274.
421 693 106 48 Pal
539 708 52 33 es
604 691 178 49 trina.
819 687 184 51 Cantica
1036 686 169 50 Cantic.
1249 684 164 51 Fünfte
1444 682 246 51 unveränd.

424 772 194 66 Auflage
660 790 83 30 von
774 771 78 48 Nr.
892 767 130 51 197.
1075 768 186 50 Veneiiis
1304 769 127 64 apud
1474 767 217 48 Ilaeredes

701 856 266 65 Hieronymi
895 849 542 68 5c0t0.1596*).

184 978 19 20 „
259 936 132 51 288.
707 937 368 51 Palestrina.
1544 935 161 48 Cantica
1229 931 185 49 Sechste
1446 928 244 51 unveränd.

420 1017 194 67 Auflage
659 1035 86 32 von
773 1017 79 48 Nr.
891 1013 126 52 197.
1075 1015 183 50 Venetiis
1301 1015 125 66 apud
1465 1013 228 65 Angelum

717 1102 146 48 Gardanum.
864 1097 140 52 1601.

185 1225 18 21 „
261 1182 132 52 297.
711 1183 361 51 Palestrina.
1503 1182 183 50 Cantica
1199 1177 214 51 Siebente
1444 1177 246 51 unveränd.

421 1265 193 67 Auflage
655 1283 86 31 von
779 1265 78 49 Nr.
898 1261 127 52 197.
1078 1262 187 50 Venetiis
1306 1263 126 63 apud
1474 1262 219 48 Haeredes

424 1349 264 64 Hieronymi
718 1347 140 49 Scoto.
896 1342 170 52 1603.

186 1473 18 19 s
260 1430 114 52 318
383 1431 402 50 .Palestrina.
840 1429 183 49 Cantica
1068 1427 127 49 Cant.
1256 1423 146 51 Achte
1449 1422 242 51 unveränd.

421 1511 193 67 Auflage
644 1530 86 32 von
758 1510 80 49 Nr.
877 1507 127 52 197.
1050 1509 105 67 [ln?
1186 1507 107 49 fehlt
1326 1506 67 50 bei
1426 1506 207 67 Becker.]

184 1638 19 20 „
259 1594 132 56 333.
706 1596 366 50 Palestrina.
1510 1594 184 49 Cantica
1224 1590 179 49 Neunte
1444 1589 247 50 unveränd.

423 1676 193 66 Auflage
663 1694 87 33 von
792 1675 79 49 Nr.
910 1672 127 52 197.
1092 1672 187 51 Venetiis
1319 1674 127 64 apud
1487 1672 204 50 Barthol.

423 1761 238 66 Magnum.
699 1755 171 53 1613.

184 1882 18 20 „
257 1840 135 52 380.
421 1843 360 49 Palestrina.
839 1840 183 50 Cantica
1068 1839 127 49 Cant.
1243 1836 173 50 Zehnte
1447 1836 247 51 unveränd.

423 1924 195 66 Anflage
663 1942 85 31 von
791 1924 77 48 Nr.
919 1919 127 51 197.

424 2008 241 50 Mascardi.
705 2004 171 52 1650.

273 2089 110 51 Hier
414 2089 77 49 hat
525 2107 105 31 man
673 2089 42 48 in
749 2088 72 48 22
854 2086 151 50 Zeilen
1050 2086 96 50 eine
1192 2084 501 66 zusammenhangende

150 2172 405 67 bibliographische
572 2169 342 66 Beschreibung
942 2169 108 48 aller
1075 2169 111 48 zehn
1211 2168 238 66 Auflagen,
1479 2166 217 50 während

151 2255 174 50 Becker
355 2254 165 65 vierzig
537 2253 150 49 Zeilen
717 2250 250 69 gebraucht
990 2252 90 49 und
1107 2250 114 50 doch
1246 2250 105 66 jede
1378 2248 218 67 Ausgabe
1620 2267 51 30 zu-

153 2335 394 66 sammenhanglos
578 2335 215 50 dastehen
825 2334 122 48 lässt.
981 2333 77 49 Bei
1083 2333 130 65 jeder
1243 2332 240 64 folgenden
1506 2332 193 64 Auflage

152 2419 57 48 ist
254 2419 80 48 auf
372 2418 87 49 den
504 2426 151 40 ersten
699 2417 155 49 Druck
899 2415 306 65 hingewiesen
1249 2414 92 48 und
1385 2413 117 49 beim
1547 2420 152 41 ersten

151 2500 185 50 Drucke
378 2500 79 50 auf
487 2500 84 49 alle
600 2499 239 66 Auflagen,
884 2516 50 31 so
979 2498 103 49 dass
1126 2514 102 32 man
1275 2495 82 50 alle
1386 2495 312 49 Druckwerke

153 2583 124 50 einer
306 2583 288 50 bestimmten
626 2582 310 67 Composition
976 2580 132 50 rück-
1141 2579 92 50 und
1277 2582 223 45 vorwärts
1533 2578 135 48 durch-

152 2666 147 49 laufen
320 2666 131 49 kann.
478 2666 106 48 Man
614 2664 145 50 denke
790 2664 91 50 sich
913 2663 120 50 diese
1055 2662 191 51 Notizen
1270 2662 40 48 in
1342 2660 70 50 die
1439 2659 257 51 bestimmte

152 2748 310 66 Reihenfolge,
492 2747 172 49 welche
694 2747 69 49 die
793 2746 167 49 Zahlen
989 2746 241 55 andeuten,
1275 2742 297 66 eingeordnet
1604 2742 90 48 und

152 2831 88 49 alle
257 2829 190 68 übrigen
464 2829 257 50 Tonwerke
746 2828 116 50 eben
892 2845 50 33 so
964 2827 255 57 behandelt,
1249 2843 51 32 so
1333 2824 112 50 wird
1478 2826 76 48 das
1576 2826 87 48 Vor-

153 2912 231 49 theilhafte
424 2912 122 49 eines
585 2912 182 49 solchen
797 2911 273 50 Verfahrens
1113 2908 106 50 bald
1262 2908 296 48 einleuchten.
1619 2907 77 48 Bei

155 2994 275 65 Anführung
468 2993 79 50 des
586 3002 204 42 ersten
819 2993 207 50 Druckes
1058 2992 167 49 könnte
1254 2991 94 48 und
1379 2993 170 46 miisste
1578 2988 117 50 dann

155 3077 115 50 auch
299 3077 118 48 noch
444 3077 211 50 manches
685 3076 185 49 Andere
899 3073 239 68 angeführt
1167 3072 200 57 werden,
1411 3072 123 48 nicht
1574 3071 122 49 bloss

157 3160 80 49 der
266 3158 116 50 Titel
412 3157 312 51 buchstäblich
754 3174 163 50 genau,
957 3156 197 49 sondern
1183 3154 115 50 auch
1329 3153 69 51 die
1427 3153 271 57 Seitenzahl,

157 3242 70 50 die
243 3240 174 50 Anzahl
447 3238 81 51 der
547 3240 286 49 Stimmhefte
862 3238 91 50 und
984 3238 81 49 der
1082 3237 189 65 Umfang
1295 3235 128 67 jedes
1454 3235 245 57 einzelnen,

155 3323 237 51 Nachweis
424 3322 217 66 etwaiger
668 3321 224 66 Auflagen
932 3321 80 48 des
1042 3320 121 49 alten
1193 3318 216 57 Werkes,
1453 3316 246 51 theilweise

158 3406 111 51 oder
298 3405 282 66 vollständig,
624 3403 45 51 in
697 3420 202 33 neueren
928 3402 340 65 Sammlungen.
1326 3401 62 48 So
1418 3397 158 66 wi)rde
1606 3398 94 49 hier

160 3489 71 50 bei
392 3490 127 49 Cant.
635 3489 153 50 Cantic.
789 3485 107 67 anzugeben
942 3485 109 56 sein,
1093 3483 45 50 in
1177 3482 217 50 welchem
1423 3481 154 49 Bande
1619 3480 81 49 der

161 3571 309 51 sämmtlichen
518 3570 178 51 Werke
739 3569 283 49 Palestrina's
1065 3566 76 66 (im
1187 3565 184 66 vorigen
1417 3561 284 52 Jahrzehend

160 3673 85 33 von
275 3652 123 51 Baini
439 3651 391 69 herausgegeben)
873 3650 122 51 diese
1023 3649 225 49 Motetten
1294 3665 54 31 zu
1395 3646 152 50 finden
1590 3643 110 51 sind.

161 3737 103 50 Und
293 3734 177 52 endlich
496 3735 59 49 ist
583 3753 113 48 ganz
722 3732 294 51 unerlässlich
1040 3730 70 51 die
1132 3727 194 69 Angabe
1353 3727 83 51 der
1464 3729 132 57 Orte,
1625 3726 80 50 der

162 3819 286 50 öffentlichen
487 3817 112 51 oder
626 3814 503 55 Privat-Bibliotheken,
1173 3829 74 33 wo
1277 3810 79 52 das
1385 3810 45 51 in
1458 3809 128 52 Rede
1616 3815 89 44 ste-

237 3967 31 52 *)
297 3967 99 40 Hier
423 3965 83 40 und
534 3962 65 42 bei
627 3963 78 39 den
731 3961 210 52 folgenden
970 3960 84 52 gibt
1077 3957 151 41 Becker
1243 3957 70 40 das
1332 3957 157 40 Format
1508 3969 61 34 an,
1599 3957 81 37 näm-

292 4030 77 39 lich
640 4024 98 41 Sind
767 4026 104 37 denn
903 4023 63 38 die
995 4026 129 35 ersten
1152 4019 82 41 vier
1261 4019 217 52 Ausgaben
1513 4017 195 40 vielleicht

296 4090 104 42 ohne
429 4090 157 41 Format
614 4099 69 28 zur
711 4085 110 40 Welt
848 4082 268 52 gekommen?

1787 267 147 50 hende
1966 265 202 68 Original
2209 263 284 52 aufbewahrt
2536 261 126 53 wird.
2709 261 148 50 Allein
2899 260 78 51 auf
3017 260 122 51 diese
3170 259 158 52 Weise

1788 349 170 52 könnte
1988 349 70 50 ein
2088 364 143 35 neuer
2260 348 121 48 Eifer
2411 347 68 48 für
2508 345 77 51 das
2617 343 245 58 Sammeln,
2903 341 302 53 Beschreiben
3237 341 91 51 und

1787 433 190 49 Ordnen
2009 430 147 51 dieser
2185 430 120 50 alten
2333 428 306 52 Musikwerke
2669 434 154 59 erregt
2853 424 198 51 werden.

1910 514 72 50 Bis
2011 512 193 52 Jemand
2227 512 243 49 Ausdauer
2498 509 90 50 und
2620 508 205 67 günstige
2850 507 294 67 Gelegenheit
3175 505 155 61 findet,

1788 597 79 49 das
1901 595 148 54 Werk
2081 594 210 51 Becker's
2321 594 80 48 auf
2423 593 70 49 die
2523 592 301 66 angedeutete
2856 589 161 52 Weise
3049 607 85 32 von
3167 589 160 50 Grund

1787 697 81 32 aus
1900 678 374 67 umzugestalten,
2306 675 180 51 worauf
2512 674 114 50 doch
2655 673 116 49 noch
2804 673 142 65 einige
2975 672 99 49 Zeit
3104 670 226 68 hingehen

1788 762 162 56 dürfte,
1992 761 164 49 wollen
2187 759 81 50 wir
2297 776 85 33 uns
2413 758 80 50 mit
2522 757 101 49 dem
2655 755 94 50 hier
2781 754 282 59 Gebotenen,
3107 754 193 50 anerken-

1787 844 119 50 nend
1950 843 70 52 die
2063 842 152 66 wenig
2256 841 224 49 lohnende
2519 839 139 51 Mühe
2702 838 92 50 und
2839 837 88 51 den
2970 844 140 59 guten
3142 835 186 59 Willen,

1787 926 201 50 dankbar
2019 924 239 66 begnügen
2289 923 91 50 und
2411 941 49 32 es
2490 922 240 56 benutzen,
2762 937 129 32 wozu
2924 936 47 33 es
3003 927 83 57 gut
3112 919 70 49 ist.
3224 918 107 51 Wir

1789 1008 150 50 selber
1969 1008 213 50 möchten
2225 1006 118 49 wohl
2385 1003 160 51 einmal
2587 1011 141 42 etwas
2759 1001 386 66 Vollständigeres
3176 1016 129 33 versu-

1787 1092 129 57 chen,
1947 1089 180 51 können
2148 1088 148 51 indess
2320 1087 314 69 versprechen,
2665 1086 102 48 dass
2792 1084 80 50 wir
2902 1084 122 49 nicht
3053 1084 109 50 eher
3194 1082 137 51 damit

1787 1173 313 50 hervortreten
2132 1171 199 57 werden,
2361 1168 67 51 bis
2451 1167 212 52 Becker's
2683 1167 268 65 Sammlung
2979 1183 102 32 vom
3112 1164 220 66 Verleger

1785 1256 235 52 entweder
2063 1253 204 51 verkauft
2310 1253 110 50 oder
2463 1251 206 51 maculirt
2712 1249 70 50 ist.
2836 1248 119 51 Halb
2999 1248 183 60 Scherz,
3227 1246 104 50 halb

1785 1340 154 57 Ernst,
1969 1336 116 51 doch
2117 1336 40 49 in
2190 1336 152 48 keiner
2369 1333 207 51 Hinsicht
2606 1332 113 51 böse
2748 1332 211 66 gemeint.

1895 1674 95 59 Der
2027 1674 178 57 Verein
2242 1689 89 41 zur
2367 1669 334 75 Beförderung
2754 1668 85 58 der
2875 1667 262 58 Tonkunst
3174 1665 52 57 in

2449 1758 225 60 Holland.

1912 1872 85 51 Die
2034 1871 219 67 jährliche
2296 1867 570 66 General-Versammlung
2919 1865 144 51 dieses
3120 1864 207 60 Vereins,

1790 1958 82 50 der
1902 1954 283 51 bekanntlich
2215 1953 58 48 im
2305 1951 183 66 vorigen
2509 1951 139 49 Jahre
2677 1949 142 50 durch
2851 1949 79 50 das
2960 1965 159 50 grosse
3158 1947 145 51 Musik-

1790 2042 87 48 fest
1919 2055 54 31 zu
2020 2034 269 51 Rotterdam
2335 2034 92 49 sein
2472 2031 588 66 lünfundzwanzigjähriges
3104 2028 229 51 Bestehen

1790 2123 168 55 feierte,
1997 2121 77 47 hat
2103 2136 71 32 am
2207 2117 49 49 9.
2288 2114 206 52 October
2524 2133 55 32 zu
2610 2113 373 51 Amsterdam
3026 2113 122 50 Statt
3176 2111 133 66 gefun-

1792 2206 100 49 den.
1941 2206 100 47 Aus
2086 2202 102 48 dem
2232 2199 210 50 Berichte
2496 2198 79 50 des
2622 2196 511 52 Vorstands-Secretärs
3177 2194 159 50 Herrn

1792 2290 39 48 J.
1867 2288 48 47 P.
1949 2283 183 66 Heije,
2161 2281 264 49 rühmlichst
2456 2279 198 50 bekannt
2683 2278 141 50 durch
2856 2278 91 48 sein
2970 2276 253 68 poetisches
3246 2276 60 49 Ta-

1793 2371 105 56 lent,
1929 2368 109 65 geht
2068 2368 177 56 hervor,
2275 2365 102 48 dass
2408 2363 69 50 die
2508 2362 293 51 Gesellschaft
2824 2361 113 66 jetzt
2969 2358 149 51 1898
3140 2357 171 67 Mitglie-

1793 2452 80 50 der
1897 2450 133 58 zählt,
2061 2448 217 50 darunter
2302 2445 71 50 37
2404 2443 437 69 correspondirende
2858 2442 92 50 und
2975 2441 74 49 40
3071 2439 264 53 Verdienst-

1790 2532 319 68 Mitglieder*).

1916 2616 142 50 Unter
2088 2613 87 50 den
2206 2612 368 65 eingegangenen
2598 2606 521 68 Preis-Compositionen
3142 2605 95 49 sind
3264 2603 71 50 die

1792 2697 92 51 drei
1911 2697 226 57 Balladen,
2169 2693 217 51 Gedichte
2415 2710 85 32 von
2533 2692 80 50 W.
2644 2692 40 47 J.
2716 2688 243 68 Hofdyk,
3003 2688 43 49 in
3074 2686 150 51 Musik
3253 2701 54 51 ge-

1790 2789 117 43 setzt
1935 2798 86 33 von
2052 2777 258 52 Richard
2340 2775 111 49 Hol
2483 2775 41 48 in
2555 2773 307 58 Amsterdam,
2907 2771 195 49 welcher
3131 2768 114 51 auch
3275 2768 58 50 im

1789 2864 186 66 vorigen
2008 2861 138 51 Jahre
2175 2860 128 48 einen
2335 2857 125 49 Preis
2500 2856 69 48 für
2597 2852 559 69 Lieder-Compositionen
3186 2850 122 50 erhal-

1790 2955 75 42 ten
1896 2947 91 58 hat,
2029 2945 194 66 gekrönt
2253 2940 185 51 worden
2479 2939 91 50 und
2602 2936 147 51 haben
2790 2936 68 51 die
2889 2935 178 51 Prämie
3097 2953 85 33 von
3220 2932 113 50 100

1790 3029 178 49 Gulden
1999 3026 216 50 erhalten.
2274 3022 84 49 Die
2387 3020 285 51 Beurtheiler
2710 3035 152 33 waren
2902 3019 42 48 J.
2974 3019 51 47 F.
3055 3017 188 66 Dupont
3286 3015 47 49 in

1865 3161 31 46 *)
1980 3158 86 37 Art.
2099 3156 43 38 17
2174 3154 68 39 des
2270 3152 158 39 Statuts.
2457 3147 526 52 Correspondirende
3024 3146 286 40 Ehren-Mit-

1924 3217 138 52 glied
2077 3229 58 27 er
2162 3214 86 40 sind
2278 3212 144 45 solche,
2467 3209 160 47 welche,
2664 3209 52 38 im
2747 3208 202 39 Auslande
2978 3207 214 45 wohnhaft,
3217 3207 124 39 durch

1925 3278 263 40 anhaltenden
2218 3274 276 41 Briefwechsel
2524 3271 79 38 und
2634 3271 320 49 Erläuterungen
2988 3269 70 38 der
3087 3266 257 41 Gesellschaft

1924 3339 170 42 nützlich
2124 3337 84 40 sein
2236 3337 172 38 können.
2463 3334 64 39 Sie
2571 3332 159 40 werden
2777 3331 126 38 durch
2946 3330 65 39 die
3054 3327 264 42 General-Ver-

1924 3401 222 48 sammlung
2188 3397 70 39 auf
2279 3397 153 48 Antrag
2476 3395 70 38 der
2575 3393 154 50 Haupt-
2768 3391 96 39 oder
2891 3391 69 38 der
2988 3386 331 52 Abtheilungs-Di-

1925 3462 201 40 rectionen
2147 3463 178 41 ernannt,
2357 3455 86 40 sind
2475 3454 68 40 frei
2573 3466 75 26 von
2667 3452 331 50 Geld-Beiträgen
3029 3449 80 40 und
3138 3448 204 52 geniessen

1926 3524 62 39 die
2016 3522 148 39 Rechte
2193 3520 71 38 der
2291 3516 302 54 gewöhnlichen
2621 3514 236 52 Mitglieder.

1978 3585 85 38 Art.
2095 3582 60 40 18.
2197 3582 57 39 Zu
2284 3574 665 53 Verdienst-Mitgliedern
2988 3574 70 38 der
3088 3571 257 41 Gesellschaft

1929 3646 155 39 können
2114 3647 168 36 ernannt
2322 3640 158 39 werden
2526 3637 223 51 diejenigen
2778 3635 286 39 Niederländer
3092 3633 149 41 sowohl
3270 3632 75 39 wie

1928 3704 237 46 Ausländer,
2193 3702 150 41 welche
2372 3699 199 40 entweder
2601 3709 137 39 wegen
2767 3696 107 39 ihrer
2897 3696 146 39 Kunde
3071 3694 40 40 in
3139 3694 70 40 der
3237 3694 81 38 Ton-

1931 3768 129 46 kunst,
2102 3765 95 40 oder
2240 3774 135 38 wegen
2418 3759 251 41 erworbener
2702 3756 235 40 Verdienste
2979 3768 67 27 um
3088 3754 63 39 die
3194 3753 130 40 Gesell-

1930 3826 135 47 schaft,
2093 3826 96 38 oder
2217 3835 69 28 aus
2315 3823 170 39 anderen
2517 3817 265 41 Rücksichten
2811 3817 124 40 durch
2965 3816 62 40 die
3057 3815 266 52 Haupt-Direc-

1931 3891 82 39 tion
2055 3887 63 41 bei
2156 3887 71 38 der
2258 3881 496 49 General-Versammlung
2795 3892 69 27 zur
2891 3878 242 51 Erwählung
3176 3876 41 40 in
3245 3877 78 41 Vor-

1934 3952 133 50 schlag
2095 3948 188 51 gebracht
2311 3946 172 39 werden.
2536 3943 118 40 Auch
2683 3942 108 39 diese
2820 3941 85 39 sind
2935 3939 69 40 frei
3035 3951 75 28 von
3139 3938 186 41 Geld-Bei-

1935 4016 137 48 trägen
2102 4012 78 38 und
2212 4009 128 40 haben
2371 4005 151 52 gleiche
2551 4005 150 41 Rechte
2729 4003 70 40 mit
2827 4003 75 38 den
2931 3999 302 53 gewöhnlichen
3261 4000 66 41 Mit-

1939 4073 190 53 gliedern.

2942 1414 143 49 Mus.
3106 1414 82 49 lit.
