2364 4047
226 197 60 36 178

939 284 355 67 REALISM
1355 288 198 66 AND
1622 288 193 68 THE
1878 288 336 81 ACTOR.

935 467 105 47 AN
1108 468 599 56 INTERNATIONAL
1782 473 437 51 SYMPOSIUM

1047 635 77 30 this
1147 636 160 37 subject,
1330 638 122 29 which
1487 639 68 28 has
1588 639 162 29 aroused
1785 646 40 23 so
1850 640 112 30 much
1993 640 222 38 discussion,

1021 699 71 29 and
1124 707 99 29 upon
1261 701 122 30 which
1422 703 175 35 opinions
1635 702 95 30 have
1769 703 95 29 been
1899 704 184 35 gathered
2117 704 97 31 from

936 760 153 38 leading
1110 763 230 30 authorities
1364 765 37 28 in
1426 764 183 37 England,
1634 764 156 38 France,
1815 766 202 38 Germany,
2048 767 167 38 Austria,

937 824 171 37 Holland,
1130 834 56 22 we
1211 834 85 22 now
1318 828 105 35 print
1445 828 66 29 the
1538 827 75 31 last
1646 828 110 30 three
1790 828 139 37 replies
1962 830 124 29 which
2121 831 93 30 have

934 887 161 31 reached
1120 896 109 30 us,....
1251 889 111 30 those
1395 889 38 30 of
1466 891 91 29 Miss
1591 890 105 32 ESSen
1731 890 130 38 Terry,
1896 893 147 29 Madam
2079 893 135 30 Yvette

936 950 133 31 Guilbe
1092 953 73 28 and
1199 953 50 29 M.
1274 952 100 30 F£lix
1413 954 55 28 Du
1508 953 176 34 Quesnel.
1824 960 46 25 &
2169 962 44 24 &

729 1077 195 48 THE
994 1077 699 54 QUESTIONS.

214 1187 30 43 I.
329 1188 75 44 Do
426 1201 103 42 you
549 1192 245 43 consider
813 1194 232 49 Realism
1073 1195 56 42 in
1153 1195 186 52 acting
1360 1195 58 42 to
1444 1195 62 42 be
1527 1207 33 30 a
1581 1195 167 44 frank
1768 1197 441 52 representation

336 1274 55 41 of
424 1274 210 45 human
670 1276 237 45 nature?

211 1355 53 43 II.
332 1356 58 45 In
422 1369 132 42 your
588 1361 217 52 opinion
840 1360 188 44 should
1063 1361 97 43 the
1193 1361 161 43 Actor
1378 1361 64 43 be
1467 1361 220 45 allowed
1712 1362 97 44 the
1834 1375 154 32 same
2012 1364 197 45 liberty

336 1440 55 42 in
438 1440 82 43 his
565 1444 306 52 expression
917 1444 52 42 of
1012 1442 98 45 the
1155 1445 270 49 Passions,
1471 1456 61 31 as
1578 1446 43 41 is
1669 1446 292 52 permitted
2007 1448 58 41 to
2110 1446 97 43 the

333 1524 199 44 Writer
565 1539 59 30 or
654 1526 97 45 the
788 1529 260 42 Painter?

210 1605 73 44 III.
332 1606 73 43 Do
438 1619 103 41 you
581 1609 163 44 think
788 1610 129 43 that
960 1610 233 48 Realism
1244 1610 219 53 appeals
1505 1613 57 40 to
1608 1611 98 44 the
1752 1613 229 43 General
2026 1614 180 43 Public

332 1703 58 32 or
423 1693 123 53 only
578 1695 59 41 to
672 1707 33 30 a
739 1694 206 44 limited
982 1696 208 42 section
1226 1695 52 42 of
1312 1695 286 53 Playgoers
1613 1696 27 42 ?
1872 1705 71 37 &

771 1820 194 47 THE
1090 1821 537 49 ANSWERS.

555 1935 269 46 Ellen
911 1936 286 53 Terry
1442 1936 409 45 London.

207 2028 24 29 I.
290 2028 12 28 I
326 2027 136 30 dislike
487 2027 162 34 Realism
672 2037 41 22 as
736 2029 66 29 the
824 2030 105 29 word
953 2037 124 22 seems
1099 2030 41 29 to
1166 2030 45 29 be
1235 2030 234 30 understood
1493 2030 132 37 today.
1760 2029 148 38 Reality
1931 2038 124 22 seems
2086 2032 40 28 to
2155 2032 43 28 be

287 2090 261 36 ill»expressed
588 2092 47 36 by
673 2100 130 22 means
837 2091 38 30 of
912 2092 176 37 Realism,
1124 2092 61 30 for
1207 2092 139 37 reality
1369 2100 123 22 seems
1515 2094 40 29 to
1580 2101 59 22 me
1677 2094 40 29 to
1757 2094 44 29 be
1840 2101 105 22 more
1982 2094 95 29 than
2095 2102 103 22 mere

288 2153 197 37 brutality,
509 2156 72 28 and
609 2154 159 34 Realism
794 2156 32 29 is
850 2154 107 31 often
981 2155 89 37 only
1092 2156 91 29 this.
1318 2157 32 28 It
1372 2156 32 29 is
1428 2155 118 30 called
1614 2155 165 37 Holding
1808 2156 67 29 the
1906 2157 140 29 mirror
2078 2164 49 28 up
2157 2158 41 28 to

286 2217 141 29 Nature
487 2218 186 37 whereas,
698 2218 31 29 it
752 2225 122 23 seems
898 2219 40 29 to
964 2226 58 22 me
1046 2219 39 29 to
1111 2219 45 29 be
1179 2217 186 38 lowering
1388 2218 66 30 the
1473 2219 140 29 mirror
1629 2226 41 22 so
1687 2226 41 22 as
1743 2220 41 28 to
1800 2218 139 30 reflect
1953 2220 67 28 the
2037 2218 161 31 inferior

286 2279 137 30 details
446 2279 38 30 of
506 2281 142 29 human
673 2282 151 29 nature.
958 2282 138 35 Acting
1122 2281 136 30 should
1291 2282 67 28 not
1389 2282 46 28 be
1465 2290 21 20 a
1515 2281 115 30 frank
1653 2283 308 35 representation
1986 2281 37 31 of
2046 2281 151 31 human

286 2343 150 30 nature.

202 2404 40 30 II.
287 2406 12 28 I
323 2406 46 29 do
394 2406 67 29 not
483 2405 114 30 think
620 2414 47 21 an
692 2407 108 29 actor
822 2406 135 30 should
984 2408 45 28 be
1053 2406 160 30 allowed
1240 2407 67 29 the
1338 2415 104 21 same
1473 2406 141 38 liberty
1644 2408 37 28 in
1712 2407 66 30 the
1809 2408 221 35 expression
2063 2406 38 31 of
2130 2408 66 29 the

284 2469 172 35 passions
469 2476 40 22 as
522 2469 31 29 is
569 2470 208 34 permitted
795 2470 40 29 to
852 2470 67 29 the
936 2470 134 30 writer
1087 2470 73 29 and
1177 2470 66 29 the
1260 2470 165 35 painter.
1560 2470 52 29 He
1630 2469 148 38 should,
1796 2470 38 29 in
1852 2470 107 36 time,
1976 2469 28 31 if
2020 2469 177 38 possible,

282 2530 128 31 follow
433 2532 66 29 the
522 2531 92 31 laws
637 2533 122 29 which
784 2533 95 30 have
903 2533 138 36 guided
1066 2533 65 30 the
1155 2533 189 30 architect
1367 2533 73 29 and
1465 2533 67 29 the
1556 2533 197 30 musician.
1805 2538 44 25 JS?

202 2594 54 29 III.
287 2595 49 29 As
358 2593 60 31 for
441 2595 65 30 the
531 2594 182 38 Public,...
736 2596 65 29 the
826 2595 132 30 Public
976 2595 135 30 should
1131 2596 151 29 beware
1299 2596 72 29 and
1391 2594 214 31 undertake
1623 2597 51 28 its
1691 2595 333 36 responsibilities.
2070 2596 12 28 I
2100 2595 95 36 hope

283 2658 13 28 I
319 2665 59 21 am
403 2658 68 28 not
494 2658 177 30 deceived
696 2658 38 29 in
759 2657 190 38 believing
964 2658 88 30 that
1074 2658 66 30 the
1165 2657 132 31 Public
1320 2658 77 30 will
1421 2657 129 31 follow
1574 2666 47 21 an
1646 2659 109 29 actor
1771 2665 43 23 or
1830 2666 22 22 a
1868 2665 183 29 manager
2066 2658 128 29 whose

283 2721 73 28 aim
381 2720 31 29 is
435 2719 60 31 for
519 2721 66 29 the
609 2721 166 35 highest.

463 2826 349 43 Yvette
899 2826 458 43 Guilbert
1623 2827 303 42 Paris.

199 2918 25 29 I.
281 2918 218 36 Impossible
523 2919 45 29 de
593 2919 221 30 considerer
829 2926 66 23 sur
912 2918 36 31 la
964 2926 126 30 scene,
1114 2918 34 31 le
1172 2918 176 31 realisme
1372 2918 146 37 absolu,
1541 2918 54 30 tel
1619 2918 87 36 quel
1731 2919 121 30 existe
1877 2919 94 29 dans
1995 2918 35 29 la
2055 2919 136 29 nature

280 2982 192 34 humaine,
497 2988 95 29 pour
615 2980 36 31 la
675 2982 123 29 bonne
822 2982 128 29 raison
975 2989 73 29 que
1072 2981 36 30 la
1132 2982 137 29 nature
1294 2982 180 29 humaine
1498 2982 60 29 est
1573 2982 163 35 sincere,
1753 2982 168 29 dansses
1939 2982 252 36 expressions,

281 3045 39 29 et
343 3051 72 30 que
439 3043 96 31 Fart
558 3045 240 36 dramatique
823 3044 105 31 n'est
952 3045 140 36 qu'une
1116 3043 186 31 eternelle
1326 3045 155 35 parodie
1499 3045 66 29 des
1582 3046 244 28 sentiments.
1946 3044 160 30 Parodie
2127 3045 64 29 des

280 3107 116 36 &tres,
420 3107 64 36 qui
509 3114 47 23 ne
579 3108 88 29 sont
690 3107 132 35 jamais
846 3114 47 23 en
916 3109 124 29 verite
1064 3115 42 22 ce
1129 3107 112 37 qu'ils
1265 3108 127 29 disent
1415 3114 46 23 au
1486 3107 128 36 public
1637 3109 95 28 etre.
1777 3107 160 30 Parodie
1962 3108 66 29 des
2045 3108 146 35 decors,

280 3170 63 36 qui
367 3177 47 22 ne
431 3171 88 28 sont
534 3169 133 36 jamais
684 3171 65 28 des
767 3171 161 36 Verites,
946 3171 94 29 mais
1057 3172 66 28 des
1139 3170 112 30 toiles
1268 3171 127 35 peints
1411 3178 97 28 pour
1524 3172 178 34 parodier
1718 3170 35 30 la
1771 3172 151 34 nature,
1939 3172 40 27 et
1996 3171 65 28 des
2078 3171 113 28 bouts

279 3232 46 29 de
349 3233 80 29 bois
453 3239 96 29 pour
572 3233 177 36 parodier
773 3234 66 29 des
863 3233 199 30 chateaux.
1109 3234 47 30 Le
1181 3232 107 30 soleil
1312 3234 41 28 et
1376 3232 34 31 le
1434 3233 84 36 jour
1543 3235 40 29 et
1609 3233 35 30 la
1675 3234 87 29 nuit
1791 3234 90 28 sont
1910 3234 67 28 des
2006 3234 107 28 trues
2145 3233 45 29 de

279 3295 173 37 lumiere,
476 3295 54 30 les
553 3297 149 36 visages
726 3297 66 29 des
817 3296 111 30 heros
953 3304 47 22 ne
1024 3297 89 29 sont
1136 3304 73 28 que
1233 3297 66 29 des
1322 3297 144 36 images
1492 3297 195 30 resultant
1717 3297 66 29 des
1814 3295 260 37 maquillages,
2105 3296 83 29 rien

279 3358 102 29 nulle
405 3359 86 35 part
515 3366 46 22 ne
584 3360 104 29 reste
707 3359 100 37 Vrai,
824 3359 155 37 Nature,
996 3360 40 29 et
1051 3359 88 29 tout
1155 3359 94 29 dans
1266 3358 96 31 Fart
1378 3360 48 29 du
1444 3360 154 29 theatre
1615 3361 60 28 est
1690 3360 228 36 mensonge!
1943 3358 195 36 L'amour,
2154 3358 35 29 la

277 3421 126 37 haine,
426 3420 54 31 les
502 3421 143 37 pleurs,
668 3421 55 31 les
746 3423 111 36 rires,
880 3423 88 29 tout
991 3423 61 29 est
1073 3420 151 31 factice.
1271 3421 111 32 L'art
1404 3424 49 28 du
1479 3424 196 28 comedien
1701 3424 167 28 consiste
1891 3423 25 16 •*
1929 3430 21 21 a
1974 3429 96 23 nous
2092 3420 96 30 faire

277 3485 121 28 croire
463 3492 21 22 a
506 3485 67 29 des
596 3492 241 30 mensonges.
883 3486 105 29 Done
1010 3485 35 29 le
1070 3484 185 34 Realisme
1280 3485 36 29 n'
1327 3487 60 28 est
1409 3487 109 35 point
1541 3485 165 37 possible
1730 3486 94 29 dans
1848 3486 61 28 cet
1924 3486 62 28 art
2002 3483 186 31 inferieur

276 3555 21 21 a
320 3554 111 23 cause
455 3547 47 30 de
525 3555 68 22 son
619 3555 163 29 manque
809 3549 46 29 de
886 3549 142 35 verite;
1073 3554 49 23 on
1153 3547 87 30 s'en
1272 3549 201 37 approche,
1505 3556 48 22 on
1586 3556 47 22 ne
1664 3547 178 31 Fatteint
1874 3556 79 28 pas.
2000 3548 110 31 L'art
2138 3546 47 29 du

276 3611 196 29 comedien
497 3610 106 30 n'est
626 3612 110 35 point
760 3619 50 21 un
834 3612 81 36 art;
939 3610 35 30 le
999 3610 196 29 comedien
1220 3610 107 31 n'est
1350 3613 109 35 point
1484 3619 51 22 un
1559 3612 152 29 artiste.
1757 3611 26 30 II
1808 3610 142 31 excelle
1970 3618 21 21 a
2007 3610 142 35 imiter,
2166 3616 20 21 a

276 3673 139 29 rendre
439 3672 35 30 la
497 3673 139 36 pensde
665 3673 194 37 d'autrui;
883 3673 26 29 il
934 3680 47 22 ne
1005 3680 85 22 cree
1121 3673 103 36 rien;
1256 3673 26 30 il
1315 3682 47 22 ne
1392 3676 98 28 mets
1521 3674 117 37 qu'un
1670 3681 72 28 peu
1773 3675 46 28 de
1850 3673 159 30 couleur
2038 3680 68 22 sur
2135 3678 50 22 un

276 3733 155 32 dnorrne
455 3736 127 29 dessin
605 3744 90 22 sans
718 3736 35 30 le
777 3735 87 38 quel
888 3735 26 30 il
939 3743 47 22 ne
1009 3736 93 35 peut
1125 3736 104 30 rien!
1304 3737 27 29 II
1356 3739 126 28 anime
1506 3745 51 21 un
1582 3736 135 30 enfant
1732 3737 153 36 mort,...
1903 3735 99 31 voila
2019 3743 68 22 son
2104 3732 79 31 seul

276 3797 157 35 merite;
458 3799 93 29 mais
575 3807 48 21 on
649 3798 53 31 lui
725 3798 150 31 fournit
897 3796 190 31 Fenfant!
1111 3799 40 28 et
1174 3798 35 30 la
1233 3801 61 28 est
1316 3799 250 31 Finferiority
1590 3799 97 30 d'un
1710 3798 54 31 tel
1787 3800 74 29 art.
1969 3803 45 25 &
