<?xml version="1.0" encoding="UTF-8"?>
<alto xmlns:xsi="http://www.w3.org/2001/XMLSchema-instance" xmlns="http://www.loc.gov/standards/alto/ns-v2#" xsi:schemaLocation="http://www.loc.gov/standards/alto/ns-v2# http://www.loc.gov/standards/alto/alto-v2.0.xsd" xmlns:xlink="http://www.w3.org/1999/xlink">
	<Description>
		<MeasurementUnit>mm10</MeasurementUnit>
		<sourceImageInformation>
			<fileName>//fileserver7/IN2-2/Princeton/bmtnaau/1908/11_01/00000209.tif</fileName>
		</sourceImageInformation>
		<OCRProcessing ID="OCRPROCESSING_1">
			<preProcessingStep>
				<processingSoftware>
					<softwareCreator>CCS Content Conversion Specialists GmbH, Germany</softwareCreator>
					<softwareName>CCS docWorks</softwareName>
					<softwareVersion>6.7-1.24</softwareVersion>
				</processingSoftware>
			</preProcessingStep>
			<ocrProcessingStep>
				<processingSoftware>
					<softwareCreator>ABBYY (BIT Software), Russia</softwareCreator>
					<softwareName>FineReader</softwareName>
					<softwareVersion>10.0</softwareVersion>
				</processingSoftware>
			</ocrProcessingStep>
		</OCRProcessing>
	</Description>
	<Styles>
		<TextStyle ID="TXT_0" FONTSIZE="27" FONTFAMILY="Times New Roman"/>
		<TextStyle ID="TXT_1" FONTSIZE="12" FONTFAMILY="Times New Roman"/>
		<TextStyle ID="TXT_2" FONTSIZE="12" FONTFAMILY="Times New Roman" FONTSTYLE="italics"/>
		<TextStyle ID="TXT_3" FONTSIZE="12" FONTFAMILY="Times New Roman"/>
		<TextStyle ID="TXT_4" FONTSIZE="7" FONTFAMILY="Times New Roman" FONTSTYLE="bold"/>
		<ParagraphStyle ID="PAR_RIGHT" ALIGN="Right"/>
		<ParagraphStyle ID="PAR_LEFT" ALIGN="Left"/>
	</Styles>
	<Layout>
		<Page ID="P13" PHYSICAL_IMG_NR="13" HEIGHT="4048" WIDTH="2733" PRINTED_IMG_NR="173" PC="0.823">
			<TopMargin ID="P13_TM00001" HPOS="0" VPOS="0" WIDTH="2733" HEIGHT="246">
				<TextBlock ID="P13_TB00001" HPOS="2073" VPOS="213" WIDTH="61" HEIGHT="31" STYLEREFS="TXT_0 PAR_RIGHT">
					<TextLine ID="P13_TL00001" HPOS="2073" VPOS="213" WIDTH="61" HEIGHT="31">
						<String ID="P13_ST00001" HPOS="2073" VPOS="213" WIDTH="61" HEIGHT="31" CONTENT="173" WC="1.00" CC="000"/>
					</TextLine>
				</TextBlock>
			</TopMargin>
			<LeftMargin ID="P13_LM00001" HPOS="0" VPOS="246" WIDTH="160" HEIGHT="3571"/>
			<RightMargin ID="P13_RM00001" HPOS="2572" VPOS="246" WIDTH="161" HEIGHT="3571"/>
			<BottomMargin ID="P13_BM00001" HPOS="0" VPOS="3817" WIDTH="2733" HEIGHT="231"/>
			<PrintSpace ID="P13_PS00001" HPOS="160" VPOS="246" WIDTH="2412" HEIGHT="3571">
				<TextBlock ID="P13_TB00002" HPOS="160" VPOS="286" WIDTH="1978" HEIGHT="3531" STYLEREFS="TXT_1 PAR_LEFT">
					<TextLine ID="P13_TL00002" HPOS="165" VPOS="287" WIDTH="1969" HEIGHT="39">
						<String ID="P13_ST00002" HPOS="165" VPOS="290" WIDTH="97" HEIGHT="32" CONTENT="facts" WC="0.97" CC="61706"/>
						<SP ID="P13_SP00001" HPOS="262" VPOS="322" WIDTH="49"/>
						<String ID="P13_ST00003" HPOS="311" VPOS="291" WIDTH="40" HEIGHT="31" CONTENT="of" WC="0.47" CC="27"/>
						<SP ID="P13_SP00002" HPOS="351" VPOS="322" WIDTH="54"/>
						<String ID="P13_ST00004" HPOS="405" VPOS="290" WIDTH="114" HEIGHT="36" CONTENT='life,"' WC="0.96" CC="858774"/>
						<SP ID="P13_SP00003" HPOS="519" VPOS="326" WIDTH="44"/>
						<String ID="P13_ST00005" HPOS="563" VPOS="297" WIDTH="46" HEIGHT="22" CONTENT="an" WC="0.23" CC="68"/>
						<SP ID="P13_SP00004" HPOS="609" VPOS="326" WIDTH="59"/>
						<String ID="P13_ST00006" HPOS="668" VPOS="287" WIDTH="194" HEIGHT="29" CONTENT="honoured" WC="0.97" CC="78888886"/>
						<SP ID="P13_SP00005" HPOS="862" VPOS="326" WIDTH="50"/>
						<String ID="P13_ST00007" HPOS="912" VPOS="287" WIDTH="228" HEIGHT="29" CONTENT="retirement" WC="0.98" CC="6767767566"/>
						<SP ID="P13_SP00006" HPOS="1140" VPOS="326" WIDTH="48"/>
						<String ID="P13_ST00008" HPOS="1188" VPOS="295" WIDTH="99" HEIGHT="28" CONTENT="upon" WC="0.94" CC="6967"/>
						<SP ID="P13_SP00007" HPOS="1287" VPOS="326" WIDTH="50"/>
						<String ID="P13_ST00009" HPOS="1337" VPOS="288" WIDTH="56" HEIGHT="30" CONTENT="his" WC="0.95" CC="607"/>
						<SP ID="P13_SP00008" HPOS="1393" VPOS="326" WIDTH="49"/>
						<String ID="P13_ST00010" HPOS="1442" VPOS="290" WIDTH="122" HEIGHT="30" CONTENT="estate" WC="0.97" CC="605976"/>
						<SP ID="P13_SP00009" HPOS="1564" VPOS="326" WIDTH="55"/>
						<String ID="P13_ST00011" HPOS="1619" VPOS="292" WIDTH="40" HEIGHT="28" CONTENT="at" WC="0.58" CC="71"/>
						<SP ID="P13_SP00010" HPOS="1659" VPOS="326" WIDTH="52"/>
						<String ID="P13_ST00012" HPOS="1711" VPOS="289" WIDTH="192" HEIGHT="32" CONTENT="Stratford" WC="0.98" CC="739027606"/>
						<SP ID="P13_SP00011" HPOS="1903" VPOS="326" WIDTH="12"/>
						<String ID="P13_ST00013" HPOS="1915" VPOS="304" WIDTH="16" HEIGHT="10" CONTENT="-" WC="0.55" CC="4"/>
						<SP ID="P13_SP00012" HPOS="1931" VPOS="326" WIDTH="7"/>
						<String ID="P13_ST00014" HPOS="1938" VPOS="292" WIDTH="196" HEIGHT="29" CONTENT="on-Avon." WC="0.98" CC="67700777"/>
					</TextLine>
					<TextLine ID="P13_TL00003" HPOS="235" VPOS="348" WIDTH="1899" HEIGHT="42">
						<String ID="P13_ST00015" HPOS="235" VPOS="355" WIDTH="80" HEIGHT="29" CONTENT="And" WC="0.95" CC="076"/>
						<SP ID="P13_SP00013" HPOS="315" VPOS="384" WIDTH="27"/>
						<String ID="P13_ST00016" HPOS="342" VPOS="355" WIDTH="12" HEIGHT="28" CONTENT="I" WC="0.18" CC="8"/>
						<SP ID="P13_SP00014" HPOS="354" VPOS="384" WIDTH="23"/>
						<String ID="P13_ST00017" HPOS="377" VPOS="353" WIDTH="75" HEIGHT="30" CONTENT="will" WC="0.95" CC="0688"/>
						<SP ID="P13_SP00015" HPOS="452" VPOS="384" WIDTH="22"/>
						<String ID="P13_ST00018" HPOS="474" VPOS="353" WIDTH="161" HEIGHT="29" CONTENT="venture" WC="0.96" CC="3778788"/>
						<SP ID="P13_SP00016" HPOS="635" VPOS="384" WIDTH="23"/>
						<String ID="P13_ST00019" HPOS="658" VPOS="351" WIDTH="40" HEIGHT="27" CONTENT="to" WC="0.51" CC="63"/>
						<SP ID="P13_SP00017" HPOS="698" VPOS="384" WIDTH="24"/>
						<String ID="P13_ST00020" HPOS="722" VPOS="356" WIDTH="65" HEIGHT="29" CONTENT="say" WC="0.93" CC="567"/>
						<SP ID="P13_SP00018" HPOS="787" VPOS="385" WIDTH="23"/>
						<String ID="P13_ST00021" HPOS="810" VPOS="349" WIDTH="85" HEIGHT="29" CONTENT="that" WC="0.95" CC="6746"/>
						<SP ID="P13_SP00019" HPOS="895" VPOS="385" WIDTH="22"/>
						<String ID="P13_ST00022" HPOS="917" VPOS="349" WIDTH="66" HEIGHT="30" CONTENT="the" WC="0.93" CC="577"/>
						<SP ID="P13_SP00020" HPOS="983" VPOS="385" WIDTH="24"/>
						<String ID="P13_ST00023" HPOS="1007" VPOS="348" WIDTH="225" HEIGHT="31" CONTENT="cultivation" WC="0.98" CC="47860598757"/>
						<SP ID="P13_SP00021" HPOS="1232" VPOS="385" WIDTH="24"/>
						<String ID="P13_ST00024" HPOS="1256" VPOS="349" WIDTH="38" HEIGHT="30" CONTENT="of" WC="0.28" CC="67"/>
						<SP ID="P13_SP00022" HPOS="1294" VPOS="385" WIDTH="22"/>
						<String ID="P13_ST00025" HPOS="1316" VPOS="351" WIDTH="66" HEIGHT="29" CONTENT="the" WC="0.94" CC="466"/>
						<SP ID="P13_SP00023" HPOS="1382" VPOS="385" WIDTH="24"/>
						<String ID="P13_ST00026" HPOS="1406" VPOS="352" WIDTH="198" HEIGHT="30" CONTENT="character" WC="0.98" CC="269781037"/>
						<SP ID="P13_SP00024" HPOS="1604" VPOS="385" WIDTH="22"/>
						<String ID="P13_ST00027" HPOS="1626" VPOS="354" WIDTH="31" HEIGHT="29" CONTENT="is" WC="0.90" CC="02"/>
						<SP ID="P13_SP00025" HPOS="1657" VPOS="385" WIDTH="23"/>
						<String ID="P13_ST00028" HPOS="1680" VPOS="353" WIDTH="38" HEIGHT="29" CONTENT="of" WC="0.27" CC="77"/>
						<SP ID="P13_SP00026" HPOS="1718" VPOS="385" WIDTH="26"/>
						<String ID="P13_ST00029" HPOS="1744" VPOS="361" WIDTH="105" HEIGHT="21" CONTENT="more" WC="0.94" CC="7796"/>
						<SP ID="P13_SP00027" HPOS="1849" VPOS="385" WIDTH="28"/>
						<String ID="P13_ST00030" HPOS="1877" VPOS="360" WIDTH="257" HEIGHT="30" CONTENT="consequence" WC="0.98" CC="69715765746"/>
					</TextLine>
					<TextLine ID="P13_TL00004" HPOS="167" VPOS="412" WIDTH="1969" HEIGHT="36">
						<String ID="P13_ST00031" HPOS="167" VPOS="419" WIDTH="40" HEIGHT="28" CONTENT="to" WC="0.10" CC="79"/>
						<SP ID="P13_SP00028" HPOS="207" VPOS="447" WIDTH="23"/>
						<String ID="P13_ST00032" HPOS="230" VPOS="417" WIDTH="65" HEIGHT="30" CONTENT="the" WC="0.90" CC="599"/>
						<SP ID="P13_SP00029" HPOS="295" VPOS="447" WIDTH="23"/>
						<String ID="P13_ST00033" HPOS="318" VPOS="417" WIDTH="106" HEIGHT="28" CONTENT="actor" WC="0.96" CC="76367"/>
						<SP ID="P13_SP00030" HPOS="424" VPOS="447" WIDTH="21"/>
						<String ID="P13_ST00034" HPOS="445" VPOS="414" WIDTH="91" HEIGHT="29" CONTENT="than" WC="0.93" CC="6977"/>
						<SP ID="P13_SP00031" HPOS="536" VPOS="447" WIDTH="23"/>
						<String ID="P13_ST00035" HPOS="559" VPOS="413" WIDTH="41" HEIGHT="28" CONTENT="to" WC="0.59" CC="08"/>
						<SP ID="P13_SP00032" HPOS="600" VPOS="447" WIDTH="23"/>
						<String ID="P13_ST00036" HPOS="623" VPOS="419" WIDTH="73" HEIGHT="29" CONTENT="any" WC="0.92" CC="775"/>
						<SP ID="P13_SP00033" HPOS="696" VPOS="448" WIDTH="23"/>
						<String ID="P13_ST00037" HPOS="719" VPOS="412" WIDTH="111" HEIGHT="29" CONTENT="other" WC="0.95" CC="75769"/>
						<SP ID="P13_SP00034" HPOS="830" VPOS="448" WIDTH="22"/>
						<String ID="P13_ST00038" HPOS="852" VPOS="412" WIDTH="126" HEIGHT="29" CONTENT="artist." WC="0.97" CC="5706584"/>
						<SP ID="P13_SP00035" HPOS="978" VPOS="448" WIDTH="91"/>
						<String ID="P13_ST00039" HPOS="1069" VPOS="419" WIDTH="46" HEIGHT="24" CONTENT="&amp;" WC="1.00" CC="9"/>
						<SP ID="P13_SP00036" HPOS="1115" VPOS="448" WIDTH="976"/>
						<String ID="P13_ST00040" HPOS="2091" VPOS="422" WIDTH="45" HEIGHT="25" CONTENT="&amp;" WC="1.00" CC="9"/>
					</TextLine>
					<TextLine ID="P13_TL00005" HPOS="236" VPOS="473" WIDTH="1898" HEIGHT="40">
						<String ID="P13_ST00041" HPOS="236" VPOS="478" WIDTH="73" HEIGHT="29" CONTENT="The" WC="0.94" CC="096"/>
						<SP ID="P13_SP00037" HPOS="309" VPOS="507" WIDTH="23"/>
						<String ID="P13_ST00042" HPOS="332" VPOS="476" WIDTH="75" HEIGHT="30" CONTENT="loss" WC="0.94" CC="8764"/>
						<SP ID="P13_SP00038" HPOS="407" VPOS="507" WIDTH="23"/>
						<String ID="P13_ST00043" HPOS="430" VPOS="473" WIDTH="38" HEIGHT="31" CONTENT="of" WC="0.15" CC="97"/>
						<SP ID="P13_SP00039" HPOS="468" VPOS="507" WIDTH="22"/>
						<String ID="P13_ST00044" HPOS="490" VPOS="474" WIDTH="197" HEIGHT="29" CONTENT="character" WC="0.98" CC="776997027"/>
						<SP ID="P13_SP00040" HPOS="687" VPOS="507" WIDTH="22"/>
						<String ID="P13_ST00045" HPOS="709" VPOS="473" WIDTH="32" HEIGHT="29" CONTENT="is" WC="0.36" CC="56"/>
						<SP ID="P13_SP00041" HPOS="741" VPOS="507" WIDTH="22"/>
						<String ID="P13_ST00046" HPOS="763" VPOS="473" WIDTH="66" HEIGHT="30" CONTENT="the" WC="0.92" CC="596"/>
						<SP ID="P13_SP00042" HPOS="829" VPOS="507" WIDTH="24"/>
						<String ID="P13_ST00047" HPOS="853" VPOS="473" WIDTH="75" HEIGHT="30" CONTENT="loss" WC="0.97" CC="8430"/>
						<SP ID="P13_SP00043" HPOS="928" VPOS="507" WIDTH="23"/>
						<String ID="P13_ST00048" HPOS="951" VPOS="473" WIDTH="38" HEIGHT="30" CONTENT="of" WC="0.25" CC="77"/>
						<SP ID="P13_SP00044" HPOS="989" VPOS="507" WIDTH="22"/>
						<String ID="P13_ST00049" HPOS="1011" VPOS="473" WIDTH="300" HEIGHT="36" CONTENT="self®discipline," WC="0.50" CC="7480475263086770"/>
						<SP ID="P13_SP00045" HPOS="1311" VPOS="509" WIDTH="25"/>
						<String ID="P13_ST00050" HPOS="1336" VPOS="476" WIDTH="72" HEIGHT="28" CONTENT="and" WC="0.91" CC="787"/>
						<SP ID="P13_SP00046" HPOS="1408" VPOS="509" WIDTH="24"/>
						<String ID="P13_ST00051" HPOS="1432" VPOS="476" WIDTH="65" HEIGHT="30" CONTENT="the" WC="0.94" CC="096"/>
						<SP ID="P13_SP00047" HPOS="1497" VPOS="509" WIDTH="24"/>
						<String ID="P13_ST00052" HPOS="1521" VPOS="478" WIDTH="140" HEIGHT="29" CONTENT="actor's" WC="0.98" CC="9647031"/>
						<SP ID="P13_SP00048" HPOS="1661" VPOS="509" WIDTH="23"/>
						<String ID="P13_ST00053" HPOS="1684" VPOS="477" WIDTH="283" HEIGHT="36" CONTENT="self-discipline" WC="0.99" CC="377604515078776"/>
						<SP ID="P13_SP00049" HPOS="1967" VPOS="513" WIDTH="17"/>
						<String ID="P13_ST00054" HPOS="1984" VPOS="479" WIDTH="31" HEIGHT="29" CONTENT="is" WC="0.58" CC="17"/>
						<SP ID="P13_SP00050" HPOS="2015" VPOS="513" WIDTH="17"/>
						<String ID="P13_ST00055" HPOS="2032" VPOS="485" WIDTH="102" HEIGHT="22" CONTENT="more" WC="0.94" CC="6495"/>
					</TextLine>
					<TextLine ID="P13_TL00006" HPOS="168" VPOS="535" WIDTH="1968" HEIGHT="39">
						<String ID="P13_ST00056" HPOS="168" VPOS="539" WIDTH="98" HEIGHT="31" CONTENT="tried" WC="0.95" CC="77677"/>
						<SP ID="P13_SP00051" HPOS="266" VPOS="570" WIDTH="24"/>
						<String ID="P13_ST00057" HPOS="290" VPOS="537" WIDTH="91" HEIGHT="30" CONTENT="than" WC="0.93" CC="6997"/>
						<SP ID="P13_SP00052" HPOS="381" VPOS="570" WIDTH="24"/>
						<String ID="P13_ST00058" HPOS="405" VPOS="536" WIDTH="38" HEIGHT="28" CONTENT="in" WC="0.61" CC="07"/>
						<SP ID="P13_SP00053" HPOS="443" VPOS="570" WIDTH="25"/>
						<String ID="P13_ST00059" HPOS="468" VPOS="542" WIDTH="72" HEIGHT="29" CONTENT="any" WC="0.95" CC="570"/>
						<SP ID="P13_SP00054" HPOS="540" VPOS="571" WIDTH="22"/>
						<String ID="P13_ST00060" HPOS="562" VPOS="535" WIDTH="112" HEIGHT="29" CONTENT="other" WC="0.96" CC="60969"/>
						<SP ID="P13_SP00055" HPOS="674" VPOS="571" WIDTH="23"/>
						<String ID="P13_ST00061" HPOS="697" VPOS="535" WIDTH="73" HEIGHT="30" CONTENT="art." WC="0.95" CC="9904"/>
						<SP ID="P13_SP00056" HPOS="770" VPOS="571" WIDTH="45"/>
						<String ID="P13_ST00062" HPOS="815" VPOS="535" WIDTH="75" HEIGHT="31" CONTENT="The" WC="0.94" CC="097"/>
						<SP ID="P13_SP00057" HPOS="890" VPOS="571" WIDTH="24"/>
						<String ID="P13_ST00063" HPOS="914" VPOS="537" WIDTH="89" HEIGHT="34" CONTENT="poet" WC="0.97" CC="9060"/>
						<SP ID="P13_SP00058" HPOS="1003" VPOS="571" WIDTH="23"/>
						<String ID="P13_ST00064" HPOS="1026" VPOS="535" WIDTH="38" HEIGHT="30" CONTENT="in" WC="0.44" CC="37"/>
						<SP ID="P13_SP00059" HPOS="1064" VPOS="571" WIDTH="26"/>
						<String ID="P13_ST00065" HPOS="1090" VPOS="535" WIDTH="56" HEIGHT="30" CONTENT="his" WC="0.92" CC="974"/>
						<SP ID="P13_SP00060" HPOS="1146" VPOS="571" WIDTH="30"/>
						<String ID="P13_ST00066" HPOS="1176" VPOS="537" WIDTH="158" HEIGHT="34" CONTENT="retreat," WC="0.97" CC="97797906"/>
						<SP ID="P13_SP00061" HPOS="1334" VPOS="571" WIDTH="31"/>
						<String ID="P13_ST00067" HPOS="1365" VPOS="537" WIDTH="66" HEIGHT="31" CONTENT="the" WC="0.93" CC="297"/>
						<SP ID="P13_SP00062" HPOS="1431" VPOS="571" WIDTH="30"/>
						<String ID="P13_ST00068" HPOS="1461" VPOS="538" WIDTH="170" HEIGHT="36" CONTENT="sculptor" WC="0.98" CC="00687670"/>
						<SP ID="P13_SP00063" HPOS="1631" VPOS="574" WIDTH="30"/>
						<String ID="P13_ST00069" HPOS="1661" VPOS="541" WIDTH="71" HEIGHT="28" CONTENT="and" WC="0.91" CC="987"/>
						<SP ID="P13_SP00064" HPOS="1732" VPOS="574" WIDTH="30"/>
						<String ID="P13_ST00070" HPOS="1762" VPOS="540" WIDTH="66" HEIGHT="29" CONTENT="the" WC="0.95" CC="094"/>
						<SP ID="P13_SP00065" HPOS="1828" VPOS="574" WIDTH="29"/>
						<String ID="P13_ST00071" HPOS="1857" VPOS="541" WIDTH="114" HEIGHT="28" CONTENT="artist" WC="0.98" CC="995100"/>
						<SP ID="P13_SP00066" HPOS="1971" VPOS="574" WIDTH="27"/>
						<String ID="P13_ST00072" HPOS="1998" VPOS="540" WIDTH="39" HEIGHT="28" CONTENT="in" WC="0.41" CC="47"/>
						<SP ID="P13_SP00067" HPOS="2037" VPOS="574" WIDTH="32"/>
						<String ID="P13_ST00073" HPOS="2069" VPOS="540" WIDTH="67" HEIGHT="29" CONTENT="the" WC="0.94" CC="753"/>
					</TextLine>
					<TextLine ID="P13_TL00007" HPOS="167" VPOS="596" WIDTH="1969" HEIGHT="41">
						<String ID="P13_ST00074" HPOS="167" VPOS="600" WIDTH="104" HEIGHT="37" CONTENT="quiet" WC="0.96" CC="97057"/>
						<SP ID="P13_SP00068" HPOS="271" VPOS="637" WIDTH="23"/>
						<String ID="P13_ST00075" HPOS="294" VPOS="597" WIDTH="38" HEIGHT="31" CONTENT="of" WC="0.21" CC="78"/>
						<SP ID="P13_SP00069" HPOS="332" VPOS="637" WIDTH="21"/>
						<String ID="P13_ST00076" HPOS="353" VPOS="596" WIDTH="102" HEIGHT="30" CONTENT="their" WC="0.95" CC="79659"/>
						<SP ID="P13_SP00070" HPOS="455" VPOS="637" WIDTH="23"/>
						<String ID="P13_ST00077" HPOS="478" VPOS="597" WIDTH="160" HEIGHT="36" CONTENT="studios," WC="0.98" CC="70703970"/>
						<SP ID="P13_SP00071" HPOS="638" VPOS="637" WIDTH="17"/>
						<String ID="P13_ST00078" HPOS="655" VPOS="596" WIDTH="112" HEIGHT="30" CONTENT="know" WC="0.95" CC="8760"/>
						<SP ID="P13_SP00072" HPOS="767" VPOS="637" WIDTH="24"/>
						<String ID="P13_ST00079" HPOS="791" VPOS="598" WIDTH="162" HEIGHT="35" CONTENT="nothing" WC="0.97" CC="8589277"/>
						<SP ID="P13_SP00073" HPOS="953" VPOS="637" WIDTH="22"/>
						<String ID="P13_ST00080" HPOS="975" VPOS="596" WIDTH="38" HEIGHT="30" CONTENT="of" WC="0.59" CC="08"/>
						<SP ID="P13_SP00074" HPOS="1013" VPOS="637" WIDTH="22"/>
						<String ID="P13_ST00081" HPOS="1035" VPOS="598" WIDTH="64" HEIGHT="29" CONTENT="the" WC="0.97" CC="006"/>
						<SP ID="P13_SP00075" HPOS="1099" VPOS="637" WIDTH="24"/>
						<String ID="P13_ST00082" HPOS="1123" VPOS="596" WIDTH="223" HEIGHT="32" CONTENT="difficulties" WC="0.99" CC="607806780570"/>
						<SP ID="P13_SP00076" HPOS="1346" VPOS="637" WIDTH="23"/>
						<String ID="P13_ST00083" HPOS="1369" VPOS="598" WIDTH="38" HEIGHT="30" CONTENT="of" WC="0.63" CC="07"/>
						<SP ID="P13_SP00077" HPOS="1407" VPOS="637" WIDTH="21"/>
						<String ID="P13_ST00084" HPOS="1428" VPOS="599" WIDTH="234" HEIGHT="38" CONTENT="performing" WC="0.98" CC="7097466177"/>
						<SP ID="P13_SP00078" HPOS="1662" VPOS="637" WIDTH="16"/>
						<String ID="P13_ST00085" HPOS="1678" VPOS="602" WIDTH="101" HEIGHT="30" CONTENT="their" WC="0.96" CC="79419"/>
						<SP ID="P13_SP00079" HPOS="1779" VPOS="637" WIDTH="15"/>
						<String ID="P13_ST00086" HPOS="1794" VPOS="600" WIDTH="107" HEIGHT="31" CONTENT="work" WC="0.97" CC="0670"/>
						<SP ID="P13_SP00080" HPOS="1901" VPOS="637" WIDTH="16"/>
						<String ID="P13_ST00087" HPOS="1917" VPOS="602" WIDTH="139" HEIGHT="29" CONTENT="amidst" WC="0.97" CC="990904"/>
						<SP ID="P13_SP00081" HPOS="2056" VPOS="637" WIDTH="15"/>
						<String ID="P13_ST00088" HPOS="2071" VPOS="602" WIDTH="65" HEIGHT="30" CONTENT="the" WC="0.95" CC="076"/>
					</TextLine>
					<TextLine ID="P13_TL00008" HPOS="164" VPOS="657" WIDTH="1971" HEIGHT="43">
						<String ID="P13_ST00089" HPOS="164" VPOS="658" WIDTH="245" HEIGHT="32" CONTENT="distractions" WC="0.98" CC="977979714776"/>
						<SP ID="P13_SP00082" HPOS="409" VPOS="690" WIDTH="24"/>
						<String ID="P13_ST00090" HPOS="433" VPOS="657" WIDTH="37" HEIGHT="30" CONTENT="of" WC="0.63" CC="07"/>
						<SP ID="P13_SP00083" HPOS="470" VPOS="690" WIDTH="22"/>
						<String ID="P13_ST00091" HPOS="492" VPOS="658" WIDTH="87" HEIGHT="29" CONTENT="that" WC="0.96" CC="0655"/>
						<SP ID="P13_SP00084" HPOS="579" VPOS="690" WIDTH="22"/>
						<String ID="P13_ST00092" HPOS="601" VPOS="661" WIDTH="94" HEIGHT="34" CONTENT="busy" WC="0.94" CC="8749"/>
						<SP ID="P13_SP00085" HPOS="695" VPOS="695" WIDTH="23"/>
						<String ID="P13_ST00093" HPOS="718" VPOS="659" WIDTH="85" HEIGHT="30" CONTENT="hive" WC="0.93" CC="9697"/>
						<SP ID="P13_SP00086" HPOS="803" VPOS="695" WIDTH="24"/>
						<String ID="P13_ST00094" HPOS="827" VPOS="658" WIDTH="39" HEIGHT="31" CONTENT="of" WC="0.64" CC="07"/>
						<SP ID="P13_SP00087" HPOS="866" VPOS="695" WIDTH="21"/>
						<String ID="P13_ST00095" HPOS="887" VPOS="660" WIDTH="171" HEIGHT="36" CONTENT="activity," WC="0.98" CC="767996303"/>
						<SP ID="P13_SP00088" HPOS="1058" VPOS="696" WIDTH="23"/>
						<String ID="P13_ST00096" HPOS="1081" VPOS="660" WIDTH="66" HEIGHT="30" CONTENT="the" WC="0.94" CC="573"/>
						<SP ID="P13_SP00089" HPOS="1147" VPOS="696" WIDTH="24"/>
						<String ID="P13_ST00097" HPOS="1171" VPOS="661" WIDTH="157" HEIGHT="29" CONTENT="modern" WC="0.96" CC="977608"/>
						<SP ID="P13_SP00090" HPOS="1328" VPOS="696" WIDTH="23"/>
						<String ID="P13_ST00098" HPOS="1351" VPOS="661" WIDTH="166" HEIGHT="31" CONTENT="theatre." WC="0.97" CC="49793904"/>
						<SP ID="P13_SP00091" HPOS="1517" VPOS="696" WIDTH="45"/>
						<String ID="P13_ST00099" HPOS="1562" VPOS="662" WIDTH="75" HEIGHT="30" CONTENT="The" WC="0.94" CC="097"/>
						<SP ID="P13_SP00092" HPOS="1637" VPOS="696" WIDTH="24"/>
						<String ID="P13_ST00100" HPOS="1661" VPOS="671" WIDTH="90" HEIGHT="29" CONTENT="very" WC="0.94" CC="9690"/>
						<SP ID="P13_SP00093" HPOS="1751" VPOS="700" WIDTH="23"/>
						<String ID="P13_ST00101" HPOS="1774" VPOS="663" WIDTH="223" HEIGHT="37" CONTENT="irritability" WC="0.98" CC="467439748609"/>
						<SP ID="P13_SP00094" HPOS="1997" VPOS="700" WIDTH="16"/>
						<String ID="P13_ST00102" HPOS="2013" VPOS="664" WIDTH="122" HEIGHT="28" CONTENT="which" WC="0.96" CC="86547"/>
					</TextLine>
					<TextLine ID="P13_TL00009" HPOS="162" VPOS="720" WIDTH="1973" HEIGHT="42">
						<String ID="P13_ST00103" HPOS="162" VPOS="722" WIDTH="31" HEIGHT="29" CONTENT="is" WC="0.45" CC="73"/>
						<SP ID="P13_SP00095" HPOS="193" VPOS="751" WIDTH="22"/>
						<String ID="P13_ST00104" HPOS="215" VPOS="729" WIDTH="22" HEIGHT="20" CONTENT="a" WC="1.00" CC="9"/>
						<SP ID="P13_SP00096" HPOS="237" VPOS="751" WIDTH="23"/>
						<String ID="P13_ST00105" HPOS="260" VPOS="727" WIDTH="201" HEIGHT="30" CONTENT="necessary" WC="0.98" CC="967604990"/>
						<SP ID="P13_SP00097" HPOS="461" VPOS="757" WIDTH="22"/>
						<String ID="P13_ST00106" HPOS="483" VPOS="722" WIDTH="195" HEIGHT="29" CONTENT="condition" WC="0.98" CC="539770877"/>
						<SP ID="P13_SP00098" HPOS="678" VPOS="757" WIDTH="24"/>
						<String ID="P13_ST00107" HPOS="702" VPOS="720" WIDTH="38" HEIGHT="31" CONTENT="of" WC="0.27" CC="77"/>
						<SP ID="P13_SP00099" HPOS="740" VPOS="757" WIDTH="22"/>
						<String ID="P13_ST00108" HPOS="762" VPOS="729" WIDTH="47" HEIGHT="22" CONTENT="an" WC="0.26" CC="77"/>
						<SP ID="P13_SP00100" HPOS="809" VPOS="757" WIDTH="24"/>
						<String ID="P13_ST00109" HPOS="833" VPOS="722" WIDTH="139" HEIGHT="30" CONTENT="actor's" WC="0.97" CC="8666840"/>
						<SP ID="P13_SP00101" HPOS="972" VPOS="757" WIDTH="21"/>
						<String ID="P13_ST00110" HPOS="993" VPOS="729" WIDTH="164" HEIGHT="24" CONTENT="nervous" WC="0.96" CC="9689970"/>
						<SP ID="P13_SP00102" HPOS="1157" VPOS="757" WIDTH="16"/>
						<String ID="P13_ST00111" HPOS="1173" VPOS="723" WIDTH="156" HEIGHT="36" CONTENT="system," WC="0.98" CC="6006794"/>
						<SP ID="P13_SP00103" HPOS="1329" VPOS="759" WIDTH="15"/>
						<String ID="P13_ST00112" HPOS="1344" VPOS="723" WIDTH="159" HEIGHT="31" CONTENT="renders" WC="0.97" CC="9779790"/>
						<SP ID="P13_SP00104" HPOS="1503" VPOS="759" WIDTH="17"/>
						<String ID="P13_ST00113" HPOS="1520" VPOS="725" WIDTH="77" HEIGHT="30" CONTENT="him" WC="0.95" CC="526"/>
						<SP ID="P13_SP00105" HPOS="1597" VPOS="759" WIDTH="18"/>
						<String ID="P13_ST00114" HPOS="1615" VPOS="725" WIDTH="138" HEIGHT="37" CONTENT="doubly" WC="0.96" CC="767789"/>
						<SP ID="P13_SP00106" HPOS="1753" VPOS="762" WIDTH="16"/>
						<String ID="P13_ST00115" HPOS="1769" VPOS="725" WIDTH="228" HEIGHT="37" CONTENT="susceptible" WC="0.99" CC="07075900786"/>
						<SP ID="P13_SP00107" HPOS="1997" VPOS="762" WIDTH="17"/>
						<String ID="P13_ST00116" HPOS="2014" VPOS="726" WIDTH="39" HEIGHT="29" CONTENT="to" WC="0.64" CC="07"/>
						<SP ID="P13_SP00108" HPOS="2053" VPOS="762" WIDTH="17"/>
						<String ID="P13_ST00117" HPOS="2070" VPOS="726" WIDTH="65" HEIGHT="29" CONTENT="the" WC="0.92" CC="857"/>
					</TextLine>
					<TextLine ID="P13_TL00010" HPOS="160" VPOS="781" WIDTH="1977" HEIGHT="42">
						<String ID="P13_ST00118" HPOS="160" VPOS="781" WIDTH="76" HEIGHT="30" CONTENT="loss" WC="0.95" CC="8736"/>
						<SP ID="P13_SP00109" HPOS="236" VPOS="811" WIDTH="16"/>
						<String ID="P13_ST00119" HPOS="252" VPOS="781" WIDTH="38" HEIGHT="30" CONTENT="of" WC="0.23" CC="78"/>
						<SP ID="P13_SP00110" HPOS="290" VPOS="811" WIDTH="15"/>
						<String ID="P13_ST00120" HPOS="305" VPOS="782" WIDTH="57" HEIGHT="30" CONTENT="his" WC="0.93" CC="916"/>
						<SP ID="P13_SP00111" HPOS="362" VPOS="812" WIDTH="17"/>
						<String ID="P13_ST00121" HPOS="379" VPOS="782" WIDTH="284" HEIGHT="31" CONTENT="self-restraint." WC="0.99" CC="440749606977743"/>
						<SP ID="P13_SP00112" HPOS="663" VPOS="813" WIDTH="35"/>
						<String ID="P13_ST00122" HPOS="698" VPOS="783" WIDTH="75" HEIGHT="31" CONTENT="The" WC="0.94" CC="095"/>
						<SP ID="P13_SP00113" HPOS="773" VPOS="814" WIDTH="16"/>
						<String ID="P13_ST00123" HPOS="789" VPOS="791" WIDTH="91" HEIGHT="32" CONTENT="very" WC="0.96" CC="0677"/>
						<SP ID="P13_SP00114" HPOS="880" VPOS="823" WIDTH="16"/>
						<String ID="P13_ST00124" HPOS="896" VPOS="783" WIDTH="177" HEIGHT="38" CONTENT="applause" WC="0.97" CC="97779713"/>
						<SP ID="P13_SP00115" HPOS="1073" VPOS="823" WIDTH="17"/>
						<String ID="P13_ST00125" HPOS="1090" VPOS="783" WIDTH="39" HEIGHT="31" CONTENT="of" WC="0.20" CC="87"/>
						<SP ID="P13_SP00116" HPOS="1129" VPOS="823" WIDTH="15"/>
						<String ID="P13_ST00126" HPOS="1144" VPOS="792" WIDTH="47" HEIGHT="24" CONTENT="an" WC="0.13" CC="97"/>
						<SP ID="P13_SP00117" HPOS="1191" VPOS="823" WIDTH="18"/>
						<String ID="P13_ST00127" HPOS="1209" VPOS="785" WIDTH="181" HEIGHT="32" CONTENT="audience" WC="0.97" CC="97967776"/>
						<SP ID="P13_SP00118" HPOS="1390" VPOS="823" WIDTH="19"/>
						<String ID="P13_ST00128" HPOS="1409" VPOS="786" WIDTH="108" HEIGHT="36" CONTENT="night" WC="0.95" CC="92796"/>
						<SP ID="P13_SP00119" HPOS="1517" VPOS="823" WIDTH="17"/>
						<String ID="P13_ST00129" HPOS="1534" VPOS="785" WIDTH="99" HEIGHT="32" CONTENT="after" WC="0.95" CC="77775"/>
						<SP ID="P13_SP00120" HPOS="1633" VPOS="823" WIDTH="24"/>
						<String ID="P13_ST00130" HPOS="1657" VPOS="787" WIDTH="121" HEIGHT="35" CONTENT="night," WC="0.96" CC="977673"/>
						<SP ID="P13_SP00121" HPOS="1778" VPOS="823" WIDTH="17"/>
						<String ID="P13_ST00131" HPOS="1795" VPOS="788" WIDTH="97" HEIGHT="29" CONTENT="tests" WC="0.99" CC="02040"/>
						<SP ID="P13_SP00122" HPOS="1892" VPOS="823" WIDTH="14"/>
						<String ID="P13_ST00132" HPOS="1906" VPOS="788" WIDTH="57" HEIGHT="30" CONTENT="his" WC="0.97" CC="710"/>
						<SP ID="P13_SP00123" HPOS="1963" VPOS="823" WIDTH="13"/>
						<String ID="P13_ST00133" HPOS="1976" VPOS="795" WIDTH="109" HEIGHT="22" CONTENT="sense" WC="0.96" CC="05659"/>
						<SP ID="P13_SP00124" HPOS="2085" VPOS="823" WIDTH="14"/>
						<String ID="P13_ST00134" HPOS="2099" VPOS="786" WIDTH="38" HEIGHT="30" CONTENT="of" WC="0.24" CC="68"/>
					</TextLine>
					<TextLine ID="P13_TL00011" HPOS="161" VPOS="845" WIDTH="1975" HEIGHT="40">
						<String ID="P13_ST00135" HPOS="161" VPOS="845" WIDTH="235" HEIGHT="35" CONTENT="proportion," WC="0.98" CC="96768716571"/>
						<SP ID="P13_SP00125" HPOS="396" VPOS="880" WIDTH="23"/>
						<String ID="P13_ST00136" HPOS="419" VPOS="846" WIDTH="73" HEIGHT="29" CONTENT="and" WC="0.90" CC="699"/>
						<SP ID="P13_SP00126" HPOS="492" VPOS="880" WIDTH="24"/>
						<String ID="P13_ST00137" HPOS="516" VPOS="845" WIDTH="130" HEIGHT="31" CONTENT="makes" WC="0.95" CC="99676"/>
						<SP ID="P13_SP00127" HPOS="646" VPOS="880" WIDTH="23"/>
						<String ID="P13_ST00138" HPOS="669" VPOS="846" WIDTH="32" HEIGHT="30" CONTENT="it" WC="0.25" CC="77"/>
						<SP ID="P13_SP00128" HPOS="701" VPOS="880" WIDTH="20"/>
						<String ID="P13_ST00139" HPOS="721" VPOS="845" WIDTH="126" HEIGHT="39" CONTENT="trebly" WC="0.96" CC="096789"/>
						<SP ID="P13_SP00129" HPOS="847" VPOS="884" WIDTH="23"/>
						<String ID="P13_ST00140" HPOS="870" VPOS="845" WIDTH="164" HEIGHT="33" CONTENT="difficult" WC="0.97" CC="877787707"/>
						<SP ID="P13_SP00130" HPOS="1034" VPOS="884" WIDTH="24"/>
						<String ID="P13_ST00141" HPOS="1058" VPOS="848" WIDTH="69" HEIGHT="29" CONTENT="but" WC="0.91" CC="796"/>
						<SP ID="P13_SP00131" HPOS="1127" VPOS="884" WIDTH="21"/>
						<String ID="P13_ST00142" HPOS="1148" VPOS="847" WIDTH="127" HEIGHT="36" CONTENT="trebly" WC="0.97" CC="063980"/>
						<SP ID="P13_SP00132" HPOS="1275" VPOS="884" WIDTH="22"/>
						<String ID="P13_ST00143" HPOS="1297" VPOS="848" WIDTH="210" HEIGHT="35" CONTENT="important" WC="0.97" CC="499777979"/>
						<SP ID="P13_SP00133" HPOS="1507" VPOS="884" WIDTH="22"/>
						<String ID="P13_ST00144" HPOS="1529" VPOS="849" WIDTH="85" HEIGHT="29" CONTENT="that" WC="0.95" CC="3793"/>
						<SP ID="P13_SP00134" HPOS="1614" VPOS="884" WIDTH="24"/>
						<String ID="P13_ST00145" HPOS="1638" VPOS="849" WIDTH="46" HEIGHT="29" CONTENT="he" WC="0.21" CC="95"/>
						<SP ID="P13_SP00135" HPOS="1684" VPOS="884" WIDTH="22"/>
						<String ID="P13_ST00146" HPOS="1706" VPOS="849" WIDTH="133" HEIGHT="31" CONTENT="should" WC="0.96" CC="079689"/>
						<SP ID="P13_SP00136" HPOS="1839" VPOS="884" WIDTH="26"/>
						<String ID="P13_ST00147" HPOS="1865" VPOS="849" WIDTH="196" HEIGHT="36" CONTENT="discipline" WC="0.98" CC="9407096464"/>
						<SP ID="P13_SP00137" HPOS="2061" VPOS="885" WIDTH="17"/>
						<String ID="P13_ST00148" HPOS="2078" VPOS="849" WIDTH="58" HEIGHT="29" CONTENT="his" WC="0.97" CC="080"/>
					</TextLine>
					<TextLine ID="P13_TL00012" HPOS="160" VPOS="907" WIDTH="1976" HEIGHT="38">
						<String ID="P13_ST00149" HPOS="160" VPOS="907" WIDTH="188" HEIGHT="29" CONTENT="emotions" WC="0.97" CC="69175593"/>
						<SP ID="P13_SP00138" HPOS="348" VPOS="936" WIDTH="29"/>
						<String ID="P13_ST00150" HPOS="377" VPOS="908" WIDTH="73" HEIGHT="28" CONTENT="and" WC="0.95" CC="903"/>
						<SP ID="P13_SP00139" HPOS="450" VPOS="936" WIDTH="25"/>
						<String ID="P13_ST00151" HPOS="475" VPOS="908" WIDTH="147" HEIGHT="29" CONTENT="control" WC="0.98" CC="4400977"/>
						<SP ID="P13_SP00140" HPOS="622" VPOS="937" WIDTH="25"/>
						<String ID="P13_ST00152" HPOS="647" VPOS="908" WIDTH="57" HEIGHT="29" CONTENT="his" WC="0.94" CC="754"/>
						<SP ID="P13_SP00141" HPOS="704" VPOS="937" WIDTH="24"/>
						<String ID="P13_ST00153" HPOS="728" VPOS="908" WIDTH="326" HEIGHT="37" CONTENT="highly®wrought" WC="0.33" CC="72998048808968"/>
						<SP ID="P13_SP00142" HPOS="1054" VPOS="945" WIDTH="23"/>
						<String ID="P13_ST00154" HPOS="1077" VPOS="916" WIDTH="163" HEIGHT="23" CONTENT="nervous" WC="0.98" CC="7600770"/>
						<SP ID="P13_SP00143" HPOS="1240" VPOS="945" WIDTH="23"/>
						<String ID="P13_ST00155" HPOS="1263" VPOS="910" WIDTH="273" HEIGHT="35" CONTENT="organisation." WC="0.98" CC="6996735918774"/>
						<SP ID="P13_SP00144" HPOS="1536" VPOS="945" WIDTH="45"/>
						<String ID="P13_ST00156" HPOS="1581" VPOS="917" WIDTH="43" HEIGHT="24" CONTENT="&amp;" WC="0.14" CC="8"/>
						<SP ID="P13_SP00145" HPOS="1624" VPOS="945" WIDTH="127"/>
						<String ID="P13_ST00157" HPOS="1751" VPOS="917" WIDTH="46" HEIGHT="25" CONTENT="&amp;" WC="1.00" CC="9"/>
						<SP ID="P13_SP00146" HPOS="1797" VPOS="945" WIDTH="124"/>
						<String ID="P13_ST00158" HPOS="1921" VPOS="916" WIDTH="44" HEIGHT="25" CONTENT="&amp;" WC="1.00" CC="9"/>
						<SP ID="P13_SP00147" HPOS="1965" VPOS="945" WIDTH="127"/>
						<String ID="P13_ST00159" HPOS="2092" VPOS="916" WIDTH="44" HEIGHT="26" CONTENT="&amp;" WC="1.00" CC="9"/>
					</TextLine>
					<TextLine ID="P13_TL00013" HPOS="160" VPOS="969" WIDTH="1976" HEIGHT="38">
						<String ID="P13_ST00160" HPOS="160" VPOS="974" WIDTH="45" HEIGHT="25" CONTENT="&amp;" WC="1.00" CC="9"/>
						<SP ID="P13_SP00148" HPOS="205" VPOS="999" WIDTH="22"/>
						<String ID="P13_ST00161" HPOS="227" VPOS="969" WIDTH="97" HEIGHT="29" CONTENT="That" WC="0.96" CC="0980"/>
						<SP ID="P13_SP00149" HPOS="324" VPOS="999" WIDTH="13"/>
						<String ID="P13_ST00162" HPOS="337" VPOS="970" WIDTH="22" HEIGHT="15" CONTENT='"' WC="0.83" CC="1"/>
						<SP ID="P13_SP00150" HPOS="359" VPOS="999" WIDTH="12"/>
						<String ID="P13_ST00163" HPOS="371" VPOS="970" WIDTH="192" HEIGHT="30" CONTENT="Imitation" WC="0.98" CC="890494687"/>
						<SP ID="P13_SP00151" HPOS="563" VPOS="1000" WIDTH="14"/>
						<String ID="P13_ST00164" HPOS="577" VPOS="970" WIDTH="38" HEIGHT="30" CONTENT="of" WC="0.25" CC="68"/>
						<SP ID="P13_SP00152" HPOS="615" VPOS="1000" WIDTH="14"/>
						<String ID="P13_ST00165" HPOS="629" VPOS="970" WIDTH="245" HEIGHT="37" CONTENT='Humanity,"' WC="0.98" CC="7776882944"/>
						<SP ID="P13_SP00153" HPOS="874" VPOS="1007" WIDTH="16"/>
						<String ID="P13_ST00166" HPOS="890" VPOS="972" WIDTH="122" HEIGHT="29" CONTENT="which" WC="0.95" CC="77777"/>
						<SP ID="P13_SP00154" HPOS="1012" VPOS="1007" WIDTH="16"/>
						<String ID="P13_ST00167" HPOS="1028" VPOS="970" WIDTH="259" HEIGHT="37" CONTENT="Shakespeare" WC="0.98" CC="49034298796"/>
						<SP ID="P13_SP00155" HPOS="1287" VPOS="1007" WIDTH="18"/>
						<String ID="P13_ST00168" HPOS="1305" VPOS="972" WIDTH="192" HEIGHT="30" CONTENT="describes" WC="0.97" CC="756597763"/>
						<SP ID="P13_SP00156" HPOS="1497" VPOS="1007" WIDTH="16"/>
						<String ID="P13_ST00169" HPOS="1513" VPOS="980" WIDTH="40" HEIGHT="22" CONTENT="as" WC="0.63" CC="60"/>
						<SP ID="P13_SP00157" HPOS="1553" VPOS="1007" WIDTH="16"/>
						<String ID="P13_ST00170" HPOS="1569" VPOS="973" WIDTH="65" HEIGHT="29" CONTENT="the" WC="0.93" CC="576"/>
						<SP ID="P13_SP00158" HPOS="1634" VPOS="1007" WIDTH="18"/>
						<String ID="P13_ST00171" HPOS="1652" VPOS="974" WIDTH="138" HEIGHT="28" CONTENT="actor's" WC="0.97" CC="7767941"/>
						<SP ID="P13_SP00159" HPOS="1790" VPOS="1007" WIDTH="15"/>
						<String ID="P13_ST00172" HPOS="1805" VPOS="974" WIDTH="61" HEIGHT="28" CONTENT="art" WC="0.95" CC="290"/>
						<SP ID="P13_SP00160" HPOS="1866" VPOS="1007" WIDTH="14"/>
						<String ID="P13_ST00173" HPOS="1880" VPOS="974" WIDTH="30" HEIGHT="28" CONTENT="is" WC="0.35" CC="75"/>
						<SP ID="P13_SP00161" HPOS="1910" VPOS="1007" WIDTH="14"/>
						<String ID="P13_ST00174" HPOS="1924" VPOS="981" WIDTH="20" HEIGHT="22" CONTENT="a" WC="1.00" CC="9"/>
						<SP ID="P13_SP00162" HPOS="1944" VPOS="1007" WIDTH="14"/>
						<String ID="P13_ST00175" HPOS="1958" VPOS="974" WIDTH="178" HEIGHT="28" CONTENT="constant" WC="0.97" CC="57736677"/>
					</TextLine>
					<TextLine ID="P13_TL00014" HPOS="160" VPOS="1031" WIDTH="1976" HEIGHT="41">
						<String ID="P13_ST00176" HPOS="160" VPOS="1031" WIDTH="145" HEIGHT="32" CONTENT="assault" WC="0.97" CC="9809780"/>
						<SP ID="P13_SP00163" HPOS="305" VPOS="1063" WIDTH="13"/>
						<String ID="P13_ST00177" HPOS="318" VPOS="1040" WIDTH="99" HEIGHT="28" CONTENT="upon" WC="0.93" CC="9976"/>
						<SP ID="P13_SP00164" HPOS="417" VPOS="1068" WIDTH="17"/>
						<String ID="P13_ST00178" HPOS="434" VPOS="1041" WIDTH="21" HEIGHT="21" CONTENT="a" WC="0.02" CC="9"/>
						<SP ID="P13_SP00165" HPOS="455" VPOS="1068" WIDTH="17"/>
						<String ID="P13_ST00179" HPOS="472" VPOS="1033" WIDTH="73" HEIGHT="30" CONTENT="due" WC="0.92" CC="965"/>
						<SP ID="P13_SP00166" HPOS="545" VPOS="1068" WIDTH="16"/>
						<String ID="P13_ST00180" HPOS="561" VPOS="1035" WIDTH="239" HEIGHT="35" CONTENT="recognition" WC="0.98" CC="96767796578"/>
						<SP ID="P13_SP00167" HPOS="800" VPOS="1070" WIDTH="17"/>
						<String ID="P13_ST00181" HPOS="817" VPOS="1033" WIDTH="38" HEIGHT="30" CONTENT="of" WC="0.42" CC="47"/>
						<SP ID="P13_SP00168" HPOS="855" VPOS="1070" WIDTH="11"/>
						<String ID="P13_ST00182" HPOS="866" VPOS="1035" WIDTH="66" HEIGHT="28" CONTENT="the" WC="0.92" CC="777"/>
						<SP ID="P13_SP00169" HPOS="932" VPOS="1070" WIDTH="17"/>
						<String ID="P13_ST00183" HPOS="949" VPOS="1035" WIDTH="23" HEIGHT="14" CONTENT='"' WC="0.62" CC="3"/>
						<SP ID="P13_SP00170" HPOS="972" VPOS="1070" WIDTH="14"/>
						<String ID="P13_ST00184" HPOS="986" VPOS="1033" WIDTH="95" HEIGHT="31" CONTENT="solid" WC="0.97" CC="56067"/>
						<SP ID="P13_SP00171" HPOS="1081" VPOS="1070" WIDTH="18"/>
						<String ID="P13_ST00185" HPOS="1099" VPOS="1034" WIDTH="91" HEIGHT="30" CONTENT="laws" WC="0.95" CC="8654"/>
						<SP ID="P13_SP00172" HPOS="1190" VPOS="1070" WIDTH="17"/>
						<String ID="P13_ST00186" HPOS="1207" VPOS="1033" WIDTH="38" HEIGHT="34" CONTENT="of" WC="0.30" CC="67"/>
						<SP ID="P13_SP00173" HPOS="1245" VPOS="1070" WIDTH="15"/>
						<String ID="P13_ST00187" HPOS="1260" VPOS="1035" WIDTH="65" HEIGHT="32" CONTENT="the" WC="0.94" CC="077"/>
						<SP ID="P13_SP00174" HPOS="1325" VPOS="1070" WIDTH="17"/>
						<String ID="P13_ST00188" HPOS="1342" VPOS="1035" WIDTH="176" HEIGHT="29" CONTENT="universe" WC="0.97" CC="77785666"/>
						<SP ID="P13_SP00175" HPOS="1518" VPOS="1070" WIDTH="18"/>
						<String ID="P13_ST00189" HPOS="1536" VPOS="1034" WIDTH="35" HEIGHT="30" CONTENT='".' WC="0.57" CC="34"/>
						<SP ID="P13_SP00176" HPOS="1571" VPOS="1070" WIDTH="15"/>
						<String ID="P13_ST00190" HPOS="1586" VPOS="1035" WIDTH="76" HEIGHT="29" CONTENT="The" WC="0.91" CC="697"/>
						<SP ID="P13_SP00177" HPOS="1662" VPOS="1070" WIDTH="18"/>
						<String ID="P13_ST00191" HPOS="1680" VPOS="1036" WIDTH="190" HEIGHT="28" CONTENT="imitation" WC="0.98" CC="078096078"/>
						<SP ID="P13_SP00178" HPOS="1870" VPOS="1070" WIDTH="17"/>
						<String ID="P13_ST00192" HPOS="1887" VPOS="1035" WIDTH="37" HEIGHT="29" CONTENT="of" WC="0.22" CC="68"/>
						<SP ID="P13_SP00179" HPOS="1924" VPOS="1070" WIDTH="14"/>
						<String ID="P13_ST00193" HPOS="1938" VPOS="1035" WIDTH="198" HEIGHT="37" CONTENT="humanity" WC="0.97" CC="66967670"/>
					</TextLine>
					<TextLine ID="P13_TL00015" HPOS="161" VPOS="1096" WIDTH="1977" HEIGHT="39">
						<String ID="P13_ST00194" HPOS="161" VPOS="1104" WIDTH="84" HEIGHT="28" CONTENT="may" WC="0.95" CC="670"/>
						<SP ID="P13_SP00180" HPOS="245" VPOS="1132" WIDTH="22"/>
						<String ID="P13_ST00195" HPOS="267" VPOS="1104" WIDTH="41" HEIGHT="21" CONTENT="so" WC="0.63" CC="07"/>
						<SP ID="P13_SP00181" HPOS="308" VPOS="1132" WIDTH="24"/>
						<String ID="P13_ST00196" HPOS="332" VPOS="1096" WIDTH="117" HEIGHT="37" CONTENT="easily" WC="0.97" CC="790780"/>
						<SP ID="P13_SP00182" HPOS="449" VPOS="1133" WIDTH="24"/>
						<String ID="P13_ST00197" HPOS="473" VPOS="1097" WIDTH="153" HEIGHT="29" CONTENT="become" WC="0.97" CC="617485"/>
						<SP ID="P13_SP00183" HPOS="626" VPOS="1133" WIDTH="24"/>
						<String ID="P13_ST00198" HPOS="650" VPOS="1096" WIDTH="178" HEIGHT="31" CONTENT="confused" WC="0.97" CC="76887057"/>
						<SP ID="P13_SP00184" HPOS="828" VPOS="1133" WIDTH="24"/>
						<String ID="P13_ST00199" HPOS="852" VPOS="1098" WIDTH="93" HEIGHT="29" CONTENT="with" WC="0.94" CC="4987"/>
						<SP ID="P13_SP00185" HPOS="945" VPOS="1133" WIDTH="24"/>
						<String ID="P13_ST00200" HPOS="969" VPOS="1099" WIDTH="64" HEIGHT="28" CONTENT="the" WC="0.92" CC="677"/>
						<SP ID="P13_SP00186" HPOS="1033" VPOS="1133" WIDTH="23"/>
						<String ID="P13_ST00201" HPOS="1056" VPOS="1097" WIDTH="99" HEIGHT="30" CONTENT="facts" WC="0.96" CC="76750"/>
						<SP ID="P13_SP00187" HPOS="1155" VPOS="1133" WIDTH="23"/>
						<String ID="P13_ST00202" HPOS="1178" VPOS="1097" WIDTH="38" HEIGHT="30" CONTENT="of" WC="0.34" CC="57"/>
						<SP ID="P13_SP00188" HPOS="1216" VPOS="1133" WIDTH="22"/>
						<String ID="P13_ST00203" HPOS="1238" VPOS="1099" WIDTH="212" HEIGHT="36" CONTENT="humanity," WC="0.98" CC="777986080"/>
						<SP ID="P13_SP00189" HPOS="1450" VPOS="1135" WIDTH="23"/>
						<String ID="P13_ST00204" HPOS="1473" VPOS="1099" WIDTH="87" HEIGHT="29" CONTENT="that" WC="0.95" CC="6790"/>
						<SP ID="P13_SP00190" HPOS="1560" VPOS="1135" WIDTH="22"/>
						<String ID="P13_ST00205" HPOS="1582" VPOS="1099" WIDTH="46" HEIGHT="29" CONTENT="he" WC="0.37" CC="65"/>
						<SP ID="P13_SP00191" HPOS="1628" VPOS="1135" WIDTH="24"/>
						<String ID="P13_ST00206" HPOS="1652" VPOS="1106" WIDTH="84" HEIGHT="28" CONTENT="may" WC="0.93" CC="990"/>
						<SP ID="P13_SP00192" HPOS="1736" VPOS="1135" WIDTH="24"/>
						<String ID="P13_ST00207" HPOS="1760" VPOS="1097" WIDTH="77" HEIGHT="30" CONTENT="lose" WC="0.97" CC="0626"/>
						<SP ID="P13_SP00193" HPOS="1837" VPOS="1135" WIDTH="21"/>
						<String ID="P13_ST00208" HPOS="1858" VPOS="1099" WIDTH="85" HEIGHT="29" CONTENT="that" WC="0.94" CC="5965"/>
						<SP ID="P13_SP00194" HPOS="1943" VPOS="1135" WIDTH="15"/>
						<String ID="P13_ST00209" HPOS="1958" VPOS="1099" WIDTH="125" HEIGHT="36" CONTENT="sanity" WC="0.98" CC="197000"/>
						<SP ID="P13_SP00195" HPOS="2083" VPOS="1135" WIDTH="16"/>
						<String ID="P13_ST00210" HPOS="2099" VPOS="1097" WIDTH="39" HEIGHT="32" CONTENT="of" WC="0.30" CC="67"/>
					</TextLine>
					<TextLine ID="P13_TL00016" HPOS="161" VPOS="1158" WIDTH="1975" HEIGHT="39">
						<String ID="P13_ST00211" HPOS="161" VPOS="1158" WIDTH="117" HEIGHT="37" CONTENT="mind," WC="0.96" CC="76762"/>
						<SP ID="P13_SP00196" HPOS="278" VPOS="1195" WIDTH="21"/>
						<String ID="P13_ST00212" HPOS="299" VPOS="1159" WIDTH="166" HEIGHT="29" CONTENT="without" WC="0.97" CC="9279770"/>
						<SP ID="P13_SP00197" HPOS="465" VPOS="1195" WIDTH="22"/>
						<String ID="P13_ST00213" HPOS="487" VPOS="1159" WIDTH="121" HEIGHT="29" CONTENT="which" WC="0.95" CC="97669"/>
						<SP ID="P13_SP00198" HPOS="608" VPOS="1195" WIDTH="25"/>
						<String ID="P13_ST00214" HPOS="633" VPOS="1160" WIDTH="57" HEIGHT="29" CONTENT="his" WC="0.96" CC="703"/>
						<SP ID="P13_SP00199" HPOS="690" VPOS="1195" WIDTH="25"/>
						<String ID="P13_ST00215" HPOS="715" VPOS="1160" WIDTH="198" HEIGHT="30" CONTENT="character" WC="0.97" CC="699776777"/>
						<SP ID="P13_SP00200" HPOS="913" VPOS="1195" WIDTH="23"/>
						<String ID="P13_ST00216" HPOS="936" VPOS="1162" WIDTH="140" HEIGHT="28" CONTENT="cannot" WC="0.97" CC="677870"/>
						<SP ID="P13_SP00201" HPOS="1076" VPOS="1195" WIDTH="23"/>
						<String ID="P13_ST00217" HPOS="1099" VPOS="1160" WIDTH="169" HEIGHT="36" CONTENT="develop." WC="0.97" CC="99977594"/>
						<SP ID="P13_SP00202" HPOS="1268" VPOS="1196" WIDTH="46"/>
						<String ID="P13_ST00218" HPOS="1314" VPOS="1162" WIDTH="38" HEIGHT="27" CONTENT="In" WC="0.23" CC="77"/>
						<SP ID="P13_SP00203" HPOS="1352" VPOS="1196" WIDTH="24"/>
						<String ID="P13_ST00219" HPOS="1376" VPOS="1161" WIDTH="66" HEIGHT="29" CONTENT="the" WC="0.95" CC="077"/>
						<SP ID="P13_SP00204" HPOS="1442" VPOS="1196" WIDTH="24"/>
						<String ID="P13_ST00220" HPOS="1466" VPOS="1160" WIDTH="97" HEIGHT="37" CONTENT="Sight" WC="0.95" CC="87990"/>
						<SP ID="P13_SP00205" HPOS="1563" VPOS="1197" WIDTH="23"/>
						<String ID="P13_ST00221" HPOS="1586" VPOS="1160" WIDTH="37" HEIGHT="30" CONTENT="of" WC="0.26" CC="77"/>
						<SP ID="P13_SP00206" HPOS="1623" VPOS="1197" WIDTH="24"/>
						<String ID="P13_ST00222" HPOS="1647" VPOS="1161" WIDTH="57" HEIGHT="28" CONTENT="his" WC="0.91" CC="985"/>
						<SP ID="P13_SP00207" HPOS="1704" VPOS="1197" WIDTH="24"/>
						<String ID="P13_ST00223" HPOS="1728" VPOS="1160" WIDTH="197" HEIGHT="30" CONTENT="cherished" WC="0.99" CC="551060709"/>
						<SP ID="P13_SP00208" HPOS="1925" VPOS="1197" WIDTH="19"/>
						<String ID="P13_ST00224" HPOS="1944" VPOS="1160" WIDTH="192" HEIGHT="30" CONTENT="imitation" WC="0.98" CC="797090658"/>
					</TextLine>
					<TextLine ID="P13_TL00017" HPOS="161" VPOS="1219" WIDTH="1975" HEIGHT="40">
						<String ID="P13_ST00225" HPOS="161" VPOS="1219" WIDTH="38" HEIGHT="32" CONTENT="of" WC="0.22" CC="78"/>
						<SP ID="P13_SP00209" HPOS="199" VPOS="1251" WIDTH="21"/>
						<String ID="P13_ST00226" HPOS="220" VPOS="1221" WIDTH="177" HEIGHT="29" CONTENT="Macbeth" WC="0.97" CC="4827777"/>
						<SP ID="P13_SP00210" HPOS="397" VPOS="1251" WIDTH="23"/>
						<String ID="P13_ST00227" HPOS="420" VPOS="1221" WIDTH="67" HEIGHT="31" CONTENT="the" WC="0.94" CC="077"/>
						<SP ID="P13_SP00211" HPOS="487" VPOS="1252" WIDTH="24"/>
						<String ID="P13_ST00228" HPOS="511" VPOS="1221" WIDTH="193" HEIGHT="33" CONTENT="butcher's" WC="0.98" CC="766777740"/>
						<SP ID="P13_SP00212" HPOS="704" VPOS="1254" WIDTH="25"/>
						<String ID="P13_ST00229" HPOS="729" VPOS="1221" WIDTH="64" HEIGHT="31" CONTENT="bill" WC="0.94" CC="7787"/>
						<SP ID="P13_SP00213" HPOS="793" VPOS="1254" WIDTH="29"/>
						<String ID="P13_ST00230" HPOS="822" VPOS="1231" WIDTH="84" HEIGHT="28" CONTENT="may" WC="0.94" CC="690"/>
						<SP ID="P13_SP00214" HPOS="906" VPOS="1259" WIDTH="28"/>
						<String ID="P13_ST00231" HPOS="934" VPOS="1222" WIDTH="116" HEIGHT="37" CONTENT="easily" WC="0.97" CC="674608"/>
						<SP ID="P13_SP00215" HPOS="1050" VPOS="1259" WIDTH="29"/>
						<String ID="P13_ST00232" HPOS="1079" VPOS="1224" WIDTH="153" HEIGHT="28" CONTENT="become" WC="0.96" CC="787756"/>
						<SP ID="P13_SP00216" HPOS="1232" VPOS="1259" WIDTH="28"/>
						<String ID="P13_ST00233" HPOS="1260" VPOS="1231" WIDTH="20" HEIGHT="21" CONTENT="a" WC="0.03" CC="9"/>
						<SP ID="P13_SP00217" HPOS="1280" VPOS="1259" WIDTH="27"/>
						<String ID="P13_ST00234" HPOS="1307" VPOS="1224" WIDTH="148" HEIGHT="34" CONTENT="prosaic" WC="0.98" CC="7033956"/>
						<SP ID="P13_SP00218" HPOS="1455" VPOS="1259" WIDTH="29"/>
						<String ID="P13_ST00235" HPOS="1484" VPOS="1223" WIDTH="72" HEIGHT="29" CONTENT="and" WC="0.91" CC="977"/>
						<SP ID="P13_SP00219" HPOS="1556" VPOS="1259" WIDTH="33"/>
						<String ID="P13_ST00236" HPOS="1589" VPOS="1222" WIDTH="203" HEIGHT="37" CONTENT="negligible" WC="0.98" CC="8098677784"/>
						<SP ID="P13_SP00220" HPOS="1792" VPOS="1259" WIDTH="31"/>
						<String ID="P13_ST00237" HPOS="1823" VPOS="1223" WIDTH="191" HEIGHT="35" CONTENT="quantity." WC="0.98" CC="767850404"/>
						<SP ID="P13_SP00221" HPOS="2014" VPOS="1259" WIDTH="45"/>
						<String ID="P13_ST00238" HPOS="2059" VPOS="1222" WIDTH="77" HEIGHT="29" CONTENT="The" WC="0.95" CC="076"/>
					</TextLine>
					<TextLine ID="P13_TL00018" HPOS="161" VPOS="1284" WIDTH="1976" HEIGHT="38">
						<String ID="P13_ST00239" HPOS="161" VPOS="1292" WIDTH="128" HEIGHT="29" CONTENT="power" WC="0.96" CC="94059"/>
						<SP ID="P13_SP00222" HPOS="289" VPOS="1321" WIDTH="22"/>
						<String ID="P13_ST00240" HPOS="311" VPOS="1285" WIDTH="41" HEIGHT="29" CONTENT="to" WC="0.67" CC="60"/>
						<SP ID="P13_SP00223" HPOS="352" VPOS="1321" WIDTH="23"/>
						<String ID="P13_ST00241" HPOS="375" VPOS="1285" WIDTH="150" HEIGHT="29" CONTENT="imitate" WC="0.98" CC="0692900"/>
						<SP ID="P13_SP00224" HPOS="525" VPOS="1321" WIDTH="24"/>
						<String ID="P13_ST00242" HPOS="549" VPOS="1285" WIDTH="329" HEIGHT="37" CONTENT="humanity—that" WC="0.99" CC="7776743080760"/>
						<SP ID="P13_SP00225" HPOS="878" VPOS="1322" WIDTH="23"/>
						<String ID="P13_ST00243" HPOS="901" VPOS="1286" WIDTH="61" HEIGHT="29" CONTENT="art" WC="0.93" CC="792"/>
						<SP ID="P13_SP00226" HPOS="962" VPOS="1322" WIDTH="22"/>
						<String ID="P13_ST00244" HPOS="984" VPOS="1285" WIDTH="122" HEIGHT="30" CONTENT="which" WC="0.97" CC="17167"/>
						<SP ID="P13_SP00227" HPOS="1106" VPOS="1322" WIDTH="19"/>
						<String ID="P13_ST00245" HPOS="1125" VPOS="1285" WIDTH="167" HEIGHT="30" CONTENT="Voltaire" WC="0.97" CC="55199396"/>
						<SP ID="P13_SP00228" HPOS="1292" VPOS="1322" WIDTH="18"/>
						<String ID="P13_ST00246" HPOS="1310" VPOS="1286" WIDTH="66" HEIGHT="32" CONTENT="has" WC="0.94" CC="706"/>
						<SP ID="P13_SP00229" HPOS="1376" VPOS="1322" WIDTH="17"/>
						<String ID="P13_ST00247" HPOS="1393" VPOS="1286" WIDTH="195" HEIGHT="31" CONTENT="described" WC="0.97" CC="960598757"/>
						<SP ID="P13_SP00230" HPOS="1588" VPOS="1322" WIDTH="19"/>
						<String ID="P13_ST00248" HPOS="1607" VPOS="1293" WIDTH="40" HEIGHT="24" CONTENT="as" WC="0.40" CC="74"/>
						<SP ID="P13_SP00231" HPOS="1647" VPOS="1322" WIDTH="30"/>
						<String ID="P13_ST00249" HPOS="1677" VPOS="1285" WIDTH="65" HEIGHT="30" CONTENT="the" WC="0.95" CC="074"/>
						<SP ID="P13_SP00232" HPOS="1742" VPOS="1322" WIDTH="32"/>
						<String ID="P13_ST00250" HPOS="1774" VPOS="1286" WIDTH="99" HEIGHT="29" CONTENT="most" WC="0.94" CC="9766"/>
						<SP ID="P13_SP00233" HPOS="1873" VPOS="1322" WIDTH="30"/>
						<String ID="P13_ST00251" HPOS="1903" VPOS="1284" WIDTH="167" HEIGHT="31" CONTENT="difficult" WC="0.98" CC="928776360"/>
						<SP ID="P13_SP00234" HPOS="2070" VPOS="1322" WIDTH="29"/>
						<String ID="P13_ST00252" HPOS="2099" VPOS="1284" WIDTH="38" HEIGHT="29" CONTENT="of" WC="0.56" CC="08"/>
					</TextLine>
					<TextLine ID="P13_TL00019" HPOS="163" VPOS="1346" WIDTH="1973" HEIGHT="38">
						<String ID="P13_ST00253" HPOS="163" VPOS="1346" WIDTH="49" HEIGHT="32" CONTENT="all" WC="0.91" CC="778"/>
						<SP ID="P13_SP00235" HPOS="212" VPOS="1378" WIDTH="22"/>
						<String ID="P13_ST00254" HPOS="234" VPOS="1348" WIDTH="81" HEIGHT="30" CONTENT="arts" WC="0.94" CC="9970"/>
						<String ID="P13_ST00255" HPOS="319" VPOS="1348" WIDTH="143" HEIGHT="29" CONTENT="—must" WC="0.96" CC="89904"/>
						<SP ID="P13_SP00236" HPOS="462" VPOS="1378" WIDTH="23"/>
						<String ID="P13_ST00256" HPOS="485" VPOS="1348" WIDTH="45" HEIGHT="31" CONTENT="be" WC="0.14" CC="97"/>
						<SP ID="P13_SP00237" HPOS="530" VPOS="1379" WIDTH="24"/>
						<String ID="P13_ST00257" HPOS="554" VPOS="1348" WIDTH="180" HEIGHT="30" CONTENT="balanced" WC="0.97" CC="97068759"/>
						<SP ID="P13_SP00238" HPOS="734" VPOS="1379" WIDTH="24"/>
						<String ID="P13_ST00258" HPOS="758" VPOS="1348" WIDTH="93" HEIGHT="29" CONTENT="with" WC="0.94" CC="7667"/>
						<SP ID="P13_SP00239" HPOS="851" VPOS="1379" WIDTH="25"/>
						<String ID="P13_ST00259" HPOS="876" VPOS="1357" WIDTH="20" HEIGHT="20" CONTENT="a" WC="1.00" CC="9"/>
						<SP ID="P13_SP00240" HPOS="896" VPOS="1379" WIDTH="24"/>
						<String ID="P13_ST00260" HPOS="920" VPOS="1348" WIDTH="222" HEIGHT="36" CONTENT="knowledge" WC="0.97" CC="986076996"/>
						<SP ID="P13_SP00241" HPOS="1142" VPOS="1384" WIDTH="25"/>
						<String ID="P13_ST00261" HPOS="1167" VPOS="1350" WIDTH="71" HEIGHT="27" CONTENT="and" WC="0.90" CC="987"/>
						<SP ID="P13_SP00242" HPOS="1238" VPOS="1384" WIDTH="25"/>
						<String ID="P13_ST00262" HPOS="1263" VPOS="1356" WIDTH="47" HEIGHT="21" CONTENT="an" WC="0.20" CC="78"/>
						<SP ID="P13_SP00243" HPOS="1310" VPOS="1384" WIDTH="24"/>
						<String ID="P13_ST00263" HPOS="1334" VPOS="1349" WIDTH="304" HEIGHT="35" CONTENT="understanding" WC="0.98" CC="5994960976689"/>
						<SP ID="P13_SP00244" HPOS="1638" VPOS="1384" WIDTH="27"/>
						<String ID="P13_ST00264" HPOS="1665" VPOS="1347" WIDTH="38" HEIGHT="30" CONTENT="of" WC="0.38" CC="47"/>
						<SP ID="P13_SP00245" HPOS="1703" VPOS="1384" WIDTH="25"/>
						<String ID="P13_ST00265" HPOS="1728" VPOS="1348" WIDTH="65" HEIGHT="29" CONTENT="the" WC="0.94" CC="267"/>
						<SP ID="P13_SP00246" HPOS="1793" VPOS="1384" WIDTH="26"/>
						<String ID="P13_ST00266" HPOS="1819" VPOS="1347" WIDTH="98" HEIGHT="30" CONTENT="facts" WC="0.97" CC="73620"/>
						<SP ID="P13_SP00247" HPOS="1917" VPOS="1384" WIDTH="30"/>
						<String ID="P13_ST00267" HPOS="1947" VPOS="1346" WIDTH="38" HEIGHT="30" CONTENT="of" WC="0.44" CC="37"/>
						<SP ID="P13_SP00248" HPOS="1985" VPOS="1384" WIDTH="27"/>
						<String ID="P13_ST00268" HPOS="2012" VPOS="1346" WIDTH="124" HEIGHT="31" CONTENT="actual" WC="0.97" CC="743678"/>
					</TextLine>
					<TextLine ID="P13_TL00020" HPOS="163" VPOS="1409" WIDTH="1973" HEIGHT="39">
						<String ID="P13_ST00269" HPOS="163" VPOS="1409" WIDTH="100" HEIGHT="38" CONTENT="daily" WC="0.97" CC="76070"/>
						<SP ID="P13_SP00249" HPOS="263" VPOS="1447" WIDTH="22"/>
						<String ID="P13_ST00270" HPOS="285" VPOS="1409" WIDTH="78" HEIGHT="31" CONTENT="life." WC="0.96" CC="84754"/>
						<SP ID="P13_SP00250" HPOS="363" VPOS="1447" WIDTH="44"/>
						<String ID="P13_ST00271" HPOS="407" VPOS="1411" WIDTH="174" HEIGHT="30" CONTENT="Without" WC="0.98" CC="2416504"/>
						<SP ID="P13_SP00251" HPOS="581" VPOS="1447" WIDTH="22"/>
						<String ID="P13_ST00272" HPOS="603" VPOS="1411" WIDTH="77" HEIGHT="31" CONTENT="this" WC="0.96" CC="6704"/>
						<SP ID="P13_SP00252" HPOS="680" VPOS="1447" WIDTH="25"/>
						<String ID="P13_ST00273" HPOS="705" VPOS="1410" WIDTH="154" HEIGHT="30" CONTENT="balance" WC="0.97" CC="7909757"/>
						<SP ID="P13_SP00253" HPOS="859" VPOS="1447" WIDTH="24"/>
						<String ID="P13_ST00274" HPOS="883" VPOS="1411" WIDTH="65" HEIGHT="29" CONTENT="the" WC="0.93" CC="476"/>
						<SP ID="P13_SP00254" HPOS="948" VPOS="1447" WIDTH="24"/>
						<String ID="P13_ST00275" HPOS="972" VPOS="1411" WIDTH="197" HEIGHT="31" CONTENT="character" WC="0.98" CC="777792277"/>
						<SP ID="P13_SP00255" HPOS="1169" VPOS="1447" WIDTH="24"/>
						<String ID="P13_ST00276" HPOS="1193" VPOS="1412" WIDTH="266" HEIGHT="36" CONTENT="deteriorates," WC="0.98" CC="7352766998750"/>
						<SP ID="P13_SP00256" HPOS="1459" VPOS="1448" WIDTH="24"/>
						<String ID="P13_ST00277" HPOS="1483" VPOS="1412" WIDTH="72" HEIGHT="28" CONTENT="and" WC="0.90" CC="996"/>
						<SP ID="P13_SP00257" HPOS="1555" VPOS="1448" WIDTH="24"/>
						<String ID="P13_ST00278" HPOS="1579" VPOS="1412" WIDTH="103" HEIGHT="33" CONTENT="thus," WC="0.96" CC="97414"/>
						<SP ID="P13_SP00258" HPOS="1682" VPOS="1448" WIDTH="24"/>
						<String ID="P13_ST00279" HPOS="1706" VPOS="1409" WIDTH="131" HEIGHT="38" CONTENT="slowly" WC="0.97" CC="086780"/>
						<SP ID="P13_SP00259" HPOS="1837" VPOS="1448" WIDTH="17"/>
						<String ID="P13_ST00280" HPOS="1854" VPOS="1411" WIDTH="69" HEIGHT="28" CONTENT="but" WC="0.94" CC="790"/>
						<SP ID="P13_SP00260" HPOS="1923" VPOS="1448" WIDTH="16"/>
						<String ID="P13_ST00281" HPOS="1939" VPOS="1409" WIDTH="197" HEIGHT="37" CONTENT="certainly," WC="0.99" CC="3750527700"/>
					</TextLine>
					<TextLine ID="P13_TL00021" HPOS="163" VPOS="1472" WIDTH="1972" HEIGHT="37">
						<String ID="P13_ST00282" HPOS="163" VPOS="1472" WIDTH="66" HEIGHT="30" CONTENT="the" WC="0.93" CC="567"/>
						<SP ID="P13_SP00261" HPOS="229" VPOS="1502" WIDTH="37"/>
						<String ID="P13_ST00283" HPOS="266" VPOS="1473" WIDTH="276" HEIGHT="30" CONTENT="deterioration" WC="0.99" CC="3527727094077"/>
						<SP ID="P13_SP00262" HPOS="542" VPOS="1503" WIDTH="39"/>
						<String ID="P13_ST00284" HPOS="581" VPOS="1473" WIDTH="31" HEIGHT="30" CONTENT="is" WC="0.66" CC="15"/>
						<SP ID="P13_SP00263" HPOS="612" VPOS="1503" WIDTH="36"/>
						<String ID="P13_ST00285" HPOS="648" VPOS="1473" WIDTH="133" HEIGHT="30" CONTENT="visible" WC="0.97" CC="9126786"/>
						<SP ID="P13_SP00264" HPOS="781" VPOS="1503" WIDTH="38"/>
						<String ID="P13_ST00286" HPOS="819" VPOS="1474" WIDTH="38" HEIGHT="28" CONTENT="in" WC="0.61" CC="70"/>
						<SP ID="P13_SP00265" HPOS="857" VPOS="1503" WIDTH="38"/>
						<String ID="P13_ST00287" HPOS="895" VPOS="1473" WIDTH="58" HEIGHT="30" CONTENT="his" WC="0.96" CC="720"/>
						<SP ID="P13_SP00266" HPOS="953" VPOS="1503" WIDTH="36"/>
						<String ID="P13_ST00288" HPOS="989" VPOS="1473" WIDTH="119" HEIGHT="36" CONTENT="work," WC="0.96" CC="97450"/>
						<SP ID="P13_SP00267" HPOS="1108" VPOS="1509" WIDTH="38"/>
						<String ID="P13_ST00289" HPOS="1146" VPOS="1474" WIDTH="72" HEIGHT="29" CONTENT="and" WC="0.93" CC="775"/>
						<SP ID="P13_SP00268" HPOS="1218" VPOS="1509" WIDTH="38"/>
						<String ID="P13_ST00290" HPOS="1256" VPOS="1474" WIDTH="66" HEIGHT="29" CONTENT="the" WC="0.92" CC="894"/>
						<SP ID="P13_SP00269" HPOS="1322" VPOS="1509" WIDTH="38"/>
						<String ID="P13_ST00291" HPOS="1360" VPOS="1474" WIDTH="71" HEIGHT="29" CONTENT="end" WC="0.95" CC="470"/>
						<SP ID="P13_SP00270" HPOS="1431" VPOS="1509" WIDTH="39"/>
						<String ID="P13_ST00292" HPOS="1470" VPOS="1475" WIDTH="31" HEIGHT="28" CONTENT="is" WC="1.00" CC="00"/>
						<SP ID="P13_SP00271" HPOS="1501" VPOS="1509" WIDTH="36"/>
						<String ID="P13_ST00293" HPOS="1537" VPOS="1473" WIDTH="160" HEIGHT="30" CONTENT="reached" WC="0.96" CC="9693769"/>
						<SP ID="P13_SP00272" HPOS="1697" VPOS="1509" WIDTH="39"/>
						<String ID="P13_ST00294" HPOS="1736" VPOS="1474" WIDTH="37" HEIGHT="28" CONTENT="in" WC="0.09" CC="89"/>
						<SP ID="P13_SP00273" HPOS="1773" VPOS="1509" WIDTH="40"/>
						<String ID="P13_ST00295" HPOS="1813" VPOS="1473" WIDTH="206" HEIGHT="30" CONTENT="bitterness" WC="0.99" CC="7158109320"/>
						<SP ID="P13_SP00274" HPOS="2019" VPOS="1509" WIDTH="45"/>
						<String ID="P13_ST00296" HPOS="2064" VPOS="1472" WIDTH="71" HEIGHT="29" CONTENT="and" WC="0.94" CC="708"/>
					</TextLine>
					<TextLine ID="P13_TL00022" HPOS="164" VPOS="1533" WIDTH="1972" HEIGHT="39">
						<String ID="P13_ST00297" HPOS="164" VPOS="1533" WIDTH="102" HEIGHT="31" CONTENT="blind" WC="0.96" CC="06679"/>
						<SP ID="P13_SP00275" HPOS="266" VPOS="1564" WIDTH="32"/>
						<String ID="P13_ST00298" HPOS="298" VPOS="1533" WIDTH="155" HEIGHT="32" CONTENT="conflict" WC="0.97" CC="47778754"/>
						<SP ID="P13_SP00276" HPOS="453" VPOS="1565" WIDTH="34"/>
						<String ID="P13_ST00299" HPOS="487" VPOS="1535" WIDTH="94" HEIGHT="29" CONTENT="with" WC="0.94" CC="5777"/>
						<SP ID="P13_SP00277" HPOS="581" VPOS="1565" WIDTH="37"/>
						<String ID="P13_ST00300" HPOS="618" VPOS="1536" WIDTH="110" HEIGHT="29" CONTENT="those" WC="0.96" CC="39935"/>
						<SP ID="P13_SP00278" HPOS="728" VPOS="1565" WIDTH="37"/>
						<String ID="P13_ST00301" HPOS="765" VPOS="1543" WIDTH="91" HEIGHT="29" CONTENT="very" WC="0.94" CC="6796"/>
						<SP ID="P13_SP00279" HPOS="856" VPOS="1572" WIDTH="38"/>
						<String ID="P13_ST00302" HPOS="894" VPOS="1536" WIDTH="297" HEIGHT="35" CONTENT="imperturbable" WC="0.98" CC="6999948770770"/>
						<SP ID="P13_SP00280" HPOS="1191" VPOS="1572" WIDTH="44"/>
						<String ID="P13_ST00303" HPOS="1235" VPOS="1534" WIDTH="106" HEIGHT="31" CONTENT="facts" WC="0.96" CC="67637" STYLEREFS="TXT_2"/>
						<SP ID="P13_SP00281" HPOS="1341" VPOS="1572" WIDTH="43"/>
						<String ID="P13_ST00304" HPOS="1384" VPOS="1536" WIDTH="122" HEIGHT="31" CONTENT="which" WC="0.95" CC="87637"/>
						<SP ID="P13_SP00282" HPOS="1506" VPOS="1572" WIDTH="36"/>
						<String ID="P13_ST00305" HPOS="1542" VPOS="1536" WIDTH="44" HEIGHT="29" CONTENT="he" WC="0.44" CC="73"/>
						<SP ID="P13_SP00283" HPOS="1586" VPOS="1572" WIDTH="25"/>
						<String ID="P13_ST00306" HPOS="1611" VPOS="1536" WIDTH="66" HEIGHT="30" CONTENT="has" WC="0.98" CC="050"/>
						<SP ID="P13_SP00284" HPOS="1677" VPOS="1572" WIDTH="33"/>
						<String ID="P13_ST00307" HPOS="1710" VPOS="1536" WIDTH="157" HEIGHT="36" CONTENT="ignored" WC="0.97" CC="6997063"/>
						<SP ID="P13_SP00285" HPOS="1867" VPOS="1572" WIDTH="46"/>
						<String ID="P13_ST00308" HPOS="1913" VPOS="1542" WIDTH="42" HEIGHT="22" CONTENT="or" WC="0.69" CC="60"/>
						<SP ID="P13_SP00286" HPOS="1955" VPOS="1572" WIDTH="44"/>
						<String ID="P13_ST00309" HPOS="1999" VPOS="1533" WIDTH="137" HEIGHT="31" CONTENT="defied." WC="0.97" CC="8480664"/>
					</TextLine>
					<TextLine ID="P13_TL00023" HPOS="164" VPOS="1595" WIDTH="1973" HEIGHT="39">
						<String ID="P13_ST00310" HPOS="164" VPOS="1602" WIDTH="44" HEIGHT="25" CONTENT="*£?" WC="0.22" CC="787"/>
						<SP ID="P13_SP00287" HPOS="208" VPOS="1627" WIDTH="23"/>
						<String ID="P13_ST00311" HPOS="231" VPOS="1595" WIDTH="77" HEIGHT="31" CONTENT="The" WC="0.98" CC="006"/>
						<SP ID="P13_SP00288" HPOS="308" VPOS="1627" WIDTH="24"/>
						<String ID="P13_ST00312" HPOS="332" VPOS="1595" WIDTH="146" HEIGHT="31" CONTENT="artist's" WC="0.98" CC="97080210"/>
						<SP ID="P13_SP00289" HPOS="478" VPOS="1627" WIDTH="22"/>
						<String ID="P13_ST00313" HPOS="500" VPOS="1595" WIDTH="77" HEIGHT="31" CONTENT="fate" WC="0.94" CC="8957"/>
						<SP ID="P13_SP00290" HPOS="577" VPOS="1627" WIDTH="24"/>
						<String ID="P13_ST00314" HPOS="601" VPOS="1597" WIDTH="32" HEIGHT="29" CONTENT="is" WC="0.75" CC="05"/>
						<SP ID="P13_SP00291" HPOS="633" VPOS="1627" WIDTH="24"/>
						<String ID="P13_ST00315" HPOS="657" VPOS="1597" WIDTH="36" HEIGHT="31" CONTENT="in" WC="0.28" CC="67"/>
						<SP ID="P13_SP00292" HPOS="693" VPOS="1628" WIDTH="25"/>
						<String ID="P13_ST00316" HPOS="718" VPOS="1597" WIDTH="57" HEIGHT="29" CONTENT="his" WC="0.92" CC="974"/>
						<SP ID="P13_SP00293" HPOS="775" VPOS="1628" WIDTH="25"/>
						<String ID="P13_ST00317" HPOS="800" VPOS="1605" WIDTH="83" HEIGHT="21" CONTENT="own" WC="0.92" CC="767"/>
						<SP ID="P13_SP00294" HPOS="883" VPOS="1628" WIDTH="25"/>
						<String ID="P13_ST00318" HPOS="908" VPOS="1598" WIDTH="132" HEIGHT="29" CONTENT="hands." WC="0.96" CC="797727"/>
						<SP ID="P13_SP00295" HPOS="1040" VPOS="1628" WIDTH="45"/>
						<String ID="P13_ST00319" HPOS="1085" VPOS="1597" WIDTH="120" HEIGHT="31" CONTENT="There" WC="0.96" CC="07796"/>
						<SP ID="P13_SP00296" HPOS="1205" VPOS="1628" WIDTH="23"/>
						<String ID="P13_ST00320" HPOS="1228" VPOS="1599" WIDTH="31" HEIGHT="28" CONTENT="is" WC="0.66" CC="60"/>
						<SP ID="P13_SP00297" HPOS="1259" VPOS="1628" WIDTH="24"/>
						<String ID="P13_ST00321" HPOS="1283" VPOS="1598" WIDTH="160" HEIGHT="36" CONTENT="nothing" WC="0.96" CC="7769297"/>
						<SP ID="P13_SP00298" HPOS="1443" VPOS="1634" WIDTH="23"/>
						<String ID="P13_ST00322" HPOS="1466" VPOS="1598" WIDTH="38" HEIGHT="31" CONTENT="in" WC="0.38" CC="56"/>
						<SP ID="P13_SP00299" HPOS="1504" VPOS="1634" WIDTH="24"/>
						<String ID="P13_ST00323" HPOS="1528" VPOS="1598" WIDTH="64" HEIGHT="30" CONTENT="the" WC="0.92" CC="696"/>
						<SP ID="P13_SP00300" HPOS="1592" VPOS="1634" WIDTH="25"/>
						<String ID="P13_ST00324" HPOS="1617" VPOS="1598" WIDTH="190" HEIGHT="30" CONTENT="imitation" WC="0.98" CC="790096460"/>
						<SP ID="P13_SP00301" HPOS="1807" VPOS="1634" WIDTH="19"/>
						<String ID="P13_ST00325" HPOS="1826" VPOS="1597" WIDTH="37" HEIGHT="29" CONTENT="of" WC="0.22" CC="78"/>
						<SP ID="P13_SP00302" HPOS="1863" VPOS="1634" WIDTH="16"/>
						<String ID="P13_ST00326" HPOS="1879" VPOS="1598" WIDTH="199" HEIGHT="36" CONTENT="humanity" WC="0.98" CC="97640630"/>
						<SP ID="P13_SP00303" HPOS="2078" VPOS="1634" WIDTH="16"/>
						<String ID="P13_ST00327" HPOS="2094" VPOS="1604" WIDTH="43" HEIGHT="22" CONTENT="or" WC="0.33" CC="67"/>
					</TextLine>
					<TextLine ID="P13_TL00024" HPOS="165" VPOS="1659" WIDTH="1971" HEIGHT="37">
						<String ID="P13_ST00328" HPOS="165" VPOS="1659" WIDTH="137" HEIGHT="29" CONTENT="nature" WC="0.96" CC="896806"/>
						<SP ID="P13_SP00304" HPOS="302" VPOS="1688" WIDTH="23"/>
						<String ID="P13_ST00329" HPOS="325" VPOS="1659" WIDTH="122" HEIGHT="30" CONTENT="which" WC="0.96" CC="09866"/>
						<SP ID="P13_SP00305" HPOS="447" VPOS="1689" WIDTH="25"/>
						<String ID="P13_ST00330" HPOS="472" VPOS="1659" WIDTH="130" HEIGHT="36" CONTENT="brings" WC="0.98" CC="700770"/>
						<SP ID="P13_SP00306" HPOS="602" VPOS="1695" WIDTH="24"/>
						<String ID="P13_ST00331" HPOS="626" VPOS="1659" WIDTH="205" HEIGHT="30" CONTENT="inevitable" WC="0.98" CC="7885807904"/>
						<SP ID="P13_SP00307" HPOS="831" VPOS="1695" WIDTH="24"/>
						<String ID="P13_ST00332" HPOS="855" VPOS="1661" WIDTH="292" HEIGHT="35" CONTENT="deterioration," WC="0.99" CC="66060768707682"/>
						<SP ID="P13_SP00308" HPOS="1147" VPOS="1696" WIDTH="93"/>
						<String ID="P13_ST00333" HPOS="1240" VPOS="1667" WIDTH="43" HEIGHT="24" CONTENT="&amp;" WC="0.14" CC="8"/>
						<SP ID="P13_SP00309" HPOS="1283" VPOS="1696" WIDTH="126"/>
						<String ID="P13_ST00334" HPOS="1409" VPOS="1666" WIDTH="45" HEIGHT="25" CONTENT="&amp;" WC="1.00" CC="9"/>
						<SP ID="P13_SP00310" HPOS="1454" VPOS="1696" WIDTH="127"/>
						<String ID="P13_ST00335" HPOS="1581" VPOS="1666" WIDTH="44" HEIGHT="25" CONTENT="&amp;" WC="1.00" CC="9"/>
						<SP ID="P13_SP00311" HPOS="1625" VPOS="1696" WIDTH="297"/>
						<String ID="P13_ST00336" HPOS="1922" VPOS="1666" WIDTH="44" HEIGHT="25" CONTENT="&amp;" WC="1.00" CC="9"/>
						<SP ID="P13_SP00312" HPOS="1966" VPOS="1696" WIDTH="126"/>
						<String ID="P13_ST00337" HPOS="2092" VPOS="1666" WIDTH="44" HEIGHT="25" CONTENT="&amp;" WC="1.00" CC="9"/>
					</TextLine>
					<TextLine ID="P13_TL00025" HPOS="163" VPOS="1720" WIDTH="1973" HEIGHT="38">
						<String ID="P13_ST00338" HPOS="163" VPOS="1726" WIDTH="45" HEIGHT="25" CONTENT="&amp;" WC="0.14" CC="8"/>
						<SP ID="P13_SP00313" HPOS="208" VPOS="1751" WIDTH="25"/>
						<String ID="P13_ST00339" HPOS="233" VPOS="1721" WIDTH="200" HEIGHT="30" CONTENT="Betterton" WC="0.47" CC="852427079"/>
						<SP ID="P13_SP00314" HPOS="433" VPOS="1751" WIDTH="23"/>
						<String ID="P13_ST00340" HPOS="456" VPOS="1722" WIDTH="104" HEIGHT="28" CONTENT="went" WC="0.95" CC="9670"/>
						<SP ID="P13_SP00315" HPOS="560" VPOS="1751" WIDTH="15"/>
						<String ID="P13_ST00341" HPOS="575" VPOS="1720" WIDTH="152" HEIGHT="32" CONTENT="further" WC="0.96" CC="7795768"/>
						<SP ID="P13_SP00316" HPOS="727" VPOS="1752" WIDTH="16"/>
						<String ID="P13_ST00342" HPOS="743" VPOS="1722" WIDTH="71" HEIGHT="28" CONTENT="and" WC="0.91" CC="976"/>
						<SP ID="P13_SP00317" HPOS="814" VPOS="1752" WIDTH="19"/>
						<String ID="P13_ST00343" HPOS="833" VPOS="1722" WIDTH="166" HEIGHT="36" CONTENT="thought" WC="0.97" CC="7777990"/>
						<SP ID="P13_SP00318" HPOS="999" VPOS="1758" WIDTH="15"/>
						<String ID="P13_ST00344" HPOS="1014" VPOS="1730" WIDTH="21" HEIGHT="21" CONTENT="a" WC="0.30" CC="6"/>
						<SP ID="P13_SP00319" HPOS="1035" VPOS="1758" WIDTH="16"/>
						<String ID="P13_ST00345" HPOS="1051" VPOS="1723" WIDTH="112" HEIGHT="28" CONTENT="strict" WC="0.97" CC="248076"/>
						<SP ID="P13_SP00320" HPOS="1163" VPOS="1758" WIDTH="16"/>
						<String ID="P13_ST00346" HPOS="1179" VPOS="1724" WIDTH="249" HEIGHT="34" CONTENT="preparatory" WC="0.98" CC="77679765670"/>
						<SP ID="P13_SP00321" HPOS="1428" VPOS="1758" WIDTH="17"/>
						<String ID="P13_ST00347" HPOS="1445" VPOS="1723" WIDTH="197" HEIGHT="35" CONTENT="discipline" WC="0.98" CC="7826098386"/>
						<SP ID="P13_SP00322" HPOS="1642" VPOS="1758" WIDTH="17"/>
						<String ID="P13_ST00348" HPOS="1659" VPOS="1722" WIDTH="37" HEIGHT="29" CONTENT="of" WC="0.28" CC="67"/>
						<SP ID="P13_SP00323" HPOS="1696" VPOS="1758" WIDTH="15"/>
						<String ID="P13_ST00349" HPOS="1711" VPOS="1723" WIDTH="65" HEIGHT="29" CONTENT="the" WC="0.96" CC="090"/>
						<SP ID="P13_SP00324" HPOS="1776" VPOS="1758" WIDTH="18"/>
						<String ID="P13_ST00350" HPOS="1794" VPOS="1723" WIDTH="197" HEIGHT="29" CONTENT="character" WC="0.98" CC="674024769"/>
						<SP ID="P13_SP00325" HPOS="1991" VPOS="1758" WIDTH="18"/>
						<String ID="P13_ST00351" HPOS="2009" VPOS="1722" WIDTH="127" HEIGHT="29" CONTENT="before" WC="0.96" CC="767776"/>
					</TextLine>
					<TextLine ID="P13_TL00026" HPOS="163" VPOS="1783" WIDTH="1975" HEIGHT="38">
						<String ID="P13_ST00352" HPOS="163" VPOS="1783" WIDTH="182" HEIGHT="36" CONTENT="adopting" WC="0.98" CC="59740187"/>
						<SP ID="P13_SP00326" HPOS="345" VPOS="1819" WIDTH="22"/>
						<String ID="P13_ST00353" HPOS="367" VPOS="1783" WIDTH="66" HEIGHT="29" CONTENT="the" WC="0.95" CC="076"/>
						<SP ID="P13_SP00327" HPOS="433" VPOS="1819" WIDTH="23"/>
						<String ID="P13_ST00354" HPOS="456" VPOS="1785" WIDTH="107" HEIGHT="34" CONTENT="stage" WC="0.95" CC="08996"/>
						<SP ID="P13_SP00328" HPOS="563" VPOS="1819" WIDTH="23"/>
						<String ID="P13_ST00355" HPOS="586" VPOS="1792" WIDTH="40" HEIGHT="21" CONTENT="as" WC="0.63" CC="70"/>
						<SP ID="P13_SP00329" HPOS="626" VPOS="1819" WIDTH="16"/>
						<String ID="P13_ST00356" HPOS="642" VPOS="1792" WIDTH="20" HEIGHT="21" CONTENT="a" WC="0.28" CC="7"/>
						<SP ID="P13_SP00330" HPOS="662" VPOS="1819" WIDTH="17"/>
						<String ID="P13_ST00357" HPOS="679" VPOS="1783" WIDTH="211" HEIGHT="36" CONTENT="profession" WC="0.98" CC="9867623447"/>
						<SP ID="P13_SP00331" HPOS="890" VPOS="1819" WIDTH="18"/>
						<String ID="P13_ST00358" HPOS="908" VPOS="1792" WIDTH="76" HEIGHT="21" CONTENT="was" WC="0.94" CC="862"/>
						<SP ID="P13_SP00332" HPOS="984" VPOS="1819" WIDTH="18"/>
						<String ID="P13_ST00359" HPOS="1002" VPOS="1783" WIDTH="194" HEIGHT="31" CONTENT="essential." WC="0.98" CC="3358736984"/>
						<SP ID="P13_SP00333" HPOS="1196" VPOS="1819" WIDTH="44"/>
						<String ID="P13_ST00360" HPOS="1240" VPOS="1783" WIDTH="84" HEIGHT="37" CONTENT="For," WC="0.94" CC="7793"/>
						<SP ID="P13_SP00334" HPOS="1324" VPOS="1820" WIDTH="17"/>
						<String ID="P13_ST00361" HPOS="1341" VPOS="1785" WIDTH="46" HEIGHT="28" CONTENT="he" WC="0.34" CC="75"/>
						<SP ID="P13_SP00335" HPOS="1387" VPOS="1820" WIDTH="16"/>
						<String ID="P13_ST00362" HPOS="1403" VPOS="1792" WIDTH="98" HEIGHT="29" CONTENT="says," WC="0.98" CC="15040"/>
						<SP ID="P13_SP00336" HPOS="1501" VPOS="1821" WIDTH="17"/>
						<String ID="P13_ST00363" HPOS="1518" VPOS="1785" WIDTH="143" HEIGHT="29" CONTENT='"there' WC="0.98" CC="407670"/>
						<SP ID="P13_SP00337" HPOS="1661" VPOS="1821" WIDTH="17"/>
						<String ID="P13_ST00364" HPOS="1678" VPOS="1785" WIDTH="31" HEIGHT="29" CONTENT="is" WC="1.00" CC="00"/>
						<SP ID="P13_SP00338" HPOS="1709" VPOS="1821" WIDTH="17"/>
						<String ID="P13_ST00365" HPOS="1726" VPOS="1792" WIDTH="47" HEIGHT="22" CONTENT="no" WC="0.33" CC="66"/>
						<SP ID="P13_SP00339" HPOS="1773" VPOS="1821" WIDTH="18"/>
						<String ID="P13_ST00366" HPOS="1791" VPOS="1792" WIDTH="158" HEIGHT="22" CONTENT="manner" WC="0.98" CC="940530"/>
						<SP ID="P13_SP00340" HPOS="1949" VPOS="1821" WIDTH="16"/>
						<String ID="P13_ST00367" HPOS="1965" VPOS="1783" WIDTH="38" HEIGHT="31" CONTENT="of" WC="0.30" CC="67"/>
						<SP ID="P13_SP00341" HPOS="2003" VPOS="1821" WIDTH="16"/>
						<String ID="P13_ST00368" HPOS="2019" VPOS="1785" WIDTH="119" HEIGHT="29" CONTENT="doubt" WC="0.96" CC="91674"/>
					</TextLine>
					<TextLine ID="P13_TL00027" HPOS="162" VPOS="1845" WIDTH="1975" HEIGHT="38">
						<String ID="P13_ST00369" HPOS="162" VPOS="1846" WIDTH="24" HEIGHT="16" CONTENT='"' WC="0.53" CC="4"/>
						<SP ID="P13_SP00342" HPOS="186" VPOS="1862" WIDTH="17"/>
						<String ID="P13_ST00370" HPOS="203" VPOS="1846" WIDTH="70" HEIGHT="29" CONTENT="but" WC="0.91" CC="995"/>
						<SP ID="P13_SP00343" HPOS="273" VPOS="1875" WIDTH="15"/>
						<String ID="P13_ST00371" HPOS="288" VPOS="1845" WIDTH="86" HEIGHT="30" CONTENT="that" WC="0.96" CC="5734"/>
						<SP ID="P13_SP00344" HPOS="374" VPOS="1875" WIDTH="15"/>
						<String ID="P13_ST00372" HPOS="389" VPOS="1846" WIDTH="66" HEIGHT="29" CONTENT="the" WC="0.94" CC="590"/>
						<SP ID="P13_SP00345" HPOS="455" VPOS="1875" WIDTH="16"/>
						<String ID="P13_ST00373" HPOS="471" VPOS="1845" WIDTH="94" HEIGHT="30" CONTENT="lives" WC="0.98" CC="00083"/>
						<SP ID="P13_SP00346" HPOS="565" VPOS="1875" WIDTH="16"/>
						<String ID="P13_ST00374" HPOS="581" VPOS="1847" WIDTH="72" HEIGHT="28" CONTENT="and" WC="0.93" CC="676"/>
						<SP ID="P13_SP00347" HPOS="653" VPOS="1875" WIDTH="20"/>
						<String ID="P13_ST00375" HPOS="673" VPOS="1847" WIDTH="225" HEIGHT="29" CONTENT="Characters" WC="0.98" CC="7795749575"/>
						<SP ID="P13_SP00348" HPOS="898" VPOS="1876" WIDTH="14"/>
						<String ID="P13_ST00376" HPOS="912" VPOS="1845" WIDTH="37" HEIGHT="30" CONTENT="of" WC="0.30" CC="67"/>
						<SP ID="P13_SP00349" HPOS="949" VPOS="1876" WIDTH="12"/>
						<String ID="P13_ST00377" HPOS="961" VPOS="1846" WIDTH="110" HEIGHT="30" CONTENT="those" WC="0.96" CC="79705"/>
						<SP ID="P13_SP00350" HPOS="1071" VPOS="1876" WIDTH="18"/>
						<String ID="P13_ST00378" HPOS="1089" VPOS="1845" WIDTH="174" HEIGHT="35" CONTENT="Persons," WC="0.98" CC="76046700"/>
						<SP ID="P13_SP00351" HPOS="1263" VPOS="1880" WIDTH="17"/>
						<String ID="P13_ST00379" HPOS="1280" VPOS="1846" WIDTH="85" HEIGHT="29" CONTENT="who" WC="0.95" CC="760"/>
						<SP ID="P13_SP00352" HPOS="1365" VPOS="1880" WIDTH="17"/>
						<String ID="P13_ST00380" HPOS="1382" VPOS="1853" WIDTH="63" HEIGHT="22" CONTENT="are" WC="0.94" CC="905"/>
						<SP ID="P13_SP00353" HPOS="1445" VPOS="1880" WIDTH="17"/>
						<String ID="P13_ST00381" HPOS="1462" VPOS="1847" WIDTH="66" HEIGHT="28" CONTENT="the" WC="0.97" CC="107"/>
						<SP ID="P13_SP00354" HPOS="1528" VPOS="1880" WIDTH="18"/>
						<String ID="P13_ST00382" HPOS="1546" VPOS="1845" WIDTH="183" HEIGHT="37" CONTENT="Vehicles," WC="0.98" CC="350568700"/>
						<SP ID="P13_SP00355" HPOS="1729" VPOS="1882" WIDTH="17"/>
						<String ID="P13_ST00383" HPOS="1746" VPOS="1854" WIDTH="40" HEIGHT="22" CONTENT="as" WC="0.78" CC="40"/>
						<SP ID="P13_SP00356" HPOS="1786" VPOS="1882" WIDTH="18"/>
						<String ID="P13_ST00384" HPOS="1804" VPOS="1847" WIDTH="11" HEIGHT="28" CONTENT="I" WC="0.52" CC="4" STYLEREFS="TXT_3"/>
						<SP ID="P13_SP00357" HPOS="1815" VPOS="1882" WIDTH="17"/>
						<String ID="P13_ST00385" HPOS="1832" VPOS="1854" WIDTH="85" HEIGHT="29" CONTENT="may" WC="0.94" CC="690"/>
						<SP ID="P13_SP00358" HPOS="1917" VPOS="1883" WIDTH="16"/>
						<String ID="P13_ST00386" HPOS="1933" VPOS="1845" WIDTH="70" HEIGHT="30" CONTENT="call" WC="0.94" CC="6877"/>
						<SP ID="P13_SP00359" HPOS="2003" VPOS="1883" WIDTH="16"/>
						<String ID="P13_ST00387" HPOS="2019" VPOS="1847" WIDTH="118" HEIGHT="36" CONTENT="them," WC="0.96" CC="46793"/>
					</TextLine>
					<TextLine ID="P13_TL00028" HPOS="162" VPOS="1907" WIDTH="1975" HEIGHT="38">
						<String ID="P13_ST00388" HPOS="162" VPOS="1908" WIDTH="23" HEIGHT="15" CONTENT='"' WC="0.60" CC="3"/>
						<SP ID="P13_SP00360" HPOS="185" VPOS="1923" WIDTH="17"/>
						<String ID="P13_ST00389" HPOS="202" VPOS="1907" WIDTH="39" HEIGHT="31" CONTENT="of" WC="0.22" CC="78"/>
						<SP ID="P13_SP00361" HPOS="241" VPOS="1938" WIDTH="15"/>
						<String ID="P13_ST00390" HPOS="256" VPOS="1908" WIDTH="108" HEIGHT="30" CONTENT="these" WC="0.96" CC="77707"/>
						<SP ID="P13_SP00362" HPOS="364" VPOS="1938" WIDTH="18"/>
						<String ID="P13_ST00391" HPOS="382" VPOS="1909" WIDTH="252" HEIGHT="29" CONTENT="Instructions" WC="0.98" CC="805697567787"/>
						<SP ID="P13_SP00363" HPOS="634" VPOS="1938" WIDTH="17"/>
						<String ID="P13_ST00392" HPOS="651" VPOS="1910" WIDTH="102" HEIGHT="28" CONTENT="must" WC="0.94" CC="6947"/>
						<SP ID="P13_SP00364" HPOS="753" VPOS="1938" WIDTH="17"/>
						<String ID="P13_ST00393" HPOS="770" VPOS="1910" WIDTH="218" HEIGHT="28" CONTENT="contribute" WC="0.98" CC="6686657797"/>
						<SP ID="P13_SP00365" HPOS="988" VPOS="1938" WIDTH="17"/>
						<String ID="P13_ST00394" HPOS="1005" VPOS="1916" WIDTH="92" HEIGHT="29" CONTENT="very" WC="0.97" CC="0570"/>
						<SP ID="P13_SP00366" HPOS="1097" VPOS="1945" WIDTH="17"/>
						<String ID="P13_ST00395" HPOS="1114" VPOS="1909" WIDTH="110" HEIGHT="29" CONTENT="much" WC="0.93" CC="9877"/>
						<SP ID="P13_SP00367" HPOS="1224" VPOS="1945" WIDTH="17"/>
						<String ID="P13_ST00396" HPOS="1241" VPOS="1910" WIDTH="40" HEIGHT="28" CONTENT="to" WC="0.47" CC="37"/>
						<SP ID="P13_SP00368" HPOS="1281" VPOS="1945" WIDTH="18"/>
						<String ID="P13_ST00397" HPOS="1299" VPOS="1909" WIDTH="66" HEIGHT="29" CONTENT="the" WC="0.92" CC="676"/>
						<SP ID="P13_SP00369" HPOS="1365" VPOS="1945" WIDTH="17"/>
						<String ID="P13_ST00398" HPOS="1382" VPOS="1910" WIDTH="224" HEIGHT="35" CONTENT="impression" WC="0.99" CC="2950404037"/>
						<SP ID="P13_SP00370" HPOS="1606" VPOS="1945" WIDTH="17"/>
						<String ID="P13_ST00399" HPOS="1623" VPOS="1909" WIDTH="66" HEIGHT="29" CONTENT="the" WC="0.93" CC="394"/>
						<SP ID="P13_SP00371" HPOS="1689" VPOS="1945" WIDTH="17"/>
						<String ID="P13_ST00400" HPOS="1706" VPOS="1908" WIDTH="112" HEIGHT="31" CONTENT="Fable" WC="0.96" CC="79702"/>
						<SP ID="P13_SP00372" HPOS="1818" VPOS="1945" WIDTH="17"/>
						<String ID="P13_ST00401" HPOS="1835" VPOS="1910" WIDTH="72" HEIGHT="28" CONTENT="and" WC="0.95" CC="580"/>
						<SP ID="P13_SP00373" HPOS="1907" VPOS="1945" WIDTH="18"/>
						<String ID="P13_ST00402" HPOS="1925" VPOS="1908" WIDTH="119" HEIGHT="30" CONTENT="Mora!" WC="0.96" CC="46098"/>
						<SP ID="P13_SP00374" HPOS="2044" VPOS="1945" WIDTH="16"/>
						<String ID="P13_ST00403" HPOS="2060" VPOS="1908" WIDTH="77" HEIGHT="31" CONTENT="will" WC="0.94" CC="9666"/>
					</TextLine>
					<TextLine ID="P13_TL00029" HPOS="162" VPOS="1969" WIDTH="1976" HEIGHT="39">
						<String ID="P13_ST00404" HPOS="162" VPOS="1970" WIDTH="22" HEIGHT="15" CONTENT='"' WC="0.64" CC="3"/>
						<SP ID="P13_SP00375" HPOS="184" VPOS="1985" WIDTH="19"/>
						<String ID="P13_ST00405" HPOS="203" VPOS="1969" WIDTH="121" HEIGHT="31" CONTENT="make." WC="0.97" CC="79004"/>
						<SP ID="P13_SP00376" HPOS="324" VPOS="2000" WIDTH="45"/>
						<String ID="P13_ST00406" HPOS="369" VPOS="1969" WIDTH="71" HEIGHT="31" CONTENT="For" WC="0.94" CC="970"/>
						<SP ID="P13_SP00377" HPOS="440" VPOS="2000" WIDTH="15"/>
						<String ID="P13_ST00407" HPOS="455" VPOS="1971" WIDTH="39" HEIGHT="29" CONTENT="to" WC="0.66" CC="06"/>
						<SP ID="P13_SP00378" HPOS="494" VPOS="2000" WIDTH="19"/>
						<String ID="P13_ST00408" HPOS="513" VPOS="1971" WIDTH="92" HEIGHT="29" CONTENT="hear" WC="0.95" CC="7069"/>
						<SP ID="P13_SP00379" HPOS="605" VPOS="2000" WIDTH="25"/>
						<String ID="P13_ST00409" HPOS="630" VPOS="1972" WIDTH="145" HEIGHT="35" CONTENT="Virtue," WC="0.97" CC="0597860"/>
						<SP ID="P13_SP00380" HPOS="775" VPOS="2007" WIDTH="26"/>
						<String ID="P13_ST00410" HPOS="801" VPOS="1971" WIDTH="183" HEIGHT="36" CONTENT="Religion," WC="0.98" CC="478097674"/>
						<SP ID="P13_SP00381" HPOS="984" VPOS="2007" WIDTH="25"/>
						<String ID="P13_ST00411" HPOS="1009" VPOS="1971" WIDTH="168" HEIGHT="36" CONTENT="Honour," WC="0.98" CC="7376700"/>
						<SP ID="P13_SP00382" HPOS="1177" VPOS="2007" WIDTH="23"/>
						<String ID="P13_ST00412" HPOS="1200" VPOS="1972" WIDTH="290" HEIGHT="29" CONTENT="recommended" WC="0.98" CC="73177657166"/>
						<SP ID="P13_SP00383" HPOS="1490" VPOS="2007" WIDTH="27"/>
						<String ID="P13_ST00413" HPOS="1517" VPOS="1972" WIDTH="46" HEIGHT="36" CONTENT="by" WC="0.64" CC="70"/>
						<SP ID="P13_SP00384" HPOS="1563" VPOS="2008" WIDTH="23"/>
						<String ID="P13_ST00414" HPOS="1586" VPOS="1979" WIDTH="21" HEIGHT="21" CONTENT="a" WC="1.00" CC="9"/>
						<SP ID="P13_SP00385" HPOS="1607" VPOS="2008" WIDTH="22"/>
						<String ID="P13_ST00415" HPOS="1629" VPOS="1972" WIDTH="150" HEIGHT="34" CONTENT="Sinner," WC="0.97" CC="6697494"/>
						<SP ID="P13_SP00386" HPOS="1779" VPOS="2008" WIDTH="28"/>
						<String ID="P13_ST00416" HPOS="1807" VPOS="1979" WIDTH="48" HEIGHT="21" CONTENT="an" WC="0.51" CC="90"/>
						<SP ID="P13_SP00387" HPOS="1855" VPOS="2008" WIDTH="16"/>
						<String ID="P13_ST00417" HPOS="1871" VPOS="1971" WIDTH="164" HEIGHT="36" CONTENT="Atheist," WC="0.99" CC="00654012"/>
						<SP ID="P13_SP00388" HPOS="2035" VPOS="2008" WIDTH="16"/>
						<String ID="P13_ST00418" HPOS="2051" VPOS="1979" WIDTH="43" HEIGHT="22" CONTENT="or" WC="0.49" CC="63"/>
						<SP ID="P13_SP00389" HPOS="2094" VPOS="2008" WIDTH="23"/>
						<String ID="P13_ST00419" HPOS="2117" VPOS="1980" WIDTH="21" HEIGHT="21" CONTENT="a" WC="0.34" CC="6"/>
					</TextLine>
					<TextLine ID="P13_TL00030" HPOS="164" VPOS="2032" WIDTH="1974" HEIGHT="38">
						<String ID="P13_ST00420" HPOS="164" VPOS="2033" WIDTH="23" HEIGHT="14" CONTENT='"' WC="0.54" CC="4"/>
						<SP ID="P13_SP00390" HPOS="187" VPOS="2047" WIDTH="19"/>
						<String ID="P13_ST00421" HPOS="206" VPOS="2032" WIDTH="114" HEIGHT="38" CONTENT="Rake," WC="0.96" CC="69751"/>
						<SP ID="P13_SP00391" HPOS="320" VPOS="2070" WIDTH="24"/>
						<String ID="P13_ST00422" HPOS="344" VPOS="2032" WIDTH="129" HEIGHT="31" CONTENT="makes" WC="0.96" CC="99262"/>
						<SP ID="P13_SP00392" HPOS="473" VPOS="2070" WIDTH="23"/>
						<String ID="P13_ST00423" HPOS="496" VPOS="2033" WIDTH="104" HEIGHT="30" CONTENT="them" WC="0.94" CC="6747"/>
						<SP ID="P13_SP00393" HPOS="600" VPOS="2070" WIDTH="24"/>
						<String ID="P13_ST00424" HPOS="624" VPOS="2042" WIDTH="22" HEIGHT="21" CONTENT="a" WC="0.64" CC="3"/>
						<SP ID="P13_SP00394" HPOS="646" VPOS="2070" WIDTH="22"/>
						<String ID="P13_ST00425" HPOS="668" VPOS="2035" WIDTH="82" HEIGHT="28" CONTENT="Jest" WC="0.95" CC="8709"/>
						<SP ID="P13_SP00395" HPOS="750" VPOS="2070" WIDTH="22"/>
						<String ID="P13_ST00426" HPOS="772" VPOS="2035" WIDTH="40" HEIGHT="28" CONTENT="to" WC="0.53" CC="09"/>
						<SP ID="P13_SP00396" HPOS="812" VPOS="2070" WIDTH="24"/>
						<String ID="P13_ST00427" HPOS="836" VPOS="2042" WIDTH="113" HEIGHT="28" CONTENT="many" WC="0.96" CC="6670"/>
						<SP ID="P13_SP00397" HPOS="949" VPOS="2070" WIDTH="23"/>
						<String ID="P13_ST00428" HPOS="972" VPOS="2033" WIDTH="151" HEIGHT="37" CONTENT="People," WC="0.97" CC="7769873"/>
						<SP ID="P13_SP00398" HPOS="1123" VPOS="2070" WIDTH="23"/>
						<String ID="P13_ST00429" HPOS="1146" VPOS="2034" WIDTH="84" HEIGHT="29" CONTENT="who" WC="0.97" CC="080"/>
						<SP ID="P13_SP00399" HPOS="1230" VPOS="2070" WIDTH="27"/>
						<String ID="P13_ST00430" HPOS="1257" VPOS="2033" WIDTH="124" HEIGHT="30" CONTENT="would" WC="0.96" CC="06777"/>
						<SP ID="P13_SP00400" HPOS="1381" VPOS="2070" WIDTH="29"/>
						<String ID="P13_ST00431" HPOS="1410" VPOS="2035" WIDTH="93" HEIGHT="28" CONTENT="hear" WC="0.97" CC="0437"/>
						<SP ID="P13_SP00401" HPOS="1503" VPOS="2070" WIDTH="30"/>
						<String ID="P13_ST00432" HPOS="1533" VPOS="2034" WIDTH="67" HEIGHT="30" CONTENT="the" WC="0.96" CC="064"/>
						<SP ID="P13_SP00402" HPOS="1600" VPOS="2070" WIDTH="26"/>
						<String ID="P13_ST00433" HPOS="1626" VPOS="2042" WIDTH="103" HEIGHT="22" CONTENT="same" WC="0.95" CC="0995"/>
						<SP ID="P13_SP00403" HPOS="1729" VPOS="2070" WIDTH="31"/>
						<String ID="P13_ST00434" HPOS="1760" VPOS="2035" WIDTH="99" HEIGHT="29" CONTENT="done" WC="0.95" CC="8663"/>
						<SP ID="P13_SP00404" HPOS="1859" VPOS="2070" WIDTH="15"/>
						<String ID="P13_ST00435" HPOS="1874" VPOS="2034" WIDTH="94" HEIGHT="30" CONTENT="with" WC="0.96" CC="7506"/>
						<SP ID="P13_SP00405" HPOS="1968" VPOS="2070" WIDTH="18"/>
						<String ID="P13_ST00436" HPOS="1986" VPOS="2035" WIDTH="87" HEIGHT="28" CONTENT="Awe" WC="0.98" CC="004"/>
						<SP ID="P13_SP00406" HPOS="2073" VPOS="2070" WIDTH="18"/>
						<String ID="P13_ST00437" HPOS="2091" VPOS="2035" WIDTH="47" HEIGHT="35" CONTENT="by" WC="0.63" CC="70"/>
					</TextLine>
					<TextLine ID="P13_TL00031" HPOS="165" VPOS="2094" WIDTH="1172" HEIGHT="38">
						<String ID="P13_ST00438" HPOS="165" VPOS="2096" WIDTH="22" HEIGHT="14" CONTENT='"' WC="0.69" CC="3"/>
						<SP ID="P13_SP00407" HPOS="187" VPOS="2110" WIDTH="20"/>
						<String ID="P13_ST00439" HPOS="207" VPOS="2095" WIDTH="161" HEIGHT="30" CONTENT="Persons" WC="0.98" CC="9700070"/>
						<SP ID="P13_SP00408" HPOS="368" VPOS="2125" WIDTH="23"/>
						<String ID="P13_ST00440" HPOS="391" VPOS="2094" WIDTH="38" HEIGHT="31" CONTENT="of" WC="0.21" CC="78"/>
						<SP ID="P13_SP00409" HPOS="429" VPOS="2125" WIDTH="23"/>
						<String ID="P13_ST00441" HPOS="452" VPOS="2094" WIDTH="138" HEIGHT="32" CONTENT="known" WC="0.95" CC="37787"/>
						<SP ID="P13_SP00410" HPOS="590" VPOS="2126" WIDTH="26"/>
						<String ID="P13_ST00442" HPOS="616" VPOS="2096" WIDTH="228" HEIGHT="36" CONTENT="Reputation" WC="0.98" CC="6697990377"/>
						<SP ID="P13_SP00411" HPOS="844" VPOS="2132" WIDTH="25"/>
						<String ID="P13_ST00443" HPOS="869" VPOS="2098" WIDTH="39" HEIGHT="28" CONTENT="in" WC="0.23" CC="77"/>
						<SP ID="P13_SP00412" HPOS="908" VPOS="2132" WIDTH="23"/>
						<String ID="P13_ST00444" HPOS="931" VPOS="2097" WIDTH="110" HEIGHT="29" CONTENT="those" WC="0.97" CC="37707"/>
						<SP ID="P13_SP00413" HPOS="1041" VPOS="2132" WIDTH="25"/>
						<String ID="P13_ST00445" HPOS="1066" VPOS="2096" WIDTH="271" HEIGHT="31" CONTENT='Particulars."' WC="0.98" CC="9997577899041"/>
						<SP ID="P13_SP00414" HPOS="1337" VPOS="2132" WIDTH="0"/>
					</TextLine>
					<TextLine ID="P13_TL00032" HPOS="231" VPOS="2157" WIDTH="1906" HEIGHT="39">
						<String ID="P13_ST00446" HPOS="231" VPOS="2159" WIDTH="99" HEIGHT="29" CONTENT="Such" WC="0.95" CC="7277"/>
						<SP ID="P13_SP00415" HPOS="330" VPOS="2188" WIDTH="24"/>
						<String ID="P13_ST00447" HPOS="354" VPOS="2159" WIDTH="244" HEIGHT="35" CONTENT="preparation" WC="0.98" CC="78698495207"/>
						<SP ID="P13_SP00416" HPOS="598" VPOS="2194" WIDTH="24"/>
						<String ID="P13_ST00448" HPOS="622" VPOS="2157" WIDTH="38" HEIGHT="31" CONTENT="of" WC="0.27" CC="77"/>
						<SP ID="P13_SP00417" HPOS="660" VPOS="2194" WIDTH="23"/>
						<String ID="P13_ST00449" HPOS="683" VPOS="2159" WIDTH="58" HEIGHT="29" CONTENT="his" WC="0.95" CC="903"/>
						<SP ID="P13_SP00418" HPOS="741" VPOS="2194" WIDTH="24"/>
						<String ID="P13_ST00450" HPOS="765" VPOS="2159" WIDTH="141" HEIGHT="29" CONTENT="mental" WC="0.95" CC="968898"/>
						<SP ID="P13_SP00419" HPOS="906" VPOS="2194" WIDTH="23"/>
						<String ID="P13_ST00451" HPOS="929" VPOS="2160" WIDTH="114" HEIGHT="36" CONTENT="state," WC="0.97" CC="459660"/>
						<SP ID="P13_SP00420" HPOS="1043" VPOS="2196" WIDTH="24"/>
						<String ID="P13_ST00452" HPOS="1067" VPOS="2167" WIDTH="40" HEIGHT="22" CONTENT="as" WC="0.52" CC="90"/>
						<SP ID="P13_SP00421" HPOS="1107" VPOS="2196" WIDTH="23"/>
						<String ID="P13_ST00453" HPOS="1130" VPOS="2160" WIDTH="77" HEIGHT="29" CONTENT="this" WC="0.97" CC="4701"/>
						<SP ID="P13_SP00422" HPOS="1207" VPOS="2196" WIDTH="29"/>
						<String ID="P13_ST00454" HPOS="1236" VPOS="2159" WIDTH="39" HEIGHT="29" CONTENT="of" WC="0.31" CC="67"/>
						<SP ID="P13_SP00423" HPOS="1275" VPOS="2196" WIDTH="35"/>
						<String ID="P13_ST00455" HPOS="1310" VPOS="2159" WIDTH="258" HEIGHT="37" CONTENT="Betterton's," WC="0.51" CC="604356676334"/>
						<SP ID="P13_SP00424" HPOS="1568" VPOS="2196" WIDTH="23"/>
						<String ID="P13_ST00456" HPOS="1591" VPOS="2160" WIDTH="111" HEIGHT="29" CONTENT="when" WC="0.95" CC="0957"/>
						<SP ID="P13_SP00425" HPOS="1702" VPOS="2196" WIDTH="32"/>
						<String ID="P13_ST00457" HPOS="1734" VPOS="2160" WIDTH="45" HEIGHT="29" CONTENT="he" WC="0.50" CC="90"/>
						<SP ID="P13_SP00426" HPOS="1779" VPOS="2196" WIDTH="30"/>
						<String ID="P13_ST00458" HPOS="1809" VPOS="2167" WIDTH="77" HEIGHT="23" CONTENT="was" WC="0.99" CC="002"/>
						<SP ID="P13_SP00427" HPOS="1886" VPOS="2196" WIDTH="30"/>
						<String ID="P13_ST00459" HPOS="1916" VPOS="2161" WIDTH="41" HEIGHT="29" CONTENT="to" WC="1.00" CC="00"/>
						<SP ID="P13_SP00428" HPOS="1957" VPOS="2196" WIDTH="28"/>
						<String ID="P13_ST00460" HPOS="1985" VPOS="2160" WIDTH="152" HEIGHT="29" CONTENT="become" WC="0.97" CC="753564"/>
					</TextLine>
					<TextLine ID="P13_TL00033" HPOS="163" VPOS="2219" WIDTH="1973" HEIGHT="39">
						<String ID="P13_ST00461" HPOS="163" VPOS="2221" WIDTH="66" HEIGHT="30" CONTENT="the" WC="0.96" CC="370"/>
						<SP ID="P13_SP00429" HPOS="229" VPOS="2251" WIDTH="24"/>
						<String ID="P13_ST00462" HPOS="253" VPOS="2221" WIDTH="235" HEIGHT="35" CONTENT="interpreter" WC="0.98" CC="57727696847"/>
						<SP ID="P13_SP00430" HPOS="488" VPOS="2256" WIDTH="24"/>
						<String ID="P13_ST00463" HPOS="512" VPOS="2219" WIDTH="37" HEIGHT="30" CONTENT="of" WC="0.20" CC="78"/>
						<SP ID="P13_SP00431" HPOS="549" VPOS="2256" WIDTH="22"/>
						<String ID="P13_ST00464" HPOS="571" VPOS="2228" WIDTH="21" HEIGHT="21" CONTENT="a" WC="1.00" CC="9"/>
						<SP ID="P13_SP00432" HPOS="592" VPOS="2256" WIDTH="23"/>
						<String ID="P13_ST00465" HPOS="615" VPOS="2221" WIDTH="109" HEIGHT="35" CONTENT="great" WC="0.95" CC="97890"/>
						<SP ID="P13_SP00433" HPOS="724" VPOS="2256" WIDTH="24"/>
						<String ID="P13_ST00466" HPOS="748" VPOS="2221" WIDTH="210" HEIGHT="37" CONTENT="character," WC="0.98" CC="7720943790"/>
						<SP ID="P13_SP00434" HPOS="958" VPOS="2258" WIDTH="24"/>
						<String ID="P13_ST00467" HPOS="982" VPOS="2222" WIDTH="31" HEIGHT="29" CONTENT="is" WC="0.91" CC="01"/>
						<SP ID="P13_SP00435" HPOS="1013" VPOS="2258" WIDTH="23"/>
						<String ID="P13_ST00468" HPOS="1036" VPOS="2223" WIDTH="68" HEIGHT="28" CONTENT="not" WC="0.94" CC="960"/>
						<SP ID="P13_SP00436" HPOS="1104" VPOS="2258" WIDTH="23"/>
						<String ID="P13_ST00469" HPOS="1127" VPOS="2221" WIDTH="176" HEIGHT="31" CONTENT="unusual." WC="0.98" CC="77467080"/>
						<SP ID="P13_SP00437" HPOS="1303" VPOS="2258" WIDTH="45"/>
						<String ID="P13_ST00470" HPOS="1348" VPOS="2223" WIDTH="32" HEIGHT="28" CONTENT="It" WC="0.35" CC="74"/>
						<SP ID="P13_SP00438" HPOS="1380" VPOS="2258" WIDTH="23"/>
						<String ID="P13_ST00471" HPOS="1403" VPOS="2222" WIDTH="31" HEIGHT="29" CONTENT="is" WC="0.82" CC="30"/>
						<SP ID="P13_SP00439" HPOS="1434" VPOS="2258" WIDTH="24"/>
						<String ID="P13_ST00472" HPOS="1458" VPOS="2223" WIDTH="79" HEIGHT="35" CONTENT="not," WC="0.97" CC="7500"/>
						<SP ID="P13_SP00440" HPOS="1537" VPOS="2258" WIDTH="25"/>
						<String ID="P13_ST00473" HPOS="1562" VPOS="2223" WIDTH="12" HEIGHT="28" CONTENT="I" WC="0.18" CC="8" STYLEREFS="TXT_3"/>
						<SP ID="P13_SP00441" HPOS="1574" VPOS="2258" WIDTH="24"/>
						<String ID="P13_ST00474" HPOS="1598" VPOS="2223" WIDTH="108" HEIGHT="35" CONTENT="hope," WC="0.97" CC="06944"/>
						<SP ID="P13_SP00442" HPOS="1706" VPOS="2258" WIDTH="31"/>
						<String ID="P13_ST00475" HPOS="1737" VPOS="2223" WIDTH="252" HEIGHT="35" CONTENT="unbecoming" WC="0.98" CC="2074209669"/>
						<SP ID="P13_SP00443" HPOS="1989" VPOS="2258" WIDTH="26"/>
						<String ID="P13_ST00476" HPOS="2015" VPOS="2223" WIDTH="37" HEIGHT="28" CONTENT="in" WC="0.77" CC="04"/>
						<SP ID="P13_SP00444" HPOS="2052" VPOS="2258" WIDTH="26"/>
						<String ID="P13_ST00477" HPOS="2078" VPOS="2230" WIDTH="58" HEIGHT="22" CONTENT="me" WC="0.33" CC="75"/>
					</TextLine>
					<TextLine ID="P13_TL00034" HPOS="163" VPOS="2282" WIDTH="1973" HEIGHT="39">
						<String ID="P13_ST00478" HPOS="163" VPOS="2284" WIDTH="40" HEIGHT="29" CONTENT="to" WC="0.64" CC="70"/>
						<SP ID="P13_SP00445" HPOS="203" VPOS="2313" WIDTH="17"/>
						<String ID="P13_ST00479" HPOS="220" VPOS="2282" WIDTH="117" HEIGHT="37" CONTENT="speak" WC="0.99" CC="00600"/>
						<SP ID="P13_SP00446" HPOS="337" VPOS="2319" WIDTH="16"/>
						<String ID="P13_ST00480" HPOS="353" VPOS="2282" WIDTH="37" HEIGHT="30" CONTENT="of" WC="0.25" CC="68"/>
						<SP ID="P13_SP00447" HPOS="390" VPOS="2319" WIDTH="17"/>
						<String ID="P13_ST00481" HPOS="407" VPOS="2291" WIDTH="20" HEIGHT="21" CONTENT="a" WC="0.05" CC="9"/>
						<SP ID="P13_SP00448" HPOS="427" VPOS="2319" WIDTH="14"/>
						<String ID="P13_ST00482" HPOS="441" VPOS="2290" WIDTH="93" HEIGHT="29" CONTENT="very" WC="0.98" CC="0090"/>
						<SP ID="P13_SP00449" HPOS="534" VPOS="2319" WIDTH="15"/>
						<String ID="P13_ST00483" HPOS="549" VPOS="2282" WIDTH="239" HEIGHT="31" CONTENT="remarkable" WC="0.97" CC="7799967986"/>
						<SP ID="P13_SP00450" HPOS="788" VPOS="2319" WIDTH="17"/>
						<String ID="P13_ST00484" HPOS="805" VPOS="2284" WIDTH="171" HEIGHT="29" CONTENT="instance" WC="0.98" CC="58009776"/>
						<SP ID="P13_SP00451" HPOS="976" VPOS="2319" WIDTH="18"/>
						<String ID="P13_ST00485" HPOS="994" VPOS="2282" WIDTH="37" HEIGHT="31" CONTENT="of" WC="0.36" CC="57"/>
						<SP ID="P13_SP00452" HPOS="1031" VPOS="2319" WIDTH="16"/>
						<String ID="P13_ST00486" HPOS="1047" VPOS="2284" WIDTH="91" HEIGHT="29" CONTENT="such" WC="0.96" CC="0666"/>
						<SP ID="P13_SP00453" HPOS="1138" VPOS="2319" WIDTH="19"/>
						<String ID="P13_ST00487" HPOS="1157" VPOS="2284" WIDTH="156" HEIGHT="36" CONTENT="mental," WC="0.97" CC="6493764"/>
						<SP ID="P13_SP00454" HPOS="1313" VPOS="2320" WIDTH="14"/>
						<String ID="P13_ST00488" HPOS="1327" VPOS="2285" WIDTH="12" HEIGHT="28" CONTENT="I" WC="0.20" CC="7" STYLEREFS="TXT_3"/>
						<SP ID="P13_SP00455" HPOS="1339" VPOS="2320" WIDTH="14"/>
						<String ID="P13_ST00489" HPOS="1353" VPOS="2292" WIDTH="84" HEIGHT="29" CONTENT="may" WC="0.89" CC="999"/>
						<SP ID="P13_SP00456" HPOS="1437" VPOS="2321" WIDTH="12"/>
						<String ID="P13_ST00490" HPOS="1449" VPOS="2284" WIDTH="138" HEIGHT="29" CONTENT="almost" WC="0.97" CC="985700"/>
						<SP ID="P13_SP00457" HPOS="1587" VPOS="2321" WIDTH="13"/>
						<String ID="P13_ST00491" HPOS="1600" VPOS="2292" WIDTH="65" HEIGHT="29" CONTENT="say" WC="1.00" CC="000"/>
						<SP ID="P13_SP00458" HPOS="1665" VPOS="2321" WIDTH="12"/>
						<String ID="P13_ST00492" HPOS="1677" VPOS="2283" WIDTH="189" HEIGHT="37" CONTENT="spiritual," WC="0.99" CC="0655728080"/>
						<SP ID="P13_SP00459" HPOS="1866" VPOS="2321" WIDTH="12"/>
						<String ID="P13_ST00493" HPOS="1878" VPOS="2285" WIDTH="258" HEIGHT="35" CONTENT="preparation." WC="0.98" CC="966999908664"/>
					</TextLine>
					<TextLine ID="P13_TL00035" HPOS="163" VPOS="2345" WIDTH="1971" HEIGHT="38">
						<String ID="P13_ST00494" HPOS="163" VPOS="2352" WIDTH="45" HEIGHT="24" CONTENT="&amp;" WC="1.00" CC="9"/>
						<SP ID="P13_SP00460" HPOS="208" VPOS="2376" WIDTH="24"/>
						<String ID="P13_ST00495" HPOS="232" VPOS="2345" WIDTH="121" HEIGHT="29" CONTENT="When" WC="0.99" CC="0005"/>
						<SP ID="P13_SP00461" HPOS="353" VPOS="2376" WIDTH="23"/>
						<String ID="P13_ST00496" HPOS="376" VPOS="2345" WIDTH="60" HEIGHT="29" CONTENT="Sir" WC="0.92" CC="919"/>
						<SP ID="P13_SP00462" HPOS="436" VPOS="2376" WIDTH="25"/>
						<String ID="P13_ST00497" HPOS="461" VPOS="2345" WIDTH="126" HEIGHT="36" CONTENT="Henry" WC="0.98" CC="70060"/>
						<SP ID="P13_SP00463" HPOS="587" VPOS="2381" WIDTH="25"/>
						<String ID="P13_ST00498" HPOS="612" VPOS="2346" WIDTH="125" HEIGHT="35" CONTENT="Irving" WC="0.97" CC="075579"/>
						<SP ID="P13_SP00464" HPOS="737" VPOS="2381" WIDTH="21"/>
						<String ID="P13_ST00499" HPOS="758" VPOS="2346" WIDTH="135" HEIGHT="35" CONTENT="played" WC="0.96" CC="779068"/>
						<SP ID="P13_SP00465" HPOS="893" VPOS="2381" WIDTH="25"/>
						<String ID="P13_ST00500" HPOS="918" VPOS="2346" WIDTH="23" HEIGHT="14" CONTENT='"' WC="0.55" CC="4"/>
						<SP ID="P13_SP00466" HPOS="941" VPOS="2381" WIDTH="15"/>
						<String ID="P13_ST00501" HPOS="956" VPOS="2345" WIDTH="187" HEIGHT="35" CONTENT='Hamlet,"' WC="0.97" CC="70988822"/>
						<SP ID="P13_SP00467" HPOS="1143" VPOS="2381" WIDTH="28"/>
						<String ID="P13_ST00502" HPOS="1171" VPOS="2346" WIDTH="46" HEIGHT="29" CONTENT="he" WC="0.04" CC="99"/>
						<SP ID="P13_SP00468" HPOS="1217" VPOS="2381" WIDTH="37"/>
						<String ID="P13_ST00503" HPOS="1254" VPOS="2345" WIDTH="247" HEIGHT="38" CONTENT="deliberately" WC="0.98" CC="888279795460"/>
						<SP ID="P13_SP00469" HPOS="1501" VPOS="2383" WIDTH="35"/>
						<String ID="P13_ST00504" HPOS="1536" VPOS="2345" WIDTH="96" HEIGHT="30" CONTENT="lived" WC="0.96" CC="86064"/>
						<SP ID="P13_SP00470" HPOS="1632" VPOS="2383" WIDTH="31"/>
						<String ID="P13_ST00505" HPOS="1663" VPOS="2346" WIDTH="65" HEIGHT="29" CONTENT="the" WC="0.96" CC="064"/>
						<SP ID="P13_SP00471" HPOS="1728" VPOS="2383" WIDTH="32"/>
						<String ID="P13_ST00506" HPOS="1760" VPOS="2345" WIDTH="64" HEIGHT="31" CONTENT="life" WC="0.95" CC="8076"/>
						<SP ID="P13_SP00472" HPOS="1824" VPOS="2383" WIDTH="30"/>
						<String ID="P13_ST00507" HPOS="1854" VPOS="2346" WIDTH="138" HEIGHT="30" CONTENT="almost" WC="0.97" CC="957607"/>
						<SP ID="P13_SP00473" HPOS="1992" VPOS="2383" WIDTH="29"/>
						<String ID="P13_ST00508" HPOS="2021" VPOS="2346" WIDTH="38" HEIGHT="30" CONTENT="of" WC="0.34" CC="58"/>
						<SP ID="P13_SP00474" HPOS="2059" VPOS="2383" WIDTH="29"/>
						<String ID="P13_ST00509" HPOS="2088" VPOS="2354" WIDTH="46" HEIGHT="22" CONTENT="an" WC="0.14" CC="97"/>
					</TextLine>
					<TextLine ID="P13_TL00036" HPOS="163" VPOS="2406" WIDTH="1972" HEIGHT="38">
						<String ID="P13_ST00510" HPOS="163" VPOS="2409" WIDTH="211" HEIGHT="29" CONTENT="anchorite." WC="0.99" CC="0857603034"/>
						<SP ID="P13_SP00475" HPOS="374" VPOS="2438" WIDTH="43"/>
						<String ID="P13_ST00511" HPOS="417" VPOS="2409" WIDTH="49" HEIGHT="28" CONTENT="So" WC="0.66" CC="60"/>
						<SP ID="P13_SP00476" HPOS="466" VPOS="2438" WIDTH="23"/>
						<String ID="P13_ST00512" HPOS="489" VPOS="2406" WIDTH="146" HEIGHT="31" CONTENT="solemn" WC="0.97" CC="068567"/>
						<SP ID="P13_SP00477" HPOS="635" VPOS="2438" WIDTH="24"/>
						<String ID="P13_ST00513" HPOS="659" VPOS="2416" WIDTH="21" HEIGHT="21" CONTENT="a" WC="1.00" CC="0"/>
						<SP ID="P13_SP00478" HPOS="680" VPOS="2438" WIDTH="23"/>
						<String ID="P13_ST00514" HPOS="703" VPOS="2408" WIDTH="138" HEIGHT="36" CONTENT="charge" WC="0.95" CC="697978"/>
						<SP ID="P13_SP00479" HPOS="841" VPOS="2444" WIDTH="23"/>
						<String ID="P13_ST00515" HPOS="864" VPOS="2409" WIDTH="47" HEIGHT="30" CONTENT="he" WC="0.44" CC="91"/>
						<SP ID="P13_SP00480" HPOS="911" VPOS="2444" WIDTH="24"/>
						<String ID="P13_ST00516" HPOS="935" VPOS="2407" WIDTH="84" HEIGHT="30" CONTENT="held" WC="0.95" CC="7277"/>
						<SP ID="P13_SP00481" HPOS="1019" VPOS="2444" WIDTH="25"/>
						<String ID="P13_ST00517" HPOS="1044" VPOS="2408" WIDTH="57" HEIGHT="29" CONTENT="his" WC="0.93" CC="775"/>
						<SP ID="P13_SP00482" HPOS="1101" VPOS="2444" WIDTH="24"/>
						<String ID="P13_ST00518" HPOS="1125" VPOS="2408" WIDTH="312" HEIGHT="36" CONTENT="interpretation," WC="0.99" CC="581699764965673"/>
						<SP ID="P13_SP00483" HPOS="1437" VPOS="2444" WIDTH="23"/>
						<String ID="P13_ST00519" HPOS="1460" VPOS="2416" WIDTH="41" HEIGHT="21" CONTENT="so" WC="0.73" CC="05"/>
						<SP ID="P13_SP00484" HPOS="1501" VPOS="2444" WIDTH="24"/>
						<String ID="P13_ST00520" HPOS="1525" VPOS="2407" WIDTH="180" HEIGHT="30" CONTENT="essential" WC="0.98" CC="006677608"/>
						<SP ID="P13_SP00485" HPOS="1705" VPOS="2444" WIDTH="25"/>
						<String ID="P13_ST00521" HPOS="1730" VPOS="2409" WIDTH="61" HEIGHT="29" CONTENT="did" WC="0.96" CC="019"/>
						<SP ID="P13_SP00486" HPOS="1791" VPOS="2444" WIDTH="19"/>
						<String ID="P13_ST00522" HPOS="1810" VPOS="2409" WIDTH="46" HEIGHT="29" CONTENT="he" WC="0.20" CC="95"/>
						<SP ID="P13_SP00487" HPOS="1856" VPOS="2444" WIDTH="18"/>
						<String ID="P13_ST00523" HPOS="1874" VPOS="2409" WIDTH="176" HEIGHT="29" CONTENT="consider" WC="0.98" CC="35600735"/>
						<SP ID="P13_SP00488" HPOS="2050" VPOS="2444" WIDTH="19"/>
						<String ID="P13_ST00524" HPOS="2069" VPOS="2409" WIDTH="66" HEIGHT="30" CONTENT="the" WC="0.93" CC="477"/>
					</TextLine>
					<TextLine ID="P13_TL00037" HPOS="162" VPOS="2469" WIDTH="1972" HEIGHT="38">
						<String ID="P13_ST00525" HPOS="162" VPOS="2472" WIDTH="78" HEIGHT="31" CONTENT="fine" WC="0.94" CC="7977"/>
						<SP ID="P13_SP00489" HPOS="240" VPOS="2503" WIDTH="24"/>
						<String ID="P13_ST00526" HPOS="264" VPOS="2472" WIDTH="103" HEIGHT="35" CONTENT="poise" WC="0.96" CC="96055"/>
						<SP ID="P13_SP00490" HPOS="367" VPOS="2507" WIDTH="25"/>
						<String ID="P13_ST00527" HPOS="392" VPOS="2470" WIDTH="37" HEIGHT="31" CONTENT="of" WC="0.28" CC="67"/>
						<SP ID="P13_SP00491" HPOS="429" VPOS="2507" WIDTH="22"/>
						<String ID="P13_ST00528" HPOS="451" VPOS="2470" WIDTH="58" HEIGHT="30" CONTENT="his" WC="0.96" CC="640"/>
						<SP ID="P13_SP00492" HPOS="509" VPOS="2507" WIDTH="23"/>
						<String ID="P13_ST00529" HPOS="532" VPOS="2471" WIDTH="113" HEIGHT="35" CONTENT="spirit" WC="0.97" CC="290749"/>
						<SP ID="P13_SP00493" HPOS="645" VPOS="2507" WIDTH="21"/>
						<String ID="P13_ST00530" HPOS="666" VPOS="2469" WIDTH="113" HEIGHT="31" CONTENT="while" WC="0.96" CC="69706"/>
						<SP ID="P13_SP00494" HPOS="779" VPOS="2507" WIDTH="25"/>
						<String ID="P13_ST00531" HPOS="804" VPOS="2470" WIDTH="113" HEIGHT="37" CONTENT="being" WC="0.95" CC="79579"/>
						<SP ID="P13_SP00495" HPOS="917" VPOS="2507" WIDTH="22"/>
						<String ID="P13_ST00532" HPOS="939" VPOS="2470" WIDTH="65" HEIGHT="30" CONTENT="the" WC="0.94" CC="068"/>
						<SP ID="P13_SP00496" HPOS="1004" VPOS="2507" WIDTH="25"/>
						<String ID="P13_ST00533" HPOS="1029" VPOS="2471" WIDTH="165" HEIGHT="30" CONTENT="medium" WC="0.96" CC="778279"/>
						<SP ID="P13_SP00497" HPOS="1194" VPOS="2507" WIDTH="25"/>
						<String ID="P13_ST00534" HPOS="1219" VPOS="2469" WIDTH="37" HEIGHT="30" CONTENT="of" WC="0.31" CC="58"/>
						<SP ID="P13_SP00498" HPOS="1256" VPOS="2507" WIDTH="22"/>
						<String ID="P13_ST00535" HPOS="1278" VPOS="2478" WIDTH="40" HEIGHT="22" CONTENT="so" WC="0.67" CC="06"/>
						<SP ID="P13_SP00499" HPOS="1318" VPOS="2507" WIDTH="19"/>
						<String ID="P13_ST00536" HPOS="1337" VPOS="2471" WIDTH="108" HEIGHT="35" CONTENT="great" WC="0.95" CC="99690"/>
						<SP ID="P13_SP00500" HPOS="1445" VPOS="2507" WIDTH="23"/>
						<String ID="P13_ST00537" HPOS="1468" VPOS="2477" WIDTH="21" HEIGHT="22" CONTENT="a" WC="0.01" CC="9"/>
						<SP ID="P13_SP00501" HPOS="1489" VPOS="2507" WIDTH="24"/>
						<String ID="P13_ST00538" HPOS="1513" VPOS="2472" WIDTH="183" HEIGHT="34" CONTENT="creation," WC="0.98" CC="676405560"/>
						<SP ID="P13_SP00502" HPOS="1696" VPOS="2507" WIDTH="17"/>
						<String ID="P13_ST00539" HPOS="1713" VPOS="2471" WIDTH="87" HEIGHT="29" CONTENT="that" WC="0.94" CC="7965"/>
						<SP ID="P13_SP00503" HPOS="1800" VPOS="2507" WIDTH="14"/>
						<String ID="P13_ST00540" HPOS="1814" VPOS="2471" WIDTH="239" HEIGHT="36" CONTENT="throughout" WC="0.98" CC="0706696963"/>
						<SP ID="P13_SP00504" HPOS="2053" VPOS="2507" WIDTH="15"/>
						<String ID="P13_ST00541" HPOS="2068" VPOS="2472" WIDTH="66" HEIGHT="29" CONTENT="the" WC="0.95" CC="606"/>
					</TextLine>
					<TextLine ID="P13_TL00038" HPOS="163" VPOS="2531" WIDTH="1971" HEIGHT="38">
						<String ID="P13_ST00542" HPOS="163" VPOS="2541" WIDTH="72" HEIGHT="24" CONTENT="run" WC="0.92" CC="696"/>
						<SP ID="P13_SP00505" HPOS="235" VPOS="2565" WIDTH="25"/>
						<String ID="P13_ST00543" HPOS="260" VPOS="2533" WIDTH="38" HEIGHT="29" CONTENT="of" WC="0.36" CC="57"/>
						<SP ID="P13_SP00506" HPOS="298" VPOS="2565" WIDTH="25"/>
						<String ID="P13_ST00544" HPOS="323" VPOS="2533" WIDTH="66" HEIGHT="29" CONTENT="the" WC="0.96" CC="361"/>
						<SP ID="P13_SP00507" HPOS="389" VPOS="2565" WIDTH="34"/>
						<String ID="P13_ST00545" HPOS="423" VPOS="2531" WIDTH="278" HEIGHT="36" CONTENT="Shakesperian" WC="0.53" CC="660050865097"/>
						<SP ID="P13_SP00508" HPOS="701" VPOS="2567" WIDTH="36"/>
						<String ID="P13_ST00546" HPOS="737" VPOS="2532" WIDTH="160" HEIGHT="36" CONTENT="tragedy" WC="0.97" CC="0999060"/>
						<SP ID="P13_SP00509" HPOS="897" VPOS="2568" WIDTH="33"/>
						<String ID="P13_ST00547" HPOS="930" VPOS="2533" WIDTH="40" HEIGHT="28" CONTENT="at" WC="0.50" CC="90"/>
						<SP ID="P13_SP00510" HPOS="970" VPOS="2568" WIDTH="33"/>
						<String ID="P13_ST00548" HPOS="1003" VPOS="2532" WIDTH="66" HEIGHT="29" CONTENT="the" WC="0.94" CC="097"/>
						<SP ID="P13_SP00511" HPOS="1069" VPOS="2568" WIDTH="35"/>
						<String ID="P13_ST00549" HPOS="1104" VPOS="2533" WIDTH="160" HEIGHT="36" CONTENT="Lyceum" WC="0.98" CC="200766"/>
						<SP ID="P13_SP00512" HPOS="1264" VPOS="2569" WIDTH="35"/>
						<String ID="P13_ST00550" HPOS="1299" VPOS="2532" WIDTH="176" HEIGHT="36" CONTENT="Theatre," WC="0.98" CC="00193950"/>
						<SP ID="P13_SP00513" HPOS="1475" VPOS="2569" WIDTH="31"/>
						<String ID="P13_ST00551" HPOS="1506" VPOS="2533" WIDTH="46" HEIGHT="28" CONTENT="he" WC="0.56" CC="08"/>
						<SP ID="P13_SP00514" HPOS="1552" VPOS="2569" WIDTH="31"/>
						<String ID="P13_ST00552" HPOS="1583" VPOS="2533" WIDTH="202" HEIGHT="36" CONTENT="purposely" WC="0.98" CC="777957570"/>
						<SP ID="P13_SP00515" HPOS="1785" VPOS="2569" WIDTH="29"/>
						<String ID="P13_ST00553" HPOS="1814" VPOS="2531" WIDTH="191" HEIGHT="33" CONTENT="refrained" WC="0.97" CC="987902759"/>
						<SP ID="P13_SP00516" HPOS="2005" VPOS="2569" WIDTH="32"/>
						<String ID="P13_ST00554" HPOS="2037" VPOS="2533" WIDTH="97" HEIGHT="31" CONTENT="from" WC="0.95" CC="7077"/>
					</TextLine>
					<TextLine ID="P13_TL00039" HPOS="163" VPOS="2594" WIDTH="1971" HEIGHT="38">
						<String ID="P13_ST00555" HPOS="163" VPOS="2595" WIDTH="199" HEIGHT="37" CONTENT="indulging" WC="0.98" CC="890779009"/>
						<SP ID="P13_SP00517" HPOS="362" VPOS="2632" WIDTH="23"/>
						<String ID="P13_ST00556" HPOS="385" VPOS="2596" WIDTH="39" HEIGHT="28" CONTENT="in" WC="0.54" CC="17"/>
						<SP ID="P13_SP00518" HPOS="424" VPOS="2632" WIDTH="24"/>
						<String ID="P13_ST00557" HPOS="448" VPOS="2603" WIDTH="72" HEIGHT="29" CONTENT="any" WC="0.96" CC="900"/>
						<SP ID="P13_SP00519" HPOS="520" VPOS="2632" WIDTH="23"/>
						<String ID="P13_ST00558" HPOS="543" VPOS="2594" WIDTH="114" HEIGHT="30" CONTENT="social" WC="0.99" CC="000490"/>
						<SP ID="P13_SP00520" HPOS="657" VPOS="2632" WIDTH="24"/>
						<String ID="P13_ST00559" HPOS="681" VPOS="2595" WIDTH="258" HEIGHT="36" CONTENT="distractions," WC="0.99" CC="6726992663710"/>
						<SP ID="P13_SP00521" HPOS="939" VPOS="2632" WIDTH="24"/>
						<String ID="P13_ST00560" HPOS="963" VPOS="2602" WIDTH="43" HEIGHT="22" CONTENT="or" WC="0.14" CC="79"/>
						<SP ID="P13_SP00522" HPOS="1006" VPOS="2632" WIDTH="16"/>
						<String ID="P13_ST00561" HPOS="1022" VPOS="2594" WIDTH="177" HEIGHT="38" CONTENT="allowing" WC="0.97" CC="94818699"/>
						<SP ID="P13_SP00523" HPOS="1199" VPOS="2632" WIDTH="17"/>
						<String ID="P13_ST00562" HPOS="1216" VPOS="2594" WIDTH="57" HEIGHT="31" CONTENT="his" WC="0.93" CC="865"/>
						<SP ID="P13_SP00524" HPOS="1273" VPOS="2632" WIDTH="16"/>
						<String ID="P13_ST00563" HPOS="1289" VPOS="2594" WIDTH="141" HEIGHT="31" CONTENT="mental" WC="0.96" CC="977498"/>
						<SP ID="P13_SP00525" HPOS="1430" VPOS="2632" WIDTH="17"/>
						<String ID="P13_ST00564" HPOS="1447" VPOS="2594" WIDTH="241" HEIGHT="36" CONTENT="equilibrium" WC="0.98" CC="60518179528"/>
						<SP ID="P13_SP00526" HPOS="1688" VPOS="2632" WIDTH="16"/>
						<String ID="P13_ST00565" HPOS="1704" VPOS="2596" WIDTH="40" HEIGHT="28" CONTENT="to" WC="0.72" CC="05"/>
						<SP ID="P13_SP00527" HPOS="1744" VPOS="2632" WIDTH="19"/>
						<String ID="P13_ST00566" HPOS="1763" VPOS="2596" WIDTH="44" HEIGHT="29" CONTENT="be" WC="0.34" CC="66"/>
						<SP ID="P13_SP00528" HPOS="1807" VPOS="2632" WIDTH="17"/>
						<String ID="P13_ST00567" HPOS="1824" VPOS="2596" WIDTH="196" HEIGHT="29" CONTENT="disturbed" WC="0.98" CC="360087989"/>
						<SP ID="P13_SP00529" HPOS="2020" VPOS="2632" WIDTH="17"/>
						<String ID="P13_ST00568" HPOS="2037" VPOS="2595" WIDTH="97" HEIGHT="30" CONTENT="from" WC="0.93" CC="8969"/>
					</TextLine>
					<TextLine ID="P13_TL00040" HPOS="163" VPOS="2656" WIDTH="1972" HEIGHT="38">
						<String ID="P13_ST00569" HPOS="163" VPOS="2667" WIDTH="22" HEIGHT="22" CONTENT="a" WC="0.43" CC="5"/>
						<SP ID="P13_SP00530" HPOS="185" VPOS="2689" WIDTH="23"/>
						<String ID="P13_ST00570" HPOS="208" VPOS="2660" WIDTH="119" HEIGHT="28" CONTENT="sweet" WC="0.97" CC="04666"/>
						<SP ID="P13_SP00531" HPOS="327" VPOS="2689" WIDTH="21"/>
						<String ID="P13_ST00571" HPOS="348" VPOS="2658" WIDTH="170" HEIGHT="36" CONTENT="serenity" WC="0.99" CC="05667000"/>
						<SP ID="P13_SP00532" HPOS="518" VPOS="2694" WIDTH="23"/>
						<String ID="P13_ST00572" HPOS="541" VPOS="2658" WIDTH="72" HEIGHT="29" CONTENT="and" WC="0.93" CC="675"/>
						<SP ID="P13_SP00533" HPOS="613" VPOS="2694" WIDTH="25"/>
						<String ID="P13_ST00573" HPOS="638" VPOS="2665" WIDTH="21" HEIGHT="22" CONTENT="a" WC="0.05" CC="9"/>
						<SP ID="P13_SP00534" HPOS="659" VPOS="2694" WIDTH="24"/>
						<String ID="P13_ST00574" HPOS="683" VPOS="2657" WIDTH="194" HEIGHT="30" CONTENT="continual" WC="0.98" CC="377630798"/>
						<SP ID="P13_SP00535" HPOS="877" VPOS="2694" WIDTH="24"/>
						<String ID="P13_ST00575" HPOS="901" VPOS="2656" WIDTH="288" HEIGHT="31" CONTENT="self-restraint," WC="0.99" CC="078787604701674"/>
						<SP ID="P13_SP00536" HPOS="1189" VPOS="2694" WIDTH="51"/>
						<String ID="P13_ST00576" HPOS="1240" VPOS="2663" WIDTH="43" HEIGHT="24" CONTENT="jg?" WC="0.17" CC="888"/>
						<SP ID="P13_SP00537" HPOS="1283" VPOS="2694" WIDTH="807"/>
						<String ID="P13_ST00577" HPOS="2090" VPOS="2665" WIDTH="45" HEIGHT="24" CONTENT="&lt;£?" WC="0.18" CC="888"/>
					</TextLine>
					<TextLine ID="P13_TL00041" HPOS="163" VPOS="2718" WIDTH="1972" HEIGHT="38">
						<String ID="P13_ST00578" HPOS="163" VPOS="2727" WIDTH="45" HEIGHT="25" CONTENT="&amp;" WC="0.14" CC="8"/>
						<SP ID="P13_SP00538" HPOS="208" VPOS="2752" WIDTH="25"/>
						<String ID="P13_ST00579" HPOS="233" VPOS="2721" WIDTH="97" HEIGHT="29" CONTENT="Here" WC="0.98" CC="4003"/>
						<SP ID="P13_SP00539" HPOS="330" VPOS="2752" WIDTH="23"/>
						<String ID="P13_ST00580" HPOS="353" VPOS="2721" WIDTH="31" HEIGHT="28" CONTENT="is" WC="0.77" CC="40"/>
						<SP ID="P13_SP00540" HPOS="384" VPOS="2752" WIDTH="23"/>
						<String ID="P13_ST00581" HPOS="407" VPOS="2729" WIDTH="21" HEIGHT="23" CONTENT="a" WC="0.25" CC="7"/>
						<SP ID="P13_SP00541" HPOS="428" VPOS="2752" WIDTH="22"/>
						<String ID="P13_ST00582" HPOS="450" VPOS="2721" WIDTH="148" HEIGHT="35" CONTENT="picture" WC="0.98" CC="8020646"/>
						<SP ID="P13_SP00542" HPOS="598" VPOS="2756" WIDTH="24"/>
						<String ID="P13_ST00583" HPOS="622" VPOS="2727" WIDTH="49" HEIGHT="22" CONTENT="on" WC="0.35" CC="48"/>
						<SP ID="P13_SP00543" HPOS="671" VPOS="2756" WIDTH="24"/>
						<String ID="P13_ST00584" HPOS="695" VPOS="2720" WIDTH="64" HEIGHT="30" CONTENT="the" WC="0.93" CC="873"/>
						<SP ID="P13_SP00544" HPOS="759" VPOS="2756" WIDTH="24"/>
						<String ID="P13_ST00585" HPOS="783" VPOS="2727" WIDTH="154" HEIGHT="23" CONTENT="reverse" WC="0.97" CC="9505856"/>
						<SP ID="P13_SP00545" HPOS="937" VPOS="2756" WIDTH="23"/>
						<String ID="P13_ST00586" HPOS="960" VPOS="2720" WIDTH="91" HEIGHT="29" CONTENT="side." WC="0.98" CC="00464"/>
						<SP ID="P13_SP00546" HPOS="1051" VPOS="2756" WIDTH="45"/>
						<String ID="P13_ST00587" HPOS="1096" VPOS="2721" WIDTH="55" HEIGHT="28" CONTENT="An" WC="0.50" CC="09"/>
						<SP ID="P13_SP00547" HPOS="1151" VPOS="2756" WIDTH="25"/>
						<String ID="P13_ST00588" HPOS="1176" VPOS="2721" WIDTH="106" HEIGHT="28" CONTENT="actor" WC="0.96" CC="91677"/>
						<SP ID="P13_SP00548" HPOS="1282" VPOS="2756" WIDTH="22"/>
						<String ID="P13_ST00589" HPOS="1304" VPOS="2726" WIDTH="76" HEIGHT="22" CONTENT="was" WC="0.96" CC="092"/>
						<SP ID="P13_SP00549" HPOS="1380" VPOS="2756" WIDTH="23"/>
						<String ID="P13_ST00590" HPOS="1403" VPOS="2720" WIDTH="40" HEIGHT="28" CONTENT="to" WC="0.20" CC="87"/>
						<SP ID="P13_SP00550" HPOS="1443" VPOS="2756" WIDTH="25"/>
						<String ID="P13_ST00591" HPOS="1468" VPOS="2718" WIDTH="109" HEIGHT="30" CONTENT="make" WC="0.96" CC="9028"/>
						<SP ID="P13_SP00551" HPOS="1577" VPOS="2756" WIDTH="24"/>
						<String ID="P13_ST00592" HPOS="1601" VPOS="2719" WIDTH="58" HEIGHT="29" CONTENT="his" WC="0.97" CC="700"/>
						<SP ID="P13_SP00552" HPOS="1659" VPOS="2756" WIDTH="23"/>
						<String ID="P13_ST00593" HPOS="1682" VPOS="2726" WIDTH="231" HEIGHT="29" CONTENT="appearance" WC="0.98" CC="3787999036"/>
						<SP ID="P13_SP00553" HPOS="1913" VPOS="2756" WIDTH="25"/>
						<String ID="P13_ST00594" HPOS="1938" VPOS="2721" WIDTH="37" HEIGHT="29" CONTENT="in" WC="0.69" CC="60"/>
						<SP ID="P13_SP00554" HPOS="1975" VPOS="2756" WIDTH="29"/>
						<String ID="P13_ST00595" HPOS="2004" VPOS="2729" WIDTH="22" HEIGHT="21" CONTENT="a" WC="1.00" CC="9"/>
						<SP ID="P13_SP00555" HPOS="2026" VPOS="2756" WIDTH="29"/>
						<String ID="P13_ST00596" HPOS="2055" VPOS="2720" WIDTH="80" HEIGHT="30" CONTENT="role" WC="0.95" CC="9076"/>
					</TextLine>
					<TextLine ID="P13_TL00042" HPOS="164" VPOS="2781" WIDTH="1970" HEIGHT="39">
						<String ID="P13_ST00597" HPOS="164" VPOS="2781" WIDTH="38" HEIGHT="32" CONTENT="of" WC="0.26" CC="77"/>
						<SP ID="P13_SP00556" HPOS="202" VPOS="2813" WIDTH="22"/>
						<String ID="P13_ST00598" HPOS="224" VPOS="2784" WIDTH="69" HEIGHT="29" CONTENT="not" WC="0.94" CC="790"/>
						<SP ID="P13_SP00557" HPOS="293" VPOS="2813" WIDTH="22"/>
						<String ID="P13_ST00599" HPOS="315" VPOS="2782" WIDTH="74" HEIGHT="30" CONTENT="less" WC="0.96" CC="8702"/>
						<SP ID="P13_SP00558" HPOS="389" VPOS="2813" WIDTH="23"/>
						<String ID="P13_ST00600" HPOS="412" VPOS="2783" WIDTH="235" HEIGHT="35" CONTENT="importance" WC="0.98" CC="3595778875"/>
						<SP ID="P13_SP00559" HPOS="647" VPOS="2818" WIDTH="23"/>
						<String ID="P13_ST00601" HPOS="670" VPOS="2783" WIDTH="93" HEIGHT="30" CONTENT="than" WC="0.94" CC="0999"/>
						<SP ID="P13_SP00560" HPOS="763" VPOS="2818" WIDTH="25"/>
						<String ID="P13_ST00602" HPOS="788" VPOS="2783" WIDTH="22" HEIGHT="14" CONTENT='"' WC="0.88" CC="1"/>
						<SP ID="P13_SP00561" HPOS="810" VPOS="2818" WIDTH="15"/>
						<String ID="P13_ST00603" HPOS="825" VPOS="2781" WIDTH="187" HEIGHT="37" CONTENT='Hamlet,"' WC="0.98" CC="79987003"/>
						<SP ID="P13_SP00562" HPOS="1012" VPOS="2818" WIDTH="46"/>
						<String ID="P13_ST00604" HPOS="1058" VPOS="2781" WIDTH="75" HEIGHT="31" CONTENT="The" WC="0.95" CC="093"/>
						<SP ID="P13_SP00563" HPOS="1133" VPOS="2818" WIDTH="25"/>
						<String ID="P13_ST00605" HPOS="1158" VPOS="2783" WIDTH="109" HEIGHT="36" CONTENT="night" WC="0.94" CC="98966"/>
						<SP ID="P13_SP00564" HPOS="1267" VPOS="2819" WIDTH="23"/>
						<String ID="P13_ST00606" HPOS="1290" VPOS="2790" WIDTH="116" HEIGHT="28" CONTENT="came," WC="0.96" CC="27970"/>
						<SP ID="P13_SP00565" HPOS="1406" VPOS="2819" WIDTH="23"/>
						<String ID="P13_ST00607" HPOS="1429" VPOS="2781" WIDTH="65" HEIGHT="30" CONTENT="the" WC="0.95" CC="075"/>
						<SP ID="P13_SP00566" HPOS="1494" VPOS="2819" WIDTH="23"/>
						<String ID="P13_ST00608" HPOS="1517" VPOS="2782" WIDTH="152" HEIGHT="29" CONTENT="theatre" WC="0.98" CC="0969007"/>
						<SP ID="P13_SP00567" HPOS="1669" VPOS="2819" WIDTH="23"/>
						<String ID="P13_ST00609" HPOS="1692" VPOS="2790" WIDTH="77" HEIGHT="21" CONTENT="was" WC="0.95" CC="093"/>
						<SP ID="P13_SP00568" HPOS="1769" VPOS="2819" WIDTH="26"/>
						<String ID="P13_ST00610" HPOS="1795" VPOS="2781" WIDTH="88" HEIGHT="38" CONTENT="only" WC="0.96" CC="6760"/>
						<SP ID="P13_SP00569" HPOS="1883" VPOS="2819" WIDTH="27"/>
						<String ID="P13_ST00611" HPOS="1910" VPOS="2781" WIDTH="77" HEIGHT="31" CONTENT="half" WC="0.94" CC="9467"/>
						<SP ID="P13_SP00570" HPOS="1987" VPOS="2819" WIDTH="29"/>
						<String ID="P13_ST00612" HPOS="2016" VPOS="2781" WIDTH="118" HEIGHT="39" CONTENT="filled," WC="0.98" CC="7067092"/>
					</TextLine>
					<TextLine ID="P13_TL00043" HPOS="165" VPOS="2844" WIDTH="1969" HEIGHT="37">
						<String ID="P13_ST00613" HPOS="165" VPOS="2846" WIDTH="71" HEIGHT="29" CONTENT="and" WC="0.92" CC="776"/>
						<SP ID="P13_SP00571" HPOS="236" VPOS="2875" WIDTH="18"/>
						<String ID="P13_ST00614" HPOS="254" VPOS="2852" WIDTH="112" HEIGHT="29" CONTENT="many" WC="0.97" CC="6700"/>
						<SP ID="P13_SP00572" HPOS="366" VPOS="2881" WIDTH="15"/>
						<String ID="P13_ST00615" HPOS="381" VPOS="2844" WIDTH="38" HEIGHT="30" CONTENT="of" WC="0.60" CC="07"/>
						<SP ID="P13_SP00573" HPOS="419" VPOS="2881" WIDTH="22"/>
						<String ID="P13_ST00616" HPOS="441" VPOS="2844" WIDTH="65" HEIGHT="30" CONTENT="the" WC="0.93" CC="694"/>
						<SP ID="P13_SP00574" HPOS="506" VPOS="2881" WIDTH="25"/>
						<String ID="P13_ST00617" HPOS="531" VPOS="2845" WIDTH="127" HEIGHT="29" CONTENT="critics" WC="0.97" CC="6960760"/>
						<SP ID="P13_SP00575" HPOS="658" VPOS="2881" WIDTH="22"/>
						<String ID="P13_ST00618" HPOS="680" VPOS="2853" WIDTH="101" HEIGHT="21" CONTENT="were" WC="0.94" CC="8596"/>
						<SP ID="P13_SP00576" HPOS="781" VPOS="2881" WIDTH="17"/>
						<String ID="P13_ST00619" HPOS="798" VPOS="2853" WIDTH="40" HEIGHT="21" CONTENT="so" WC="0.37" CC="56"/>
						<SP ID="P13_SP00577" HPOS="838" VPOS="2881" WIDTH="24"/>
						<String ID="P13_ST00620" HPOS="862" VPOS="2844" WIDTH="100" HEIGHT="31" CONTENT="little" WC="0.98" CC="600376"/>
						<SP ID="P13_SP00578" HPOS="962" VPOS="2881" WIDTH="24"/>
						<String ID="P13_ST00621" HPOS="986" VPOS="2845" WIDTH="223" HEIGHT="36" CONTENT="interested," WC="0.99" CC="57087100090"/>
						<SP ID="P13_SP00579" HPOS="1209" VPOS="2881" WIDTH="22"/>
						<String ID="P13_ST00622" HPOS="1231" VPOS="2844" WIDTH="86" HEIGHT="30" CONTENT="that" WC="0.98" CC="0090"/>
						<SP ID="P13_SP00580" HPOS="1317" VPOS="2881" WIDTH="22"/>
						<String ID="P13_ST00623" HPOS="1339" VPOS="2844" WIDTH="101" HEIGHT="30" CONTENT="their" WC="0.97" CC="09550"/>
						<SP ID="P13_SP00581" HPOS="1440" VPOS="2881" WIDTH="28"/>
						<String ID="P13_ST00624" HPOS="1468" VPOS="2844" WIDTH="101" HEIGHT="30" CONTENT="seats" WC="0.97" CC="04906"/>
						<SP ID="P13_SP00582" HPOS="1569" VPOS="2881" WIDTH="29"/>
						<String ID="P13_ST00625" HPOS="1598" VPOS="2851" WIDTH="100" HEIGHT="22" CONTENT="were" WC="0.95" CC="5496"/>
						<SP ID="P13_SP00583" HPOS="1698" VPOS="2881" WIDTH="31"/>
						<String ID="P13_ST00626" HPOS="1729" VPOS="2845" WIDTH="128" HEIGHT="36" CONTENT="empty" WC="0.97" CC="09900"/>
						<SP ID="P13_SP00584" HPOS="1857" VPOS="2881" WIDTH="27"/>
						<String ID="P13_ST00627" HPOS="1884" VPOS="2852" WIDTH="43" HEIGHT="22" CONTENT="or" WC="0.25" CC="68"/>
						<SP ID="P13_SP00585" HPOS="1927" VPOS="2881" WIDTH="30"/>
						<String ID="P13_ST00628" HPOS="1957" VPOS="2846" WIDTH="177" HEIGHT="35" CONTENT="occupied" WC="0.99" CC="06504316"/>
					</TextLine>
					<TextLine ID="P13_TL00044" HPOS="166" VPOS="2905" WIDTH="1968" HEIGHT="38">
						<String ID="P13_ST00629" HPOS="166" VPOS="2905" WIDTH="86" HEIGHT="36" CONTENT="only" WC="0.97" CC="0770"/>
						<SP ID="P13_SP00586" HPOS="252" VPOS="2941" WIDTH="17"/>
						<String ID="P13_ST00630" HPOS="269" VPOS="2907" WIDTH="138" HEIGHT="35" CONTENT="during" WC="0.95" CC="986599"/>
						<SP ID="P13_SP00587" HPOS="407" VPOS="2942" WIDTH="17"/>
						<String ID="P13_ST00631" HPOS="424" VPOS="2914" WIDTH="20" HEIGHT="21" CONTENT="a" WC="1.00" CC="9"/>
						<SP ID="P13_SP00588" HPOS="444" VPOS="2942" WIDTH="15"/>
						<String ID="P13_ST00632" HPOS="459" VPOS="2907" WIDTH="152" HEIGHT="34" CONTENT="portion" WC="0.98" CC="9500407"/>
						<SP ID="P13_SP00589" HPOS="611" VPOS="2942" WIDTH="24"/>
						<String ID="P13_ST00633" HPOS="635" VPOS="2906" WIDTH="38" HEIGHT="30" CONTENT="of" WC="0.66" CC="06"/>
						<SP ID="P13_SP00590" HPOS="673" VPOS="2942" WIDTH="22"/>
						<String ID="P13_ST00634" HPOS="695" VPOS="2907" WIDTH="65" HEIGHT="29" CONTENT="the" WC="0.92" CC="597"/>
						<SP ID="P13_SP00591" HPOS="760" VPOS="2942" WIDTH="17"/>
						<String ID="P13_ST00635" HPOS="777" VPOS="2908" WIDTH="174" HEIGHT="35" CONTENT="evening." WC="0.97" CC="70697893"/>
						<SP ID="P13_SP00592" HPOS="951" VPOS="2943" WIDTH="45"/>
						<String ID="P13_ST00636" HPOS="996" VPOS="2907" WIDTH="75" HEIGHT="30" CONTENT="The" WC="0.95" CC="092"/>
						<SP ID="P13_SP00593" HPOS="1071" VPOS="2943" WIDTH="18"/>
						<String ID="P13_ST00637" HPOS="1089" VPOS="2907" WIDTH="138" HEIGHT="30" CONTENT="actor's" WC="0.98" CC="9080913"/>
						<SP ID="P13_SP00594" HPOS="1227" VPOS="2943" WIDTH="17"/>
						<String ID="P13_ST00638" HPOS="1244" VPOS="2908" WIDTH="106" HEIGHT="35" CONTENT="pride" WC="0.96" CC="99504"/>
						<SP ID="P13_SP00595" HPOS="1350" VPOS="2943" WIDTH="15"/>
						<String ID="P13_ST00639" HPOS="1365" VPOS="2914" WIDTH="77" HEIGHT="22" CONTENT="was" WC="0.93" CC="684"/>
						<SP ID="P13_SP00596" HPOS="1442" VPOS="2943" WIDTH="15"/>
						<String ID="P13_ST00640" HPOS="1457" VPOS="2907" WIDTH="199" HEIGHT="35" CONTENT="wounded," WC="0.97" CC="57877790"/>
						<SP ID="P13_SP00597" HPOS="1656" VPOS="2943" WIDTH="13"/>
						<String ID="P13_ST00641" HPOS="1669" VPOS="2906" WIDTH="66" HEIGHT="30" CONTENT="the" WC="0.95" CC="507"/>
						<SP ID="P13_SP00598" HPOS="1735" VPOS="2943" WIDTH="17"/>
						<String ID="P13_ST00642" HPOS="1752" VPOS="2907" WIDTH="128" HEIGHT="36" CONTENT="empty" WC="0.96" CC="69940"/>
						<SP ID="P13_SP00599" HPOS="1880" VPOS="2943" WIDTH="16"/>
						<String ID="P13_ST00643" HPOS="1896" VPOS="2908" WIDTH="101" HEIGHT="28" CONTENT="seats" WC="0.96" CC="68640"/>
						<SP ID="P13_SP00600" HPOS="1997" VPOS="2943" WIDTH="16"/>
						<String ID="P13_ST00644" HPOS="2013" VPOS="2906" WIDTH="121" HEIGHT="37" CONTENT="galled" WC="0.96" CC="906856"/>
					</TextLine>
					<TextLine ID="P13_TL00045" HPOS="168" VPOS="2968" WIDTH="1969" HEIGHT="40">
						<String ID="P13_ST00645" HPOS="168" VPOS="2968" WIDTH="88" HEIGHT="36" CONTENT="him," WC="0.95" CC="9390"/>
						<SP ID="P13_SP00601" HPOS="256" VPOS="3004" WIDTH="24"/>
						<String ID="P13_ST00646" HPOS="280" VPOS="2976" WIDTH="21" HEIGHT="21" CONTENT="a" WC="0.18" CC="8"/>
						<SP ID="P13_SP00602" HPOS="301" VPOS="3004" WIDTH="21"/>
						<String ID="P13_ST00647" HPOS="322" VPOS="2969" WIDTH="102" HEIGHT="29" CONTENT="taint" WC="0.95" CC="98690"/>
						<SP ID="P13_SP00603" HPOS="424" VPOS="3004" WIDTH="22"/>
						<String ID="P13_ST00648" HPOS="446" VPOS="2968" WIDTH="38" HEIGHT="30" CONTENT="of" WC="0.64" CC="07"/>
						<SP ID="P13_SP00604" HPOS="484" VPOS="3004" WIDTH="22"/>
						<String ID="P13_ST00649" HPOS="506" VPOS="2969" WIDTH="222" HEIGHT="37" CONTENT="irritability" WC="0.99" CC="600058706709"/>
						<SP ID="P13_SP00605" HPOS="728" VPOS="3006" WIDTH="23"/>
						<String ID="P13_ST00650" HPOS="751" VPOS="2971" WIDTH="72" HEIGHT="28" CONTENT="and" WC="0.90" CC="799"/>
						<SP ID="P13_SP00606" HPOS="823" VPOS="3006" WIDTH="25"/>
						<String ID="P13_ST00651" HPOS="848" VPOS="2969" WIDTH="169" HEIGHT="32" CONTENT="defiance" WC="0.97" CC="59866976"/>
						<SP ID="P13_SP00607" HPOS="1017" VPOS="3006" WIDTH="25"/>
						<String ID="P13_ST00652" HPOS="1042" VPOS="2978" WIDTH="102" HEIGHT="30" CONTENT="grew" WC="0.96" CC="9910"/>
						<SP ID="P13_SP00608" HPOS="1144" VPOS="3008" WIDTH="23"/>
						<String ID="P13_ST00653" HPOS="1167" VPOS="2971" WIDTH="167" HEIGHT="36" CONTENT="through" WC="0.97" CC="4695776"/>
						<SP ID="P13_SP00609" HPOS="1334" VPOS="3008" WIDTH="24"/>
						<String ID="P13_ST00654" HPOS="1358" VPOS="2970" WIDTH="58" HEIGHT="30" CONTENT="his" WC="0.92" CC="984"/>
						<SP ID="P13_SP00610" HPOS="1416" VPOS="3008" WIDTH="22"/>
						<String ID="P13_ST00655" HPOS="1438" VPOS="2970" WIDTH="320" HEIGHT="36" CONTENT="representation," WC="0.99" CC="659950503006770"/>
						<SP ID="P13_SP00611" HPOS="1758" VPOS="3008" WIDTH="25"/>
						<String ID="P13_ST00656" HPOS="1783" VPOS="2969" WIDTH="45" HEIGHT="30" CONTENT="he" WC="0.30" CC="76"/>
						<SP ID="P13_SP00612" HPOS="1828" VPOS="3008" WIDTH="31"/>
						<String ID="P13_ST00657" HPOS="1859" VPOS="2969" WIDTH="74" HEIGHT="30" CONTENT="lost" WC="0.97" CC="7400"/>
						<SP ID="P13_SP00613" HPOS="1933" VPOS="3008" WIDTH="29"/>
						<String ID="P13_ST00658" HPOS="1962" VPOS="2970" WIDTH="58" HEIGHT="30" CONTENT="his" WC="0.96" CC="920"/>
						<SP ID="P13_SP00614" HPOS="2020" VPOS="3008" WIDTH="29"/>
						<String ID="P13_ST00659" HPOS="2049" VPOS="2970" WIDTH="88" HEIGHT="31" CONTENT="self®" WC="0.97" CC="22884"/>
					</TextLine>
					<TextLine ID="P13_TL00046" HPOS="167" VPOS="3030" WIDTH="1970" HEIGHT="38">
						<String ID="P13_ST00660" HPOS="167" VPOS="3030" WIDTH="198" HEIGHT="36" CONTENT="restraint," WC="0.98" CC="4907973762"/>
						<SP ID="P13_SP00615" HPOS="365" VPOS="3066" WIDTH="23"/>
						<String ID="P13_ST00661" HPOS="388" VPOS="3031" WIDTH="73" HEIGHT="28" CONTENT="and" WC="0.94" CC="809"/>
						<SP ID="P13_SP00616" HPOS="461" VPOS="3066" WIDTH="24"/>
						<String ID="P13_ST00662" HPOS="485" VPOS="3030" WIDTH="47" HEIGHT="30" CONTENT="he" WC="0.19" CC="96"/>
						<SP ID="P13_SP00617" HPOS="532" VPOS="3066" WIDTH="21"/>
						<String ID="P13_ST00663" HPOS="553" VPOS="3030" WIDTH="127" HEIGHT="30" CONTENT="failed." WC="0.97" CC="9907592"/>
						<SP ID="P13_SP00618" HPOS="680" VPOS="3066" WIDTH="45"/>
						<String ID="P13_ST00664" HPOS="725" VPOS="3032" WIDTH="83" HEIGHT="35" CONTENT="Not," WC="0.97" CC="5710"/>
						<SP ID="P13_SP00619" HPOS="808" VPOS="3067" WIDTH="20"/>
						<String ID="P13_ST00665" HPOS="828" VPOS="3032" WIDTH="12" HEIGHT="30" CONTENT="I" WC="0.15" CC="8"/>
						<SP ID="P13_SP00620" HPOS="840" VPOS="3067" WIDTH="15"/>
						<String ID="P13_ST00666" HPOS="855" VPOS="3032" WIDTH="89" HEIGHT="30" CONTENT="take" WC="0.96" CC="0945"/>
						<SP ID="P13_SP00621" HPOS="944" VPOS="3067" WIDTH="25"/>
						<String ID="P13_ST00667" HPOS="969" VPOS="3034" WIDTH="41" HEIGHT="34" CONTENT="it," WC="0.94" CC="654"/>
						<SP ID="P13_SP00622" HPOS="1010" VPOS="3068" WIDTH="18"/>
						<String ID="P13_ST00668" HPOS="1028" VPOS="3034" WIDTH="86" HEIGHT="29" CONTENT="that" WC="0.97" CC="4800"/>
						<SP ID="P13_SP00623" HPOS="1114" VPOS="3068" WIDTH="16"/>
						<String ID="P13_ST00669" HPOS="1130" VPOS="3034" WIDTH="47" HEIGHT="29" CONTENT="he" WC="0.16" CC="96"/>
						<SP ID="P13_SP00624" HPOS="1177" VPOS="3068" WIDTH="23"/>
						<String ID="P13_ST00670" HPOS="1200" VPOS="3034" WIDTH="61" HEIGHT="31" CONTENT="did" WC="0.91" CC="789"/>
						<SP ID="P13_SP00625" HPOS="1261" VPOS="3068" WIDTH="19"/>
						<String ID="P13_ST00671" HPOS="1280" VPOS="3033" WIDTH="67" HEIGHT="29" CONTENT="not" WC="0.95" CC="741"/>
						<SP ID="P13_SP00626" HPOS="1347" VPOS="3068" WIDTH="16"/>
						<String ID="P13_ST00672" HPOS="1363" VPOS="3032" WIDTH="232" HEIGHT="30" CONTENT="understand" WC="0.98" CC="7545510667"/>
						<SP ID="P13_SP00627" HPOS="1595" VPOS="3068" WIDTH="19"/>
						<String ID="P13_ST00673" HPOS="1614" VPOS="3032" WIDTH="57" HEIGHT="29" CONTENT="his" WC="0.94" CC="914"/>
						<SP ID="P13_SP00628" HPOS="1671" VPOS="3068" WIDTH="21"/>
						<String ID="P13_ST00674" HPOS="1692" VPOS="3032" WIDTH="188" HEIGHT="36" CONTENT="creature," WC="0.98" CC="564407042"/>
						<SP ID="P13_SP00629" HPOS="1880" VPOS="3068" WIDTH="19"/>
						<String ID="P13_ST00675" HPOS="1899" VPOS="3033" WIDTH="68" HEIGHT="29" CONTENT="but" WC="0.94" CC="790"/>
						<SP ID="P13_SP00630" HPOS="1967" VPOS="3068" WIDTH="16"/>
						<String ID="P13_ST00676" HPOS="1983" VPOS="3041" WIDTH="21" HEIGHT="21" CONTENT="a" WC="1.00" CC="9"/>
						<SP ID="P13_SP00631" HPOS="2004" VPOS="3068" WIDTH="16"/>
						<String ID="P13_ST00677" HPOS="2020" VPOS="3032" WIDTH="117" HEIGHT="31" CONTENT="lower" WC="0.97" CC="85044"/>
					</TextLine>
					<TextLine ID="P13_TL00047" HPOS="168" VPOS="3090" WIDTH="1968" HEIGHT="42">
						<String ID="P13_ST00678" HPOS="168" VPOS="3091" WIDTH="80" HEIGHT="31" CONTENT="side" WC="0.95" CC="0695"/>
						<SP ID="P13_SP00632" HPOS="248" VPOS="3122" WIDTH="24"/>
						<String ID="P13_ST00679" HPOS="272" VPOS="3090" WIDTH="37" HEIGHT="32" CONTENT="of" WC="0.26" CC="77"/>
						<SP ID="P13_SP00633" HPOS="309" VPOS="3122" WIDTH="23"/>
						<String ID="P13_ST00680" HPOS="332" VPOS="3091" WIDTH="57" HEIGHT="30" CONTENT="his" WC="0.95" CC="660"/>
						<SP ID="P13_SP00634" HPOS="389" VPOS="3122" WIDTH="23"/>
						<String ID="P13_ST00681" HPOS="412" VPOS="3099" WIDTH="85" HEIGHT="22" CONTENT="own" WC="0.94" CC="907"/>
						<SP ID="P13_SP00635" HPOS="497" VPOS="3122" WIDTH="24"/>
						<String ID="P13_ST00682" HPOS="521" VPOS="3093" WIDTH="136" HEIGHT="29" CONTENT="nature" WC="0.96" CC="790795"/>
						<SP ID="P13_SP00636" HPOS="657" VPOS="3122" WIDTH="24"/>
						<String ID="P13_ST00683" HPOS="681" VPOS="3093" WIDTH="195" HEIGHT="37" CONTENT="gradually" WC="0.97" CC="967579880"/>
						<SP ID="P13_SP00637" HPOS="876" VPOS="3130" WIDTH="24"/>
						<String ID="P13_ST00684" HPOS="900" VPOS="3095" WIDTH="186" HEIGHT="30" CONTENT="obtruded" WC="0.97" CC="47059979"/>
						<SP ID="P13_SP00638" HPOS="1086" VPOS="3130" WIDTH="25"/>
						<String ID="P13_ST00685" HPOS="1111" VPOS="3095" WIDTH="115" HEIGHT="37" CONTENT="itself," WC="0.98" CC="0400890"/>
						<SP ID="P13_SP00639" HPOS="1226" VPOS="3132" WIDTH="23"/>
						<String ID="P13_ST00686" HPOS="1249" VPOS="3096" WIDTH="73" HEIGHT="30" CONTENT="and" WC="0.90" CC="989"/>
						<SP ID="P13_SP00640" HPOS="1322" VPOS="3132" WIDTH="24"/>
						<String ID="P13_ST00687" HPOS="1346" VPOS="3095" WIDTH="147" HEIGHT="30" CONTENT="stained" WC="0.98" CC="0298059"/>
						<SP ID="P13_SP00641" HPOS="1493" VPOS="3132" WIDTH="24"/>
						<String ID="P13_ST00688" HPOS="1517" VPOS="3095" WIDTH="66" HEIGHT="29" CONTENT="the" WC="0.92" CC="767"/>
						<SP ID="P13_SP00642" HPOS="1583" VPOS="3132" WIDTH="19"/>
						<String ID="P13_ST00689" HPOS="1602" VPOS="3093" WIDTH="78" HEIGHT="30" CONTENT="fine" WC="0.94" CC="7695"/>
						<SP ID="P13_SP00643" HPOS="1680" VPOS="3132" WIDTH="17"/>
						<String ID="P13_ST00690" HPOS="1697" VPOS="3093" WIDTH="176" HEIGHT="36" CONTENT="qualities" WC="0.98" CC="949756000"/>
						<SP ID="P13_SP00644" HPOS="1873" VPOS="3132" WIDTH="16"/>
						<String ID="P13_ST00691" HPOS="1889" VPOS="3093" WIDTH="38" HEIGHT="30" CONTENT="of" WC="0.47" CC="37"/>
						<SP ID="P13_SP00645" HPOS="1927" VPOS="3132" WIDTH="14"/>
						<String ID="P13_ST00692" HPOS="1941" VPOS="3095" WIDTH="66" HEIGHT="29" CONTENT="the" WC="0.97" CC="502"/>
						<SP ID="P13_SP00646" HPOS="2007" VPOS="3132" WIDTH="18"/>
						<String ID="P13_ST00693" HPOS="2025" VPOS="3095" WIDTH="111" HEIGHT="31" CONTENT="noble" WC="0.95" CC="76677"/>
					</TextLine>
					<TextLine ID="P13_TL00048" HPOS="169" VPOS="3153" WIDTH="1969" HEIGHT="37">
						<String ID="P13_ST00694" HPOS="169" VPOS="3154" WIDTH="175" HEIGHT="31" CONTENT="creature" WC="0.97" CC="79496775"/>
						<SP ID="P13_SP00647" HPOS="344" VPOS="3185" WIDTH="24"/>
						<String ID="P13_ST00695" HPOS="368" VPOS="3153" WIDTH="46" HEIGHT="30" CONTENT="he" WC="0.22" CC="78"/>
						<SP ID="P13_SP00648" HPOS="414" VPOS="3185" WIDTH="22"/>
						<String ID="P13_ST00696" HPOS="436" VPOS="3161" WIDTH="78" HEIGHT="22" CONTENT="was" WC="1.00" CC="000"/>
						<SP ID="P13_SP00649" HPOS="514" VPOS="3185" WIDTH="22"/>
						<String ID="P13_ST00697" HPOS="536" VPOS="3155" WIDTH="278" HEIGHT="35" CONTENT="representing." WC="0.98" CC="9499665773794"/>
						<SP ID="P13_SP00650" HPOS="814" VPOS="3190" WIDTH="85"/>
						<String ID="P13_ST00698" HPOS="899" VPOS="3161" WIDTH="1239" HEIGHT="29" CONTENT="&amp;&amp;&amp;&amp;&amp;&amp;&amp;&amp;" WC="0.14" CC="88888888"/>
					</TextLine>
					<TextLine ID="P13_TL00049" HPOS="168" VPOS="3215" WIDTH="1969" HEIGHT="43">
						<String ID="P13_ST00699" HPOS="168" VPOS="3222" WIDTH="46" HEIGHT="27" CONTENT="&amp;" WC="0.13" CC="8"/>
						<SP ID="P13_SP00651" HPOS="214" VPOS="3249" WIDTH="23"/>
						<String ID="P13_ST00700" HPOS="237" VPOS="3215" WIDTH="50" HEIGHT="30" CONTENT="To" WC="1.00" CC="00"/>
						<SP ID="P13_SP00652" HPOS="287" VPOS="3249" WIDTH="24"/>
						<String ID="P13_ST00701" HPOS="311" VPOS="3216" WIDTH="107" HEIGHT="29" CONTENT="those" WC="0.98" CC="39004"/>
						<SP ID="P13_SP00653" HPOS="418" VPOS="3249" WIDTH="24"/>
						<String ID="P13_ST00702" HPOS="442" VPOS="3216" WIDTH="132" HEIGHT="30" CONTENT="artists" WC="0.99" CC="8000002"/>
						<SP ID="P13_SP00654" HPOS="574" VPOS="3249" WIDTH="22"/>
						<String ID="P13_ST00703" HPOS="596" VPOS="3216" WIDTH="84" HEIGHT="30" CONTENT="who" WC="0.94" CC="097"/>
						<SP ID="P13_SP00655" HPOS="680" VPOS="3249" WIDTH="25"/>
						<String ID="P13_ST00704" HPOS="705" VPOS="3217" WIDTH="93" HEIGHT="30" CONTENT="have" WC="0.93" CC="9996"/>
						<SP ID="P13_SP00656" HPOS="798" VPOS="3249" WIDTH="24"/>
						<String ID="P13_ST00705" HPOS="822" VPOS="3220" WIDTH="67" HEIGHT="28" CONTENT="not" WC="0.98" CC="050"/>
						<SP ID="P13_SP00657" HPOS="889" VPOS="3249" WIDTH="22"/>
						<String ID="P13_ST00706" HPOS="911" VPOS="3220" WIDTH="160" HEIGHT="30" CONTENT="realised" WC="0.97" CC="95985779"/>
						<SP ID="P13_SP00658" HPOS="1071" VPOS="3250" WIDTH="24"/>
						<String ID="P13_ST00707" HPOS="1095" VPOS="3221" WIDTH="65" HEIGHT="29" CONTENT="the" WC="0.96" CC="036"/>
						<SP ID="P13_SP00659" HPOS="1160" VPOS="3250" WIDTH="24"/>
						<String ID="P13_ST00708" HPOS="1184" VPOS="3221" WIDTH="189" HEIGHT="37" CONTENT="necessity" WC="0.99" CC="065600000"/>
						<SP ID="P13_SP00660" HPOS="1373" VPOS="3258" WIDTH="23"/>
						<String ID="P13_ST00709" HPOS="1396" VPOS="3219" WIDTH="38" HEIGHT="31" CONTENT="of" WC="0.33" CC="66"/>
						<SP ID="P13_SP00661" HPOS="1434" VPOS="3258" WIDTH="22"/>
						<String ID="P13_ST00710" HPOS="1456" VPOS="3219" WIDTH="224" HEIGHT="36" CONTENT="developing" WC="0.98" CC="7553067769"/>
						<SP ID="P13_SP00662" HPOS="1680" VPOS="3258" WIDTH="23"/>
						<String ID="P13_ST00711" HPOS="1703" VPOS="3218" WIDTH="101" HEIGHT="30" CONTENT="their" WC="0.96" CC="29166"/>
						<SP ID="P13_SP00663" HPOS="1804" VPOS="3258" WIDTH="20"/>
						<String ID="P13_ST00712" HPOS="1824" VPOS="3225" WIDTH="84" HEIGHT="23" CONTENT="own" WC="0.95" CC="570"/>
						<SP ID="P13_SP00664" HPOS="1908" VPOS="3258" WIDTH="19"/>
						<String ID="P13_ST00713" HPOS="1927" VPOS="3218" WIDTH="210" HEIGHT="38" CONTENT="character," WC="0.99" CC="0097540663"/>
					</TextLine>
					<TextLine ID="P13_TL00050" HPOS="168" VPOS="3277" WIDTH="1969" HEIGHT="42">
						<String ID="P13_ST00714" HPOS="168" VPOS="3280" WIDTH="39" HEIGHT="30" CONTENT="in" WC="0.15" CC="69"/>
						<SP ID="P13_SP00665" HPOS="207" VPOS="3310" WIDTH="24"/>
						<String ID="P13_ST00715" HPOS="231" VPOS="3279" WIDTH="113" HEIGHT="28" CONTENT="order" WC="0.96" CC="56719"/>
						<SP ID="P13_SP00666" HPOS="344" VPOS="3310" WIDTH="23"/>
						<String ID="P13_ST00716" HPOS="367" VPOS="3277" WIDTH="85" HEIGHT="30" CONTENT="that" WC="0.94" CC="6794"/>
						<SP ID="P13_SP00667" HPOS="452" VPOS="3310" WIDTH="22"/>
						<String ID="P13_ST00717" HPOS="474" VPOS="3279" WIDTH="32" HEIGHT="28" CONTENT="it" WC="0.79" CC="40"/>
						<SP ID="P13_SP00668" HPOS="506" VPOS="3310" WIDTH="22"/>
						<String ID="P13_ST00718" HPOS="528" VPOS="3286" WIDTH="84" HEIGHT="29" CONTENT="may" WC="0.94" CC="880"/>
						<SP ID="P13_SP00669" HPOS="612" VPOS="3315" WIDTH="23"/>
						<String ID="P13_ST00719" HPOS="635" VPOS="3278" WIDTH="116" HEIGHT="36" CONTENT="speak" WC="0.96" CC="09467"/>
						<SP ID="P13_SP00670" HPOS="751" VPOS="3315" WIDTH="21"/>
						<String ID="P13_ST00720" HPOS="772" VPOS="3280" WIDTH="167" HEIGHT="37" CONTENT="through" WC="0.97" CC="0994699"/>
						<SP ID="P13_SP00671" HPOS="939" VPOS="3317" WIDTH="25"/>
						<String ID="P13_ST00721" HPOS="964" VPOS="3282" WIDTH="102" HEIGHT="30" CONTENT="their" WC="0.96" CC="93656"/>
						<SP ID="P13_SP00672" HPOS="1066" VPOS="3317" WIDTH="30"/>
						<String ID="P13_ST00722" HPOS="1096" VPOS="3282" WIDTH="120" HEIGHT="37" CONTENT="work," WC="0.96" CC="08944"/>
						<SP ID="P13_SP00673" HPOS="1216" VPOS="3319" WIDTH="31"/>
						<String ID="P13_ST00723" HPOS="1247" VPOS="3284" WIDTH="83" HEIGHT="28" CONTENT="how" WC="0.96" CC="550"/>
						<SP ID="P13_SP00674" HPOS="1330" VPOS="3319" WIDTH="30"/>
						<String ID="P13_ST00724" HPOS="1360" VPOS="3281" WIDTH="261" HEIGHT="38" CONTENT="inexplicable," WC="0.99" CC="7500980597800"/>
						<SP ID="P13_SP00675" HPOS="1621" VPOS="3319" WIDTH="30"/>
						<String ID="P13_ST00725" HPOS="1651" VPOS="3281" WIDTH="85" HEIGHT="29" CONTENT="how" WC="0.95" CC="660"/>
						<SP ID="P13_SP00676" HPOS="1736" VPOS="3319" WIDTH="28"/>
						<String ID="P13_ST00726" HPOS="1764" VPOS="3279" WIDTH="314" HEIGHT="38" CONTENT="heart=breaking" WC="0.37" CC="85840777699209"/>
						<SP ID="P13_SP00677" HPOS="2078" VPOS="3319" WIDTH="28"/>
						<String ID="P13_ST00727" HPOS="2106" VPOS="3282" WIDTH="31" HEIGHT="30" CONTENT="it" WC="0.27" CC="67"/>
					</TextLine>
					<TextLine ID="P13_TL00051" HPOS="170" VPOS="3340" WIDTH="1968" HEIGHT="39">
						<String ID="P13_ST00728" HPOS="170" VPOS="3342" WIDTH="103" HEIGHT="30" CONTENT="must" WC="0.95" CC="9670"/>
						<SP ID="P13_SP00678" HPOS="273" VPOS="3372" WIDTH="22"/>
						<String ID="P13_ST00729" HPOS="295" VPOS="3341" WIDTH="59" HEIGHT="35" CONTENT="be," WC="0.96" CC="720"/>
						<SP ID="P13_SP00679" HPOS="354" VPOS="3376" WIDTH="23"/>
						<String ID="P13_ST00730" HPOS="377" VPOS="3340" WIDTH="109" HEIGHT="30" CONTENT="when" WC="0.96" CC="0647"/>
						<SP ID="P13_SP00680" HPOS="486" VPOS="3376" WIDTH="23"/>
						<String ID="P13_ST00731" HPOS="509" VPOS="3341" WIDTH="91" HEIGHT="37" CONTENT="they" WC="0.95" CC="0779"/>
						<SP ID="P13_SP00681" HPOS="600" VPOS="3378" WIDTH="21"/>
						<String ID="P13_ST00732" HPOS="621" VPOS="3340" WIDTH="80" HEIGHT="30" CONTENT="find" WC="0.94" CC="8786"/>
						<SP ID="P13_SP00682" HPOS="701" VPOS="3378" WIDTH="24"/>
						<String ID="P13_ST00733" HPOS="725" VPOS="3342" WIDTH="86" HEIGHT="29" CONTENT="that" WC="0.96" CC="2870"/>
						<SP ID="P13_SP00683" HPOS="811" VPOS="3378" WIDTH="22"/>
						<String ID="P13_ST00734" HPOS="833" VPOS="3343" WIDTH="65" HEIGHT="30" CONTENT="the" WC="0.95" CC="067"/>
						<SP ID="P13_SP00684" HPOS="898" VPOS="3378" WIDTH="23"/>
						<String ID="P13_ST00735" HPOS="921" VPOS="3345" WIDTH="164" HEIGHT="34" CONTENT="practice" WC="0.98" CC="96640556"/>
						<SP ID="P13_SP00685" HPOS="1085" VPOS="3379" WIDTH="24"/>
						<String ID="P13_ST00736" HPOS="1109" VPOS="3345" WIDTH="39" HEIGHT="30" CONTENT="of" WC="0.29" CC="58"/>
						<SP ID="P13_SP00686" HPOS="1148" VPOS="3379" WIDTH="21"/>
						<String ID="P13_ST00737" HPOS="1169" VPOS="3346" WIDTH="105" HEIGHT="29" CONTENT="their" WC="0.96" CC="79446"/>
						<SP ID="P13_SP00687" HPOS="1274" VPOS="3379" WIDTH="22"/>
						<String ID="P13_ST00738" HPOS="1296" VPOS="3347" WIDTH="62" HEIGHT="28" CONTENT="art" WC="1.00" CC="001"/>
						<SP ID="P13_SP00688" HPOS="1358" VPOS="3379" WIDTH="22"/>
						<String ID="P13_ST00739" HPOS="1380" VPOS="3346" WIDTH="67" HEIGHT="29" CONTENT="has" WC="0.97" CC="710"/>
						<SP ID="P13_SP00689" HPOS="1447" VPOS="3379" WIDTH="23"/>
						<String ID="P13_ST00740" HPOS="1470" VPOS="3344" WIDTH="145" HEIGHT="31" CONTENT="carried" WC="0.97" CC="6859416"/>
						<SP ID="P13_SP00690" HPOS="1615" VPOS="3379" WIDTH="25"/>
						<String ID="P13_ST00741" HPOS="1640" VPOS="3343" WIDTH="103" HEIGHT="30" CONTENT="them" WC="0.99" CC="0005"/>
						<SP ID="P13_SP00691" HPOS="1743" VPOS="3379" WIDTH="17"/>
						<String ID="P13_ST00742" HPOS="1760" VPOS="3343" WIDTH="40" HEIGHT="29" CONTENT="to" WC="0.63" CC="07"/>
						<SP ID="P13_SP00692" HPOS="1800" VPOS="3379" WIDTH="24"/>
						<String ID="P13_ST00743" HPOS="1824" VPOS="3350" WIDTH="21" HEIGHT="22" CONTENT="a" WC="0.67" CC="3"/>
						<SP ID="P13_SP00693" HPOS="1845" VPOS="3379" WIDTH="23"/>
						<String ID="P13_ST00744" HPOS="1868" VPOS="3343" WIDTH="145" HEIGHT="30" CONTENT="certain" WC="0.98" CC="5340077"/>
						<SP ID="P13_SP00694" HPOS="2013" VPOS="3379" WIDTH="16"/>
						<String ID="P13_ST00745" HPOS="2029" VPOS="3345" WIDTH="109" HEIGHT="34" CONTENT="point" WC="0.97" CC="96700"/>
					</TextLine>
					<TextLine ID="P13_TL00052" HPOS="168" VPOS="3402" WIDTH="1968" HEIGHT="44">
						<String ID="P13_ST00746" HPOS="168" VPOS="3404" WIDTH="73" HEIGHT="32" CONTENT="and" WC="0.95" CC="506"/>
						<SP ID="P13_SP00695" HPOS="241" VPOS="3436" WIDTH="23"/>
						<String ID="P13_ST00747" HPOS="264" VPOS="3410" WIDTH="116" HEIGHT="22" CONTENT="never" WC="0.95" CC="95099"/>
						<SP ID="P13_SP00696" HPOS="380" VPOS="3436" WIDTH="14"/>
						<String ID="P13_ST00748" HPOS="394" VPOS="3402" WIDTH="163" HEIGHT="32" CONTENT="further." WC="0.98" CC="87006594"/>
						<SP ID="P13_SP00697" HPOS="557" VPOS="3436" WIDTH="45"/>
						<String ID="P13_ST00749" HPOS="602" VPOS="3404" WIDTH="39" HEIGHT="29" CONTENT="In" WC="0.26" CC="77"/>
						<SP ID="P13_SP00698" HPOS="641" VPOS="3436" WIDTH="18"/>
						<String ID="P13_ST00750" HPOS="659" VPOS="3405" WIDTH="96" HEIGHT="36" CONTENT="spite" WC="0.97" CC="29205"/>
						<SP ID="P13_SP00699" HPOS="755" VPOS="3441" WIDTH="17"/>
						<String ID="P13_ST00751" HPOS="772" VPOS="3404" WIDTH="38" HEIGHT="30" CONTENT="of" WC="0.25" CC="68"/>
						<SP ID="P13_SP00700" HPOS="810" VPOS="3441" WIDTH="14"/>
						<String ID="P13_ST00752" HPOS="824" VPOS="3405" WIDTH="146" HEIGHT="36" CONTENT="perfect" WC="0.97" CC="7697650"/>
						<SP ID="P13_SP00701" HPOS="970" VPOS="3441" WIDTH="14"/>
						<String ID="P13_ST00753" HPOS="984" VPOS="3408" WIDTH="218" HEIGHT="37" CONTENT="technique," WC="0.98" CC="0579950554"/>
						<SP ID="P13_SP00702" HPOS="1202" VPOS="3445" WIDTH="16"/>
						<String ID="P13_ST00754" HPOS="1218" VPOS="3410" WIDTH="109" HEIGHT="36" CONTENT="great" WC="0.95" CC="98690"/>
						<SP ID="P13_SP00703" HPOS="1327" VPOS="3446" WIDTH="16"/>
						<String ID="P13_ST00755" HPOS="1343" VPOS="3408" WIDTH="255" HEIGHT="37" CONTENT="intelligence," WC="0.99" CC="5746086957650"/>
						<SP ID="P13_SP00704" HPOS="1598" VPOS="3446" WIDTH="17"/>
						<String ID="P13_ST00756" HPOS="1615" VPOS="3406" WIDTH="89" HEIGHT="36" CONTENT="long" WC="0.93" CC="8699"/>
						<SP ID="P13_SP00705" HPOS="1704" VPOS="3446" WIDTH="16"/>
						<String ID="P13_ST00757" HPOS="1720" VPOS="3406" WIDTH="235" HEIGHT="36" CONTENT="experience," WC="0.98" CC="20969568650"/>
						<SP ID="P13_SP00706" HPOS="1955" VPOS="3446" WIDTH="16"/>
						<String ID="P13_ST00758" HPOS="1971" VPOS="3406" WIDTH="165" HEIGHT="37" CONTENT="physical" WC="0.98" CC="66001588"/>
					</TextLine>
					<TextLine ID="P13_TL00053" HPOS="169" VPOS="3465" WIDTH="1969" HEIGHT="41">
						<String ID="P13_ST00759" HPOS="169" VPOS="3465" WIDTH="255" HEIGHT="36" CONTENT="endowment," WC="0.98" CC="7930096900"/>
						<SP ID="P13_SP00707" HPOS="424" VPOS="3501" WIDTH="23"/>
						<String ID="P13_ST00760" HPOS="447" VPOS="3465" WIDTH="102" HEIGHT="31" CONTENT="their" WC="0.98" CC="00860"/>
						<SP ID="P13_SP00708" HPOS="549" VPOS="3501" WIDTH="21"/>
						<String ID="P13_ST00761" HPOS="570" VPOS="3467" WIDTH="203" HEIGHT="29" CONTENT="audiences" WC="0.98" CC="943629663"/>
						<SP ID="P13_SP00709" HPOS="773" VPOS="3501" WIDTH="23"/>
						<String ID="P13_ST00762" HPOS="796" VPOS="3475" WIDTH="65" HEIGHT="24" CONTENT="are" WC="0.90" CC="799"/>
						<SP ID="P13_SP00710" HPOS="861" VPOS="3501" WIDTH="24"/>
						<String ID="P13_ST00763" HPOS="885" VPOS="3471" WIDTH="205" HEIGHT="35" CONTENT="unmoved;" WC="0.97" CC="60669585"/>
						<SP ID="P13_SP00711" HPOS="1090" VPOS="3506" WIDTH="23"/>
						<String ID="P13_ST00764" HPOS="1113" VPOS="3470" WIDTH="112" HEIGHT="31" CONTENT="while" WC="0.96" CC="99370"/>
						<SP ID="P13_SP00712" HPOS="1225" VPOS="3506" WIDTH="24"/>
						<String ID="P13_ST00765" HPOS="1249" VPOS="3471" WIDTH="162" HEIGHT="31" CONTENT="another" WC="0.97" CC="9930777"/>
						<SP ID="P13_SP00713" HPOS="1411" VPOS="3506" WIDTH="27"/>
						<String ID="P13_ST00766" HPOS="1438" VPOS="3471" WIDTH="126" HEIGHT="35" CONTENT="artist," WC="0.98" CC="9907003"/>
						<SP ID="P13_SP00714" HPOS="1564" VPOS="3506" WIDTH="29"/>
						<String ID="P13_ST00767" HPOS="1593" VPOS="3468" WIDTH="93" HEIGHT="30" CONTENT="with" WC="0.96" CC="6252"/>
						<SP ID="P13_SP00715" HPOS="1686" VPOS="3506" WIDTH="30"/>
						<String ID="P13_ST00768" HPOS="1716" VPOS="3467" WIDTH="110" HEIGHT="30" CONTENT="these" WC="0.97" CC="06608"/>
						<SP ID="P13_SP00716" HPOS="1826" VPOS="3506" WIDTH="30"/>
						<String ID="P13_ST00769" HPOS="1856" VPOS="3467" WIDTH="282" HEIGHT="36" CONTENT="qualifications" WC="0.99" CC="84773805841000"/>
					</TextLine>
					<TextLine ID="P13_TL00054" HPOS="168" VPOS="3527" WIDTH="1970" HEIGHT="44">
						<String ID="P13_ST00770" HPOS="168" VPOS="3528" WIDTH="197" HEIGHT="38" CONTENT="possessed" WC="0.98" CC="970010367"/>
						<SP ID="P13_SP00717" HPOS="365" VPOS="3566" WIDTH="24"/>
						<String ID="P13_ST00771" HPOS="389" VPOS="3527" WIDTH="88" HEIGHT="37" CONTENT="only" WC="0.95" CC="8770"/>
						<SP ID="P13_SP00718" HPOS="477" VPOS="3566" WIDTH="22"/>
						<String ID="P13_ST00772" HPOS="499" VPOS="3529" WIDTH="40" HEIGHT="28" CONTENT="to" WC="0.92" CC="01"/>
						<SP ID="P13_SP00719" HPOS="539" VPOS="3566" WIDTH="24"/>
						<String ID="P13_ST00773" HPOS="563" VPOS="3536" WIDTH="21" HEIGHT="22" CONTENT="a" WC="1.00" CC="9"/>
						<SP ID="P13_SP00720" HPOS="584" VPOS="3566" WIDTH="23"/>
						<String ID="P13_ST00774" HPOS="607" VPOS="3528" WIDTH="144" HEIGHT="33" CONTENT="limited" WC="0.97" CC="8197077"/>
						<SP ID="P13_SP00721" HPOS="751" VPOS="3566" WIDTH="26"/>
						<String ID="P13_ST00775" HPOS="777" VPOS="3530" WIDTH="145" HEIGHT="36" CONTENT="extent," WC="0.97" CC="9934970"/>
						<SP ID="P13_SP00722" HPOS="922" VPOS="3566" WIDTH="23"/>
						<String ID="P13_ST00776" HPOS="945" VPOS="3531" WIDTH="76" HEIGHT="31" CONTENT="will" WC="0.95" CC="7708"/>
						<SP ID="P13_SP00723" HPOS="1021" VPOS="3566" WIDTH="23"/>
						<String ID="P13_ST00777" HPOS="1044" VPOS="3533" WIDTH="111" HEIGHT="30" CONTENT="enter" WC="0.95" CC="49399"/>
						<SP ID="P13_SP00724" HPOS="1155" VPOS="3566" WIDTH="22"/>
						<String ID="P13_ST00778" HPOS="1177" VPOS="3533" WIDTH="229" HEIGHT="38" CONTENT="profoundly" WC="0.97" CC="9777779589"/>
						<SP ID="P13_SP00725" HPOS="1406" VPOS="3571" WIDTH="31"/>
						<String ID="P13_ST00779" HPOS="1437" VPOS="3534" WIDTH="81" HEIGHT="29" CONTENT="into" WC="0.98" CC="4200"/>
						<SP ID="P13_SP00726" HPOS="1518" VPOS="3571" WIDTH="30"/>
						<String ID="P13_ST00780" HPOS="1548" VPOS="3532" WIDTH="103" HEIGHT="30" CONTENT="their" WC="0.99" CC="00080"/>
						<SP ID="P13_SP00727" HPOS="1651" VPOS="3571" WIDTH="26"/>
						<String ID="P13_ST00781" HPOS="1677" VPOS="3528" WIDTH="201" HEIGHT="32" CONTENT="affections" WC="0.98" CC="6775504303"/>
						<String ID="P13_ST00782" HPOS="1880" VPOS="3531" WIDTH="115" HEIGHT="29" CONTENT="—and" WC="0.94" CC="8099"/>
						<SP ID="P13_SP00728" HPOS="1995" VPOS="3571" WIDTH="31"/>
						<String ID="P13_ST00783" HPOS="2026" VPOS="3531" WIDTH="112" HEIGHT="38" CONTENT="why?" WC="0.93" CC="9696"/>
					</TextLine>
					<TextLine ID="P13_TL00055" HPOS="170" VPOS="3591" WIDTH="1968" HEIGHT="40">
						<String ID="P13_ST00784" HPOS="170" VPOS="3591" WIDTH="71" HEIGHT="32" CONTENT="For" WC="0.94" CC="709"/>
						<SP ID="P13_SP00729" HPOS="241" VPOS="3623" WIDTH="24"/>
						<String ID="P13_ST00785" HPOS="265" VPOS="3597" WIDTH="89" HEIGHT="23" CONTENT="ever" WC="0.96" CC="5057"/>
						<SP ID="P13_SP00730" HPOS="354" VPOS="3623" WIDTH="23"/>
						<String ID="P13_ST00786" HPOS="377" VPOS="3591" WIDTH="72" HEIGHT="29" CONTENT="and" WC="0.92" CC="578"/>
						<SP ID="P13_SP00731" HPOS="449" VPOS="3623" WIDTH="25"/>
						<String ID="P13_ST00787" HPOS="474" VPOS="3598" WIDTH="101" HEIGHT="29" CONTENT="ever," WC="0.97" CC="60593"/>
						<SP ID="P13_SP00732" HPOS="575" VPOS="3627" WIDTH="23"/>
						<String ID="P13_ST00788" HPOS="598" VPOS="3592" WIDTH="31" HEIGHT="30" CONTENT="it" WC="1.00" CC="00"/>
						<SP ID="P13_SP00733" HPOS="629" VPOS="3627" WIDTH="23"/>
						<String ID="P13_ST00789" HPOS="652" VPOS="3601" WIDTH="120" HEIGHT="22" CONTENT="seems" WC="0.96" CC="26692"/>
						<SP ID="P13_SP00734" HPOS="772" VPOS="3627" WIDTH="22"/>
						<String ID="P13_ST00790" HPOS="794" VPOS="3595" WIDTH="41" HEIGHT="28" CONTENT="to" WC="0.66" CC="06"/>
						<SP ID="P13_SP00735" HPOS="835" VPOS="3627" WIDTH="24"/>
						<String ID="P13_ST00791" HPOS="859" VPOS="3601" WIDTH="73" HEIGHT="28" CONTENT="me," WC="0.93" CC="954"/>
						<SP ID="P13_SP00736" HPOS="932" VPOS="3629" WIDTH="22"/>
						<String ID="P13_ST00792" HPOS="954" VPOS="3594" WIDTH="66" HEIGHT="29" CONTENT="the" WC="0.95" CC="094"/>
						<SP ID="P13_SP00737" HPOS="1020" VPOS="3629" WIDTH="23"/>
						<String ID="P13_ST00793" HPOS="1043" VPOS="3603" WIDTH="103" HEIGHT="22" CONTENT="same" WC="0.96" CC="0964"/>
						<SP ID="P13_SP00738" HPOS="1146" VPOS="3629" WIDTH="26"/>
						<String ID="P13_ST00794" HPOS="1172" VPOS="3604" WIDTH="150" HEIGHT="23" CONTENT="reason." WC="0.97" CC="6590574"/>
						<SP ID="P13_SP00739" HPOS="1322" VPOS="3629" WIDTH="44"/>
						<String ID="P13_ST00795" HPOS="1366" VPOS="3597" WIDTH="88" HEIGHT="29" CONTENT="This" WC="0.96" CC="0925"/>
						<SP ID="P13_SP00740" HPOS="1454" VPOS="3629" WIDTH="30"/>
						<String ID="P13_ST00796" HPOS="1484" VPOS="3603" WIDTH="71" HEIGHT="23" CONTENT="one" WC="0.96" CC="073"/>
						<SP ID="P13_SP00741" HPOS="1555" VPOS="3629" WIDTH="29"/>
						<String ID="P13_ST00797" HPOS="1584" VPOS="3601" WIDTH="190" HEIGHT="30" CONTENT="possesses" WC="0.99" CC="750460061"/>
						<SP ID="P13_SP00742" HPOS="1774" VPOS="3631" WIDTH="30"/>
						<String ID="P13_ST00798" HPOS="1804" VPOS="3592" WIDTH="166" HEIGHT="38" CONTENT="already," WC="0.98" CC="56068900"/>
						<SP ID="P13_SP00743" HPOS="1970" VPOS="3631" WIDTH="30"/>
						<String ID="P13_ST00799" HPOS="2000" VPOS="3601" WIDTH="43" HEIGHT="22" CONTENT="or" WC="0.14" CC="79"/>
						<SP ID="P13_SP00744" HPOS="2043" VPOS="3631" WIDTH="28"/>
						<String ID="P13_ST00800" HPOS="2071" VPOS="3594" WIDTH="67" HEIGHT="30" CONTENT="has" WC="0.94" CC="690"/>
					</TextLine>
					<TextLine ID="P13_TL00056" HPOS="170" VPOS="3653" WIDTH="1968" HEIGHT="43">
						<String ID="P13_ST00801" HPOS="170" VPOS="3653" WIDTH="179" HEIGHT="31" CONTENT="achieved" WC="0.98" CC="96656046"/>
						<SP ID="P13_SP00745" HPOS="349" VPOS="3684" WIDTH="26"/>
						<String ID="P13_ST00802" HPOS="375" VPOS="3653" WIDTH="47" HEIGHT="37" CONTENT="by" WC="0.63" CC="70"/>
						<SP ID="P13_SP00746" HPOS="422" VPOS="3690" WIDTH="21"/>
						<String ID="P13_ST00803" HPOS="443" VPOS="3653" WIDTH="66" HEIGHT="30" CONTENT="the" WC="0.96" CC="074"/>
						<SP ID="P13_SP00747" HPOS="509" VPOS="3690" WIDTH="23"/>
						<String ID="P13_ST00804" HPOS="532" VPOS="3654" WIDTH="266" HEIGHT="37" CONTENT="development" WC="0.98" CC="66068379575"/>
						<SP ID="P13_SP00748" HPOS="798" VPOS="3691" WIDTH="21"/>
						<String ID="P13_ST00805" HPOS="819" VPOS="3655" WIDTH="38" HEIGHT="31" CONTENT="of" WC="0.30" CC="67"/>
						<SP ID="P13_SP00749" HPOS="857" VPOS="3691" WIDTH="23"/>
						<String ID="P13_ST00806" HPOS="880" VPOS="3656" WIDTH="209" HEIGHT="37" CONTENT="character," WC="0.98" CC="6797440602"/>
						<SP ID="P13_SP00750" HPOS="1089" VPOS="3693" WIDTH="22"/>
						<String ID="P13_ST00807" HPOS="1111" VPOS="3660" WIDTH="212" HEIGHT="36" CONTENT="sympathy," WC="0.98" CC="006998700"/>
						<SP ID="P13_SP00751" HPOS="1323" VPOS="3696" WIDTH="24"/>
						<String ID="P13_ST00808" HPOS="1347" VPOS="3660" WIDTH="72" HEIGHT="29" CONTENT="and" WC="0.95" CC="904"/>
						<SP ID="P13_SP00752" HPOS="1419" VPOS="3696" WIDTH="24"/>
						<String ID="P13_ST00809" HPOS="1443" VPOS="3658" WIDTH="83" HEIGHT="30" CONTENT="love" WC="0.99" CC="0500"/>
						<SP ID="P13_SP00753" HPOS="1526" VPOS="3696" WIDTH="24"/>
						<String ID="P13_ST00810" HPOS="1550" VPOS="3656" WIDTH="38" HEIGHT="31" CONTENT="of" WC="0.32" CC="67"/>
						<SP ID="P13_SP00754" HPOS="1588" VPOS="3696" WIDTH="29"/>
						<String ID="P13_ST00811" HPOS="1617" VPOS="3656" WIDTH="211" HEIGHT="37" CONTENT="humanity," WC="0.98" CC="979976003"/>
						<SP ID="P13_SP00755" HPOS="1828" VPOS="3696" WIDTH="28"/>
						<String ID="P13_ST00812" HPOS="1856" VPOS="3655" WIDTH="112" HEIGHT="31" CONTENT="while" WC="0.97" CC="09572"/>
						<SP ID="P13_SP00756" HPOS="1968" VPOS="3696" WIDTH="33"/>
						<String ID="P13_ST00813" HPOS="2001" VPOS="3657" WIDTH="41" HEIGHT="29" CONTENT="to" WC="1.00" CC="00"/>
						<SP ID="P13_SP00757" HPOS="2042" VPOS="3696" WIDTH="30"/>
						<String ID="P13_ST00814" HPOS="2072" VPOS="3656" WIDTH="66" HEIGHT="30" CONTENT="the" WC="0.94" CC="195"/>
					</TextLine>
					<TextLine ID="P13_TL00057" HPOS="170" VPOS="3715" WIDTH="1968" HEIGHT="40">
						<String ID="P13_ST00815" HPOS="170" VPOS="3716" WIDTH="125" HEIGHT="36" CONTENT="other," WC="0.98" CC="009870"/>
						<SP ID="P13_SP00758" HPOS="295" VPOS="3752" WIDTH="23"/>
						<String ID="P13_ST00816" HPOS="318" VPOS="3715" WIDTH="199" HEIGHT="37" CONTENT="humanity" WC="0.97" CC="77979800"/>
						<SP ID="P13_SP00759" HPOS="517" VPOS="3752" WIDTH="23"/>
						<String ID="P13_ST00817" HPOS="540" VPOS="3716" WIDTH="67" HEIGHT="31" CONTENT="has" WC="0.92" CC="992"/>
						<SP ID="P13_SP00760" HPOS="607" VPOS="3752" WIDTH="24"/>
						<String ID="P13_ST00818" HPOS="631" VPOS="3718" WIDTH="94" HEIGHT="29" CONTENT="been" WC="0.95" CC="7575"/>
						<SP ID="P13_SP00761" HPOS="725" VPOS="3752" WIDTH="24"/>
						<String ID="P13_ST00819" HPOS="749" VPOS="3726" WIDTH="48" HEIGHT="21" CONTENT="an" WC="0.43" CC="46"/>
						<SP ID="P13_SP00762" HPOS="797" VPOS="3752" WIDTH="24"/>
						<String ID="P13_ST00820" HPOS="821" VPOS="3719" WIDTH="125" HEIGHT="36" CONTENT="object" WC="0.96" CC="997646"/>
						<SP ID="P13_SP00763" HPOS="946" VPOS="3755" WIDTH="23"/>
						<String ID="P13_ST00821" HPOS="969" VPOS="3718" WIDTH="37" HEIGHT="30" CONTENT="of" WC="0.63" CC="07"/>
						<SP ID="P13_SP00764" HPOS="1006" VPOS="3755" WIDTH="33"/>
						<String ID="P13_ST00822" HPOS="1039" VPOS="3727" WIDTH="123" HEIGHT="23" CONTENT="scorn." WC="0.97" CC="258774"/>
						<SP ID="P13_SP00765" HPOS="1162" VPOS="3755" WIDTH="44"/>
						<String ID="P13_ST00823" HPOS="1206" VPOS="3723" WIDTH="32" HEIGHT="27" CONTENT="It" WC="0.23" CC="86"/>
						<SP ID="P13_SP00766" HPOS="1238" VPOS="3755" WIDTH="33"/>
						<String ID="P13_ST00824" HPOS="1271" VPOS="3723" WIDTH="31" HEIGHT="28" CONTENT="is" WC="0.73" CC="50"/>
						<SP ID="P13_SP00767" HPOS="1302" VPOS="3755" WIDTH="32"/>
						<String ID="P13_ST00825" HPOS="1334" VPOS="3722" WIDTH="66" HEIGHT="29" CONTENT="the" WC="0.95" CC="066"/>
						<SP ID="P13_SP00768" HPOS="1400" VPOS="3755" WIDTH="35"/>
						<String ID="P13_ST00826" HPOS="1435" VPOS="3721" WIDTH="196" HEIGHT="29" CONTENT="character" WC="0.98" CC="093394059"/>
						<SP ID="P13_SP00769" HPOS="1631" VPOS="3755" WIDTH="23"/>
						<String ID="P13_ST00827" HPOS="1654" VPOS="3717" WIDTH="38" HEIGHT="32" CONTENT="of" WC="0.30" CC="67"/>
						<SP ID="P13_SP00770" HPOS="1692" VPOS="3755" WIDTH="21"/>
						<String ID="P13_ST00828" HPOS="1713" VPOS="3719" WIDTH="66" HEIGHT="29" CONTENT="the" WC="0.97" CC="060"/>
						<SP ID="P13_SP00771" HPOS="1779" VPOS="3755" WIDTH="34"/>
						<String ID="P13_ST00829" HPOS="1813" VPOS="3720" WIDTH="107" HEIGHT="28" CONTENT="actor" WC="0.97" CC="93065"/>
						<SP ID="P13_SP00772" HPOS="1920" VPOS="3755" WIDTH="31"/>
						<String ID="P13_ST00830" HPOS="1951" VPOS="3719" WIDTH="122" HEIGHT="30" CONTENT="which" WC="0.96" CC="77705"/>
						<SP ID="P13_SP00773" HPOS="2073" VPOS="3755" WIDTH="33"/>
						<String ID="P13_ST00831" HPOS="2106" VPOS="3719" WIDTH="32" HEIGHT="30" CONTENT="is" WC="0.89" CC="02"/>
					</TextLine>
					<TextLine ID="P13_TL00058" HPOS="170" VPOS="3777" WIDTH="1968" HEIGHT="40">
						<String ID="P13_ST00832" HPOS="170" VPOS="3777" WIDTH="184" HEIGHT="39" CONTENT="speaking" WC="0.97" CC="79663799"/>
						<SP ID="P13_SP00774" HPOS="354" VPOS="3816" WIDTH="23"/>
						<String ID="P13_ST00833" HPOS="377" VPOS="3779" WIDTH="37" HEIGHT="29" CONTENT="in" WC="0.50" CC="36"/>
						<SP ID="P13_SP00775" HPOS="414" VPOS="3816" WIDTH="25"/>
						<String ID="P13_ST00834" HPOS="439" VPOS="3778" WIDTH="58" HEIGHT="31" CONTENT="his" WC="0.92" CC="964"/>
						<SP ID="P13_SP00776" HPOS="497" VPOS="3816" WIDTH="30"/>
						<String ID="P13_ST00835" HPOS="527" VPOS="3780" WIDTH="328" HEIGHT="37" CONTENT="interpretations." WC="0.99" CC="7755960659499944"/>
						<SP ID="P13_SP00777" HPOS="855" VPOS="3817" WIDTH="44"/>
						<String ID="P13_ST00836" HPOS="899" VPOS="3783" WIDTH="49" HEIGHT="29" CONTENT="As" WC="0.97" CC="00"/>
						<SP ID="P13_SP00778" HPOS="948" VPOS="3817" WIDTH="31"/>
						<String ID="P13_ST00837" HPOS="979" VPOS="3783" WIDTH="97" HEIGHT="30" CONTENT="Duse" WC="0.40" CC="7736"/>
						<SP ID="P13_SP00779" HPOS="1076" VPOS="3817" WIDTH="32"/>
						<String ID="P13_ST00838" HPOS="1108" VPOS="3784" WIDTH="66" HEIGHT="31" CONTENT="has" WC="0.91" CC="976"/>
						<SP ID="P13_SP00780" HPOS="1174" VPOS="3817" WIDTH="24"/>
						<String ID="P13_ST00839" HPOS="1198" VPOS="3785" WIDTH="155" HEIGHT="31" CONTENT="said:—" WC="0.96" CC="794978"/>
						<SP ID="P13_SP00781" HPOS="1353" VPOS="3817" WIDTH="57"/>
						<String ID="P13_ST00840" HPOS="1410" VPOS="3787" WIDTH="728" HEIGHT="29" CONTENT="&amp;&lt;£?&amp;&amp;&amp;" WC="0.13" CC="9877889"/>
					</TextLine>
				</TextBlock>
				<TextBlock ID="P13_TB00003" HPOS="2198" VPOS="290" WIDTH="371" HEIGHT="75" STYLEREFS="TXT_1 PAR_LEFT">
					<TextLine ID="P13_TL00059" HPOS="2201" VPOS="290" WIDTH="367" HEIGHT="34">
						<String ID="P13_ST00841" HPOS="2201" VPOS="290" WIDTH="367" HEIGHT="34" CONTENT="CHARACTER" WC="0.98" CC="765606567"/>
					</TextLine>
					<TextLine ID="P13_TL00060" HPOS="2199" VPOS="332" WIDTH="370" HEIGHT="33">
						<String ID="P13_ST00842" HPOS="2199" VPOS="333" WIDTH="91" HEIGHT="30" CONTENT="AND" WC="0.96" CC="046"/>
						<SP ID="P13_SP00782" HPOS="2290" VPOS="363" WIDTH="17"/>
						<String ID="P13_ST00843" HPOS="2307" VPOS="332" WIDTH="90" HEIGHT="31" CONTENT="THE" WC="0.95" CC="155"/>
						<SP ID="P13_SP00783" HPOS="2397" VPOS="363" WIDTH="22"/>
						<String ID="P13_ST00844" HPOS="2419" VPOS="332" WIDTH="150" HEIGHT="33" CONTENT="ACTOR" WC="0.97" CC="07066"/>
					</TextLine>
				</TextBlock>
				<TextBlock ID="P13_TB00004" HPOS="2201" VPOS="476" WIDTH="366" HEIGHT="40" STYLEREFS="TXT_2 PAR_RIGHT">
					<TextLine ID="P13_TL00061" HPOS="2201" VPOS="477" WIDTH="366" HEIGHT="39">
						<String ID="P13_ST00845" HPOS="2201" VPOS="478" WIDTH="93" HEIGHT="32" CONTENT="Self" WC="0.95" CC="9760"/>
						<SP ID="P13_SP00784" HPOS="2294" VPOS="510" WIDTH="38"/>
						<String ID="P13_ST00846" HPOS="2332" VPOS="477" WIDTH="235" HEIGHT="39" CONTENT="discipline*" WC="0.99" CC="30771610883"/>
					</TextLine>
				</TextBlock>
				<TextBlock ID="P13_TB00005" HPOS="2200" VPOS="983" WIDTH="372" HEIGHT="79" STYLEREFS="TXT_2 PAR_LEFT">
					<TextLine ID="P13_TL00062" HPOS="2201" VPOS="983" WIDTH="371" HEIGHT="31">
						<String ID="P13_ST00847" HPOS="2201" VPOS="983" WIDTH="292" HEIGHT="31" CONTENT="Imitation" WC="0.98" CC="835585287"/>
						<SP ID="P13_SP00785" HPOS="2493" VPOS="1014" WIDTH="24"/>
						<String ID="P13_ST00848" HPOS="2517" VPOS="983" WIDTH="55" HEIGHT="30" CONTENT="of" WC="0.52" CC="36"/>
					</TextLine>
					<TextLine ID="P13_TL00063" HPOS="2200" VPOS="1024" WIDTH="367" HEIGHT="38">
						<String ID="P13_ST00849" HPOS="2200" VPOS="1025" WIDTH="26" HEIGHT="31" CONTENT="h" WC="0.63" CC="3"/>
						<SP ID="P13_SP00786" HPOS="2226" VPOS="1056" WIDTH="24"/>
						<String ID="P13_ST00850" HPOS="2250" VPOS="1033" WIDTH="25" HEIGHT="23" CONTENT="u" WC="0.25" CC="7"/>
						<SP ID="P13_SP00787" HPOS="2275" VPOS="1056" WIDTH="23"/>
						<String ID="P13_ST00851" HPOS="2298" VPOS="1033" WIDTH="39" HEIGHT="23" CONTENT="m" WC="0.40" CC="5"/>
						<SP ID="P13_SP00788" HPOS="2337" VPOS="1056" WIDTH="23"/>
						<String ID="P13_ST00852" HPOS="2360" VPOS="1033" WIDTH="24" HEIGHT="22" CONTENT="a" WC="0.15" CC="8"/>
						<SP ID="P13_SP00789" HPOS="2384" VPOS="1056" WIDTH="23"/>
						<String ID="P13_ST00853" HPOS="2407" VPOS="1033" WIDTH="26" HEIGHT="22" CONTENT="n" WC="0.24" CC="7"/>
						<SP ID="P13_SP00790" HPOS="2433" VPOS="1056" WIDTH="24"/>
						<String ID="P13_ST00854" HPOS="2457" VPOS="1024" WIDTH="15" HEIGHT="30" CONTENT="i" WC="0.42" CC="5"/>
						<SP ID="P13_SP00791" HPOS="2472" VPOS="1056" WIDTH="27"/>
						<String ID="P13_ST00855" HPOS="2499" VPOS="1026" WIDTH="68" HEIGHT="36" CONTENT="ty." WC="0.37" CC="557"/>
					</TextLine>
				</TextBlock>
				<TextBlock ID="P13_TB00006" HPOS="2201" VPOS="1730" WIDTH="368" HEIGHT="30" STYLEREFS="TXT_2 PAR_RIGHT">
					<TextLine ID="P13_TL00064" HPOS="2202" VPOS="1731" WIDTH="367" HEIGHT="29">
						<String ID="P13_ST00856" HPOS="2202" VPOS="1731" WIDTH="367" HEIGHT="29" CONTENT="Betterton*" WC="0.55" CC="5615600673"/>
					</TextLine>
				</TextBlock>
				<TextBlock ID="P13_TB00007" HPOS="2200" VPOS="2347" WIDTH="368" HEIGHT="82" STYLEREFS="TXT_2 PAR_LEFT">
					<TextLine ID="P13_TL00065" HPOS="2201" VPOS="2348" WIDTH="367" HEIGHT="39">
						<String ID="P13_ST00857" HPOS="2201" VPOS="2349" WIDTH="221" HEIGHT="37" CONTENT="Irving's" WC="0.38" CC="68606947"/>
						<SP ID="P13_SP00792" HPOS="2422" VPOS="2386" WIDTH="26"/>
						<String ID="P13_ST00858" HPOS="2448" VPOS="2348" WIDTH="120" HEIGHT="39" CONTENT="self\~" WC="0.36" CC="885096"/>
					</TextLine>
					<TextLine ID="P13_TL00066" HPOS="2202" VPOS="2390" WIDTH="365" HEIGHT="39">
						<String ID="P13_ST00859" HPOS="2202" VPOS="2390" WIDTH="25" HEIGHT="31" CONTENT="d" WC="0.47" CC="5"/>
						<SP ID="P13_SP00793" HPOS="2227" VPOS="2421" WIDTH="15"/>
						<String ID="P13_ST00860" HPOS="2242" VPOS="2390" WIDTH="16" HEIGHT="30" CONTENT="i" WC="0.49" CC="5"/>
						<SP ID="P13_SP00794" HPOS="2258" VPOS="2421" WIDTH="12"/>
						<String ID="P13_ST00861" HPOS="2270" VPOS="2398" WIDTH="21" HEIGHT="23" CONTENT="s" WC="0.36" CC="6"/>
						<SP ID="P13_SP00795" HPOS="2291" VPOS="2421" WIDTH="16"/>
						<String ID="P13_ST00862" HPOS="2307" VPOS="2400" WIDTH="20" HEIGHT="21" CONTENT="c" WC="0.29" CC="7"/>
						<SP ID="P13_SP00796" HPOS="2327" VPOS="2421" WIDTH="16"/>
						<String ID="P13_ST00863" HPOS="2343" VPOS="2391" WIDTH="15" HEIGHT="30" CONTENT="i" WC="1.00" CC="0"/>
						<SP ID="P13_SP00797" HPOS="2358" VPOS="2421" WIDTH="14"/>
						<String ID="P13_ST00864" HPOS="2372" VPOS="2399" WIDTH="29" HEIGHT="30" CONTENT="p" WC="1.00" CC="9"/>
						<SP ID="P13_SP00798" HPOS="2401" VPOS="2429" WIDTH="17"/>
						<String ID="P13_ST00865" HPOS="2418" VPOS="2390" WIDTH="149" HEIGHT="31" CONTENT="line*" WC="0.98" CC="30070"/>
					</TextLine>
				</TextBlock>
				<TextBlock ID="P13_TB00008" HPOS="2197" VPOS="2731" WIDTH="369" HEIGHT="81" STYLEREFS="TXT_2 PAR_LEFT">
					<TextLine ID="P13_TL00067" HPOS="2202" VPOS="2732" WIDTH="364" HEIGHT="31">
						<String ID="P13_ST00866" HPOS="2202" VPOS="2732" WIDTH="101" HEIGHT="31" CONTENT="The" WC="0.94" CC="727"/>
						<SP ID="P13_SP00799" HPOS="2303" VPOS="2763" WIDTH="40"/>
						<String ID="P13_ST00867" HPOS="2343" VPOS="2740" WIDTH="223" HEIGHT="23" CONTENT="reverse" WC="0.96" CC="8757887"/>
					</TextLine>
					<TextLine ID="P13_TL00068" HPOS="2198" VPOS="2774" WIDTH="368" HEIGHT="38">
						<String ID="P13_ST00868" HPOS="2198" VPOS="2774" WIDTH="174" HEIGHT="38" CONTENT="pict" WC="1.00" CC="0066"/>
						<SP ID="P13_SP00800" HPOS="2372" VPOS="2812" WIDTH="30"/>
						<String ID="P13_ST00869" HPOS="2402" VPOS="2783" WIDTH="24" HEIGHT="22" CONTENT="u" WC="0.34" CC="6"/>
						<SP ID="P13_SP00801" HPOS="2426" VPOS="2812" WIDTH="30"/>
						<String ID="P13_ST00870" HPOS="2456" VPOS="2782" WIDTH="23" HEIGHT="22" CONTENT="r" WC="1.00" CC="9"/>
						<SP ID="P13_SP00802" HPOS="2479" VPOS="2812" WIDTH="27"/>
						<String ID="P13_ST00871" HPOS="2506" VPOS="2783" WIDTH="21" HEIGHT="23" CONTENT="e" WC="0.34" CC="6"/>
						<SP ID="P13_SP00803" HPOS="2527" VPOS="2812" WIDTH="29"/>
						<String ID="P13_ST00872" HPOS="2556" VPOS="2795" WIDTH="10" HEIGHT="10" CONTENT="." WC="0.55" CC="4"/>
					</TextLine>
				</TextBlock>
				<TextBlock ID="P13_TB00009" HPOS="2198" VPOS="3353" WIDTH="371" HEIGHT="81" STYLEREFS="TXT_2 PAR_LEFT">
					<TextLine ID="P13_TL00069" HPOS="2201" VPOS="3354" WIDTH="368" HEIGHT="31">
						<String ID="P13_ST00873" HPOS="2201" VPOS="3354" WIDTH="368" HEIGHT="31" CONTENT="Arrested" WC="0.97" CC="57669395"/>
					</TextLine>
					<TextLine ID="P13_TL00070" HPOS="2199" VPOS="3400" WIDTH="369" HEIGHT="34">
						<String ID="P13_ST00874" HPOS="2199" VPOS="3400" WIDTH="336" HEIGHT="34" CONTENT="progress" WC="0.98" CC="00470779"/>
						<SP ID="P13_SP00804" HPOS="2535" VPOS="3434" WIDTH="24"/>
						<String ID="P13_ST00875" HPOS="2559" VPOS="3416" WIDTH="9" HEIGHT="10" CONTENT="." WC="0.25" CC="7" STYLEREFS="TXT_4"/>
					</TextLine>
				</TextBlock>
			</PrintSpace>
		</Page>
	</Layout>
</alto>
