2323 4047
257 237 0 0 180

187 855 316 65 BOOK
587 855 562 73 REVIEWS

233 970 83 31 The
340 970 122 37 Story
491 971 46 29 of
564 971 71 37 My
665 970 95 35 Jyife
1009 971 140 38 Terry,

182 1022 262 31 Hutchinson
469 1024 30 28 &
526 1022 66 30 Co.
616 1023 54 38 6j-
695 1024 80 29 net.
1104 1031 45 24 &

200 1075 26 30 A
269 1075 202 36 delightful
496 1075 110 37 book,
629 1077 112 36 witty
767 1077 72 29 and
864 1076 84 30 well
972 1077 177 35 written;

267 1128 67 29 the
357 1128 125 29 words
505 1127 86 30 well
616 1127 241 38 marshalled,
875 1130 69 28 but
967 1129 91 29 here
1075 1130 72 28 and

181 1179 111 30 there
316 1181 192 29 incorrect
542 1188 42 22 or
618 1181 210 36 conveying
856 1188 46 22 an
937 1181 211 30 occasional

181 1239 134 30 wrong
338 1233 239 37 impression.
629 1240 45 25 &

182 1285 97 30 Here
302 1285 69 30 lies
393 1285 67 30 the
483 1285 189 37 difficulty
688 1286 38 28 in
750 1286 155 37 writing
928 1287 118 28 about
1062 1294 86 22 men

181 1338 73 28 and
279 1345 202 29 women,...
515 1345 40 22 so
590 1337 183 30 different
805 1337 98 30 from
931 1339 157 36 writing
1111 1338 38 30 of

181 1391 162 35 science,
367 1392 61 27 art
463 1391 71 28 and
563 1389 125 30 trifles
722 1390 38 29 of
781 1390 88 30 that
902 1392 245 35 description.

181 1443 79 29 One
276 1442 142 30 seldom
435 1444 105 35 gives
557 1451 21 21 a
593 1450 134 29 wrong
742 1444 226 35 impression
985 1444 38 29 of
1039 1444 108 30 these

180 1495 143 36 things,
346 1493 61 31 for
428 1495 110 29 these
571 1496 131 36 things
736 1503 65 22 are
825 1503 89 23 ours
937 1497 40 29 to
1002 1497 84 35 give
1110 1496 39 30 of

180 1548 104 29 them
302 1548 105 28 what
423 1548 226 35 impression
665 1555 57 23 we
740 1548 149 30 choose.
907 1555 45 24 <£?
970 1550 74 28 But
1060 1557 85 22 men

181 1600 72 29 and
277 1606 162 30 women,
461 1600 104 30 their
594 1600 198 37 thoughts,
818 1601 210 35 character,
1051 1602 94 35 acts,

180 1659 65 23 are
270 1654 67 27 not
371 1660 103 29 ours,
497 1654 73 28 and
606 1660 48 22 no
678 1654 159 29 amount
863 1653 38 30 of
934 1655 210 36 attempted

180 1703 242 37 explanation
447 1712 68 22 can
540 1704 148 36 explain
711 1705 104 29 them
841 1706 71 29 and
937 1714 57 22 we
1029 1714 117 22 never

180 1757 156 35 capture
359 1757 119 29 them.
502 1757 71 29 Yet
595 1765 57 21 we
669 1757 94 30 have
780 1766 21 20 a
825 1757 123 30 knack
972 1758 37 30 of
1025 1760 122 35 sizing

180 1816 48 28 up
252 1817 21 21 a
296 1808 190 37 Napoleon
511 1817 42 22 or
576 1818 21 21 a
621 1809 107 30 Plato
753 1818 40 21 as
810 1809 27 31 if
853 1818 55 22 we
928 1810 110 30 knew
1055 1811 89 38 him,

179 1868 43 22 or
246 1868 88 23 ever
358 1861 109 30 could
486 1861 111 30 know
620 1862 68 29 the
705 1861 97 31 least
821 1863 86 29 hint
923 1862 38 31 of
977 1863 75 30 him
1070 1865 73 28 and

177 1919 57 24 we
257 1912 74 31 feel
355 1913 171 30 satisfied
543 1915 86 28 that
651 1921 56 22 we
725 1915 93 29 have
840 1915 129 29 drawn
995 1922 21 22 a
1030 1915 115 37 fairly

178 1966 95 36 good
298 1966 149 35 picture
471 1966 38 30 of
531 1967 90 28 him.
927 1974 44 24 &
1098 1974 45 25 &>

177 2019 91 28 Miss
293 2018 104 31 Ellen
421 2018 119 37 Terry
563 2020 123 28 draws
701 2018 60 31 for
786 2028 42 21 us
851 2020 67 29 the
942 2021 147 35 picture
1107 2020 38 29 of

180 2070 127 37 Henry
329 2070 138 37 Irving,
491 2072 104 35 gives
611 2070 177 31 sketches
812 2070 38 31 of
866 2072 112 29 other
997 2072 146 36 people,

178 2121 197 38 including
398 2122 69 30 her
489 2130 68 22 son
581 2124 72 28 and
679 2123 201 36 daughter,
904 2125 72 29 and
1001 2132 57 22 we
1078 2133 65 21 are

178 2173 164 31 inclined
367 2175 40 29 to
432 2174 144 30 believe
609 2175 86 29 that
718 2175 66 29 she
809 2176 31 29 is
863 2175 171 31 satisfied
1058 2177 85 29 that

177 2227 65 29 the
258 2227 169 35 pictures
444 2235 64 21 are
525 2227 221 30 likenesses.
764 2228 65 30 We
846 2236 64 22 are
928 2227 38 31 of
981 2230 162 28 another

178 2279 153 35 opinion
354 2278 60 30 for
437 2280 66 28 the
527 2288 136 21 reason
688 2281 125 29 stated
839 2281 132 29 above.

177 2331 90 29 Miss
312 2331 116 37 Terry
472 2331 171 37 prefaces
688 2332 68 30 her
801 2332 99 30 book
952 2334 46 36 by
1044 2334 99 30 Walt

178 2383 228 30 Whitman's
428 2383 149 31 famous
600 2392 171 29 passage,
912 2392 44 24 &

265 2456 119 30 When
410 2457 12 28 I
456 2458 89 28 read
581 2458 66 28 the
684 2456 111 37 book,
831 2458 67 30 the
935 2459 207 37 biography

977 2510 163 37 famous,

265 2561 79 29 And
370 2561 31 29 is
425 2561 77 29 this
526 2562 93 28 then
641 2562 95 36 (said
756 2562 27 37 1)
799 2562 105 30 what
919 2562 66 30 the
1002 2563 141 30 author

746 2613 90 31 calls
860 2622 21 21 a
905 2615 120 30 man's
1049 2615 93 30 life?

265 2665 79 29 And
369 2673 41 22 so
434 2665 76 30 will
534 2674 104 22 some
663 2674 71 22 one
758 2667 111 29 when
907 2668 12 28 I
953 2676 58 20 am
1048 2669 93 29 dead

599 2720 73 27 and
701 2726 98 29 gone
823 2719 114 30 write
961 2728 62 29 my
1046 2720 65 30 life
1124 2720 18 30 ?

265 2770 63 36 (As
354 2769 27 30 if
404 2777 74 29 any
503 2778 85 22 man
613 2770 121 38 really
757 2771 112 30 knew
893 2773 121 36 aught
1027 2771 38 31 of
1081 2781 61 28 my

1051 2825 92 30 life?

269 2874 92 37 Why
395 2883 96 21 even
526 2875 10 29 I
573 2876 135 36 myself
742 2876 105 30 often
882 2877 113 30 think
1030 2877 112 30 know

438 2927 102 30 little
564 2935 44 22 or
632 2928 163 37 nothing
812 2928 39 30 of
874 2937 61 29 my
957 2929 80 30 real
1063 2929 77 37 life,

265 2978 95 38 Only
384 2988 22 21 a
427 2979 74 31 few
530 2980 118 37 hints,
682 2989 21 21 a
736 2980 73 31 few
845 2980 163 32 diffused
1043 2981 99 30 faint

654 3032 114 31 clews
791 3034 73 29 and
889 3035 253 29 indirections

267 3085 12 27 1
302 3084 92 30 seek
416 3084 61 30 for
494 3093 61 28 my
571 3093 85 22 own
676 3093 66 22 use
757 3087 42 28 to
816 3088 106 28 trace
936 3088 70 28 out
1023 3087 117 36 here).

212 3168 47 29 As
276 3166 28 30 if
319 3175 73 30 any
409 3176 87 21 man
509 3168 120 37 really
643 3168 110 31 knew
767 3170 119 37 aught
900 3170 37 30 of
954 3178 60 29 my

174 3225 45 25 &
263 3220 167 37 Quoting
465 3221 77 30 this
579 3221 76 30 line
693 3223 90 28 Miss
828 3222 117 37 Terry
982 3223 159 30 renders

174 3272 202 30 worthless
399 3272 49 30 all
472 3273 66 30 she
561 3274 133 30 writes
724 3274 38 30 of
784 3275 112 29 other
918 3275 145 36 people.
1110 3276 32 28 It

173 3325 143 29 sounds
339 3324 75 30 like
431 3325 65 30 the
513 3326 105 30 voice
642 3326 39 30 of
696 3327 126 36 Irving
845 3328 186 35 saying,...
1092 3328 48 28 As

173 3375 29 30 if
224 3384 74 29 any
321 3385 86 21 man
430 3377 122 38 really
582 3378 110 30 knew
723 3379 120 36 aught
869 3378 38 30 of
929 3387 62 29 my
1014 3378 65 31 life

175 3429 227 30 Whitman's
420 3437 109 23 verse
553 3437 77 23 was
654 3432 70 28 but
746 3431 67 29 the
836 3430 159 37 prelude
1017 3433 41 28 to
1084 3432 58 29 his

174 3488 84 22 own
285 3488 96 30 song
425 3481 38 30 of
496 3481 152 31 himself
682 3484 72 28 and
790 3484 31 28 is
859 3484 69 28 out
965 3482 38 30 of
1032 3483 105 36 place

175 3532 224 31 elsewhere.
575 3540 45 25 &
749 3542 45 24 &
921 3540 44 25 &

174 3585 12 27 I
208 3584 113 31 think
343 3594 57 21 we
435 3594 64 22 are
524 3589 150 28 correct
707 3588 38 29 in
773 3588 133 36 saying
928 3587 87 30 that
1048 3589 90 29 Miss

174 3636 129 38 Terry,
326 3637 76 30 like
425 3646 41 22 so
491 3646 113 30 many
627 3638 39 31 of
688 3640 69 29 her
769 3641 279 35 predecessors,
1072 3641 67 30 has

173 3690 172 29 received
363 3691 208 29 assistance
589 3692 38 29 in
644 3692 66 29 the
722 3693 158 35 writing
896 3690 38 31 of
947 3691 68 30 her
1029 3693 109 31 book.

173 3738 77 30 The
273 3740 121 32 hands
416 3751 65 21 are
498 3743 143 37 Esau's,
663 3745 66 35 yet
745 3744 191 29 somehow
952 3744 66 29 the
1034 3746 105 29 voice

173 3791 31 29 is
227 3791 105 31 often
357 3795 207 30 another's.
588 3796 88 29 This
700 3797 104 34 gives
821 3803 44 22 us
888 3805 21 20 a
932 3796 116 35 slight
1063 3797 59 30 fee-

1218 291 80 38 ling
1321 290 38 32 of
1382 291 210 37 insecurity
1615 299 41 22 as
1672 298 56 22 we
1751 293 144 36 read,...
1919 293 209 39 insecurity
2142 304 40 23 as

1217 346 40 28 to
1281 352 195 29 accuracy.
1625 350 46 25 &

1218 397 51 30 To
1302 397 78 30 this
1413 396 184 30 assistant
1632 396 134 29 writer
1800 403 57 23 we
1892 398 103 28 must
2027 397 59 38 lay
2116 400 66 30 the

1218 449 122 31 blame
1363 449 38 30 of
1424 450 147 29 certain
1595 449 220 29 inaccurate
1831 449 228 30 statements
2076 452 106 30 made

1217 504 39 28 in
1281 503 64 29 the
1370 501 99 31 book
1503 503 39 27 in
1575 502 137 35 regard
1747 502 41 28 to
1822 501 66 29 the
1922 501 107 30 work
2063 501 37 30 of
2125 503 57 30 Mr

1219 555 150 29 Gordon
1396 555 123 35 Craig,
1622 560 44 24 jg?

1218 608 53 29 On
1297 607 99 36 Page
1420 605 67 37 326
1510 607 91 28 Miss
1625 605 118 37 Terry
1766 607 31 27 is
1821 606 186 36 supposed
2025 607 40 28 to
2089 606 92 31 have

1216 661 94 35 said,
1371 660 49 29 At
1435 659 65 29 the
1515 657 173 37 Imperial
1706 658 176 36 Theatre,
1898 657 128 30 where
2043 658 13 29 I
2072 661 110 32 spent

1218 719 61 28 my
1300 710 221 36 financially
1555 709 252 30 unfortunate
1841 717 135 22 season
2011 710 38 28 in
2079 711 101 35 April

1216 770 98 30 1903,
1340 765 10 26 I
1376 771 93 29 gave
1493 771 62 28 my
1588 770 69 22 son
1682 770 20 21 a
1731 762 82 31 free
1837 762 98 29 hand
2011 761 75 30 The
2110 761 72 31 last

1215 816 110 29 three
1349 816 126 29 words
1499 823 65 21 are
1588 823 41 21 so
1646 816 192 28 incorrect
1853 814 87 30 that
1964 814 13 29 i
1999 812 91 32 take
2105 814 77 30 this

1215 868 250 36 opportunity
1500 866 38 30 of
1565 867 285 36 contradicting
1872 866 66 30 the
1973 867 209 29 statement

1215 927 40 21 as
1279 918 267 38 emphatically
1580 927 41 21 as
1644 920 66 28 the
1735 919 131 31 Editor
1893 917 38 31 of
1956 917 82 31 The
2061 917 121 31 Mask

1214 970 77 29 will
1314 972 141 34 permit
1479 979 59 21 me
1561 972 40 28 to
1625 971 60 29 do.
2137 978 45 24 &

1215 1024 28 27 A
1265 1021 82 31 free
1372 1024 98 29 hand
1489 1024 178 35 suggests
1684 1023 91 29 both
1794 1024 110 28 carte
1921 1021 172 31 blanche
2109 1024 71 28 and

1215 1082 20 21 a
1259 1077 220 33 competent
1503 1077 281 34 management.
1810 1076 12 28 I
1839 1083 59 22 am
1915 1075 39 30 in
1972 1083 21 21 a
2016 1075 164 36 position

1213 1127 40 28 to
1277 1128 100 29 state
1400 1127 86 30 that
1509 1129 59 28 Mr
1592 1127 112 37 Craig
1747 1128 73 30 had
1845 1127 152 30 neither
2013 1126 39 31 of
2072 1127 110 31 these

1213 1179 40 29 to
1277 1181 160 35 support
1454 1180 89 36 him,
1560 1181 72 28 and
1650 1180 87 30 that
1753 1180 58 30 his
1836 1180 119 30 hands
1970 1188 102 22 were
2089 1180 91 30 tied.

1214 1231 75 30 The
1314 1233 269 35 management
1604 1240 78 22 was
1705 1232 124 36 timid,
1852 1240 41 22 as
1914 1233 32 29 is
1969 1232 140 36 proved
2135 1232 46 37 by

1213 1284 65 29 the
1301 1282 79 31 fact
1402 1284 88 29 that
1512 1285 31 28 it
1559 1283 94 31 took
1669 1283 53 30 off
1737 1284 66 29 the
1827 1284 86 36 play
1935 1283 101 31 after
2052 1292 21 21 a
2089 1291 91 30 very

1213 1336 109 29 short
1334 1344 74 21 run
1420 1336 136 36 which,
1570 1337 94 29 with
1678 1338 221 34 competent
1912 1338 268 35 management

1213 1390 28 35 (I
1265 1388 117 37 speak
1404 1389 92 30 here
1514 1388 38 31 of
1568 1390 174 29 business
1758 1389 284 37 management)
2058 1389 122 36 might

1213 1441 94 30 have
1337 1442 140 35 proved
1517 1449 47 22 an
1603 1440 299 39 overwhelming
1940 1441 238 31 commercial

1212 1501 163 23 success.
1463 1494 100 30 Such
1587 1502 47 21 an
1660 1494 72 29 aim
1756 1493 139 38 would,
1920 1494 38 29 in
1978 1494 200 37 Germany,

1211 1545 96 31 have
1332 1546 94 30 been
1462 1545 187 38 instantly
1683 1547 205 36 supported
1926 1547 47 37 by
1996 1555 22 21 a
2044 1548 135 35 strong

1211 1599 209 36 syndicate.

1211 1651 171 29 Another
1415 1658 156 29 passage
1596 1659 48 21 on
1669 1651 98 36 Page
1797 1658 81 29 327,
1901 1651 124 30 which
2049 1650 129 31 makes

1210 1704 92 29 Miss
1326 1703 117 37 Terry
1465 1712 66 28 say
1554 1703 86 30 that
1789 1712 68 22 son
1883 1703 139 37 always
2057 1705 101 29 consi-

1211 1757 115 29 dered
1349 1756 67 30 the
1451 1755 174 37 pictorial
1649 1757 81 29 side
1761 1755 38 31 of
1820 1757 67 29 the
1911 1764 113 22 scene
2048 1755 129 31 before

1210 1810 50 29 its
1283 1810 186 29 dramatic
1481 1809 246 37 significance
1778 1810 32 29 is
1826 1808 165 39 entirely
2006 1808 150 31 mislead-

1209 1862 84 36 ing:
1317 1859 60 32 for
1399 1862 111 29 those
1543 1861 84 30 who
1653 1861 111 31 know
1794 1863 59 28 Mr
1884 1862 112 36 Craig
2030 1870 41 21 as
2105 1869 71 24 one

1209 1913 38 30 of
1269 1914 66 30 the
1358 1913 73 30 few
1453 1914 193 36 thorough
1670 1915 73 29 and
1768 1915 148 29 serious
1940 1914 147 37 artists,
2104 1922 72 21 one

1208 1967 85 29 who
1316 1967 132 29 stands
1472 1966 110 31 alone
1616 1967 38 28 in
1690 1967 57 30 his
1771 1967 74 36 art,
1883 1966 114 30 know
2019 1967 87 29 that
2130 1967 46 29 he

1208 2018 156 31 dislikes
1377 2020 107 35 stage
1497 2020 182 35 pictures,
1688 2020 71 28 and
1770 2019 88 30 that
1867 2018 88 38 only
1963 2019 67 30 the
2041 2020 137 29 Drama

1208 2079 41 22 as
1283 2080 20 21 a
1337 2071 123 30 whole
1496 2071 129 30 claims
1660 2072 58 29 his
1752 2072 208 30 attention.
1996 2072 50 29 He
2082 2079 93 22 even

1209 2124 194 30 considers
1436 2124 66 30 the
1541 2125 106 29 actor
1684 2125 73 29 and
1796 2126 145 28 actress
1979 2123 38 31 of
2054 2124 124 30 minor

1208 2177 236 35 importance
1469 2177 127 29 beside
1620 2177 66 30 the
1711 2178 138 29 Drama
1872 2176 117 31 itself.
2132 2182 44 25 &

1208 2229 172 30 Another
1413 2230 193 29 incorrect
1643 2230 211 30 statement
1884 2238 48 22 on
1970 2230 67 30 the
2074 2235 103 24 same

1208 2288 94 29 page
1326 2282 31 29 is
1380 2282 40 29 to
1444 2282 66 30 the
1535 2281 117 31 effect
1674 2282 86 30 that
1820 2283 66 29 the
1911 2284 109 35 great
2044 2284 134 37 height

1208 2333 38 30 of
1267 2334 66 30 the
1357 2335 242 34 proscenium
1625 2336 107 28 made
1760 2335 58 29 his
1842 2334 166 38 lighting
2031 2336 78 31 lose
2127 2337 50 31 all

1207 2387 50 29 its
1280 2387 111 30 value
1458 2394 45 24 <£?
1521 2387 166 36 Perhaps
1703 2388 78 30 this
1804 2390 213 30 statement
2039 2390 32 30 is
2088 2390 89 37 only

1208 2439 226 37 misleading
1456 2447 48 22 on
1540 2441 163 29 account
1726 2439 38 31 of
1785 2441 67 30 the
1888 2442 128 30 choice
2040 2441 38 31 of
2111 2443 66 29 the

1207 2493 104 28 word
1583 2493 77 29 Had
1916 2502 43 22 or

1208 2544 95 29 been
1321 2545 106 35 used,
1443 2544 67 30 the
1526 2552 158 29 passage
1700 2545 124 30 would
1843 2546 95 30 have
1962 2547 72 29 had
2050 2554 102 23 mean-

1208 2596 76 36 ing.
1330 2597 31 29 It
1384 2597 32 29 is
1439 2604 40 22 so
1514 2595 146 38 utterly
1695 2596 131 31 unlike
1860 2599 91 30 Miss
1985 2599 119 38 Terry
2135 2601 41 28 to

1207 2647 117 37 speak
1347 2649 38 28 in
1408 2649 78 30 this
1509 2658 84 28 way
1616 2649 39 30 of
1670 2650 70 30 her
1763 2649 102 32 son's
1886 2651 109 30 work
2017 2652 88 29 that
2119 2658 56 23 we

1208 2709 68 21 can
1300 2700 89 37 only
1413 2702 188 29 attribute
1625 2703 31 29 it
1679 2704 40 29 to
1743 2703 69 30 her
1836 2703 268 31 collaborator.
2132 2710 45 25 &

1207 2752 88 30 This
1338 2754 184 29 assistant
1565 2762 78 22 was
1678 2756 67 29 not
1778 2756 60 29 Mr
1870 2756 128 30 James
2033 2757 142 30 Carew.

1208 2804 87 31 This
1319 2805 258 31 collaborator
1610 2807 67 30 has
1701 2807 79 30 also
1815 2809 96 29 been
1950 2808 163 33 careless
2137 2809 36 28 in

1207 2858 65 29 the
1296 2857 299 39 proof-reading,
1629 2858 61 31 for
1712 2861 87 36 why
1822 2860 134 31 should
1991 2861 67 30 the
2082 2867 93 29 page

1206 2909 167 38 relating
1396 2912 40 28 to
1460 2912 59 28 Mr
1543 2912 145 37 Craig's
1711 2914 109 35 stage
1843 2912 108 31 work
1968 2914 45 29 be
2030 2913 143 30 headed

1328 2963 102 30 son's
1738 2966 181 36 On^page
1943 2966 81 37 326,
2046 2966 128 30 where

1206 3015 65 29 the
1294 3016 197 30 woodcuts
1515 3024 65 22 are
1614 3018 145 35 spoken
1794 3016 50 39 of,
1879 3019 166 30 another
2067 3025 108 23 error

1207 3074 146 23 occurs.
1378 3067 77 31 The
1479 3069 104 29 Walt
1606 3070 193 30 Whitman
1834 3071 96 29 head
1954 3079 78 22 was
2057 3072 47 36 by
2127 3077 47 23 no

1207 3128 129 21 means
1359 3121 67 29 the
1449 3120 89 31 first
1561 3124 106 28 wood
1693 3124 211 36 engraving
1921 3124 108 30 made
2055 3124 46 36 by
2117 3123 58 30 Mr

1208 3172 130 36 Craig:
1362 3173 197 38 obviously
1583 3182 48 22 no
1648 3182 127 29 one,...
1792 3177 68 28 not
1876 3183 95 23 even
1990 3174 183 32 Crawhall

1207 3224 203 32 himself....
1428 3226 109 30 could
1552 3226 94 31 have
1660 3228 110 30 made
1782 3228 93 30 such
1892 3236 21 22 a
1930 3229 66 29 cut
2010 3228 164 30 without

1206 3277 178 34 previous
1407 3279 238 35 experience.

1206 3328 120 31 These
1349 3330 88 29 four
1460 3338 130 23 errors
1623 3331 38 29 in
1686 3332 77 29 two
1794 3340 114 29 pages
1944 3331 230 35 concerning

1206 3380 68 31 her
1297 3381 103 32 son's
1423 3384 74 29 aim
1532 3384 72 29 and
1639 3384 109 29 work
1771 3392 66 22 are
1862 3386 68 28 not
1951 3385 41 29 to
2017 3385 45 29 be
2099 3382 72 31 laid

1206 3434 40 29 to
1270 3434 66 30 the
1372 3435 138 37 charge
1545 3435 38 30 of
1616 3437 92 30 Miss
1742 3436 106 31 Ellen
1883 3436 137 38 Terry;
2055 3437 70 29 but
2145 3431 28 33 if

1204 3486 112 30 other
1348 3486 98 31 facts
1479 3489 39 28 in
1563 3488 66 30 the
1667 3488 99 30 book
1799 3495 66 24 are
1895 3497 41 22 so
1967 3486 204 36 distorted,

1204 3538 32 30 it
1256 3538 79 30 will
1359 3540 45 29 be
1428 3547 22 23 a
1473 3541 97 36 good
1594 3541 113 36 thing
1730 3539 29 31 if
1780 3541 66 30 the
1871 3542 139 29 second
2028 3540 142 30 edition

1204 3591 32 29 is
1260 3591 184 38 carefully
1477 3592 148 31 revised
1656 3592 130 31 before
1821 3594 32 29 it
1886 3594 31 29 is
1951 3592 156 31 allowed
2130 3591 40 29 to

1205 3650 152 29 appear.
2125 3647 45 26 &

1204 3695 87 30 Also
1315 3696 31 29 it
1369 3704 86 29 may
1478 3697 227 37 reasonably
1726 3698 45 29 be
1787 3697 131 36 asked,
1933 3697 104 29 what
2053 3692 115 39 urged

1204 3748 91 29 Miss
1319 3747 118 38 Terry
1459 3750 41 28 to
1524 3750 96 28 omit
1638 3749 66 30 the
1721 3750 139 36 words,
2003 3756 61 29 my
2086 3751 82 25 own

1206 3807 66 22 use
1333 3801 111 29 when
1469 3801 161 35 quoting
1647 3801 100 31 Walt
1765 3799 227 32 Whitman's
2007 3806 107 30 poem
2131 3796 38 30 at
