2733 4048
598 216 62 30 172

163 291 371 35 CHARACTER

160 335 94 29 AND
270 333 90 33 THE
382 334 152 32 ACTOR

668 292 32 29 Is
722 291 112 31 there
858 297 73 30 any
954 297 138 23 reason
1116 290 87 37 why
1224 290 68 31 the
1354 290 196 38 captaincy
1575 290 38 31 of
1635 292 67 30 the
1872 297 84 30 may
1979 290 46 30 fee
2046 287 79 33 lost
2147 290 39 29 in
2203 290 67 30 the
2286 290 167 35 practice
2471 290 37 30 of
2523 292 66 30 the

599 354 138 30 actor's
759 353 89 31 art?
891 355 117 34 None,
1033 355 159 28 because
1215 353 67 30 the
1306 362 86 21 man
1416 355 32 29 is
1471 362 48 21 an
1543 355 126 34 artist,
1714 355 117 36 None,
1856 355 161 29 because
2040 353 66 29 the
2128 351 110 31 work
2260 351 39 31 of
2321 353 59 29 his
2396 351 63 31 life
2477 353 31 29 is
2523 354 66 30 the

599 418 193 29 imitation
816 417 38 30 of
876 417 213 37 humanity.

598 487 46 25 jg/
661 482 108 36 Here,
785 480 119 31 ladies
917 482 72 28 and
1004 480 233 36 gentlemen,
1255 480 12 29 I
1283 479 113 30 think
1413 481 12 28 I
1443 481 122 35 might
1587 480 106 31 leave
1709 482 78 29 this
1803 481 153 37 portion
1974 478 39 31 of
2029 487 61 29 my
2106 478 236 31 reflections.
2360 477 230 35 Reflections

598 542 161 38 sketchy
774 544 73 29 and
872 544 217 35 immature,
1107 544 12 28 I
1135 542 149 37 greatly
1306 541 95 31 fear.
1426 543 12 28 I
1461 542 125 30 would
1604 543 70 31 call
1690 544 106 30 them
1813 543 244 37 suggestions
2074 543 134 29 rather
2224 542 95 30 than
2337 540 252 31 conclusions.

597 607 251 36 Suggestions
871 607 124 29 which
1018 614 85 29 may
1126 605 82 30 lead
1233 606 163 36 perhaps
1420 606 111 30 other
1555 607 72 29 and
1653 614 104 22 more
1782 606 154 36 capable
1952 605 181 30 students
2149 605 40 29 to
2206 605 159 35 enlarge
2382 611 116 29 upon,
2516 605 73 28 and

598 677 85 29 may
707 670 13 29 I
743 670 165 29 venture
935 670 40 29 to
1004 676 162 29 propose
1195 676 21 22 a
1244 668 150 36 subject
1426 670 41 29 to
1501 670 302 37 Shakespearian
1827 668 169 31 scholars
1999 676 64 21 —a
2085 667 151 37 subject
2258 668 171 29 hitherto
2454 666 137 30 almost

598 732 259 37 disregarded,
870 732 85 37 viz.,
1295 732 67 30 the
1591 733 32 30 It
1638 740 125 22 seems
1779 733 153 29 curious
1947 731 88 30 that
2050 730 77 30 this
2145 730 80 30 side
2242 729 38 30 of
2295 728 296 37 Shakespeare's

598 793 65 31 life
686 794 135 30 should
847 795 68 29 not
938 795 94 29 have
1057 795 144 29 invited
1227 802 105 22 more
1354 795 285 29 consideration
1657 796 72 28 and
1746 795 192 29 research.
1983 793 124 37 Might
2124 794 11 28 I
2152 794 164 29 venture
2333 794 41 28 to
2392 792 96 36 hope
2504 792 87 29 that

599 858 71 30 Mr.
693 858 141 36 Sidney
858 859 84 35 Lee,
964 857 85 30 who
1074 858 68 29 has
1164 857 166 30 touched
1356 865 99 29 upon
1479 859 67 29 the
1570 857 149 37 subject
1742 859 38 28 in
1805 858 58 29 his
1886 856 205 38 delightful
2116 856 222 37 biography,
2365 855 91 37 will,
2486 863 105 22 some

597 922 85 36 day,
707 920 149 38 greatly
879 920 155 37 enlarge
1060 928 70 22 our
1150 919 225 38 knowledge
1392 920 38 30 of
1445 921 78 30 this
1540 922 80 29 side
1637 920 39 30 of
1690 920 295 37 Shakespeare's
2002 919 83 37 life;
2110 918 48 31 all
2180 919 225 36 important,
2421 919 31 29 it
2468 925 123 23 seems

596 984 41 29 to
661 991 73 29 me,
757 983 112 30 when
892 991 58 22 we
974 983 176 30 consider
1175 983 65 30 the
1262 983 80 31 fact
1363 984 87 30 that
1472 984 67 30 the
1562 984 168 35 practice
1753 983 38 30 of
1813 984 59 29 his
1895 983 214 37 profession
2126 990 42 22 as
2185 990 47 22 an
2250 983 109 29 actor
2376 982 103 29 must
2494 981 97 30 have

596 1047 188 30 absorbed
804 1047 47 37 by
867 1045 59 31 far
956 1047 67 29 the
1053 1047 155 36 greater
1230 1047 153 35 portion
1408 1045 38 32 of
1468 1047 58 29 his
1550 1047 104 36 days,
1677 1047 73 29 and
1775 1046 87 29 that
1884 1046 59 29 his
1970 1046 200 30 character
2199 1045 73 30 and
2303 1043 160 32 outlook
2490 1051 101 29 upon

597 1108 65 31 life
685 1117 102 22 were
811 1110 228 36 developing
1062 1109 38 29 in
1124 1109 68 30 the
1216 1110 116 29 midst
1356 1108 38 31 of
1417 1108 100 38 daily
1541 1110 180 29 devotion
1745 1110 40 28 to
1809 1109 78 29 this
1911 1108 150 37 calling.
2201 1115 45 24 &
2547 1113 44 25 &

665 1173 80 28 And
772 1179 84 23 now
881 1173 12 28 I
916 1171 125 31 would
1066 1171 110 31 dwell
1201 1171 59 31 for
1284 1180 21 22 a
1329 1171 101 31 little
1448 1179 101 29 upon
1573 1172 67 30 the
1658 1171 273 37 question—To
1948 1172 104 29 what
2069 1172 134 29 extent
2219 1172 32 29 is
2269 1170 140 38 acting
2426 1169 164 31 affected

598 1235 47 36 by
668 1233 239 32 character?
998 1236 12 28 1
1033 1243 59 22 am
1119 1237 69 28 not
1209 1243 90 22 sure
1322 1235 88 30 that
1432 1235 92 30 such
1548 1242 94 28 poor
1664 1233 223 31 reflections
1911 1242 40 22 as
1976 1235 12 28 I
2011 1233 79 31 will
2114 1235 63 36 try
2200 1235 41 28 to
2265 1241 155 29 express
2444 1233 48 30 do
2523 1233 68 30 not

597 1296 151 38 equally
764 1297 111 38 apply
890 1299 40 28 to
948 1298 199 29 character
1161 1298 73 29 and
1252 1297 48 30 all
1318 1298 74 29 art.
1427 1298 12 28 I
1455 1296 80 30 find
1554 1296 135 38 myself
1706 1296 237 38 continually
1959 1296 162 37 seeking
2137 1296 256 31 illustrations
2408 1295 99 32 from
2524 1296 67 29 the

597 1361 80 29 arts
694 1359 39 31 of
747 1361 188 36 painting,
958 1360 197 36 sculpture
1178 1360 73 30 and
1276 1360 187 30 dramatic
1485 1359 217 31 literature.

666 1423 76 30 The
766 1423 215 30 conviction
1006 1424 12 28 I
1041 1422 125 30 would
1191 1422 77 30 like
1290 1423 41 29 to
1356 1423 140 36 impart
1520 1424 32 28 is
1575 1421 38 31 of
1646 1423 157 36 greater
1835 1423 237 35 importance
2106 1422 95 30 than
2236 1423 73 29 art.
2355 1422 32 29 It
2420 1422 32 29 is
2486 1429 35 21 m
2535 1428 56 23 >re

597 1487 211 35 important
830 1487 40 29 to
894 1486 67 30 the
984 1485 118 31 world
1128 1487 40 29 at
1191 1485 118 38 large.
1355 1487 13 28 I
1390 1485 75 31 feel
1483 1487 32 29 it
1538 1487 32 29 is
1594 1494 104 21 more
1723 1487 212 35 important
1958 1493 95 23 even
2077 1487 41 28 to
2142 1485 66 30 the
2232 1485 116 30 artist
2366 1483 164 32 himself.
2546 1491 45 25 £?

667 1550 31 28 It
720 1556 125 23 seems
867 1550 41 28 to
932 1557 59 21 me
1015 1557 21 22 a
1058 1550 106 36 right
1183 1550 161 29 instinct
1359 1549 124 29 which
1501 1557 114 29 urges
1631 1548 132 37 people
1780 1550 40 28 to
1837 1548 91 31 seek
1944 1548 60 30 for
2019 1549 67 30 the
2102 1557 96 21 man
2216 1548 140 31 behind
2372 1548 67 30 the
2456 1546 135 31 artist.

597 1612 32 29 Is
653 1612 66 30 the
743 1612 162 30 instinct
926 1612 124 30 which
1075 1619 115 30 urges
1213 1611 134 38 people
1369 1613 41 28 to
1436 1613 131 35 accept
1590 1611 145 38 charily
1757 1612 67 30 the
1853 1612 114 30 artist
1995 1612 86 29 who
2109 1610 128 32 works
2267 1610 111 31 alone
2406 1610 61 30 for
2498 1610 93 30 art's

596 1673 105 39 sake,
725 1674 78 31 also
827 1674 133 38 right?
1006 1674 167 38 Perhaps
1196 1675 31 29 it
1249 1675 45 30 is.
1505 1681 46 25 jg?

595 1743 46 25 &
664 1738 48 29 At
734 1738 67 29 the
826 1739 171 28 moment
1020 1738 111 29 when
1157 1745 86 22 man
1269 1739 121 35 began
1414 1739 41 28 to
1479 1745 155 29 express
1658 1737 154 30 himself
1834 1738 170 36 through
2021 1746 22 21 a
2058 1738 106 35 piece
2185 1736 38 31 of
2238 1736 122 38 work,
2378 1738 61 29 art
2456 1738 135 36 began,

597 1801 72 29 and
693 1802 39 28 in
755 1802 245 36 recognising
1023 1809 21 21 a
1067 1800 108 31 work
1209 1799 39 31 of
1281 1802 73 35 art,
1377 1809 58 21 we
1458 1802 199 36 recognise
1681 1801 66 29 the
1771 1802 102 28 mind
1909 1802 73 28 and
2015 1801 199 29 character
2244 1800 39 30 of
2304 1800 68 30 the
2396 1807 87 23 man
2506 1800 85 30 who

595 1864 181 37 wrought
798 1865 43 29 it.
886 1865 80 29 And
999 1865 86 29 that
1115 1865 102 29 mind
1242 1865 73 29 and
1341 1865 198 29 character
1563 1865 31 29 is
1618 1872 117 22 never
1758 1865 227 36 stationary.
2031 1865 33 29 It
2086 1865 32 29 is
2142 1865 126 31 either
2298 1863 227 38 developing
2548 1871 43 23 or

596 1927 292 38 deteriorating.
914 1929 12 28 I
943 1928 123 36 might
1081 1929 165 28 venture
1262 1928 66 29 the
1345 1928 223 36 suggestion
1592 1928 87 30 that
1695 1929 40 28 at
1750 1928 67 30 the
1841 1929 170 28 moment
2033 1928 87 29 that
2141 1929 62 28 art
2220 1929 30 28 is
2263 1928 191 36 practised
2471 1927 120 38 solely

594 1988 62 32 for
670 1990 67 30 the
761 1989 92 31 sake
877 1989 38 31 of
938 1992 73 33 art,
1036 1991 214 29 decadence
1274 1991 67 29 has
1364 1992 60 28 set
1448 1992 59 35 in,
1531 1992 213 29 decadence
1768 1990 38 31 of
1830 1991 212 37 character,
2070 1992 72 29 and
2172 1992 133 36 hence,
2335 1992 31 29 it
2396 1999 123 22 seems
2549 1992 42 29 to

597 2060 73 29 me,
701 2052 37 30 of
768 2054 74 29 art.
871 2053 121 30 There
1015 2061 123 23 seems
1168 2062 22 21 a
1220 2053 127 31 subtle
1385 2054 110 30 truth
1533 2054 38 29 in
1611 2053 185 31 Eleonora
1835 2054 147 30 Duse's
2019 2054 139 35 words,
2196 2054 111 30 when
2345 2054 67 30 she
2446 2060 145 31 says:—

596 2120 45 25 &
703 2114 29 31 If
754 2116 66 29 the
844 2116 104 37 sight
971 2115 38 31 of
1031 2117 67 29 the
1122 2116 87 31 blue
1233 2116 102 31 skies
1356 2116 78 31 fills
1456 2124 74 29 you
1554 2117 94 29 with
1672 2116 75 38 joy,
1771 2116 28 30 if
1822 2126 21 21 a
1867 2117 109 30 blade
2000 2116 38 31 of
2062 2124 106 30 grass
2185 2117 201 37 springing
2403 2124 49 30 up
2469 2117 39 30 in
2525 2117 66 30 the

636 2177 111 31 fields
771 2180 68 29 has
861 2187 128 27 power
1004 2181 40 28 to
1062 2187 107 22 move
1185 2187 88 29 you,
1289 2179 154 37 rejoice,
1459 2178 61 31 for
1536 2187 97 29 your
1656 2179 82 30 soul
1763 2181 31 28 is
1818 2179 117 37 alive;
1959 2181 73 29 and
2057 2181 94 29 then
2175 2182 125 35 aspire
2323 2182 42 29 to
2382 2180 107 31 learn
2506 2181 85 30 that

637 2242 113 30 other
771 2242 111 30 truth
886 2242 129 30 —that
1030 2242 67 30 the
1114 2242 97 30 least
1227 2241 39 31 of
1281 2242 103 30 what
1408 2250 73 29 you
1499 2243 150 29 receive
1674 2251 68 21 can
1767 2244 45 28 be
1830 2244 164 29 divided.
2039 2243 51 31 To
2109 2243 84 37 help
2210 2245 73 29 and
2302 2244 111 30 share
2416 2244 129 30 —that
2561 2244 30 30 is

726 2312 83 22 sum
835 2304 37 30 of
895 2304 48 30 all
968 2304 239 37 knowledge,
1230 2305 87 29 that
1340 2306 32 28 is
1395 2305 66 30 the
1486 2307 178 35 meaning
1688 2305 38 30 of
2030 2312 45 25 &
2202 2312 44 24 &
2547 2312 44 26 &

664 2368 102 36 Now,
789 2369 66 29 the
879 2369 115 29 artist
1016 2368 85 30 who
1125 2369 186 35 practises
1335 2369 62 29 art
1418 2368 61 30 for
1502 2368 94 31 art's
1620 2368 90 31 sake
1735 2369 91 30 does
1851 2371 68 28 not
1942 2370 111 30 share
2078 2370 94 29 with
2194 2371 202 37 humanity
2417 2371 40 30 at
2473 2370 118 38 large.

598 2431 51 29 He
674 2432 31 28 is
728 2432 67 34 apt
816 2432 41 29 to
882 2430 94 37 keep
1001 2432 57 29 his
1082 2432 108 35 point
1214 2430 37 31 of
1274 2432 96 29 view
1394 2432 73 28 and
1493 2432 58 29 his
1575 2439 111 22 sense
1710 2431 39 30 of
1776 2433 142 37 beauty
1947 2434 40 28 to
2018 2432 166 37 himself,
2215 2441 43 22 or
2286 2434 42 29 to
2358 2433 113 30 share
2504 2432 87 38 only

597 2494 93 29 with
714 2501 22 22 a
757 2492 74 31 few
855 2493 150 37 equally
1029 2493 191 31 exclusive
1242 2493 296 31 fellow-artists.
2547 2501 44 26 &

703 2555 77 31 The
970 2564 41 23 as
1035 2557 201 37 humanity
1259 2558 41 29 at
1322 2557 105 37 large
1452 2558 31 29 is
1514 2565 41 22 so
1580 2556 106 31 often
1711 2557 172 30 referred
1907 2559 40 28 to
1972 2559 48 36 by
2043 2559 111 30 these
2185 2558 112 37 elect,
2320 2566 67 23 are
2417 2559 174 36 scorned,

597 2620 72 29 and
694 2620 32 29 it
748 2627 124 22 seems
894 2620 41 29 to
959 2627 59 22 me
1042 2621 87 28 that
1152 2620 66 30 the
1241 2620 120 37 really
1385 2622 110 34 great
1519 2621 134 29 artists
1676 2620 84 30 love
1784 2622 202 36 humanity
2009 2622 73 29 and
2108 2622 46 29 do
2180 2623 68 28 not
2271 2630 113 22 scorn
2407 2622 44 30 it.

597 2689 45 25 jgr
665 2683 28 29 A
720 2681 146 31 similar
901 2683 313 36 companionship
1248 2691 76 22 was
1357 2684 87 29 that
1479 2682 61 31 old
1577 2683 280 31 Bohemianism
1893 2684 139 37 which,
2066 2685 38 29 in
2138 2685 172 29 addition
2344 2686 41 29 to
2423 2686 116 36 being
2572 2693 19 21 a

597 2745 263 35 comradeship
873 2745 37 29 in
925 2745 151 30 artistic
1092 2746 219 29 endeavour
1324 2754 77 21 was
1417 2745 147 38 largely
1580 2754 21 21 a
1618 2747 150 35 protest
1784 2747 164 36 against,
1965 2747 73 29 and
2057 2755 21 22 a
2094 2747 173 31 defiance
2285 2747 38 30 of
2338 2748 67 30 the
2422 2747 169 31 realities

597 2806 38 30 of
668 2806 101 38 daily
802 2806 80 31 life.
926 2808 99 29 Such
1060 2806 173 31 defiance
1269 2816 72 22 one
1373 2816 85 29 may
1486 2809 44 29 be
1556 2809 161 29 excused
1742 2808 61 30 for
1825 2808 136 38 taking
1984 2811 40 28 to
2050 2811 45 28 be
2118 2817 48 22 an
2190 2810 211 30 indication
2426 2809 38 31 of
2486 2818 105 22 some

595 2869 199 31 weakness
816 2871 40 29 in
879 2870 66 30 the
970 2870 212 30 character.
1229 2872 12 28 I
1263 2870 113 31 think
1401 2871 46 29 he
1470 2872 32 30 is
1526 2879 21 22 a
1570 2872 181 36 stronger
1775 2879 87 23 man
1886 2872 85 30 who
1996 2880 69 22 can
2090 2873 121 30 admit
2227 2874 67 29 the
2312 2873 132 30 claims
2460 2872 39 31 of
2513 2872 78 31 fact

595 2932 113 30 while
732 2934 212 36 practising
967 2934 65 29 the
1056 2935 193 29 imitation
1267 2933 38 30 of
1322 2935 138 29 nature
1478 2942 43 22 or
1538 2935 214 36 humanity,
1769 2935 94 29 than
1881 2935 46 30 he
1944 2936 85 29 who
2046 2936 143 37 dodges
2206 2944 21 22 a
2243 2937 78 29 dun
2339 2937 38 29 in
2394 2944 22 22 a
2432 2937 159 29 ecstatic

596 2996 198 36 disregard
820 2995 38 30 of
880 2996 58 30 his
962 2997 126 29 duties
1112 3004 41 23 as
1189 3005 21 21 a
1244 2996 133 36 simple
1413 2998 152 31 citizen.
1611 2997 77 30 The
1723 2998 101 29 most
1857 2998 247 38 incorrigible
2140 3000 220 36 Bohemian,
2394 3000 68 29 the
2493 2999 98 30 most

596 3058 174 35 precious
794 3059 72 29 and
891 3058 191 31 exclusive
1106 3060 39 28 in
1175 3060 67 29 the
1274 3060 264 29 Brotherhood
1570 3058 38 31 of
1645 3060 65 29 the
1735 3059 118 38 Elect,
1877 3062 124 36 might
2022 3061 87 30 well
2133 3061 150 38 reflect,
2305 3062 179 37 perhaps,
2507 3062 84 29 that

595 3119 112 31 while
731 3120 261 37 Shakespeare
1016 3130 77 21 was
1117 3122 216 37 projecting
1356 3123 66 29 the
1449 3123 173 36 greatest
1645 3123 194 36 tragedies
1865 3124 37 28 in
1935 3123 217 36 literature,
2184 3126 48 28 he
2261 3133 79 21 was
2370 3124 79 31 also
2479 3125 112 36 suing

595 3182 124 38 Philip
750 3185 155 36 Rogers,
936 3186 40 29 at
1006 3183 405 39 Stratford=on»Avon,
1442 3184 60 31 for
1533 3186 26 29 L
1590 3192 13 22 i
1635 3192 54 30 9s.
1721 3187 92 35 iod.,
1851 3187 73 29 due
1969 3188 41 28 to
2055 3187 77 29 him
2177 3186 61 31 for
2274 3187 95 30 malt
2405 3187 185 38 supplied.

665 3247 12 28 I
693 3246 125 30 would
836 3248 112 35 again
964 3248 137 29 return
1117 3250 40 27 to
1176 3248 197 30 Professor
1387 3247 200 30 Dowden's
1604 3246 198 32 reference
1818 3250 41 28 to
1876 3250 66 29 the
1959 3249 269 37 development
2244 3249 39 31 of
2297 3249 294 38 Shakespeare's

596 3309 103 29 mind
724 3311 73 29 and
821 3311 62 29 art
905 3310 39 29 in
969 3311 239 35 comparison
1232 3311 93 29 with
1353 3310 88 30 that
1472 3309 37 31 of
1539 3310 58 30 his
1629 3309 104 38 early
1764 3313 341 36 contemporaries,
2134 3313 182 30 Marlowe
2347 3314 73 29 and
2453 3314 136 29 Green.

596 3371 148 37 Calling
760 3380 70 23 our
846 3373 195 30 attention
1058 3375 40 28 to
1114 3374 66 29 the
1197 3373 169 31 reckless
1384 3373 281 30 Bohemianism
1683 3373 38 31 of
1737 3375 66 29 the
1820 3375 231 31 last-named
2070 3375 244 31 ill-balanced
2332 3377 71 29 but
2418 3375 172 31 brilliant

597 3434 193 31 Dramatic
812 3436 148 36 artists,
984 3437 46 29 he
1044 3444 146 30 says:—
1309 3437 103 28 must
1436 3436 97 29 have
1558 3438 187 34 appeared
1770 3439 41 28 to
1832 3438 262 38 Shakespeare
2112 3439 100 37 (who
2239 3439 87 30 well
2354 3439 233 30 understood

636 3498 137 30 honest
801 3497 127 39 frolic)
959 3508 20 21 a
1006 3507 93 29 poor
1114 3500 126 37 affair,
1265 3509 20 21 a
1307 3499 127 37 flimsy
1458 3498 90 30 kind
1574 3498 38 32 of
1635 3500 296 33 idealism—this
1954 3502 169 31 reckless
2147 3501 194 39 knocking
2364 3502 39 31 of
2426 3511 20 21 a
2470 3500 118 31 man's

636 3561 95 30 head
756 3563 152 35 against
930 3563 67 29 the
1020 3563 95 31 solid
1134 3563 92 31 laws
1256 3563 38 30 of
1315 3563 67 29 the
1406 3563 192 31 universe.
1643 3563 77 32 The
1744 3567 149 34 protest
1917 3568 152 35 against
2091 3573 71 23 our
2183 3565 235 37 subjections
2446 3565 41 30 to
2517 3564 70 30 law

636 3625 109 29 made
776 3625 48 37 by
854 3626 93 29 such
978 3634 87 23 men
1096 3634 41 23 as
1168 3626 181 31 Marlowe
1379 3627 72 28 and
1491 3627 139 37 Green,
1667 3636 78 22 was
1784 3637 21 21 a
1841 3629 136 37 vulgar
2015 3631 73 29 and
2133 3627 221 39 superficial

596 3690 45 25 &
665 3687 112 30 What
799 3697 77 22 was
898 3689 67 30 the
988 3691 74 28 end
1087 3689 38 30 of
1139 3690 67 30 the
1224 3690 206 30 Bohemian
1448 3690 209 31 Marlowe?
1700 3693 56 28 An
1773 3693 257 36 ignominious
2046 3693 116 30 death
2180 3691 38 32 in
2236 3701 22 22 a
2272 3695 137 28 tavern
2427 3690 119 32 brawl
2549 3705 38 5 —

596 3747 86 30 that
705 3748 38 30 of
765 3751 66 29 the
855 3752 155 35 greater
1032 3753 129 36 artist,
1184 3753 86 29 who
1295 3752 71 30 had
1401 3759 85 23 won
1521 3753 66 30 the
1622 3755 199 37 captaincy
1854 3754 39 31 of
1926 3756 59 29 his
2018 3756 99 36 soul,
2150 3756 170 36 through
2354 3755 87 29 that
2475 3752 110 31 noble

596 3810 267 37 development
901 3813 38 30 of
976 3815 58 29 his
1078 3815 102 30 mind
1220 3815 73 30 and
1333 3815 60 30 art
1466 3816 123 30 which
1628 3825 77 22 was
1745 3818 112 30 based
1905 3826 47 22 on
1991 3827 20 21 a
2048 3818 170 30 resolute
2256 3816 152 37 fidelity
2445 3816 39 30 to
2521 3814 66 31 the

160 1177 268 38 Acting
493 1177 38 29 &

163 1219 200 30 Chara
380 1227 20 21 c
417 1220 14 29 t
448 1227 20 21 e
485 1226 45 23 r.

160 1736 111 31 The
324 1737 205 38 origin

160 1779 88 29 of
329 1781 147 28 art
520 1800 9 9 .

161 2049 204 34 Bleonora
409 2051 121 30 Dusc.

162 2374 217 38 Sharing
412 2374 119 31 with

161 2416 25 29 h
210 2424 24 23 u
258 2425 39 21 ni
321 2425 23 22 a
367 2425 26 22 n
417 2417 48 30 it
477 2424 54 30 y.

161 2688 269 30 Bohemian
439 2688 91 30 ism.

160 3311 278 32 Marlowe
493 3313 37 30 &

162 3355 307 28 Green
521 3376 9 7 .
