<?xml version="1.0" encoding="UTF-8"?>
<alto xmlns:xsi="http://www.w3.org/2001/XMLSchema-instance" xmlns="http://www.loc.gov/standards/alto/ns-v2#" xsi:schemaLocation="http://www.loc.gov/standards/alto/ns-v2# http://www.loc.gov/standards/alto/alto-v2.0.xsd" xmlns:xlink="http://www.w3.org/1999/xlink">
	<Description>
		<MeasurementUnit>mm10</MeasurementUnit>
		<sourceImageInformation>
			<fileName>//fileserver7/IN2-2/Princeton/bmtnaau/1908/11_01/00000211.tif</fileName>
		</sourceImageInformation>
		<OCRProcessing ID="OCRPROCESSING_1">
			<preProcessingStep>
				<processingSoftware>
					<softwareCreator>CCS Content Conversion Specialists GmbH, Germany</softwareCreator>
					<softwareName>CCS docWorks</softwareName>
					<softwareVersion>6.7-1.24</softwareVersion>
				</processingSoftware>
			</preProcessingStep>
			<ocrProcessingStep>
				<processingSoftware>
					<softwareCreator>ABBYY (BIT Software), Russia</softwareCreator>
					<softwareName>FineReader</softwareName>
					<softwareVersion>10.0</softwareVersion>
				</processingSoftware>
			</ocrProcessingStep>
		</OCRProcessing>
		<OCRProcessing ID="OCRPROCESSING_2">
			<preProcessingStep>
				<processingSoftware>
					<softwareCreator>CCS Content Conversion Specialists GmbH, Germany</softwareCreator>
					<softwareName>CCS docWorks</softwareName>
					<softwareVersion>6.7-1.24</softwareVersion>
				</processingSoftware>
			</preProcessingStep>
			<ocrProcessingStep>
				<processingSoftware>
					<softwareCreator>ABBYY (BIT Software), Russia</softwareCreator>
					<softwareName>NA</softwareName>
				</processingSoftware>
			</ocrProcessingStep>
		</OCRProcessing>
	</Description>
	<Styles>
		<TextStyle ID="TXT_0" FONTSIZE="12" FONTFAMILY="Times New Roman"/>
		<TextStyle ID="TXT_1" FONTSIZE="25" FONTFAMILY="Times New Roman" FONTSTYLE="bold"/>
		<TextStyle ID="TXT_2" FONTSIZE="25" FONTFAMILY="Times New Roman"/>
		<TextStyle ID="TXT_3" FONTSIZE="12" FONTFAMILY="Times New Roman" FONTSTYLE="italics"/>
		<TextStyle ID="TXT_4" FONTSIZE="13" FONTFAMILY="Times New Roman" FONTSTYLE="italics"/>
		<TextStyle ID="TXT_5" FONTSIZE="10" FONTFAMILY="Times New Roman" FONTSTYLE="bold"/>
		<TextStyle ID="TXT_6" FONTSIZE="7" FONTFAMILY="Times New Roman" FONTSTYLE="bold"/>
		<TextStyle ID="TXT_7" FONTSIZE="7" FONTFAMILY="Times New Roman"/>
		<ParagraphStyle ID="PAR_RIGHT" ALIGN="Right"/>
		<ParagraphStyle ID="PAR_LEFT" ALIGN="Left"/>
		<ParagraphStyle ID="PAR_BLOCK" ALIGN="Block"/>
	</Styles>
	<Layout>
		<Page ID="P15" PHYSICAL_IMG_NR="15" HEIGHT="4048" WIDTH="2733" PRINTED_IMG_NR="175" PC="0.830">
			<TopMargin ID="P15_TM00001" HPOS="0" VPOS="0" WIDTH="2733" HEIGHT="236">
				<TextBlock ID="P15_TB00001" HPOS="2073" VPOS="204" WIDTH="59" HEIGHT="29" STYLEREFS="TXT_0 PAR_RIGHT">
					<TextLine ID="P15_TL00001" HPOS="2073" VPOS="205" WIDTH="59" HEIGHT="28">
						<String ID="P15_ST00001" HPOS="2073" VPOS="205" WIDTH="59" HEIGHT="28" CONTENT="175" WC="0.21" CC="877"/>
					</TextLine>
				</TextBlock>
			</TopMargin>
			<LeftMargin ID="P15_LM00001" HPOS="0" VPOS="236" WIDTH="135" HEIGHT="3587"/>
			<RightMargin ID="P15_RM00001" HPOS="2574" VPOS="236" WIDTH="159" HEIGHT="3587"/>
			<BottomMargin ID="P15_BM00001" HPOS="0" VPOS="3823" WIDTH="2733" HEIGHT="225"/>
			<PrintSpace ID="P15_PS00001" HPOS="135" VPOS="236" WIDTH="2439" HEIGHT="3587">
				<TextBlock ID="P15_TB00002" HPOS="161" VPOS="258" WIDTH="1973" HEIGHT="77" STYLEREFS="TXT_1 PAR_LEFT">
					<TextLine ID="P15_TL00002" HPOS="161" VPOS="258" WIDTH="1973" HEIGHT="74">
						<String ID="P15_ST00002" HPOS="161" VPOS="264" WIDTH="302" HEIGHT="68" CONTENT="THE" WC="0.94" CC="446"/>
						<SP ID="P15_SP00001" HPOS="463" VPOS="332" WIDTH="142"/>
						<String ID="P15_ST00003" HPOS="605" VPOS="259" WIDTH="627" HEIGHT="71" CONTENT="BERLIN" WC="0.98" CC="455400"/>
						<SP ID="P15_SP00002" HPOS="1232" VPOS="332" WIDTH="130"/>
						<String ID="P15_ST00004" HPOS="1362" VPOS="258" WIDTH="772" HEIGHT="72" CONTENT="THEATRE" WC="0.97" CC="3864695"/>
					</TextLine>
				</TextBlock>
				<TextBlock ID="P15_TB00003" HPOS="165" VPOS="351" WIDTH="1529" HEIGHT="78" STYLEREFS="TXT_2 PAR_LEFT">
					<TextLine ID="P15_TL00003" HPOS="166" VPOS="352" WIDTH="1504" HEIGHT="77">
						<String ID="P15_ST00005" HPOS="166" VPOS="361" WIDTH="159" HEIGHT="68" CONTENT="by" WC="0.30" CC="76"/>
						<SP ID="P15_SP00003" HPOS="325" VPOS="429" WIDTH="125"/>
						<String ID="P15_ST00006" HPOS="450" VPOS="352" WIDTH="384" HEIGHT="72" CONTENT="John" WC="0.94" CC="6776"/>
						<SP ID="P15_SP00004" HPOS="834" VPOS="429" WIDTH="133"/>
						<String ID="P15_ST00007" HPOS="967" VPOS="352" WIDTH="703" HEIGHT="65" CONTENT="Balance" WC="0.97" CC="6767862"/>
					</TextLine>
				</TextBlock>
				<TextBlock ID="P15_TB00004" HPOS="796" VPOS="486" WIDTH="1340" HEIGHT="724" STYLEREFS="TXT_0 PAR_BLOCK">
					<TextLine ID="P15_TL00004" HPOS="799" VPOS="487" WIDTH="1336" HEIGHT="37">
						<String ID="P15_ST00008" HPOS="799" VPOS="489" WIDTH="110" HEIGHT="35" CONTENT="great" WC="0.95" CC="77596"/>
						<SP ID="P15_SP00005" HPOS="909" VPOS="524" WIDTH="36"/>
						<String ID="P15_ST00009" HPOS="945" VPOS="495" WIDTH="143" HEIGHT="29" CONTENT="energy" WC="0.96" CC="889990"/>
						<SP ID="P15_SP00006" HPOS="1088" VPOS="524" WIDTH="37"/>
						<String ID="P15_ST00010" HPOS="1125" VPOS="488" WIDTH="276" HEIGHT="31" CONTENT="characterises" WC="0.98" CC="4998986498886"/>
						<SP ID="P15_SP00007" HPOS="1401" VPOS="524" WIDTH="28"/>
						<String ID="P15_ST00011" HPOS="1429" VPOS="490" WIDTH="66" HEIGHT="29" CONTENT="the" WC="0.93" CC="476"/>
						<SP ID="P15_SP00008" HPOS="1495" VPOS="524" WIDTH="32"/>
						<String ID="P15_ST00012" HPOS="1527" VPOS="489" WIDTH="126" HEIGHT="30" CONTENT="Berlin" WC="0.96" CC="668877"/>
						<SP ID="P15_SP00009" HPOS="1653" VPOS="524" WIDTH="37"/>
						<String ID="P15_ST00013" HPOS="1690" VPOS="489" WIDTH="176" HEIGHT="30" CONTENT="Theatre." WC="0.97" CC="69645744"/>
						<SP ID="P15_SP00010" HPOS="1866" VPOS="524" WIDTH="43"/>
						<String ID="P15_ST00014" HPOS="1909" VPOS="487" WIDTH="87" HEIGHT="31" CONTENT="This" WC="0.97" CC="6710"/>
						<SP ID="P15_SP00011" HPOS="1996" VPOS="524" WIDTH="29"/>
						<String ID="P15_ST00015" HPOS="2025" VPOS="488" WIDTH="31" HEIGHT="29" CONTENT="is" WC="0.82" CC="30"/>
						<SP ID="P15_SP00012" HPOS="2056" VPOS="524" WIDTH="29"/>
						<String ID="P15_ST00016" HPOS="2085" VPOS="487" WIDTH="50" HEIGHT="30" CONTENT="its" WC="0.93" CC="846"/>
					</TextLine>
					<TextLine ID="P15_TL00005" HPOS="799" VPOS="550" WIDTH="1337" HEIGHT="37">
						<String ID="P15_ST00017" HPOS="799" VPOS="551" WIDTH="84" HEIGHT="29" CONTENT="best" WC="0.95" CC="8057"/>
						<SP ID="P15_SP00013" HPOS="883" VPOS="580" WIDTH="36"/>
						<String ID="P15_ST00018" HPOS="919" VPOS="550" WIDTH="157" HEIGHT="37" CONTENT="quality." WC="0.99" CC="08602206"/>
						<SP ID="P15_SP00014" HPOS="1076" VPOS="587" WIDTH="33"/>
						<String ID="P15_ST00019" HPOS="1109" VPOS="551" WIDTH="109" HEIGHT="29" CONTENT="Some" WC="0.95" CC="6583"/>
						<SP ID="P15_SP00015" HPOS="1218" VPOS="587" WIDTH="32"/>
						<String ID="P15_ST00020" HPOS="1250" VPOS="550" WIDTH="38" HEIGHT="30" CONTENT="of" WC="0.23" CC="77"/>
						<SP ID="P15_SP00016" HPOS="1288" VPOS="587" WIDTH="34"/>
						<String ID="P15_ST00021" HPOS="1322" VPOS="551" WIDTH="66" HEIGHT="29" CONTENT="the" WC="0.95" CC="273"/>
						<SP ID="P15_SP00017" HPOS="1388" VPOS="587" WIDTH="27"/>
						<String ID="P15_ST00022" HPOS="1415" VPOS="551" WIDTH="275" HEIGHT="31" CONTENT="old-fashioned" WC="0.98" CC="7898856775779"/>
						<SP ID="P15_SP00018" HPOS="1690" VPOS="587" WIDTH="27"/>
						<String ID="P15_ST00023" HPOS="1717" VPOS="552" WIDTH="172" HEIGHT="30" CONTENT="theatres" WC="0.99" CC="06560440"/>
						<SP ID="P15_SP00019" HPOS="1889" VPOS="587" WIDTH="25"/>
						<String ID="P15_ST00024" HPOS="1914" VPOS="551" WIDTH="222" HEIGHT="36" CONTENT="presenting" WC="0.98" CC="7770773077"/>
					</TextLine>
					<TextLine ID="P15_TL00006" HPOS="797" VPOS="612" WIDTH="1338" HEIGHT="38">
						<String ID="P15_ST00025" HPOS="797" VPOS="613" WIDTH="124" HEIGHT="35" CONTENT="pieces" WC="0.97" CC="768770"/>
						<SP ID="P15_SP00020" HPOS="921" VPOS="648" WIDTH="36"/>
						<String ID="P15_ST00026" HPOS="957" VPOS="613" WIDTH="39" HEIGHT="28" CONTENT="in" WC="0.23" CC="77"/>
						<SP ID="P15_SP00021" HPOS="996" VPOS="648" WIDTH="37"/>
						<String ID="P15_ST00027" HPOS="1033" VPOS="612" WIDTH="65" HEIGHT="29" CONTENT="the" WC="0.95" CC="076"/>
						<SP ID="P15_SP00022" HPOS="1098" VPOS="648" WIDTH="33"/>
						<String ID="P15_ST00028" HPOS="1131" VPOS="612" WIDTH="223" HEIGHT="30" CONTENT="traditional" WC="0.98" CC="99976727708"/>
						<SP ID="P15_SP00023" HPOS="1354" VPOS="648" WIDTH="31"/>
						<String ID="P15_ST00029" HPOS="1385" VPOS="622" WIDTH="160" HEIGHT="21" CONTENT="manner" WC="0.96" CC="777767"/>
						<SP ID="P15_SP00024" HPOS="1545" VPOS="648" WIDTH="30"/>
						<String ID="P15_ST00030" HPOS="1575" VPOS="622" WIDTH="65" HEIGHT="21" CONTENT="are" WC="0.91" CC="697"/>
						<SP ID="P15_SP00025" HPOS="1640" VPOS="648" WIDTH="31"/>
						<String ID="P15_ST00031" HPOS="1671" VPOS="615" WIDTH="111" HEIGHT="35" CONTENT="good." WC="0.95" CC="96674"/>
						<SP ID="P15_SP00026" HPOS="1782" VPOS="650" WIDTH="31"/>
						<String ID="P15_ST00032" HPOS="1813" VPOS="613" WIDTH="117" HEIGHT="30" CONTENT="These" WC="0.97" CC="07646"/>
						<SP ID="P15_SP00027" HPOS="1930" VPOS="650" WIDTH="33"/>
						<String ID="P15_ST00033" HPOS="1963" VPOS="613" WIDTH="172" HEIGHT="29" CONTENT="theatres" WC="0.98" CC="07670073"/>
					</TextLine>
					<TextLine ID="P15_TL00007" HPOS="799" VPOS="673" WIDTH="1336" HEIGHT="40">
						<String ID="P15_ST00034" HPOS="799" VPOS="674" WIDTH="143" HEIGHT="30" CONTENT="believe" WC="0.97" CC="7782666"/>
						<SP ID="P15_SP00028" HPOS="942" VPOS="704" WIDTH="24"/>
						<String ID="P15_ST00035" HPOS="966" VPOS="675" WIDTH="37" HEIGHT="28" CONTENT="in" WC="0.25" CC="68"/>
						<SP ID="P15_SP00029" HPOS="1003" VPOS="704" WIDTH="24"/>
						<String ID="P15_ST00036" HPOS="1027" VPOS="674" WIDTH="66" HEIGHT="29" CONTENT="the" WC="0.91" CC="696"/>
						<SP ID="P15_SP00030" HPOS="1093" VPOS="704" WIDTH="25"/>
						<String ID="P15_ST00037" HPOS="1118" VPOS="673" WIDTH="274" HEIGHT="31" CONTENT="old-fashioned" WC="0.98" CC="7872863756787"/>
						<SP ID="P15_SP00031" HPOS="1392" VPOS="704" WIDTH="25"/>
						<String ID="P15_ST00038" HPOS="1417" VPOS="684" WIDTH="82" HEIGHT="28" CONTENT="way" WC="0.95" CC="490"/>
						<SP ID="P15_SP00032" HPOS="1499" VPOS="712" WIDTH="23"/>
						<String ID="P15_ST00039" HPOS="1522" VPOS="675" WIDTH="37" HEIGHT="30" CONTENT="of" WC="0.27" CC="77"/>
						<SP ID="P15_SP00033" HPOS="1559" VPOS="712" WIDTH="23"/>
						<String ID="P15_ST00040" HPOS="1582" VPOS="677" WIDTH="139" HEIGHT="36" CONTENT="acting," WC="0.97" CC="9631874"/>
						<SP ID="P15_SP00034" HPOS="1721" VPOS="713" WIDTH="24"/>
						<String ID="P15_ST00041" HPOS="1745" VPOS="676" WIDTH="85" HEIGHT="30" CONTENT="that" WC="0.95" CC="0798"/>
						<SP ID="P15_SP00035" HPOS="1830" VPOS="713" WIDTH="22"/>
						<String ID="P15_ST00042" HPOS="1852" VPOS="677" WIDTH="31" HEIGHT="29" CONTENT="is" WC="0.73" CC="50"/>
						<SP ID="P15_SP00036" HPOS="1883" VPOS="713" WIDTH="23"/>
						<String ID="P15_ST00043" HPOS="1906" VPOS="677" WIDTH="40" HEIGHT="28" CONTENT="to" WC="0.28" CC="67"/>
						<SP ID="P15_SP00037" HPOS="1946" VPOS="713" WIDTH="22"/>
						<String ID="P15_ST00044" HPOS="1968" VPOS="683" WIDTH="79" HEIGHT="28" CONTENT="say," WC="0.99" CC="5001"/>
						<SP ID="P15_SP00038" HPOS="2047" VPOS="713" WIDTH="22"/>
						<String ID="P15_ST00045" HPOS="2069" VPOS="675" WIDTH="66" HEIGHT="29" CONTENT="the" WC="0.94" CC="096"/>
					</TextLine>
					<TextLine ID="P15_TL00008" HPOS="798" VPOS="735" WIDTH="1338" HEIGHT="40">
						<String ID="P15_ST00046" HPOS="798" VPOS="737" WIDTH="125" HEIGHT="28" CONTENT="actors" WC="0.96" CC="669084"/>
						<SP ID="P15_SP00039" HPOS="923" VPOS="765" WIDTH="24"/>
						<String ID="P15_ST00047" HPOS="947" VPOS="735" WIDTH="143" HEIGHT="31" CONTENT="deliver" WC="0.97" CC="5681667"/>
						<SP ID="P15_SP00040" HPOS="1090" VPOS="766" WIDTH="15"/>
						<String ID="P15_ST00048" HPOS="1105" VPOS="737" WIDTH="103" HEIGHT="29" CONTENT="their" WC="0.95" CC="77777"/>
						<SP ID="P15_SP00041" HPOS="1208" VPOS="766" WIDTH="16"/>
						<String ID="P15_ST00049" HPOS="1224" VPOS="735" WIDTH="95" HEIGHT="31" CONTENT="lines" WC="0.95" CC="87776"/>
						<SP ID="P15_SP00042" HPOS="1319" VPOS="766" WIDTH="17"/>
						<String ID="P15_ST00050" HPOS="1336" VPOS="737" WIDTH="334" HEIGHT="37" CONTENT="grandiloquently" WC="0.99" CC="796873876867500"/>
						<SP ID="P15_SP00043" HPOS="1670" VPOS="774" WIDTH="22"/>
						<String ID="P15_ST00051" HPOS="1692" VPOS="746" WIDTH="42" HEIGHT="21" CONTENT="or" WC="0.46" CC="73"/>
						<SP ID="P15_SP00044" HPOS="1734" VPOS="774" WIDTH="22"/>
						<String ID="P15_ST00052" HPOS="1756" VPOS="737" WIDTH="148" HEIGHT="38" CONTENT="simply," WC="0.98" CC="4879004"/>
						<SP ID="P15_SP00045" HPOS="1904" VPOS="775" WIDTH="24"/>
						<String ID="P15_ST00053" HPOS="1928" VPOS="739" WIDTH="68" HEIGHT="29" CONTENT="but" WC="0.92" CC="777"/>
						<SP ID="P15_SP00046" HPOS="1996" VPOS="775" WIDTH="24"/>
						<String ID="P15_ST00054" HPOS="2020" VPOS="744" WIDTH="116" HEIGHT="23" CONTENT="never" WC="0.96" CC="76077"/>
					</TextLine>
					<TextLine ID="P15_TL00009" HPOS="799" VPOS="798" WIDTH="1336" HEIGHT="38">
						<String ID="P15_ST00055" HPOS="799" VPOS="798" WIDTH="310" HEIGHT="37" CONTENT="insigniflcently." WC="0.44" CC="3711794874675804"/>
						<SP ID="P15_SP00047" HPOS="1109" VPOS="835" WIDTH="45"/>
						<String ID="P15_ST00056" HPOS="1154" VPOS="798" WIDTH="113" HEIGHT="30" CONTENT="Their" WC="0.95" CC="87459"/>
						<SP ID="P15_SP00048" HPOS="1267" VPOS="835" WIDTH="22"/>
						<String ID="P15_ST00057" HPOS="1289" VPOS="807" WIDTH="159" HEIGHT="29" CONTENT="scenery" WC="0.98" CC="0367780"/>
						<SP ID="P15_SP00049" HPOS="1448" VPOS="836" WIDTH="23"/>
						<String ID="P15_ST00058" HPOS="1471" VPOS="800" WIDTH="31" HEIGHT="29" CONTENT="is" WC="0.93" CC="01"/>
						<SP ID="P15_SP00050" HPOS="1502" VPOS="836" WIDTH="24"/>
						<String ID="P15_ST00059" HPOS="1526" VPOS="801" WIDTH="202" HEIGHT="35" CONTENT="grandiose" WC="0.97" CC="794976764"/>
						<SP ID="P15_SP00051" HPOS="1728" VPOS="836" WIDTH="16"/>
						<String ID="P15_ST00060" HPOS="1744" VPOS="801" WIDTH="73" HEIGHT="29" CONTENT="and" WC="0.90" CC="996"/>
						<SP ID="P15_SP00052" HPOS="1817" VPOS="836" WIDTH="19"/>
						<String ID="P15_ST00061" HPOS="1836" VPOS="800" WIDTH="104" HEIGHT="30" CONTENT="often" WC="0.96" CC="77257"/>
						<SP ID="P15_SP00053" HPOS="1940" VPOS="836" WIDTH="17"/>
						<String ID="P15_ST00062" HPOS="1957" VPOS="800" WIDTH="178" HEIGHT="30" CONTENT="succeeds" WC="0.98" CC="57046677"/>
					</TextLine>
					<TextLine ID="P15_TL00010" HPOS="801" VPOS="860" WIDTH="1334" HEIGHT="39">
						<String ID="P15_ST00063" HPOS="801" VPOS="860" WIDTH="38" HEIGHT="29" CONTENT="in" WC="0.29" CC="67"/>
						<SP ID="P15_SP00054" HPOS="839" VPOS="889" WIDTH="31"/>
						<String ID="P15_ST00064" HPOS="870" VPOS="861" WIDTH="113" HEIGHT="36" CONTENT="being" WC="0.95" CC="96079"/>
						<SP ID="P15_SP00055" HPOS="983" VPOS="897" WIDTH="27"/>
						<String ID="P15_ST00065" HPOS="1010" VPOS="860" WIDTH="90" HEIGHT="30" CONTENT="fine." WC="0.97" CC="60064"/>
						<SP ID="P15_SP00056" HPOS="1100" VPOS="897" WIDTH="45"/>
						<String ID="P15_ST00066" HPOS="1145" VPOS="860" WIDTH="101" HEIGHT="37" CONTENT="They" WC="0.97" CC="0750"/>
						<SP ID="P15_SP00057" HPOS="1246" VPOS="897" WIDTH="24"/>
						<String ID="P15_ST00067" HPOS="1270" VPOS="860" WIDTH="142" HEIGHT="37" CONTENT="change" WC="0.95" CC="579798"/>
						<SP ID="P15_SP00058" HPOS="1412" VPOS="897" WIDTH="28"/>
						<String ID="P15_ST00068" HPOS="1440" VPOS="861" WIDTH="101" HEIGHT="30" CONTENT="their" WC="0.95" CC="57669"/>
						<SP ID="P15_SP00059" HPOS="1541" VPOS="897" WIDTH="28"/>
						<String ID="P15_ST00069" HPOS="1569" VPOS="861" WIDTH="104" HEIGHT="38" CONTENT="plays" WC="0.97" CC="78500"/>
						<SP ID="P15_SP00060" HPOS="1673" VPOS="899" WIDTH="29"/>
						<String ID="P15_ST00070" HPOS="1702" VPOS="870" WIDTH="90" HEIGHT="29" CONTENT="very" WC="0.97" CC="0760"/>
						<SP ID="P15_SP00061" HPOS="1792" VPOS="899" WIDTH="23"/>
						<String ID="P15_ST00071" HPOS="1815" VPOS="862" WIDTH="105" HEIGHT="30" CONTENT="often" WC="0.95" CC="75967"/>
						<SP ID="P15_SP00062" HPOS="1920" VPOS="899" WIDTH="28"/>
						<String ID="P15_ST00072" HPOS="1948" VPOS="862" WIDTH="72" HEIGHT="30" CONTENT="and" WC="0.93" CC="279"/>
						<SP ID="P15_SP00063" HPOS="2020" VPOS="899" WIDTH="25"/>
						<String ID="P15_ST00073" HPOS="2045" VPOS="862" WIDTH="90" HEIGHT="36" CONTENT="they" WC="0.94" CC="6369"/>
					</TextLine>
					<TextLine ID="P15_TL00011" HPOS="800" VPOS="923" WIDTH="1334" HEIGHT="37">
						<String ID="P15_ST00074" HPOS="800" VPOS="925" WIDTH="156" HEIGHT="35" CONTENT="present" WC="0.98" CC="0922577"/>
						<SP ID="P15_SP00064" HPOS="956" VPOS="960" WIDTH="21"/>
						<String ID="P15_ST00075" HPOS="977" VPOS="923" WIDTH="109" HEIGHT="31" CONTENT="those" WC="0.95" CC="67767"/>
						<SP ID="P15_SP00065" HPOS="1086" VPOS="960" WIDTH="27"/>
						<String ID="P15_ST00076" HPOS="1113" VPOS="923" WIDTH="104" HEIGHT="37" CONTENT="plays" WC="0.96" CC="68705"/>
						<SP ID="P15_SP00066" HPOS="1217" VPOS="960" WIDTH="30"/>
						<String ID="P15_ST00077" HPOS="1247" VPOS="925" WIDTH="38" HEIGHT="28" CONTENT="in" WC="0.63" CC="07"/>
						<SP ID="P15_SP00067" HPOS="1285" VPOS="960" WIDTH="31"/>
						<String ID="P15_ST00078" HPOS="1316" VPOS="932" WIDTH="21" HEIGHT="21" CONTENT="a" WC="0.41" CC="5"/>
						<SP ID="P15_SP00068" HPOS="1337" VPOS="960" WIDTH="30"/>
						<String ID="P15_ST00079" HPOS="1367" VPOS="931" WIDTH="104" HEIGHT="23" CONTENT="more" WC="0.95" CC="4675"/>
						<SP ID="P15_SP00069" HPOS="1471" VPOS="960" WIDTH="28"/>
						<String ID="P15_ST00080" HPOS="1499" VPOS="932" WIDTH="42" HEIGHT="21" CONTENT="or" WC="0.20" CC="69"/>
						<SP ID="P15_SP00070" HPOS="1541" VPOS="960" WIDTH="24"/>
						<String ID="P15_ST00081" HPOS="1565" VPOS="926" WIDTH="74" HEIGHT="28" CONTENT="less" WC="0.96" CC="7750"/>
						<SP ID="P15_SP00071" HPOS="1639" VPOS="960" WIDTH="17"/>
						<String ID="P15_ST00082" HPOS="1656" VPOS="924" WIDTH="253" HEIGHT="30" CONTENT="unmutilated" WC="0.46" CC="78670806731"/>
						<SP ID="P15_SP00072" HPOS="1909" VPOS="960" WIDTH="19"/>
						<String ID="P15_ST00083" HPOS="1928" VPOS="925" WIDTH="206" HEIGHT="29" CONTENT="condition." WC="0.98" CC="6778700687"/>
					</TextLine>
					<TextLine ID="P15_TL00012" HPOS="801" VPOS="985" WIDTH="1335" HEIGHT="39">
						<String ID="P15_ST00084" HPOS="801" VPOS="985" WIDTH="75" HEIGHT="30" CONTENT="The" WC="0.95" CC="076"/>
						<SP ID="P15_SP00073" HPOS="876" VPOS="1015" WIDTH="24"/>
						<String ID="P15_ST00085" HPOS="900" VPOS="986" WIDTH="207" HEIGHT="36" CONTENT="Meiningin" WC="0.31" CC="475777938"/>
						<SP ID="P15_SP00074" HPOS="1107" VPOS="1022" WIDTH="24"/>
						<String ID="P15_ST00086" HPOS="1131" VPOS="986" WIDTH="152" HEIGHT="29" CONTENT="theatre" WC="0.97" CC="6669061"/>
						<SP ID="P15_SP00075" HPOS="1283" VPOS="1022" WIDTH="23"/>
						<String ID="P15_ST00087" HPOS="1306" VPOS="986" WIDTH="138" HEIGHT="36" CONTENT="taught" WC="0.95" CC="777979"/>
						<SP ID="P15_SP00076" HPOS="1444" VPOS="1022" WIDTH="22"/>
						<String ID="P15_ST00088" HPOS="1466" VPOS="986" WIDTH="102" HEIGHT="29" CONTENT="them" WC="0.95" CC="2776"/>
						<SP ID="P15_SP00077" HPOS="1568" VPOS="1022" WIDTH="19"/>
						<String ID="P15_ST00089" HPOS="1587" VPOS="987" WIDTH="111" HEIGHT="28" CONTENT="much" WC="0.93" CC="8887"/>
						<SP ID="P15_SP00078" HPOS="1698" VPOS="1022" WIDTH="16"/>
						<String ID="P15_ST00090" HPOS="1714" VPOS="987" WIDTH="121" HEIGHT="28" CONTENT="which" WC="0.97" CC="16377"/>
						<SP ID="P15_SP00079" HPOS="1835" VPOS="1022" WIDTH="13"/>
						<String ID="P15_ST00091" HPOS="1848" VPOS="987" WIDTH="92" HEIGHT="37" CONTENT="they" WC="0.96" CC="0609"/>
						<SP ID="P15_SP00080" HPOS="1940" VPOS="1024" WIDTH="16"/>
						<String ID="P15_ST00092" HPOS="1956" VPOS="987" WIDTH="94" HEIGHT="30" CONTENT="have" WC="0.95" CC="7905"/>
						<SP ID="P15_SP00081" HPOS="2050" VPOS="1024" WIDTH="18"/>
						<String ID="P15_ST00093" HPOS="2068" VPOS="987" WIDTH="68" HEIGHT="28" CONTENT="not" WC="0.90" CC="978"/>
					</TextLine>
					<TextLine ID="P15_TL00013" HPOS="800" VPOS="1047" WIDTH="1335" HEIGHT="38">
						<String ID="P15_ST00094" HPOS="800" VPOS="1047" WIDTH="208" HEIGHT="37" CONTENT="forgotten." WC="0.98" CC="8677745570"/>
						<SP ID="P15_SP00082" HPOS="1008" VPOS="1084" WIDTH="14"/>
						<String ID="P15_ST00095" HPOS="1022" VPOS="1049" WIDTH="54" HEIGHT="29" CONTENT="On" WC="0.19" CC="78"/>
						<SP ID="P15_SP00083" HPOS="1076" VPOS="1084" WIDTH="14"/>
						<String ID="P15_ST00096" HPOS="1090" VPOS="1048" WIDTH="64" HEIGHT="31" CONTENT="the" WC="0.92" CC="775"/>
						<SP ID="P15_SP00084" HPOS="1154" VPOS="1084" WIDTH="15"/>
						<String ID="P15_ST00097" HPOS="1169" VPOS="1049" WIDTH="110" HEIGHT="29" CONTENT="other" WC="0.95" CC="74967"/>
						<SP ID="P15_SP00085" HPOS="1279" VPOS="1084" WIDTH="12"/>
						<String ID="P15_ST00098" HPOS="1291" VPOS="1049" WIDTH="98" HEIGHT="29" CONTENT="hand" WC="0.93" CC="7779"/>
						<SP ID="P15_SP00086" HPOS="1389" VPOS="1084" WIDTH="14"/>
						<String ID="P15_ST00099" HPOS="1403" VPOS="1049" WIDTH="109" HEIGHT="29" CONTENT="there" WC="0.95" CC="77676"/>
						<SP ID="P15_SP00087" HPOS="1512" VPOS="1084" WIDTH="14"/>
						<String ID="P15_ST00100" HPOS="1526" VPOS="1049" WIDTH="66" HEIGHT="30" CONTENT="has" WC="0.93" CC="971"/>
						<SP ID="P15_SP00088" HPOS="1592" VPOS="1084" WIDTH="13"/>
						<String ID="P15_ST00101" HPOS="1605" VPOS="1056" WIDTH="143" HEIGHT="29" CONTENT="sprung" WC="0.96" CC="398779"/>
						<SP ID="P15_SP00089" HPOS="1748" VPOS="1085" WIDTH="13"/>
						<String ID="P15_ST00102" HPOS="1761" VPOS="1056" WIDTH="49" HEIGHT="29" CONTENT="up" WC="0.13" CC="97"/>
						<SP ID="P15_SP00090" HPOS="1810" VPOS="1085" WIDTH="13"/>
						<String ID="P15_ST00103" HPOS="1823" VPOS="1048" WIDTH="116" HEIGHT="37" CONTENT="lately" WC="0.99" CC="010670"/>
						<SP ID="P15_SP00091" HPOS="1939" VPOS="1085" WIDTH="12"/>
						<String ID="P15_ST00104" HPOS="1951" VPOS="1057" WIDTH="20" HEIGHT="22" CONTENT="a" WC="0.67" CC="3"/>
						<SP ID="P15_SP00092" HPOS="1971" VPOS="1085" WIDTH="11"/>
						<String ID="P15_ST00105" HPOS="1982" VPOS="1049" WIDTH="153" HEIGHT="29" CONTENT="theatre" WC="0.97" CC="0774667"/>
					</TextLine>
					<TextLine ID="P15_TL00014" HPOS="799" VPOS="1111" WIDTH="1337" HEIGHT="37">
						<String ID="P15_ST00106" HPOS="799" VPOS="1111" WIDTH="121" HEIGHT="30" CONTENT="which" WC="0.96" CC="07487"/>
						<SP ID="P15_SP00093" HPOS="920" VPOS="1141" WIDTH="17"/>
						<String ID="P15_ST00107" HPOS="937" VPOS="1112" WIDTH="31" HEIGHT="29" CONTENT="is" WC="0.83" CC="20"/>
						<SP ID="P15_SP00094" HPOS="968" VPOS="1141" WIDTH="17"/>
						<String ID="P15_ST00108" HPOS="985" VPOS="1111" WIDTH="116" HEIGHT="30" CONTENT="called" WC="0.96" CC="698757"/>
						<SP ID="P15_SP00095" HPOS="1101" VPOS="1141" WIDTH="18"/>
						<String ID="P15_ST00109" HPOS="1119" VPOS="1113" WIDTH="66" HEIGHT="28" CONTENT="the" WC="0.92" CC="776"/>
						<SP ID="P15_SP00096" HPOS="1185" VPOS="1141" WIDTH="17"/>
						<String ID="P15_ST00110" HPOS="1202" VPOS="1111" WIDTH="190" HEIGHT="31" CONTENT="Moderne" WC="0.31" CC="4766787" STYLEREFS="TXT_3"/>
						<SP ID="P15_SP00097" HPOS="1392" VPOS="1142" WIDTH="15"/>
						<String ID="P15_ST00111" HPOS="1407" VPOS="1112" WIDTH="164" HEIGHT="36" CONTENT="theatre," WC="0.98" CC="09697660"/>
						<SP ID="P15_SP00098" HPOS="1571" VPOS="1148" WIDTH="18"/>
						<String ID="P15_ST00112" HPOS="1589" VPOS="1120" WIDTH="20" HEIGHT="21" CONTENT="a" WC="0.34" CC="6"/>
						<SP ID="P15_SP00099" HPOS="1609" VPOS="1148" WIDTH="17"/>
						<String ID="P15_ST00113" HPOS="1626" VPOS="1111" WIDTH="88" HEIGHT="30" CONTENT="kind" WC="0.95" CC="7076"/>
						<SP ID="P15_SP00100" HPOS="1714" VPOS="1148" WIDTH="19"/>
						<String ID="P15_ST00114" HPOS="1733" VPOS="1111" WIDTH="37" HEIGHT="30" CONTENT="of" WC="0.27" CC="68"/>
						<SP ID="P15_SP00101" HPOS="1770" VPOS="1148" WIDTH="23"/>
						<String ID="P15_ST00115" HPOS="1793" VPOS="1112" WIDTH="215" HEIGHT="34" CONTENT="up-to-date" WC="0.98" CC="9926326505"/>
						<SP ID="P15_SP00102" HPOS="2008" VPOS="1148" WIDTH="17"/>
						<String ID="P15_ST00116" HPOS="2025" VPOS="1111" WIDTH="111" HEIGHT="30" CONTENT="affair" WC="0.98" CC="077019"/>
					</TextLine>
					<TextLine ID="P15_TL00015" HPOS="797" VPOS="1173" WIDTH="1339" HEIGHT="37">
						<String ID="P15_ST00117" HPOS="797" VPOS="1174" WIDTH="122" HEIGHT="29" CONTENT="which" WC="0.96" CC="99067"/>
						<SP ID="P15_SP00103" HPOS="919" VPOS="1203" WIDTH="24"/>
						<String ID="P15_ST00118" HPOS="943" VPOS="1175" WIDTH="179" HEIGHT="29" CONTENT="succeeds" WC="0.98" CC="69566470"/>
						<SP ID="P15_SP00104" HPOS="1122" VPOS="1204" WIDTH="23"/>
						<String ID="P15_ST00119" HPOS="1145" VPOS="1175" WIDTH="37" HEIGHT="28" CONTENT="in" WC="0.30" CC="67"/>
						<SP ID="P15_SP00105" HPOS="1182" VPOS="1204" WIDTH="26"/>
						<String ID="P15_ST00120" HPOS="1208" VPOS="1175" WIDTH="111" HEIGHT="35" CONTENT="being" WC="0.95" CC="76589"/>
						<SP ID="P15_SP00106" HPOS="1319" VPOS="1210" WIDTH="24"/>
						<String ID="P15_ST00121" HPOS="1343" VPOS="1182" WIDTH="48" HEIGHT="28" CONTENT="up" WC="0.13" CC="79"/>
						<SP ID="P15_SP00107" HPOS="1391" VPOS="1210" WIDTH="24"/>
						<String ID="P15_ST00122" HPOS="1415" VPOS="1175" WIDTH="39" HEIGHT="29" CONTENT="to" WC="0.69" CC="06"/>
						<SP ID="P15_SP00108" HPOS="1454" VPOS="1210" WIDTH="29"/>
						<String ID="P15_ST00123" HPOS="1483" VPOS="1175" WIDTH="87" HEIGHT="28" CONTENT="date" WC="0.97" CC="6017"/>
						<SP ID="P15_SP00109" HPOS="1570" VPOS="1210" WIDTH="31"/>
						<String ID="P15_ST00124" HPOS="1601" VPOS="1175" WIDTH="71" HEIGHT="28" CONTENT="and" WC="0.94" CC="906"/>
						<SP ID="P15_SP00110" HPOS="1672" VPOS="1210" WIDTH="19"/>
						<String ID="P15_ST00125" HPOS="1691" VPOS="1181" WIDTH="91" HEIGHT="29" CONTENT="very" WC="0.95" CC="9670"/>
						<SP ID="P15_SP00111" HPOS="1782" VPOS="1210" WIDTH="17"/>
						<String ID="P15_ST00126" HPOS="1799" VPOS="1173" WIDTH="100" HEIGHT="30" CONTENT="little" WC="0.96" CC="785383"/>
						<SP ID="P15_SP00112" HPOS="1899" VPOS="1210" WIDTH="17"/>
						<String ID="P15_ST00127" HPOS="1916" VPOS="1173" WIDTH="89" HEIGHT="30" CONTENT="else." WC="0.97" CC="78054"/>
						<SP ID="P15_SP00113" HPOS="2005" VPOS="1210" WIDTH="45"/>
						<String ID="P15_ST00128" HPOS="2050" VPOS="1173" WIDTH="86" HEIGHT="30" CONTENT="This" WC="0.96" CC="0686"/>
					</TextLine>
				</TextBlock>
				<TextBlock ID="P15_TB00005" HPOS="2201" VPOS="1104" WIDTH="364" HEIGHT="74" STYLEREFS="TXT_4 PAR_LEFT">
					<TextLine ID="P15_TL00016" HPOS="2202" VPOS="1104" WIDTH="363" HEIGHT="32">
						<String ID="P15_ST00129" HPOS="2202" VPOS="1106" WIDTH="82" HEIGHT="30" CONTENT="The" WC="0.95" CC="930"/>
						<SP ID="P15_SP00114" HPOS="2284" VPOS="1136" WIDTH="17"/>
						<String ID="P15_ST00130" HPOS="2301" VPOS="1108" WIDTH="22" HEIGHT="15" CONTENT="&lt;s" STYLE="superscript" WC="0.41" CC="47"/>
						<SP ID="P15_SP00115" HPOS="2323" VPOS="1136" WIDTH="18"/>
						<String ID="P15_ST00131" HPOS="2341" VPOS="1104" WIDTH="191" HEIGHT="32" CONTENT="Modetne" WC="0.37" CC="5166877"/>
						<SP ID="P15_SP00116" HPOS="2532" VPOS="1136" WIDTH="14"/>
						<String ID="P15_ST00132" HPOS="2546" VPOS="1105" WIDTH="19" HEIGHT="16" CONTENT='"' WC="0.24" CC="7"/>
					</TextLine>
					<TextLine ID="P15_TL00017" HPOS="2202" VPOS="1147" WIDTH="363" HEIGHT="31">
						<String ID="P15_ST00133" HPOS="2202" VPOS="1147" WIDTH="130" HEIGHT="31" CONTENT="The" WC="0.96" CC="740"/>
						<SP ID="P15_SP00117" HPOS="2332" VPOS="1178" WIDTH="28"/>
						<String ID="P15_ST00134" HPOS="2360" VPOS="1156" WIDTH="25" HEIGHT="22" CONTENT="a" WC="0.25" CC="7"/>
						<SP ID="P15_SP00118" HPOS="2385" VPOS="1178" WIDTH="29"/>
						<String ID="P15_ST00135" HPOS="2414" VPOS="1149" WIDTH="113" HEIGHT="29" CONTENT="tie" WC="0.94" CC="357"/>
						<SP ID="P15_SP00119" HPOS="2527" VPOS="1178" WIDTH="30"/>
						<String ID="P15_ST00136" HPOS="2557" VPOS="1168" WIDTH="8" HEIGHT="8" CONTENT="," WC="0.24" CC="7"/>
					</TextLine>
				</TextBlock>
				<TextBlock ID="P15_TB00006" HPOS="160" VPOS="1232" WIDTH="1978" HEIGHT="2591" STYLEREFS="TXT_0 PAR_BLOCK">
					<TextLine ID="P15_TL00018" HPOS="160" VPOS="1233" WIDTH="1974" HEIGHT="40">
						<String ID="P15_ST00137" HPOS="160" VPOS="1234" WIDTH="152" HEIGHT="29" CONTENT="theatre" WC="0.97" CC="7769097"/>
						<SP ID="P15_SP00120" HPOS="312" VPOS="1263" WIDTH="24"/>
						<String ID="P15_ST00138" HPOS="336" VPOS="1233" WIDTH="79" HEIGHT="30" CONTENT="also" WC="0.95" CC="9804"/>
						<SP ID="P15_SP00121" HPOS="415" VPOS="1263" WIDTH="25"/>
						<String ID="P15_ST00139" HPOS="440" VPOS="1234" WIDTH="67" HEIGHT="30" CONTENT="has" WC="0.93" CC="565"/>
						<SP ID="P15_SP00122" HPOS="507" VPOS="1264" WIDTH="24"/>
						<String ID="P15_ST00140" HPOS="531" VPOS="1242" WIDTH="155" HEIGHT="29" CONTENT="energy," WC="0.96" CC="6877994"/>
						<SP ID="P15_SP00123" HPOS="686" VPOS="1271" WIDTH="24"/>
						<String ID="P15_ST00141" HPOS="710" VPOS="1236" WIDTH="73" HEIGHT="29" CONTENT="and" WC="0.91" CC="987"/>
						<SP ID="P15_SP00124" HPOS="783" VPOS="1271" WIDTH="26"/>
						<String ID="P15_ST00142" HPOS="809" VPOS="1236" WIDTH="38" HEIGHT="29" CONTENT="in" WC="0.23" CC="77"/>
						<SP ID="P15_SP00125" HPOS="847" VPOS="1271" WIDTH="24"/>
						<String ID="P15_ST00143" HPOS="871" VPOS="1244" WIDTH="40" HEIGHT="22" CONTENT="so" WC="0.35" CC="66"/>
						<SP ID="P15_SP00126" HPOS="911" VPOS="1271" WIDTH="24"/>
						<String ID="P15_ST00144" HPOS="935" VPOS="1236" WIDTH="58" HEIGHT="30" CONTENT="far" WC="0.92" CC="776"/>
						<SP ID="P15_SP00127" HPOS="993" VPOS="1271" WIDTH="23"/>
						<String ID="P15_ST00145" HPOS="1016" VPOS="1245" WIDTH="41" HEIGHT="21" CONTENT="as" WC="0.67" CC="42"/>
						<SP ID="P15_SP00128" HPOS="1057" VPOS="1271" WIDTH="29"/>
						<String ID="P15_ST00146" HPOS="1086" VPOS="1238" WIDTH="30" HEIGHT="28" CONTENT="it" WC="0.76" CC="40"/>
						<SP ID="P15_SP00129" HPOS="1116" VPOS="1271" WIDTH="26"/>
						<String ID="P15_ST00147" HPOS="1142" VPOS="1244" WIDTH="191" HEIGHT="29" CONTENT="possesses" WC="0.98" CC="763075063"/>
						<SP ID="P15_SP00130" HPOS="1333" VPOS="1273" WIDTH="25"/>
						<String ID="P15_ST00148" HPOS="1358" VPOS="1237" WIDTH="78" HEIGHT="29" CONTENT="this" WC="0.95" CC="7660"/>
						<SP ID="P15_SP00131" HPOS="1436" VPOS="1273" WIDTH="30"/>
						<String ID="P15_ST00149" HPOS="1466" VPOS="1244" WIDTH="142" HEIGHT="29" CONTENT="energy" WC="0.96" CC="796670"/>
						<SP ID="P15_SP00132" HPOS="1608" VPOS="1273" WIDTH="28"/>
						<String ID="P15_ST00150" HPOS="1636" VPOS="1237" WIDTH="31" HEIGHT="29" CONTENT="it" WC="0.53" CC="53"/>
						<SP ID="P15_SP00133" HPOS="1667" VPOS="1273" WIDTH="30"/>
						<String ID="P15_ST00151" HPOS="1697" VPOS="1236" WIDTH="176" HEIGHT="30" CONTENT="deserves" WC="0.98" CC="56040074"/>
						<SP ID="P15_SP00134" HPOS="1873" VPOS="1273" WIDTH="30"/>
						<String ID="P15_ST00152" HPOS="1903" VPOS="1235" WIDTH="231" HEIGHT="37" CONTENT="unqualified" WC="0.98" CC="77666807059"/>
					</TextLine>
					<TextLine ID="P15_TL00019" HPOS="161" VPOS="1297" WIDTH="1976" HEIGHT="39">
						<String ID="P15_ST00153" HPOS="161" VPOS="1297" WIDTH="137" HEIGHT="35" CONTENT="praise." WC="0.97" CC="8977274"/>
						<SP ID="P15_SP00135" HPOS="298" VPOS="1332" WIDTH="46"/>
						<String ID="P15_ST00154" HPOS="344" VPOS="1298" WIDTH="31" HEIGHT="28" CONTENT="It" WC="0.36" CC="84"/>
						<SP ID="P15_SP00136" HPOS="375" VPOS="1332" WIDTH="24"/>
						<String ID="P15_ST00155" HPOS="399" VPOS="1297" WIDTH="89" HEIGHT="29" CONTENT="does" WC="0.95" CC="9660"/>
						<SP ID="P15_SP00137" HPOS="488" VPOS="1332" WIDTH="24"/>
						<String ID="P15_ST00156" HPOS="512" VPOS="1299" WIDTH="68" HEIGHT="28" CONTENT="not" WC="0.92" CC="766"/>
						<SP ID="P15_SP00138" HPOS="580" VPOS="1332" WIDTH="23"/>
						<String ID="P15_ST00157" HPOS="603" VPOS="1306" WIDTH="46" HEIGHT="28" CONTENT="go" WC="0.14" CC="97"/>
						<SP ID="P15_SP00139" HPOS="649" VPOS="1334" WIDTH="25"/>
						<String ID="P15_ST00158" HPOS="674" VPOS="1299" WIDTH="39" HEIGHT="28" CONTENT="to" WC="0.34" CC="57"/>
						<SP ID="P15_SP00140" HPOS="713" VPOS="1334" WIDTH="24"/>
						<String ID="P15_ST00159" HPOS="737" VPOS="1298" WIDTH="121" HEIGHT="36" CONTENT="sleep:" WC="0.97" CC="588770"/>
						<SP ID="P15_SP00141" HPOS="858" VPOS="1334" WIDTH="24"/>
						<String ID="P15_ST00160" HPOS="882" VPOS="1299" WIDTH="32" HEIGHT="30" CONTENT="it" WC="0.68" CC="23"/>
						<SP ID="P15_SP00142" HPOS="914" VPOS="1334" WIDTH="22"/>
						<String ID="P15_ST00161" HPOS="936" VPOS="1308" WIDTH="84" HEIGHT="28" CONTENT="may" WC="0.94" CC="790"/>
						<SP ID="P15_SP00143" HPOS="1020" VPOS="1336" WIDTH="24"/>
						<String ID="P15_ST00162" HPOS="1044" VPOS="1301" WIDTH="44" HEIGHT="28" CONTENT="be" WC="0.27" CC="77"/>
						<SP ID="P15_SP00144" HPOS="1088" VPOS="1336" WIDTH="24"/>
						<String ID="P15_ST00163" HPOS="1112" VPOS="1301" WIDTH="194" HEIGHT="29" CONTENT="described" WC="0.98" CC="660575966"/>
						<SP ID="P15_SP00145" HPOS="1306" VPOS="1336" WIDTH="26"/>
						<String ID="P15_ST00164" HPOS="1332" VPOS="1308" WIDTH="40" HEIGHT="21" CONTENT="as" WC="0.67" CC="60"/>
						<SP ID="P15_SP00146" HPOS="1372" VPOS="1336" WIDTH="24"/>
						<String ID="P15_ST00165" HPOS="1396" VPOS="1308" WIDTH="19" HEIGHT="20" CONTENT="a" WC="1.00" CC="9"/>
						<SP ID="P15_SP00147" HPOS="1415" VPOS="1336" WIDTH="23"/>
						<String ID="P15_ST00166" HPOS="1438" VPOS="1298" WIDTH="246" HEIGHT="31" CONTENT="wide-awake" WC="0.98" CC="8056167666"/>
						<SP ID="P15_SP00148" HPOS="1684" VPOS="1336" WIDTH="23"/>
						<String ID="P15_ST00167" HPOS="1707" VPOS="1299" WIDTH="166" HEIGHT="29" CONTENT="theatre." WC="0.98" CC="06750954"/>
						<SP ID="P15_SP00149" HPOS="1873" VPOS="1336" WIDTH="48"/>
						<String ID="P15_ST00168" HPOS="1921" VPOS="1305" WIDTH="46" HEIGHT="25" CONTENT="&amp;" WC="1.00" CC="9"/>
						<SP ID="P15_SP00150" HPOS="1967" VPOS="1336" WIDTH="125"/>
						<String ID="P15_ST00169" HPOS="2092" VPOS="1304" WIDTH="45" HEIGHT="24" CONTENT="&amp;" WC="1.00" CC="9"/>
					</TextLine>
					<TextLine ID="P15_TL00020" HPOS="162" VPOS="1360" WIDTH="1973" HEIGHT="39">
						<String ID="P15_ST00170" HPOS="162" VPOS="1365" WIDTH="45" HEIGHT="25" CONTENT="&amp;" WC="1.00" CC="9"/>
						<SP ID="P15_SP00151" HPOS="207" VPOS="1390" WIDTH="23"/>
						<String ID="P15_ST00171" HPOS="230" VPOS="1360" WIDTH="114" HEIGHT="29" CONTENT="What" WC="0.97" CC="1615"/>
						<SP ID="P15_SP00152" HPOS="344" VPOS="1390" WIDTH="22"/>
						<String ID="P15_ST00172" HPOS="366" VPOS="1368" WIDTH="21" HEIGHT="21" CONTENT="a" WC="0.36" CC="6"/>
						<SP ID="P15_SP00153" HPOS="387" VPOS="1390" WIDTH="23"/>
						<String ID="P15_ST00173" HPOS="410" VPOS="1360" WIDTH="81" HEIGHT="36" CONTENT="pity" WC="0.97" CC="9100"/>
						<SP ID="P15_SP00154" HPOS="491" VPOS="1396" WIDTH="23"/>
						<String ID="P15_ST00174" HPOS="514" VPOS="1361" WIDTH="30" HEIGHT="28" CONTENT="it" WC="0.60" CC="25"/>
						<SP ID="P15_SP00155" HPOS="544" VPOS="1396" WIDTH="20"/>
						<String ID="P15_ST00175" HPOS="564" VPOS="1360" WIDTH="31" HEIGHT="29" CONTENT="is" WC="1.00" CC="00"/>
						<SP ID="P15_SP00156" HPOS="595" VPOS="1396" WIDTH="16"/>
						<String ID="P15_ST00176" HPOS="611" VPOS="1360" WIDTH="86" HEIGHT="30" CONTENT="that" WC="0.95" CC="6573"/>
						<SP ID="P15_SP00157" HPOS="697" VPOS="1396" WIDTH="12"/>
						<String ID="P15_ST00177" HPOS="709" VPOS="1361" WIDTH="76" HEIGHT="30" CONTENT="this" WC="0.96" CC="3670"/>
						<SP ID="P15_SP00158" HPOS="785" VPOS="1396" WIDTH="17"/>
						<String ID="P15_ST00178" HPOS="802" VPOS="1363" WIDTH="157" HEIGHT="36" CONTENT="activity" WC="0.97" CC="67799029"/>
						<SP ID="P15_SP00159" HPOS="959" VPOS="1399" WIDTH="16"/>
						<String ID="P15_ST00179" HPOS="975" VPOS="1361" WIDTH="38" HEIGHT="30" CONTENT="of" WC="0.29" CC="67"/>
						<SP ID="P15_SP00160" HPOS="1013" VPOS="1399" WIDTH="15"/>
						<String ID="P15_ST00180" HPOS="1028" VPOS="1362" WIDTH="65" HEIGHT="30" CONTENT="the" WC="0.92" CC="877"/>
						<SP ID="P15_SP00161" HPOS="1093" VPOS="1399" WIDTH="18"/>
						<String ID="P15_ST00181" HPOS="1111" VPOS="1361" WIDTH="189" HEIGHT="31" CONTENT="Moderne" WC="0.46" CC="4746076" STYLEREFS="TXT_3"/>
						<SP ID="P15_SP00162" HPOS="1300" VPOS="1399" WIDTH="16"/>
						<String ID="P15_ST00182" HPOS="1316" VPOS="1363" WIDTH="152" HEIGHT="29" CONTENT="theatre" WC="0.98" CC="0966005"/>
						<SP ID="P15_SP00163" HPOS="1468" VPOS="1399" WIDTH="17"/>
						<String ID="P15_ST00183" HPOS="1485" VPOS="1363" WIDTH="37" HEIGHT="28" CONTENT="in" WC="0.63" CC="07"/>
						<SP ID="P15_SP00164" HPOS="1522" VPOS="1399" WIDTH="20"/>
						<String ID="P15_ST00184" HPOS="1542" VPOS="1361" WIDTH="124" HEIGHT="31" CONTENT="Berlin" WC="0.97" CC="657808"/>
						<SP ID="P15_SP00165" HPOS="1666" VPOS="1399" WIDTH="18"/>
						<String ID="P15_ST00185" HPOS="1684" VPOS="1362" WIDTH="32" HEIGHT="29" CONTENT="is" WC="0.67" CC="60"/>
						<SP ID="P15_SP00166" HPOS="1716" VPOS="1399" WIDTH="17"/>
						<String ID="P15_ST00186" HPOS="1733" VPOS="1363" WIDTH="67" HEIGHT="28" CONTENT="not" WC="0.93" CC="754"/>
						<SP ID="P15_SP00167" HPOS="1800" VPOS="1399" WIDTH="15"/>
						<String ID="P15_ST00187" HPOS="1815" VPOS="1361" WIDTH="82" HEIGHT="30" CONTENT="able" WC="0.94" CC="7787"/>
						<SP ID="P15_SP00168" HPOS="1897" VPOS="1399" WIDTH="17"/>
						<String ID="P15_ST00188" HPOS="1914" VPOS="1362" WIDTH="40" HEIGHT="28" CONTENT="to" WC="0.70" CC="05"/>
						<SP ID="P15_SP00169" HPOS="1954" VPOS="1399" WIDTH="18"/>
						<String ID="P15_ST00189" HPOS="1972" VPOS="1361" WIDTH="163" HEIGHT="35" CONTENT="produce" WC="0.97" CC="8266677"/>
					</TextLine>
					<TextLine ID="P15_TL00021" HPOS="162" VPOS="1422" WIDTH="1975" HEIGHT="39">
						<String ID="P15_ST00190" HPOS="162" VPOS="1422" WIDTH="186" HEIGHT="37" CONTENT="anything" WC="0.98" CC="67045579"/>
						<SP ID="P15_SP00170" HPOS="348" VPOS="1459" WIDTH="22"/>
						<String ID="P15_ST00191" HPOS="370" VPOS="1422" WIDTH="231" HEIGHT="37" CONTENT="resembling" WC="0.97" CC="7845978599"/>
						<SP ID="P15_SP00171" HPOS="601" VPOS="1459" WIDTH="23"/>
						<String ID="P15_ST00192" HPOS="624" VPOS="1431" WIDTH="20" HEIGHT="21" CONTENT="a" WC="0.03" CC="9"/>
						<SP ID="P15_SP00172" HPOS="644" VPOS="1459" WIDTH="23"/>
						<String ID="P15_ST00193" HPOS="667" VPOS="1423" WIDTH="106" HEIGHT="30" CONTENT="work" WC="0.95" CC="0796"/>
						<SP ID="P15_SP00173" HPOS="773" VPOS="1459" WIDTH="24"/>
						<String ID="P15_ST00194" HPOS="797" VPOS="1424" WIDTH="38" HEIGHT="30" CONTENT="of" WC="0.26" CC="77"/>
						<SP ID="P15_SP00174" HPOS="835" VPOS="1459" WIDTH="22"/>
						<String ID="P15_ST00195" HPOS="857" VPOS="1426" WIDTH="78" HEIGHT="35" CONTENT="art;" WC="0.94" CC="7788"/>
						<SP ID="P15_SP00175" HPOS="935" VPOS="1461" WIDTH="22"/>
						<String ID="P15_ST00196" HPOS="957" VPOS="1424" WIDTH="60" HEIGHT="30" CONTENT="for" WC="0.91" CC="769"/>
						<SP ID="P15_SP00176" HPOS="1017" VPOS="1461" WIDTH="22"/>
						<String ID="P15_ST00197" HPOS="1039" VPOS="1425" WIDTH="66" HEIGHT="29" CONTENT="the" WC="0.93" CC="476"/>
						<SP ID="P15_SP00177" HPOS="1105" VPOS="1461" WIDTH="23"/>
						<String ID="P15_ST00198" HPOS="1128" VPOS="1426" WIDTH="110" HEIGHT="28" CONTENT="truth" WC="0.95" CC="57876"/>
						<SP ID="P15_SP00178" HPOS="1238" VPOS="1461" WIDTH="26"/>
						<String ID="P15_ST00199" HPOS="1264" VPOS="1426" WIDTH="30" HEIGHT="28" CONTENT="is" WC="0.72" CC="50"/>
						<SP ID="P15_SP00179" HPOS="1294" VPOS="1461" WIDTH="22"/>
						<String ID="P15_ST00200" HPOS="1316" VPOS="1424" WIDTH="87" HEIGHT="30" CONTENT="that" WC="0.97" CC="6600"/>
						<SP ID="P15_SP00180" HPOS="1403" VPOS="1461" WIDTH="22"/>
						<String ID="P15_ST00201" HPOS="1425" VPOS="1425" WIDTH="65" HEIGHT="29" CONTENT="the" WC="0.95" CC="076"/>
						<SP ID="P15_SP00181" HPOS="1490" VPOS="1461" WIDTH="25"/>
						<String ID="P15_ST00202" HPOS="1515" VPOS="1424" WIDTH="191" HEIGHT="30" CONTENT="Moderne" WC="0.40" CC="4849086" STYLEREFS="TXT_3"/>
						<SP ID="P15_SP00182" HPOS="1706" VPOS="1461" WIDTH="22"/>
						<String ID="P15_ST00203" HPOS="1728" VPOS="1424" WIDTH="152" HEIGHT="30" CONTENT="theatre" WC="0.96" CC="6767896"/>
						<SP ID="P15_SP00183" HPOS="1880" VPOS="1461" WIDTH="31"/>
						<String ID="P15_ST00204" HPOS="1911" VPOS="1424" WIDTH="31" HEIGHT="29" CONTENT="is" WC="0.52" CC="71"/>
						<SP ID="P15_SP00184" HPOS="1942" VPOS="1461" WIDTH="30"/>
						<String ID="P15_ST00205" HPOS="1972" VPOS="1422" WIDTH="165" HEIGHT="31" CONTENT="without" WC="0.98" CC="7240074"/>
					</TextLine>
					<TextLine ID="P15_TL00022" HPOS="163" VPOS="1485" WIDTH="1974" HEIGHT="37">
						<String ID="P15_ST00206" HPOS="163" VPOS="1486" WIDTH="110" HEIGHT="34" CONTENT="great" WC="0.94" CC="97797"/>
						<SP ID="P15_SP00185" HPOS="273" VPOS="1520" WIDTH="22"/>
						<String ID="P15_ST00207" HPOS="295" VPOS="1485" WIDTH="139" HEIGHT="35" CONTENT="actors," WC="0.97" CC="6657704"/>
						<SP ID="P15_SP00186" HPOS="434" VPOS="1520" WIDTH="22"/>
						<String ID="P15_ST00208" HPOS="456" VPOS="1485" WIDTH="164" HEIGHT="30" CONTENT="without" WC="0.98" CC="4007657"/>
						<SP ID="P15_SP00187" HPOS="620" VPOS="1520" WIDTH="23"/>
						<String ID="P15_ST00209" HPOS="643" VPOS="1485" WIDTH="103" HEIGHT="30" CONTENT="what" WC="0.96" CC="0990"/>
						<SP ID="P15_SP00188" HPOS="746" VPOS="1520" WIDTH="22"/>
						<String ID="P15_ST00210" HPOS="768" VPOS="1494" WIDTH="84" HEIGHT="28" CONTENT="may" WC="0.92" CC="777"/>
						<SP ID="P15_SP00189" HPOS="852" VPOS="1522" WIDTH="24"/>
						<String ID="P15_ST00211" HPOS="876" VPOS="1487" WIDTH="45" HEIGHT="29" CONTENT="be" WC="0.32" CC="76"/>
						<SP ID="P15_SP00190" HPOS="921" VPOS="1522" WIDTH="24"/>
						<String ID="P15_ST00212" HPOS="945" VPOS="1486" WIDTH="117" HEIGHT="30" CONTENT="called" WC="0.96" CC="768877"/>
						<SP ID="P15_SP00191" HPOS="1062" VPOS="1522" WIDTH="25"/>
						<String ID="P15_ST00213" HPOS="1087" VPOS="1488" WIDTH="225" HEIGHT="34" CONTENT="sumptuous" WC="0.98" CC="098909774"/>
						<SP ID="P15_SP00192" HPOS="1312" VPOS="1522" WIDTH="23"/>
						<String ID="P15_ST00214" HPOS="1335" VPOS="1488" WIDTH="259" HEIGHT="34" CONTENT="productions." WC="0.98" CC="996885050764"/>
						<SP ID="P15_SP00193" HPOS="1594" VPOS="1522" WIDTH="327"/>
						<String ID="P15_ST00215" HPOS="1921" VPOS="1490" WIDTH="45" HEIGHT="25" CONTENT="&amp;" WC="1.00" CC="9"/>
						<SP ID="P15_SP00194" HPOS="1966" VPOS="1522" WIDTH="126"/>
						<String ID="P15_ST00216" HPOS="2092" VPOS="1491" WIDTH="45" HEIGHT="24" CONTENT="&amp;" WC="1.00" CC="9"/>
					</TextLine>
					<TextLine ID="P15_TL00023" HPOS="162" VPOS="1547" WIDTH="1974" HEIGHT="39">
						<String ID="P15_ST00217" HPOS="162" VPOS="1552" WIDTH="44" HEIGHT="24" CONTENT="&amp;" WC="1.00" CC="9"/>
						<SP ID="P15_SP00195" HPOS="206" VPOS="1576" WIDTH="30"/>
						<String ID="P15_ST00218" HPOS="236" VPOS="1547" WIDTH="127" HEIGHT="28" CONTENT="Added" WC="0.97" CC="03665"/>
						<SP ID="P15_SP00196" HPOS="363" VPOS="1576" WIDTH="18"/>
						<String ID="P15_ST00219" HPOS="381" VPOS="1548" WIDTH="40" HEIGHT="28" CONTENT="to" WC="0.53" CC="27"/>
						<SP ID="P15_SP00197" HPOS="421" VPOS="1576" WIDTH="16"/>
						<String ID="P15_ST00220" HPOS="437" VPOS="1547" WIDTH="90" HEIGHT="37" CONTENT="this," WC="0.97" CC="17740"/>
						<SP ID="P15_SP00198" HPOS="527" VPOS="1584" WIDTH="16"/>
						<String ID="P15_ST00221" HPOS="543" VPOS="1548" WIDTH="66" HEIGHT="29" CONTENT="the" WC="0.93" CC="675"/>
						<SP ID="P15_SP00199" HPOS="609" VPOS="1584" WIDTH="17"/>
						<String ID="P15_ST00222" HPOS="626" VPOS="1547" WIDTH="191" HEIGHT="31" CONTENT="Moderne" WC="0.32" CC="5957566" STYLEREFS="TXT_3"/>
						<SP ID="P15_SP00200" HPOS="817" VPOS="1584" WIDTH="15"/>
						<String ID="P15_ST00223" HPOS="832" VPOS="1549" WIDTH="151" HEIGHT="30" CONTENT="theatre" WC="0.97" CC="0759906"/>
						<SP ID="P15_SP00201" HPOS="983" VPOS="1584" WIDTH="18"/>
						<String ID="P15_ST00224" HPOS="1001" VPOS="1549" WIDTH="30" HEIGHT="30" CONTENT="is" WC="0.80" CC="30"/>
						<SP ID="P15_SP00202" HPOS="1031" VPOS="1584" WIDTH="17"/>
						<String ID="P15_ST00225" HPOS="1048" VPOS="1550" WIDTH="186" HEIGHT="36" CONTENT="anything" WC="0.98" CC="67007099"/>
						<SP ID="P15_SP00203" HPOS="1234" VPOS="1586" WIDTH="16"/>
						<String ID="P15_ST00226" HPOS="1250" VPOS="1550" WIDTH="68" HEIGHT="29" CONTENT="but" WC="0.92" CC="776"/>
						<SP ID="P15_SP00204" HPOS="1318" VPOS="1586" WIDTH="16"/>
						<String ID="P15_ST00227" HPOS="1334" VPOS="1548" WIDTH="180" HEIGHT="38" CONTENT="original:" WC="0.97" CC="595909668"/>
						<SP ID="P15_SP00205" HPOS="1514" VPOS="1586" WIDTH="18"/>
						<String ID="P15_ST00228" HPOS="1532" VPOS="1550" WIDTH="32" HEIGHT="29" CONTENT="it" WC="1.00" CC="00"/>
						<SP ID="P15_SP00206" HPOS="1564" VPOS="1586" WIDTH="14"/>
						<String ID="P15_ST00229" HPOS="1578" VPOS="1556" WIDTH="109" HEIGHT="30" CONTENT="poses" WC="0.95" CC="99675"/>
						<SP ID="P15_SP00207" HPOS="1687" VPOS="1586" WIDTH="17"/>
						<String ID="P15_ST00230" HPOS="1704" VPOS="1556" WIDTH="39" HEIGHT="22" CONTENT="as" WC="0.62" CC="70"/>
						<SP ID="P15_SP00208" HPOS="1743" VPOS="1586" WIDTH="18"/>
						<String ID="P15_ST00231" HPOS="1761" VPOS="1549" WIDTH="112" HEIGHT="35" CONTENT="being" WC="0.95" CC="76776"/>
						<SP ID="P15_SP00209" HPOS="1873" VPOS="1586" WIDTH="16"/>
						<String ID="P15_ST00232" HPOS="1889" VPOS="1549" WIDTH="22" HEIGHT="14" CONTENT='"' WC="0.28" CC="7"/>
						<SP ID="P15_SP00210" HPOS="1911" VPOS="1586" WIDTH="15"/>
						<String ID="P15_ST00233" HPOS="1926" VPOS="1547" WIDTH="160" HEIGHT="37" CONTENT="original" WC="0.98" CC="76098570"/>
						<SP ID="P15_SP00211" HPOS="2086" VPOS="1586" WIDTH="15"/>
						<String ID="P15_ST00234" HPOS="2101" VPOS="1547" WIDTH="35" HEIGHT="30" CONTENT='".' WC="0.40" CC="47"/>
					</TextLine>
					<TextLine ID="P15_TL00024" HPOS="163" VPOS="1609" WIDTH="1974" HEIGHT="38">
						<String ID="P15_ST00235" HPOS="163" VPOS="1609" WIDTH="31" HEIGHT="28" CONTENT="It" WC="0.59" CC="80"/>
						<SP ID="P15_SP00212" HPOS="194" VPOS="1637" WIDTH="24"/>
						<String ID="P15_ST00236" HPOS="218" VPOS="1609" WIDTH="149" HEIGHT="29" CONTENT="derives" WC="0.98" CC="6780070"/>
						<SP ID="P15_SP00213" HPOS="367" VPOS="1638" WIDTH="23"/>
						<String ID="P15_ST00237" HPOS="390" VPOS="1609" WIDTH="49" HEIGHT="29" CONTENT="its" WC="0.99" CC="100"/>
						<SP ID="P15_SP00214" HPOS="439" VPOS="1638" WIDTH="23"/>
						<String ID="P15_ST00238" HPOS="462" VPOS="1609" WIDTH="104" HEIGHT="29" CONTENT="ideas" WC="0.97" CC="66621"/>
						<SP ID="P15_SP00215" HPOS="566" VPOS="1638" WIDTH="21"/>
						<String ID="P15_ST00239" HPOS="587" VPOS="1609" WIDTH="98" HEIGHT="29" CONTENT="from" WC="0.94" CC="7756"/>
						<SP ID="P15_SP00216" HPOS="685" VPOS="1638" WIDTH="24"/>
						<String ID="P15_ST00240" HPOS="709" VPOS="1609" WIDTH="151" HEIGHT="37" CONTENT="foreign" WC="0.96" CC="7993777"/>
						<SP ID="P15_SP00217" HPOS="860" VPOS="1646" WIDTH="25"/>
						<String ID="P15_ST00241" HPOS="885" VPOS="1610" WIDTH="128" HEIGHT="37" CONTENT="lands," WC="0.97" CC="877503"/>
						<SP ID="P15_SP00218" HPOS="1013" VPOS="1647" WIDTH="23"/>
						<String ID="P15_ST00242" HPOS="1036" VPOS="1612" WIDTH="31" HEIGHT="28" CONTENT="it" WC="0.88" CC="20"/>
						<SP ID="P15_SP00219" HPOS="1067" VPOS="1647" WIDTH="23"/>
						<String ID="P15_ST00243" HPOS="1090" VPOS="1610" WIDTH="128" HEIGHT="30" CONTENT="makes" WC="0.95" CC="99661"/>
						<SP ID="P15_SP00220" HPOS="1218" VPOS="1647" WIDTH="24"/>
						<String ID="P15_ST00244" HPOS="1242" VPOS="1619" WIDTH="21" HEIGHT="21" CONTENT="a" WC="0.49" CC="5"/>
						<SP ID="P15_SP00221" HPOS="1263" VPOS="1647" WIDTH="22"/>
						<String ID="P15_ST00245" HPOS="1285" VPOS="1619" WIDTH="93" HEIGHT="28" CONTENT="poor" WC="0.94" CC="9746"/>
						<SP ID="P15_SP00222" HPOS="1378" VPOS="1647" WIDTH="23"/>
						<String ID="P15_ST00246" HPOS="1401" VPOS="1619" WIDTH="92" HEIGHT="28" CONTENT="copy" WC="0.95" CC="6690"/>
						<SP ID="P15_SP00223" HPOS="1493" VPOS="1647" WIDTH="23"/>
						<String ID="P15_ST00247" HPOS="1516" VPOS="1610" WIDTH="38" HEIGHT="30" CONTENT="of" WC="0.29" CC="58"/>
						<SP ID="P15_SP00224" HPOS="1554" VPOS="1647" WIDTH="21"/>
						<String ID="P15_ST00248" HPOS="1575" VPOS="1611" WIDTH="109" HEIGHT="29" CONTENT="these" WC="0.96" CC="47666"/>
						<SP ID="P15_SP00225" HPOS="1684" VPOS="1647" WIDTH="23"/>
						<String ID="P15_ST00249" HPOS="1707" VPOS="1611" WIDTH="117" HEIGHT="36" CONTENT="ideas," WC="0.97" CC="695700"/>
						<SP ID="P15_SP00226" HPOS="1824" VPOS="1647" WIDTH="23"/>
						<String ID="P15_ST00250" HPOS="1847" VPOS="1610" WIDTH="72" HEIGHT="29" CONTENT="and" WC="0.93" CC="674"/>
						<SP ID="P15_SP00227" HPOS="1919" VPOS="1647" WIDTH="32"/>
						<String ID="P15_ST00251" HPOS="1951" VPOS="1610" WIDTH="31" HEIGHT="29" CONTENT="it" WC="0.94" CC="10"/>
						<SP ID="P15_SP00228" HPOS="1982" VPOS="1647" WIDTH="26"/>
						<String ID="P15_ST00252" HPOS="2008" VPOS="1617" WIDTH="129" HEIGHT="22" CONTENT="serves" WC="0.98" CC="066070"/>
					</TextLine>
					<TextLine ID="P15_TL00025" HPOS="161" VPOS="1670" WIDTH="1974" HEIGHT="39">
						<String ID="P15_ST00253" HPOS="161" VPOS="1670" WIDTH="109" HEIGHT="29" CONTENT="these" WC="0.96" CC="77565"/>
						<SP ID="P15_SP00229" HPOS="270" VPOS="1699" WIDTH="25"/>
						<String ID="P15_ST00254" HPOS="295" VPOS="1671" WIDTH="102" HEIGHT="28" CONTENT="ideas" WC="0.97" CC="06680"/>
						<SP ID="P15_SP00230" HPOS="397" VPOS="1699" WIDTH="25"/>
						<String ID="P15_ST00255" HPOS="422" VPOS="1678" WIDTH="48" HEIGHT="28" CONTENT="up" WC="0.07" CC="89"/>
						<SP ID="P15_SP00231" HPOS="470" VPOS="1706" WIDTH="23"/>
						<String ID="P15_ST00256" HPOS="493" VPOS="1671" WIDTH="40" HEIGHT="28" CONTENT="to" WC="0.41" CC="56"/>
						<SP ID="P15_SP00232" HPOS="533" VPOS="1706" WIDTH="23"/>
						<String ID="P15_ST00257" HPOS="556" VPOS="1671" WIDTH="66" HEIGHT="29" CONTENT="the" WC="0.95" CC="373"/>
						<SP ID="P15_SP00233" HPOS="622" VPOS="1706" WIDTH="23"/>
						<String ID="P15_ST00258" HPOS="645" VPOS="1671" WIDTH="127" HEIGHT="35" CONTENT="public" WC="0.96" CC="957806"/>
						<SP ID="P15_SP00234" HPOS="772" VPOS="1706" WIDTH="21"/>
						<String ID="P15_ST00259" HPOS="793" VPOS="1671" WIDTH="60" HEIGHT="30" CONTENT="for" WC="0.92" CC="867"/>
						<SP ID="P15_SP00235" HPOS="853" VPOS="1706" WIDTH="22"/>
						<String ID="P15_ST00260" HPOS="875" VPOS="1672" WIDTH="67" HEIGHT="29" CONTENT="the" WC="0.95" CC="068"/>
						<SP ID="P15_SP00236" HPOS="942" VPOS="1706" WIDTH="24"/>
						<String ID="P15_ST00261" HPOS="966" VPOS="1674" WIDTH="99" HEIGHT="28" CONTENT="most" WC="0.94" CC="9729"/>
						<SP ID="P15_SP00237" HPOS="1065" VPOS="1706" WIDTH="22"/>
						<String ID="P15_ST00262" HPOS="1087" VPOS="1673" WIDTH="87" HEIGHT="35" CONTENT="part" WC="0.95" CC="7853"/>
						<SP ID="P15_SP00238" HPOS="1174" VPOS="1708" WIDTH="22"/>
						<String ID="P15_ST00263" HPOS="1196" VPOS="1680" WIDTH="40" HEIGHT="22" CONTENT="as" WC="0.59" CC="80"/>
						<SP ID="P15_SP00239" HPOS="1236" VPOS="1708" WIDTH="22"/>
						<String ID="P15_ST00264" HPOS="1258" VPOS="1673" WIDTH="146" HEIGHT="35" CONTENT="though" WC="0.96" CC="067797"/>
						<SP ID="P15_SP00240" HPOS="1404" VPOS="1708" WIDTH="23"/>
						<String ID="P15_ST00265" HPOS="1427" VPOS="1673" WIDTH="92" HEIGHT="36" CONTENT="they" WC="0.97" CC="1660"/>
						<SP ID="P15_SP00241" HPOS="1519" VPOS="1709" WIDTH="15"/>
						<String ID="P15_ST00266" HPOS="1534" VPOS="1680" WIDTH="100" HEIGHT="22" CONTENT="were" WC="0.96" CC="7405"/>
						<SP ID="P15_SP00242" HPOS="1634" VPOS="1709" WIDTH="18"/>
						<String ID="P15_ST00267" HPOS="1652" VPOS="1673" WIDTH="50" HEIGHT="29" CONTENT="its" WC="0.93" CC="774"/>
						<SP ID="P15_SP00243" HPOS="1702" VPOS="1709" WIDTH="16"/>
						<String ID="P15_ST00268" HPOS="1718" VPOS="1680" WIDTH="97" HEIGHT="21" CONTENT="own." WC="0.96" CC="3183"/>
						<SP ID="P15_SP00244" HPOS="1815" VPOS="1709" WIDTH="45"/>
						<String ID="P15_ST00269" HPOS="1860" VPOS="1673" WIDTH="39" HEIGHT="28" CONTENT="in" WC="0.20" CC="87"/>
						<SP ID="P15_SP00245" HPOS="1899" VPOS="1709" WIDTH="17"/>
						<String ID="P15_ST00270" HPOS="1916" VPOS="1679" WIDTH="71" HEIGHT="22" CONTENT="one" WC="0.91" CC="878"/>
						<SP ID="P15_SP00246" HPOS="1987" VPOS="1709" WIDTH="17"/>
						<String ID="P15_ST00271" HPOS="2004" VPOS="1678" WIDTH="43" HEIGHT="23" CONTENT="or" WC="0.17" CC="69"/>
						<SP ID="P15_SP00247" HPOS="2047" VPOS="1709" WIDTH="12"/>
						<String ID="P15_ST00272" HPOS="2059" VPOS="1673" WIDTH="76" HEIGHT="28" CONTENT="two" WC="0.90" CC="979"/>
					</TextLine>
					<TextLine ID="P15_TL00026" HPOS="161" VPOS="1732" WIDTH="1974" HEIGHT="38">
						<String ID="P15_ST00273" HPOS="161" VPOS="1732" WIDTH="193" HEIGHT="29" CONTENT="instances" WC="0.98" CC="580077766"/>
						<SP ID="P15_SP00248" HPOS="354" VPOS="1761" WIDTH="17"/>
						<String ID="P15_ST00274" HPOS="371" VPOS="1733" WIDTH="31" HEIGHT="28" CONTENT="it" WC="0.82" CC="30"/>
						<SP ID="P15_SP00249" HPOS="402" VPOS="1761" WIDTH="18"/>
						<String ID="P15_ST00275" HPOS="420" VPOS="1732" WIDTH="64" HEIGHT="30" CONTENT="has" WC="0.92" CC="794"/>
						<SP ID="P15_SP00250" HPOS="484" VPOS="1762" WIDTH="13"/>
						<String ID="P15_ST00276" HPOS="497" VPOS="1732" WIDTH="293" HEIGHT="37" CONTENT="acknowledged" WC="0.98" CC="665977858719"/>
						<SP ID="P15_SP00251" HPOS="790" VPOS="1769" WIDTH="18"/>
						<String ID="P15_ST00277" HPOS="808" VPOS="1734" WIDTH="65" HEIGHT="28" CONTENT="the" WC="0.91" CC="698"/>
						<SP ID="P15_SP00252" HPOS="873" VPOS="1769" WIDTH="17"/>
						<String ID="P15_ST00278" HPOS="890" VPOS="1741" WIDTH="133" HEIGHT="22" CONTENT="source" WC="0.96" CC="148968"/>
						<SP ID="P15_SP00253" HPOS="1023" VPOS="1769" WIDTH="17"/>
						<String ID="P15_ST00279" HPOS="1040" VPOS="1734" WIDTH="38" HEIGHT="29" CONTENT="of" WC="0.20" CC="87"/>
						<SP ID="P15_SP00254" HPOS="1078" VPOS="1769" WIDTH="15"/>
						<String ID="P15_ST00280" HPOS="1093" VPOS="1734" WIDTH="107" HEIGHT="29" CONTENT="these" WC="0.96" CC="79806"/>
						<SP ID="P15_SP00255" HPOS="1200" VPOS="1769" WIDTH="17"/>
						<String ID="P15_ST00281" HPOS="1217" VPOS="1735" WIDTH="116" HEIGHT="35" CONTENT="ideas," WC="0.97" CC="596412"/>
						<SP ID="P15_SP00256" HPOS="1333" VPOS="1770" WIDTH="16"/>
						<String ID="P15_ST00282" HPOS="1349" VPOS="1734" WIDTH="122" HEIGHT="29" CONTENT="which" WC="0.96" CC="87367"/>
						<SP ID="P15_SP00257" HPOS="1471" VPOS="1770" WIDTH="17"/>
						<String ID="P15_ST00283" HPOS="1488" VPOS="1736" WIDTH="30" HEIGHT="27" CONTENT="it" WC="0.48" CC="73"/>
						<SP ID="P15_SP00258" HPOS="1518" VPOS="1770" WIDTH="15"/>
						<String ID="P15_ST00284" HPOS="1533" VPOS="1734" WIDTH="130" HEIGHT="36" CONTENT="fondly" WC="0.97" CC="737680"/>
						<SP ID="P15_SP00259" HPOS="1663" VPOS="1770" WIDTH="16"/>
						<String ID="P15_ST00285" HPOS="1679" VPOS="1734" WIDTH="140" HEIGHT="29" CONTENT="belives" WC="0.57" CC="7780070"/>
						<SP ID="P15_SP00260" HPOS="1819" VPOS="1770" WIDTH="17"/>
						<String ID="P15_ST00286" HPOS="1836" VPOS="1734" WIDTH="30" HEIGHT="29" CONTENT="it" WC="0.80" CC="40"/>
						<SP ID="P15_SP00261" HPOS="1866" VPOS="1770" WIDTH="17"/>
						<String ID="P15_ST00287" HPOS="1883" VPOS="1734" WIDTH="66" HEIGHT="29" CONTENT="has" WC="0.94" CC="763"/>
						<SP ID="P15_SP00262" HPOS="1949" VPOS="1770" WIDTH="16"/>
						<String ID="P15_ST00288" HPOS="1965" VPOS="1734" WIDTH="170" HEIGHT="29" CONTENT="annexed" WC="0.97" CC="6675059"/>
					</TextLine>
					<TextLine ID="P15_TL00027" HPOS="162" VPOS="1794" WIDTH="1975" HEIGHT="39">
						<String ID="P15_ST00289" HPOS="162" VPOS="1795" WIDTH="72" HEIGHT="28" CONTENT="and" WC="0.96" CC="109"/>
						<SP ID="P15_SP00263" HPOS="234" VPOS="1823" WIDTH="24"/>
						<String ID="P15_ST00290" HPOS="258" VPOS="1794" WIDTH="193" HEIGHT="35" CONTENT="improved" WC="0.98" CC="07987076"/>
						<SP ID="P15_SP00264" HPOS="451" VPOS="1829" WIDTH="26"/>
						<String ID="P15_ST00291" HPOS="477" VPOS="1802" WIDTH="61" HEIGHT="27" CONTENT="on," WC="0.92" CC="693"/>
						<SP ID="P15_SP00265" HPOS="538" VPOS="1829" WIDTH="24"/>
						<String ID="P15_ST00292" HPOS="562" VPOS="1794" WIDTH="182" HEIGHT="37" CONTENT="although" WC="0.97" CC="78777796"/>
						<SP ID="P15_SP00266" HPOS="744" VPOS="1831" WIDTH="24"/>
						<String ID="P15_ST00293" HPOS="768" VPOS="1795" WIDTH="31" HEIGHT="29" CONTENT="it" WC="0.36" CC="57"/>
						<SP ID="P15_SP00267" HPOS="799" VPOS="1831" WIDTH="23"/>
						<String ID="P15_ST00294" HPOS="822" VPOS="1796" WIDTH="31" HEIGHT="28" CONTENT="is" WC="0.61" CC="51"/>
						<SP ID="P15_SP00268" HPOS="853" VPOS="1831" WIDTH="24"/>
						<String ID="P15_ST00295" HPOS="877" VPOS="1796" WIDTH="156" HEIGHT="29" CONTENT="obvious" WC="0.97" CC="6706675"/>
						<SP ID="P15_SP00269" HPOS="1033" VPOS="1831" WIDTH="26"/>
						<String ID="P15_ST00296" HPOS="1059" VPOS="1797" WIDTH="40" HEIGHT="28" CONTENT="to" WC="0.70" CC="05"/>
						<SP ID="P15_SP00270" HPOS="1099" VPOS="1831" WIDTH="24"/>
						<String ID="P15_ST00297" HPOS="1123" VPOS="1804" WIDTH="146" HEIGHT="29" CONTENT="anyone" WC="0.97" CC="670773"/>
						<SP ID="P15_SP00271" HPOS="1269" VPOS="1833" WIDTH="25"/>
						<String ID="P15_ST00298" HPOS="1294" VPOS="1795" WIDTH="38" HEIGHT="30" CONTENT="of" WC="0.32" CC="67"/>
						<SP ID="P15_SP00272" HPOS="1332" VPOS="1833" WIDTH="23"/>
						<String ID="P15_ST00299" HPOS="1355" VPOS="1797" WIDTH="149" HEIGHT="29" CONTENT="artistic" WC="0.99" CC="68700005"/>
						<SP ID="P15_SP00273" HPOS="1504" VPOS="1833" WIDTH="28"/>
						<String ID="P15_ST00300" HPOS="1532" VPOS="1795" WIDTH="141" HEIGHT="37" CONTENT="feeling" WC="0.97" CC="7567679"/>
						<SP ID="P15_SP00274" HPOS="1673" VPOS="1833" WIDTH="30"/>
						<String ID="P15_ST00301" HPOS="1703" VPOS="1796" WIDTH="86" HEIGHT="30" CONTENT="that" WC="0.94" CC="6669"/>
						<SP ID="P15_SP00275" HPOS="1789" VPOS="1833" WIDTH="29"/>
						<String ID="P15_ST00302" HPOS="1818" VPOS="1796" WIDTH="64" HEIGHT="29" CONTENT="the" WC="0.96" CC="047"/>
						<SP ID="P15_SP00276" HPOS="1882" VPOS="1833" WIDTH="32"/>
						<String ID="P15_ST00303" HPOS="1914" VPOS="1803" WIDTH="91" HEIGHT="29" CONTENT="copy" WC="0.97" CC="1490"/>
						<SP ID="P15_SP00277" HPOS="2005" VPOS="1833" WIDTH="31"/>
						<String ID="P15_ST00304" HPOS="2036" VPOS="1796" WIDTH="31" HEIGHT="28" CONTENT="is" WC="0.66" CC="42"/>
						<SP ID="P15_SP00278" HPOS="2067" VPOS="1833" WIDTH="29"/>
						<String ID="P15_ST00305" HPOS="2096" VPOS="1802" WIDTH="41" HEIGHT="22" CONTENT="as" WC="0.33" CC="66"/>
					</TextLine>
					<TextLine ID="P15_TL00028" HPOS="161" VPOS="1856" WIDTH="622" HEIGHT="37">
						<String ID="P15_ST00306" HPOS="161" VPOS="1863" WIDTH="94" HEIGHT="29" CONTENT="poor" WC="0.93" CC="9679"/>
						<SP ID="P15_SP00279" HPOS="255" VPOS="1892" WIDTH="22"/>
						<String ID="P15_ST00307" HPOS="277" VPOS="1864" WIDTH="40" HEIGHT="22" CONTENT="as" WC="0.33" CC="93"/>
						<SP ID="P15_SP00280" HPOS="317" VPOS="1892" WIDTH="24"/>
						<String ID="P15_ST00308" HPOS="341" VPOS="1857" WIDTH="124" HEIGHT="35" CONTENT="copies" WC="0.96" CC="679673"/>
						<SP ID="P15_SP00281" HPOS="465" VPOS="1892" WIDTH="23"/>
						<String ID="P15_ST00309" HPOS="488" VPOS="1856" WIDTH="194" HEIGHT="37" CONTENT="generally" WC="0.97" CC="927777889"/>
						<SP ID="P15_SP00282" HPOS="682" VPOS="1893" WIDTH="24"/>
						<String ID="P15_ST00310" HPOS="706" VPOS="1864" WIDTH="77" HEIGHT="22" CONTENT="are." WC="0.95" CC="5954"/>
					</TextLine>
					<TextLine ID="P15_TL00029" HPOS="162" VPOS="1918" WIDTH="1975" HEIGHT="38">
						<String ID="P15_ST00311" HPOS="162" VPOS="1925" WIDTH="44" HEIGHT="25" CONTENT="&amp;" WC="1.00" CC="9"/>
						<SP ID="P15_SP00283" HPOS="206" VPOS="1950" WIDTH="31"/>
						<String ID="P15_ST00312" HPOS="237" VPOS="1920" WIDTH="87" HEIGHT="28" CONTENT="Now" WC="0.91" CC="697"/>
						<SP ID="P15_SP00284" HPOS="324" VPOS="1950" WIDTH="23"/>
						<String ID="P15_ST00313" HPOS="347" VPOS="1919" WIDTH="66" HEIGHT="29" CONTENT="the" WC="0.95" CC="076"/>
						<SP ID="P15_SP00285" HPOS="413" VPOS="1950" WIDTH="24"/>
						<String ID="P15_ST00314" HPOS="437" VPOS="1919" WIDTH="153" HEIGHT="29" CONTENT="theatre" WC="0.97" CC="0979074"/>
						<SP ID="P15_SP00286" HPOS="590" VPOS="1950" WIDTH="23"/>
						<String ID="P15_ST00315" HPOS="613" VPOS="1920" WIDTH="123" HEIGHT="28" CONTENT="which" WC="0.96" CC="09737"/>
						<SP ID="P15_SP00287" HPOS="736" VPOS="1950" WIDTH="23"/>
						<String ID="P15_ST00316" HPOS="759" VPOS="1918" WIDTH="149" HEIGHT="31" CONTENT="offends" WC="0.97" CC="7776760"/>
						<SP ID="P15_SP00288" HPOS="908" VPOS="1950" WIDTH="23"/>
						<String ID="P15_ST00317" HPOS="931" VPOS="1920" WIDTH="101" HEIGHT="30" CONTENT="most" WC="0.96" CC="9600"/>
						<SP ID="P15_SP00289" HPOS="1032" VPOS="1950" WIDTH="16"/>
						<String ID="P15_ST00318" HPOS="1048" VPOS="1921" WIDTH="38" HEIGHT="28" CONTENT="in" WC="0.61" CC="07"/>
						<SP ID="P15_SP00290" HPOS="1086" VPOS="1950" WIDTH="16"/>
						<String ID="P15_ST00319" HPOS="1102" VPOS="1920" WIDTH="66" HEIGHT="30" CONTENT="the" WC="0.95" CC="076"/>
						<SP ID="P15_SP00291" HPOS="1168" VPOS="1950" WIDTH="17"/>
						<String ID="P15_ST00320" HPOS="1185" VPOS="1929" WIDTH="82" HEIGHT="27" CONTENT="way" WC="0.94" CC="860"/>
						<SP ID="P15_SP00292" HPOS="1267" VPOS="1956" WIDTH="18"/>
						<String ID="P15_ST00321" HPOS="1285" VPOS="1922" WIDTH="12" HEIGHT="27" CONTENT="I" WC="0.66" CC="3" STYLEREFS="TXT_5"/>
						<SP ID="P15_SP00293" HPOS="1297" VPOS="1956" WIDTH="17"/>
						<String ID="P15_ST00322" HPOS="1314" VPOS="1921" WIDTH="93" HEIGHT="29" CONTENT="have" WC="0.95" CC="9905"/>
						<SP ID="P15_SP00294" HPOS="1407" VPOS="1956" WIDTH="18"/>
						<String ID="P15_ST00323" HPOS="1425" VPOS="1921" WIDTH="195" HEIGHT="29" CONTENT="described" WC="0.98" CC="561694666"/>
						<SP ID="P15_SP00295" HPOS="1620" VPOS="1956" WIDTH="18"/>
						<String ID="P15_ST00324" HPOS="1638" VPOS="1921" WIDTH="31" HEIGHT="28" CONTENT="is" WC="0.87" CC="20"/>
						<SP ID="P15_SP00296" HPOS="1669" VPOS="1956" WIDTH="16"/>
						<String ID="P15_ST00325" HPOS="1685" VPOS="1920" WIDTH="66" HEIGHT="29" CONTENT="the" WC="0.97" CC="071"/>
						<SP ID="P15_SP00297" HPOS="1751" VPOS="1956" WIDTH="19"/>
						<String ID="P15_ST00326" HPOS="1770" VPOS="1920" WIDTH="188" HEIGHT="29" CONTENT="Deutches" WC="0.50" CC="63664650"/>
						<SP ID="P15_SP00298" HPOS="1958" VPOS="1956" WIDTH="15"/>
						<String ID="P15_ST00327" HPOS="1973" VPOS="1919" WIDTH="164" HEIGHT="29" CONTENT="Theater" WC="0.98" CC="0764016"/>
					</TextLine>
					<TextLine ID="P15_TL00030" HPOS="162" VPOS="1980" WIDTH="1975" HEIGHT="39">
						<String ID="P15_ST00328" HPOS="162" VPOS="1982" WIDTH="37" HEIGHT="28" CONTENT="in" WC="0.58" CC="08"/>
						<SP ID="P15_SP00299" HPOS="199" VPOS="2010" WIDTH="24"/>
						<String ID="P15_ST00329" HPOS="223" VPOS="1981" WIDTH="139" HEIGHT="30" CONTENT="Berlin." WC="0.97" CC="7698074"/>
						<SP ID="P15_SP00300" HPOS="362" VPOS="2011" WIDTH="32"/>
						<String ID="P15_ST00330" HPOS="394" VPOS="1981" WIDTH="111" HEIGHT="36" CONTENT="First," WC="0.97" CC="669380"/>
						<SP ID="P15_SP00301" HPOS="505" VPOS="2017" WIDTH="18"/>
						<String ID="P15_ST00331" HPOS="523" VPOS="1983" WIDTH="29" HEIGHT="27" CONTENT="it" WC="0.93" CC="10"/>
						<SP ID="P15_SP00302" HPOS="552" VPOS="2017" WIDTH="17"/>
						<String ID="P15_ST00332" HPOS="569" VPOS="1983" WIDTH="147" HEIGHT="28" CONTENT="derives" WC="0.98" CC="9770050"/>
						<SP ID="P15_SP00303" HPOS="716" VPOS="2017" WIDTH="18"/>
						<String ID="P15_ST00333" HPOS="734" VPOS="1983" WIDTH="49" HEIGHT="28" CONTENT="its" WC="0.98" CC="040"/>
						<SP ID="P15_SP00304" HPOS="783" VPOS="2017" WIDTH="16"/>
						<String ID="P15_ST00334" HPOS="799" VPOS="1983" WIDTH="104" HEIGHT="28" CONTENT="ideas" WC="0.96" CC="28690"/>
						<SP ID="P15_SP00305" HPOS="903" VPOS="2017" WIDTH="16"/>
						<String ID="P15_ST00335" HPOS="919" VPOS="1982" WIDTH="164" HEIGHT="37" CONTENT="entirely" WC="0.98" CC="57069670"/>
						<SP ID="P15_SP00306" HPOS="1083" VPOS="2019" WIDTH="15"/>
						<String ID="P15_ST00336" HPOS="1098" VPOS="1981" WIDTH="98" HEIGHT="30" CONTENT="from" WC="0.94" CC="7667"/>
						<SP ID="P15_SP00307" HPOS="1196" VPOS="2019" WIDTH="17"/>
						<String ID="P15_ST00337" HPOS="1213" VPOS="1981" WIDTH="148" HEIGHT="38" CONTENT="foreign" WC="0.97" CC="7686775"/>
						<SP ID="P15_SP00308" HPOS="1361" VPOS="2019" WIDTH="19"/>
						<String ID="P15_ST00338" HPOS="1380" VPOS="1983" WIDTH="206" HEIGHT="35" CONTENT="countries," WC="0.98" CC="2278077360"/>
						<SP ID="P15_SP00309" HPOS="1586" VPOS="2019" WIDTH="15"/>
						<String ID="P15_ST00339" HPOS="1601" VPOS="1981" WIDTH="98" HEIGHT="30" CONTENT="from" WC="0.93" CC="8959"/>
						<SP ID="P15_SP00310" HPOS="1699" VPOS="2019" WIDTH="19"/>
						<String ID="P15_ST00340" HPOS="1718" VPOS="1982" WIDTH="131" HEIGHT="32" CONTENT="Russia" WC="0.98" CC="480066"/>
						<SP ID="P15_SP00311" HPOS="1849" VPOS="2019" WIDTH="15"/>
						<String ID="P15_ST00341" HPOS="1864" VPOS="1981" WIDTH="73" HEIGHT="29" CONTENT="and" WC="0.92" CC="776"/>
						<SP ID="P15_SP00312" HPOS="1937" VPOS="2019" WIDTH="19"/>
						<String ID="P15_ST00342" HPOS="1956" VPOS="1980" WIDTH="181" HEIGHT="37" CONTENT="England." WC="0.98" CC="50786664"/>
					</TextLine>
					<TextLine ID="P15_TL00031" HPOS="162" VPOS="2043" WIDTH="1975" HEIGHT="39">
						<String ID="P15_ST00343" HPOS="162" VPOS="2043" WIDTH="197" HEIGHT="37" CONTENT="Secondly," WC="0.98" CC="477774701"/>
						<SP ID="P15_SP00313" HPOS="359" VPOS="2080" WIDTH="25"/>
						<String ID="P15_ST00344" HPOS="384" VPOS="2045" WIDTH="30" HEIGHT="28" CONTENT="it" WC="0.96" CC="00"/>
						<SP ID="P15_SP00314" HPOS="414" VPOS="2080" WIDTH="23"/>
						<String ID="P15_ST00345" HPOS="437" VPOS="2045" WIDTH="175" HEIGHT="35" CONTENT="presents" WC="0.98" CC="95726900"/>
						<SP ID="P15_SP00315" HPOS="612" VPOS="2080" WIDTH="22"/>
						<String ID="P15_ST00346" HPOS="634" VPOS="2044" WIDTH="109" HEIGHT="30" CONTENT="these" WC="0.96" CC="76606"/>
						<SP ID="P15_SP00316" HPOS="743" VPOS="2080" WIDTH="24"/>
						<String ID="P15_ST00347" HPOS="767" VPOS="2045" WIDTH="103" HEIGHT="29" CONTENT="ideas" WC="0.96" CC="59670"/>
						<SP ID="P15_SP00317" HPOS="870" VPOS="2080" WIDTH="24"/>
						<String ID="P15_ST00348" HPOS="894" VPOS="2045" WIDTH="38" HEIGHT="29" CONTENT="in" WC="0.33" CC="67"/>
						<SP ID="P15_SP00318" HPOS="932" VPOS="2080" WIDTH="24"/>
						<String ID="P15_ST00349" HPOS="956" VPOS="2053" WIDTH="21" HEIGHT="21" CONTENT="a" WC="0.40" CC="5"/>
						<SP ID="P15_SP00319" HPOS="977" VPOS="2080" WIDTH="22"/>
						<String ID="P15_ST00350" HPOS="999" VPOS="2045" WIDTH="178" HEIGHT="30" CONTENT="tasteless" WC="0.99" CC="000088602"/>
						<SP ID="P15_SP00320" HPOS="1177" VPOS="2080" WIDTH="24"/>
						<String ID="P15_ST00351" HPOS="1201" VPOS="2053" WIDTH="94" HEIGHT="29" CONTENT="way." WC="0.97" CC="0904"/>
						<SP ID="P15_SP00321" HPOS="1295" VPOS="2082" WIDTH="46"/>
						<String ID="P15_ST00352" HPOS="1341" VPOS="2045" WIDTH="166" HEIGHT="36" CONTENT="Thirdly," WC="0.98" CC="07285683"/>
						<SP ID="P15_SP00322" HPOS="1507" VPOS="2082" WIDTH="25"/>
						<String ID="P15_ST00353" HPOS="1532" VPOS="2045" WIDTH="182" HEIGHT="36" CONTENT="although" WC="0.97" CC="90277898"/>
						<SP ID="P15_SP00323" HPOS="1714" VPOS="2082" WIDTH="30"/>
						<String ID="P15_ST00354" HPOS="1744" VPOS="2045" WIDTH="31" HEIGHT="28" CONTENT="it" WC="0.45" CC="45"/>
						<SP ID="P15_SP00324" HPOS="1775" VPOS="2082" WIDTH="29"/>
						<String ID="P15_ST00355" HPOS="1804" VPOS="2051" WIDTH="192" HEIGHT="29" CONTENT="possesses" WC="0.98" CC="065446174"/>
						<SP ID="P15_SP00325" HPOS="1996" VPOS="2082" WIDTH="30"/>
						<String ID="P15_ST00356" HPOS="2026" VPOS="2050" WIDTH="111" HEIGHT="29" CONTENT="many" WC="0.96" CC="9440"/>
					</TextLine>
					<TextLine ID="P15_TL00032" HPOS="162" VPOS="2106" WIDTH="1975" HEIGHT="38">
						<String ID="P15_ST00357" HPOS="162" VPOS="2113" WIDTH="92" HEIGHT="29" CONTENT="very" WC="0.95" CC="0579"/>
						<SP ID="P15_SP00326" HPOS="254" VPOS="2142" WIDTH="23"/>
						<String ID="P15_ST00358" HPOS="277" VPOS="2106" WIDTH="152" HEIGHT="36" CONTENT="capable" WC="0.96" CC="4996788"/>
						<SP ID="P15_SP00327" HPOS="429" VPOS="2142" WIDTH="24"/>
						<String ID="P15_ST00359" HPOS="453" VPOS="2108" WIDTH="125" HEIGHT="28" CONTENT="actors" WC="0.97" CC="564703"/>
						<SP ID="P15_SP00328" HPOS="578" VPOS="2142" WIDTH="24"/>
						<String ID="P15_ST00360" HPOS="602" VPOS="2108" WIDTH="30" HEIGHT="28" CONTENT="it" WC="1.00" CC="00"/>
						<SP ID="P15_SP00329" HPOS="632" VPOS="2142" WIDTH="23"/>
						<String ID="P15_ST00361" HPOS="655" VPOS="2115" WIDTH="190" HEIGHT="28" CONTENT="possesses" WC="0.99" CC="950050362"/>
						<SP ID="P15_SP00330" HPOS="845" VPOS="2143" WIDTH="24"/>
						<String ID="P15_ST00362" HPOS="869" VPOS="2115" WIDTH="47" HEIGHT="21" CONTENT="no" WC="0.26" CC="77"/>
						<SP ID="P15_SP00331" HPOS="916" VPOS="2143" WIDTH="24"/>
						<String ID="P15_ST00363" HPOS="940" VPOS="2109" WIDTH="109" HEIGHT="35" CONTENT="great" WC="0.96" CC="79710"/>
						<SP ID="P15_SP00332" HPOS="1049" VPOS="2144" WIDTH="16"/>
						<String ID="P15_ST00364" HPOS="1065" VPOS="2109" WIDTH="107" HEIGHT="28" CONTENT="actor" WC="0.97" CC="96015"/>
						<SP ID="P15_SP00333" HPOS="1172" VPOS="2144" WIDTH="17"/>
						<String ID="P15_ST00365" HPOS="1189" VPOS="2115" WIDTH="42" HEIGHT="22" CONTENT="or" WC="0.26" CC="68"/>
						<SP ID="P15_SP00334" HPOS="1231" VPOS="2144" WIDTH="17"/>
						<String ID="P15_ST00366" HPOS="1248" VPOS="2109" WIDTH="157" HEIGHT="28" CONTENT="actress." WC="0.98" CC="95055224"/>
						<SP ID="P15_SP00335" HPOS="1405" VPOS="2144" WIDTH="45"/>
						<String ID="P15_ST00367" HPOS="1450" VPOS="2107" WIDTH="194" HEIGHT="37" CONTENT="Fourthly," WC="0.98" CC="730566804"/>
						<SP ID="P15_SP00336" HPOS="1644" VPOS="2144" WIDTH="18"/>
						<String ID="P15_ST00368" HPOS="1662" VPOS="2108" WIDTH="50" HEIGHT="28" CONTENT="its" WC="0.98" CC="600"/>
						<SP ID="P15_SP00337" HPOS="1712" VPOS="2144" WIDTH="16"/>
						<String ID="P15_ST00369" HPOS="1728" VPOS="2107" WIDTH="247" HEIGHT="36" CONTENT="productions" WC="0.98" CC="95697602460"/>
						<SP ID="P15_SP00338" HPOS="1975" VPOS="2144" WIDTH="17"/>
						<String ID="P15_ST00370" HPOS="1992" VPOS="2114" WIDTH="84" HEIGHT="28" CONTENT="may" WC="0.94" CC="970"/>
						<SP ID="P15_SP00339" HPOS="2076" VPOS="2144" WIDTH="16"/>
						<String ID="P15_ST00371" HPOS="2092" VPOS="2106" WIDTH="45" HEIGHT="29" CONTENT="be" WC="0.39" CC="74"/>
					</TextLine>
					<TextLine ID="P15_TL00033" HPOS="164" VPOS="2168" WIDTH="1973" HEIGHT="36">
						<String ID="P15_ST00372" HPOS="164" VPOS="2169" WIDTH="194" HEIGHT="29" CONTENT="described" WC="0.98" CC="035976966"/>
						<SP ID="P15_SP00340" HPOS="358" VPOS="2198" WIDTH="26"/>
						<String ID="P15_ST00373" HPOS="384" VPOS="2176" WIDTH="39" HEIGHT="21" CONTENT="as" WC="0.60" CC="70"/>
						<SP ID="P15_SP00341" HPOS="423" VPOS="2198" WIDTH="23"/>
						<String ID="P15_ST00374" HPOS="446" VPOS="2169" WIDTH="66" HEIGHT="28" CONTENT="the" WC="0.95" CC="074"/>
						<SP ID="P15_SP00342" HPOS="512" VPOS="2198" WIDTH="24"/>
						<String ID="P15_ST00375" HPOS="536" VPOS="2169" WIDTH="171" HEIGHT="35" CONTENT="opposite" WC="0.98" CC="77662604"/>
						<SP ID="P15_SP00343" HPOS="707" VPOS="2204" WIDTH="24"/>
						<String ID="P15_ST00376" HPOS="731" VPOS="2168" WIDTH="37" HEIGHT="30" CONTENT="of" WC="0.26" CC="49"/>
						<SP ID="P15_SP00344" HPOS="768" VPOS="2204" WIDTH="22"/>
						<String ID="P15_ST00377" HPOS="790" VPOS="2170" WIDTH="238" HEIGHT="34" CONTENT="sumptuous." WC="0.98" CC="0599467704"/>
						<SP ID="P15_SP00345" HPOS="1028" VPOS="2204" WIDTH="895"/>
						<String ID="P15_ST00378" HPOS="1923" VPOS="2174" WIDTH="45" HEIGHT="24" CONTENT="&amp;" WC="1.00" CC="9"/>
						<SP ID="P15_SP00346" HPOS="1968" VPOS="2204" WIDTH="125"/>
						<String ID="P15_ST00379" HPOS="2093" VPOS="2172" WIDTH="44" HEIGHT="25" CONTENT="&amp;" WC="1.00" CC="9"/>
					</TextLine>
					<TextLine ID="P15_TL00034" HPOS="162" VPOS="2230" WIDTH="1976" HEIGHT="38">
						<String ID="P15_ST00380" HPOS="162" VPOS="2237" WIDTH="45" HEIGHT="24" CONTENT="&amp;" WC="1.00" CC="9"/>
						<SP ID="P15_SP00347" HPOS="207" VPOS="2261" WIDTH="37"/>
						<String ID="P15_ST00381" HPOS="244" VPOS="2231" WIDTH="102" HEIGHT="29" CONTENT="Now" WC="0.94" CC="078"/>
						<SP ID="P15_SP00348" HPOS="346" VPOS="2261" WIDTH="37"/>
						<String ID="P15_ST00382" HPOS="383" VPOS="2230" WIDTH="68" HEIGHT="29" CONTENT="let" WC="0.92" CC="666"/>
						<SP ID="P15_SP00349" HPOS="451" VPOS="2261" WIDTH="37"/>
						<String ID="P15_ST00383" HPOS="488" VPOS="2238" WIDTH="50" HEIGHT="22" CONTENT="us" WC="0.30" CC="76"/>
						<SP ID="P15_SP00350" HPOS="538" VPOS="2261" WIDTH="37"/>
						<String ID="P15_ST00384" HPOS="575" VPOS="2231" WIDTH="222" HEIGHT="29" CONTENT="consider" WC="0.97" CC="65806938"/>
						<SP ID="P15_SP00351" HPOS="797" VPOS="2261" WIDTH="35"/>
						<String ID="P15_ST00385" HPOS="832" VPOS="2231" WIDTH="115" HEIGHT="30" CONTENT="these" WC="0.97" CC="09707"/>
						<SP ID="P15_SP00352" HPOS="947" VPOS="2261" WIDTH="40"/>
						<String ID="P15_ST00386" HPOS="987" VPOS="2233" WIDTH="160" HEIGHT="33" CONTENT="points" WC="0.98" CC="054705"/>
						<SP ID="P15_SP00353" HPOS="1147" VPOS="2266" WIDTH="37"/>
						<String ID="P15_ST00387" HPOS="1184" VPOS="2240" WIDTH="85" HEIGHT="21" CONTENT="one" WC="0.93" CC="775"/>
						<SP ID="P15_SP00354" HPOS="1269" VPOS="2266" WIDTH="38"/>
						<String ID="P15_ST00388" HPOS="1307" VPOS="2233" WIDTH="55" HEIGHT="35" CONTENT="by" WC="0.64" CC="70"/>
						<SP ID="P15_SP00355" HPOS="1362" VPOS="2268" WIDTH="36"/>
						<String ID="P15_ST00389" HPOS="1398" VPOS="2239" WIDTH="98" HEIGHT="22" CONTENT="one." WC="0.96" CC="4660"/>
						<SP ID="P15_SP00356" HPOS="1496" VPOS="2268" WIDTH="598"/>
						<String ID="P15_ST00390" HPOS="2094" VPOS="2235" WIDTH="44" HEIGHT="25" CONTENT="&amp;" WC="1.00" CC="9"/>
					</TextLine>
					<TextLine ID="P15_TL00035" HPOS="238" VPOS="2290" WIDTH="1899" HEIGHT="39">
						<String ID="P15_ST00391" HPOS="238" VPOS="2292" WIDTH="51" HEIGHT="30" CONTENT="Its" WC="0.95" CC="561"/>
						<SP ID="P15_SP00357" HPOS="289" VPOS="2322" WIDTH="24"/>
						<String ID="P15_ST00392" HPOS="313" VPOS="2293" WIDTH="99" HEIGHT="29" CONTENT="most" WC="0.97" CC="9010"/>
						<SP ID="P15_SP00358" HPOS="412" VPOS="2322" WIDTH="23"/>
						<String ID="P15_ST00393" HPOS="435" VPOS="2299" WIDTH="114" HEIGHT="29" CONTENT="grave" WC="0.96" CC="97805"/>
						<SP ID="P15_SP00359" HPOS="549" VPOS="2328" WIDTH="24"/>
						<String ID="P15_ST00394" HPOS="573" VPOS="2291" WIDTH="146" HEIGHT="30" CONTENT="offence" WC="0.97" CC="6776754"/>
						<SP ID="P15_SP00360" HPOS="719" VPOS="2328" WIDTH="24"/>
						<String ID="P15_ST00395" HPOS="743" VPOS="2293" WIDTH="32" HEIGHT="28" CONTENT="is" WC="0.85" CC="20"/>
						<SP ID="P15_SP00361" HPOS="775" VPOS="2328" WIDTH="22"/>
						<String ID="P15_ST00396" HPOS="797" VPOS="2293" WIDTH="50" HEIGHT="28" CONTENT="its" WC="0.99" CC="030"/>
						<SP ID="P15_SP00362" HPOS="847" VPOS="2328" WIDTH="23"/>
						<String ID="P15_ST00397" HPOS="870" VPOS="2291" WIDTH="84" HEIGHT="30" CONTENT="lack" WC="0.94" CC="8954"/>
						<SP ID="P15_SP00363" HPOS="954" VPOS="2328" WIDTH="23"/>
						<String ID="P15_ST00398" HPOS="977" VPOS="2291" WIDTH="37" HEIGHT="31" CONTENT="of" WC="0.28" CC="67"/>
						<SP ID="P15_SP00364" HPOS="1014" VPOS="2328" WIDTH="23"/>
						<String ID="P15_ST00399" HPOS="1037" VPOS="2292" WIDTH="219" HEIGHT="37" CONTENT="originality" WC="0.98" CC="39097998560"/>
						<SP ID="P15_SP00365" HPOS="1256" VPOS="2329" WIDTH="22"/>
						<String ID="P15_ST00400" HPOS="1278" VPOS="2294" WIDTH="71" HEIGHT="28" CONTENT="and" WC="0.90" CC="979"/>
						<SP ID="P15_SP00366" HPOS="1349" VPOS="2329" WIDTH="19"/>
						<String ID="P15_ST00401" HPOS="1368" VPOS="2292" WIDTH="193" HEIGHT="30" CONTENT="therefore" WC="0.98" CC="972677090"/>
						<SP ID="P15_SP00367" HPOS="1561" VPOS="2329" WIDTH="18"/>
						<String ID="P15_ST00402" HPOS="1579" VPOS="2292" WIDTH="37" HEIGHT="30" CONTENT="of" WC="0.28" CC="67"/>
						<SP ID="P15_SP00368" HPOS="1616" VPOS="2329" WIDTH="16"/>
						<String ID="P15_ST00403" HPOS="1632" VPOS="2292" WIDTH="241" HEIGHT="36" CONTENT="inspiration." WC="0.98" CC="570905908894"/>
						<SP ID="P15_SP00369" HPOS="1873" VPOS="2329" WIDTH="43"/>
						<String ID="P15_ST00404" HPOS="1916" VPOS="2292" WIDTH="49" HEIGHT="29" CONTENT="As" WC="0.79" CC="04"/>
						<SP ID="P15_SP00370" HPOS="1965" VPOS="2329" WIDTH="15"/>
						<String ID="P15_ST00405" HPOS="1980" VPOS="2291" WIDTH="93" HEIGHT="29" CONTENT="with" WC="0.97" CC="8006"/>
						<SP ID="P15_SP00371" HPOS="2073" VPOS="2329" WIDTH="16"/>
						<String ID="P15_ST00406" HPOS="2089" VPOS="2290" WIDTH="48" HEIGHT="30" CONTENT="all" WC="0.94" CC="077"/>
					</TextLine>
					<TextLine ID="P15_TL00036" HPOS="161" VPOS="2351" WIDTH="1977" HEIGHT="40">
						<String ID="P15_ST00407" HPOS="161" VPOS="2355" WIDTH="226" HEIGHT="36" CONTENT="imitations," WC="0.99" CC="39009777700"/>
						<SP ID="P15_SP00372" HPOS="387" VPOS="2391" WIDTH="13"/>
						<String ID="P15_ST00408" HPOS="400" VPOS="2355" WIDTH="66" HEIGHT="29" CONTENT="the" WC="0.95" CC="076"/>
						<SP ID="P15_SP00373" HPOS="466" VPOS="2391" WIDTH="17"/>
						<String ID="P15_ST00409" HPOS="483" VPOS="2355" WIDTH="247" HEIGHT="35" CONTENT="productions" WC="0.98" CC="97366232670"/>
						<SP ID="P15_SP00374" HPOS="730" VPOS="2391" WIDTH="17"/>
						<String ID="P15_ST00410" HPOS="747" VPOS="2355" WIDTH="40" HEIGHT="28" CONTENT="at" WC="0.75" CC="50"/>
						<SP ID="P15_SP00375" HPOS="787" VPOS="2391" WIDTH="15"/>
						<String ID="P15_ST00411" HPOS="802" VPOS="2354" WIDTH="65" HEIGHT="29" CONTENT="the" WC="0.94" CC="095"/>
						<SP ID="P15_SP00376" HPOS="867" VPOS="2391" WIDTH="25"/>
						<String ID="P15_ST00412" HPOS="892" VPOS="2355" WIDTH="189" HEIGHT="29" CONTENT="Deutches" WC="0.34" CC="76756665"/>
						<SP ID="P15_SP00377" HPOS="1081" VPOS="2391" WIDTH="23"/>
						<String ID="P15_ST00413" HPOS="1104" VPOS="2354" WIDTH="163" HEIGHT="30" CONTENT="Theater" WC="0.97" CC="0669860"/>
						<SP ID="P15_SP00378" HPOS="1267" VPOS="2391" WIDTH="24"/>
						<String ID="P15_ST00414" HPOS="1291" VPOS="2355" WIDTH="84" HEIGHT="29" CONTENT="lack" WC="0.96" CC="6724"/>
						<SP ID="P15_SP00379" HPOS="1375" VPOS="2391" WIDTH="15"/>
						<String ID="P15_ST00415" HPOS="1390" VPOS="2354" WIDTH="85" HEIGHT="30" CONTENT="fire." WC="0.95" CC="76794"/>
						<SP ID="P15_SP00380" HPOS="1475" VPOS="2391" WIDTH="45"/>
						<String ID="P15_ST00416" HPOS="1520" VPOS="2355" WIDTH="100" HEIGHT="36" CONTENT="They" WC="0.96" CC="0970"/>
						<SP ID="P15_SP00381" HPOS="1620" VPOS="2391" WIDTH="17"/>
						<String ID="P15_ST00417" HPOS="1637" VPOS="2362" WIDTH="100" HEIGHT="22" CONTENT="seem" WC="0.96" CC="0289"/>
						<SP ID="P15_SP00382" HPOS="1737" VPOS="2391" WIDTH="19"/>
						<String ID="P15_ST00418" HPOS="1756" VPOS="2355" WIDTH="68" HEIGHT="28" CONTENT="but" WC="0.94" CC="770"/>
						<SP ID="P15_SP00383" HPOS="1824" VPOS="2391" WIDTH="15"/>
						<String ID="P15_ST00419" HPOS="1839" VPOS="2353" WIDTH="98" HEIGHT="30" CONTENT="faint" WC="0.97" CC="75070"/>
						<SP ID="P15_SP00384" HPOS="1937" VPOS="2391" WIDTH="16"/>
						<String ID="P15_ST00420" HPOS="1953" VPOS="2353" WIDTH="135" HEIGHT="30" CONTENT="echoes" WC="0.98" CC="556070"/>
						<SP ID="P15_SP00385" HPOS="2088" VPOS="2391" WIDTH="13"/>
						<String ID="P15_ST00421" HPOS="2101" VPOS="2351" WIDTH="37" HEIGHT="31" CONTENT="of" WC="0.33" CC="57"/>
					</TextLine>
					<TextLine ID="P15_TL00037" HPOS="161" VPOS="2414" WIDTH="1976" HEIGHT="40">
						<String ID="P15_ST00422" HPOS="161" VPOS="2418" WIDTH="217" HEIGHT="34" CONTENT="something" WC="0.98" CC="389519079"/>
						<SP ID="P15_SP00386" HPOS="378" VPOS="2452" WIDTH="16"/>
						<String ID="P15_ST00423" HPOS="394" VPOS="2416" WIDTH="90" HEIGHT="30" CONTENT="else." WC="0.97" CC="57064"/>
						<SP ID="P15_SP00387" HPOS="484" VPOS="2452" WIDTH="25"/>
						<String ID="P15_ST00424" HPOS="509" VPOS="2416" WIDTH="101" HEIGHT="38" CONTENT="They" WC="0.97" CC="0670"/>
						<SP ID="P15_SP00388" HPOS="610" VPOS="2454" WIDTH="12"/>
						<String ID="P15_ST00425" HPOS="622" VPOS="2424" WIDTH="85" HEIGHT="29" CONTENT="may" WC="0.94" CC="960"/>
						<SP ID="P15_SP00389" HPOS="707" VPOS="2454" WIDTH="14"/>
						<String ID="P15_ST00426" HPOS="721" VPOS="2418" WIDTH="45" HEIGHT="28" CONTENT="be" WC="0.28" CC="76"/>
						<SP ID="P15_SP00390" HPOS="766" VPOS="2454" WIDTH="14"/>
						<String ID="P15_ST00427" HPOS="780" VPOS="2418" WIDTH="93" HEIGHT="34" CONTENT="good" WC="0.94" CC="9676"/>
						<SP ID="P15_SP00391" HPOS="873" VPOS="2454" WIDTH="15"/>
						<String ID="P15_ST00428" HPOS="888" VPOS="2417" WIDTH="150" HEIGHT="35" CONTENT="enough" WC="0.96" CC="587797"/>
						<SP ID="P15_SP00392" HPOS="1038" VPOS="2454" WIDTH="13"/>
						<String ID="P15_ST00429" HPOS="1051" VPOS="2416" WIDTH="60" HEIGHT="29" CONTENT="for" WC="0.92" CC="749"/>
						<SP ID="P15_SP00393" HPOS="1111" VPOS="2454" WIDTH="12"/>
						<String ID="P15_ST00430" HPOS="1123" VPOS="2417" WIDTH="66" HEIGHT="29" CONTENT="the" WC="0.95" CC="066"/>
						<SP ID="P15_SP00394" HPOS="1189" VPOS="2454" WIDTH="14"/>
						<String ID="P15_ST00431" HPOS="1203" VPOS="2418" WIDTH="94" HEIGHT="34" CONTENT="good" WC="0.93" CC="9679"/>
						<SP ID="P15_SP00395" HPOS="1297" VPOS="2454" WIDTH="14"/>
						<String ID="P15_ST00432" HPOS="1311" VPOS="2416" WIDTH="79" HEIGHT="29" CONTENT="folk" WC="0.94" CC="7786"/>
						<SP ID="P15_SP00396" HPOS="1390" VPOS="2454" WIDTH="13"/>
						<String ID="P15_ST00433" HPOS="1403" VPOS="2418" WIDTH="38" HEIGHT="27" CONTENT="in" WC="0.17" CC="97"/>
						<SP ID="P15_SP00397" HPOS="1441" VPOS="2454" WIDTH="15"/>
						<String ID="P15_ST00434" HPOS="1456" VPOS="2416" WIDTH="139" HEIGHT="37" CONTENT="Berlin," WC="0.98" CC="7570090"/>
						<SP ID="P15_SP00398" HPOS="1595" VPOS="2454" WIDTH="13"/>
						<String ID="P15_ST00435" HPOS="1608" VPOS="2417" WIDTH="84" HEIGHT="29" CONTENT="who" WC="0.91" CC="977"/>
						<SP ID="P15_SP00399" HPOS="1692" VPOS="2454" WIDTH="14"/>
						<String ID="P15_ST00436" HPOS="1706" VPOS="2417" WIDTH="160" HEIGHT="35" CONTENT="perhaps" WC="0.98" CC="0609692"/>
						<SP ID="P15_SP00400" HPOS="1866" VPOS="2454" WIDTH="14"/>
						<String ID="P15_ST00437" HPOS="1880" VPOS="2417" WIDTH="45" HEIGHT="28" CONTENT="do" WC="0.01" CC="99"/>
						<SP ID="P15_SP00401" HPOS="1925" VPOS="2454" WIDTH="18"/>
						<String ID="P15_ST00438" HPOS="1943" VPOS="2417" WIDTH="68" HEIGHT="28" CONTENT="not" WC="0.92" CC="965"/>
						<SP ID="P15_SP00402" HPOS="2011" VPOS="2454" WIDTH="16"/>
						<String ID="P15_ST00439" HPOS="2027" VPOS="2414" WIDTH="110" HEIGHT="30" CONTENT="know" WC="0.98" CC="0009"/>
					</TextLine>
					<TextLine ID="P15_TL00038" HPOS="161" VPOS="2476" WIDTH="1976" HEIGHT="39">
						<String ID="P15_ST00440" HPOS="161" VPOS="2480" WIDTH="64" HEIGHT="29" CONTENT="the" WC="0.94" CC="365"/>
						<SP ID="P15_SP00403" HPOS="225" VPOS="2509" WIDTH="25"/>
						<String ID="P15_ST00441" HPOS="250" VPOS="2478" WIDTH="206" HEIGHT="31" CONTENT="difference" WC="0.98" CC="9477755716"/>
						<SP ID="P15_SP00404" HPOS="456" VPOS="2509" WIDTH="26"/>
						<String ID="P15_ST00442" HPOS="482" VPOS="2479" WIDTH="172" HEIGHT="29" CONTENT="between" WC="0.98" CC="7700479"/>
						<SP ID="P15_SP00405" HPOS="654" VPOS="2509" WIDTH="23"/>
						<String ID="P15_ST00443" HPOS="677" VPOS="2479" WIDTH="65" HEIGHT="29" CONTENT="the" WC="0.95" CC="076"/>
						<SP ID="P15_SP00406" HPOS="742" VPOS="2509" WIDTH="26"/>
						<String ID="P15_ST00444" HPOS="768" VPOS="2479" WIDTH="137" HEIGHT="36" CONTENT="beauty" WC="0.97" CC="078790"/>
						<SP ID="P15_SP00407" HPOS="905" VPOS="2515" WIDTH="31"/>
						<String ID="P15_ST00445" HPOS="936" VPOS="2477" WIDTH="37" HEIGHT="30" CONTENT="of" WC="0.20" CC="78"/>
						<SP ID="P15_SP00408" HPOS="973" VPOS="2515" WIDTH="30"/>
						<String ID="P15_ST00446" HPOS="1003" VPOS="2487" WIDTH="47" HEIGHT="21" CONTENT="an" WC="0.33" CC="57"/>
						<SP ID="P15_SP00409" HPOS="1050" VPOS="2515" WIDTH="31"/>
						<String ID="P15_ST00447" HPOS="1081" VPOS="2478" WIDTH="160" HEIGHT="37" CONTENT="original" WC="0.97" CC="67590758"/>
						<SP ID="P15_SP00410" HPOS="1241" VPOS="2515" WIDTH="24"/>
						<String ID="P15_ST00448" HPOS="1265" VPOS="2479" WIDTH="70" HEIGHT="28" CONTENT="and" WC="0.91" CC="977"/>
						<SP ID="P15_SP00411" HPOS="1335" VPOS="2515" WIDTH="25"/>
						<String ID="P15_ST00449" HPOS="1360" VPOS="2479" WIDTH="65" HEIGHT="29" CONTENT="the" WC="0.95" CC="373"/>
						<SP ID="P15_SP00412" HPOS="1425" VPOS="2515" WIDTH="25"/>
						<String ID="P15_ST00450" HPOS="1450" VPOS="2480" WIDTH="205" HEIGHT="34" CONTENT="emptiness" WC="0.98" CC="699078760"/>
						<SP ID="P15_SP00413" HPOS="1655" VPOS="2515" WIDTH="24"/>
						<String ID="P15_ST00451" HPOS="1679" VPOS="2478" WIDTH="38" HEIGHT="30" CONTENT="of" WC="0.44" CC="37"/>
						<SP ID="P15_SP00414" HPOS="1717" VPOS="2515" WIDTH="23"/>
						<String ID="P15_ST00452" HPOS="1740" VPOS="2487" WIDTH="20" HEIGHT="21" CONTENT="a" WC="0.29" CC="7"/>
						<SP ID="P15_SP00415" HPOS="1760" VPOS="2515" WIDTH="24"/>
						<String ID="P15_ST00453" HPOS="1784" VPOS="2485" WIDTH="106" HEIGHT="30" CONTENT="copy," WC="0.98" CC="40900"/>
						<SP ID="P15_SP00416" HPOS="1890" VPOS="2515" WIDTH="24"/>
						<String ID="P15_ST00454" HPOS="1914" VPOS="2478" WIDTH="68" HEIGHT="29" CONTENT="but" WC="0.95" CC="760"/>
						<SP ID="P15_SP00417" HPOS="1982" VPOS="2515" WIDTH="26"/>
						<String ID="P15_ST00455" HPOS="2008" VPOS="2478" WIDTH="31" HEIGHT="28" CONTENT="it" WC="1.00" CC="00"/>
						<SP ID="P15_SP00418" HPOS="2039" VPOS="2515" WIDTH="21"/>
						<String ID="P15_ST00456" HPOS="2060" VPOS="2476" WIDTH="77" HEIGHT="31" CONTENT="will" WC="0.94" CC="9587"/>
					</TextLine>
					<TextLine ID="P15_TL00039" HPOS="162" VPOS="2538" WIDTH="1976" HEIGHT="38">
						<String ID="P15_ST00457" HPOS="162" VPOS="2543" WIDTH="68" HEIGHT="28" CONTENT="not" WC="0.96" CC="900"/>
						<SP ID="P15_SP00419" HPOS="230" VPOS="2571" WIDTH="23"/>
						<String ID="P15_ST00458" HPOS="253" VPOS="2542" WIDTH="46" HEIGHT="29" CONTENT="do" WC="0.22" CC="87"/>
						<SP ID="P15_SP00420" HPOS="299" VPOS="2571" WIDTH="22"/>
						<String ID="P15_ST00459" HPOS="321" VPOS="2541" WIDTH="61" HEIGHT="30" CONTENT="for" WC="0.93" CC="765"/>
						<SP ID="P15_SP00421" HPOS="382" VPOS="2571" WIDTH="22"/>
						<String ID="P15_ST00460" HPOS="404" VPOS="2541" WIDTH="112" HEIGHT="29" CONTENT="other" WC="0.96" CC="70747"/>
						<SP ID="P15_SP00422" HPOS="516" VPOS="2571" WIDTH="22"/>
						<String ID="P15_ST00461" HPOS="538" VPOS="2540" WIDTH="109" HEIGHT="30" CONTENT="lands" WC="0.95" CC="89754"/>
						<SP ID="P15_SP00423" HPOS="647" VPOS="2571" WIDTH="22"/>
						<String ID="P15_ST00462" HPOS="669" VPOS="2541" WIDTH="128" HEIGHT="29" CONTENT="where" WC="0.96" CC="77653"/>
						<SP ID="P15_SP00424" HPOS="797" VPOS="2571" WIDTH="23"/>
						<String ID="P15_ST00463" HPOS="820" VPOS="2541" WIDTH="65" HEIGHT="28" CONTENT="the" WC="0.91" CC="797"/>
						<SP ID="P15_SP00425" HPOS="885" VPOS="2571" WIDTH="25"/>
						<String ID="P15_ST00464" HPOS="910" VPOS="2541" WIDTH="127" HEIGHT="28" CONTENT="critics" WC="0.97" CC="7756476"/>
						<SP ID="P15_SP00426" HPOS="1037" VPOS="2571" WIDTH="23"/>
						<String ID="P15_ST00465" HPOS="1060" VPOS="2541" WIDTH="95" HEIGHT="29" CONTENT="have" WC="0.95" CC="6907"/>
						<SP ID="P15_SP00427" HPOS="1155" VPOS="2571" WIDTH="23"/>
						<String ID="P15_ST00466" HPOS="1178" VPOS="2539" WIDTH="187" HEIGHT="30" CONTENT="informed" WC="0.98" CC="07900719"/>
						<SP ID="P15_SP00428" HPOS="1365" VPOS="2571" WIDTH="24"/>
						<String ID="P15_ST00467" HPOS="1389" VPOS="2539" WIDTH="228" HEIGHT="31" CONTENT="themselves" WC="0.98" CC="6769058040"/>
						<SP ID="P15_SP00429" HPOS="1617" VPOS="2571" WIDTH="24"/>
						<String ID="P15_ST00468" HPOS="1641" VPOS="2549" WIDTH="40" HEIGHT="21" CONTENT="as" WC="0.71" CC="50"/>
						<SP ID="P15_SP00430" HPOS="1681" VPOS="2571" WIDTH="22"/>
						<String ID="P15_ST00469" HPOS="1703" VPOS="2543" WIDTH="41" HEIGHT="28" CONTENT="to" WC="0.56" CC="08"/>
						<SP ID="P15_SP00431" HPOS="1744" VPOS="2571" WIDTH="22"/>
						<String ID="P15_ST00470" HPOS="1766" VPOS="2541" WIDTH="67" HEIGHT="29" CONTENT="the" WC="0.95" CC="094"/>
						<SP ID="P15_SP00432" HPOS="1833" VPOS="2571" WIDTH="21"/>
						<String ID="P15_ST00471" HPOS="1854" VPOS="2541" WIDTH="230" HEIGHT="35" CONTENT="originators" WC="0.99" CC="70090760700"/>
						<SP ID="P15_SP00433" HPOS="2084" VPOS="2576" WIDTH="17"/>
						<String ID="P15_ST00472" HPOS="2101" VPOS="2538" WIDTH="37" HEIGHT="30" CONTENT="of" WC="0.21" CC="78"/>
					</TextLine>
					<TextLine ID="P15_TL00040" HPOS="162" VPOS="2602" WIDTH="1975" HEIGHT="37">
						<String ID="P15_ST00473" HPOS="162" VPOS="2605" WIDTH="65" HEIGHT="29" CONTENT="the" WC="0.92" CC="776"/>
						<SP ID="P15_SP00434" HPOS="227" VPOS="2634" WIDTH="24"/>
						<String ID="P15_ST00474" HPOS="251" VPOS="2605" WIDTH="103" HEIGHT="28" CONTENT="ideas" WC="0.96" CC="49660"/>
						<SP ID="P15_SP00435" HPOS="354" VPOS="2634" WIDTH="22"/>
						<String ID="P15_ST00475" HPOS="376" VPOS="2604" WIDTH="218" HEIGHT="35" CONTENT="presented." WC="0.98" CC="9946871464"/>
						<SP ID="P15_SP00436" HPOS="594" VPOS="2639" WIDTH="45"/>
						<String ID="P15_ST00476" HPOS="639" VPOS="2603" WIDTH="75" HEIGHT="30" CONTENT="The" WC="0.96" CC="072"/>
						<SP ID="P15_SP00437" HPOS="714" VPOS="2639" WIDTH="25"/>
						<String ID="P15_ST00477" HPOS="739" VPOS="2604" WIDTH="120" HEIGHT="35" CONTENT="critic," WC="0.98" CC="4690760"/>
						<SP ID="P15_SP00438" HPOS="859" VPOS="2639" WIDTH="25"/>
						<String ID="P15_ST00478" HPOS="884" VPOS="2611" WIDTH="47" HEIGHT="21" CONTENT="on" WC="0.25" CC="78"/>
						<SP ID="P15_SP00439" HPOS="931" VPOS="2639" WIDTH="25"/>
						<String ID="P15_ST00479" HPOS="956" VPOS="2604" WIDTH="130" HEIGHT="35" CONTENT="seeing" WC="0.97" CC="077279"/>
						<SP ID="P15_SP00440" HPOS="1086" VPOS="2639" WIDTH="23"/>
						<String ID="P15_ST00480" HPOS="1109" VPOS="2611" WIDTH="21" HEIGHT="21" CONTENT="a" WC="1.00" CC="9"/>
						<SP ID="P15_SP00441" HPOS="1130" VPOS="2639" WIDTH="22"/>
						<String ID="P15_ST00481" HPOS="1152" VPOS="2602" WIDTH="169" HEIGHT="30" CONTENT="realistic" WC="0.98" CC="459861296"/>
						<SP ID="P15_SP00442" HPOS="1321" VPOS="2639" WIDTH="16"/>
						<String ID="P15_ST00482" HPOS="1337" VPOS="2602" WIDTH="261" HEIGHT="36" CONTENT="performance" WC="0.98" CC="76946999855"/>
						<SP ID="P15_SP00443" HPOS="1598" VPOS="2639" WIDTH="24"/>
						<String ID="P15_ST00483" HPOS="1622" VPOS="2604" WIDTH="40" HEIGHT="28" CONTENT="at" WC="0.48" CC="54"/>
						<SP ID="P15_SP00444" HPOS="1662" VPOS="2639" WIDTH="21"/>
						<String ID="P15_ST00484" HPOS="1683" VPOS="2604" WIDTH="65" HEIGHT="28" CONTENT="the" WC="0.94" CC="194"/>
						<SP ID="P15_SP00445" HPOS="1748" VPOS="2639" WIDTH="19"/>
						<String ID="P15_ST00485" HPOS="1767" VPOS="2603" WIDTH="189" HEIGHT="29" CONTENT="Deutches" WC="0.55" CC="71706760"/>
						<SP ID="P15_SP00446" HPOS="1956" VPOS="2639" WIDTH="18"/>
						<String ID="P15_ST00486" HPOS="1974" VPOS="2602" WIDTH="163" HEIGHT="29" CONTENT="Theater" WC="0.98" CC="0604069"/>
					</TextLine>
					<TextLine ID="P15_TL00041" HPOS="161" VPOS="2663" WIDTH="1976" HEIGHT="36">
						<String ID="P15_ST00487" HPOS="161" VPOS="2666" WIDTH="132" HEIGHT="30" CONTENT="knows" WC="0.97" CC="05756"/>
						<SP ID="P15_SP00447" HPOS="293" VPOS="2696" WIDTH="22"/>
						<String ID="P15_ST00488" HPOS="315" VPOS="2666" WIDTH="87" HEIGHT="30" CONTENT="that" WC="0.97" CC="0750"/>
						<SP ID="P15_SP00448" HPOS="402" VPOS="2696" WIDTH="22"/>
						<String ID="P15_ST00489" HPOS="424" VPOS="2666" WIDTH="31" HEIGHT="29" CONTENT="it" WC="0.97" CC="00"/>
						<SP ID="P15_SP00449" HPOS="455" VPOS="2696" WIDTH="24"/>
						<String ID="P15_ST00490" HPOS="479" VPOS="2666" WIDTH="66" HEIGHT="29" CONTENT="has" WC="0.94" CC="960"/>
						<SP ID="P15_SP00450" HPOS="545" VPOS="2696" WIDTH="24"/>
						<String ID="P15_ST00491" HPOS="569" VPOS="2667" WIDTH="94" HEIGHT="28" CONTENT="been" WC="0.94" CC="7768"/>
						<SP ID="P15_SP00451" HPOS="663" VPOS="2696" WIDTH="17"/>
						<String ID="P15_ST00492" HPOS="680" VPOS="2666" WIDTH="154" HEIGHT="29" CONTENT="derived" WC="0.98" CC="3604047"/>
						<SP ID="P15_SP00452" HPOS="834" VPOS="2696" WIDTH="17"/>
						<String ID="P15_ST00493" HPOS="851" VPOS="2665" WIDTH="97" HEIGHT="29" CONTENT="from" WC="0.94" CC="7768"/>
						<SP ID="P15_SP00453" HPOS="948" VPOS="2696" WIDTH="17"/>
						<String ID="P15_ST00494" HPOS="965" VPOS="2665" WIDTH="66" HEIGHT="30" CONTENT="the" WC="0.94" CC="077"/>
						<SP ID="P15_SP00454" HPOS="1031" VPOS="2696" WIDTH="24"/>
						<String ID="P15_ST00495" HPOS="1055" VPOS="2666" WIDTH="61" HEIGHT="28" CONTENT="art" WC="0.93" CC="990"/>
						<SP ID="P15_SP00455" HPOS="1116" VPOS="2696" WIDTH="19"/>
						<String ID="P15_ST00496" HPOS="1135" VPOS="2665" WIDTH="150" HEIGHT="29" CONTENT="theatre" WC="0.97" CC="4755075"/>
						<SP ID="P15_SP00456" HPOS="1285" VPOS="2696" WIDTH="25"/>
						<String ID="P15_ST00497" HPOS="1310" VPOS="2666" WIDTH="38" HEIGHT="28" CONTENT="in" WC="0.50" CC="09"/>
						<SP ID="P15_SP00457" HPOS="1348" VPOS="2696" WIDTH="24"/>
						<String ID="P15_ST00498" HPOS="1372" VPOS="2666" WIDTH="161" HEIGHT="28" CONTENT="Moscow" WC="0.97" CC="660557"/>
						<SP ID="P15_SP00458" HPOS="1533" VPOS="2696" WIDTH="17"/>
						<String ID="P15_ST00499" HPOS="1550" VPOS="2664" WIDTH="38" HEIGHT="30" CONTENT="of" WC="0.33" CC="57"/>
						<SP ID="P15_SP00459" HPOS="1588" VPOS="2696" WIDTH="15"/>
						<String ID="P15_ST00500" HPOS="1603" VPOS="2665" WIDTH="122" HEIGHT="29" CONTENT="which" WC="0.95" CC="89956"/>
						<SP ID="P15_SP00460" HPOS="1725" VPOS="2696" WIDTH="17"/>
						<String ID="P15_ST00501" HPOS="1742" VPOS="2666" WIDTH="57" HEIGHT="28" CONTENT="Mr" WC="0.41" CC="65"/>
						<SP ID="P15_SP00461" HPOS="1799" VPOS="2696" WIDTH="16"/>
						<String ID="P15_ST00502" HPOS="1815" VPOS="2663" WIDTH="275" HEIGHT="36" CONTENT="Stanislowsky" WC="0.62" CC="403760858000"/>
						<SP ID="P15_SP00462" HPOS="2090" VPOS="2699" WIDTH="16"/>
						<String ID="P15_ST00503" HPOS="2106" VPOS="2665" WIDTH="31" HEIGHT="28" CONTENT="is" WC="0.82" CC="03"/>
					</TextLine>
					<TextLine ID="P15_TL00042" HPOS="161" VPOS="2725" WIDTH="1976" HEIGHT="39">
						<String ID="P15_ST00504" HPOS="161" VPOS="2729" WIDTH="64" HEIGHT="29" CONTENT="the" WC="0.94" CC="095"/>
						<SP ID="P15_SP00463" HPOS="225" VPOS="2758" WIDTH="25"/>
						<String ID="P15_ST00505" HPOS="250" VPOS="2729" WIDTH="108" HEIGHT="35" CONTENT="head," WC="0.97" CC="75900"/>
						<SP ID="P15_SP00464" HPOS="358" VPOS="2764" WIDTH="24"/>
						<String ID="P15_ST00506" HPOS="382" VPOS="2729" WIDTH="72" HEIGHT="28" CONTENT="and" WC="0.97" CC="070"/>
						<SP ID="P15_SP00465" HPOS="454" VPOS="2764" WIDTH="25"/>
						<String ID="P15_ST00507" HPOS="479" VPOS="2736" WIDTH="47" HEIGHT="22" CONTENT="on" WC="0.50" CC="09"/>
						<SP ID="P15_SP00466" HPOS="526" VPOS="2764" WIDTH="24"/>
						<String ID="P15_ST00508" HPOS="550" VPOS="2729" WIDTH="131" HEIGHT="35" CONTENT="seeing" WC="0.99" CC="005009"/>
						<SP ID="P15_SP00467" HPOS="681" VPOS="2764" WIDTH="23"/>
						<String ID="P15_ST00509" HPOS="704" VPOS="2736" WIDTH="20" HEIGHT="21" CONTENT="a" WC="0.01" CC="9"/>
						<SP ID="P15_SP00468" HPOS="724" VPOS="2764" WIDTH="23"/>
						<String ID="P15_ST00510" HPOS="747" VPOS="2727" WIDTH="263" HEIGHT="36" CONTENT="performance" WC="0.98" CC="95977977866"/>
						<SP ID="P15_SP00469" HPOS="1010" VPOS="2764" WIDTH="24"/>
						<String ID="P15_ST00511" HPOS="1034" VPOS="2727" WIDTH="38" HEIGHT="30" CONTENT="of" WC="0.33" CC="67"/>
						<SP ID="P15_SP00470" HPOS="1072" VPOS="2764" WIDTH="22"/>
						<String ID="P15_ST00512" HPOS="1094" VPOS="2736" WIDTH="21" HEIGHT="21" CONTENT="a" WC="0.80" CC="1"/>
						<SP ID="P15_SP00471" HPOS="1115" VPOS="2764" WIDTH="22"/>
						<String ID="P15_ST00513" HPOS="1137" VPOS="2728" WIDTH="125" HEIGHT="35" CONTENT="poetic" WC="0.97" CC="965056"/>
						<SP ID="P15_SP00472" HPOS="1262" VPOS="2764" WIDTH="23"/>
						<String ID="P15_ST00514" HPOS="1285" VPOS="2726" WIDTH="85" HEIGHT="37" CONTENT="play" WC="0.95" CC="9870"/>
						<SP ID="P15_SP00473" HPOS="1370" VPOS="2764" WIDTH="22"/>
						<String ID="P15_ST00515" HPOS="1392" VPOS="2727" WIDTH="91" HEIGHT="35" CONTENT="they" WC="0.96" CC="0960"/>
						<SP ID="P15_SP00474" HPOS="1483" VPOS="2764" WIDTH="21"/>
						<String ID="P15_ST00516" HPOS="1504" VPOS="2726" WIDTH="79" HEIGHT="29" CONTENT="will" WC="0.96" CC="4086"/>
						<SP ID="P15_SP00475" HPOS="1583" VPOS="2764" WIDTH="24"/>
						<String ID="P15_ST00517" HPOS="1607" VPOS="2725" WIDTH="110" HEIGHT="30" CONTENT="know" WC="0.95" CC="1965"/>
						<SP ID="P15_SP00476" HPOS="1717" VPOS="2764" WIDTH="23"/>
						<String ID="P15_ST00518" HPOS="1740" VPOS="2727" WIDTH="86" HEIGHT="28" CONTENT="that" WC="0.96" CC="0790"/>
						<SP ID="P15_SP00477" HPOS="1826" VPOS="2764" WIDTH="14"/>
						<String ID="P15_ST00519" HPOS="1840" VPOS="2727" WIDTH="67" HEIGHT="28" CONTENT="the" WC="0.96" CC="073"/>
						<SP ID="P15_SP00478" HPOS="1907" VPOS="2764" WIDTH="17"/>
						<String ID="P15_ST00520" HPOS="1924" VPOS="2726" WIDTH="102" HEIGHT="29" CONTENT="ideas" WC="0.96" CC="48643"/>
						<SP ID="P15_SP00479" HPOS="2026" VPOS="2764" WIDTH="17"/>
						<String ID="P15_ST00521" HPOS="2043" VPOS="2725" WIDTH="94" HEIGHT="30" CONTENT="have" WC="0.96" CC="6406"/>
					</TextLine>
					<TextLine ID="P15_TL00043" HPOS="162" VPOS="2788" WIDTH="1975" HEIGHT="38">
						<String ID="P15_ST00522" HPOS="162" VPOS="2792" WIDTH="95" HEIGHT="28" CONTENT="been" WC="0.96" CC="7407"/>
						<SP ID="P15_SP00480" HPOS="257" VPOS="2820" WIDTH="24"/>
						<String ID="P15_ST00523" HPOS="281" VPOS="2791" WIDTH="153" HEIGHT="29" CONTENT="derived" WC="0.97" CC="5791066"/>
						<SP ID="P15_SP00481" HPOS="434" VPOS="2820" WIDTH="24"/>
						<String ID="P15_ST00524" HPOS="458" VPOS="2790" WIDTH="98" HEIGHT="29" CONTENT="from" WC="0.95" CC="8564"/>
						<SP ID="P15_SP00482" HPOS="556" VPOS="2820" WIDTH="26"/>
						<String ID="P15_ST00525" HPOS="582" VPOS="2791" WIDTH="57" HEIGHT="28" CONTENT="Mr" WC="0.26" CC="68"/>
						<SP ID="P15_SP00483" HPOS="639" VPOS="2820" WIDTH="24"/>
						<String ID="P15_ST00526" HPOS="663" VPOS="2791" WIDTH="151" HEIGHT="28" CONTENT="Gordon" WC="0.97" CC="666440"/>
						<SP ID="P15_SP00484" HPOS="814" VPOS="2820" WIDTH="26"/>
						<String ID="P15_ST00527" HPOS="840" VPOS="2790" WIDTH="111" HEIGHT="36" CONTENT="Craig" WC="0.96" CC="80649"/>
						<SP ID="P15_SP00485" HPOS="951" VPOS="2826" WIDTH="23"/>
						<String ID="P15_ST00528" HPOS="974" VPOS="2788" WIDTH="38" HEIGHT="31" CONTENT="of" WC="0.63" CC="07"/>
						<SP ID="P15_SP00486" HPOS="1012" VPOS="2826" WIDTH="23"/>
						<String ID="P15_ST00529" HPOS="1035" VPOS="2789" WIDTH="183" HEIGHT="36" CONTENT="England." WC="0.97" CC="59979784"/>
						<SP ID="P15_SP00487" HPOS="1218" VPOS="2826" WIDTH="23"/>
						<String ID="P15_ST00530" HPOS="1241" VPOS="2795" WIDTH="45" HEIGHT="24" CONTENT="&lt;?" WC="0.16" CC="888"/>
						<SP ID="P15_SP00488" HPOS="1286" VPOS="2826" WIDTH="125"/>
						<String ID="P15_ST00531" HPOS="1411" VPOS="2794" WIDTH="45" HEIGHT="24" CONTENT="&amp;" WC="1.00" CC="9"/>
						<SP ID="P15_SP00489" HPOS="1456" VPOS="2826" WIDTH="126"/>
						<String ID="P15_ST00532" HPOS="1582" VPOS="2794" WIDTH="45" HEIGHT="24" CONTENT="&amp;" WC="1.00" CC="9"/>
						<SP ID="P15_SP00490" HPOS="1627" VPOS="2826" WIDTH="465"/>
						<String ID="P15_ST00533" HPOS="2092" VPOS="2792" WIDTH="45" HEIGHT="24" CONTENT="&amp;" WC="1.00" CC="9"/>
					</TextLine>
					<TextLine ID="P15_TL00044" HPOS="229" VPOS="2848" WIDTH="1908" HEIGHT="40">
						<String ID="P15_ST00534" HPOS="229" VPOS="2854" WIDTH="88" HEIGHT="28" CONTENT="Now" WC="0.93" CC="458"/>
						<SP ID="P15_SP00491" HPOS="317" VPOS="2882" WIDTH="23"/>
						<String ID="P15_ST00535" HPOS="340" VPOS="2852" WIDTH="77" HEIGHT="29" CONTENT="this" WC="0.98" CC="0530"/>
						<SP ID="P15_SP00492" HPOS="417" VPOS="2882" WIDTH="24"/>
						<String ID="P15_ST00536" HPOS="441" VPOS="2853" WIDTH="31" HEIGHT="28" CONTENT="is" WC="0.72" CC="41"/>
						<SP ID="P15_SP00493" HPOS="472" VPOS="2882" WIDTH="24"/>
						<String ID="P15_ST00537" HPOS="496" VPOS="2853" WIDTH="68" HEIGHT="27" CONTENT="not" WC="0.91" CC="987"/>
						<SP ID="P15_SP00494" HPOS="564" VPOS="2882" WIDTH="23"/>
						<String ID="P15_ST00538" HPOS="587" VPOS="2851" WIDTH="142" HEIGHT="37" CONTENT="merely" WC="0.97" CC="867570"/>
						<SP ID="P15_SP00495" HPOS="729" VPOS="2888" WIDTH="22"/>
						<String ID="P15_ST00539" HPOS="751" VPOS="2860" WIDTH="22" HEIGHT="21" CONTENT="a" WC="0.05" CC="9"/>
						<SP ID="P15_SP00496" HPOS="773" VPOS="2888" WIDTH="24"/>
						<String ID="P15_ST00540" HPOS="797" VPOS="2852" WIDTH="139" HEIGHT="29" CONTENT="chance" WC="0.96" CC="579846"/>
						<SP ID="P15_SP00497" HPOS="936" VPOS="2888" WIDTH="23"/>
						<String ID="P15_ST00541" HPOS="959" VPOS="2852" WIDTH="223" HEIGHT="35" CONTENT="statement," WC="0.99" CC="0075453700"/>
						<SP ID="P15_SP00498" HPOS="1182" VPOS="2888" WIDTH="23"/>
						<String ID="P15_ST00542" HPOS="1205" VPOS="2851" WIDTH="60" HEIGHT="29" CONTENT="for" WC="0.91" CC="779"/>
						<SP ID="P15_SP00499" HPOS="1265" VPOS="2888" WIDTH="15"/>
						<String ID="P15_ST00543" HPOS="1280" VPOS="2851" WIDTH="65" HEIGHT="29" CONTENT="the" WC="0.91" CC="896"/>
						<SP ID="P15_SP00500" HPOS="1345" VPOS="2888" WIDTH="18"/>
						<String ID="P15_ST00544" HPOS="1363" VPOS="2851" WIDTH="167" HEIGHT="28" CONTENT="director" WC="0.98" CC="92056096"/>
						<SP ID="P15_SP00501" HPOS="1530" VPOS="2888" WIDTH="17"/>
						<String ID="P15_ST00545" HPOS="1547" VPOS="2849" WIDTH="37" HEIGHT="30" CONTENT="of" WC="0.27" CC="77"/>
						<SP ID="P15_SP00502" HPOS="1584" VPOS="2888" WIDTH="15"/>
						<String ID="P15_ST00546" HPOS="1599" VPOS="2850" WIDTH="66" HEIGHT="29" CONTENT="the" WC="0.97" CC="026"/>
						<SP ID="P15_SP00503" HPOS="1665" VPOS="2888" WIDTH="18"/>
						<String ID="P15_ST00547" HPOS="1683" VPOS="2849" WIDTH="188" HEIGHT="30" CONTENT="Deutches" WC="0.41" CC="75666670"/>
						<SP ID="P15_SP00504" HPOS="1871" VPOS="2888" WIDTH="17"/>
						<String ID="P15_ST00548" HPOS="1888" VPOS="2848" WIDTH="162" HEIGHT="30" CONTENT="Theater" WC="0.97" CC="0666667"/>
						<SP ID="P15_SP00505" HPOS="2050" VPOS="2888" WIDTH="21"/>
						<String ID="P15_ST00549" HPOS="2071" VPOS="2849" WIDTH="66" HEIGHT="29" CONTENT="has" WC="0.93" CC="756"/>
					</TextLine>
					<TextLine ID="P15_TL00045" HPOS="163" VPOS="2911" WIDTH="1974" HEIGHT="39">
						<String ID="P15_ST00550" HPOS="163" VPOS="2913" WIDTH="150" HEIGHT="30" CONTENT="himself" WC="0.96" CC="9666787"/>
						<SP ID="P15_SP00506" HPOS="313" VPOS="2943" WIDTH="12"/>
						<String ID="P15_ST00551" HPOS="325" VPOS="2914" WIDTH="185" HEIGHT="29" CONTENT="admitted" WC="0.97" CC="65939777"/>
						<SP ID="P15_SP00507" HPOS="510" VPOS="2943" WIDTH="14"/>
						<String ID="P15_ST00552" HPOS="524" VPOS="2921" WIDTH="40" HEIGHT="22" CONTENT="as" WC="0.61" CC="60"/>
						<SP ID="P15_SP00508" HPOS="564" VPOS="2943" WIDTH="14"/>
						<String ID="P15_ST00553" HPOS="578" VPOS="2915" WIDTH="123" HEIGHT="28" CONTENT="much." WC="0.96" CC="90690"/>
						<SP ID="P15_SP00509" HPOS="701" VPOS="2943" WIDTH="45"/>
						<String ID="P15_ST00554" HPOS="746" VPOS="2915" WIDTH="104" HEIGHT="35" CONTENT="Upon" WC="0.96" CC="6076"/>
						<SP ID="P15_SP00510" HPOS="850" VPOS="2950" WIDTH="17"/>
						<String ID="P15_ST00555" HPOS="867" VPOS="2915" WIDTH="66" HEIGHT="29" CONTENT="the" WC="0.95" CC="076"/>
						<SP ID="P15_SP00511" HPOS="933" VPOS="2950" WIDTH="16"/>
						<String ID="P15_ST00556" HPOS="949" VPOS="2915" WIDTH="226" HEIGHT="35" CONTENT="production" WC="0.98" CC="9971768097"/>
						<SP ID="P15_SP00512" HPOS="1175" VPOS="2950" WIDTH="15"/>
						<String ID="P15_ST00557" HPOS="1190" VPOS="2913" WIDTH="38" HEIGHT="30" CONTENT="of" WC="0.32" CC="67"/>
						<SP ID="P15_SP00513" HPOS="1228" VPOS="2950" WIDTH="11"/>
						<String ID="P15_ST00558" HPOS="1239" VPOS="2913" WIDTH="65" HEIGHT="30" CONTENT="the" WC="0.92" CC="595"/>
						<SP ID="P15_SP00514" HPOS="1304" VPOS="2950" WIDTH="17"/>
						<String ID="P15_ST00559" HPOS="1321" VPOS="2914" WIDTH="23" HEIGHT="14" CONTENT='"' WC="0.57" CC="4"/>
						<SP ID="P15_SP00515" HPOS="1344" VPOS="2950" WIDTH="12"/>
						<String ID="P15_ST00560" HPOS="1356" VPOS="2912" WIDTH="179" HEIGHT="31" CONTENT="Winter's" WC="0.98" CC="06906911"/>
						<SP ID="P15_SP00516" HPOS="1535" VPOS="2950" WIDTH="16"/>
						<String ID="P15_ST00561" HPOS="1551" VPOS="2911" WIDTH="87" HEIGHT="30" CONTENT="Tale" WC="0.96" CC="0684"/>
						<SP ID="P15_SP00517" HPOS="1638" VPOS="2950" WIDTH="11"/>
						<String ID="P15_ST00562" HPOS="1649" VPOS="2911" WIDTH="74" HEIGHT="29" CONTENT='"in' WC="0.37" CC="629"/>
						<SP ID="P15_SP00518" HPOS="1723" VPOS="2950" WIDTH="15"/>
						<String ID="P15_ST00563" HPOS="1738" VPOS="2911" WIDTH="126" HEIGHT="30" CONTENT="Berlin" WC="0.97" CC="660847"/>
						<SP ID="P15_SP00519" HPOS="1864" VPOS="2950" WIDTH="14"/>
						<String ID="P15_ST00564" HPOS="1878" VPOS="2912" WIDTH="66" HEIGHT="28" CONTENT="the" WC="0.94" CC="375"/>
						<SP ID="P15_SP00520" HPOS="1944" VPOS="2950" WIDTH="14"/>
						<String ID="P15_ST00565" HPOS="1958" VPOS="2912" WIDTH="179" HEIGHT="35" CONTENT="director," WC="0.98" CC="906961790"/>
					</TextLine>
					<TextLine ID="P15_TL00046" HPOS="164" VPOS="2972" WIDTH="1974" HEIGHT="40">
						<String ID="P15_ST00566" HPOS="164" VPOS="2976" WIDTH="96" HEIGHT="28" CONTENT="Herr" WC="0.19" CC="8778"/>
						<SP ID="P15_SP00521" HPOS="260" VPOS="3004" WIDTH="24"/>
						<String ID="P15_ST00567" HPOS="284" VPOS="2976" WIDTH="219" HEIGHT="35" CONTENT="Reinhardt," WC="0.40" CC="7719749534"/>
						<SP ID="P15_SP00522" HPOS="503" VPOS="3011" WIDTH="23"/>
						<String ID="P15_ST00568" HPOS="526" VPOS="2983" WIDTH="77" HEIGHT="22" CONTENT="was" WC="0.94" CC="970"/>
						<SP ID="P15_SP00523" HPOS="603" VPOS="3011" WIDTH="23"/>
						<String ID="P15_ST00569" HPOS="626" VPOS="2976" WIDTH="115" HEIGHT="30" CONTENT="heard" WC="0.96" CC="76861"/>
						<SP ID="P15_SP00524" HPOS="741" VPOS="3011" WIDTH="23"/>
						<String ID="P15_ST00570" HPOS="764" VPOS="2978" WIDTH="41" HEIGHT="28" CONTENT="to" WC="0.30" CC="67"/>
						<SP ID="P15_SP00525" HPOS="805" VPOS="3011" WIDTH="24"/>
						<String ID="P15_ST00571" HPOS="829" VPOS="2985" WIDTH="66" HEIGHT="27" CONTENT="say" WC="0.93" CC="468"/>
						<SP ID="P15_SP00526" HPOS="895" VPOS="3012" WIDTH="22"/>
						<String ID="P15_ST00572" HPOS="917" VPOS="2977" WIDTH="86" HEIGHT="29" CONTENT="that" WC="0.95" CC="5954"/>
						<SP ID="P15_SP00527" HPOS="1003" VPOS="3012" WIDTH="22"/>
						<String ID="P15_ST00573" HPOS="1025" VPOS="2978" WIDTH="42" HEIGHT="28" CONTENT="at" WC="0.50" CC="90"/>
						<SP ID="P15_SP00528" HPOS="1067" VPOS="3012" WIDTH="22"/>
						<String ID="P15_ST00574" HPOS="1089" VPOS="2976" WIDTH="74" HEIGHT="30" CONTENT="last" WC="0.95" CC="8509"/>
						<SP ID="P15_SP00529" HPOS="1163" VPOS="3012" WIDTH="22"/>
						<String ID="P15_ST00575" HPOS="1185" VPOS="2976" WIDTH="91" HEIGHT="36" CONTENT="they" WC="0.95" CC="8760"/>
						<SP ID="P15_SP00530" HPOS="1276" VPOS="3012" WIDTH="23"/>
						<String ID="P15_ST00576" HPOS="1299" VPOS="2976" WIDTH="71" HEIGHT="28" CONTENT="had" WC="0.91" CC="939"/>
						<SP ID="P15_SP00531" HPOS="1370" VPOS="3012" WIDTH="26"/>
						<String ID="P15_ST00577" HPOS="1396" VPOS="2976" WIDTH="95" HEIGHT="28" CONTENT="been" WC="0.94" CC="7669"/>
						<SP ID="P15_SP00532" HPOS="1491" VPOS="3012" WIDTH="24"/>
						<String ID="P15_ST00578" HPOS="1515" VPOS="2974" WIDTH="82" HEIGHT="30" CONTENT="able" WC="0.95" CC="9086"/>
						<SP ID="P15_SP00533" HPOS="1597" VPOS="3012" WIDTH="23"/>
						<String ID="P15_ST00579" HPOS="1620" VPOS="2974" WIDTH="40" HEIGHT="29" CONTENT="to" WC="0.67" CC="06"/>
						<SP ID="P15_SP00534" HPOS="1660" VPOS="3012" WIDTH="23"/>
						<String ID="P15_ST00580" HPOS="1683" VPOS="2974" WIDTH="165" HEIGHT="36" CONTENT="produce" WC="0.97" CC="7679627"/>
						<SP ID="P15_SP00535" HPOS="1848" VPOS="3012" WIDTH="18"/>
						<String ID="P15_ST00581" HPOS="1866" VPOS="2981" WIDTH="20" HEIGHT="21" CONTENT="a" WC="0.35" CC="6"/>
						<SP ID="P15_SP00536" HPOS="1886" VPOS="3012" WIDTH="16"/>
						<String ID="P15_ST00582" HPOS="1902" VPOS="2972" WIDTH="86" HEIGHT="37" CONTENT="play" WC="0.94" CC="9890"/>
						<SP ID="P15_SP00537" HPOS="1988" VPOS="3012" WIDTH="17"/>
						<String ID="P15_ST00583" HPOS="2005" VPOS="2974" WIDTH="38" HEIGHT="28" CONTENT="in" WC="0.64" CC="07"/>
						<SP ID="P15_SP00538" HPOS="2043" VPOS="3012" WIDTH="16"/>
						<String ID="P15_ST00584" HPOS="2059" VPOS="2972" WIDTH="79" HEIGHT="36" CONTENT="just" WC="0.96" CC="7606"/>
					</TextLine>
					<TextLine ID="P15_TL00047" HPOS="163" VPOS="3034" WIDTH="1973" HEIGHT="41">
						<String ID="P15_ST00585" HPOS="163" VPOS="3037" WIDTH="66" HEIGHT="29" CONTENT="the" WC="0.94" CC="457"/>
						<SP ID="P15_SP00539" HPOS="229" VPOS="3066" WIDTH="33"/>
						<String ID="P15_ST00586" HPOS="262" VPOS="3044" WIDTH="102" HEIGHT="22" CONTENT="same" WC="0.94" CC="3993"/>
						<SP ID="P15_SP00540" HPOS="364" VPOS="3066" WIDTH="33"/>
						<String ID="P15_ST00587" HPOS="397" VPOS="3046" WIDTH="82" HEIGHT="27" CONTENT="way" WC="0.93" CC="890"/>
						<SP ID="P15_SP00541" HPOS="479" VPOS="3073" WIDTH="34"/>
						<String ID="P15_ST00588" HPOS="513" VPOS="3046" WIDTH="40" HEIGHT="21" CONTENT="as" WC="0.73" CC="50"/>
						<SP ID="P15_SP00542" HPOS="553" VPOS="3073" WIDTH="32"/>
						<String ID="P15_ST00589" HPOS="585" VPOS="3039" WIDTH="58" HEIGHT="28" CONTENT="Mr" WC="0.16" CC="79"/>
						<SP ID="P15_SP00543" HPOS="643" VPOS="3073" WIDTH="34"/>
						<String ID="P15_ST00590" HPOS="677" VPOS="3039" WIDTH="111" HEIGHT="36" CONTENT="Craig" WC="0.95" CC="79679"/>
						<SP ID="P15_SP00544" HPOS="788" VPOS="3075" WIDTH="35"/>
						<String ID="P15_ST00591" HPOS="823" VPOS="3040" WIDTH="30" HEIGHT="28" CONTENT="is" WC="0.66" CC="06"/>
						<SP ID="P15_SP00545" HPOS="853" VPOS="3075" WIDTH="33"/>
						<String ID="P15_ST00592" HPOS="886" VPOS="3038" WIDTH="148" HEIGHT="30" CONTENT="famous" WC="0.96" CC="779663"/>
						<SP ID="P15_SP00546" HPOS="1034" VPOS="3075" WIDTH="33"/>
						<String ID="P15_ST00593" HPOS="1067" VPOS="3039" WIDTH="73" HEIGHT="29" CONTENT="for." WC="0.94" CC="7894"/>
						<SP ID="P15_SP00547" HPOS="1140" VPOS="3075" WIDTH="45"/>
						<String ID="P15_ST00594" HPOS="1185" VPOS="3038" WIDTH="75" HEIGHT="30" CONTENT="The" WC="0.94" CC="068"/>
						<SP ID="P15_SP00548" HPOS="1260" VPOS="3075" WIDTH="37"/>
						<String ID="P15_ST00595" HPOS="1297" VPOS="3037" WIDTH="221" HEIGHT="35" CONTENT="statement," WC="0.99" CC="0070795610"/>
						<SP ID="P15_SP00549" HPOS="1518" VPOS="3075" WIDTH="35"/>
						<String ID="P15_ST00596" HPOS="1553" VPOS="3037" WIDTH="67" HEIGHT="28" CONTENT="not" WC="0.95" CC="770"/>
						<SP ID="P15_SP00550" HPOS="1620" VPOS="3075" WIDTH="32"/>
						<String ID="P15_ST00597" HPOS="1652" VPOS="3043" WIDTH="91" HEIGHT="29" CONTENT="very" WC="0.97" CC="0690"/>
						<SP ID="P15_SP00551" HPOS="1743" VPOS="3075" WIDTH="31"/>
						<String ID="P15_ST00598" HPOS="1774" VPOS="3034" WIDTH="206" HEIGHT="31" CONTENT="creditable" WC="0.98" CC="6869605763"/>
						<SP ID="P15_SP00552" HPOS="1980" VPOS="3075" WIDTH="27"/>
						<String ID="P15_ST00599" HPOS="2007" VPOS="3036" WIDTH="40" HEIGHT="28" CONTENT="to" WC="0.66" CC="06"/>
						<SP ID="P15_SP00553" HPOS="2047" VPOS="3075" WIDTH="23"/>
						<String ID="P15_ST00600" HPOS="2070" VPOS="3035" WIDTH="66" HEIGHT="29" CONTENT="the" WC="0.94" CC="077"/>
					</TextLine>
					<TextLine ID="P15_TL00048" HPOS="165" VPOS="3096" WIDTH="1971" HEIGHT="40">
						<String ID="P15_ST00601" HPOS="165" VPOS="3098" WIDTH="187" HEIGHT="29" CONTENT="Deutches" WC="0.34" CC="86656754"/>
						<SP ID="P15_SP00554" HPOS="352" VPOS="3127" WIDTH="24"/>
						<String ID="P15_ST00602" HPOS="376" VPOS="3098" WIDTH="174" HEIGHT="38" CONTENT="Theater," WC="0.98" CC="06880603"/>
						<SP ID="P15_SP00555" HPOS="550" VPOS="3136" WIDTH="23"/>
						<String ID="P15_ST00603" HPOS="573" VPOS="3108" WIDTH="77" HEIGHT="22" CONTENT="was" WC="0.95" CC="460"/>
						<SP ID="P15_SP00556" HPOS="650" VPOS="3136" WIDTH="29"/>
						<String ID="P15_ST00604" HPOS="679" VPOS="3101" WIDTH="109" HEIGHT="29" CONTENT="made" WC="0.94" CC="6967"/>
						<SP ID="P15_SP00557" HPOS="788" VPOS="3136" WIDTH="30"/>
						<String ID="P15_ST00605" HPOS="818" VPOS="3101" WIDTH="40" HEIGHT="29" CONTENT="in" WC="0.28" CC="67"/>
						<SP ID="P15_SP00558" HPOS="858" VPOS="3136" WIDTH="29"/>
						<String ID="P15_ST00606" HPOS="887" VPOS="3109" WIDTH="21" HEIGHT="22" CONTENT="a" WC="0.84" CC="1"/>
						<SP ID="P15_SP00559" HPOS="908" VPOS="3136" WIDTH="29"/>
						<String ID="P15_ST00607" HPOS="937" VPOS="3101" WIDTH="240" HEIGHT="35" CONTENT="triumphant" WC="0.98" CC="0747977795"/>
						<SP ID="P15_SP00560" HPOS="1177" VPOS="3136" WIDTH="22"/>
						<String ID="P15_ST00608" HPOS="1199" VPOS="3102" WIDTH="105" HEIGHT="34" CONTENT="tone," WC="0.96" CC="86970"/>
						<SP ID="P15_SP00561" HPOS="1304" VPOS="3136" WIDTH="21"/>
						<String ID="P15_ST00609" HPOS="1325" VPOS="3100" WIDTH="58" HEIGHT="29" CONTENT="Mr" WC="0.33" CC="76"/>
						<SP ID="P15_SP00562" HPOS="1383" VPOS="3136" WIDTH="29"/>
						<String ID="P15_ST00610" HPOS="1412" VPOS="3099" WIDTH="111" HEIGHT="35" CONTENT="Craig" WC="0.97" CC="00909"/>
						<SP ID="P15_SP00563" HPOS="1523" VPOS="3136" WIDTH="28"/>
						<String ID="P15_ST00611" HPOS="1551" VPOS="3098" WIDTH="138" HEIGHT="35" CONTENT="having" WC="0.97" CC="950409"/>
						<SP ID="P15_SP00564" HPOS="1689" VPOS="3136" WIDTH="29"/>
						<String ID="P15_ST00612" HPOS="1718" VPOS="3096" WIDTH="151" HEIGHT="31" CONTENT="refused" WC="0.96" CC="6697469"/>
						<SP ID="P15_SP00565" HPOS="1869" VPOS="3136" WIDTH="31"/>
						<String ID="P15_ST00613" HPOS="1900" VPOS="3099" WIDTH="40" HEIGHT="27" CONTENT="to" WC="0.64" CC="07"/>
						<SP ID="P15_SP00566" HPOS="1940" VPOS="3136" WIDTH="31"/>
						<String ID="P15_ST00614" HPOS="1971" VPOS="3098" WIDTH="165" HEIGHT="35" CONTENT="produce" WC="0.97" CC="9529757"/>
					</TextLine>
					<TextLine ID="P15_TL00049" HPOS="164" VPOS="3159" WIDTH="1972" HEIGHT="41">
						<String ID="P15_ST00615" HPOS="164" VPOS="3160" WIDTH="184" HEIGHT="37" CONTENT="anything" WC="0.98" CC="67906079"/>
						<SP ID="P15_SP00567" HPOS="348" VPOS="3197" WIDTH="23"/>
						<String ID="P15_ST00616" HPOS="371" VPOS="3162" WIDTH="40" HEIGHT="29" CONTENT="at" WC="0.77" CC="40"/>
						<SP ID="P15_SP00568" HPOS="411" VPOS="3197" WIDTH="29"/>
						<String ID="P15_ST00617" HPOS="440" VPOS="3162" WIDTH="76" HEIGHT="30" CONTENT="this" WC="0.95" CC="0965"/>
						<SP ID="P15_SP00569" HPOS="516" VPOS="3197" WIDTH="31"/>
						<String ID="P15_ST00618" HPOS="547" VPOS="3163" WIDTH="163" HEIGHT="35" CONTENT="theatre," WC="0.97" CC="07769974"/>
						<SP ID="P15_SP00570" HPOS="710" VPOS="3198" WIDTH="32"/>
						<String ID="P15_ST00619" HPOS="742" VPOS="3163" WIDTH="184" HEIGHT="37" CONTENT="although" WC="0.97" CC="68497899"/>
						<SP ID="P15_SP00571" HPOS="926" VPOS="3200" WIDTH="31"/>
						<String ID="P15_ST00620" HPOS="957" VPOS="3164" WIDTH="46" HEIGHT="29" CONTENT="he" WC="0.33" CC="66"/>
						<SP ID="P15_SP00572" HPOS="1003" VPOS="3200" WIDTH="30"/>
						<String ID="P15_ST00621" HPOS="1033" VPOS="3171" WIDTH="78" HEIGHT="22" CONTENT="was" WC="0.94" CC="960"/>
						<SP ID="P15_SP00573" HPOS="1111" VPOS="3200" WIDTH="29"/>
						<String ID="P15_ST00622" HPOS="1140" VPOS="3164" WIDTH="144" HEIGHT="29" CONTENT="invited" WC="0.97" CC="5700689"/>
						<SP ID="P15_SP00574" HPOS="1284" VPOS="3200" WIDTH="29"/>
						<String ID="P15_ST00623" HPOS="1313" VPOS="3162" WIDTH="75" HEIGHT="30" CONTENT="five" WC="0.98" CC="6004"/>
						<SP ID="P15_SP00575" HPOS="1388" VPOS="3200" WIDTH="30"/>
						<String ID="P15_ST00624" HPOS="1418" VPOS="3163" WIDTH="112" HEIGHT="28" CONTENT="times" WC="0.96" CC="88950"/>
						<SP ID="P15_SP00576" HPOS="1530" VPOS="3200" WIDTH="29"/>
						<String ID="P15_ST00625" HPOS="1559" VPOS="3162" WIDTH="40" HEIGHT="28" CONTENT="to" WC="0.14" CC="88"/>
						<SP ID="P15_SP00577" HPOS="1599" VPOS="3200" WIDTH="28"/>
						<String ID="P15_ST00626" HPOS="1627" VPOS="3160" WIDTH="166" HEIGHT="36" CONTENT="produce" WC="0.97" CC="9577765"/>
						<SP ID="P15_SP00578" HPOS="1793" VPOS="3200" WIDTH="28"/>
						<String ID="P15_ST00627" HPOS="1821" VPOS="3159" WIDTH="182" HEIGHT="31" CONTENT="different" WC="0.98" CC="637869570"/>
						<SP ID="P15_SP00579" HPOS="2003" VPOS="3200" WIDTH="28"/>
						<String ID="P15_ST00628" HPOS="2031" VPOS="3160" WIDTH="105" HEIGHT="37" CONTENT="plays" WC="0.96" CC="98505"/>
					</TextLine>
					<TextLine ID="P15_TL00050" HPOS="163" VPOS="3221" WIDTH="1973" HEIGHT="40">
						<String ID="P15_ST00629" HPOS="163" VPOS="3223" WIDTH="123" HEIGHT="30" CONTENT="there." WC="0.96" CC="376964"/>
						<SP ID="P15_SP00580" HPOS="286" VPOS="3253" WIDTH="10"/>
						<String ID="P15_ST00630" HPOS="296" VPOS="3224" WIDTH="70" HEIGHT="29" CONTENT="Mr." WC="0.92" CC="794"/>
						<SP ID="P15_SP00581" HPOS="366" VPOS="3253" WIDTH="14"/>
						<String ID="P15_ST00631" HPOS="380" VPOS="3224" WIDTH="111" HEIGHT="36" CONTENT="Craig" WC="0.96" CC="06959"/>
						<SP ID="P15_SP00582" HPOS="491" VPOS="3260" WIDTH="7"/>
						<String ID="P15_ST00632" HPOS="498" VPOS="3233" WIDTH="77" HEIGHT="21" CONTENT="was" WC="0.95" CC="660"/>
						<SP ID="P15_SP00583" HPOS="575" VPOS="3260" WIDTH="14"/>
						<String ID="P15_ST00633" HPOS="589" VPOS="3225" WIDTH="114" HEIGHT="30" CONTENT="asked" WC="0.95" CC="76667"/>
						<SP ID="P15_SP00584" HPOS="703" VPOS="3260" WIDTH="15"/>
						<String ID="P15_ST00634" HPOS="718" VPOS="3226" WIDTH="39" HEIGHT="29" CONTENT="to" WC="0.66" CC="06"/>
						<SP ID="P15_SP00585" HPOS="757" VPOS="3260" WIDTH="14"/>
						<String ID="P15_ST00635" HPOS="771" VPOS="3227" WIDTH="165" HEIGHT="34" CONTENT="produce" WC="0.96" CC="7975866"/>
						<SP ID="P15_SP00586" HPOS="936" VPOS="3261" WIDTH="15"/>
						<String ID="P15_ST00636" HPOS="951" VPOS="3226" WIDTH="107" HEIGHT="30" CONTENT='"The' WC="0.96" CC="4077"/>
						<SP ID="P15_SP00587" HPOS="1058" VPOS="3261" WIDTH="10"/>
						<String ID="P15_ST00637" HPOS="1068" VPOS="3225" WIDTH="214" HEIGHT="36" CONTENT='Tempest,"' WC="0.98" CC="076966034"/>
						<SP ID="P15_SP00588" HPOS="1282" VPOS="3261" WIDTH="18"/>
						<String ID="P15_ST00638" HPOS="1300" VPOS="3225" WIDTH="152" HEIGHT="30" CONTENT='"Caesar' WC="0.97" CC="4077677"/>
						<SP ID="P15_SP00589" HPOS="1452" VPOS="3261" WIDTH="13"/>
						<String ID="P15_ST00639" HPOS="1465" VPOS="3224" WIDTH="72" HEIGHT="29" CONTENT="and" WC="0.92" CC="972"/>
						<SP ID="P15_SP00590" HPOS="1537" VPOS="3261" WIDTH="17"/>
						<String ID="P15_ST00640" HPOS="1554" VPOS="3221" WIDTH="223" HEIGHT="37" CONTENT='Cleopatra"' WC="0.98" CC="0867999064"/>
						<SP ID="P15_SP00591" HPOS="1777" VPOS="3261" WIDTH="16"/>
						<String ID="P15_ST00641" HPOS="1793" VPOS="3223" WIDTH="46" HEIGHT="35" CONTENT="by" WC="0.63" CC="70"/>
						<SP ID="P15_SP00592" HPOS="1839" VPOS="3261" WIDTH="13"/>
						<String ID="P15_ST00642" HPOS="1852" VPOS="3223" WIDTH="148" HEIGHT="30" CONTENT="Bernad" WC="0.41" CC="669309"/>
						<SP ID="P15_SP00593" HPOS="2000" VPOS="3261" WIDTH="12"/>
						<String ID="P15_ST00643" HPOS="2012" VPOS="3223" WIDTH="124" HEIGHT="36" CONTENT="Shaw," WC="0.97" CC="77901"/>
					</TextLine>
					<TextLine ID="P15_TL00051" HPOS="164" VPOS="3284" WIDTH="1972" HEIGHT="40">
						<String ID="P15_ST00644" HPOS="164" VPOS="3285" WIDTH="126" HEIGHT="35" CONTENT='"King' WC="0.96" CC="15779"/>
						<SP ID="P15_SP00594" HPOS="290" VPOS="3320" WIDTH="14"/>
						<String ID="P15_ST00645" HPOS="304" VPOS="3285" WIDTH="130" HEIGHT="37" CONTENT='Lear,"' WC="0.97" CC="759624"/>
						<SP ID="P15_SP00595" HPOS="434" VPOS="3322" WIDTH="12"/>
						<String ID="P15_ST00646" HPOS="446" VPOS="3286" WIDTH="65" HEIGHT="30" CONTENT="the" WC="0.94" CC="097"/>
						<SP ID="P15_SP00596" HPOS="511" VPOS="3322" WIDTH="18"/>
						<String ID="P15_ST00647" HPOS="529" VPOS="3287" WIDTH="265" HEIGHT="37" CONTENT='"Orestaiea,"' WC="0.38" CC="389625986704"/>
						<SP ID="P15_SP00597" HPOS="794" VPOS="3324" WIDTH="17"/>
						<String ID="P15_ST00648" HPOS="811" VPOS="3287" WIDTH="240" HEIGHT="35" CONTENT='"Macbeth,"' WC="0.98" CC="4767763724"/>
						<SP ID="P15_SP00598" HPOS="1051" VPOS="3324" WIDTH="14"/>
						<String ID="P15_ST00649" HPOS="1065" VPOS="3289" WIDTH="73" HEIGHT="28" CONTENT="and" WC="0.91" CC="977"/>
						<SP ID="P15_SP00599" HPOS="1138" VPOS="3324" WIDTH="18"/>
						<String ID="P15_ST00650" HPOS="1156" VPOS="3289" WIDTH="38" HEIGHT="28" CONTENT="in" WC="0.30" CC="67"/>
						<SP ID="P15_SP00600" HPOS="1194" VPOS="3324" WIDTH="17"/>
						<String ID="P15_ST00651" HPOS="1211" VPOS="3289" WIDTH="76" HEIGHT="28" CONTENT="two" WC="0.96" CC="307"/>
						<SP ID="P15_SP00601" HPOS="1287" VPOS="3324" WIDTH="18"/>
						<String ID="P15_ST00652" HPOS="1305" VPOS="3295" WIDTH="104" HEIGHT="22" CONTENT="cases" WC="0.97" CC="69044"/>
						<SP ID="P15_SP00602" HPOS="1409" VPOS="3324" WIDTH="16"/>
						<String ID="P15_ST00653" HPOS="1425" VPOS="3287" WIDTH="66" HEIGHT="28" CONTENT="the" WC="0.93" CC="376"/>
						<SP ID="P15_SP00603" HPOS="1491" VPOS="3324" WIDTH="18"/>
						<String ID="P15_ST00654" HPOS="1509" VPOS="3285" WIDTH="266" HEIGHT="35" CONTENT="management" WC="0.97" CC="9999779576"/>
						<SP ID="P15_SP00604" HPOS="1775" VPOS="3324" WIDTH="17"/>
						<String ID="P15_ST00655" HPOS="1792" VPOS="3291" WIDTH="93" HEIGHT="22" CONTENT="even" WC="0.95" CC="9077"/>
						<SP ID="P15_SP00605" HPOS="1885" VPOS="3324" WIDTH="15"/>
						<String ID="P15_ST00656" HPOS="1900" VPOS="3286" WIDTH="105" HEIGHT="28" CONTENT="went" WC="0.97" CC="2670"/>
						<SP ID="P15_SP00606" HPOS="2005" VPOS="3324" WIDTH="15"/>
						<String ID="P15_ST00657" HPOS="2020" VPOS="3293" WIDTH="41" HEIGHT="21" CONTENT="so" WC="0.66" CC="15"/>
						<SP ID="P15_SP00607" HPOS="2061" VPOS="3324" WIDTH="17"/>
						<String ID="P15_ST00658" HPOS="2078" VPOS="3284" WIDTH="58" HEIGHT="31" CONTENT="far" WC="0.94" CC="707"/>
					</TextLine>
					<TextLine ID="P15_TL00052" HPOS="163" VPOS="3346" WIDTH="1974" HEIGHT="41">
						<String ID="P15_ST00659" HPOS="163" VPOS="3355" WIDTH="40" HEIGHT="21" CONTENT="as" WC="0.64" CC="70"/>
						<SP ID="P15_SP00608" HPOS="203" VPOS="3376" WIDTH="13"/>
						<String ID="P15_ST00660" HPOS="216" VPOS="3348" WIDTH="40" HEIGHT="28" CONTENT="to" WC="0.63" CC="07"/>
						<SP ID="P15_SP00609" HPOS="256" VPOS="3376" WIDTH="17"/>
						<String ID="P15_ST00661" HPOS="273" VPOS="3349" WIDTH="90" HEIGHT="29" CONTENT="send" WC="0.92" CC="6999"/>
						<SP ID="P15_SP00610" HPOS="363" VPOS="3378" WIDTH="15"/>
						<String ID="P15_ST00662" HPOS="378" VPOS="3349" WIDTH="75" HEIGHT="29" CONTENT="him" WC="0.96" CC="703"/>
						<SP ID="P15_SP00611" HPOS="453" VPOS="3378" WIDTH="17"/>
						<String ID="P15_ST00663" HPOS="470" VPOS="3350" WIDTH="65" HEIGHT="29" CONTENT="the" WC="0.95" CC="353"/>
						<SP ID="P15_SP00612" HPOS="535" VPOS="3379" WIDTH="18"/>
						<String ID="P15_ST00664" HPOS="553" VPOS="3352" WIDTH="185" HEIGHT="28" CONTENT="contract." WC="0.98" CC="436079504"/>
						<SP ID="P15_SP00613" HPOS="738" VPOS="3380" WIDTH="18"/>
						<String ID="P15_ST00665" HPOS="756" VPOS="3352" WIDTH="73" HEIGHT="28" CONTENT="But" WC="0.95" CC="670"/>
						<SP ID="P15_SP00614" HPOS="829" VPOS="3380" WIDTH="12"/>
						<String ID="P15_ST00666" HPOS="841" VPOS="3352" WIDTH="65" HEIGHT="28" CONTENT="the" WC="0.94" CC="097"/>
						<SP ID="P15_SP00615" HPOS="906" VPOS="3380" WIDTH="18"/>
						<String ID="P15_ST00667" HPOS="924" VPOS="3352" WIDTH="215" HEIGHT="29" CONTENT="conditions" WC="0.98" CC="7366686500"/>
						<SP ID="P15_SP00616" HPOS="1139" VPOS="3381" WIDTH="17"/>
						<String ID="P15_ST00668" HPOS="1156" VPOS="3351" WIDTH="166" HEIGHT="36" CONTENT="imposed" WC="0.97" CC="6979056"/>
						<SP ID="P15_SP00617" HPOS="1322" VPOS="3387" WIDTH="18"/>
						<String ID="P15_ST00669" HPOS="1340" VPOS="3351" WIDTH="47" HEIGHT="36" CONTENT="by" WC="0.63" CC="70"/>
						<SP ID="P15_SP00618" HPOS="1387" VPOS="3387" WIDTH="16"/>
						<String ID="P15_ST00670" HPOS="1403" VPOS="3358" WIDTH="21" HEIGHT="21" CONTENT="a" WC="1.00" CC="9"/>
						<SP ID="P15_SP00619" HPOS="1424" VPOS="3387" WIDTH="16"/>
						<String ID="P15_ST00671" HPOS="1440" VPOS="3348" WIDTH="266" HEIGHT="36" CONTENT="management" WC="0.98" CC="8909966670"/>
						<SP ID="P15_SP00620" HPOS="1706" VPOS="3387" WIDTH="15"/>
						<String ID="P15_ST00672" HPOS="1721" VPOS="3346" WIDTH="214" HEIGHT="38" CONTENT="preferring" WC="0.97" CC="7979690499"/>
						<SP ID="P15_SP00621" HPOS="1935" VPOS="3387" WIDTH="17"/>
						<String ID="P15_ST00673" HPOS="1952" VPOS="3348" WIDTH="69" HEIGHT="30" CONTENT="bad" WC="0.94" CC="098"/>
						<SP ID="P15_SP00622" HPOS="2021" VPOS="3387" WIDTH="17"/>
						<String ID="P15_ST00674" HPOS="2038" VPOS="3349" WIDTH="99" HEIGHT="29" CONTENT="taste" WC="0.97" CC="09407"/>
					</TextLine>
					<TextLine ID="P15_TL00053" HPOS="164" VPOS="3410" WIDTH="1974" HEIGHT="39">
						<String ID="P15_ST00675" HPOS="164" VPOS="3411" WIDTH="41" HEIGHT="28" CONTENT="to" WC="0.53" CC="45"/>
						<SP ID="P15_SP00623" HPOS="205" VPOS="3439" WIDTH="14"/>
						<String ID="P15_ST00676" HPOS="219" VPOS="3410" WIDTH="219" HEIGHT="30" CONTENT="distinction" WC="0.99" CC="80008760029"/>
						<SP ID="P15_SP00624" HPOS="438" VPOS="3440" WIDTH="18"/>
						<String ID="P15_ST00677" HPOS="456" VPOS="3411" WIDTH="138" HEIGHT="38" CONTENT="always" WC="0.97" CC="587902"/>
						<SP ID="P15_SP00625" HPOS="594" VPOS="3449" WIDTH="12"/>
						<String ID="P15_ST00678" HPOS="606" VPOS="3414" WIDTH="207" HEIGHT="35" CONTENT="prevented" WC="0.98" CC="965037779"/>
						<SP ID="P15_SP00626" HPOS="813" VPOS="3449" WIDTH="19"/>
						<String ID="P15_ST00679" HPOS="832" VPOS="3413" WIDTH="77" HEIGHT="29" CONTENT="him" WC="0.94" CC="707"/>
						<SP ID="P15_SP00627" HPOS="909" VPOS="3449" WIDTH="16"/>
						<String ID="P15_ST00680" HPOS="925" VPOS="3413" WIDTH="97" HEIGHT="29" CONTENT="from" WC="0.93" CC="8779"/>
						<SP ID="P15_SP00628" HPOS="1022" VPOS="3449" WIDTH="19"/>
						<String ID="P15_ST00681" HPOS="1041" VPOS="3414" WIDTH="113" HEIGHT="35" CONTENT="being" WC="0.95" CC="79579"/>
						<SP ID="P15_SP00629" HPOS="1154" VPOS="3449" WIDTH="16"/>
						<String ID="P15_ST00682" HPOS="1170" VPOS="3413" WIDTH="83" HEIGHT="30" CONTENT="able" WC="0.95" CC="9087"/>
						<SP ID="P15_SP00630" HPOS="1253" VPOS="3449" WIDTH="17"/>
						<String ID="P15_ST00683" HPOS="1270" VPOS="3414" WIDTH="39" HEIGHT="28" CONTENT="to" WC="0.42" CC="46"/>
						<SP ID="P15_SP00631" HPOS="1309" VPOS="3449" WIDTH="13"/>
						<String ID="P15_ST00684" HPOS="1322" VPOS="3413" WIDTH="163" HEIGHT="35" CONTENT="respond" WC="0.97" CC="9609776"/>
						<SP ID="P15_SP00632" HPOS="1485" VPOS="3449" WIDTH="14"/>
						<String ID="P15_ST00685" HPOS="1499" VPOS="3412" WIDTH="39" HEIGHT="28" CONTENT="to" WC="0.65" CC="06"/>
						<SP ID="P15_SP00633" HPOS="1538" VPOS="3449" WIDTH="12"/>
						<String ID="P15_ST00686" HPOS="1550" VPOS="3410" WIDTH="119" HEIGHT="30" CONTENT="them." WC="0.97" CC="07564"/>
						<SP ID="P15_SP00634" HPOS="1669" VPOS="3449" WIDTH="43"/>
						<String ID="P15_ST00687" HPOS="1712" VPOS="3410" WIDTH="80" HEIGHT="28" CONTENT="And" WC="0.97" CC="070"/>
						<SP ID="P15_SP00635" HPOS="1792" VPOS="3449" WIDTH="18"/>
						<String ID="P15_ST00688" HPOS="1810" VPOS="3417" WIDTH="40" HEIGHT="22" CONTENT="so" WC="0.65" CC="06"/>
						<SP ID="P15_SP00636" HPOS="1850" VPOS="3449" WIDTH="13"/>
						<String ID="P15_ST00689" HPOS="1863" VPOS="3410" WIDTH="66" HEIGHT="29" CONTENT="the" WC="0.94" CC="095"/>
						<SP ID="P15_SP00637" HPOS="1929" VPOS="3449" WIDTH="18"/>
						<String ID="P15_ST00690" HPOS="1947" VPOS="3418" WIDTH="191" HEIGHT="29" CONTENT="manager," WC="0.97" CC="66997791"/>
					</TextLine>
					<TextLine ID="P15_TL00054" HPOS="163" VPOS="3471" WIDTH="1974" HEIGHT="40">
						<String ID="P15_ST00691" HPOS="163" VPOS="3471" WIDTH="100" HEIGHT="30" CONTENT="after" WC="0.96" CC="77077"/>
						<SP ID="P15_SP00638" HPOS="263" VPOS="3501" WIDTH="23"/>
						<String ID="P15_ST00692" HPOS="286" VPOS="3472" WIDTH="138" HEIGHT="37" CONTENT="having" WC="0.98" CC="600099"/>
						<SP ID="P15_SP00639" HPOS="424" VPOS="3509" WIDTH="22"/>
						<String ID="P15_ST00693" HPOS="446" VPOS="3474" WIDTH="134" HEIGHT="30" CONTENT="visited" WC="0.99" CC="0600077"/>
						<SP ID="P15_SP00640" HPOS="580" VPOS="3509" WIDTH="24"/>
						<String ID="P15_ST00694" HPOS="604" VPOS="3476" WIDTH="59" HEIGHT="29" CONTENT="Mr" WC="0.28" CC="68"/>
						<SP ID="P15_SP00641" HPOS="663" VPOS="3509" WIDTH="24"/>
						<String ID="P15_ST00695" HPOS="687" VPOS="3475" WIDTH="143" HEIGHT="36" CONTENT="Craig's" WC="0.97" CC="0897920"/>
						<SP ID="P15_SP00642" HPOS="830" VPOS="3511" WIDTH="23"/>
						<String ID="P15_ST00696" HPOS="853" VPOS="3475" WIDTH="127" HEIGHT="29" CONTENT="studio" WC="0.98" CC="006369"/>
						<SP ID="P15_SP00643" HPOS="980" VPOS="3511" WIDTH="23"/>
						<String ID="P15_ST00697" HPOS="1003" VPOS="3475" WIDTH="94" HEIGHT="30" CONTENT="with" WC="0.94" CC="7849"/>
						<SP ID="P15_SP00644" HPOS="1097" VPOS="3511" WIDTH="24"/>
						<String ID="P15_ST00698" HPOS="1121" VPOS="3476" WIDTH="114" HEIGHT="29" CONTENT="artist" WC="0.99" CC="900500"/>
						<SP ID="P15_SP00645" HPOS="1235" VPOS="3511" WIDTH="26"/>
						<String ID="P15_ST00699" HPOS="1261" VPOS="3475" WIDTH="145" HEIGHT="30" CONTENT="friends" WC="0.97" CC="7966960"/>
						<SP ID="P15_SP00646" HPOS="1406" VPOS="3511" WIDTH="30"/>
						<String ID="P15_ST00700" HPOS="1436" VPOS="3474" WIDTH="72" HEIGHT="29" CONTENT="and" WC="0.94" CC="906"/>
						<SP ID="P15_SP00647" HPOS="1508" VPOS="3511" WIDTH="33"/>
						<String ID="P15_ST00701" HPOS="1541" VPOS="3471" WIDTH="181" HEIGHT="37" CONTENT="carefully" WC="0.98" CC="499176780"/>
						<SP ID="P15_SP00648" HPOS="1722" VPOS="3511" WIDTH="28"/>
						<String ID="P15_ST00702" HPOS="1750" VPOS="3472" WIDTH="150" HEIGHT="30" CONTENT="studied" WC="0.97" CC="4096756"/>
						<SP ID="P15_SP00649" HPOS="1900" VPOS="3511" WIDTH="32"/>
						<String ID="P15_ST00703" HPOS="1932" VPOS="3473" WIDTH="56" HEIGHT="29" CONTENT="his" WC="0.95" CC="704"/>
						<SP ID="P15_SP00650" HPOS="1988" VPOS="3511" WIDTH="29"/>
						<String ID="P15_ST00704" HPOS="2017" VPOS="3473" WIDTH="120" HEIGHT="36" CONTENT="work," WC="0.96" CC="67903"/>
					</TextLine>
					<TextLine ID="P15_TL00055" HPOS="163" VPOS="3534" WIDTH="1975" HEIGHT="37">
						<String ID="P15_ST00705" HPOS="163" VPOS="3541" WIDTH="90" HEIGHT="30" CONTENT="goes" WC="0.95" CC="9760"/>
						<SP ID="P15_SP00651" HPOS="253" VPOS="3571" WIDTH="24"/>
						<String ID="P15_ST00706" HPOS="277" VPOS="3534" WIDTH="93" HEIGHT="30" CONTENT="back" WC="0.94" CC="7937"/>
						<SP ID="P15_SP00652" HPOS="370" VPOS="3571" WIDTH="22"/>
						<String ID="P15_ST00707" HPOS="392" VPOS="3537" WIDTH="71" HEIGHT="28" CONTENT="and" WC="0.92" CC="587"/>
						<SP ID="P15_SP00653" HPOS="463" VPOS="3571" WIDTH="26"/>
						<String ID="P15_ST00708" HPOS="489" VPOS="3538" WIDTH="260" HEIGHT="30" CONTENT="commissions" WC="0.99" CC="67640103970"/>
						<SP ID="P15_SP00654" HPOS="749" VPOS="3571" WIDTH="24"/>
						<String ID="P15_ST00709" HPOS="773" VPOS="3545" WIDTH="71" HEIGHT="22" CONTENT="one" WC="0.91" CC="797"/>
						<SP ID="P15_SP00655" HPOS="844" VPOS="3571" WIDTH="18"/>
						<String ID="P15_ST00710" HPOS="862" VPOS="3537" WIDTH="38" HEIGHT="30" CONTENT="of" WC="0.64" CC="07"/>
						<SP ID="P15_SP00656" HPOS="900" VPOS="3571" WIDTH="15"/>
						<String ID="P15_ST00711" HPOS="915" VPOS="3538" WIDTH="109" HEIGHT="29" CONTENT="these" WC="0.97" CC="66606"/>
						<SP ID="P15_SP00657" HPOS="1024" VPOS="3571" WIDTH="18"/>
						<String ID="P15_ST00712" HPOS="1042" VPOS="3538" WIDTH="134" HEIGHT="29" CONTENT="artists" WC="0.98" CC="9906100"/>
						<SP ID="P15_SP00658" HPOS="1176" VPOS="3571" WIDTH="15"/>
						<String ID="P15_ST00713" HPOS="1191" VPOS="3538" WIDTH="83" HEIGHT="29" CONTENT="who" WC="0.96" CC="090"/>
						<SP ID="P15_SP00659" HPOS="1274" VPOS="3571" WIDTH="24"/>
						<String ID="P15_ST00714" HPOS="1298" VPOS="3538" WIDTH="74" HEIGHT="29" CONTENT="had" WC="0.91" CC="796"/>
						<SP ID="P15_SP00660" HPOS="1372" VPOS="3571" WIDTH="17"/>
						<String ID="P15_ST00715" HPOS="1389" VPOS="3536" WIDTH="136" HEIGHT="31" CONTENT="visited" WC="0.98" CC="0637064"/>
						<SP ID="P15_SP00661" HPOS="1525" VPOS="3571" WIDTH="17"/>
						<String ID="P15_ST00716" HPOS="1542" VPOS="3535" WIDTH="66" HEIGHT="29" CONTENT="the" WC="0.93" CC="576"/>
						<SP ID="P15_SP00662" HPOS="1608" VPOS="3571" WIDTH="16"/>
						<String ID="P15_ST00717" HPOS="1624" VPOS="3535" WIDTH="128" HEIGHT="29" CONTENT="studio" WC="0.97" CC="207667"/>
						<SP ID="P15_SP00663" HPOS="1752" VPOS="3571" WIDTH="16"/>
						<String ID="P15_ST00718" HPOS="1768" VPOS="3535" WIDTH="93" HEIGHT="29" CONTENT="with" WC="0.96" CC="6409"/>
						<SP ID="P15_SP00664" HPOS="1861" VPOS="3571" WIDTH="18"/>
						<String ID="P15_ST00719" HPOS="1879" VPOS="3535" WIDTH="75" HEIGHT="29" CONTENT="him" WC="0.90" CC="979"/>
						<SP ID="P15_SP00665" HPOS="1954" VPOS="3571" WIDTH="18"/>
						<String ID="P15_ST00720" HPOS="1972" VPOS="3536" WIDTH="40" HEIGHT="29" CONTENT="to" WC="1.00" CC="00"/>
						<SP ID="P15_SP00666" HPOS="2012" VPOS="3571" WIDTH="18"/>
						<String ID="P15_ST00721" HPOS="2030" VPOS="3535" WIDTH="108" HEIGHT="31" CONTENT="make" WC="0.94" CC="9907"/>
					</TextLine>
					<TextLine ID="P15_TL00056" HPOS="164" VPOS="3597" WIDTH="1974" HEIGHT="40">
						<String ID="P15_ST00722" HPOS="164" VPOS="3604" WIDTH="103" HEIGHT="22" CONTENT="some" WC="0.95" CC="2793"/>
						<SP ID="P15_SP00667" HPOS="267" VPOS="3626" WIDTH="38"/>
						<String ID="P15_ST00723" HPOS="305" VPOS="3597" WIDTH="209" HEIGHT="31" CONTENT="imitations" WC="0.98" CC="1940900974"/>
						<SP ID="P15_SP00668" HPOS="514" VPOS="3628" WIDTH="34"/>
						<String ID="P15_ST00724" HPOS="548" VPOS="3599" WIDTH="37" HEIGHT="30" CONTENT="of" WC="0.28" CC="67"/>
						<SP ID="P15_SP00669" HPOS="585" VPOS="3629" WIDTH="36"/>
						<String ID="P15_ST00725" HPOS="621" VPOS="3602" WIDTH="59" HEIGHT="28" CONTENT="Mr" WC="0.52" CC="72"/>
						<SP ID="P15_SP00670" HPOS="680" VPOS="3630" WIDTH="37"/>
						<String ID="P15_ST00726" HPOS="717" VPOS="3599" WIDTH="145" HEIGHT="37" CONTENT="Craig's" WC="0.97" CC="0786943"/>
						<SP ID="P15_SP00671" HPOS="862" VPOS="3636" WIDTH="35"/>
						<String ID="P15_ST00727" HPOS="897" VPOS="3599" WIDTH="120" HEIGHT="30" CONTENT="work." WC="0.97" CC="45344"/>
						<SP ID="P15_SP00672" HPOS="1017" VPOS="3636" WIDTH="43"/>
						<String ID="P15_ST00728" HPOS="1060" VPOS="3599" WIDTH="191" HEIGHT="38" CONTENT="Although" WC="0.97" CC="08099697"/>
						<SP ID="P15_SP00673" HPOS="1251" VPOS="3637" WIDTH="31"/>
						<String ID="P15_ST00729" HPOS="1282" VPOS="3601" WIDTH="77" HEIGHT="29" CONTENT="this" WC="0.95" CC="4961"/>
						<SP ID="P15_SP00674" HPOS="1359" VPOS="3637" WIDTH="28"/>
						<String ID="P15_ST00730" HPOS="1387" VPOS="3607" WIDTH="78" HEIGHT="22" CONTENT="was" WC="0.95" CC="490"/>
						<SP ID="P15_SP00675" HPOS="1465" VPOS="3637" WIDTH="33"/>
						<String ID="P15_ST00731" HPOS="1498" VPOS="3598" WIDTH="65" HEIGHT="30" CONTENT="the" WC="0.92" CC="965"/>
						<SP ID="P15_SP00676" HPOS="1563" VPOS="3637" WIDTH="38"/>
						<String ID="P15_ST00732" HPOS="1601" VPOS="3597" WIDTH="89" HEIGHT="30" CONTENT="first" WC="0.96" CC="88851"/>
						<SP ID="P15_SP00677" HPOS="1690" VPOS="3637" WIDTH="35"/>
						<String ID="P15_ST00733" HPOS="1725" VPOS="3597" WIDTH="93" HEIGHT="29" CONTENT="time" WC="0.97" CC="0096"/>
						<SP ID="P15_SP00678" HPOS="1818" VPOS="3637" WIDTH="37"/>
						<String ID="P15_ST00734" HPOS="1855" VPOS="3598" WIDTH="66" HEIGHT="30" CONTENT="the" WC="0.95" CC="076"/>
						<SP ID="P15_SP00679" HPOS="1921" VPOS="3637" WIDTH="38"/>
						<String ID="P15_ST00735" HPOS="1959" VPOS="3606" WIDTH="179" HEIGHT="28" CONTENT="manager" WC="0.96" CC="9979977"/>
					</TextLine>
					<TextLine ID="P15_TL00057" HPOS="162" VPOS="3658" WIDTH="1976" HEIGHT="42">
						<String ID="P15_ST00736" HPOS="162" VPOS="3658" WIDTH="292" HEIGHT="38" CONTENT="acknowledged" WC="0.98" CC="866969769989"/>
						<SP ID="P15_SP00680" HPOS="454" VPOS="3696" WIDTH="25"/>
						<String ID="P15_ST00737" HPOS="479" VPOS="3661" WIDTH="22" HEIGHT="16" CONTENT='"' WC="0.55" CC="4"/>
						<SP ID="P15_SP00681" HPOS="501" VPOS="3696" WIDTH="15"/>
						<String ID="P15_ST00738" HPOS="516" VPOS="3663" WIDTH="215" HEIGHT="37" CONTENT="borrowing" WC="0.98" CC="777532079"/>
						<SP ID="P15_SP00682" HPOS="731" VPOS="3700" WIDTH="12"/>
						<String ID="P15_ST00739" HPOS="743" VPOS="3662" WIDTH="37" HEIGHT="37" CONTENT='",' WC="0.77" CC="40"/>
						<SP ID="P15_SP00683" HPOS="780" VPOS="3700" WIDTH="23"/>
						<String ID="P15_ST00740" HPOS="803" VPOS="3663" WIDTH="92" HEIGHT="30" CONTENT="....to" WC="0.98" CC="440406"/>
						<SP ID="P15_SP00684" HPOS="895" VPOS="3700" WIDTH="24"/>
						<String ID="P15_ST00741" HPOS="919" VPOS="3661" WIDTH="70" HEIGHT="30" CONTENT="call" WC="0.93" CC="7988"/>
						<SP ID="P15_SP00685" HPOS="989" VPOS="3700" WIDTH="24"/>
						<String ID="P15_ST00742" HPOS="1013" VPOS="3663" WIDTH="31" HEIGHT="28" CONTENT="it" WC="0.89" CC="20"/>
						<SP ID="P15_SP00686" HPOS="1044" VPOS="3700" WIDTH="23"/>
						<String ID="P15_ST00743" HPOS="1067" VPOS="3663" WIDTH="48" HEIGHT="37" CONTENT="by" WC="1.00" CC="00"/>
						<SP ID="P15_SP00687" HPOS="1115" VPOS="3700" WIDTH="22"/>
						<String ID="P15_ST00744" HPOS="1137" VPOS="3671" WIDTH="22" HEIGHT="22" CONTENT="a" WC="0.06" CC="9"/>
						<SP ID="P15_SP00688" HPOS="1159" VPOS="3700" WIDTH="23"/>
						<String ID="P15_ST00745" HPOS="1182" VPOS="3664" WIDTH="82" HEIGHT="29" CONTENT="nice" WC="0.96" CC="7046"/>
						<SP ID="P15_SP00689" HPOS="1264" VPOS="3700" WIDTH="26"/>
						<String ID="P15_ST00746" HPOS="1290" VPOS="3670" WIDTH="161" HEIGHT="23" CONTENT="name...." WC="0.98" CC="99960234"/>
						<SP ID="P15_SP00690" HPOS="1451" VPOS="3700" WIDTH="23"/>
						<String ID="P15_ST00747" HPOS="1474" VPOS="3661" WIDTH="77" HEIGHT="30" CONTENT="this" WC="0.97" CC="0760"/>
						<SP ID="P15_SP00691" HPOS="1551" VPOS="3700" WIDTH="24"/>
						<String ID="P15_ST00748" HPOS="1575" VPOS="3667" WIDTH="77" HEIGHT="23" CONTENT="was" WC="0.97" CC="090"/>
						<SP ID="P15_SP00692" HPOS="1652" VPOS="3700" WIDTH="23"/>
						<String ID="P15_ST00749" HPOS="1675" VPOS="3661" WIDTH="68" HEIGHT="28" CONTENT="not" WC="0.95" CC="860"/>
						<SP ID="P15_SP00693" HPOS="1743" VPOS="3700" WIDTH="22"/>
						<String ID="P15_ST00750" HPOS="1765" VPOS="3660" WIDTH="65" HEIGHT="30" CONTENT="the" WC="0.95" CC="076"/>
						<SP ID="P15_SP00694" HPOS="1830" VPOS="3700" WIDTH="23"/>
						<String ID="P15_ST00751" HPOS="1853" VPOS="3660" WIDTH="89" HEIGHT="31" CONTENT="first" WC="0.98" CC="80060"/>
						<SP ID="P15_SP00695" HPOS="1942" VPOS="3700" WIDTH="22"/>
						<String ID="P15_ST00752" HPOS="1964" VPOS="3662" WIDTH="92" HEIGHT="29" CONTENT="time" WC="0.97" CC="0066"/>
						<SP ID="P15_SP00696" HPOS="2056" VPOS="3700" WIDTH="16"/>
						<String ID="P15_ST00753" HPOS="2072" VPOS="3661" WIDTH="66" HEIGHT="30" CONTENT="the" WC="0.95" CC="066"/>
					</TextLine>
					<TextLine ID="P15_TL00058" HPOS="162" VPOS="3721" WIDTH="1976" HEIGHT="38">
						<String ID="P15_ST00754" HPOS="162" VPOS="3721" WIDTH="192" HEIGHT="30" CONTENT="imitation" WC="0.98" CC="650090547"/>
						<SP ID="P15_SP00697" HPOS="354" VPOS="3751" WIDTH="24"/>
						<String ID="P15_ST00755" HPOS="378" VPOS="3722" WIDTH="70" HEIGHT="30" CONTENT="had" WC="0.94" CC="626"/>
						<SP ID="P15_SP00698" HPOS="448" VPOS="3752" WIDTH="26"/>
						<String ID="P15_ST00756" HPOS="474" VPOS="3724" WIDTH="95" HEIGHT="30" CONTENT="been" WC="0.94" CC="7269"/>
						<SP ID="P15_SP00699" HPOS="569" VPOS="3754" WIDTH="24"/>
						<String ID="P15_ST00757" HPOS="593" VPOS="3726" WIDTH="121" HEIGHT="29" CONTENT="made." WC="0.95" CC="97964"/>
						<SP ID="P15_SP00700" HPOS="714" VPOS="3755" WIDTH="44"/>
						<String ID="P15_ST00758" HPOS="758" VPOS="3725" WIDTH="75" HEIGHT="30" CONTENT="The" WC="0.95" CC="076"/>
						<SP ID="P15_SP00701" HPOS="833" VPOS="3755" WIDTH="23"/>
						<String ID="P15_ST00759" HPOS="856" VPOS="3724" WIDTH="89" HEIGHT="30" CONTENT="first" WC="0.97" CC="87900"/>
						<SP ID="P15_SP00702" HPOS="945" VPOS="3755" WIDTH="22"/>
						<String ID="P15_ST00760" HPOS="967" VPOS="3725" WIDTH="93" HEIGHT="29" CONTENT="time" WC="0.96" CC="0925"/>
						<SP ID="P15_SP00703" HPOS="1060" VPOS="3755" WIDTH="23"/>
						<String ID="P15_ST00761" HPOS="1083" VPOS="3733" WIDTH="76" HEIGHT="22" CONTENT="was" WC="0.95" CC="380"/>
						<SP ID="P15_SP00704" HPOS="1159" VPOS="3755" WIDTH="23"/>
						<String ID="P15_ST00762" HPOS="1182" VPOS="3726" WIDTH="40" HEIGHT="29" CONTENT="in" WC="0.17" CC="69"/>
						<SP ID="P15_SP00705" HPOS="1222" VPOS="3755" WIDTH="23"/>
						<String ID="P15_ST00763" HPOS="1245" VPOS="3726" WIDTH="22" HEIGHT="15" CONTENT='"' WC="0.56" CC="4"/>
						<SP ID="P15_SP00706" HPOS="1267" VPOS="3755" WIDTH="14"/>
						<String ID="P15_ST00764" HPOS="1281" VPOS="3724" WIDTH="150" HEIGHT="31" CONTENT="Salome" WC="0.95" CC="698994"/>
						<SP ID="P15_SP00707" HPOS="1431" VPOS="3755" WIDTH="68"/>
						<String ID="P15_ST00765" HPOS="1499" VPOS="3724" WIDTH="107" HEIGHT="29" CONTENT="when" WC="0.94" CC="3977"/>
						<SP ID="P15_SP00708" HPOS="1606" VPOS="3755" WIDTH="18"/>
						<String ID="P15_ST00766" HPOS="1624" VPOS="3723" WIDTH="59" HEIGHT="29" CONTENT="Mr" WC="0.19" CC="69"/>
						<SP ID="P15_SP00709" HPOS="1683" VPOS="3755" WIDTH="17"/>
						<String ID="P15_ST00767" HPOS="1700" VPOS="3722" WIDTH="143" HEIGHT="37" CONTENT="Craig's" WC="0.98" CC="0736726"/>
						<SP ID="P15_SP00710" HPOS="1843" VPOS="3759" WIDTH="17"/>
						<String ID="P15_ST00768" HPOS="1860" VPOS="3723" WIDTH="155" HEIGHT="30" CONTENT="earliest" WC="0.98" CC="19971720"/>
						<SP ID="P15_SP00711" HPOS="2015" VPOS="3759" WIDTH="15"/>
						<String ID="P15_ST00769" HPOS="2030" VPOS="3722" WIDTH="108" HEIGHT="31" CONTENT="work" WC="0.93" CC="4799"/>
					</TextLine>
					<TextLine ID="P15_TL00059" HPOS="162" VPOS="3784" WIDTH="1029" HEIGHT="39">
						<String ID="P15_ST00770" HPOS="162" VPOS="3792" WIDTH="77" HEIGHT="22" CONTENT="was" WC="0.94" CC="295"/>
						<SP ID="P15_SP00712" HPOS="239" VPOS="3814" WIDTH="24"/>
						<String ID="P15_ST00771" HPOS="263" VPOS="3784" WIDTH="186" HEIGHT="32" CONTENT="imitated." WC="0.98" CC="035673594"/>
						<SP ID="P15_SP00713" HPOS="449" VPOS="3816" WIDTH="46"/>
						<String ID="P15_ST00772" HPOS="495" VPOS="3787" WIDTH="110" HEIGHT="31" CONTENT="Later" WC="0.96" CC="79076"/>
						<SP ID="P15_SP00714" HPOS="605" VPOS="3818" WIDTH="24"/>
						<String ID="P15_ST00773" HPOS="629" VPOS="3795" WIDTH="46" HEIGHT="22" CONTENT="on" WC="0.25" CC="77"/>
						<SP ID="P15_SP00715" HPOS="675" VPOS="3818" WIDTH="25"/>
						<String ID="P15_ST00774" HPOS="700" VPOS="3789" WIDTH="31" HEIGHT="29" CONTENT="it" WC="0.96" CC="00"/>
						<SP ID="P15_SP00716" HPOS="731" VPOS="3818" WIDTH="23"/>
						<String ID="P15_ST00775" HPOS="754" VPOS="3796" WIDTH="78" HEIGHT="22" CONTENT="was" WC="0.93" CC="566"/>
						<SP ID="P15_SP00717" HPOS="832" VPOS="3818" WIDTH="24"/>
						<String ID="P15_ST00776" HPOS="856" VPOS="3788" WIDTH="22" HEIGHT="15" CONTENT='"' WC="0.56" CC="4"/>
						<SP ID="P15_SP00718" HPOS="878" VPOS="3818" WIDTH="15"/>
						<String ID="P15_ST00777" HPOS="893" VPOS="3786" WIDTH="161" HEIGHT="32" CONTENT="Twelfth" WC="0.98" CC="0478707"/>
						<SP ID="P15_SP00719" HPOS="1054" VPOS="3818" WIDTH="24"/>
						<String ID="P15_ST00778" HPOS="1078" VPOS="3787" WIDTH="113" HEIGHT="36" CONTENT="Night" WC="0.96" CC="05976"/>
					</TextLine>
				</TextBlock>
				<TextBlock ID="P15_TB00007" HPOS="2200" VPOS="1547" WIDTH="367" HEIGHT="79" STYLEREFS="TXT_3 PAR_LEFT">
					<TextLine ID="P15_TL00060" HPOS="2201" VPOS="1548" WIDTH="366" HEIGHT="38">
						<String ID="P15_ST00779" HPOS="2201" VPOS="1548" WIDTH="51" HEIGHT="29" CONTENT="It" WC="0.60" CC="52"/>
						<SP ID="P15_SP00720" HPOS="2252" VPOS="1577" WIDTH="42"/>
						<String ID="P15_ST00780" HPOS="2294" VPOS="1555" WIDTH="176" HEIGHT="31" CONTENT="poses" WC="0.96" CC="53556"/>
						<SP ID="P15_SP00721" HPOS="2470" VPOS="1586" WIDTH="38"/>
						<String ID="P15_ST00781" HPOS="2508" VPOS="1554" WIDTH="59" HEIGHT="22" CONTENT="as" WC="0.14" CC="97"/>
					</TextLine>
					<TextLine ID="P15_TL00061" HPOS="2201" VPOS="1588" WIDTH="366" HEIGHT="38">
						<String ID="P15_ST00782" HPOS="2201" VPOS="1591" WIDTH="22" HEIGHT="14" CONTENT='"' WC="0.32" CC="6"/>
						<SP ID="P15_SP00722" HPOS="2223" VPOS="1605" WIDTH="34"/>
						<String ID="P15_ST00783" HPOS="2257" VPOS="1588" WIDTH="261" HEIGHT="38" CONTENT="Original" WC="0.98" CC="76162785"/>
						<SP ID="P15_SP00723" HPOS="2518" VPOS="1626" WIDTH="31"/>
						<String ID="P15_ST00784" HPOS="2549" VPOS="1589" WIDTH="18" HEIGHT="16" CONTENT='"' WC="0.27" CC="7"/>
					</TextLine>
				</TextBlock>
				<TextBlock ID="P15_TB00008" HPOS="2202" VPOS="1919" WIDTH="365" HEIGHT="73" STYLEREFS="TXT_3 PAR_LEFT">
					<TextLine ID="P15_TL00062" HPOS="2203" VPOS="1919" WIDTH="364" HEIGHT="32">
						<String ID="P15_ST00785" HPOS="2203" VPOS="1920" WIDTH="82" HEIGHT="31" CONTENT="The" WC="0.91" CC="769"/>
						<SP ID="P15_SP00724" HPOS="2285" VPOS="1951" WIDTH="36"/>
						<String ID="P15_ST00786" HPOS="2321" VPOS="1923" WIDTH="23" HEIGHT="13" CONTENT='"' WC="0.55" CC="4"/>
						<SP ID="P15_SP00725" HPOS="2344" VPOS="1951" WIDTH="23"/>
						<String ID="P15_ST00787" HPOS="2367" VPOS="1919" WIDTH="200" HEIGHT="32" CONTENT="Deutches" WC="0.40" CC="82706777"/>
					</TextLine>
					<TextLine ID="P15_TL00063" HPOS="2203" VPOS="1961" WIDTH="364" HEIGHT="31">
						<String ID="P15_ST00788" HPOS="2203" VPOS="1962" WIDTH="297" HEIGHT="30" CONTENT="Theater" WC="0.98" CC="0037094"/>
						<String ID="P15_ST00789" HPOS="2519" VPOS="1982" WIDTH="10" HEIGHT="10" CONTENT="." WC="0.25" CC="7" STYLEREFS="TXT_6"/>
						<SP ID="P15_SP00726" HPOS="2529" VPOS="1992" WIDTH="18"/>
						<String ID="P15_ST00790" HPOS="2547" VPOS="1961" WIDTH="20" HEIGHT="17" CONTENT='"' WC="0.22" CC="7" STYLEREFS="TXT_6"/>
					</TextLine>
				</TextBlock>
				<TextBlock ID="P15_TB00009" HPOS="2202" VPOS="2292" WIDTH="370" HEIGHT="81" STYLEREFS="TXT_3 PAR_LEFT">
					<TextLine ID="P15_TL00064" HPOS="2203" VPOS="2292" WIDTH="369" HEIGHT="32">
						<String ID="P15_ST00791" HPOS="2203" VPOS="2295" WIDTH="87" HEIGHT="29" CONTENT="Its" WC="0.92" CC="649"/>
						<SP ID="P15_SP00727" HPOS="2290" VPOS="2324" WIDTH="44"/>
						<String ID="P15_ST00792" HPOS="2334" VPOS="2292" WIDTH="137" HEIGHT="31" CONTENT="lack" WC="0.95" CC="3774"/>
						<SP ID="P15_SP00728" HPOS="2471" VPOS="2324" WIDTH="43"/>
						<String ID="P15_ST00793" HPOS="2514" VPOS="2293" WIDTH="58" HEIGHT="30" CONTENT="of" WC="0.24" CC="77"/>
					</TextLine>
					<TextLine ID="P15_TL00065" HPOS="2205" VPOS="2334" WIDTH="363" HEIGHT="39">
						<String ID="P15_ST00794" HPOS="2205" VPOS="2334" WIDTH="363" HEIGHT="39" CONTENT="Originality." WC="0.99" CC="690506523264"/>
					</TextLine>
				</TextBlock>
				<TextBlock ID="P15_TB00010" HPOS="2200" VPOS="2856" WIDTH="374" HEIGHT="81" STYLEREFS="TXT_3 PAR_LEFT">
					<TextLine ID="P15_TL00066" HPOS="2201" VPOS="2858" WIDTH="373" HEIGHT="31">
						<String ID="P15_ST00795" HPOS="2201" VPOS="2858" WIDTH="292" HEIGHT="31" CONTENT="Imitations" WC="0.98" CC="8025743088"/>
						<SP ID="P15_SP00729" HPOS="2493" VPOS="2889" WIDTH="30"/>
						<String ID="P15_ST00796" HPOS="2523" VPOS="2858" WIDTH="51" HEIGHT="29" CONTENT="of" WC="0.33" CC="76"/>
					</TextLine>
					<TextLine ID="P15_TL00067" HPOS="2204" VPOS="2899" WIDTH="366" HEIGHT="38">
						<String ID="P15_ST00797" HPOS="2204" VPOS="2899" WIDTH="182" HEIGHT="38" CONTENT="Craig's" WC="0.97" CC="6083749"/>
						<SP ID="P15_SP00730" HPOS="2386" VPOS="2937" WIDTH="32"/>
						<String ID="P15_ST00798" HPOS="2418" VPOS="2899" WIDTH="152" HEIGHT="32" CONTENT="work." WC="0.96" CC="65067"/>
					</TextLine>
				</TextBlock>
				<ComposedBlock ID="P15_CB00001" HPOS="135" VPOS="490" WIDTH="630" HEIGHT="704" STYLEREFS="TXT_7 PAR_LEFT" TYPE="Illustration">
					<GraphicalElement ID="P15_CB00001_SUB" HPOS="135" VPOS="490" WIDTH="630" HEIGHT="704"/>
				</ComposedBlock>
			</PrintSpace>
		</Page>
	</Layout>
</alto>
