2733 4048
601 268 60 30 174

165 344 372 34 CHARACTER

164 387 93 29 AND
274 386 92 33 THE
385 386 152 33 ACTOR

601 350 45 24 &
706 343 76 31 The
805 343 242 31 artist«actor
1070 344 104 36 gives
1198 344 65 30 the
1288 343 87 31 best
1399 344 38 30 of
1460 344 363 39 himself—through
1849 346 58 30 his
1931 345 321 36 interpretations
2275 346 46 30 he
2354 347 147 31 unveils
2531 350 55 31 his

601 408 112 29 inner
991 412 46 25 &

602 477 46 25 &
670 470 86 36 May
779 470 13 27 I
814 469 230 36 paraphrase
1068 469 66 29 the
1159 470 142 28 dictum
1327 477 93 22 once
1444 473 244 32 pronounced
1714 473 48 35 by
1784 480 22 21 a
1829 471 187 30 dramatic
2039 472 141 29 author
2211 480 47 21 on
2291 473 66 29 the
2390 475 197 31 essentials

600 532 38 30 of
659 531 288 38 pSay=writing?
992 532 52 28 He
1075 532 80 28 said
1183 531 110 30 there
1323 539 102 22 were
1454 533 125 30 three.
1625 533 112 37 First,
1768 534 478 36 Construction—Second,
2277 535 311 31 Construction-

600 595 127 36 Third,
752 593 293 30 Construction!
1091 593 103 30 Then
1219 595 13 28 I
1254 593 125 30 would
1397 602 66 29 say
1479 594 39 30 of
1533 596 65 29 the
1616 596 202 30 essentials
1840 595 61 31 for
1923 597 67 28 the
2008 595 172 37 building
2197 604 48 28 up
2264 596 38 30 of
2317 605 47 21 an
2383 599 106 29 actor
2504 599 85 31 that

598 658 93 36 they
713 664 65 23 are
803 656 219 36 Character,
1048 657 219 35 Character,
1292 657 226 30 Character!
1680 664 46 26 &
1852 664 46 26 jg?
2542 668 43 25 &

670 721 83 35 Yes,
777 720 31 30 it
830 727 123 22 seems
976 720 41 28 to
1042 727 59 21 me
1124 720 85 29 that
1231 720 32 28 it
1285 719 39 30 is
1346 729 22 21 a
1391 721 105 36 right
1519 722 161 29 instinct
1703 722 124 29 which
1851 729 71 29 urg
1938 729 27 22 ;s
1990 729 43 21 us
2056 722 41 28 to
2124 721 91 29 seek
2245 722 65 29 the
2343 731 86 20 man
2462 724 37 27 in
2532 725 54 30 his

598 782 120 31 work.
763 783 212 35 According
997 783 40 28 to
1061 789 71 22 our
1155 783 198 36 discovery
1377 784 46 28 do
1446 791 57 22 we
1527 783 105 36 place
1656 784 77 30 him
1758 785 39 28 in
1821 792 71 22 our
1916 784 129 30 hearts
2069 784 72 28 and
2168 783 214 38 affections,
2400 793 42 21 or
2464 786 37 28 in
2519 795 68 21 our

600 845 258 37 intelligence,
882 845 72 29 and
981 852 47 21 no
1051 852 72 22 one
1148 852 68 22 can
1241 846 119 29 doubt
1382 846 88 29 that
1493 847 31 29 it
1546 854 77 22 was
1646 847 66 29 the
1736 847 111 29 heart
1876 847 72 28 and
1980 846 66 30 the
2075 845 182 30 affection
2289 845 39 31 of
2356 847 67 30 the
2455 849 130 29 nation

598 908 124 30 which
745 907 131 36 spoke,
899 907 110 30 when
1037 908 31 28 it
1091 908 210 29 demanded
1325 908 87 30 that
1434 909 60 29 Sir
1519 910 126 35 Henry
1668 910 127 35 Irving
1818 908 134 31 should
1979 910 44 28 be
2048 908 73 30 laid
2146 910 41 28 to
2210 910 82 28 rest
2315 910 38 28 in
2371 909 66 30 the
2461 910 126 38 Abbey

600 972 40 29 at
663 971 282 29 Westminster.

669 1034 13 29 I
705 1032 125 37 know,
861 1032 38 30 of
922 1040 147 28 course,
1092 1033 86 30 that
1202 1041 112 29 many
1338 1035 125 28 actors
1487 1033 39 30 of
1548 1035 148 35 genius,
1712 1035 211 35 possessed,
1941 1035 77 35 too,
2037 1033 38 30 of
2091 1035 110 35 great
2217 1033 178 37 qualities
2412 1033 38 31 of
2467 1035 120 37 heart,

600 1098 47 27 do
671 1097 68 28 not
772 1103 134 29 repose
930 1097 38 28 in
993 1096 270 29 Westminster
1296 1096 259 37 Abbey—that
1587 1097 104 28 their
1726 1098 71 27 end
1832 1105 78 21 was
1944 1098 175 35 obscure,
2155 1096 266 31 unhonoured.
2467 1098 121 36 Why?

602 1160 165 30 Because
790 1160 67 29 the
881 1159 235 37 unthinking
1137 1159 117 30 world
1280 1160 67 28 has
1371 1160 220 29 sometimes
1614 1159 144 36 spoken
1783 1159 227 38 slightingly
2034 1160 38 29 of
2095 1168 21 21 a
2140 1159 64 30 life
2232 1160 162 30 devoted
2425 1161 40 29 to
2495 1161 92 30 Art?

600 1223 141 29 Never!
786 1223 165 29 Because
976 1221 39 31 of
1037 1223 67 29 the
1127 1223 166 29 medium
1318 1223 39 28 in
1380 1222 125 29 which
1527 1222 91 36 they
1644 1221 185 30 worked?
1876 1223 140 29 Never!
2063 1223 73 29 But
2166 1223 160 29 because
2357 1223 38 28 in
2424 1223 68 29 the
2522 1225 63 28 sad

601 1286 194 29 instances
818 1286 13 29 I
856 1286 94 29 have
973 1286 39 29 in
1037 1294 62 28 my
1122 1286 117 36 mind,
1261 1285 60 30 for
1343 1293 158 22 reasons
1524 1286 82 27 into
1630 1285 126 29 which
1781 1286 32 28 it
1835 1292 101 22 were
1961 1284 89 38 only
2073 1284 146 36 painful
2243 1287 39 28 to
2310 1286 165 36 inquire,
2498 1286 90 37 they

600 1348 71 30 had
689 1350 84 34 step
795 1349 49 36 by
859 1349 84 35 step
959 1348 76 30 lost
1050 1348 86 30 that
1197 1349 196 36 captaincy
1418 1347 37 31 of
1477 1348 66 29 the
1716 1348 48 35 by
1787 1348 100 29 vices
1911 1348 178 36 acquired
2115 1355 42 22 or
2181 1348 38 30 of
2241 1348 66 30 the
2331 1348 110 30 blood
2465 1349 124 29 which

598 1411 134 37 finally
748 1411 70 30 left
833 1412 105 29 them
952 1412 23 14 44
986 1411 154 36 lagging
1455 1412 177 33 Because,
1651 1411 37 28 in
1703 1419 21 21 a
1736 1411 119 36 word,
1872 1411 103 29 their
1992 1411 218 29 characters
2227 1411 71 29 had
2315 1412 272 30 deteriorated.

669 1474 75 30 The
768 1475 102 29 train
894 1473 38 30 of
955 1474 166 37 thought
1143 1475 122 28 which
1289 1475 78 28 this
1392 1474 281 29 consideration
1698 1481 117 28 opens
1840 1481 48 29 up
1913 1482 131 21 covers
2068 1475 64 28 too
2156 1475 86 28 vast
2271 1483 22 20 a
2314 1473 90 31 field
2439 1473 61 31 for
2529 1482 59 23 me

598 1538 41 28 to
663 1544 154 29 pursue,
842 1538 12 28 I
878 1536 88 37 only
981 1537 116 29 touch
1115 1544 101 28 upon
1232 1537 32 29 it
1279 1538 40 28 to
1337 1535 153 31 enforce
1508 1544 61 29 my
1583 1536 215 30 conviction
1811 1536 88 30 that
1910 1537 67 29 the
1992 1538 107 28 actor
2117 1537 38 29 in
2173 1537 193 36 imitating
2384 1537 205 36 Humanity

598 1600 33 28 is
654 1598 144 37 largely
821 1599 218 29 dominated
1065 1600 47 35 by
1135 1607 72 21 one
1231 1598 38 30 of
1291 1599 58 29 his
1374 1606 112 29 many
1508 1606 103 29 egos,
1636 1599 72 29 and
1732 1598 86 30 that
1842 1599 60 35 he,
1927 1600 38 27 in
1989 1600 105 33 turn,
2113 1600 103 28 must
2232 1600 153 35 acquire
2402 1599 67 29 the
2485 1599 103 29 force

600 1661 38 30 of
661 1662 198 29 character
880 1663 41 28 to
945 1661 95 36 keep
1064 1662 39 29 in
1127 1661 214 36 subjection
1364 1661 65 30 the
1453 1668 122 23 worse
1599 1668 43 23 or
1666 1660 152 37 ignoble
1842 1661 115 30 traits
1981 1661 37 30 of
2041 1661 110 30 these
2168 1670 102 28 egos.
2317 1663 68 30 Let
2402 1670 44 22 us
2461 1661 127 30 follow

599 1725 65 30 the
688 1725 130 29 advice
842 1723 38 30 of
903 1724 60 30 old
990 1725 135 29 Cronus
1151 1726 41 27 to
1216 1724 57 29 his
1296 1732 83 28 son,
1403 1725 23 14 44
1440 1725 63 35 My
1526 1725 85 35 boy,
1634 1724 108 35 paint
1764 1724 105 29 what
1891 1731 73 29 you
1989 1732 77 28 see,
2084 1725 70 28 but
2170 1724 28 29 if
2214 1725 30 28 it
2261 1725 32 28 is
2309 1724 89 37 only
2414 1733 21 20 a
2451 1725 137 36 pigsty,

598 1787 146 37 dignify
884 1788 80 28 And
989 1795 40 21 as
1052 1795 57 21 we
1133 1787 102 36 hang
1257 1787 65 29 the
1346 1787 148 36 picture
1519 1786 39 30 of
1580 1787 66 29 the
1670 1788 125 35 pigsty
1818 1795 48 21 on
1884 1794 71 22 our
1970 1786 106 30 walls
2093 1787 72 29 and
2183 1786 88 30 look
2288 1788 40 28 at
2343 1787 32 29 it
2389 1787 95 29 with
2500 1795 89 22 ever

597 1849 105 30 fresh
726 1849 158 37 delight,
909 1849 54 30 let
981 1858 42 21 us
1047 1851 214 28 remember
1277 1850 87 29 that
1379 1850 67 29 the
1462 1849 107 30 work
1586 1848 38 31 of
1640 1851 61 28 art
1717 1849 104 37 gives
1839 1858 43 21 us
1898 1849 61 37 Joy
1977 1850 160 29 because
2154 1858 57 21 we
2227 1858 64 21 see
2307 1850 66 29 the
2392 1850 197 30 character

599 1911 38 30 of
658 1913 67 28 the
749 1920 86 21 man
861 1913 137 29 behind
1025 1912 65 29 the
1114 1913 74 34 art,
1212 1912 84 29 who
1322 1912 66 30 has
1413 1911 203 37 purposely
1639 1912 167 30 selected
1830 1912 66 30 the
1921 1912 186 30 beautiful
2125 1913 79 29 side
2222 1911 38 31 of
2276 1913 58 29 his
2349 1912 151 36 subject
2515 1914 72 29 and

599 1975 245 36 disregarded
868 1975 65 29 the
958 1976 103 28 base.
1168 1980 44 24 &

598 2043 46 25 &
668 2037 75 30 The
767 2045 129 29 power
919 2037 39 30 of
980 2046 46 21 an
1052 2038 107 29 actor
1183 2036 38 31 of
1242 2036 333 36 well=disciplined
1601 2037 198 30 character
1821 2046 91 21 over
1936 2038 57 29 his
2016 2038 184 29 audience
2223 2039 32 28 is
2279 2039 201 35 immense;
2503 2039 87 29 that

598 2108 141 28 power,
764 2108 40 22 as
826 2101 61 28 Sir
911 2099 195 30 Theodore
1134 2100 148 29 Martin
1308 2100 66 29 has
1398 2101 94 35 said,
1517 2101 30 28 is
1759 2101 38 28 in
1820 2101 50 29 its
2151 2101 86 35 May
2255 2101 11 28 I
2284 2102 115 35 quote
2410 2101 179 33 .another

598 2163 183 36 eloquent
818 2171 157 28 passage
1005 2162 98 30 from
1134 2163 67 30 the
1232 2171 103 21 same
1367 2162 175 30 brilliant
1580 2164 73 28 and
1691 2163 126 37 rarely
1851 2164 182 29 endowed
2069 2164 127 28 critic;
2207 2180 40 4 —
2373 2169 45 24 &

804 2234 128 28 power
956 2225 38 30 of
1018 2227 57 28 his
1098 2227 153 35 genius,
1274 2226 123 29 which
1423 2227 68 29 has
1516 2228 95 28 been
1635 2227 185 29 reflected
1844 2228 41 28 to
1910 2227 77 29 him
2013 2227 37 29 in
2075 2227 66 29 the
2164 2226 174 36 palpable
2362 2227 168 29 emotion
2548 2235 42 21 or

638 2289 153 36 ringing
804 2288 165 36 plaudits
986 2288 39 29 of
1037 2289 58 29 his
1110 2289 196 36 audience,
1322 2289 66 29 has
1402 2290 144 35 opened
1562 2297 49 28 up
1624 2291 40 28 to
1680 2290 105 29 them
1800 2298 20 20 a
1833 2290 120 28 world
1969 2288 38 30 of
2019 2290 135 36 poetry
2168 2289 72 30 and
2255 2290 181 35 emotion,
2452 2289 136 35 which,

640 2353 68 29 but
729 2351 61 30 for
813 2351 91 36 him,
927 2351 91 37 they
1034 2350 125 30 would
1179 2359 117 22 never
1314 2352 95 29 have
1437 2351 154 30 known.
1638 2353 63 29 His
1726 2355 21 26 6
1747 2355 43 26 so
1807 2353 136 34 potent
1959 2351 84 30 art'
2068 2352 66 29 has
2159 2351 205 31 awakened
2387 2352 107 29 them
2512 2353 40 29 to
2569 2360 20 21 a

638 2414 223 36 knowledge
886 2413 38 30 of
946 2415 103 28 their
1066 2422 84 21 own
1169 2415 144 35 hearts,
1339 2416 9 13 4
1363 2415 133 29 shown
1512 2415 106 29 them
1640 2415 111 29 noble
1776 2415 117 36 lights
1910 2416 37 28 in
1965 2415 102 29 their
2091 2423 84 21 own
2192 2414 110 30 soul.'
2348 2415 32 29 It
2396 2415 67 29 has
2481 2414 106 31 lifted

598 2480 23 13 44
638 2477 106 30 them
767 2476 60 31 for
844 2485 20 21 a
880 2477 96 29 time
1000 2478 118 29 above
1143 2477 66 29 the
1234 2477 286 35 commonplace
1545 2477 38 30 of
1599 2477 103 30 their
1726 2477 101 37 daily
1850 2477 84 36 life;
1959 2477 32 30 it
2014 2477 67 30 has
2103 2478 174 29 widened
2301 2477 67 30 the
2392 2477 137 37 sphere
2553 2477 37 30 of

598 2542 23 14 44
638 2540 102 30 their
756 2540 247 36 sympathies,
1018 2539 147 30 flashed
1184 2540 98 37 light
1304 2547 100 29 upon
1421 2540 66 29 the
1505 2541 245 35 conceptions
1774 2539 38 30 of
1833 2541 67 28 the
1924 2542 171 34 greatest
2111 2542 109 34 poets
2242 2541 124 29 which
2392 2540 65 31 has
2481 2542 108 28 made

598 2605 23 14 44
638 2605 105 29 them
768 2603 118 36 living
910 2603 184 37 realities,
1118 2604 72 28 and
1216 2604 38 29 in
1272 2604 117 36 doing
1409 2603 89 35 this,
1518 2604 30 28 it
1565 2603 66 29 has
1649 2603 302 29 communicated
1969 2603 181 36 impulses
2171 2603 125 29 which
2319 2611 86 29 may
2422 2604 165 30 exercise

598 2669 24 15 44
638 2676 21 20 a
683 2667 141 36 lasting
847 2665 194 31 influence
1057 2665 61 31 for
1142 2667 96 36 good
1263 2674 47 22 on
1329 2667 66 29 the
1413 2666 94 30 lives
1532 2665 38 30 of
1585 2666 224 30 thousands.
1834 2667 71 29 Not
1928 2667 38 28 in
1990 2667 91 29 vain
2106 2666 66 30 has
2188 2667 47 28 he
2252 2665 112 37 lived,
2387 2667 85 28 who
2490 2674 99 22 owes

598 2731 23 14 44
638 2729 92 30 such
764 2736 151 23 success
948 2730 40 28 to
1024 2729 140 37 having
1197 2729 181 37 wrought
1408 2729 94 30 with
1536 2737 22 21 a
1592 2736 94 28 pure
1720 2729 73 29 aim
1818 2730 40 29 to
1881 2730 93 28 turn
1998 2730 40 28 to
2061 2729 67 29 the
2152 2729 154 36 highest
2331 2730 164 29 account
2524 2729 64 29 the

598 2791 139 38 special
760 2791 73 38 gift
856 2790 38 32 of

667 2855 30 30 If
719 2862 90 23 ever
831 2855 111 29 there
965 2862 78 22 was
1066 2862 48 22 an
1138 2856 107 28 actor
1268 2856 41 28 to
1332 2855 125 29 whom
1482 2855 108 29 these
1616 2854 182 36 eloquent
1820 2855 126 29 words
1970 2854 109 30 could
2105 2854 110 37 apply
2239 2855 29 28 it
2292 2855 31 29 is
2346 2855 40 29 to
2405 2863 61 28 my
2483 2855 107 36 great

600 2919 156 36 master,
778 2919 61 29 Sir
864 2919 127 36 Henry
1014 2918 138 36 Irving.
1198 2918 133 36 Never,
1355 2918 176 36 perhaps,
1554 2925 78 22 was
1662 2917 111 30 there
1804 2925 47 21 an
1882 2919 109 28 actor
2020 2917 128 30 whose
2180 2917 212 37 character,
2422 2925 71 22 one
2521 2916 69 31 felt

600 2980 277 38 instinctively,
899 2989 78 21 was
1002 2989 105 21 more
1132 2980 129 38 highly
1285 2982 73 29 and
1384 2980 114 37 nobly
1522 2979 207 37 developed
1753 2980 170 37 through
1948 2980 58 30 his
2030 2981 74 29 art.
2373 2987 45 24 &
2546 2985 43 25 &

599 3050 45 24 &
668 3044 132 31 Ladies
823 3044 73 30 and
920 3043 234 38 gentlemen,
1179 3045 12 28 I
1214 3051 77 23 was
1313 3043 61 31 for
1395 3043 138 31 fifteen
1555 3051 112 29 years
1690 3044 123 29 under
1837 3043 90 36 him,
1952 3044 73 28 and
2048 3051 78 22 was
2145 3051 116 22 never
2279 3051 137 22 nearer
2437 3044 40 28 to
2502 3043 88 35 him,

600 3109 38 28 in
663 3115 71 22 one
758 3114 125 29 sense,
906 3107 92 29 than
1023 3107 66 29 the
1112 3107 144 30 veriest
1290 3107 72 37 boy
1385 3107 38 28 in
1447 3107 66 28 the
1548 3105 146 38 gallery
1727 3105 39 30 of
1799 3107 59 28 his
1891 3106 167 30 theatre.
2104 3106 121 29 There
2261 3114 77 21 was
2373 3106 217 34 something

599 3169 257 37 enigmatical,
880 3171 230 35 mysterious
1133 3170 72 29 and
1232 3169 160 37 baffling
1414 3170 118 28 about
1557 3169 88 28 him.
1693 3169 73 29 But
1783 3170 30 28 it
1830 3177 78 22 was
1932 3170 174 35 because,
2129 3169 169 35 through
2317 3168 58 30 his
2391 3170 74 34 art,
2484 3170 12 27 I
2512 3175 76 22 was

600 3232 293 38 unconsciously
917 3234 168 36 brought
1107 3232 81 32 face
1212 3234 40 28 to
1275 3232 82 31 face
1381 3232 92 30 with
1499 3232 60 30 his
1581 3231 97 37 soul,
1703 3232 57 30 his
1785 3234 123 35 great,
1932 3233 202 36 enduring,
2159 3231 188 31 steadfast
2376 3231 97 38 soul,
2503 3231 84 30 that

600 3298 12 28 I
635 3297 141 29 adored
800 3297 91 29 him.
936 3297 33 29 It
990 3304 78 22 was
1089 3295 61 31 for
1172 3297 67 29 the
1262 3303 104 23 same
1389 3303 136 21 reason
1549 3295 88 29 that
1658 3295 67 29 the
1749 3295 154 36 English
1927 3297 134 34 people
2078 3296 140 29 adored
2236 3296 92 36 him,
2345 3296 73 28 and
2436 3296 31 28 it
2482 3295 32 29 is
2529 3293 58 31 for

599 3360 58 30 his
679 3359 188 32 steadfast
889 3359 97 37 soul,
1009 3360 134 29 rather
1164 3360 95 29 than
1277 3359 59 30 his
1352 3366 86 22 rare
1456 3357 371 38 accomplishments,
1843 3359 90 29 that
1948 3359 58 30 his
2023 3367 110 22 name
2149 3358 77 31 will
2244 3359 45 30 be
2306 3358 279 36 imperishable.

676 3423 29 30 If
727 3431 71 21 our
820 3424 161 29 Saviour
1004 3424 68 29 has
1094 3424 221 29 sometimes
1338 3420 157 38 puzzled
1521 3429 43 21 us
1588 3422 175 36 because,
1787 3423 140 36 during
1948 3423 65 29 His
2029 3422 180 37 ministry
2225 3430 48 21 on
2290 3422 80 30 this
2387 3422 123 36 earth,
2535 3422 49 28 He

597 3486 80 30 said
703 3486 163 37 nothing
889 3487 118 29 about
1030 3487 75 36 art,
1128 3494 57 22 we
1210 3494 85 29 may
1318 3486 45 28 be
1386 3491 89 23 sure
1499 3484 86 29 that
1608 3485 32 29 it
1661 3493 79 21 was
1764 3486 68 28 not
1856 3486 162 29 because
2048 3486 52 28 He
2128 3486 159 35 ignored
2314 3485 68 29 the
2409 3490 174 30 supreme

598 3549 236 36 importance
858 3548 38 30 of
917 3550 71 29 Art
1011 3549 38 29 in
1073 3556 72 22 our
1167 3547 101 38 daily
1291 3547 83 36 life;
1399 3547 69 29 but
1492 3547 160 30 because
1672 3548 63 29 His
1750 3547 90 30 first
1856 3556 85 21 care
1957 3556 78 22 was
2051 3547 60 30 for
2126 3548 66 29 the
2211 3547 198 30 character
2436 3547 73 30 and
2534 3546 49 28 He

599 3612 102 29 must
724 3612 95 30 have
844 3610 138 32 known
1005 3612 87 30 that
1115 3610 28 31 if
1165 3611 66 30 the
1255 3610 199 31 character
1477 3610 31 29 is
1533 3610 125 37 noble,
1682 3610 111 31 noble
1818 3612 70 29 Art
1909 3610 78 31 will
2010 3609 142 32 follow.
2196 3616 45 25 &
2539 3613 43 26 &

168 478 233 31 Three
464 487 21 22 e
500 486 38 23 s°*

164 529 114 22 sen
303 520 231 31 tials.

166 1477 146 31 The
376 1487 158 23 man

164 1518 220 32 behind
442 1520 92 31 the

166 1562 250 31 work,
488 1569 46 24 jg?

164 2039 79 32 Sir
265 2040 268 32 Theodore

164 2082 355 31 Martin
523 2105 10 9 .

165 3043 103 31 The
303 3046 162 28 secret
486 3043 52 31 of

163 3086 160 38 Irving*
323 3093 21 23 s
384 3094 151 31 power.
