2375 4049
260 228 0 0 184

201 275 27 29 A
253 274 110 30 critic
392 272 135 32 should
561 274 44 30 be
638 281 104 23 more
767 274 144 31 careful
935 276 94 30 than
1053 277 40 29 to
1117 278 47 29 do

200 325 94 31 such
309 333 22 22 a
346 325 123 38 thing,
487 327 73 29 and
577 334 58 22 we
657 325 76 31 feel
749 333 93 30 very
859 327 197 38 decidedly
1078 329 88 30 that

202 386 21 22 a
246 378 110 30 critic
377 377 136 31 should
538 377 152 31 confine
714 377 152 31 himself
887 380 42 29 to
946 387 71 23 one
1035 380 38 30 of
1089 381 76 30 two

200 430 156 37 things:
381 430 46 30 he
461 429 135 30 should
632 430 126 30 either
795 431 113 29 write
945 432 118 30 about
1098 433 67 29 the

200 483 139 36 theory
361 481 39 30 of
421 482 66 30 the
511 483 75 36 art,
609 490 56 29 or,
688 483 48 29 he
759 482 136 30 should
919 484 112 30 write
1047 486 120 29 about

200 535 66 30 the
303 534 153 32 theatre
494 542 41 22 as
568 535 32 29 it
633 535 31 30 is
697 535 148 37 to-day,
879 537 201 36 accepting
1115 539 50 29 its

201 585 226 38 vulgarities
450 594 41 22 as
513 587 132 37 things
670 588 67 29 not
759 587 41 30 to
818 588 45 29 be
888 589 173 37 avoided,
1092 591 71 28 and

200 638 137 38 taking
354 646 21 23 a
391 639 155 30 decided
561 639 112 30 stand
690 640 39 28 in
746 638 108 31 favor
871 639 38 30 of
923 641 67 30 the
1007 642 157 30 modern

200 691 153 30 theatre
377 699 40 22 as
440 692 32 29 it
492 691 45 30 is.
575 692 75 29 But
671 692 42 29 to
739 692 44 29 be
808 692 154 30 neither
977 701 21 22 a
1027 694 139 38 theory

200 743 160 30 student
393 742 39 30 of
463 743 67 29 the
565 744 62 29 art
661 751 71 22 nor
764 744 41 29 to
840 744 46 29 be
920 752 22 22 a
971 745 194 38 thorough

201 796 160 29 student
384 794 38 30 of
443 794 66 30 the
534 796 159 29 modern
716 796 155 30 theatre
899 798 90 34 puts
1012 805 22 22 a
1057 799 109 29 critic

200 848 39 29 in
263 855 48 22 an
335 846 153 31 awkard
513 848 167 35 position
702 846 100 31 from
829 848 138 37 which,
995 850 38 29 in
1056 851 108 36 time,

201 900 47 30 he
270 899 77 30 will
372 900 69 29 not
464 900 45 29 be
533 898 84 31 able
640 900 41 29 to
706 900 187 30 extricate
917 901 164 31 himself.
1120 909 45 24 &

200 952 67 30 We
284 951 95 31 have
396 951 117 30 heard
527 952 32 29 it
570 953 80 29 said
664 952 88 30 that
764 961 22 21 a
798 954 110 29 critic
925 954 31 29 is
974 955 68 28 not
1058 953 105 31 often

201 1003 159 30 allowed
374 1004 40 29 to
427 1004 112 29 write
554 1003 49 30 all
620 1004 48 30 he
681 1003 140 39 would,
834 1006 73 29 and
922 1006 31 29 it
966 1007 31 28 is
1010 1005 153 37 implied

201 1056 48 36 by
260 1055 79 30 this
354 1055 87 30 that
453 1055 58 30 his
526 1056 86 30 best
624 1056 31 30 is
667 1056 202 31 with=held
889 1056 99 31 from
1003 1066 57 21 us.
1079 1059 86 35 But,

201 1108 32 29 is
257 1108 68 29 not
346 1107 78 30 this
447 1116 22 22 a
492 1107 101 31 little
618 1109 56 30 bit
697 1107 39 32 of
765 1117 49 22 an
843 1109 165 30 excuse?
1053 1110 114 30 What

201 1160 134 31 Editor
368 1167 90 23 ever
495 1160 153 30 refused
687 1169 22 22 a
746 1160 172 31 brilliant
956 1162 181 29 criticism
1148 1161 18 30 ?

200 1213 105 29 what
328 1213 111 29 critic
462 1220 76 23 was
562 1220 91 23 ever
675 1212 168 37 rejected
867 1213 62 30 for
950 1212 137 38 taking
1114 1221 50 29 up

201 1272 22 22 a
246 1263 160 31 definite
429 1265 165 36 position
608 1264 19 30 ?

202 1316 66 30 We
282 1316 135 30 should
431 1316 87 30 that
532 1317 57 29 Mr
603 1317 181 36 Baughan
815 1317 124 37 could,
952 1318 94 29 with
1057 1319 110 35 great

202 1369 213 36 advantage
464 1370 42 28 to
557 1368 164 37 himself,
766 1370 118 35 spend
932 1370 78 29 two
1053 1377 112 30 years

201 1421 183 36 studying
417 1421 59 29 Mr
506 1420 129 30 Tree's
665 1419 109 31 work
804 1421 40 29 at
875 1422 64 29 His
969 1421 196 36 Majesty's

203 1471 176 30 Theatre.
410 1472 52 29 He
479 1471 126 30 would
622 1472 94 29 then
734 1471 106 31 learn
857 1473 68 29 the
941 1472 225 31 difficulties

202 1524 124 29 which
344 1524 108 30 beset
466 1524 68 30 the
548 1525 158 28 modern
719 1525 154 30 theatre
887 1525 73 30 and
974 1525 47 30 he
1038 1525 125 30 would

203 1576 92 30 then
326 1576 164 36 perhaps
521 1575 254 31 understand
778 1599 9 14 ,
833 1578 53 29 He
915 1577 125 30 would
1071 1578 95 30 have

202 1629 41 28 to
267 1629 114 35 study
398 1629 31 28 it
443 1627 99 31 from
559 1628 66 30 the
642 1629 109 36 stage
772 1628 104 31 itself
892 1630 72 29 and
984 1631 68 28 not
1066 1629 99 30 from

201 1680 66 29 the
289 1679 107 31 front
419 1679 38 30 of
479 1680 65 30 the
568 1681 133 30 house.
948 1688 46 25 &
1121 1688 46 25 &

207 1731 120 31 There
349 1732 33 30 is
405 1730 74 32 less
502 1740 137 22 excuse
654 1732 61 30 for
730 1734 60 28 Mr
807 1733 181 36 Baughan
1012 1732 156 38 making

204 1782 183 32 mistakes
417 1784 118 30 about
564 1785 60 29 Mr
654 1784 145 37 Craig's
822 1784 140 37 works,
985 1784 61 31 for
1068 1785 29 30 if
1120 1786 47 29 he

203 1835 96 30 likes
323 1836 47 29 he
394 1843 68 23 can
487 1837 90 29 read
601 1837 104 29 what
721 1838 60 28 Mr
798 1838 112 37 Craig
927 1838 66 29 has
1008 1838 157 30 written

201 1888 74 29 and
299 1888 205 30 whenever
528 1889 47 29 he
599 1889 157 30 chooses
783 1890 41 29 to
856 1890 46 29 do
933 1897 55 28 so;
1021 1890 45 29 he
1089 1889 78 31 will

201 1939 95 30 then
314 1940 94 29 have
423 1948 48 22 no
488 1948 136 22 excuse
648 1940 60 30 for
721 1940 156 38 making
898 1941 154 31 further
1079 1943 88 29 mis=

202 1992 232 31 statements
467 2000 42 22 as
535 1993 41 29 to
607 1993 71 30 Mr.
719 1993 160 36 Craig's
902 1994 195 29 intention
1128 1995 39 28 in

203 2043 59 30 his
288 2045 74 28 art.
949 2052 45 24 &
1122 2052 45 24 &

205 2125 409 35 SCHOLARSHIPS
676 2127 72 30 ON
807 2127 361 35 PROHIBITIVE

205 2188 243 35 TERMS.
777 2196 45 25 &
950 2196 45 25 &
1123 2198 44 25 &

203 2263 56 29 On
281 2263 67 29 the
370 2261 84 31 face
478 2261 38 31 of
539 2263 31 29 it
592 2270 125 23 seems
741 2271 40 22 as
809 2263 167 37 thought
1004 2264 60 30 Mr
1094 2265 71 30 Lee

203 2315 192 29 Schubert
432 2315 105 29 must
573 2315 96 30 have
706 2315 67 30 the
810 2316 186 30 interests
1034 2315 39 30 of
1110 2317 57 29 his

203 2366 213 38 profession
430 2367 189 37 seriously
631 2369 41 29 at
684 2368 123 37 heart,
820 2367 60 31 for
892 2376 57 22 we
962 2368 107 30 learn
1083 2369 87 29 that

240 2421 41 28 to
294 2418 197 31 stimulate
504 2421 166 28 interest
685 2420 40 29 in
742 2421 187 29 dramatic
954 2422 62 28 art
1031 2428 138 29 among

204 2471 67 31 the
294 2479 174 29 younger
491 2472 190 29 members
706 2471 38 30 of
766 2472 67 29 the
1122 2473 46 29 he

204 2524 67 29 has
288 2524 156 29 decided
462 2525 42 28 to
528 2524 183 30 establish
728 2525 77 29 two
822 2525 125 35 prizes
962 2525 124 30 which
1104 2532 64 23 are

205 2577 40 29 to
271 2575 91 30 take
392 2576 67 29 the
487 2575 99 30 form
617 2576 38 30 of
683 2576 132 37 yearly
843 2576 258 37 scholarships
1129 2579 41 28 at

203 2628 68 30 the
299 2627 163 31 Theatre
700 2629 39 29 in
772 2628 107 30 Paris
910 2630 74 28 and
1016 2629 76 29 will
1124 2630 45 29 be

206 2680 176 30 awarded
407 2680 41 29 at
469 2680 67 30 the
560 2680 73 30 end
657 2679 40 31 of
720 2681 91 29 each
835 2689 136 21 season
994 2682 41 29 to
1102 2681 67 30 the

207 2733 101 29 most
344 2732 205 37 deserviug
586 2733 108 29 actor
732 2734 73 28 and
843 2734 146 29 actress
1026 2734 39 29 in
1102 2734 67 29 the

205 2784 192 30 Schubert
420 2785 192 29 Dramatic

206 2835 87 31 This
306 2844 123 22 seems
443 2836 106 37 quite
566 2844 46 22 an
631 2835 189 31 excellent
835 2837 174 36 proposal
1027 2838 40 29 at
1081 2837 90 30 first

205 2889 104 36 sight
332 2889 72 29 and
422 2887 131 38 highly
569 2889 39 28 to
626 2889 60 29 Mr
701 2889 224 31 Schubert's
942 2890 142 36 credit;
1102 2891 69 28 but

207 2939 55 32 let
284 2948 44 22 us
351 2948 155 22 reserve
530 2947 71 23 our
624 2939 202 38 judgment
848 2941 113 31 while
981 2950 57 21 we
1055 2941 114 30 listen

207 2993 40 30 to
271 2993 66 30 the
360 2993 133 29 terms.

207 3044 113 38 First,
473 3045 201 30 candidate
703 3047 103 28 must
830 3047 45 29 be
900 3048 175 29 between
1104 3047 66 29 the

206 3105 90 29 ages
320 3096 38 31 of
383 3098 145 36 twenty
551 3097 73 29 and
649 3097 125 37 thirty
849 3099 86 29 that
962 3099 32 29 is
1020 3099 41 29 to
1092 3106 78 29 say,

206 3148 126 31 talent
356 3148 129 31 before
508 3150 149 36 twenty
680 3151 142 28 cannot
850 3151 45 29 be
922 3152 224 35 recognised
1161 3159 9 27 ;

206 3201 125 31 talent
343 3200 102 31 after
457 3201 124 37 thirty
597 3203 104 29 must
937 3203 95 36 hope
1098 3203 73 29 But

208 3252 96 39 why
355 3254 174 30 between
545 3255 148 36 twenty
709 3256 73 28 and
799 3255 123 37 thirty
990 3256 100 29 Have
1104 3256 68 28 not

208 3306 266 30 innumerable
492 3307 134 29 artists
642 3308 156 30 evinced
816 3315 93 30 very
931 3306 239 31 remarkable

207 3366 149 29 powers
379 3358 131 32 before
525 3359 88 31 that
635 3360 101 34 date,
751 3367 55 28 or,
824 3359 225 36 developing
1067 3366 104 22 more

207 3411 158 38 tardily,
389 3411 132 31 shown
546 3413 69 29 but
645 3420 21 22 a
688 3412 111 30 small
823 3413 224 36 proportion
1072 3411 98 30 until

208 3463 101 31 after
331 3465 32 29 it
374 3464 19 30 ?
417 3464 136 33 Rachel
575 3472 78 23 was
685 3464 150 31 famous
864 3466 40 28 at
941 3466 206 28 seventeen
1162 3473 8 27 ;

210 3517 127 36 Irving
359 3524 91 29 was,
473 3524 57 23 we
548 3517 158 37 believe,
723 3519 85 34 past
829 3518 125 36 thirty
978 3515 130 32 before
1125 3516 46 30 he

208 3569 172 30 attained
405 3570 226 29 distinction
648 3571 39 28 in
710 3571 59 29 his
791 3570 121 30 work.

208 3621 134 37 Again,
519 3623 103 29 must
645 3623 94 30 have
773 3631 22 22 a
817 3621 184 38 speaking
1030 3621 80 30 role
1134 3621 38 31 of

210 3679 103 24 some
347 3674 251 38 importance,
633 3675 69 30 but
736 3683 48 22 no
818 3676 101 29 stars
953 3681 43 23 or
1021 3672 151 38 players

210 3725 84 30 who
318 3733 65 23 are
407 3729 10 15 *
429 3726 202 31 featured'
654 3727 77 31 will
756 3729 46 29 be
832 3726 185 31 admitted
1041 3727 41 29 to
1105 3727 66 30 the

209 3779 250 35 competition
535 3780 101 31 Thus
652 3788 58 23 we
732 3788 64 23 see
818 3780 101 36 that,
942 3780 140 36 having
1104 3779 68 31 eli

1234 279 169 29 initiated
1439 287 21 22 a
1484 279 105 37 large
1625 282 162 30 number
1812 285 46 35 by
1892 286 59 31 his
1985 296 68 29 age
2089 291 109 42 limit,

1236 331 59 29 Mr
1329 331 191 31 Schubert
1563 331 155 32 further
1763 343 172 25 narrows
1980 341 110 31 down
2135 346 63 32 the

1232 383 165 35 possible
1433 385 222 29 candidates
1690 387 47 36 by
1761 390 152 37 cutting
1947 394 69 29 out
2039 394 48 31 all
2116 399 82 30 who

1236 435 147 35 have,...
1418 437 30 28 it
1481 437 32 29 is
1547 438 40 28 to
1625 438 45 29 be
1705 443 175 29 assumed
1907 444 47 36 by
1986 454 22 20 a
2042 449 153 31 marked

1234 487 145 38 display
1396 487 38 31 of
1448 487 178 32 talent....
1643 491 154 31 worked
1815 494 104 31 their
1935 505 83 29 way
2034 498 162 35 forward

1229 540 44 29 to
1296 540 68 29 the
1388 541 235 30 honourable
1641 544 165 34 position
1831 546 40 30 of
1892 548 23 15 44
1929 550 101 30 stars
2116 554 71 30 But

1233 590 39 31 of
1298 600 148 30 course,
1480 594 67 29 the
1581 596 149 29 reward
1766 597 38 30 of
1839 600 115 37 being
1977 603 8 14 4
1998 602 177 42 featured
2191 609 8 12 '

1230 644 137 30 should
1392 646 46 29 be
1472 645 38 30 of
1543 646 105 31 itself
1684 648 199 33 sufficient
1916 654 166 32 without
2115 658 85 32 that

1231 697 211 30 additional
1466 699 104 35 prize
1594 698 38 30 of
1665 708 22 21 a
1719 708 93 30 year
1846 704 37 29 in
1921 705 105 32 Paris
2061 710 41 28 at
2135 710 64 31 the

1232 748 164 31 Theatre
1639 759 45 24 &

1233 801 147 37 Having
1401 803 92 29 thus
1517 803 143 38 clearly
1693 804 74 31 laid
1796 807 110 30 down
1930 811 66 29 the
2020 813 120 31 limits
2163 814 37 31 of

1231 853 67 29 the
1333 853 96 31 class
1451 855 124 30 which
1609 864 86 30 may
1719 858 90 30 dare
1843 861 41 28 to
1907 863 126 35 aspire
2067 865 41 29 to
2142 866 57 31 his

1232 905 268 38 scholarships,
1524 908 60 29 Mr
1606 909 193 32 Schubert
1820 920 90 28 goes
1927 922 48 22 on
1992 917 42 28 to
2051 917 148 37 explain

1231 957 106 30 what
1359 958 77 30 will
1462 960 43 28 be
1530 961 180 36 required
1728 962 39 31 of
1789 964 110 31 those
1923 974 49 22 on
1986 969 124 30 whom
2135 971 64 30 the

1231 1008 93 31 final
1349 1010 129 30 choice
1501 1011 97 31 shall
1625 1011 79 32 fall.
1810 1022 46 25 &
1983 1026 45 24 &

1233 1060 102 38 They
1357 1061 78 31 will
1460 1064 44 29 be
1528 1067 89 28 sent
1649 1067 141 30 abroad
1813 1067 61 31 for
1907 1078 21 22 a
1951 1072 123 31 whole
2096 1081 103 29 year,

1232 1114 88 35 and,
1338 1114 148 30 besides
1502 1117 184 37 studying
1702 1120 40 28 at
1757 1120 65 30 the
1840 1121 164 33 Theatre

1232 1166 24 15 44
1271 1165 97 38 they
1380 1166 90 30 will
1484 1167 47 30 he
1543 1171 199 37 expected
1756 1173 37 29 to
1805 1174 100 37 gain
1919 1183 24 21 a
1956 1175 243 41 knowledge

1232 1217 47 30 of
1298 1217 68 31 the
1391 1218 144 31 drama
1558 1220 46 30 in
1627 1222 101 30 such
1751 1226 160 30 centres
1941 1235 47 22 as
2018 1228 181 39 London,

1234 1270 143 30 Berlin
1401 1270 84 30 and
1511 1272 158 31 Vienna
1683 1274 33 31 .
1761 1275 76 32 The
1862 1279 125 31 italics
2011 1289 65 22 are
2094 1289 104 24 ours.

1302 1321 76 31 The
1403 1323 130 31 threat
1557 1327 203 30 contained
1778 1329 39 29 in
1834 1330 78 30 this
1929 1335 216 34 paragraph
2169 1335 31 30 is

1232 1375 174 30 terrible.
1451 1376 91 30 How
1566 1385 47 22 on
1639 1380 111 29 earth
1773 1381 31 29 is
1829 1390 21 21 a
1872 1390 96 28 poor
1994 1385 99 30 devil
2118 1385 38 31 of
2178 1395 21 22 a

1231 1434 129 29 young
1383 1428 108 30 actor
1516 1428 38 30 of
1576 1430 148 38 twenty
1748 1439 44 23 or
1814 1434 124 38 thirty
1953 1437 41 28 to
2012 1438 87 35 gain
2121 1438 78 31 this

1233 1477 224 39 knowledge
1492 1481 39 29 in
1564 1482 112 30 these
1712 1484 110 30 cities
1836 1486 18 29 ?
1877 1487 54 30 He
1954 1488 32 30 is
2009 1488 60 31 far
2093 1498 106 23 more

1232 1530 117 38 likely
1371 1533 41 28 to
1437 1533 87 35 gain
1549 1533 31 30 it
1604 1535 39 29 in
1665 1535 68 31 the
1758 1536 128 32 Plains
1910 1538 38 31 of
1963 1541 175 31 America
2155 1550 43 23 or

1233 1584 38 28 in
1294 1584 67 29 the
1385 1583 141 31 forests
1551 1585 39 30 of
1612 1586 147 39 Africa;
1784 1590 38 29 in
1846 1589 91 39 fact,
1954 1600 71 22 our
2042 1594 154 36 opinion

1232 1637 32 28 is
1286 1636 87 31 that
1397 1637 46 29 he
1466 1637 78 30 will
1569 1640 87 34 gain
1681 1640 31 29 it
1735 1643 205 35 anywhere
1958 1653 105 23 more
2081 1646 117 38 easily

1232 1688 94 29 than
1361 1689 39 28 in
1439 1689 169 36 London,
1645 1691 128 31 Berlin
1809 1702 43 21 or
1887 1696 146 30 Vienna
2069 1698 128 30 where

1232 1740 141 37 liberty
1404 1740 39 30 of
1471 1742 168 36 thought
1669 1744 33 29 is
1731 1747 68 28 not
1824 1749 208 33 permitted
2060 1751 41 28 to
2132 1750 66 31 the

1231 1800 130 29 young
1384 1794 127 29 artist.

1232 1846 59 28 Mr
1313 1845 192 31 Schubert
1528 1855 85 29 may
1636 1849 22 14 44
1673 1852 136 33 expect
1862 1852 77 29 him
1957 1854 41 29 to
2015 1855 88 35 gain
2120 1856 78 30 this

1234 1896 237 38 knowledge,
1517 1900 69 28 but
1630 1908 41 22 as
1715 1902 41 29 to
1801 1903 223 32 realisation
2063 1906 38 31 of
2140 1907 56 30 his

1232 1950 263 35 expectations
1517 1959 57 21 we
1598 1952 96 30 have
1717 1954 66 30 the
1807 1958 154 33 gravest
1985 1958 152 31 doubts.
2152 1966 46 24 &

1234 2001 104 30 Then
1356 2002 38 29 in
1413 2003 57 29 his
1486 2002 75 31 last
1577 2006 196 30 condition
1791 2008 60 29 Mr
1866 2009 191 31 Schubert
2072 2011 125 31 shows

1232 2062 22 21 a
1298 2055 192 35 prudence
1535 2057 74 29 and
1655 2059 154 29 caution
1853 2062 152 36 worthy
2050 2062 38 31 of
2130 2064 66 31 the

1234 2106 174 30 business
1432 2114 195 30 manager.

1234 2157 162 38 Fearing
1423 2158 87 36 lest,
1539 2160 114 31 while
1680 2163 59 29 his
1768 2164 141 30 chosen
1936 2166 169 31 scholars
2131 2177 65 22 are

1232 2210 161 38 seeking
1415 2219 21 21 a
1461 2211 225 39 knowledge
1708 2215 38 29 of
1761 2216 66 30 the
1844 2217 133 31 drama
1992 2219 39 30 in
2047 2219 148 38 foreign

1234 2264 209 36 countries,
1459 2264 67 29 the
1543 2265 188 32 directors
1747 2267 39 30 of
1800 2269 67 29 the
1884 2270 132 30 drama
2033 2272 38 28 in
2088 2272 108 30 those

1234 2316 195 29 countries
1446 2316 135 30 should
1601 2318 94 30 have
1711 2320 66 29 too
1791 2323 255 33 appreciative
2064 2332 48 22 an
2129 2333 69 29 eye

1232 2368 41 28 to
1296 2368 105 29 their
1424 2369 170 37 budding
1618 2371 148 37 genius,
1791 2373 46 30 he
1862 2374 132 31 insists
2017 2376 88 30 that
2130 2378 67 29 the

1233 2420 168 30 winners
1416 2420 95 30 shall
1526 2422 23 14 44
1563 2423 85 35 sign
1662 2431 21 21 a
1698 2422 75 32 five
1786 2432 112 29 years
1915 2429 175 29 contract
2104 2430 92 29 with

1232 2472 68 30 the
1323 2472 208 31 Schuberts
1556 2474 130 31 before
1710 2476 152 38 leaving

1234 2525 68 36 Oh,
1319 2526 91 29 wise
1427 2526 59 29 Mr
1502 2526 209 32 Schubert:
1757 2528 77 31 The
1851 2531 127 30 bunch
1994 2532 39 29 of
2050 2535 148 29 carrots

1233 2577 124 29 which
1390 2585 73 29 you
1497 2579 135 36 dangle
1659 2580 78 30 will
1766 2582 158 37 attract,
1951 2592 57 21 we
2040 2585 157 38 believe,

1233 2629 80 35 just
1324 2629 87 30 that
1424 2638 86 22 race
1524 2632 40 28 to
1574 2632 123 30 which
1712 2635 148 29 carrots
1869 2643 66 22 are
1944 2638 254 37 proverbially

1235 2683 100 28 most
1357 2683 220 36 attractive,
1607 2683 62 30 for
1695 2685 66 29 the
1791 2686 90 30 wise
1914 2695 86 23 men
2032 2690 73 29 and
2132 2691 64 29 the

1235 2735 133 28 artists
1392 2733 112 31 know
1530 2736 128 29 better
1681 2738 94 29 than
1792 2739 40 28 to
1850 2741 132 34 accept
1999 2743 198 36 carrots,...

1236 2794 42 22 or
1300 2786 256 38 scholarships
1580 2796 103 23 ....on
1707 2791 233 35 prohibitive
1963 2794 134 30 terms.
2153 2802 44 25 &

1237 2859 131 34 THE
1391 2859 184 32 MASK
1599 2861 38 30 A-
1666 2861 110 34 THE
1804 2862 395 39 ARCHITECT

1237 2923 65 30 We
1324 2923 96 30 wish
1442 2924 41 29 to
1505 2923 91 31 take
1619 2925 78 29 this
1714 2928 249 37 opportunity
1980 2928 38 31 of
2033 2930 165 38 publicly

1235 2974 317 38 acknowledging
1601 2977 66 29 the
1720 2980 110 34 great
1881 2979 184 33 kindness
2123 2984 72 29 and

1236 3028 178 36 courtesy
1437 3027 39 31 of
1490 3029 67 30 the
1577 3029 219 31 Publishers
1819 3031 39 30 of
1882 3031 82 32 The
1980 3033 216 38 Architect,

1236 3080 38 29 in
1321 3079 180 39 allowing
1546 3089 44 22 us
1634 3083 41 28 to
1716 3085 151 34 reprint
1902 3085 67 30 the
2006 3088 119 30 series
2162 3087 36 31 of

1235 3132 234 38 interesting
1502 3134 73 29 and
1620 3134 176 31 valuable
1840 3137 154 31 articles
2039 3147 48 22 on
2131 3140 66 30 the

1235 3186 166 36 Scenery
1423 3186 73 29 and
1523 3186 181 31 Costume
1721 3187 39 30 of
1775 3189 294 37 Shakespeare's
2089 3193 108 36 Plays

1236 3237 48 37 by
1306 3237 66 29 the
1397 3236 76 31 late
1490 3239 59 28 Mr
1566 3238 39 32 E.
1623 3240 56 29 W.
1698 3241 171 37 Godwin,
1886 3241 38 31 of
1939 3243 124 31 which
2079 3247 117 28 series

1235 3289 93 37 they
1351 3289 87 31 hold
1465 3290 66 30 the
1563 3292 214 36 copyright.
1827 3293 109 30 From
1968 3294 82 33 The
2076 3296 121 31 Mask

1236 3342 40 29 to
1302 3340 82 32 The
1407 3340 216 40 Architect,
1646 3351 96 30 very
1765 3353 114 30 many
1901 3347 160 32 thanks!
2153 3355 43 25 &

1340 3710 39 22 &
1420 3706 91 25 ALL
1539 3706 184 29 RIGHTS
1752 3704 263 32 RESERVED
2056 3706 39 22 &
2157 3704 38 22 &

1236 3768 202 30 GERENTE
1471 3768 348 30 RESPONSABILE,
1852 3767 103 26 GINO
1989 3765 126 26 DUCCI
2156 3765 38 23 &
