2395 4049
213 180 62 30 182

212 271 93 30 very
328 264 130 37 white,
480 264 74 30 and
578 264 164 38 thereby
766 266 71 29 add
862 274 21 21 a
907 266 138 31 horror
1068 268 39 29 to
1129 276 47 23 an

213 316 155 37 already
391 316 130 30 horrid
544 316 226 32 exhibition.
959 325 46 25 &
1132 327 46 25 &

212 368 98 38 Why
332 367 111 38 pale?
467 368 96 38 Why
579 370 213 37 quavering
806 370 133 31 voice?
984 372 95 37 Why
1097 372 80 31 this

213 421 195 36 singsong,
453 422 169 35 earnest,
667 422 287 30 mouth-drawn
994 423 183 38 religious

211 472 185 30 fervour?
418 473 30 30 A
464 480 111 23 sense
592 472 39 31 of
644 472 83 32 fear
738 473 144 31 strikes
897 475 67 30 the
982 475 194 33 beholder.

214 524 76 31 The
314 533 88 22 man
424 524 102 32 fears
548 525 67 30 the
631 525 87 38 girl,
733 526 67 31 the
817 527 75 36 girl
907 527 66 31 the
990 535 107 30 man;
1112 531 67 36 yet

213 577 93 38 they
328 579 162 35 proceed
516 578 94 30 with
633 578 105 31 their
759 580 157 37 parody.
961 586 45 25 &
1132 588 46 25 &

214 630 67 31 We
319 629 98 31 offer
453 630 79 31 this
569 631 132 30 advice
738 632 41 29 to
816 633 108 36 stage
970 632 125 32 lovers
1139 635 38 29 in

213 682 185 38 England.
532 682 112 31 Make
666 683 67 30 the
752 685 107 30 voice
874 684 89 31 firm
981 687 72 29 and
1072 688 107 37 deep.

214 736 55 29 Do
293 736 69 28 not
384 735 87 37 sing
493 743 44 22 or
559 734 90 31 look
674 735 77 31 like
782 744 22 23 a
834 738 146 31 curate.
1026 740 53 29 Do
1111 741 68 29 not

212 788 163 36 pretend
402 788 42 29 to
477 788 45 29 be
552 788 112 30 timid
698 789 141 37 ....why
862 789 134 32 should
1019 799 75 29 you
1109 792 70 32 ?...,

212 838 117 32 Smile
366 840 275 37 sometimes,...
679 843 72 28 and
796 843 65 36 try
897 843 41 30 to
968 842 89 31 look
1083 852 42 23 as
1150 845 29 30 if

211 900 75 29 you
321 899 101 23 were
456 891 182 38 thinking
667 894 73 29 and
770 893 144 39 feeling
947 897 230 36 something.

217 965 47 31 W
285 965 20 30 1
329 964 32 34 L
384 964 44 31 H
446 963 37 35 E
504 963 33 36 E
559 964 47 31 M
617 972 45 25 &
790 972 45 25 &
961 974 45 24 &
1133 977 45 23 &

212 1029 51 30 At
274 1028 66 31 the
566 1028 174 31 Wilhelm
751 1030 125 31 shows
885 1031 105 31 what
1002 1040 21 22 a
1036 1034 142 29 master

212 1081 48 30 he
272 1081 33 30 is
319 1080 38 30 of
372 1080 164 31 delicate
550 1080 137 32 effects
704 1083 38 29 in
761 1084 184 30 costume.
963 1085 53 29 He
1032 1086 146 29 arrives

213 1134 40 29 at
276 1141 21 22 a
320 1132 135 38 simple
479 1135 73 29 and
577 1136 101 29 most
700 1134 148 31 refined
880 1136 124 31 result
1035 1137 47 37 by
1111 1137 66 30 the

213 1186 169 30 exercise
405 1185 39 31 of
464 1194 22 22 a
501 1186 126 31 talent
643 1186 48 31 all
709 1188 58 30 his
784 1196 98 22 own.
928 1190 52 29 He
997 1190 32 29 is
1046 1190 68 29 not
1131 1198 46 21 an

213 1239 188 30 imitator.
444 1240 30 29 A
498 1240 180 36 designer
711 1240 39 30 of
779 1242 205 35 costumes,
1016 1242 91 29 bred
1140 1243 38 28 in

213 1291 67 31 the
335 1291 169 37 theatre,
559 1292 46 30 he
660 1291 203 38 proclaims
918 1293 141 38 clearly
1112 1294 66 30 the

213 1343 211 31 difference
448 1344 174 30 between
646 1344 67 30 the
737 1344 252 37 professional
1013 1347 72 29 and
1112 1346 66 31 the

214 1397 189 29 amateur.

218 1466 346 36 CONCERNING
604 1467 244 35 ENGLISH
878 1469 301 36 AMATEURS.

213 1530 107 52 nphe
343 1532 184 29 Amateur
549 1532 202 31 threatens
775 1533 38 29 in
836 1533 88 30 that
945 1533 234 38 whispering

272 1592 84 29 way
378 1583 39 31 of
439 1585 59 29 his
525 1585 41 29 to
597 1584 148 30 meddle
773 1586 95 29 with
901 1586 67 30 the
1003 1586 176 31 Theatre.

213 1637 53 29 He
289 1638 125 28 wants
436 1637 41 29 to
538 1638 168 35 produce
766 1637 117 38 plays.
930 1639 52 31 He
1005 1638 92 38 lisps
1121 1640 58 30 his

212 1689 205 30 anathema
431 1696 100 29 upon
544 1690 67 29 the
636 1689 255 31 Professional
911 1691 177 38 Theatre,
1105 1693 72 29 and

212 1749 86 30 says
359 1741 58 30 his
441 1742 85 29 idea
578 1743 33 28 Is
627 1743 219 36 something
862 1745 105 34 quite
984 1744 195 31 different.

213 1794 53 29 He
289 1793 94 30 then
406 1795 80 28 sets
502 1795 118 29 about
638 1796 160 36 copying
812 1795 160 37 Harker,
989 1797 189 36 Wilhelm,

213 1846 153 30 Gordon
398 1846 112 37 Craig
540 1847 72 29 and
646 1847 119 37 Percy
799 1849 214 30 Anderson.
1060 1850 52 29 He
1147 1850 32 29 is

212 1897 130 38 (alas!)
372 1898 107 30 often
517 1906 21 22 a
575 1899 280 37 distinguished
887 1900 218 31 illustrator
1141 1901 39 30 of

213 1950 206 31 children's
431 1950 99 37 fairy
544 1950 118 31 books
678 1959 43 22 or
734 1960 21 21 a
768 1953 178 37 designer
959 1955 72 28 and
1046 1953 133 30 maker

213 2002 39 30 of
284 2002 271 37 stained-glass
585 2004 195 30 windows.
826 2006 52 28 He
914 2006 67 29 has
1015 2006 164 36 perhaps

213 2054 117 37 lately
363 2056 109 29 made
507 2054 258 32 illustrations
793 2058 42 29 to
865 2066 22 21 a
916 2057 263 37 Shakespeare

212 2106 99 37 play,
335 2108 73 28 and
431 2106 96 31 feels
553 2108 87 29 that
664 2109 48 36 by
738 2109 107 36 right
871 2109 38 30 of
935 2110 78 30 this
1030 2111 47 29 he
1094 2119 85 28 may

213 2159 109 30 claim
348 2158 152 37 kinship
523 2160 94 29 with
634 2160 67 30 the
719 2160 176 31 Theatre.
947 2163 91 28 How
1066 2171 114 29 many

212 2212 114 30 times
350 2212 67 30 has
441 2212 31 29 it
494 2213 41 28 to
560 2213 45 29 be
628 2214 180 35 repeated
831 2214 87 30 that
932 2214 66 30 the
1017 2214 162 31 Theatre

213 2265 31 29 is
269 2265 68 28 not
357 2263 62 31 for
441 2265 67 29 the
532 2266 194 29 amateur:
744 2266 87 30 that
853 2267 32 29 it
908 2267 32 29 is
956 2275 41 21 as
1013 2267 167 30 difficult

211 2325 23 22 a
257 2317 115 36 study
394 2324 41 23 as
458 2317 65 29 the
541 2317 110 30 earth
671 2318 65 30 has
752 2319 41 29 to
811 2317 110 38 offer,
938 2320 72 28 and
1028 2320 86 29 that
1132 2328 47 21 no

213 2376 71 23 one
310 2369 70 30 but
404 2369 47 29 he
474 2369 85 30 who
587 2370 106 36 gives
720 2370 58 30 his
801 2370 124 30 whole
949 2370 64 30 life
1038 2373 40 28 to
1100 2372 80 30 this

213 2422 115 36 study
352 2429 68 22 can
445 2421 97 36 hope
570 2423 40 28 to
639 2423 112 36 bring
778 2431 74 29 any
879 2423 100 37 light
1004 2424 81 30 into
1112 2425 67 29 the

213 2473 179 30 Theatre.

215 2526 32 29 It
277 2526 31 29 is
338 2533 48 22 an
418 2526 276 36 impertinence
723 2534 49 23 on
798 2527 67 30 the
893 2529 87 35 part
1007 2527 38 31 of
1071 2529 108 30 these

214 2577 190 32 excellent
464 2579 199 35 designers
723 2580 41 29 to
788 2581 120 28 waste
932 2581 66 29 the
1021 2581 93 30 time
1142 2580 38 31 of

211 2632 67 29 the
312 2632 108 35 stage
444 2632 73 28 and
553 2630 39 30 of
621 2631 67 30 the
719 2631 137 37 public.
887 2634 29 28 A
949 2634 230 35 production

213 2682 38 32 of
274 2682 261 38 Shakespeare
570 2691 48 22 on
642 2684 67 30 the
746 2686 109 35 stage
886 2686 32 29 is
941 2693 48 22 an
1013 2686 167 37 entirely

212 2735 185 31 different
420 2735 171 37 problem
608 2736 99 30 from
726 2737 66 30 the
810 2737 238 31 illustration
1066 2738 38 30 of
1121 2739 58 29 his

211 2788 107 38 plays
341 2788 39 30 in
404 2797 22 21 a
450 2787 111 32 book.
586 2790 32 29 It
644 2788 111 31 takes
780 2790 162 37 nothing
964 2791 110 30 short
1097 2790 39 31 of
1158 2800 21 21 a

212 2841 179 31 life-time
403 2840 62 31 for
477 2849 47 22 an
542 2842 116 30 artist
672 2842 41 30 to
727 2841 106 31 learn
857 2843 66 30 the
951 2842 228 32 limitations

211 2893 39 31 of
272 2894 66 30 the
365 2895 122 36 stage,
511 2895 73 29 and
613 2893 89 38 only
726 2903 21 21 a
770 2896 108 36 stage
904 2903 182 30 manager
1109 2905 68 21 can

211 2954 93 23 ever
330 2945 234 38 thoroughly
591 2945 114 31 know
728 2947 110 31 these
855 2947 241 32 limitations.
1121 2950 56 29 An

211 2998 218 31 illustrator
465 2999 129 30 whose
631 2999 126 30 whole
781 3000 128 30 charm
935 3000 69 30 lies
1038 3002 38 28 in
1111 3002 67 29 the

211 3051 199 38 strangely
433 3052 115 36 sharp
572 3052 149 37 quality
738 3051 38 31 of
798 3053 60 29 his
881 3060 73 29 pen
977 3053 109 31 work
1104 3055 73 29 and

210 3104 67 30 the
293 3103 100 31 faint
409 3105 73 28 and
498 3103 162 31 delicate
672 3105 150 30 washes
838 3104 39 31 of
900 3105 131 31 colour
1053 3107 124 29 which

213 3156 47 30 he
283 3157 93 29 adds
398 3157 41 29 to
464 3156 59 30 his
545 3157 167 35 designs,
736 3156 77 30 will
845 3159 84 35 give
963 3159 66 29 the
1064 3166 114 23 scene

213 3209 154 35 painter
404 3209 72 29 and
517 3209 209 30 costumier
763 3218 21 21 a
821 3211 101 30 most
956 3210 222 38 ungrateful

213 3260 88 32 task
323 3260 29 31 if
389 3262 46 29 he
481 3262 132 36 brings
650 3261 93 31 such
781 3263 154 37 designs
972 3262 61 31 for
1075 3264 104 29 their

212 3314 299 30 consideration.
616 3319 46 25 &
789 3321 45 24 &
960 3322 46 25 &
1133 3322 46 25 &

213 3366 59 30 Mr
295 3366 40 31 C.
359 3365 186 38 Ricketts,
568 3366 61 31 for
651 3367 188 37 instance,
863 3368 68 31 has
947 3368 119 38 lately
1082 3369 95 30 been

213 3419 148 37 casting
373 3418 158 38 longing
544 3427 88 29 eyes
646 3421 41 29 at
698 3420 67 30 the
778 3421 122 37 stage,
913 3422 74 29 and
1001 3421 68 30 has
1082 3422 95 29 been

212 3472 184 37 studying
417 3472 66 30 the
506 3471 144 32 results
665 3473 180 30 achieved
871 3474 48 36 by
936 3481 104 23 some
1057 3472 39 31 of
1111 3473 66 30 the

214 3523 219 36 gentlemen
465 3525 119 30 above
615 3526 237 30 mentioned.
869 3526 65 30 His
965 3526 214 30 imitations

213 3583 65 22 are
305 3584 49 22 on
380 3585 23 21 a
428 3576 100 31 level
553 3578 95 30 with
678 3578 66 31 the
775 3579 214 30 imitations
1020 3578 39 30 of
1086 3580 93 29 Miss

212 3628 113 30 Maud
338 3628 121 32 Allen.
477 3629 168 39 Perhaps
660 3631 230 32 admiration
905 3631 38 31 of
958 3632 59 30 Mr
1034 3631 145 37 Craig's

213 3679 108 30 work
348 3681 67 29 has
446 3683 97 29 been
573 3683 66 30 the
671 3691 113 23 cause
815 3683 38 31 of
881 3684 79 31 this
989 3684 190 30 sincerest

212 3730 99 31 form
336 3731 38 31 of
395 3732 212 40 flattery,...
632 3736 69 30 but
722 3737 79 30 this
817 3744 124 23 seems
963 3744 48 22 no
1028 3744 149 23 excuse.

215 3783 120 32 There
366 3785 33 32 is
429 3793 51 24 no
511 3794 136 26 excuse
676 3787 62 33 for
766 3789 68 31 the
868 3789 189 32 amateur.
1101 3789 77 32 The

1241 271 115 37 Stage
1380 270 39 31 of
1442 270 169 38 England
1638 271 66 30 has
1723 278 129 30 young
1868 273 107 36 stage
1993 281 211 32 managers,

1241 330 113 23 scene
1377 324 73 29 and
1476 324 171 29 costume
1671 323 198 39 designers
1893 325 73 29 and
1992 326 213 32 mechanics

1241 376 152 37 enough
1458 376 168 29 without
1681 375 67 31 the
1803 376 193 30 intrusion
2019 377 23 30 1
2042 377 47 30 of
2139 379 66 31 the

1242 429 185 31 outsider,
1473 428 76 30 The
1586 436 130 28 young
1752 429 108 36 stage
1898 428 39 30 of
1974 429 170 37 England
2175 431 30 30 is

1242 481 225 37 developing
1476 482 38 29 in
1528 489 48 22 an
1591 480 282 31 unmistakable
1883 482 73 29 and
1968 482 237 31 remarkable

1243 534 202 36 direction,
1467 534 73 29 and
1565 534 87 29 that
1672 534 48 36 by
1735 541 138 23 reason
1890 533 38 30 of
1943 534 66 29 the
2025 535 180 35 practical

1243 584 225 38 knowledge
1492 587 198 35 possessed
1720 586 47 36 by
1788 594 130 29 young
1944 585 148 32 fellows
2121 587 84 30 who

1243 646 64 22 are
1332 639 40 29 at
1398 640 158 35 present
1579 638 209 37 unknown,
1817 638 71 31 but
1916 639 129 30 whose
2077 647 128 23 names

1243 698 65 23 are
1333 690 126 31 bound
1477 692 39 28 in
1532 692 95 29 time
1644 692 41 28 to
1701 691 72 29 add
1798 690 123 31 lustre
1944 692 42 29 to
2008 690 67 31 the
2099 692 106 35 stage

1243 742 39 31 of
1303 743 78 31 this
1405 744 175 36 century.
1645 748 45 25 &
2163 750 45 25 &

1245 794 83 31 The
1358 795 123 31 Mask
1511 796 116 37 must,
1657 796 73 30 and
1763 803 47 22 no
1840 796 121 30 doubt
1989 795 92 37 will,
2113 795 95 38 keep

1243 849 110 29 these
1375 856 129 29 young
1528 856 88 22 men
1639 848 39 30 in
1701 849 303 36 remembrance,
2034 847 61 31 for
2127 847 82 31 The

1244 899 123 31 Mask
1382 902 33 30 is
1427 901 66 30 the
1518 901 201 37 champion
1737 900 39 30 of
1791 901 66 30 the
1881 902 108 36 stage
2007 908 202 30 managers

1243 954 73 29 and
1333 953 67 30 the
1423 953 182 37 practical
1628 953 173 31 workers
1819 961 49 22 no
1885 953 75 31 less
1975 953 94 31 than
2087 953 39 31 of
2142 954 67 30 the

1244 1007 135 29 artists
1401 1005 40 31 of
1462 1007 66 29 the
1552 1006 178 31 Theatre.
1777 1005 30 31 If
1828 1007 135 30 artists
1979 1014 66 23 are
2061 1014 88 23 rare
2169 1007 40 30 in

1242 1059 66 29 the
1323 1057 176 39 Theatre,
1513 1060 110 36 good,
1639 1057 182 39 practical
1838 1060 73 29 and
1929 1059 93 31 hard
2037 1058 172 32 workers

1244 1111 95 30 need
1375 1112 68 28 not
1476 1112 58 35 be,
1558 1112 73 29 and
1655 1111 197 30 inventive
1874 1113 109 35 stage
2008 1119 201 29 managers

1243 1162 136 31 should
1392 1170 94 23 soon
1498 1164 76 29 win
1587 1165 40 28 to
1642 1164 95 36 good
1752 1164 200 36 positions,
1967 1165 68 28 not
2048 1164 161 30 because

1244 1216 91 36 they
1360 1223 67 22 can
1453 1216 45 29 be
1522 1214 141 31 affable
1687 1217 73 28 and
1786 1216 93 30 echo
1903 1224 115 29 every
2041 1217 105 29 word
2171 1216 38 31 of

1243 1268 66 30 the
1334 1270 325 35 actor-manager,
1683 1268 37 37 (a
1743 1270 145 36 danger
1909 1270 42 28 to
1975 1270 46 28 be
2050 1269 158 30 avoided

1245 1322 48 36 by
1315 1321 194 37 practise),
1534 1322 70 29 but
1634 1321 162 30 because
1826 1321 169 37 through
2026 1320 183 37 practical

1245 1372 224 38 knowledge
1493 1373 92 37 they
1609 1381 69 22 can
1703 1374 112 30 stand
1839 1374 106 30 their
1968 1374 148 37 ground
2134 1375 73 29 and

1245 1426 45 29 be
1304 1425 38 31 of
1356 1425 248 31 incalculable
1620 1425 111 30 value
1747 1427 41 29 to
1804 1426 65 29 the
1887 1427 322 36 actor-manager,

1244 1478 84 30 who
1363 1478 129 30 learns
1526 1479 40 29 to
1600 1480 153 35 respect
1786 1479 120 29 them.
1951 1479 122 30 When
2099 1479 110 29 these

1243 1538 129 29 young
1396 1532 108 35 stage
1528 1538 204 29 managers
1752 1531 95 29 shall
1865 1531 95 30 have
1975 1530 234 38 thoroughly

1244 1584 140 35 proved
1408 1584 105 30 their
1537 1583 237 36 capabilities
1796 1583 112 30 there
1931 1583 77 31 will
2029 1585 46 28 be
2090 1583 119 31 fewer

1244 1637 472 36 actor-stage-managers.
1820 1643 46 24 &
1992 1642 46 26 &

1246 1689 86 36 But,
1369 1687 112 38 alas!,
1525 1689 80 29 this
1648 1688 77 30 will
1772 1696 116 23 never
1925 1690 163 35 prevent
2124 1689 86 30 that

1245 1741 211 30 disastrous
1466 1741 149 37 growth
1629 1741 66 31 the
1709 1744 175 28 amateur
1897 1743 108 36 stage
2016 1749 194 30 manager.

1246 1794 53 29 He
1323 1802 90 28 goes
1438 1802 48 22 on
1510 1795 174 36 growing
1707 1795 42 30 in
1774 1796 66 29 the
1865 1795 142 31 British
2027 1794 145 36 Isles,...
2190 1803 20 22 a

1246 1854 165 22 nervous
1442 1845 128 39 flabby
1601 1848 164 36 growth,
1796 1847 197 37 incapable
2021 1846 38 31 of
2085 1847 125 30 either

1244 1900 62 28 art
1329 1899 104 29 ideas
1456 1907 43 22 or
1521 1899 183 36 practical
1729 1901 117 36 ideas,
1871 1901 70 29 but
1964 1908 91 22 ever
2077 1899 70 30 full
2172 1898 38 31 of

1243 1951 66 29 the
1323 1950 104 38 large
1441 1952 190 36 sounding
1643 1953 139 36 words,
1796 1953 9 15 *
1817 1952 138 37 Ideas',
1969 1951 241 37 'Grandeur',

1243 2004 210 36 'Nature',.,
1463 2006 127 28 words
1598 2006 137 36 which,
1747 2013 47 22 on
1805 2006 59 29 his
1874 2006 84 36 lips,
1967 2013 116 29 prove

1245 2055 76 31 like
1345 2057 67 29 the
1435 2058 102 28 wind
1620 2078 9 9 e
1633 2059 73 28 and
1725 2058 163 36 nothing
1904 2066 119 22 more.

2101 2059 41 29 G.
2167 2057 41 29 N.

1247 2910 535 78 EDITORIAL
1884 2914 323 71 NOTES

1251 3056 44 52 Js
1321 3054 161 33 Realism
1508 3054 154 38 illegal?
1705 3056 143 31 Should
1873 3058 45 37 it,
1933 3059 112 29 when
2063 3061 147 29 carried

1277 3114 41 23 so
1347 3106 60 31 far
1438 3116 41 21 as
1509 3108 186 38 violence,
1728 3110 43 29 be
1802 3112 211 33 prevented
2039 3113 48 35 by
2111 3111 99 31 law?

1314 3160 207 36 Certainly,
1547 3161 48 37 by
1618 3160 49 31 all
1690 3161 67 30 the
1781 3161 91 32 laws
1897 3162 38 31 of
1956 3164 116 29 taste.

1244 3210 96 38 Only
1362 3212 67 30 the
1453 3213 112 30 other
1588 3214 72 36 day
1683 3214 67 30 the
1775 3214 162 34 Realism
1962 3215 40 31 of
2016 3216 67 29 the
2099 3217 109 37 stage

1244 3265 140 36 proved
1424 3266 111 36 again
1573 3267 51 29 its
1661 3267 217 37 dangerous
1916 3275 141 29 power.
2109 3269 33 30 It
2179 3270 31 29 is

1243 3318 181 34 reported
1441 3318 98 30 that.
1573 3319 24 15 44
1608 3318 122 31 While
1748 3320 237 30 Desdemona
2001 3328 78 23 was
2097 3322 113 36 being

1244 3369 23 15 44
1281 3369 197 38 strangled
1490 3370 141 37 during
1639 3379 21 21 a
1669 3371 266 36 performance
1946 3372 38 30 of
1993 3374 23 14 44
2025 3372 151 31 Othello

1244 3422 23 14 44
1281 3423 41 28 at
1344 3431 22 21 a
1387 3423 155 31 theatre
1567 3423 39 30 in
1632 3423 188 38 Luebeck,
1836 3433 22 21 a
1879 3432 87 23 man
1984 3433 85 22 rose
2087 3426 39 29 in
2142 3426 66 29 the

1244 3475 23 16 44
1281 3475 69 36 pit,
1374 3475 58 30 his
1454 3474 83 32 face
1560 3475 135 37 purple
1718 3476 93 30 with
1836 3485 104 29 rage,
1957 3478 73 30 and
2048 3478 122 30 aimed
2188 3485 21 21 a

1244 3527 23 14 44
1282 3527 176 31 revolver
1491 3529 42 29 at
1565 3527 161 31 Othello.
1771 3528 110 31 After
1916 3530 47 30 he
2000 3530 74 30 had
2112 3530 94 30 been

1244 3579 23 17 44
1281 3580 191 30 disarmed
1498 3580 47 30 he
1569 3579 197 38 explained
1792 3581 89 31 that
1911 3581 50 31 he
1989 3581 83 31 had
2099 3589 109 23 come

1244 3633 23 16 44
1282 3634 39 29 to
1345 3633 67 30 the
1429 3633 157 31 theatre
1602 3632 69 31 for
1685 3633 67 31 the
1767 3633 100 31 first
1884 3634 98 30 time
2000 3635 38 29 in
2055 3635 59 29 his
2130 3633 77 36 life,

1244 3686 23 15 44
1281 3687 74 29 and
1393 3694 79 22 was
1509 3687 198 35 possessed
1746 3686 39 30 of
1824 3689 66 28 too
1931 3687 214 30 chivalrous
2186 3694 21 21 a

1244 3739 23 15 44
1281 3739 113 37 spirit
1416 3739 41 30 to
1480 3747 64 22 see
1568 3747 21 22 a
1610 3746 150 23 woman
1781 3740 203 30 murdered
2003 3738 129 31 before
2149 3738 57 29 his

1244 3791 22 15 44
1281 3798 101 31 eyes.
