3510 4920
209 79 93 50 146

199 180 577 114 THREE
877 183 569 111 BOOKS
1535 183 234 111 ON

199 317 343 112 THE
631 317 820 115 THEATRE
1550 317 221 115 OF

473 457 1022 112 EUROPE.

203 615 421 84 FRENCH,
650 615 404 74 ITALIAN
1082 615 213 74 AND
1325 615 442 76 ENGLISH.

210 1737 225 31 SHOWING
463 1738 97 28 THE
588 1737 224 30 THEATRE
842 1739 63 29 DU
934 1739 193 39 MARAIS,
1151 1742 148 38 PARIS,
1328 1736 109 44 1676.
1471 1736 154 46 (BUILT
1651 1736 125 45 1623).

964 1922 43 68 I.

208 2046 246 69 THE
527 2049 511 66 FRENCH
1111 2049 660 74 THEATRE.

213 2172 11 8 ■
227 2171 344 9 HH'MuMMJilMiniUMlMWcM
581 2172 182 8 MliiMMMmimri
768 2173 19 7 in
833 2173 5 7 II
846 2171 3 17 II
856 2173 60 7 minim
1170 2173 16 7 in
1314 2175 17 5 ■■
1357 2175 20 10 n.i
1386 2175 14 9 an
1421 2175 116 10 ■»»1I«IH'»I|
1551 2171 3 17 I
1565 2177 6 10 I
1578 2178 9 10 H
1594 2178 10 9 ■
1608 2171 30 17 IH«
1671 2171 1 17 I
1680 2178 17 9 HI
1703 2178 10 9 ■
1717 2178 32 10 m»»
1762 2178 12 10 ■

212 2250 92 80 |T
344 2246 49 61 is
438 2269 141 55 very
636 2241 309 66 ambitious
1012 2244 60 63 in
1138 2271 34 36 a
1240 2243 274 66 historian
1574 2243 59 68 of
1677 2246 99 65 the

216 2331 32 58 I
300 2327 221 65 theatre
568 2345 58 47 to
678 2344 244 67 attempt
986 2344 58 48 to
1111 2330 132 81 give
1304 2330 97 63 the
1447 2330 222 82 public,
1715 2335 59 62 in

210 2440 113 38 one
368 2413 234 64 volume
647 2413 59 64 of
749 2413 127 65 four
934 2429 59 48 to
1059 2413 111 64 five
1237 2413 272 66 hundred
1567 2444 204 57 pages,

207 2500 99 63 the
352 2515 151 65 story
546 2497 61 65 of
649 2498 98 65 the
791 2500 223 63 theatre
1059 2498 60 65 of
1165 2500 164 65 Paris
1374 2504 59 61 in
1463 2502 98 64 the
1608 2502 131 84 eigh-

208 2585 199 65 teenth
451 2601 257 65 century,
755 2585 176 65 when
988 2587 42 61 it
1087 2589 281 78 requires,
1419 2587 20 64 i
1495 2615 276 56 suppose,

208 2688 59 47 at
310 2669 98 66 the
454 2697 139 53 very
638 2670 144 65 least
827 2670 160 85 eight
1016 2686 59 49 to
1119 2686 99 49 ten
1263 2671 280 67 volumes.

338 2755 152 65 And
535 2755 288 65 therefore
869 2783 227 55 anyone
1137 2756 138 66 who
1306 2759 288 66 succeeds
1626 2777 150 48 must

212 2841 151 64 have
409 2840 97 65 the
551 2858 85 47 art
681 2841 61 65 of
786 2840 357 67 elimination
1175 2858 60 48 to
1264 2843 87 64 his
1382 2844 179 84 finger
1605 2845 168 65 ends.

338 2925 160 65 That
523 2925 309 67 Monsieur
859 2926 151 65 Max
1034 2928 248 86 Aghion
1304 2930 105 64 has
1434 2930 339 66 succeeded

210 3015 58 61 in
314 3010 326 87 producing
685 3041 34 35 a
763 3039 140 56 very
946 3013 296 84 charming
1296 3015 174 77 book,
1519 3033 60 47 to
1640 3017 134 64 look

210 3114 75 58 at,
335 3097 119 66 and
520 3114 58 49 to
647 3099 104 81 dip
795 3102 141 72 into,
1005 3103 48 60 is
1122 3100 280 75 obvious;
1450 3103 106 63 but
1599 3103 177 65 when

210 3211 115 55 you
372 3183 203 66 search
606 3183 85 65 for
722 3187 217 62 certain
968 3183 164 79 facts,
1162 3186 141 66 then
1332 3189 44 61 it
1406 3191 47 61 is
1497 3187 121 66 that
1661 3216 115 55 you

211 3271 270 63 discover
526 3269 96 65 the
668 3271 377 66 elimination.

339 3353 210 67 When
593 3354 141 66 bent
777 3384 78 36 on
906 3354 109 65 this
1068 3373 188 65 quest,
1307 3385 113 37 one
1475 3375 155 48 turns
1692 3362 56 61 in-

212 3441 327 82 stinctively
583 3457 59 47 to
686 3441 96 65 the
829 3440 117 66 end
993 3441 60 65 of
1077 3471 33 35 a
1144 3442 155 66 book
1330 3445 87 63 for
1447 3443 97 66 the
1579 3443 197 68 index.

211 3526 151 65 This
407 3526 157 65 book
610 3526 146 66 does
802 3545 100 47 not
945 3554 232 54 possess
1224 3556 134 40 one.

378 3714 582 49 SEARCHING
1019 3715 182 50 FOR
1259 3716 349 50 FACTS.

224 3889 26 67 |
306 3868 238 67 wanted
590 3887 57 47 to
707 3869 118 66 find
891 3887 100 48 out
1056 3871 321 84 something
1440 3873 177 64 about
1681 3873 99 64 the

220 3956 34 70 1
306 3955 297 73 architect,
654 3955 275 75 Moreau,
979 3955 75 65 he
1085 3955 136 66 who
1253 3956 146 65 built
1430 3956 96 65 the
1559 3959 221 64 second

214 4040 210 83 Opera
471 4042 214 64 House
731 4044 58 62 in
834 4043 96 63 the
979 4042 194 64 Palais
1234 4043 194 82 Royal
1482 4047 58 61 in
1597 4045 179 74 1770,

214 4125 117 66 and
372 4125 155 77 who,
581 4144 59 46 to
707 4127 96 63 the
872 4128 216 82 history
1154 4127 60 64 of
1277 4128 99 65 the
1443 4129 337 83 eighteenth

213 4230 239 66 century
497 4213 164 64 Paris
706 4212 242 76 theatre,
998 4217 47 61 is
1098 4241 62 37 as
1207 4217 308 80 important
1573 4232 60 48 to
1692 4216 88 66 his

213 4297 119 84 day
374 4325 62 37 as
483 4298 96 64 Sir
623 4297 384 84 Christopher
1051 4298 196 66 Wren
1305 4303 48 61 is
1399 4317 58 47 to
1502 4299 98 66 the
1656 4302 123 65 En-

318 4498 53 43 (1)
402 4496 63 36 Le
507 4496 194 37 Theatre
730 4507 25 26 a
788 4496 121 37 Paris
939 4507 56 27 au
1024 4497 154 38 XVIII
1186 4504 14 19 6
1243 4496 149 40 si&cle.
1449 4499 112 37 Max
1602 4501 179 45 Aghion

215 4547 235 46 (Librairie
478 4546 54 38 de
564 4550 184 42 France,
781 4549 155 45 Paris).
993 4549 97 37 Frs.
1118 4560 66 33 90.

314 4600 58 46 (2)
403 4600 191 44 Designs
622 4600 56 44 by
710 4599 126 46 Inigo
861 4601 151 44 Jones,
1042 4605 83 33 etc.
1152 4600 57 45 by
1241 4601 45 38 P.
1317 4601 208 47 Simpson
1559 4602 40 38 &
1631 4603 51 39 C.
1727 4605 49 37 F.

215 4650 107 38 Bell.
379 4649 217 47 (Walpole
624 4652 191 45 Society.
847 4651 221 45 London).
1124 4651 83 50 21/-
1235 4656 88 33 net.

316 4703 56 47 (3)
422 4701 35 38 II
502 4704 165 36 Teatro
713 4703 248 37 Nazionale
1003 4702 46 38 di
1097 4704 203 37 Firenze.
1342 4704 55 38 A.
1444 4703 55 38 de
1551 4705 226 39 Ruberfcis.

211 4752 237 49 (Firenze).
475 4753 71 37 6d.

1828 186 150 85 glish
2021 187 223 66 theatre
2288 188 62 66 of
2392 188 99 66 the
2537 190 382 67 seventeenth
2964 210 256 69 century.
3304 197 90 65 At

1828 275 110 63 last
1982 273 22 64 I
2051 273 233 67 located
2334 275 94 67 M.
2479 277 273 66 Moreau.
2847 279 19 63 1
2936 280 180 66 found
3176 284 118 63 him
3340 303 55 45 at

1827 359 108 64 last
1979 387 77 36 on
2101 361 165 83 Page
2311 361 145 66 205.
2548 362 21 64 I
2602 362 195 85 began
2828 380 58 47 to
2917 365 167 65 make
3115 393 73 38 an
3218 367 177 66 index

1826 444 86 64 for
1959 445 94 65 M.
2104 446 284 84 Aghion;
2421 475 35 36 a
2486 475 140 55 very
2656 449 120 65 bad
2802 447 163 88 thing
2995 467 58 47 to
3084 451 99 76 do,
3224 454 171 65 when

1828 557 113 37 one
1987 530 103 65 has
2137 531 137 83 only
2319 559 35 37 a
2397 533 120 64 few
2576 562 165 56 years
2807 536 60 63 in
2933 535 197 66 which
3196 555 59 47 to
3314 539 79 65 do

1827 615 165 65 one's
2058 644 139 38 own
2269 618 206 75 work;
2547 620 116 65 and
2738 619 76 66 all
2889 620 20 64 I
2983 621 181 65 found
3218 624 177 66 about

1830 700 96 68 M.
1963 701 255 67 Moreau
2264 731 123 38 was
2433 705 120 65 that
2581 705 77 66 he
2703 705 118 66 had
2868 707 145 66 built
3042 709 111 64 this
3186 710 208 82 Opera

1833 788 214 65 House
2092 792 59 62 in
2222 790 177 74 1770,
2446 790 118 66 and
2622 793 22 63 I
2712 792 175 66 knew
2946 793 122 65 that
3134 795 258 83 already.

1832 874 193 66 What
2071 874 20 65 I
2138 874 106 66 did
2289 893 101 48 not
2454 877 177 67 know
2696 878 118 67 and
2881 879 217 66 looked
3141 882 87 65 for
3272 908 123 39 was

1832 958 88 66 his
1965 959 271 66 christian
2280 988 190 40 name.
2561 964 20 64 1
2651 963 80 66 do
2790 982 99 48 not
2932 964 174 68 know
3150 969 42 63 it
3237 995 155 38 now.

1835 1046 382 85 Presumably
2264 1048 94 65 M.
2410 1048 151 66 Max
2604 1051 249 84 Aghion
2918 1052 145 66 lives
3119 1056 59 62 in
3230 1053 164 65 Paris

1835 1129 116 66 and
1997 1132 111 65 this
2155 1135 269 63 christian
2468 1161 172 37 name
2687 1136 60 63 of
2792 1136 93 65 M.
2936 1138 252 65 Moreau
3241 1142 48 61 is
3333 1157 59 46 to

1835 1217 78 65 be
1959 1218 118 65 had
2125 1223 78 79 by
2249 1218 233 84 looking
2526 1223 43 61 it
2612 1248 80 55 up
2734 1225 60 61 in
2839 1221 97 65 the
2981 1223 413 83 Bibliotheque

1838 1302 300 76 National,
2214 1321 58 48 at
2344 1305 146 63 least
2553 1333 65 36 so
2693 1306 20 63 I
2787 1309 271 82 imagine.
3178 1310 21 63 I
3274 1310 121 63 also

1836 1389 239 64 wanted
2122 1389 96 64 the
2278 1389 117 83 day
2439 1390 120 65 and
2616 1419 141 55 year
2806 1392 61 64 of
2931 1394 87 64 his
3063 1394 170 76 birth,
3280 1395 115 65 and

1836 1474 98 64 the
1979 1474 117 82 day
2142 1474 118 64 and
2305 1502 139 55 year
2487 1476 60 64 of
2590 1475 89 66 his
2745 1476 197 66 death.
3055 1479 113 66 But
3230 1479 164 66 these

1836 1575 96 47 too
1978 1588 99 35 are
2123 1560 223 63 denied
2392 1588 114 38 me.
2599 1563 47 63 It
2687 1563 48 63 is
2782 1563 235 83 enough
3061 1582 59 48 to
3150 1582 102 63 put
3281 1593 113 38 one

1833 1646 59 63 in
1924 1673 34 37 a
2001 1672 136 58 rage
2184 1663 58 47 to
2286 1645 160 66 think
2491 1646 120 65 that
2655 1648 357 67 elimination
3058 1650 207 66 should
3317 1651 78 65 be

1832 1731 226 64 carried
2104 1748 60 47 to
2211 1731 142 65 such
2383 1759 207 38 excess
2623 1761 63 38 as
2738 1734 129 66 this.
2914 1735 160 66 That
3103 1737 60 64 of
3191 1764 202 39 course

1832 1843 125 38 was
2004 1817 134 82 only
2184 1844 96 55 my
2325 1818 115 65 first
2484 1819 263 84 thought.
2838 1822 20 62 I
2907 1848 123 38 was
3075 1839 100 47 not
3220 1824 174 84 going

1830 1917 59 49 to
1936 1900 78 66 be
2059 1928 157 38 cross
2259 1902 86 64 for
2391 1902 131 66 lack
2551 1903 61 66 of
2641 1932 34 37 a
2706 1904 215 84 couple
2965 1905 60 66 of
3069 1907 166 66 dates
3279 1909 115 64 and

1828 2015 36 36 a
1910 1987 212 84 couple
2167 1987 61 66 of
2273 2016 220 39 names.

2066 2175 424 50 SOPHIE
2560 2177 592 52 ARNOULD.

1833 2346 32 47 I
1918 2325 260 67 decided
2241 2327 20 64 I
2316 2325 203 66 would
2586 2325 134 67 shift
2791 2328 110 65 this
2962 2328 432 84 responsibility

1831 2405 37 81 1
1918 2412 60 65 of
2020 2412 179 85 being
2251 2438 156 38 cross
2475 2439 77 37 on
2603 2427 58 50 to
2717 2440 162 38 some
2947 2415 163 64 other
3162 2416 230 75 reader,

1826 2499 118 64 and
1990 2525 77 38 on
2110 2497 88 65 his
2245 2496 203 67 behalf
2509 2499 18 63 I
2581 2500 209 65 turned
2848 2516 59 49 to
2976 2500 132 65 look
3173 2529 79 55 up
3318 2502 79 65 all

1826 2584 183 64 about
2054 2584 226 82 Sophie
2327 2582 298 66 Arnould.
2720 2585 20 63 I
2786 2585 181 66 found
3013 2586 159 87 eight
3228 2587 167 75 lines,

1826 2670 117 65 and
1991 2669 138 66 then
2160 2669 98 66 the
2303 2669 205 64 author
2551 2673 48 60 is
2644 2669 157 66 done
2833 2673 140 64 with
3003 2673 241 81 Sophie,
3277 2674 118 65 and

1827 2756 103 64 she
1977 2755 260 83 possibly
2282 2782 114 38 one
2440 2755 60 64 of
2545 2755 97 64 the
2688 2756 161 66 three
2894 2775 148 47 most
3091 2760 307 80 important

1828 2843 209 84 figures
2082 2844 60 61 in
2185 2843 98 62 the
2317 2840 230 65 French
2592 2841 219 65 theatre
2842 2844 59 63 of
2932 2844 95 63 the
3060 2844 337 85 eighteenth

1830 2944 257 65 century.
2208 2927 64 64 In
2338 2927 165 64 these
2569 2928 160 84 eight
2773 2928 146 66 lines
2965 2929 22 65 i
3054 2928 159 66 learn
3274 2929 120 65 that

1830 3012 101 64 she
1978 3012 300 82 appeared
2320 3028 57 48 at
2423 3010 96 65 the
2550 3038 113 57 age
2708 3013 60 63 of
2811 3032 317 47 seventeen
3169 3014 87 65 for
3298 3014 100 64 the

1830 3100 114 63 first
1986 3100 139 61 time
2171 3114 57 49 at
2272 3097 97 64 the
2416 3099 229 79 Opera.
2735 3099 160 65 That
2940 3100 139 65 later
3125 3100 103 65 she
3272 3127 123 38 was

1828 3183 97 65 the
1958 3183 300 79 Iphigenia
2288 3182 118 66 and
2451 3183 298 78 Eurydice
2782 3186 60 63 of
2872 3184 216 77 Gluck,
3122 3186 116 64 and
3277 3186 120 64 that

1831 3269 104 65 she
1986 3269 120 64 had
2159 3268 143 65 little
2364 3296 235 38 success
2668 3287 58 48 at
2791 3272 114 65 first
2971 3272 254 63 because
3291 3272 102 65 her

1830 3357 168 62 voice
2068 3353 211 66 lacked
2344 3353 281 76 fullness;
2688 3354 103 67 but
2854 3356 120 65 that
3037 3356 103 65 she
3197 3354 117 67 had
3360 3385 33 37 a

1830 3441 246 65 number
2105 3440 60 64 of
2194 3440 277 66 admirers
2504 3443 58 63 in
2594 3441 122 65 that
2768 3443 103 65 she
2915 3470 124 37 was
3083 3469 72 38 an
3200 3441 165 66 excel-

1831 3527 120 65 lent
1996 3526 378 84 tragedienne
2420 3526 117 66 and
2581 3526 127 66 said
2764 3555 172 57 many
2979 3556 34 36 a
3058 3531 161 79 witty
3277 3527 117 65 and

1831 3612 302 66 malicious
2179 3611 179 85 thing.

1962 3699 89 63 Of
2095 3725 204 37 course
2346 3697 177 65 when
2581 3725 115 56 you
2763 3727 100 36 are
2929 3700 97 65 the
3093 3700 301 63 Historian

1833 3782 117 67 and
1997 3782 149 65 have
2189 3800 60 46 to
2294 3782 176 65 touch
2514 3812 76 35 on
2636 3785 241 64 another
2921 3785 160 65 three
3145 3812 63 37 or
3272 3784 126 65 four

1831 3869 272 65 hundred
2176 3869 360 81 performers,
2606 3898 115 55 you
2788 3870 149 65 have
2983 3888 57 47 to
3107 3870 288 65 eliminate

1832 3955 175 64 much
2052 3953 367 66 information
2449 3954 181 65 about
2661 3955 458 66 Mademoiselle
3153 3955 240 83 Sophie.

1964 4040 19 64 1
2030 4066 125 38 was
2202 4057 99 47 not
2344 4043 60 61 in
2449 4040 205 65 search
2719 4042 86 63 for
2871 4042 109 64 this
3032 4043 361 63 information

1835 4124 257 65 because
2138 4125 21 63 I
2207 4124 240 85 already
2490 4127 118 64 had
2660 4128 61 72 it,
2778 4127 104 64 but
2926 4128 96 65 the
3068 4128 161 63 other
3268 4152 94 37 rea-

1835 4210 125 77 der,
1998 4230 60 45 to
2090 4210 197 65 whom
2332 4213 22 62 I
2401 4212 259 66 referred
2706 4216 113 80 just
2851 4241 157 47 now,
3050 4212 118 67 will
3200 4213 76 64 be
3319 4209 83 66 all

1833 4315 58 47 at
1935 4325 102 37 sea
2081 4296 119 66 that
2230 4297 75 65 he
2352 4316 213 47 cannot
2611 4298 268 66 discover
2931 4301 175 64 when
3136 4298 102 65 shs
3268 4322 125 37 was

1833 4382 164 76 born,
2045 4382 177 65 when
2268 4382 103 65 she
2416 4382 167 76 died,
2630 4383 117 65 and
2794 4384 176 65 when
3023 4383 102 66 she
3183 4379 214 66 retired

1831 4468 145 65 from
2028 4467 97 65 the
2194 4484 205 71 stage;
2447 4468 139 65 how
2653 4470 175 64 much
2893 4471 104 63 she
3064 4495 119 38 was
3232 4466 165 82 paid,

1832 4553 139 84 why
2016 4555 106 64 she
2165 4555 236 75 retired,
2449 4555 117 64 and
2612 4556 157 65 what
2835 4555 141 66 kind
3042 4555 59 64 of
3166 4580 228 38 woman

1832 4640 106 63 she
1983 4665 144 40 was.
2221 4641 21 62 I
2288 4640 151 65 have
2482 4640 103 65 full
2630 4642 304 82 sympathy
2979 4640 85 65 for
3107 4638 108 65 this
3267 4664 96 37 rea-

1832 4725 127 76 der,
2028 4725 259 67 because
2346 4725 276 85 knowing
2696 4720 157 72 what
2924 4726 108 65 this
3106 4721 288 70 so-called
