3509 4919
197 57 93 58 160

182 1490 1530 112 CORRESPONDENCE.

283 1663 346 51 ABOUT
681 1664 45 47 A
787 1662 273 49 BOOK
1533 1701 12 13 .
1589 1663 56 48 (0

181 1819 24 20 r
210 1819 51 41 IV
262 1818 13 19 s
279 1818 92 37 HE
385 1815 242 47 following
653 1816 131 37 letter
809 1815 38 37 is
868 1815 236 46 published
1135 1818 48 35 at
1224 1816 71 37 the
1348 1818 177 44 request
1564 1815 61 47 of
1658 1819 89 40 Mr,

221 1870 29 42 L
283 1869 171 46 Huntly
486 1869 174 36 Carter.
716 1868 237 44 Evidently
980 1867 54 36 he
1062 1867 148 36 thinks
1237 1867 35 36 it
1299 1867 94 37 will
1417 1869 53 35 do
1491 1867 89 37 him
1615 1870 133 42 good.

191 1923 75 38 We
293 1931 83 26 can
403 1921 98 44 only
529 1919 195 44 imagine
751 1918 36 37 it
812 1919 96 36 zvill
931 1919 52 36 do
1011 1917 91 39 him
1142 1919 141 42 harm,
1326 1918 76 37 but
1442 1931 64 25 we
1546 1918 95 38 will
1675 1924 78 33 not

183 1972 152 46 refuse
361 1971 68 37 his
456 1973 186 45 request,
673 1970 213 45 although
915 1971 73 35 the
1012 1970 126 45 place
1155 1970 88 45 for
1279 1971 153 36 letters
1470 1971 197 37 couched
1706 1972 45 36 in

180 2023 108 39 such
315 2025 220 44 language
563 2033 37 25 ts
640 2022 186 46 usually,
868 2020 39 38 is
948 2022 35 36 it
1023 2024 89 41 not,
1155 2022 72 36 the
1267 2023 136 37 waste
1435 2024 144 45 paper
1606 2022 148 38 basket

188 2076 141 36 tinder
356 2074 70 36 the
454 2072 198 38 Editor's
678 2073 101 35 desk
794 2073 25 36 f

291 2126 75 37 IVe
393 2124 172 46 offered
593 2135 84 25 our
707 2122 231 38 Reviewer
961 2126 130 42 space
1118 2123 47 36 in
1192 2123 146 37 which
1366 2125 41 34 to
1437 2125 121 45 reply
1586 2126 42 35 to
1655 2126 94 36 Mr.

182 2177 173 44 Carter,
391 2175 76 36 but
497 2175 54 36 he
587 2174 199 37 declined
810 2177 42 34 to
879 2176 143 35 notice
1049 2185 27 25 a
1105 2176 129 35 letter
1251 2175 194 36 couched
1462 2175 44 36 in
1526 2177 225 44 language

179 2239 47 26 so
254 2227 193 43 abusive,
478 2225 91 37 and
603 2224 145 38 which
788 2225 165 45 applies
997 2225 108 38 such
1146 2225 183 47 epithets
1368 2237 50 27 as
1460 2230 27 16 44
1510 2226 70 38 his
1618 2228 130 44 louts,

181 2279 130 37 idiots
349 2278 92 37 and
476 2280 103 43 apes
664 2280 41 33 to
735 2275 184 46 friends
962 2288 53 26 or
1052 2277 235 37 adherents
1327 2277 61 46 of
1419 2279 91 38 Mr.
1552 2279 202 38 Edward

184 2330 178 38 Gordon
395 2329 154 44 Craig.

280 2380 266 47 Regarding
572 2380 90 37 Mr.
697 2378 197 38 Carter's
937 2379 216 36 assertion
1181 2378 97 38 that
1318 2380 27 19 44
1366 2389 28 26 a
1447 2381 124 37 clean
1597 2380 157 40 writer

181 2432 148 37 would
352 2430 204 38 consider
583 2431 33 35 it
641 2441 120 26 more
786 2429 267 37 honourable
1081 2431 91 36 and
1187 2431 143 40 manly
1352 2432 42 34 to
1413 2431 102 47 sign
1536 2431 69 37 his
1623 2443 128 26 name

177 2494 56 25 or
257 2494 27 25 a
312 2481 327 46 recogniseable
673 2482 266 45 pseudonym
957 2483 28 18 m>
1024 2492 62 27 we
1127 2483 146 35 would
1302 2481 129 47 point
1470 2486 75 33 out
1586 2483 96 37 that
1722 2495 26 26 a

179 2533 157 37 writer
361 2534 170 44 usually
558 2532 226 45 conforms
826 2535 41 33 to
902 2533 237 44 precedent
1179 2533 47 36 in
1264 2533 107 37 such
1408 2537 213 39 matters;
1661 2536 92 36 and

186 2585 129 37 THE
343 2585 178 42 MASK\
553 2584 84 36 like
664 2594 129 33 many
820 2583 59 45 of
898 2583 70 37 the
995 2587 110 33 most
1132 2584 323 46 distinguished
1482 2597 164 34 among
1692 2586 58 38 its

177 2635 382 47 contemporaries,
582 2634 192 45 follows,
795 2635 107 36 with
922 2646 104 25 rare
1046 2636 270 45 exceptions,
1340 2636 71 36 the
1430 2639 155 44 system
1605 2636 60 45 of
1666 2641 54 42 pu-

177 2686 194 45 blishing
398 2686 57 37 its
483 2687 121 36 Book
633 2686 200 37 Reviews
861 2688 321 44 anonymously,
1212 2687 198 38 whether
1435 2688 118 37 these
1572 2688 49 37 be
1640 2689 108 37 suck

176 2749 52 24 as
256 2740 41 34 to
325 2738 88 36 win
442 2737 71 37 the
539 2737 202 37 author's
768 2738 155 44 hearty
944 2739 232 43 gratitude
1182 2768 8 16 ,
1212 2750 63 34 or,
1298 2749 50 26 as
1367 2739 45 36 in
1430 2741 90 39 Mr.
1547 2741 203 37 Carter's

177 2800 112 34 case,
322 2791 41 34 to
391 2790 89 35 call
503 2789 123 36 down
655 2800 26 25 a
710 2791 168 34 torrent
904 2779 61 54 of
981 2789 146 38 abuse.

289 2841 77 38 We
394 2841 100 37 take
523 2840 87 37 this
637 2840 280 46 opportunity
945 2839 61 46 of
1050 2840 227 46 notijying
1310 2841 94 38 Mr.
1450 2843 162 36 Carter
1650 2841 97 38 that

176 2901 83 26 our
276 2890 302 45 forbearance
613 2892 94 36 will
744 2893 75 35 not
859 2892 171 36 extend
1067 2894 41 35 to
1150 2892 71 36 the
1254 2892 276 46 publication
1570 2892 60 46 of
1659 2904 86 36 any

166 2940 192 47 further
380 2943 109 37 such
517 2943 151 37 letters
686 2941 126 46 from
841 2942 106 40 him•
1566 2944 175 38 Editor.

181 3079 88 37 The
294 3078 164 38 Editor
482 3078 59 46 of
567 3078 87 38 The
683 3078 145 36 Mask.

178 3149 265 44 Cir:—My
473 3149 218 37 attention
720 3149 81 36 has
828 3147 111 37 been
969 3147 151 39 drawn
1148 3153 44 34 to
1221 3161 26 25 a
1273 3160 108 35 very
1414 3149 212 39 offensive
1654 3151 88 38 and

256 3198 205 38 libellous
489 3200 146 38 notice
662 3199 51 38 of
736 3212 69 33 my
835 3199 117 37 book
1004 3201 88 35 The
1130 3202 112 36 New
1278 3201 141 45 Spirit
1447 3203 51 35 In
1534 3202 89 37 The
1648 3205 90 36 Eu•

171 3254 167 39 ropean
374 3251 187 37 Theatre
565 3280 9 14 ,
605 3252 246 45 appearing
880 3251 44 37 in
953 3251 76 37 the
1057 3257 179 32 current
1265 3252 117 37 issue
1419 3253 51 37 of
1492 3253 75 37 the
1593 3253 145 40 Mask.

171 3302 97 37 The
295 3313 136 35 pages
460 3301 50 38 of
532 3303 75 36 the
640 3302 130 37 Mask
799 3313 75 25 are
901 3302 250 47 invariably
1179 3315 50 25 so
1257 3304 78 36 full
1364 3303 51 38 of
1437 3315 174 27 narrow
1643 3318 72 33 par-

169 3353 217 47 tisanship
429 3356 60 42 (to
510 3354 84 46 day
633 3354 35 37 it
709 3354 37 37 is
784 3353 321 48 Mussolinism)
1141 3354 87 38 and
1263 3355 205 46 ignorant
1496 3356 241 47 prejudice,

170 3405 97 38 that
295 3405 32 36 it
355 3404 149 38 would
531 3416 120 26 seem
680 3416 24 25 a
732 3409 138 33 waste
899 3405 51 36 of
970 3405 109 38 time
1118 3410 45 33 to
1204 3412 168 41 protest
1413 3407 174 45 against
1614 3409 125 36 these

169 3461 85 33 two
283 3455 199 38 columns
510 3456 49 38 of
581 3455 249 39 vindictive
857 3456 183 47 opinion
1082 3468 116 26 were
1226 3459 32 35 it
1287 3466 77 29 not
1404 3459 95 37 that
1531 3459 104 47 they
1663 3472 76 25 are

175 3507 227 46 definitely
430 3506 213 47 designed
670 3513 76 31 not
783 3506 104 47 only
927 3513 46 31 to
1013 3507 186 48 damage
1227 3509 75 37 the
1329 3508 91 38 sale
1448 3509 50 37 of
1522 3521 71 36 my
1621 3511 117 38 book

172 3562 11 40 (
191 3562 25 16 44
236 3570 58 26 110
323 3569 86 25 one
440 3558 157 38 ....will
624 3563 120 33 want
771 3563 46 31 to
845 3560 106 36 read
979 3559 89 37 this
1324 3561 75 37 hut
1428 3565 44 33 to
1493 3561 142 47 injure
1665 3575 71 33 my

168 3610 253 45 reputation
450 3621 47 26 as
525 3622 26 25 a
578 3609 208 48 publicist
802 3608 89 40 and
919 3610 329 38 humanitarian
1277 3612 162 38 writer.
1501 3614 85 36 For
1612 3614 125 37 these

166 3671 180 27 reasons
376 3661 16 36 I
423 3665 116 33 must
579 3661 80 38 ask
699 3671 85 36 you
827 3665 46 33 to
913 3662 178 45 publish
1133 3663 90 37 this
1260 3662 124 49 reply
1412 3663 44 36 in
1485 3676 112 34 your
1629 3672 107 31 next

168 3712 132 44 issue,
330 3711 235 38 otherwise
596 3714 15 37 I
635 3713 112 36 shall
770 3713 205 37 consider
1001 3714 120 37 what
1150 3714 171 38 further
1348 3720 119 41 steps
1495 3721 45 32 to
1567 3716 102 37 take
1690 3718 44 36 in

166 3763 76 38 the
271 3768 172 32 matter.

272 3814 198 47 Possibly
497 3815 33 37 it
559 3814 37 38 is
623 3826 26 25 a
676 3814 98 45 sign
802 3815 51 37 of
876 3815 247 38 cowardice
1151 3816 95 38 that
1279 3816 76 37 the
1385 3815 149 39 writer
1565 3818 115 45 (who
1701 3817 32 37 it

165 3877 143 26 seems
336 3866 82 38 has
458 3866 110 38 been
610 3871 46 32 to
699 3867 159 37 Russia
898 3866 89 38 and
1028 3879 100 35 may
1169 3867 221 38 therefore
1423 3867 54 37 he
1506 3868 227 38 identified

166 3918 143 37 either
336 3929 49 26 as
414 3919 72 36 Mr
515 3917 192 39 Edward
736 3918 179 38 Gordon
947 3919 136 46 Craig
1101 3930 50 25 or
1171 3930 25 26 a
1217 3919 189 37 Russian
1434 3919 198 47 refugee)
1653 3920 80 36 has

170 3968 233 47 neglected
431 3975 44 32 to
496 3970 97 45 sign
614 3970 69 37 his
704 3982 142 25 name.
902 3970 55 37 In
978 3982 86 33 any
1091 3982 99 26 case
1210 3982 25 25 a
1254 3970 125 38 clean
1409 3970 149 38 writer
1584 3971 149 37 would

165 4020 205 37 consider
400 4021 32 37 it
461 4033 120 24 more
609 4022 274 37 honourable
911 4021 88 37 and
1035 4022 148 46 manly
1219 4027 45 32 to
1301 4023 100 46 sign
1430 4022 69 37 his
1527 4033 129 26 name
1683 4035 50 25 or

165 4084 26 25 a
218 4072 332 46 recogniseable
577 4073 293 46 pseudonym.
925 4074 125 36 Even
1083 4075 72 35 Mr
1184 4075 173 45 George
1379 4074 194 37 Bernard
1600 4075 133 38 Shaw

173 4126 63 44 (so
264 4123 206 47 despised
499 4125 56 44 by
584 4124 74 37 the
689 4124 150 48 Mask)
868 4123 107 39 does
1002 4136 63 26 so.

269 4175 180 37 Besides
476 4175 133 46 being
635 4175 214 38 ashamed
876 4181 45 33 to
961 4175 95 47 sign
1091 4175 69 37 his
1188 4186 144 34 name,
1362 4174 75 38 the
1464 4175 149 39 writer
1640 4175 69 39 evi-

165 4223 151 48 dently
345 4227 36 37 is
409 4226 123 45 quite
560 4226 162 38 unable
750 4233 44 33 to
821 4227 197 45 produce
1047 4226 214 40 evidence
1290 4227 42 37 in
1367 4233 187 42 support
1590 4228 45 36 of
1663 4227 70 39 his

163 4278 165 38 attack.
383 4278 123 40 With
536 4278 74 37 the
638 4278 235 48 exception
903 4278 50 37 of
990 4291 25 25 a
1060 4278 281 38 mishandled
1369 4283 209 32 sentence
1606 4280 127 36 there

165 4327 36 36 is
229 4340 57 25 110
313 4329 230 37 evidence.
598 4330 147 36 There
786 4332 37 35 is
865 4341 115 27 none
1018 4341 111 27 even
1171 4331 95 37 that
1305 4330 56 37 he
1396 4330 82 37 has
1509 4331 106 38 read
1658 4332 75 37 the

163 4379 129 38 book.
350 4382 71 35 He
449 4381 119 37 hints
596 4381 95 38 that
721 4381 55 37 he
818 4382 81 37 has
938 4393 104 26 seen
1083 4383 75 36 the
1186 4381 159 45 words,
1378 4385 26 17 44
1425 4381 165 38 useless
1619 4382 112 38 from

163 4431 75 37 the
451 4433 146 36 These
628 4432 146 37 words
815 4444 75 26 are
931 4437 99 33 torn
1071 4433 114 37 from
1226 4434 76 37 the
1333 4438 223 41 sentence,
1636 4435 97 37 The

163 4482 108 46 first,
303 4495 50 25 or
392 4483 308 46 Stanislavsky
740 4496 159 34 group,
932 4496 116 26 were
1089 4485 169 37 useless
1299 4486 111 36 from
1440 4487 76 36 the
1556 4490 110 33 start

165 4535 61 44 By
254 4534 206 47 omitting
487 4536 75 36 the
591 4536 241 45 preceding
871 4536 89 37 and
1005 4535 229 47 following
1275 4541 94 32 text
1415 4537 55 37 he
1511 4537 220 46 produces

162 4585 74 36 the
264 4586 109 37 false
400 4586 283 48 atmosphere
711 4587 207 37 essential
952 4592 45 33 to
1042 4600 26 24 a
1107 4588 111 37 kind
1253 4588 50 37 of
1331 4599 199 26 museum
1552 4589 177 46 journal

163 4636 88 37 like
279 4638 74 36 the
383 4637 142 39 Mask.
584 4640 70 35 He
690 4643 218 42 suggests,
953 4639 44 36 in
1039 4639 103 48 fact,
1186 4640 95 36 that
1318 4639 75 38 the
1421 4639 312 48 Stanislavsky

265 4741 55 48 (i)
352 4741 93 37 The
475 4740 146 47 Mask,
648 4743 102 45 July
781 4741 86 38 2tfo.
898 4742 82 46 Pg.
1015 4753 84 36 119.

2649 138 28 20 \

1813 185 149 36 group
2005 175 129 44 have,
2178 175 44 38 in
2270 188 74 35 my
2390 178 199 47 opinion,
2634 181 112 38 been
2793 183 166 38 useless
3001 184 112 39 from
3153 186 76 38 the
3266 192 121 38 start.

1820 225 193 48 Relying
2040 237 57 26 on
2139 226 89 39 this
2270 230 232 43 quotation
2542 232 57 36 he
2638 233 171 38 arrives
2850 239 45 34 at
2926 247 27 25 a
2978 235 240 40 deduction
3244 240 143 42 which

1815 277 85 36 has
1927 289 58 24 no
2013 277 189 38 relation
2232 282 45 33 to
2305 280 141 39 truth.
2503 283 95 37 The
2638 284 78 36 full
2756 290 212 34 sentence
2999 289 138 36 refers
3166 294 42 33 to
3234 292 74 36 the
3335 293 36 38 si-

1813 329 175 36 tuation
2032 329 45 36 in
2106 329 75 36 the
2212 331 198 37 Moscow
2425 334 81 35 Art
2534 334 194 38 Theatre
2747 337 300 47 immediately
3067 339 111 39 after
3206 342 74 37 the
3307 343 54 38 Re-

1813 379 204 37 volution
2033 380 128 37 when
2177 381 74 36 the
2265 382 151 45 public
2436 383 252 40 demanded
2703 388 96 37 that
2832 388 77 37 the
2951 390 265 38 Revolution
3230 393 156 40 should

1813 432 58 34 be
1900 432 286 45 represented
2213 444 57 24 on
2300 433 75 37 the
2402 440 140 40 stage,
2572 448 48 25 as
2648 438 33 35 it
2708 450 90 25 was
2813 441 287 45 represented
3119 442 42 37 in
3183 444 74 36 the
3276 456 108 35 open

1814 483 49 36 in
1891 487 125 40 great
2047 494 117 26 mass
2209 486 247 42 spectacles
2497 488 161 45 played
2699 488 149 39 before
2889 491 75 38 the
3004 492 174 39 Winter
3217 496 166 47 Palace,

1816 532 99 37 The
1963 534 180 42 Bourse,
2194 534 87 37 and
2326 536 256 39 elsewhere.
2663 540 148 38 There
2853 553 92 26 was
2989 545 190 45 nothing
3222 546 45 36 in
3312 548 73 39 the

1816 585 66 36 M.
1907 585 53 36 A.
1983 585 52 36 T.
2067 590 227 42 repertory
2322 592 46 32 to
2395 590 119 35 meet
2540 589 89 37 this
2656 592 191 36 demand
2889 593 88 38 and
3004 595 124 37 there
3156 607 91 26 was
3274 609 24 25 a
3323 611 42 26 se-

1813 635 126 37 rious
1967 634 95 38 talk
2089 636 50 37 of
2162 637 170 46 closing
2360 639 74 36 the
2462 639 186 38 theatre.
2707 644 133 36 Later
2868 644 209 39 however
3105 646 125 47 plays
3260 649 42 36 in
3331 651 52 38 its

1813 691 233 42 repertory
2073 699 117 25 were
2218 687 138 48 freely
2389 690 149 37 edited
2564 693 90 36 and
2682 694 193 47 adapted
2902 701 46 32 to
2975 698 88 37 suit
3090 699 75 35 the
3193 701 168 44 require-

1814 743 145 31 ments
1987 738 51 36 of
2068 739 75 36 the
2162 751 98 26 new
2293 741 329 47 theatre-going
2651 745 167 45 public.
2873 748 173 46 To-day
3078 750 305 50 Stanislavsky

1814 790 39 35 is
1881 788 226 48 definitely
2136 792 202 45 engaged
2365 804 56 26 on
2451 794 75 36 the
2554 796 265 45 production
2848 799 51 36 of
2925 811 98 25 new
3055 800 329 51 revolutionary

1813 839 144 47 plays,
1987 840 75 37 the
2092 847 114 32 most
2234 844 177 37 notable
2438 844 131 47 being
2601 858 25 24 a
2653 848 104 46 play
2785 849 136 38 about
2948 851 76 37 the
3051 852 251 39 celebrated
3321 867 42 27 re-

1812 891 285 47 volutionary
2126 894 199 46 cossack,
2361 897 269 44 Pugatchev.

1915 943 148 37 There
2091 944 37 36 is
2155 945 246 48 absolutely
2430 959 57 26 110
2507 948 291 47 justification
2828 950 68 38 for
2929 954 75 36 the
3036 954 200 47 cunning
3267 957 113 39 twist

1811 992 148 39 which
1987 995 77 37 the
2091 995 149 39 writer
2265 998 128 44 gives
2428 1004 46 32 to
2515 1000 76 37 the
2631 1001 123 37 three
2794 1002 150 38 words
2980 1006 165 45 quoted
3182 1006 55 47 by
3264 1007 109 47 him;

1812 1056 82 25 nor
1922 1045 66 38 for
2016 1046 70 36 his
2114 1058 164 26 excuse
2307 1048 68 38 for
2401 1054 78 33 not
2506 1051 187 47 reading
2719 1053 75 37 the
2827 1054 116 38 hook
2974 1056 238 38 contained
3239 1058 44 37 in
3313 1060 67 38 his

1811 1107 99 25 own
1952 1097 160 44 words,
2157 1101 27 17 44
2206 1100 94 36 that
2340 1101 153 37 settles
2534 1102 76 37 the
2649 1103 116 38 book
2806 1104 66 37 for
3088 1119 81 26 nor
3209 1109 65 37 for
3306 1112 72 37 the

1811 1147 155 37 idiotic
1992 1149 259 39 conclusion
2283 1153 25 18 44
2329 1152 33 38 it
2391 1152 179 38 decides
2599 1154 32 37 it
2660 1157 88 45 (my
2777 1155 132 47 book)
2931 1170 49 25 as
2999 1160 161 46 utterly
3189 1159 87 39 bad
3292 1163 86 38 and

1810 1198 111 37 false

1913 1249 112 39 This
2053 1261 239 37 paroxysm
2322 1253 50 37 of
2393 1265 108 34 rage
2529 1254 37 37 is
2595 1254 207 40 followed
2833 1258 56 45 by
2931 1260 132 37 much
3104 1261 198 49 foaming
3334 1270 43 33 at

1808 1301 78 35 the
1915 1303 153 35 mouth
2098 1302 110 38 from
2236 1304 148 37 which
2413 1316 201 36 emerges
2641 1308 189 37 another
2858 1310 136 44 hymn
3028 1311 51 37 of
3100 1312 103 38 hate
3230 1314 122 47 begin-

1809 1352 111 46 ning
1947 1353 106 37 with
2085 1354 75 36 the
2186 1355 147 39 words
2362 1359 26 17 44
2408 1356 33 38 it
2467 1363 89 41 (my
2577 1357 129 49 hook)
2728 1359 36 37 is
2784 1371 130 36 crazy
2942 1361 133 39 about
3104 1364 271 41 Bolshevism

1809 1404 89 35 and
2204 1406 35 37 If
2268 1406 33 38 it
2331 1407 36 37 is
2395 1419 131 36 crazy
2554 1409 132 39 about
2715 1411 274 38 Bolshevism
3017 1414 106 37 then
3150 1416 75 37 the
3247 1418 128 38 Mask

1810 1460 117 32 must
1955 1455 53 37 be
2036 1467 25 26 a
2089 1455 244 40 bolshevist
2354 1459 180 48 journal
2562 1461 122 37 since
2712 1463 244 47 according
2980 1468 45 34 to
3046 1466 56 36 its
3121 1465 113 39 back
3253 1481 89 25 num-

1809 1505 101 37 bers
1938 1506 111 37 from
2077 1508 77 37 the
2181 1515 110 32 start
2320 1510 32 37 it
2379 1510 82 38 has
2488 1511 115 37 done
2637 1512 112 40 little
2788 1514 91 37 else
2918 1516 108 37 than
3066 1518 121 38 what
3217 1521 14 35 I
3263 1521 110 37 have

1809 1556 117 38 done
1954 1558 43 36 in
2027 1558 74 37 the
2122 1560 139 46 major
2289 1567 99 39 part
2407 1562 50 37 of
2471 1575 72 33 my
2562 1563 132 38 book.
2750 1565 98 37 The
2867 1568 122 35 truth
3009 1567 133 39 about
3170 1582 71 34 my
3260 1571 113 39 book

1810 1608 37 36 is
1874 1608 97 38 that
1997 1615 78 31 out
2111 1610 50 37 of
2185 1612 155 48 nearly
2379 1624 79 36 300
2498 1625 141 35 pages
2680 1615 76 38 the
2797 1616 109 39 bulk
2945 1618 49 37 of
3016 1622 66 34 162
3110 1621 51 37 of
3191 1622 117 37 them
3337 1623 35 37 is

1807 1659 134 37 taken
1972 1672 58 35 up
2058 1662 108 36 with
2194 1663 119 37 what
2329 1675 25 25 a
2381 1666 275 46 responsible
2696 1668 215 37 reviewer
2950 1675 138 32 terms
3130 1675 24 16 44
3163 1672 74 37 the
3262 1680 110 32 most

1807 1712 216 44 powerful
2068 1713 150 37 attack
2258 1726 56 26 011
2352 1716 75 36 the
2468 1717 334 39 Trustification
2848 1719 50 38 of
2939 1721 76 36 the
3056 1722 187 47 English
3288 1726 85 37 and

1809 1763 176 36 French
2025 1763 195 39 theatres
2261 1766 89 36 and
2394 1768 76 36 the
2509 1769 219 47 complete
2766 1771 360 39 transformation
3168 1775 50 37 of
3251 1776 120 39 these

1807 1814 198 37 theatres
2039 1815 93 37 into
2173 1827 57 26 an
2271 1817 203 47 industry
2521 1819 66 37 for
2629 1821 182 46 making
2851 1823 251 46 dividends,
3143 1825 44 37 in
3227 1828 142 37 which

1807 1865 166 37 human
2002 1867 218 37 emotions
2247 1880 76 25 are
2350 1869 228 47 exploited
2605 1871 163 48 simply
2795 1885 57 25 on
2880 1875 76 36 the
2983 1874 119 39 basis
3128 1876 50 38 of
3199 1878 115 38 what
3335 1880 33 37 is

1806 1921 118 33 most
1947 1917 186 47 cheaply
2161 1919 88 37 and
2268 1920 138 46 easily
2427 1923 287 45 exploitable.
2768 1925 71 36 All
2869 1926 88 37 this
2985 1927 37 36 is
3050 1928 194 46 exposed
3264 1931 104 37 with

1806 1979 106 35 very
1941 1973 124 40 great
2085 1970 161 37 wealth
2267 1972 51 36 of
2340 1971 149 45 detail,
2513 1985 48 25 as
2583 1974 26 20 44
2626 1976 198 44 Wagner
2842 1977 199 46 exposed
3061 1978 44 37 in
3126 1979 70 37 his
3222 1980 83 47 day

1910 2020 28 36 1
1953 2020 54 36 he
2035 2021 88 37 aim
2151 2021 51 37 of
2214 2022 76 38 the
2319 2023 134 37 Mask
2471 2025 80 37 has
2569 2024 111 38 been
2710 2034 44 29 to
2782 2029 149 37 attack
2957 2030 227 38 whatever
3203 2031 78 38 has
3309 2032 38 37 in-

1804 2069 196 38 terfered
2026 2072 107 37 with
2175 2074 75 35 the
2291 2074 200 39 advance
2532 2076 48 37 of
2615 2078 75 36 the
2729 2079 173 37 theatre
2941 2081 241 47 according
3211 2087 45 32 to
3284 2084 81 39 Mr.

1806 2121 193 38 Edward
2039 2122 182 39 Gordon
2263 2125 175 45 Craig's
2478 2129 279 46 conception,
2792 2131 88 37 and
2925 2133 79 45 Big
3046 2133 206 37 Business
3290 2135 76 37 has

1805 2173 273 47 continually
2103 2175 109 37 been
2259 2177 205 38 attacked
2504 2190 48 27 as
2592 2191 26 24 a
2660 2181 140 46 prime
2840 2182 103 39 evil.
3002 2185 48 35 In
3091 2184 75 37 the
3194 2192 172 32 current

1803 2223 133 38 Mask
1965 2229 129 43 (page
2125 2227 92 47 105)
2252 2239 75 26 are
2368 2229 124 37 these
2533 2231 148 38 words
2721 2232 57 47 by
2822 2234 88 39 Mr.
2953 2234 192 39 Edward
3189 2237 174 37 Gordon

1804 2276 149 45 Craig,
1985 2280 26 17 44
2030 2276 89 38 and
2146 2279 32 37 it
2207 2284 115 33 must
2350 2291 125 26 come
2502 2287 41 31 to
2571 2293 54 26 an
2657 2283 86 37 end
2783 2285 89 37 this
2912 2285 183 38 modern
3137 2287 227 38 theatrical

2087 2330 111 37 This
2226 2342 152 26 means
2406 2333 95 36 that
2531 2334 84 38 Mr.
2646 2334 193 39 Edward
2877 2337 180 37 Gordon
3096 2338 134 46 Craig
3258 2339 36 36 is
3322 2340 41 37 in

1803 2378 218 46 complete
2049 2385 252 40 agreement
2328 2383 109 37 with
2465 2384 75 36 the
2568 2385 221 48 principal
2817 2387 116 39 view
2961 2391 239 46 expressed
3220 2390 43 37 in
3293 2402 71 37 my

1803 2430 177 46 alleged
2006 2431 246 38 bolshevist
2280 2432 129 39 book.

1906 2482 96 37 The
2029 2483 118 36 book
2174 2483 124 38 deals
2324 2485 108 38 with
2472 2486 77 37 the
2589 2487 196 38 theatres
2825 2490 48 37 of
2900 2491 46 36 II
2973 2491 239 39 countries.
3267 2492 92 36 The

1802 2544 132 34 space
1962 2533 192 38 devoted
2173 2539 45 34 to
2248 2537 159 36 Russia
2435 2537 37 37 is
2499 2549 110 36 very
2635 2539 171 39 limited
2824 2557 9 29 ;
2864 2541 89 37 and
2979 2542 76 37 the
3082 2553 132 35 space
3231 2542 129 46 given

1801 2589 46 31 to
1875 2584 97 37 The
2000 2586 195 36 Theatre
2221 2587 89 37 and
2333 2588 174 37 Labour
2526 2590 36 36 is
2582 2590 85 38 less
2686 2591 109 37 than
2816 2596 73 33 ten
2912 2605 153 34 pages.
3119 2594 96 37 The
3235 2599 105 32 state-

1802 2641 120 32 ment
1950 2636 95 37 that
2076 2638 16 36 I
2124 2641 28 16 44
2171 2638 114 46 keep
2328 2650 56 26 on
2425 2641 219 46 speaking
2682 2642 53 37 of
2768 2643 76 37 the
2885 2644 177 37 Labour
3326 2646 35 35 is

1800 2686 164 49 simply
2005 2699 25 25 a
2071 2688 246 39 calculated
2357 2691 72 37 lie.
2502 2693 97 37 The
2642 2693 176 38 Labour
2863 2697 129 45 Party
3036 2697 35 36 is
3112 2696 249 39 mentioned

1800 2738 142 38 twice.
2012 2739 98 38 The
2148 2740 184 45 opinion
2373 2743 95 37 that
2512 2745 16 35 I
2573 2745 115 37 have
2730 2746 138 37 found
2910 2747 44 37 in
2997 2748 162 37 Ernest
3190 2750 116 35 Benn
3335 2759 24 26 a

1802 2793 26 17 44
1847 2789 229 46 publisher
2101 2792 173 46 willing
2299 2797 46 33 to
2385 2794 162 46 spread
2588 2796 235 38 Bolshevic
3216 2798 145 38 which

1801 2843 26 17 44
1847 2852 74 26 are
1948 2847 77 32 not
2054 2853 120 27 mere
2531 2847 37 36 is
2608 2858 55 27 an
2700 2849 205 46 example
2939 2850 50 36 of
3020 2851 75 35 the
3135 2854 150 33 extent
3318 2855 42 31 to

1797 2892 148 38 which
1973 2893 90 39 this
2089 2895 268 37 scandalous
2382 2897 152 38 writer
2562 2897 37 36 is
2627 2898 170 47 willing
2830 2905 44 32 to
2903 2912 58 34 go
2998 2900 44 37 in
3080 2912 56 26 an
3177 2905 183 42 attempt

1797 2950 74 30 not
1898 2944 107 48 only
2032 2950 45 32 to
2104 2951 188 40 prevent
2320 2948 75 36 the
2422 2948 93 37 sale
2542 2949 50 37 of
2615 2960 74 38 my
2717 2950 117 39 book
2869 2952 77 38 but
2973 2956 43 34 to
3044 2959 185 40 prevent
3255 2953 77 47 pub-

1797 2994 160 38 lishers
1984 2996 112 37 from
2127 2997 254 48 marketing
2409 3010 72 36 my
2509 3000 160 45 goods.

1901 3048 38 35 It
1966 3059 100 35 may
2119 3048 68 45 be,
2239 3050 222 45 however,
2506 3053 96 36 that
2641 3053 75 36 the
2758 3064 76 26 use
2873 3053 51 38 of
2963 3053 272 40 Bolschevist
3274 3053 84 38 and

1799 3095 274 40 Bolshevism
2102 3111 48 25 as
2178 3106 133 31 terms
2338 3102 51 37 of
2411 3113 184 27 censure
2624 3103 87 37 and
2740 3104 150 45 abuse,
2921 3105 51 46 is,
3006 3118 50 25 as
3096 3118 121 25 some
3256 3116 102 26 sane

1795 3159 185 35 persons
2007 3150 125 46 point
2151 3157 90 37 out,
2268 3151 162 48 simply
2459 3165 25 25 a
2513 3154 98 45 sign
2639 3154 51 38 of
2712 3156 164 37 mental
2912 3156 277 49 degeneracy
3209 3169 55 25 on
3284 3157 72 37 the

1795 3205 98 41 part
1920 3201 53 37 of
1994 3201 77 38 the
2100 3213 139 33 users,
2269 3203 89 38 and
2386 3205 105 45 they
2524 3217 76 26 are
2629 3206 108 37 used
2766 3206 42 38 in
2851 3208 89 37 this
2978 3220 185 27 mariner
3201 3207 156 48 simply

1793 3257 46 31 to
1866 3251 171 47 delight
2070 3253 162 38 mental
2276 3255 257 40 defectives.
2607 3256 43 37 Jf
2685 3258 161 47 people
2886 3271 77 33 say
3004 3260 96 38 that
3143 3260 103 46 they
3282 3270 73 26 are

1794 3302 134 47 being
1957 3303 108 39 used
2094 3306 58 47 by
2183 3307 85 36 Mr.
2303 3307 193 37 Edward
2525 3308 181 38 Gordon
2742 3311 135 45 Craig
2919 3316 45 31 to
3004 3311 150 38 attack
3190 3322 68 25 me
3293 3311 64 36 for

1792 3354 75 37 the
1894 3367 193 34 purpose
2115 3356 51 38 of
2187 3357 203 48 pleasing
2418 3359 69 37 his
2508 3359 129 45 louts,
2662 3360 130 40 idiots
2821 3361 88 38 and
2937 3373 121 36 apes,
3081 3364 56 36 he
3156 3363 80 37 has
3254 3361 100 46 only

1792 3405 184 40 himself
1998 3412 44 33 to
2070 3407 158 38 blame.

1793 3482 203 39 London.
2026 3485 188 45 August,
2250 3497 60 35 15,
2345 3486 79 37 '26.

2983 3490 173 47 Huntly
3184 3491 166 37 Carter.

2187 3653 48 46 A
2345 3654 598 57 QUERY.

1790 3790 26 16 44
1844 3791 56 35 Ts
1928 3786 33 37 it
1989 3791 97 33 true
2115 3788 94 37 that
2239 3789 87 36 Mr.
2357 3789 178 39 Gordon
2557 3792 136 49 Craig
2712 3805 91 26 was
2830 3793 138 38 asked
2996 3796 47 35 to
3072 3794 195 46 produce
3297 3805 53 26 an

1901 3849 138 34 opera
2067 3843 45 33 at
2130 3839 167 37 Torino
2325 3840 85 39 last
2437 3854 106 34 year
2571 3844 88 37 and
2688 3845 177 38 refused
2894 3845 189 38 because
3113 3847 75 36 the
3210 3846 113 36 Thea-

1786 3892 67 34 tre
1886 3889 132 38 could
2047 3894 73 34 not
2150 3902 89 37 pay
2267 3892 74 38 the
2358 3892 68 38 fee
2456 3894 55 38 he
2773 3898 66 44 (F,
2870 3898 71 37 L.:
2979 3897 248 47 Brighton).

2264 4010 595 53 REPLY.

1786 4110 42 57 ®!
1860 4125 440 49 Perfect^—though
2339 4139 48 26 as
2428 4140 25 26 a
2493 4130 96 39 rule
2628 4144 68 26 we
2715 4134 116 38 shall
2870 4134 173 39 decline
3090 4141 41 33 to
3184 4144 162 30 answer

1786 4179 111 36 such
1924 4188 107 36 very
2061 4179 209 46 personal
2299 4180 191 46 queries.

1889 4229 146 37 There
2061 4241 92 27 was
2180 4242 26 24 a
2235 4230 273 40 Millionaire
2543 4236 268 49 supporting
2838 4236 89 38 this
2955 4238 281 38 theatre—he
3265 4234 81 39 had

1786 4281 75 37 the
1880 4280 204 47 building
2110 4284 332 38 reconstructed
2470 4289 44 32 at
2542 4285 71 38 his
2643 4299 212 35 expense.
2913 4289 95 37 The
3044 4291 302 45 management

1786 4343 91 26 was
1905 4332 233 47 prepared,
2161 4334 32 36 it
2221 4334 111 43 said,
2380 4340 46 32 to
2453 4347 236 29 overcome
2717 4351 89 38 any
2833 4340 220 51 difficulty
3084 4342 42 37 in
3156 4342 74 37 the
3250 4346 95 41 way

1786 4383 49 38 of
1859 4384 241 47 procuring
2129 4386 85 37 Mr.
2243 4385 175 49 Craig's
2446 4388 210 40 services.

1892 4436 87 37 Mr.
2009 4435 148 47 Craig,
2188 4437 100 37 who
2315 4437 37 37 is
2381 4443 75 32 not
2477 4441 132 37 much
2638 4441 51 37 of
2710 4453 26 26 a
2768 4441 196 38 believer
2992 4443 44 37 in
3067 4441 279 39 millionaires

1786 4486 101 37 who
1914 4498 77 27 are
2019 4487 97 38 said
2143 4492 45 33 to
2208 4488 54 37 be
2288 4490 266 47 supporting
2581 4497 67 32 art
2675 4492 89 38 and
2803 4494 100 37 who
2934 4500 76 40 get
3037 4496 74 35 the
3138 4494 93 37 title
3251 4491 47 38 of
3319 4499 25 26 a

1787 4548 222 28 mecanus
2047 4539 67 37 for
2142 4544 106 32 next
2279 4544 46 33 to
2352 4541 202 46 nothing,
2584 4542 275 40 determined
2888 4551 44 31 to
2961 4546 127 37 make
3107 4546 87 37 this
3222 4556 24 24 a
3265 4544 79 35 test

1788 4600 115 26 case.
1938 4591 71 36 He
2028 4589 182 38 learned
2239 4591 94 37 that
2352 4592 73 38 the
2446 4595 166 36 Torino
2631 4602 236 41 supporter
2887 4609 89 25 was
2996 4603 75 31 not
3090 4594 254 48 supporting

1788 4640 75 38 the
1902 4646 186 32 venture
2117 4653 48 25 as
2192 4654 26 24 a
2245 4643 269 39 millionaire
2557 4645 160 40 shouLd
2745 4654 186 42 support
2978 4661 25 25 a
3031 4649 168 37 theatre
3225 4645 35 38 if
3290 4643 52 37 he

1788 4697 209 42 supports
2026 4692 32 38 it
2086 4697 44 32 at
2159 4693 73 37 all.

1893 4744 160 47 These,
2084 4755 49 27 so
2162 4744 69 39 far
2272 4756 48 27 as
2361 4755 66 29 we
2455 4745 147 50 know,
2634 4760 75 28 are
2740 4751 75 39 the
2843 4757 130 33 exact
3000 4751 124 40 facts.

3261 4741 77 43 Ed.
