3412 4572
995 426 178 54 Henri
1197 430 267 57 Barbusse
1502 452 22 27 *
1563 436 118 55 Das
1707 440 280 55 Frühlicht

2510 452 104 60 117

1020 1185 941 85 DAS
1961 1185 1 85 FRÜHLICHT

1105 983 273 81 Henri
1432 983 436 81 Barbusse

609 1376 96 58 Om
745 1385 222 72 vorigen
1669 1382 96 59 Oie
1766 1382 60 78 ft
1202 1410 113 34 war
1350 1395 105 53 das
1882 1408 99 52 des
2461 1411 137 71 feu“

407 1470 7 35 i
713 1457 69 52 ab
783 1458 290 73 gedruckt:
1108 1463 100 54 der
1769 1460 420 86 cfturmangriff,
1526 1477 125 61 „die
2140 1490 99 52 des

526 1552 54 35 in
619 1536 87 53 die
745 1535 211 68 Bestie,
997 1543 96 52 der
1100 1538 153 85 JCcd
1274 1548 99 54 des
1404 1548 370 63 VRenscßen“.
1812 1555 255 76 „Opäfer
2161 1564 132 73 hieß
2329 1589 62 34 es
2431 1573 165 64 dann,

527 1611 123 53 soff
677 1632 85 35 em
802 1625 224 47 zweites
1064 1615 177 60 Stück
1270 1618 228 82 folgen:
1535 1626 151 69 „<Die
1723 1630 361 85 Verklärung
2123 1644 98 53 des
2267 1644 143 57 Wen
2414 1649 178 66 saßen,

524 1696 97 47 der
660 1696 118 49 dies
818 1696 144 53 alles
997 1696 219 58 erlitten
2154 1702 128 66 hat;
1416 1707 106 52 das
1548 1706 344 62 Bekenntnis
1911 1735 118 34 zum
2057 1739 175 37 neuen

526 1771 115 49 dem
1006 1771 224 58 Wenscßennach
1231 1778 142 56 diesem
2452 1778 146 80 [Krieg
1738 1786 150 60 Oher
1910 1795 79 52 ist
2013 1815 76 34 es.

378 2007 34 42 j
743 1921 216 83 Stelle,
994 1956 98 41 wo
1136 1957 113 42 wir
1293 1961 118 41 uns
1460 1933 338 78 hinsinken
1848 1942 226 84 ließen,
2123 1971 305 51 erwarten
2476 1959 115 67 wir

377 2013 114 65 den
528 2013 159 83 Tag.
741 2013 84 69 Er
861 2016 265 84 kommt,
1177 2022 301 87 langsam,
1514 2031 152 83 eisig
1699 2035 135 68 und
1869 2035 243 85 finster,
2149 2045 266 85 unselig,
2453 2050 134 69 und

378 2121 216 52 breitet
630 2107 132 70 sich
796 2138 112 42 aus
946 2111 161 71 über
1139 2115 123 70 den
1296 2119 511 77 schwarzblauen
1844 2128 230 73 Raum.

457 2194 80 71 Es
575 2219 216 62 regnet
827 2203 173 71 nicht
1039 2208 203 71 mehr.
1279 2210 136 71 Der
1442 2211 281 78 Himmel
1755 2219 193 86 hängt
1971 2223 147 72 leer.
2154 2227 128 72 Die
2309 2230 278 74 bleierne

368 2295 208 64 Ebene
622 2312 116 49 mit
785 2295 179 71 ihren
1014 2298 262 73 blinden
1315 2303 533 93 Wasserspiegeln
1882 2318 164 69 sieht
2079 2350 132 51 aus,
2258 2323 86 70 als
2389 2330 195 82 steige

365 2410 87 39 sie
485 2387 173 66 nicht
693 2416 123 41 nur
848 2417 113 42 aus
998 2392 110 71 der
1143 2393 235 84 Nacht,
1413 2402 276 72 sondern
1726 2408 285 83 zugleich
2043 2441 113 42 aus
2192 2415 146 72 dem
2373 2418 206 74 Meer.

407 2562 54 41 fi
589 2568 30 35 j
666 2507 18 40 c
684 2506 23 41 *
711 2510 112 39 use
1197 2487 351 86 schlafend,
1585 2525 124 42 von
1743 2496 141 72 Zeit
1919 2533 77 39 zu
2029 2501 142 72 Zeit
2217 2507 102 70 die
2349 2510 228 86 Augen

364 2572 281 112 fönend,
703 2600 110 42 um
862 2576 111 79 sie,
1034 2580 301 82 gelähmt,
1385 2587 309 82 gerädert,
1745 2610 158 52 starr
1952 2624 113 42 vor
2116 2596 207 84 Kälte,
2376 2603 197 85 gleich

363 2664 221 67 wieder
640 2693 79 40 zu
778 2666 320 75 schließen
1294 2705 70 40 so
1423 2678 205 73 findet
1685 2713 121 42 uns
1860 2688 111 70 das
2027 2691 550 78 wiederkehrende

363 2760 485 79 Himmelslicht,
895 2789 80 42 an
1025 2763 226 72 dessen
1288 2766 340 77 Rückkehr
1660 2778 113 67 wir
1815 2778 189 72 kaum
2037 2783 180 72 mehr
2251 2787 320 77 glaubten,

597 2850 143 70 sind
776 2851 104 70 die
913 2851 606 91 Schützengräben?

447 2934 153 74 Man
654 2943 162 71 sieht
870 2976 122 39 nur
1040 2948 165 72 Seen
1265 2954 134 69 und
1449 2958 310 73 zwischen
1807 2963 216 73 diesen
2077 2967 163 72 Seen
2292 2971 279 76 Streifen

360 3033 329 84 milchigen
727 3038 134 69 und
896 3045 478 80 stagnierenden
1413 3047 300 74 Wassers.

444 3118 80 73 Es
559 3126 167 71 steht
757 3130 150 71 alles
943 3133 120 70 viel
1098 3136 181 71 mehr
1310 3159 186 51 unter
1530 3141 246 74 Wasser
1820 3147 89 72 als
1954 3180 146 42 man
2137 3158 268 80 gedacht
2437 3160 129 71 hat.

419 3241 62 41 as
509 3220 246 71 Wasser
801 3224 146 69 füllt
993 3225 150 74 alles
1190 3259 134 51 aus,
1373 3232 108 72 hat
1515 3234 237 73 überall
1790 3239 254 75 Lachen
2088 3248 297 82 gebildet,
2436 3254 133 70 und

355 3321 102 51 das
495 3337 60 39 m
593 3313 112 69 der
730 3314 213 73 Nacht
964 3318 499 90 Vorausgesagte
1487 3329 165 70 trifft
1676 3333 135 70 ein:
1844 3366 62 38 es
1934 3337 137 83 gibt
2098 3340 180 72 keine
2306 3342 259 76 Gräben

379 3405 177 75 uehr;
592 3405 102 70 die
730 3406 244 74 Kanäle
1008 3413 147 70 dort
1181 3418 143 68 sind
1351 3418 103 70 die
1479 3422 357 73 ersoffenen
1868 3427 283 76 Gräben.
2203 3434 125 72 Die
2357 3436 166 73 Über-

353 3494 466 92 schwemmung
853 3504 80 68 ist
967 3503 355 86 allgemein.
1371 3512 132 70 Das
1539 3513 432 79 Schlachtfeld
2005 3525 230 71 schläft
2267 3531 198 81 nicht,
2498 3563 65 40 es

353 3598 75 51 ist
459 3602 108 53 tot.
621 3591 167 72 Dort
823 3616 200 52 unten
1059 3598 149 82 geht
1242 3602 110 70 das
1381 3603 223 74 Leben
1629 3611 316 74 vielleicht
1968 3620 234 80 weiter,
2237 3621 154 73 aber
2417 3655 144 44 man

352 3685 151 59 sieht
537 3685 174 68 nicht
744 3716 72 40 so
849 3691 167 69 weit.

353 3850 12 31 ,
437 3766 322 100 Mühselig
793 3781 135 70 und
964 3781 428 78 schwankend
1418 3793 115 69 wie
1558 3795 100 69 ein
1689 3795 292 76 Kranker
2015 3803 201 72 richte
2250 3809 103 71 ich
2387 3812 172 71 mich

385 3869 105 59 mb
523 3869 127 80 auf,
698 3902 111 42 um
860 3874 213 74 besser
1116 3879 193 72 sehen
1356 3913 80 41 zu
1475 3885 274 78 können.
1798 3892 222 75 Meine
2056 3895 265 88 Kapuze
2356 3925 202 52 stran-
