3749 4572
1248 401 105 61 126

1862 408 181 55 Henri
2065 408 272 55 Barbusse
2378 428 20 23 *
2431 408 117 53 Das
2576 410 284 53 Frühlicht

1343 606 88 72 Er
1477 607 268 87 spuckte
1789 607 258 80 wieder,
2093 606 153 74 aber
2292 609 344 72 entkräftet
2680 639 128 42 von
2854 611 113 73 der
3003 610 478 89 Anstrengung,

1247 701 109 71 die
1389 733 65 41 es
1490 701 114 73 ihn
1638 703 266 80 kostete,
1939 700 103 72 fiel
2075 731 70 41 er
2189 701 238 73 zurück
2471 705 64 69 in
2583 705 135 70 sein
2753 703 342 72 Moorloch
3142 706 137 72 und
3323 706 160 87 legte

1243 797 222 69 seinen
1507 794 183 86 Kopf
1723 797 64 68 in
1822 795 127 70 den
1985 795 270 85 eigenen
2288 795 324 88 Speichel.

2340 959 36 38 *

1335 1072 284 83 Paradis,
1644 1086 296 69 verstört,
1971 1073 129 73 ließ
2125 1076 177 71 seine
2333 1075 195 73 Hand
2554 1075 340 72 schweifen
2923 1076 163 71 über
3110 1076 107 72 die
3250 1076 228 75 Fläche

1242 1165 115 74 der
1393 1167 657 85 unaussprechlichen
2078 1169 420 81 Landschaft,
2536 1171 112 70 das
2674 1171 186 84 Auge
2887 1189 163 52 starr
3074 1171 268 84 gradaus
3373 1203 70 55 ge-

1243 1260 253 81 richtet,
1530 1261 139 70 und
1698 1260 418 73 wiederholte
2149 1264 137 69 sein
2320 1263 183 71 Wort
2519 1294 16 39 :

1338 1352 132 82 „So
1531 1354 84 69 ist
1674 1382 90 52 er,
1825 1353 115 71 der
2004 1353 202 89 Krieg
2244 1413 13 13 .
2300 1413 14 13 .
2354 1414 14 14 .
2450 1355 156 73 Und
2662 1386 72 40 so
2791 1357 83 69 ist
2932 1357 137 71 und
3128 1355 200 73 bleibt
3391 1387 84 43 er.

1239 1444 151 73 Was
1418 1447 149 71 sind
1590 1447 137 80 wir,
1746 1448 116 70 wir
1887 1448 142 81 alle,
2050 1449 138 71 und
2213 1480 124 40 was
2366 1451 82 69 ist
2471 1449 115 71 das
2615 1448 184 72 hier?
2837 1449 251 82 Nichts,
3110 1477 112 57 gar
3247 1451 228 75 nichts.

1241 1540 151 72 Was
1425 1543 117 69 wir
1573 1540 223 81 sehen,
1832 1542 83 70 ist
1951 1571 121 42 nur
2117 1543 105 70 ein
2255 1542 211 72 Punkt
2511 1546 86 71 im
2644 1573 265 55 ganzen.
2947 1543 327 71 Einsehen
3321 1546 155 70 muß

1242 1663 171 51 man,
1429 1633 127 70 daß
1575 1664 66 41 es
1655 1635 172 84 jetzt,
1844 1635 220 71 diesen
2076 1635 300 86 Morgen,
2398 1636 411 74 dreitausend
2823 1635 356 72 Kilometer
3189 1636 287 86 gleichen

1241 1725 155 71 oder
1430 1726 268 71 beinahe
1732 1727 316 83 gleichen,
2083 1727 155 72 oder
2272 1729 166 71 noch
2473 1727 454 73 schlimmeren
2964 1729 337 81 Unglücks
3345 1731 131 79 gibt

1242 1820 68 69 in
1345 1820 115 70 der
1495 1819 235 72 Welt.“

1341 1912 202 81 „Und
1586 1913 239 80 dann,“
1872 1933 175 65 sagte
2090 1913 115 72 der
2239 1913 324 72 Kamerad
2606 1946 121 41 uns
2775 1945 114 40 zur
2930 1914 197 83 Seite,
3161 1917 126 70 den
3330 1946 145 42 man

1243 2007 179 70 nicht
1465 2006 237 71 einmal
1742 2036 83 41 an
1876 2008 113 70 der
2023 2007 276 71 Stimme
2347 2007 185 74 mehr
2564 2008 568 81 wiedererkannte,
3172 2037 301 58 „morgen

1241 2098 162 71 wird
1439 2129 66 40 es
1539 2130 126 41 von
1702 2129 199 42 vorne
1937 2101 344 84 beginnen.
2329 2102 133 70 Das
2497 2131 128 42 war
2658 2121 368 66 vorgestern
3069 2133 73 40 so
3181 2105 139 71 und
3359 2103 114 73 alle

1239 2190 179 86 Tage
1451 2191 230 72 vorher
1716 2202 138 61 so.“

1333 2285 139 70 Der
1512 2284 326 72 Chasseur
1872 2285 100 71 riß
2004 2288 117 68 mit
2158 2288 176 69 einer
2368 2286 484 87 Anstrengung,
2880 2288 90 71 als
3005 2300 217 60 müsse
3257 2317 66 42 er
3356 2290 117 70 den

1241 2376 223 73 Boden
1511 2407 342 56 sprengen,
1890 2380 223 70 seinen
2158 2379 251 86 Körper
2451 2411 123 42 von
2620 2383 112 70 der
2766 2382 169 71 Erde
2984 2382 116 82 los,
3134 2384 66 69 in
3250 2382 114 72 der
3411 2412 64 42 er

1239 2473 188 69 einen
1463 2470 306 73 Abdruck
1818 2472 345 71 hinterließ
2211 2473 208 85 gleich
2466 2477 207 68 einem
2720 2477 362 70 rinnenden
3118 2476 180 86 Sarg,
3344 2477 128 71 und

1239 2583 202 51 setzte
1483 2564 139 73 sich
1662 2564 115 70 auf
1807 2566 64 68 in
1914 2564 242 73 diesem
2191 2566 240 81 Loche,
2470 2596 67 41 er
2577 2567 299 72 blinzelte
2908 2569 119 69 mit
3066 2568 125 70 den
3226 2568 245 85 Augen,

1241 2657 341 71 schüttelte
1637 2658 132 70 sein
1820 2658 67 69 in
1937 2656 397 75 Kotfransen
2380 2660 349 72 triefendes
2777 2660 291 82 Gesicht,
3123 2690 113 42 um
3284 2693 66 39 es
3397 2691 75 41 zu

1238 2750 299 81 säubern,
1573 2751 135 70 und
1744 2770 207 66 sagte:

1335 2844 331 80 „Diesmal
1700 2845 163 72 wird
1907 2876 150 40 man
2105 2845 168 71 noch
2319 2846 538 74 davonkommen.
2912 2848 156 71 Und
3118 2877 127 43 wer
3290 2846 178 80 weiß,

1238 2937 321 72 vielleicht
1591 2938 164 71 auch
1791 2968 265 56 morgen
2094 2940 168 70 noch
2297 2940 256 71 einmal.
2587 2939 152 72 Wer
2770 2942 268 71 weiß?“

1331 3029 283 83 Paradis,
1639 3030 124 72 den
1783 3030 265 73 Rücken
2078 3032 274 86 gebeugt
2379 3052 186 52 unter
2591 3036 210 68 einem
2819 3033 300 88 Teppich
3147 3065 113 40 aus
3279 3034 190 82 Dung

1237 3123 137 70 und
1411 3122 153 82 Kot,
1611 3123 225 71 suchte
1871 3124 127 70 den
2036 3124 354 73 Gedanken
2426 3127 257 84 geltend
2716 3156 82 41 zu
2833 3128 296 80 machen,
3163 3127 130 71 daß
3326 3155 140 42 man

1238 3216 127 71 den
1415 3217 202 85 Krieg
1661 3217 135 71 sich
1850 3217 179 73 nicht
2076 3220 342 72 vorstellen
2465 3220 232 82 könne,
2746 3250 67 42 er
2859 3224 90 68 sei
3003 3221 359 72 unmeßbar
3405 3220 59 68 in

1239 3310 206 71 Raum
1482 3311 133 70 und
1648 3310 167 72 Zeit.

1336 3401 248 83 „Wenn
1611 3433 149 41 man
1787 3433 148 42 vom
1965 3404 203 86 Krieg
2193 3408 86 68 im
2312 3436 243 56 ganzen
2593 3406 309 86 spricht,“
2942 3406 263 73 fieberte
3231 3434 89 52 er,
3358 3432 108 52 „so

1238 3498 81 68 ist
1354 3527 89 51 es,
1476 3497 90 71 als
1603 3517 176 67 sagte
1813 3528 148 41 man
1996 3527 109 56 gar
2140 3499 232 71 nichts.
2409 3500 102 72 Da
2540 3499 198 74 hören
2765 3502 105 71 die
2895 3500 220 73 Worte
3149 3500 129 72 auf.
3312 3499 152 70 Man

1239 3591 82 68 ist
1355 3591 102 80 da,
1492 3620 149 40 man
1676 3589 168 71 sieht
1876 3622 91 50 es,
2001 3592 154 70 aber
2188 3594 119 70 wie
2340 3594 144 69 eine
2517 3594 119 70 Art
2671 3594 334 71 Blinder.“

1331 3681 164 72 Eine
1528 3683 396 74 Baßstimme
1958 3685 127 71 ließ
2119 3685 135 71 sich
2292 3687 103 69 ein
2429 3688 211 84 wenig
2672 3688 234 71 abseits
2941 3686 424 72 vernehmen:

1333 3775 242 82 „Nein,
1609 3806 150 42 man
1793 3777 168 71 kann
1995 3777 135 73 sich
2166 3779 229 71 keinen
2431 3780 238 85 Begriff
2701 3782 208 70 davon
2944 3779 336 72 machen.“

1330 3869 123 70 Ein
1488 3870 499 71 Lachausbruch
2037 3871 226 85 schlug
2309 3873 141 71 hart
2488 3903 369 41 zusammen
2893 3874 159 71 über
3085 3874 148 70 dem
3268 3870 193 71 Wort.
