3749 4572
1875 415 180 53 Henri
2083 413 267 53 Barbusse
2387 425 23 28 *
2443 409 119 52 Das
2589 406 282 55 Frühlicht

1263 418 102 59 142

1261 618 577 78 Soldatenliedern,
1873 615 106 71 die
2021 643 146 41 man
2215 610 149 71 dem
2397 607 165 77 Volk
2608 605 203 72 reicht
2854 605 121 72 wie
3006 602 311 85 Schnaps.
3367 601 124 72 Die

1259 713 496 77 Verblendeten,
1787 704 654 79 Geistesschwachen,
2477 701 105 72 die
2609 699 443 105 Fetischismen,
3088 695 105 72 die
3218 694 272 73 Wilden,

1357 808 179 84 Jene,
1588 804 194 71 deren
1825 797 468 87 Steckenpferd
2341 797 105 71 die
2477 792 514 87 Vergangenheit
3038 790 102 80 ist,
3192 788 105 71 die
3344 807 147 54 stets

1264 902 110 71 das
1416 898 181 71 Wort
1649 894 307 84 „früher“
2009 894 91 69 im
2150 889 254 73 Munde
2451 887 256 80 führen,
2756 886 106 69 die
2901 880 592 83 Traditionalisten,

1264 993 104 73 für
1401 993 104 72 die
1539 992 102 70 ein
1675 986 341 74 Mißstand
2053 980 472 76 Gesetzeskraft
2561 980 133 81 hat,
2731 1006 125 43 nur
2888 976 144 72 weil
3066 1006 65 41 es
3165 977 230 69 immer
3427 1005 67 41 so

1263 1115 149 51 war,
1447 1085 104 71 die
1583 1081 161 73 stolz
1776 1079 224 73 darauf
2030 1079 170 81 sind,
2235 1074 469 74 kommandiert
2737 1101 81 42 zu
2851 1070 256 72 werden
3140 1070 119 68 mit
3292 1068 201 72 einem

1264 1174 533 81 Totenknochen,
1854 1171 139 73 und
2056 1171 106 71 die
2224 1170 133 71 sich
2425 1165 343 80 bemühen,
2834 1164 105 70 die
2995 1159 314 81 Zukunft,
3375 1160 118 70 den

1266 1270 371 74 zuckenden
1705 1264 629 75 leidenschaftlichen
2397 1260 382 73 Fortschritt
2841 1259 175 69 einer
3077 1253 380 86 Gespenster-

1266 1362 355 75 herrschaft
1654 1361 136 72 und
1824 1355 582 75 Ammenmärchen
2441 1383 79 42 zu
2554 1349 451 74 unterwerfen.

1362 1457 129 72 Mit
1541 1457 193 70 ihnen
1791 1453 146 73 sind
1985 1452 123 71 alle
2154 1451 305 71 Priester:
2516 1447 118 70 mit
2691 1444 148 71 dem
2891 1439 385 89 Morphium
3333 1438 162 71 ihres

1268 1551 364 72 Paradieses
1689 1546 245 72 suchen
1993 1547 90 69 sie
2139 1543 165 72 euch
2360 1573 80 39 zu
2502 1541 210 68 reizen
2776 1536 138 71 und
2973 1531 524 82 einzuschläfern,

1269 1645 202 71 damit
1503 1645 59 83 ja
1597 1641 134 71 sich
1774 1641 210 70 nichts
2027 1639 248 71 ändert.
2341 1631 297 88 Sogleich
2680 1628 146 73 sind
2867 1630 102 70 die
3001 1626 379 72 Advokaten
3423 1626 75 69 da

1383 1729 301 79 Ökonom
1707 1734 140 71 und
1867 1731 379 80 Historiker,
2265 1758 125 43 was
2409 1725 167 74 weiß
2600 1724 135 72 ich!
2873 1722 107 72 die
3005 1720 163 72 euch
3197 1719 301 71 benebeln

1271 1849 119 53 mit
1442 1828 468 72 theoretischen
1951 1825 302 78 Phrasen,
2304 1823 105 68 die
2460 1818 304 73 einander
2812 1816 124 70 den
2981 1813 364 86 Gegensatz
3395 1811 105 70 der

1274 1924 324 72 Nationen
1635 1922 339 77 beweisen,
2007 1917 302 73 während
2350 1912 166 73 doch
2558 1910 144 87 jede
2742 1909 309 71 moderne
3086 1907 239 71 Nation
3368 1907 132 68 eine

1275 2045 121 43 nur
1430 2013 417 74 willkürliche
1872 2007 501 91 geographische
2398 2006 259 71 Einheit
2684 2003 106 70 hat
2813 2003 137 70 und
2978 1997 336 75 innerhalb
3339 1997 161 71 ihrer

1275 2109 682 82 Landkartengrenzen
2017 2103 113 70 das
2180 2096 530 89 Rassengemisch
2760 2098 227 69 immer
3042 2093 235 70 bunter
3324 2090 175 72 wird.

1274 2204 104 70 Da
1426 2201 145 73 sind
1621 2199 407 84 verdächtige
2083 2194 432 85 Genealogen,
2577 2191 107 70 die
2745 2189 105 71 für
2891 2189 440 82 Eroberungs-
3375 2183 127 70 und

1275 2294 431 85 Raubgelüste
1741 2289 522 88 philosophische
2295 2284 354 72 Zertifikate
2684 2281 280 71 fälschen
3000 2280 137 70 und
3170 2279 333 82 imaginäre

1274 2387 340 72 Adelstitel
1669 2384 366 71 ausstellen.
2098 2382 136 69 Der
2286 2377 355 72 Kurzblick
2698 2378 78 68 ist
2834 2375 106 70 die
2990 2371 357 73 Krankheit
3399 2368 103 71 des

1278 2481 615 82 Menschengeistes.
1959 2477 129 71 Die
2125 2473 349 72 Gelehrten
2508 2471 147 71 sind
2693 2500 64 40 in
2793 2498 72 42 so
2900 2468 203 72 vielen
3140 2464 216 73 Fällen
3391 2490 113 43 nur

1278 2577 143 70 eine
1435 2572 121 71 Art
1588 2571 404 86 Ignoranten.
2041 2568 128 71 Die
2194 2563 406 74 Einfachheit
2627 2562 111 71 der
2762 2562 216 84 Dinge
3003 2559 261 85 entgeht
3291 2556 212 71 ihnen.

1277 2667 110 73 Sie
1426 2665 374 73 schwächen
1838 2661 137 72 und
2011 2662 359 71 schwärzen
2408 2658 111 69 das
2553 2655 306 71 Einfache
2897 2656 117 70 mit
3041 2651 299 72 Formeln
3378 2647 126 71 und

1280 2760 393 72 Kleinkram.
1746 2758 73 71 In
1872 2758 125 69 den
2047 2754 298 71 Büchern
2394 2751 202 71 findet
2648 2779 147 42 man
2846 2747 118 71 alle
3014 2744 489 76 Nebensachen;

1278 2855 104 70 die
1416 2850 455 87 Hauptsachen
1906 2849 239 71 fehlen.

1374 2947 158 71 Und
1562 2945 200 72 selbst
1787 2973 184 44 wenn
2017 2943 91 70 sie
2140 2970 214 57 sagen,
2389 2940 93 70 sie
2515 2935 225 74 wollen
2776 2935 124 71 den
2931 2934 197 84 Krieg
3164 2930 197 80 nicht,
3396 2947 107 51 tun

1280 3041 174 71 diese
1489 3039 204 72 Leute
1725 3037 169 72 doch
1928 3036 173 80 alles,
2136 3065 112 39 um
2284 3032 111 71 ihn
2428 3062 82 41 zu
2544 3029 375 84 verewigen.
2994 3027 109 72 Sie
3138 3024 238 73 nähren
3411 3020 93 70 die

1283 3132 316 73 nationale
1623 3130 295 72 Eitelkeit
1952 3127 137 71 und
2121 3127 106 70 die
2253 3126 201 71 Liebe
2488 3151 116 43 zur
2629 3119 498 87 Überlegenheit
3160 3116 203 72 durch
3411 3113 96 70 die

1282 3225 274 74 Gewalt.
1627 3224 179 82 „Wir
1838 3221 259 80 allein“,
2140 3238 135 67 sagt
2315 3219 178 85 jeder
2534 3216 208 71 hinter
2784 3216 243 69 seinem
3058 3210 446 86 Schlagbaum,

1288 3320 328 81 „besitzen
1697 3318 175 80 Mut,
1936 3315 313 79 Freimut,
2314 3311 257 80 Talent,
2634 3306 471 74 Geschmack.“
3198 3304 137 71 Aus
3403 3299 101 71 der

1285 3412 225 72 Größe
1542 3410 136 73 und
1712 3412 149 69 dem
1889 3408 344 72 Reichtum
2266 3406 178 72 eines
2487 3403 253 72 Landes
2774 3403 268 70 machen
3077 3400 92 70 sie
3203 3401 140 69 eine
3377 3419 96 46 ver-

1284 3506 318 72 zehrende
1636 3502 376 77 Krankheit.
2079 3499 136 71 Aus
2258 3499 113 71 der
2409 3495 454 80 Heimatliebe,
2903 3494 107 71 die
3042 3492 301 81 Achtung
3377 3511 96 45 ver-

1285 3600 200 81 dient,
1513 3629 185 42 wenn
1733 3600 92 69 sie
1860 3594 110 73 auf
1997 3593 218 73 Kunst
2249 3592 136 72 und
2412 3589 439 87 Empfindung
2884 3586 380 73 beschränkt
3297 3578 210 75 bleibt,

1287 3723 204 56 genau
1543 3723 117 40 wie
1711 3690 460 71 Familiensinn
2220 3687 140 70 und
2408 3680 743 91 Zugehörigkeitsgefühl
3211 3707 77 44 zu
3345 3692 159 52 einer

1285 3786 294 80 Provinz,
1598 3784 269 72 machen
1889 3785 87 69 sie
2003 3782 144 70 eine
2168 3779 358 86 utopische,
2548 3774 523 86 lebensunfähige
3090 3771 417 81 Konzeption,

1289 3879 103 70 die
1424 3879 250 83 holpert
1705 3876 138 72 und
1886 3874 205 81 hinkt,
2126 3903 189 42 wenn
2351 3874 93 70 sie
2477 3874 64 68 in
2577 3871 104 70 die
2713 3868 169 71 Welt
2917 3869 275 77 eintritt;
3234 3864 139 70 eine
3400 3856 109 71 Art
