3399 4572
1017 457 255 66 Gottfried
1296 457 154 53 Benn
1486 467 22 33 *
1548 458 354 53 Karandasch

2461 461 102 57 149

358 658 156 79 stieg
556 652 159 71 wird
758 654 359 80 verordnet,
1164 656 113 71 der
1324 656 174 72 Staat
1557 657 195 86 regelt
1811 658 110 71 das
1971 657 208 72 Chaos
2356 663 209 69 meine

359 747 262 75 Herren,
655 743 104 70 ich
797 743 397 87 krepiere...

1026 847 131 64 (Der
1182 847 241 60 Chefarzt
1448 851 198 59 kommt
1670 852 231 72 zurück.)

445 926 437 73 Chefarzt:
918 927 168 73 Herr
1117 929 198 83 Renz,
1350 932 108 72 Sie
1503 934 202 71 haben
1752 939 121 67 mir
1919 938 137 69 eine
2089 935 321 85 Meldung
2455 965 72 55 ge-

354 1020 257 74 schickt.

444 1114 252 69 Renz:
732 1112 181 72 über
946 1117 110 68 das
1094 1115 157 71 Gas.

443 1204 439 73 Chefarzt:
920 1207 107 70 Sie
1060 1208 329 71 schreiben
1416 1266 90 16 ...

440 1297 252 70 Renz:
732 1297 84 71 Es
851 1297 180 72 fließt
1064 1299 202 72 nicht.

442 1387 437 74 Chefarzt:
913 1391 134 71 Das
1082 1393 82 70 ist
1197 1393 177 70 nicht
1409 1395 200 71 wahr!

439 1481 250 71 Renz:
722 1481 435 89 Verzeihung!

440 1573 441 72 Chefarzt:
915 1576 132 71 Das
1083 1580 79 69 ist
1199 1579 175 70 nicht
1407 1579 202 71 wahr!

439 1667 253 69 Renz:
726 1667 109 72 Ich
870 1668 163 71 habe
1064 1726 14 14 .
1111 1727 14 14 .
1158 1729 13 12 .

438 1758 435 72 Chefarzt:
908 1761 156 71 Hier
1098 1764 78 69 ist
1210 1763 104 70 die
1346 1764 339 83 Meldung.

435 1849 252 73 Renz:
722 1852 102 70 Da
862 1853 285 71 steht...

435 1941 438 74 Chefarzt:
908 1943 81 72 Es
1026 1945 179 71 fließt
1240 1946 199 72 nicht.

434 2034 250 72 Renz:
719 2035 176 72 Eben
926 2044 15 62 !

438 2126 435 73 Chefarzt:
906 2129 83 72 Es
1016 2130 180 72 fließt
1229 2131 161 70 auch
1428 2131 196 70 nicht.

433 2220 251 71 Renz:
739 2223 185 70 Also!

433 2312 405 72 Chefarzt
872 2324 233 72 (brüllt);
1139 2315 81 70 Es
1256 2331 251 57 strömt.

1371 2420 144 68 (Ab.)

432 2496 248 72 Renz:
716 2498 392 73 Reduktion:
1152 2498 558 87 Kontrastgefühl:
1759 2500 252 72 Kretin.
2069 2500 298 72 Zustrom
2404 2533 147 40 zum

344 2589 480 86 Ich-Komplex.
865 2591 381 86 Steigerung
1272 2595 113 70 der
1411 2592 400 73 Auto-Note.
1862 2594 688 85 Handlungsleitendes

346 2679 400 87 Hauptwort:
774 2683 331 71 Chefarzt!
1164 2684 356 81 Pameelen,
1548 2685 109 71 Sie
1693 2685 204 71 haben
1934 2685 198 83 recht,
2159 2688 110 68 das
2300 2686 209 87 Haupt-

344 2794 148 51 wort
528 2777 358 83 degoutiert
920 2777 195 72 mich.

428 2867 466 73 Pameelen:
927 2869 132 70 Auf
1091 2898 110 42 zur
1225 2869 158 70 Tat!
1445 2869 192 71 Denn
1674 2870 368 73 betrachten
2076 2873 114 70 wir
2225 2870 324 87 freimütig

341 2958 103 70 das
481 2961 250 71 Leben:
777 2963 229 70 immer
1037 2962 149 84 geht
1220 2992 65 40 es
1322 2963 199 70 durch
1561 2962 241 85 Kampf
1835 2992 148 45 zum
2018 2963 167 85 Sieg,
2220 2963 134 70 und
2400 2964 147 70 dem

343 3048 426 89 Hauptthema
802 3084 226 53 passen
1059 3053 470 71 Nebenmotive
1562 3055 286 85 prächtig
1882 3055 132 71 sich
2052 3058 124 68 ein.

428 3144 250 73 Renz:
712 3146 134 71 Aus
881 3147 125 70 den
1036 3146 329 71 Gelenken
1393 3147 160 70 muß
1586 3178 63 39 es
1686 3147 323 83 kommen,
2037 3150 139 70 eine
2204 3179 163 39 neue
2391 3150 117 70 Ein-

341 3238 263 85 stellung
636 3241 65 69 in
736 3240 123 70 den
896 3239 207 70 Raum
1127 3295 92 15 ...

425 3329 78 70 PI
523 3362 91 39 en
633 3362 66 39 z:
734 3331 225 70 Durch
998 3331 467 70 Generationen
1502 3344 203 71 grüne
1740 3331 236 72 Brillen
2005 3339 121 65 ...!

426 3422 251 73 Renz:
711 3424 712 71 Schallverstärker...!

424 3513 26 88 P
477 3513 26 88 1
530 3513 84 88 en
635 3547 64 41 z:
749 3518 278 83 Baryum
1064 3519 65 68 in
1160 3517 106 70 die
1304 3517 578 71 Mutterbrust...!

424 3606 428 75 Pameelen
887 3620 115 63 (mit
1018 3619 386 68 Schnupfdose)
1425 3639 14 39 :
1463 3608 137 70 und
1624 3608 173 71 diese
1821 3608 248 71 kleinen
2095 3608 450 73 flimmernden

340 3693 291 80 Kristalle
677 3712 181 65 (reicht
904 3712 225 69 herum),
1181 3702 203 70 dieses
1436 3700 169 72 feine
1651 3701 454 72 levantinische
2151 3702 206 71 Kraut
2405 3714 140 65 (alles

338 3799 279 76 schnupft),
654 3798 176 68 diese
862 3814 164 51 zarte
1050 3794 470 72 unscheinbare
1544 3794 354 72 Staude...
1935 3805 299 71 (flüsternd)
2268 3798 276 71 nehmen

340 3879 116 85 Sie,
505 3889 174 70 seien
729 3888 108 71 Sie
886 3889 117 69 mit
1051 3917 125 41 von
1225 3886 111 72 der
1384 3886 239 73 rauhen
1679 3886 346 82 Kehle...,
2076 3918 186 42 wenn
2312 3921 70 40 so
2430 3890 117 71 der
