<?xml version="1.0" encoding="UTF-8"?>
<alto xmlns:xsi="http://www.w3.org/2001/XMLSchema-instance" xmlns="http://www.loc.gov/standards/alto/ns-v2#" xsi:schemaLocation="http://www.loc.gov/standards/alto/ns-v2# http://www.loc.gov/standards/alto/v2/alto-2-0.xsd" xmlns:xlink="http://www.w3.org/1999/xlink">
	<Description>
		<MeasurementUnit>mm10</MeasurementUnit>
		<sourceImageInformation>
			<fileName>./bmtnabr_1917-05_01_0062.jp2</fileName>
		</sourceImageInformation>
		<OCRProcessing ID="OCRPROCESSING_1">
			<preProcessingStep>
				<processingSoftware>
					<softwareCreator>CCS Content Conversion Specialists GmbH, Germany</softwareCreator>
					<softwareName>CCS docWorks</softwareName>
					<softwareVersion>6.8-1.27</softwareVersion>
				</processingSoftware>
			</preProcessingStep>
			<ocrProcessingStep>
				<processingSoftware>
					<softwareCreator>ABBYY (BIT Software), Russia</softwareCreator>
					<softwareName>FineReader</softwareName>
					<softwareVersion>11.0</softwareVersion>
				</processingSoftware>
			</ocrProcessingStep>
			<postProcessingStep>
				<processingSoftware>
					<softwareCreator>CCS Content Conversion Specialists GmbH, Germany</softwareCreator>
					<softwareName>CCS docWorks</softwareName>
					<softwareVersion>6.8-1.27</softwareVersion>
					<applicationDescription>docWorks: Text modified manually, or automatically replaced</applicationDescription>
				</processingSoftware>
			</postProcessingStep>
		</OCRProcessing>
	</Description>
	<Styles>
		<TextStyle ID="TXT_0" FONTSIZE="20" FONTFAMILY="Times New Roman"/>
		<TextStyle ID="TXT_1" FONTSIZE="19" FONTFAMILY="Times New Roman" FONTSTYLE="bold italics"/>
		<TextStyle ID="TXT_2" FONTSIZE="11" FONTFAMILY="Times New Roman"/>
		<TextStyle ID="TXT_3" FONTSIZE="23" FONTFAMILY="Times New Roman" FONTSTYLE="bold"/>
		<TextStyle ID="TXT_4" FONTSIZE="23" FONTFAMILY="Times New Roman"/>
		<ParagraphStyle ID="PAR_LEFT" ALIGN="Left"/>
		<ParagraphStyle ID="PAR_RIGHT" ALIGN="Right"/>
	</Styles>
	<Layout>
		<Page ID="P62" PHYSICAL_IMG_NR="62" HEIGHT="4572" WIDTH="3749" PRINTED_IMG_NR="158" PC="0.929">
			<TopMargin ID="P62_TM00001" HPOS="0" VPOS="0" WIDTH="3749" HEIGHT="457">
				<TextBlock ID="P62_TB00001" HPOS="1260" VPOS="395" WIDTH="107" HEIGHT="59" STYLEREFS="TXT_0 PAR_LEFT">
					<TextLine ID="P62_TL00001" HPOS="1260" VPOS="395" WIDTH="107" HEIGHT="59">
						<String ID="P62_ST00001" HPOS="1260" VPOS="395" WIDTH="107" HEIGHT="59" CONTENT="158" WC="1.00" CC="000"/>
					</TextLine>
				</TextBlock>
				<TextBlock ID="P62_TB00002" HPOS="1930" VPOS="397" WIDTH="901" HEIGHT="56" STYLEREFS="TXT_1 PAR_RIGHT">
					<TextLine ID="P62_TL00002" HPOS="1931" VPOS="399" WIDTH="899" HEIGHT="54">
						<String ID="P62_ST00002" HPOS="1931" VPOS="400" WIDTH="256" HEIGHT="53" CONTENT="Gottfried" WC="0.98" CC="025488006"/>
						<SP ID="P62_SP00001" HPOS="2187" VPOS="453" WIDTH="26"/>
						<String ID="P62_ST00003" HPOS="2213" VPOS="400" WIDTH="158" HEIGHT="52" CONTENT="Benn" WC="0.58" CC="0646"/>
						<SP ID="P62_SP00002" HPOS="2371" VPOS="453" WIDTH="37"/>
						<String ID="P62_ST00004" HPOS="2408" VPOS="419" WIDTH="21" HEIGHT="23" CONTENT="♦" WC="1.00" CC="0" STYLEREFS="TXT_2"/>
						<SP ID="P62_SP00003" HPOS="2429" VPOS="453" WIDTH="41"/>
						<String ID="P62_ST00005" HPOS="2470" VPOS="399" WIDTH="360" HEIGHT="52" CONTENT="Karandasch" WC="0.74" CC="0636004030"/>
					</TextLine>
				</TextBlock>
			</TopMargin>
			<LeftMargin ID="P62_LM00001" HPOS="0" VPOS="457" WIDTH="473" HEIGHT="3978"/>
			<RightMargin ID="P62_RM00001" HPOS="3489" VPOS="457" WIDTH="260" HEIGHT="3978"/>
			<BottomMargin ID="P62_BM00001" HPOS="0" VPOS="4435" WIDTH="3749" HEIGHT="137"/>
			<PrintSpace ID="P62_PS00001" HPOS="473" VPOS="457" WIDTH="3016" HEIGHT="3978">
				<TextBlock ID="P62_TB00003" HPOS="1256" VPOS="595" WIDTH="2233" HEIGHT="3340" STYLEREFS="TXT_3 PAR_LEFT">
					<TextLine ID="P62_TL00003" HPOS="1352" VPOS="596" WIDTH="2133" HEIGHT="81">
						<String ID="P62_ST00006" HPOS="1352" VPOS="597" WIDTH="170" HEIGHT="72" CONTENT="Herr" WC="0.98" CC="1015"/>
						<SP ID="P62_SP00004" HPOS="1522" VPOS="669" WIDTH="24"/>
						<String ID="P62_ST00007" HPOS="1546" VPOS="598" WIDTH="333" HEIGHT="71" CONTENT="Professor" WC="0.99" CC="000600043"/>
						<SP ID="P62_SP00005" HPOS="1879" VPOS="669" WIDTH="33"/>
						<String ID="P62_ST00008" HPOS="1912" VPOS="597" WIDTH="254" HEIGHT="71" CONTENT="trinken" WC="0.99" CC="0055405"/>
						<SP ID="P62_SP00006" HPOS="2166" VPOS="669" WIDTH="37"/>
						<String ID="P62_ST00009" HPOS="2203" VPOS="626" WIDTH="105" HEIGHT="41" CONTENT="ein" WC="1.00" CC="000"/>
						<SP ID="P62_SP00007" HPOS="2308" VPOS="669" WIDTH="27"/>
						<String ID="P62_ST00010" HPOS="2335" VPOS="596" WIDTH="379" HEIGHT="81" CONTENT="Weinchen," WC="0.67" CC="507007063"/>
						<SP ID="P62_SP00008" HPOS="2714" VPOS="677" WIDTH="37"/>
						<String ID="P62_ST00011" HPOS="2751" VPOS="598" WIDTH="191" HEIGHT="69" CONTENT="einen" WC="0.98" CC="06500"/>
						<SP ID="P62_SP00009" HPOS="2942" VPOS="677" WIDTH="29"/>
						<String ID="P62_ST00012" HPOS="2971" VPOS="596" WIDTH="377" HEIGHT="81" CONTENT="Steinwein," WC="0.99" CC="0006330742"/>
						<SP ID="P62_SP00010" HPOS="3348" VPOS="677" WIDTH="36"/>
						<String ID="P62_ST00013" HPOS="3384" VPOS="600" WIDTH="101" HEIGHT="69" CONTENT="ein" WC="0.94" CC="077" STYLEREFS="TXT_4"/>
					</TextLine>
					<TextLine ID="P62_TL00004" HPOS="1258" VPOS="689" WIDTH="2230" HEIGHT="86">
						<String ID="P62_ST00014" HPOS="1258" VPOS="690" WIDTH="523" HEIGHT="73" CONTENT="Boxbeutelchen" WC="1.00" CC="0007040050700"/>
						<SP ID="P62_SP00011" HPOS="1781" VPOS="763" WIDTH="47"/>
						<String ID="P62_ST00015" HPOS="1828" VPOS="696" WIDTH="105" HEIGHT="65" CONTENT="—!" WC="0.23" CC="87"/>
						<SP ID="P62_SP00012" HPOS="1933" VPOS="763" WIDTH="77"/>
						<String ID="P62_ST00016" HPOS="2010" VPOS="689" WIDTH="368" HEIGHT="86" CONTENT="Einsaugen" WC="0.99" CC="056000400"/>
						<SP ID="P62_SP00013" HPOS="2378" VPOS="775" WIDTH="49"/>
						<String ID="P62_ST00017" HPOS="2427" VPOS="710" WIDTH="192" HEIGHT="51" CONTENT="unter" WC="0.98" CC="63002"/>
						<SP ID="P62_SP00014" HPOS="2619" VPOS="775" WIDTH="48"/>
						<String ID="P62_ST00018" HPOS="2667" VPOS="689" WIDTH="408" HEIGHT="81" CONTENT="Luftzutritt," WC="0.99" CC="465001416003"/>
						<SP ID="P62_SP00015" HPOS="3075" VPOS="775" WIDTH="60"/>
						<String ID="P62_ST00019" HPOS="3135" VPOS="689" WIDTH="100" HEIGHT="81" CONTENT="ha," WC="0.96" CC="703"/>
						<SP ID="P62_SP00016" HPOS="3235" VPOS="775" WIDTH="60"/>
						<String ID="P62_ST00020" HPOS="3295" VPOS="689" WIDTH="193" HEIGHT="73" CONTENT="Lust-" WC="0.99" CC="10016"/>
					</TextLine>
					<TextLine ID="P62_TL00005" HPOS="1259" VPOS="782" WIDTH="2019" HEIGHT="87">
						<String ID="P62_ST00021" HPOS="1259" VPOS="785" WIDTH="417" HEIGHT="84" CONTENT="Verstärkung" WC="1.00" CC="00000124001"/>
						<SP ID="P62_SP00017" HPOS="1676" VPOS="869" WIDTH="144"/>
						<String ID="P62_ST00022" HPOS="1820" VPOS="814" WIDTH="68" HEIGHT="40" CONTENT="es" WC="1.00" CC="00"/>
						<SP ID="P62_SP00018" HPOS="1888" VPOS="869" WIDTH="37"/>
						<String ID="P62_ST00023" HPOS="1925" VPOS="784" WIDTH="270" HEIGHT="84" CONTENT="prasselt" WC="1.00" CC="03000050"/>
						<SP ID="P62_SP00019" HPOS="2195" VPOS="869" WIDTH="24"/>
						<String ID="P62_ST00024" HPOS="2219" VPOS="784" WIDTH="266" HEIGHT="71" CONTENT="Aufbau" WC="0.98" CC="036705"/>
						<SP ID="P62_SP00020" HPOS="2485" VPOS="869" WIDTH="35"/>
						<String ID="P62_ST00025" HPOS="2520" VPOS="784" WIDTH="113" HEIGHT="70" CONTENT="hin" WC="0.93" CC="764"/>
						<SP ID="P62_SP00021" HPOS="2633" VPOS="869" WIDTH="34"/>
						<String ID="P62_ST00026" HPOS="2667" VPOS="784" WIDTH="138" HEIGHT="71" CONTENT="und" WC="0.94" CC="367"/>
						<SP ID="P62_SP00022" HPOS="2805" VPOS="869" WIDTH="34"/>
						<String ID="P62_ST00027" HPOS="2839" VPOS="782" WIDTH="136" HEIGHT="82" CONTENT="her," WC="0.98" CC="0053"/>
						<SP ID="P62_SP00023" HPOS="2975" VPOS="869" WIDTH="38"/>
						<String ID="P62_ST00028" HPOS="3013" VPOS="810" WIDTH="122" HEIGHT="44" CONTENT="nur" WC="0.94" CC="635"/>
						<SP ID="P62_SP00024" HPOS="3135" VPOS="869" WIDTH="34"/>
						<String ID="P62_ST00029" HPOS="3169" VPOS="782" WIDTH="109" HEIGHT="72" CONTENT="Sie" WC="0.97" CC="070"/>
						<SP ID="P62_SP00025" HPOS="3278" VPOS="869" WIDTH="0"/>
					</TextLine>
					<TextLine ID="P62_TL00006" HPOS="1352" VPOS="875" WIDTH="1063" HEIGHT="74">
						<String ID="P62_ST00030" HPOS="1352" VPOS="878" WIDTH="383" HEIGHT="71" CONTENT="Stimme:" WC="0.99" CC="0060007"/>
						<SP ID="P62_SP00026" HPOS="1735" VPOS="949" WIDTH="51"/>
						<String ID="P62_ST00031" HPOS="1786" VPOS="875" WIDTH="220" HEIGHT="73" CONTENT="Schon" WC="0.99" CC="00004"/>
						<SP ID="P62_SP00027" HPOS="2006" VPOS="949" WIDTH="35"/>
						<String ID="P62_ST00032" HPOS="2041" VPOS="876" WIDTH="126" HEIGHT="72" CONTENT="voll" WC="0.98" CC="0043"/>
						<SP ID="P62_SP00028" HPOS="2167" VPOS="949" WIDTH="234"/>
						<String ID="P62_ST00033" HPOS="2401" VPOS="935" WIDTH="14" HEIGHT="14" CONTENT="." WC="0.85" CC="1"/>
					</TextLine>
					<TextLine ID="P62_TL00007" HPOS="1351" VPOS="968" WIDTH="2137" HEIGHT="86">
						<String ID="P62_ST00034" HPOS="1351" VPOS="970" WIDTH="476" HEIGHT="72" CONTENT="Pameelen:" WC="0.87" CC="000004006"/>
						<SP ID="P62_SP00029" HPOS="1827" VPOS="1042" WIDTH="66"/>
						<String ID="P62_ST00035" HPOS="1893" VPOS="969" WIDTH="90" HEIGHT="71" CONTENT="So" WC="0.79" CC="04"/>
						<SP ID="P62_SP00030" HPOS="1983" VPOS="1042" WIDTH="49"/>
						<String ID="P62_ST00036" HPOS="2032" VPOS="969" WIDTH="241" HEIGHT="73" CONTENT="irdisch" WC="0.98" CC="6594000"/>
						<SP ID="P62_SP00031" HPOS="2273" VPOS="1042" WIDTH="35"/>
						<String ID="P62_ST00037" HPOS="2308" VPOS="970" WIDTH="147" HEIGHT="72" CONTENT="tief!" WC="0.98" CC="06062"/>
						<SP ID="P62_SP00032" HPOS="2455" VPOS="1042" WIDTH="69"/>
						<String ID="P62_ST00038" HPOS="2524" VPOS="970" WIDTH="127" HEIGHT="72" CONTENT="Die" WC="0.96" CC="550"/>
						<SP ID="P62_SP00033" HPOS="2651" VPOS="1042" WIDTH="50"/>
						<String ID="P62_ST00039" HPOS="2701" VPOS="968" WIDTH="629" HEIGHT="86" CONTENT="Bäderbehandlung" WC="1.00" CC="100007000300560"/>
						<SP ID="P62_SP00034" HPOS="3330" VPOS="1054" WIDTH="49"/>
						<String ID="P62_ST00040" HPOS="3379" VPOS="969" WIDTH="109" HEIGHT="74" CONTENT="der" WC="0.99" CC="003"/>
					</TextLine>
					<TextLine ID="P62_TL00008" HPOS="1259" VPOS="1063" WIDTH="507" HEIGHT="71">
						<String ID="P62_ST00041" HPOS="1259" VPOS="1063" WIDTH="507" HEIGHT="71" CONTENT="Blasenleiden!!" WC="1.00" CC="40000030600207"/>
					</TextLine>
					<TextLine ID="P62_TL00009" HPOS="1352" VPOS="1155" WIDTH="740" HEIGHT="71">
						<String ID="P62_ST00042" HPOS="1352" VPOS="1155" WIDTH="486" HEIGHT="71" CONTENT="Professor:" WC="0.99" CC="3006000233"/>
						<SP ID="P62_SP00035" HPOS="1838" VPOS="1226" WIDTH="60"/>
						<String ID="P62_ST00043" HPOS="1898" VPOS="1155" WIDTH="194" HEIGHT="71" CONTENT="1904!" WC="0.80" CC="50210"/>
					</TextLine>
					<TextLine ID="P62_TL00010" HPOS="1352" VPOS="1247" WIDTH="1092" HEIGHT="85">
						<String ID="P62_ST00044" HPOS="1352" VPOS="1247" WIDTH="476" HEIGHT="73" CONTENT="Pameelen:" WC="0.89" CC="000005040"/>
						<SP ID="P62_SP00036" HPOS="1828" VPOS="1320" WIDTH="55"/>
						<String ID="P62_ST00045" HPOS="1883" VPOS="1247" WIDTH="368" HEIGHT="85" CONTENT="Erfahrung" WC="0.99" CC="005004400"/>
						<SP ID="P62_SP00037" HPOS="2251" VPOS="1332" WIDTH="33"/>
						<String ID="P62_ST00046" HPOS="2284" VPOS="1249" WIDTH="160" HEIGHT="71" CONTENT="hier." WC="0.99" CC="06002"/>
					</TextLine>
					<TextLine ID="P62_TL00011" HPOS="1352" VPOS="1341" WIDTH="782" HEIGHT="73">
						<String ID="P62_ST00047" HPOS="1352" VPOS="1341" WIDTH="490" HEIGHT="73" CONTENT="Professor:" WC="1.00" CC="0215000100"/>
						<SP ID="P62_SP00038" HPOS="1842" VPOS="1414" WIDTH="58"/>
						<String ID="P62_ST00048" HPOS="1900" VPOS="1341" WIDTH="234" HEIGHT="73" CONTENT="1904!!" WC="0.77" CC="600330"/>
					</TextLine>
					<TextLine ID="P62_TL00012" HPOS="1352" VPOS="1434" WIDTH="1103" HEIGHT="85">
						<String ID="P62_ST00049" HPOS="1352" VPOS="1434" WIDTH="480" HEIGHT="71" CONTENT="Pameelen:" WC="0.90" CC="000004040"/>
						<SP ID="P62_SP00039" HPOS="1832" VPOS="1505" WIDTH="51"/>
						<String ID="P62_ST00050" HPOS="1883" VPOS="1434" WIDTH="370" HEIGHT="85" CONTENT="Erfahrung" WC="0.99" CC="015000360"/>
						<SP ID="P62_SP00040" HPOS="2253" VPOS="1519" WIDTH="31"/>
						<String ID="P62_ST00051" HPOS="2284" VPOS="1434" WIDTH="171" HEIGHT="71" CONTENT="dort." WC="0.99" CC="00102"/>
					</TextLine>
					<TextLine ID="P62_TL00013" HPOS="1352" VPOS="1527" WIDTH="804" HEIGHT="72">
						<String ID="P62_ST00052" HPOS="1352" VPOS="1527" WIDTH="485" HEIGHT="72" CONTENT="Professor:" WC="0.99" CC="0506000354"/>
						<SP ID="P62_SP00041" HPOS="1837" VPOS="1599" WIDTH="61"/>
						<String ID="P62_ST00053" HPOS="1898" VPOS="1529" WIDTH="258" HEIGHT="70" CONTENT="1904!!!" WC="0.77" CC="6000106"/>
					</TextLine>
					<TextLine ID="P62_TL00014" HPOS="1352" VPOS="1619" WIDTH="1972" HEIGHT="86">
						<String ID="P62_ST00054" HPOS="1352" VPOS="1621" WIDTH="475" HEIGHT="71" CONTENT="Pameelen:" WC="0.85" CC="000006006"/>
						<SP ID="P62_SP00042" HPOS="1827" VPOS="1692" WIDTH="52"/>
						<String ID="P62_ST00055" HPOS="1879" VPOS="1621" WIDTH="90" HEIGHT="71" CONTENT="So" WC="1.00" CC="00"/>
						<SP ID="P62_SP00043" HPOS="1969" VPOS="1692" WIDTH="34"/>
						<String ID="P62_ST00056" HPOS="2003" VPOS="1619" WIDTH="446" HEIGHT="73" CONTENT="Rückschluß!" WC="1.00" CC="00000007204"/>
						<SP ID="P62_SP00044" HPOS="2449" VPOS="1692" WIDTH="51"/>
						<String ID="P62_ST00057" HPOS="2500" VPOS="1619" WIDTH="90" HEIGHT="72" CONTENT="So" WC="1.00" CC="00"/>
						<SP ID="P62_SP00045" HPOS="2590" VPOS="1692" WIDTH="33"/>
						<String ID="P62_ST00058" HPOS="2623" VPOS="1619" WIDTH="701" HEIGHT="86" CONTENT="Vergleichsmoment!" WC="1.00" CC="00500060000000001"/>
					</TextLine>
					<TextLine ID="P62_TL00015" HPOS="1353" VPOS="1712" WIDTH="2135" HEIGHT="74">
						<String ID="P62_ST00059" HPOS="1353" VPOS="1713" WIDTH="485" HEIGHT="73" CONTENT="Professor:" WC="0.99" CC="0406000340"/>
						<SP ID="P62_SP00046" HPOS="1838" VPOS="1786" WIDTH="65"/>
						<String ID="P62_ST00060" HPOS="1903" VPOS="1715" WIDTH="136" HEIGHT="71" CONTENT="Das" WC="1.00" CC="000"/>
						<SP ID="P62_SP00047" HPOS="2039" VPOS="1786" WIDTH="58"/>
						<String ID="P62_ST00061" HPOS="2097" VPOS="1715" WIDTH="164" HEIGHT="70" CONTENT="habe" WC="0.98" CC="0070"/>
						<SP ID="P62_SP00048" HPOS="2261" VPOS="1786" WIDTH="51"/>
						<String ID="P62_ST00062" HPOS="2312" VPOS="1713" WIDTH="103" HEIGHT="72" CONTENT="ich" WC="0.95" CC="606"/>
						<SP ID="P62_SP00049" HPOS="2415" VPOS="1786" WIDTH="51"/>
						<String ID="P62_ST00063" HPOS="2466" VPOS="1712" WIDTH="203" HEIGHT="73" CONTENT="schon" WC="0.99" CC="00025"/>
						<SP ID="P62_SP00050" HPOS="2669" VPOS="1786" WIDTH="62"/>
						<String ID="P62_ST00064" HPOS="2731" VPOS="1713" WIDTH="161" HEIGHT="72" CONTENT="1904" WC="0.78" CC="5020"/>
						<SP ID="P62_SP00051" HPOS="2892" VPOS="1786" WIDTH="51"/>
						<String ID="P62_ST00065" HPOS="2943" VPOS="1713" WIDTH="89" HEIGHT="73" CONTENT="als" WC="0.97" CC="520"/>
						<SP ID="P62_SP00052" HPOS="3032" VPOS="1786" WIDTH="53"/>
						<String ID="P62_ST00066" HPOS="3085" VPOS="1713" WIDTH="245" HEIGHT="72" CONTENT="sinnlos" WC="0.99" CC="0560600"/>
						<SP ID="P62_SP00053" HPOS="3330" VPOS="1786" WIDTH="54"/>
						<String ID="P62_ST00067" HPOS="3384" VPOS="1713" WIDTH="70" HEIGHT="72" CONTENT="be" SUBS_TYPE="HypPart1" SUBS_CONTENT="bezeichnet" WC="0.95" CC="50"/>
						<HYP HPOS="3454" VPOS="1713" WIDTH="34" CONTENT="-"/>
					</TextLine>
					<TextLine ID="P62_TL00016" HPOS="1259" VPOS="1806" WIDTH="389" HEIGHT="74">
						<String ID="P62_ST00068" HPOS="1259" VPOS="1806" WIDTH="293" HEIGHT="74" CONTENT="zeichnet" SUBS_TYPE="HypPart2" SUBS_CONTENT="bezeichnet" WC="1.00" CC="00600000"/>
						<SP ID="P62_SP00054" HPOS="1552" VPOS="1880" WIDTH="17"/>
						<String ID="P62_ST00069" HPOS="1569" VPOS="1814" WIDTH="79" HEIGHT="64" CONTENT="!!!" WC="0.55" CC="066"/>
					</TextLine>
					<TextLine ID="P62_TL00017" HPOS="1357" VPOS="1900" WIDTH="809" HEIGHT="72">
						<String ID="P62_ST00070" HPOS="1357" VPOS="1901" WIDTH="311" HEIGHT="71" CONTENT="Heuer:" WC="1.00" CC="003010"/>
						<SP ID="P62_SP00055" HPOS="1668" VPOS="1972" WIDTH="52"/>
						<String ID="P62_ST00071" HPOS="1720" VPOS="1900" WIDTH="197" HEIGHT="71" CONTENT="Hört!" WC="1.00" CC="01200"/>
						<SP ID="P62_SP00056" HPOS="1917" VPOS="1972" WIDTH="53"/>
						<String ID="P62_ST00072" HPOS="1970" VPOS="1900" WIDTH="196" HEIGHT="71" CONTENT="Hört!" WC="0.98" CC="05503"/>
					</TextLine>
					<TextLine ID="P62_TL00018" HPOS="1356" VPOS="1990" WIDTH="1004" HEIGHT="75">
						<String ID="P62_ST00073" HPOS="1356" VPOS="1992" WIDTH="495" HEIGHT="72" CONTENT="Professor:" WC="1.00" CC="0206000010"/>
						<SP ID="P62_SP00057" HPOS="1851" VPOS="2064" WIDTH="48"/>
						<String ID="P62_ST00074" HPOS="1899" VPOS="1990" WIDTH="168" HEIGHT="75" CONTENT="Zum" WC="1.00" CC="000"/>
						<SP ID="P62_SP00058" HPOS="2067" VPOS="2065" WIDTH="33"/>
						<String ID="P62_ST00075" HPOS="2100" VPOS="1992" WIDTH="260" HEIGHT="72" CONTENT="Wohle!" WC="0.75" CC="610105"/>
					</TextLine>
					<TextLine ID="P62_TL00019" HPOS="1357" VPOS="2086" WIDTH="726" HEIGHT="71">
						<String ID="P62_ST00076" HPOS="1357" VPOS="2086" WIDTH="291" HEIGHT="71" CONTENT="Witte:" WC="1.00" CC="400000"/>
						<SP ID="P62_SP00059" HPOS="1648" VPOS="2157" WIDTH="50"/>
						<String ID="P62_ST00077" HPOS="1698" VPOS="2086" WIDTH="385" HEIGHT="71" CONTENT="Rebensaft!" WC="0.99" CC="0060200506"/>
						<SP ID="P62_SP00060" HPOS="2083" VPOS="2157" WIDTH="0"/>
					</TextLine>
					<TextLine ID="P62_TL00020" HPOS="1357" VPOS="2177" WIDTH="2131" HEIGHT="88">
						<String ID="P62_ST00078" HPOS="1357" VPOS="2178" WIDTH="479" HEIGHT="73" CONTENT="Pameelen:" WC="0.92" CC="000003030"/>
						<SP ID="P62_SP00061" HPOS="1836" VPOS="2251" WIDTH="64"/>
						<String ID="P62_ST00079" HPOS="1900" VPOS="2178" WIDTH="475" HEIGHT="84" CONTENT="Postgebäude!" WC="1.00" CC="010000002002"/>
						<SP ID="P62_SP00062" HPOS="2375" VPOS="2262" WIDTH="65"/>
						<String ID="P62_ST00080" HPOS="2440" VPOS="2177" WIDTH="727" HEIGHT="88" CONTENT="Hauptpostgebäude!!" WC="1.00" CC="004000000000900050"/>
						<SP ID="P62_SP00063" HPOS="3167" VPOS="2265" WIDTH="63"/>
						<String ID="P62_ST00081" HPOS="3230" VPOS="2178" WIDTH="222" HEIGHT="71" CONTENT="Reichs" SUBS_TYPE="HypPart1" SUBS_CONTENT="Reichshauptpostgebäude!!!" WC="0.99" CC="006070"/>
						<HYP HPOS="3452" VPOS="2178" WIDTH="36" CONTENT="-"/>
					</TextLine>
					<TextLine ID="P62_TL00021" HPOS="1265" VPOS="2270" WIDTH="2222" HEIGHT="89">
						<String ID="P62_ST00082" HPOS="1265" VPOS="2271" WIDTH="742" HEIGHT="86" CONTENT="hauptpostgebäude!!!" SUBS_TYPE="HypPart2" SUBS_CONTENT="Reichshauptpostgebäude!!!" WC="1.00" CC="7010000000000000010"/>
						<SP ID="P62_SP00064" HPOS="2007" VPOS="2357" WIDTH="57"/>
						<String ID="P62_ST00083" HPOS="2064" VPOS="2271" WIDTH="272" HEIGHT="81" CONTENT="Drähte," WC="0.99" CC="0007002"/>
						<SP ID="P62_SP00065" HPOS="2336" VPOS="2357" WIDTH="53"/>
						<String ID="P62_ST00084" HPOS="2389" VPOS="2271" WIDTH="291" HEIGHT="80" CONTENT="Funken," WC="0.99" CC="3030023"/>
						<SP ID="P62_SP00066" HPOS="2680" VPOS="2357" WIDTH="48"/>
						<String ID="P62_ST00085" HPOS="2728" VPOS="2270" WIDTH="576" HEIGHT="89" CONTENT="Aufleuchtungen" WC="1.00" CC="02740200030000"/>
						<SP ID="P62_SP00067" HPOS="3304" VPOS="2359" WIDTH="53"/>
						<String ID="P62_ST00086" HPOS="3357" VPOS="2279" WIDTH="130" HEIGHT="64" CONTENT="—!!" WC="0.95" CC="840"/>
					</TextLine>
					<TextLine ID="P62_TL00022" HPOS="1263" VPOS="2362" WIDTH="2222" HEIGHT="88">
						<String ID="P62_ST00087" HPOS="1263" VPOS="2364" WIDTH="124" HEIGHT="71" CONTENT="Ein" WC="0.97" CC="060"/>
						<SP ID="P62_SP00068" HPOS="1387" VPOS="2435" WIDTH="36"/>
						<String ID="P62_ST00088" HPOS="1423" VPOS="2364" WIDTH="979" HEIGHT="86" CONTENT="Differenzierungsgespräch!!" WC="1.00" CC="07650000060200000000130000"/>
						<SP ID="P62_SP00069" HPOS="2402" VPOS="2450" WIDTH="37"/>
						<String ID="P62_ST00089" HPOS="2439" VPOS="2362" WIDTH="206" HEIGHT="73" CONTENT="Einen" WC="0.99" CC="06000"/>
						<SP ID="P62_SP00070" HPOS="2645" VPOS="2450" WIDTH="30"/>
						<String ID="P62_ST00090" HPOS="2675" VPOS="2364" WIDTH="382" HEIGHT="81" CONTENT="Hektoliter," WC="1.00" CC="00002250000"/>
						<SP ID="P62_SP00071" HPOS="3057" VPOS="2450" WIDTH="37"/>
						<String ID="P62_ST00091" HPOS="3094" VPOS="2366" WIDTH="142" HEIGHT="70" CONTENT="eine" WC="0.98" CC="0700"/>
						<SP ID="P62_SP00072" HPOS="3236" VPOS="2450" WIDTH="23"/>
						<String ID="P62_ST00092" HPOS="3259" VPOS="2364" WIDTH="226" HEIGHT="80" CONTENT="Arena," WC="0.98" CC="000754"/>
					</TextLine>
					<TextLine ID="P62_TL00023" HPOS="1262" VPOS="2456" WIDTH="2225" HEIGHT="87">
						<String ID="P62_ST00093" HPOS="1262" VPOS="2460" WIDTH="188" HEIGHT="70" CONTENT="einen" WC="0.98" CC="06205"/>
						<SP ID="P62_SP00073" HPOS="1450" VPOS="2530" WIDTH="28"/>
						<String ID="P62_ST00094" HPOS="1478" VPOS="2458" WIDTH="566" HEIGHT="71" CONTENT="Trasimenischen" WC="0.88" CC="01007001600000"/>
						<SP ID="P62_SP00074" HPOS="2044" VPOS="2530" WIDTH="34"/>
						<String ID="P62_ST00095" HPOS="2078" VPOS="2456" WIDTH="125" HEIGHT="73" CONTENT="See" WC="1.00" CC="000"/>
						<SP ID="P62_SP00075" HPOS="2203" VPOS="2530" WIDTH="31"/>
						<String ID="P62_ST00096" HPOS="2234" VPOS="2488" WIDTH="129" HEIGHT="39" CONTENT="von" WC="0.99" CC="020"/>
						<SP ID="P62_SP00076" HPOS="2363" VPOS="2530" WIDTH="34"/>
						<String ID="P62_ST00097" HPOS="2397" VPOS="2458" WIDTH="109" HEIGHT="69" CONTENT="old" WC="0.97" CC="150"/>
						<SP ID="P62_SP00077" HPOS="2506" VPOS="2530" WIDTH="34"/>
						<String ID="P62_ST00098" HPOS="2540" VPOS="2459" WIDTH="120" HEIGHT="84" CONTENT="dry" WC="0.99" CC="001"/>
						<SP ID="P62_SP00078" HPOS="2660" VPOS="2543" WIDTH="23"/>
						<String ID="P62_ST00099" HPOS="2683" VPOS="2458" WIDTH="294" HEIGHT="72" CONTENT="Madeira" WC="0.99" CC="2000600"/>
						<SP ID="P62_SP00079" HPOS="2977" VPOS="2543" WIDTH="33"/>
						<String ID="P62_ST00100" HPOS="3010" VPOS="2458" WIDTH="107" HEIGHT="71" CONTENT="für" WC="0.98" CC="500"/>
						<SP ID="P62_SP00080" HPOS="3117" VPOS="2543" WIDTH="33"/>
						<String ID="P62_ST00101" HPOS="3150" VPOS="2460" WIDTH="106" HEIGHT="70" CONTENT="ein" WC="0.98" CC="050"/>
						<SP ID="P62_SP00081" HPOS="3256" VPOS="2543" WIDTH="26"/>
						<String ID="P62_ST00102" HPOS="3282" VPOS="2458" WIDTH="171" HEIGHT="71" CONTENT="Diffe" SUBS_TYPE="HypPart1" SUBS_CONTENT="Differenzierungsgespräch!" WC="0.98" CC="07670"/>
						<HYP HPOS="3453" VPOS="2458" WIDTH="34" CONTENT="-"/>
					</TextLine>
					<TextLine ID="P62_TL00024" HPOS="1265" VPOS="2550" WIDTH="2222" HEIGHT="87">
						<String ID="P62_ST00103" HPOS="1265" VPOS="2550" WIDTH="757" HEIGHT="85" CONTENT="renzierungsgespräch!" SUBS_TYPE="HypPart2" SUBS_CONTENT="Differenzierungsgespräch!" WC="1.00" CC="00106000500000027002"/>
						<SP ID="P62_SP00082" HPOS="2022" VPOS="2635" WIDTH="83"/>
						<String ID="P62_ST00104" HPOS="2105" VPOS="2550" WIDTH="135" HEIGHT="70" CONTENT="Das" WC="1.00" CC="000"/>
						<SP ID="P62_SP00083" HPOS="2240" VPOS="2635" WIDTH="53"/>
						<String ID="P62_ST00105" HPOS="2293" VPOS="2550" WIDTH="508" HEIGHT="85" CONTENT="Lieblingslied?" WC="0.99" CC="05074750006007"/>
						<SP ID="P62_SP00084" HPOS="2801" VPOS="2635" WIDTH="81"/>
						<String ID="P62_ST00106" HPOS="2882" VPOS="2550" WIDTH="283" HEIGHT="85" CONTENT="Begreift" WC="0.99" CC="20050560"/>
						<SP ID="P62_SP00085" HPOS="3165" VPOS="2635" WIDTH="49"/>
						<String ID="P62_ST00107" HPOS="3214" VPOS="2552" WIDTH="273" HEIGHT="85" CONTENT="jemand," WC="0.99" CC="6000702"/>
					</TextLine>
					<TextLine ID="P62_TL00025" HPOS="1264" VPOS="2642" WIDTH="2225" HEIGHT="87">
						<String ID="P62_ST00108" HPOS="1264" VPOS="2672" WIDTH="245" HEIGHT="43" CONTENT="warum" WC="0.98" CC="60040"/>
						<SP ID="P62_SP00086" HPOS="1509" VPOS="2715" WIDTH="35"/>
						<String ID="P62_ST00109" HPOS="1544" VPOS="2643" WIDTH="113" HEIGHT="71" CONTENT="das" WC="1.00" CC="000"/>
						<SP ID="P62_SP00087" HPOS="1657" VPOS="2715" WIDTH="28"/>
						<String ID="P62_ST00110" HPOS="1685" VPOS="2643" WIDTH="347" HEIGHT="72" CONTENT="Weserlied" WC="0.99" CC="600004600"/>
						<SP ID="P62_SP00088" HPOS="2032" VPOS="2715" WIDTH="26"/>
						<String ID="P62_ST00111" HPOS="2058" VPOS="2644" WIDTH="113" HEIGHT="70" CONTENT="das" WC="1.00" CC="000"/>
						<SP ID="P62_SP00089" HPOS="2171" VPOS="2715" WIDTH="29"/>
						<String ID="P62_ST00112" HPOS="2200" VPOS="2642" WIDTH="466" HEIGHT="87" CONTENT="Lieblingslied" WC="0.99" CC="0600555005600"/>
						<SP ID="P62_SP00090" HPOS="2666" VPOS="2729" WIDTH="26"/>
						<String ID="P62_ST00113" HPOS="2692" VPOS="2674" WIDTH="125" HEIGHT="40" CONTENT="von" WC="1.00" CC="001"/>
						<SP ID="P62_SP00091" HPOS="2817" VPOS="2729" WIDTH="30"/>
						<String ID="P62_ST00114" HPOS="2847" VPOS="2644" WIDTH="213" HEIGHT="71" CONTENT="Herrn" WC="1.00" CC="00003"/>
						<SP ID="P62_SP00092" HPOS="3060" VPOS="2729" WIDTH="30"/>
						<String ID="P62_ST00115" HPOS="3090" VPOS="2643" WIDTH="399" HEIGHT="72" CONTENT="Neuendorft" WC="0.68" CC="3000402577"/>
					</TextLine>
					<TextLine ID="P62_TL00026" HPOS="1263" VPOS="2736" WIDTH="2224" HEIGHT="86">
						<String ID="P62_ST00116" HPOS="1263" VPOS="2738" WIDTH="131" HEIGHT="70" CONTENT="ist?" WC="0.96" CC="6019"/>
						<SP ID="P62_SP00093" HPOS="1394" VPOS="2808" WIDTH="63"/>
						<String ID="P62_ST00117" HPOS="1457" VPOS="2736" WIDTH="197" HEIGHT="81" CONTENT="Nein," WC="0.99" CC="30520"/>
						<SP ID="P62_SP00094" HPOS="1654" VPOS="2817" WIDTH="50"/>
						<String ID="P62_ST00118" HPOS="1704" VPOS="2737" WIDTH="214" HEIGHT="71" CONTENT="meine" WC="0.98" CC="00650"/>
						<SP ID="P62_SP00095" HPOS="1918" VPOS="2817" WIDTH="51"/>
						<String ID="P62_ST00119" HPOS="1969" VPOS="2736" WIDTH="273" HEIGHT="81" CONTENT="Herren," WC="1.00" CC="0005001"/>
						<SP ID="P62_SP00096" HPOS="2242" VPOS="2817" WIDTH="51"/>
						<String ID="P62_ST00120" HPOS="2293" VPOS="2737" WIDTH="114" HEIGHT="70" CONTENT="das" WC="1.00" CC="000"/>
						<SP ID="P62_SP00097" HPOS="2407" VPOS="2817" WIDTH="51"/>
						<String ID="P62_ST00121" HPOS="2458" VPOS="2737" WIDTH="161" HEIGHT="71" CONTENT="wird" WC="0.98" CC="0640"/>
						<SP ID="P62_SP00098" HPOS="2619" VPOS="2817" WIDTH="51"/>
						<String ID="P62_ST00122" HPOS="2670" VPOS="2738" WIDTH="305" HEIGHT="70" CONTENT="niemand" WC="0.99" CC="0600070"/>
						<SP ID="P62_SP00099" HPOS="2975" VPOS="2817" WIDTH="49"/>
						<String ID="P62_ST00123" HPOS="3024" VPOS="2737" WIDTH="353" HEIGHT="85" CONTENT="begreifen," WC="0.99" CC="0001055053"/>
						<SP ID="P62_SP00100" HPOS="3377" VPOS="2822" WIDTH="50"/>
						<String ID="P62_ST00124" HPOS="3427" VPOS="2766" WIDTH="60" HEIGHT="41" CONTENT="es" WC="0.89" CC="02" STYLEREFS="TXT_4"/>
					</TextLine>
					<TextLine ID="P62_TL00027" HPOS="1264" VPOS="2830" WIDTH="2224" HEIGHT="85">
						<String ID="P62_ST00125" HPOS="1264" VPOS="2844" WIDTH="167" HEIGHT="58" CONTENT="wäre" WC="0.99" CC="0030"/>
						<SP ID="P62_SP00101" HPOS="1431" VPOS="2902" WIDTH="31"/>
						<String ID="P62_ST00126" HPOS="1462" VPOS="2830" WIDTH="167" HEIGHT="71" CONTENT="auch" WC="0.97" CC="0607"/>
						<SP ID="P62_SP00102" HPOS="1629" VPOS="2902" WIDTH="35"/>
						<String ID="P62_ST00127" HPOS="1664" VPOS="2860" WIDTH="80" HEIGHT="41" CONTENT="zu" WC="1.00" CC="00"/>
						<SP ID="P62_SP00103" HPOS="1744" VPOS="2902" WIDTH="34"/>
						<String ID="P62_ST00128" HPOS="1778" VPOS="2831" WIDTH="124" HEIGHT="70" CONTENT="viel" WC="0.98" CC="0406"/>
						<SP ID="P62_SP00104" HPOS="1902" VPOS="2902" WIDTH="35"/>
						<String ID="P62_ST00129" HPOS="1937" VPOS="2831" WIDTH="311" HEIGHT="84" CONTENT="verlangt," WC="0.99" CC="002604002"/>
						<SP ID="P62_SP00105" HPOS="2248" VPOS="2915" WIDTH="37"/>
						<String ID="P62_ST00130" HPOS="2285" VPOS="2831" WIDTH="172" HEIGHT="70" CONTENT="denn" WC="1.00" CC="0000"/>
						<SP ID="P62_SP00106" HPOS="2457" VPOS="2915" WIDTH="35"/>
						<String ID="P62_ST00131" HPOS="2492" VPOS="2860" WIDTH="125" HEIGHT="42" CONTENT="was" WC="1.00" CC="000"/>
						<SP ID="P62_SP00107" HPOS="2617" VPOS="2915" WIDTH="35"/>
						<String ID="P62_ST00132" HPOS="2652" VPOS="2831" WIDTH="151" HEIGHT="70" CONTENT="dem" WC="1.00" CC="000"/>
						<SP ID="P62_SP00108" HPOS="2803" VPOS="2915" WIDTH="36"/>
						<String ID="P62_ST00133" HPOS="2839" VPOS="2832" WIDTH="187" HEIGHT="70" CONTENT="einen" WC="0.99" CC="07000"/>
						<SP ID="P62_SP00109" HPOS="3026" VPOS="2915" WIDTH="36"/>
						<String ID="P62_ST00134" HPOS="3062" VPOS="2831" WIDTH="181" HEIGHT="71" CONTENT="recht" WC="1.00" CC="10000"/>
						<SP ID="P62_SP00110" HPOS="3243" VPOS="2915" WIDTH="34"/>
						<String ID="P62_ST00135" HPOS="3277" VPOS="2834" WIDTH="102" HEIGHT="77" CONTENT="ist," WC="0.98" CC="7002"/>
						<SP ID="P62_SP00111" HPOS="3379" VPOS="2915" WIDTH="34"/>
						<String ID="P62_ST00136" HPOS="3413" VPOS="2831" WIDTH="75" HEIGHT="70" CONTENT="ist" WC="0.95" CC="705" STYLEREFS="TXT_4"/>
					</TextLine>
					<TextLine ID="P62_TL00028" HPOS="1264" VPOS="2922" WIDTH="2221" HEIGHT="87">
						<String ID="P62_ST00137" HPOS="1264" VPOS="2924" WIDTH="151" HEIGHT="70" CONTENT="dem" WC="1.00" CC="000"/>
						<SP ID="P62_SP00112" HPOS="1415" VPOS="2994" WIDTH="46"/>
						<String ID="P62_ST00138" HPOS="1461" VPOS="2922" WIDTH="246" HEIGHT="72" CONTENT="andern" WC="1.00" CC="020000"/>
						<SP ID="P62_SP00113" HPOS="1707" VPOS="2994" WIDTH="49"/>
						<String ID="P62_ST00139" HPOS="1756" VPOS="2922" WIDTH="210" HEIGHT="86" CONTENT="billig!" WC="0.98" CC="7460603"/>
						<SP ID="P62_SP00114" HPOS="1966" VPOS="3008" WIDTH="66"/>
						<String ID="P62_ST00140" HPOS="2032" VPOS="2922" WIDTH="150" HEIGHT="72" CONTENT="Wer" WC="1.00" CC="000"/>
						<SP ID="P62_SP00115" HPOS="2182" VPOS="3008" WIDTH="46"/>
						<String ID="P62_ST00141" HPOS="2228" VPOS="2924" WIDTH="352" HEIGHT="85" CONTENT="bevorzugt" WC="1.00" CC="000100000"/>
						<SP ID="P62_SP00116" HPOS="2580" VPOS="3009" WIDTH="44"/>
						<String ID="P62_ST00142" HPOS="2624" VPOS="2924" WIDTH="404" HEIGHT="85" CONTENT="Braunlage?" WC="1.00" CC="1002330000"/>
						<SP ID="P62_SP00117" HPOS="3028" VPOS="3009" WIDTH="65"/>
						<String ID="P62_ST00143" HPOS="3093" VPOS="2924" WIDTH="121" HEIGHT="71" CONTENT="Wo" WC="1.00" CC="00"/>
						<SP ID="P62_SP00118" HPOS="3214" VPOS="3009" WIDTH="45"/>
						<String ID="P62_ST00144" HPOS="3259" VPOS="2925" WIDTH="82" HEIGHT="70" CONTENT="ist" WC="0.97" CC="600"/>
						<SP ID="P62_SP00119" HPOS="3341" VPOS="3009" WIDTH="44"/>
						<String ID="P62_ST00145" HPOS="3385" VPOS="2922" WIDTH="100" HEIGHT="72" CONTENT="das" WC="1.00" CC="010" STYLEREFS="TXT_4"/>
					</TextLine>
					<TextLine ID="P62_TL00029" HPOS="1268" VPOS="3014" WIDTH="2217" HEIGHT="84">
						<String ID="P62_ST00146" HPOS="1268" VPOS="3016" WIDTH="418" HEIGHT="72" CONTENT="Individuum" WC="0.99" CC="6506070530"/>
						<SP ID="P62_SP00120" HPOS="1686" VPOS="3088" WIDTH="34"/>
						<String ID="P62_ST00147" HPOS="1720" VPOS="3046" WIDTH="112" HEIGHT="40" CONTENT="aus" WC="1.00" CC="000"/>
						<SP ID="P62_SP00121" HPOS="1832" VPOS="3088" WIDTH="38"/>
						<String ID="P62_ST00148" HPOS="1870" VPOS="3014" WIDTH="244" HEIGHT="72" CONTENT="Flöha?" WC="0.78" CC="005700"/>
						<SP ID="P62_SP00122" HPOS="2114" VPOS="3088" WIDTH="51"/>
						<String ID="P62_ST00149" HPOS="2165" VPOS="3014" WIDTH="129" HEIGHT="82" CONTENT="Oh," WC="0.96" CC="072"/>
						<SP ID="P62_SP00123" HPOS="2294" VPOS="3096" WIDTH="48"/>
						<String ID="P62_ST00150" HPOS="2342" VPOS="3047" WIDTH="99" HEIGHT="41" CONTENT="wo" WC="1.00" CC="00"/>
						<SP ID="P62_SP00124" HPOS="2441" VPOS="3096" WIDTH="35"/>
						<String ID="P62_ST00151" HPOS="2476" VPOS="3018" WIDTH="82" HEIGHT="70" CONTENT="ist" WC="0.98" CC="600"/>
						<SP ID="P62_SP00125" HPOS="2558" VPOS="3096" WIDTH="33"/>
						<String ID="P62_ST00152" HPOS="2591" VPOS="3016" WIDTH="115" HEIGHT="72" CONTENT="der" WC="0.99" CC="003"/>
						<SP ID="P62_SP00126" HPOS="2706" VPOS="3096" WIDTH="31"/>
						<String ID="P62_ST00153" HPOS="2737" VPOS="3016" WIDTH="600" HEIGHT="82" CONTENT="Schneeverwehte," WC="1.00" CC="000000001000000"/>
						<SP ID="P62_SP00127" HPOS="3337" VPOS="3098" WIDTH="34"/>
						<String ID="P62_ST00154" HPOS="3371" VPOS="3044" WIDTH="114" HEIGHT="42" CONTENT="von" WC="0.93" CC="568" STYLEREFS="TXT_4"/>
					</TextLine>
					<TextLine ID="P62_TL00030" HPOS="1265" VPOS="3109" WIDTH="1184" HEIGHT="83">
						<String ID="P62_ST00155" HPOS="1265" VPOS="3140" WIDTH="242" HEIGHT="42" CONTENT="wessen" WC="1.00" CC="000006"/>
						<SP ID="P62_SP00128" HPOS="1507" VPOS="3182" WIDTH="37"/>
						<String ID="P62_ST00156" HPOS="1544" VPOS="3109" WIDTH="245" HEIGHT="73" CONTENT="Glocke" WC="0.99" CC="060000"/>
						<SP ID="P62_SP00129" HPOS="1789" VPOS="3182" WIDTH="31"/>
						<String ID="P62_ST00157" HPOS="1820" VPOS="3137" WIDTH="238" HEIGHT="55" CONTENT="sprang" WC="0.99" CC="000109"/>
						<SP ID="P62_SP00130" HPOS="2058" VPOS="3192" WIDTH="33"/>
						<String ID="P62_ST00158" HPOS="2091" VPOS="3109" WIDTH="114" HEIGHT="73" CONTENT="der" WC="1.00" CC="000"/>
						<SP ID="P62_SP00131" HPOS="2205" VPOS="3192" WIDTH="33"/>
						<String ID="P62_ST00159" HPOS="2238" VPOS="3109" WIDTH="211" HEIGHT="71" CONTENT="Draht" WC="1.00" CC="02001"/>
						<SP ID="P62_SP00132" HPOS="2449" VPOS="3192" WIDTH="0"/>
					</TextLine>
					<TextLine ID="P62_TL00031" HPOS="1265" VPOS="3202" WIDTH="806" HEIGHT="72">
						<String ID="P62_ST00160" HPOS="1265" VPOS="3203" WIDTH="150" HEIGHT="71" CONTENT="aber" WC="0.98" CC="0704"/>
						<SP ID="P62_SP00133" HPOS="1415" VPOS="3274" WIDTH="32"/>
						<String ID="P62_ST00161" HPOS="1447" VPOS="3232" WIDTH="70" HEIGHT="42" CONTENT="er" WC="1.00" CC="00"/>
						<SP ID="P62_SP00134" HPOS="1517" VPOS="3274" WIDTH="33"/>
						<String ID="P62_ST00162" HPOS="1550" VPOS="3203" WIDTH="161" HEIGHT="71" CONTENT="wird" WC="0.99" CC="0500"/>
						<SP ID="P62_SP00135" HPOS="1711" VPOS="3274" WIDTH="33"/>
						<String ID="P62_ST00163" HPOS="1744" VPOS="3202" WIDTH="327" HEIGHT="72" CONTENT="kommen." WC="1.00" CC="0000004"/>
					</TextLine>
					<TextLine ID="P62_TL00032" HPOS="1359" VPOS="3295" WIDTH="1082" HEIGHT="73">
						<String ID="P62_ST00164" HPOS="1359" VPOS="3296" WIDTH="211" HEIGHT="71" CONTENT="Stirn" WC="0.97" CC="00688"/>
						<SP ID="P62_SP00136" HPOS="1570" VPOS="3367" WIDTH="23"/>
						<String ID="P62_ST00165" HPOS="1593" VPOS="3325" WIDTH="121" HEIGHT="43" CONTENT="me" WC="1.00" CC="00"/>
						<SP ID="P62_SP00137" HPOS="1714" VPOS="3368" WIDTH="14"/>
						<String ID="P62_ST00166" HPOS="1728" VPOS="3325" WIDTH="15" HEIGHT="41" CONTENT=":" WC="1.00" CC="0"/>
						<SP ID="P62_SP00138" HPOS="1743" VPOS="3368" WIDTH="49"/>
						<String ID="P62_ST00167" HPOS="1792" VPOS="3296" WIDTH="138" HEIGHT="70" CONTENT="Der" WC="0.99" CC="003"/>
						<SP ID="P62_SP00139" HPOS="1930" VPOS="3368" WIDTH="34"/>
						<String ID="P62_ST00168" HPOS="1964" VPOS="3325" WIDTH="164" HEIGHT="42" CONTENT="neue" WC="0.98" CC="4030"/>
						<SP ID="P62_SP00140" HPOS="2128" VPOS="3368" WIDTH="37"/>
						<String ID="P62_ST00169" HPOS="2165" VPOS="3295" WIDTH="276" HEIGHT="72" CONTENT="Kantus." WC="1.00" CC="6000001"/>
					</TextLine>
					<TextLine ID="P62_TL00033" HPOS="1359" VPOS="3387" WIDTH="1288" HEIGHT="88">
						<String ID="P62_ST00170" HPOS="1359" VPOS="3387" WIDTH="475" HEIGHT="74" CONTENT="Pameelen:" WC="0.93" CC="000006000"/>
						<SP ID="P62_SP00141" HPOS="1834" VPOS="3461" WIDTH="32"/>
						<String ID="P62_ST00171" HPOS="1866" VPOS="3389" WIDTH="145" HEIGHT="71" CONTENT="Von" WC="0.99" CC="020"/>
						<SP ID="P62_SP00142" HPOS="2011" VPOS="3461" WIDTH="34"/>
						<String ID="P62_ST00172" HPOS="2045" VPOS="3390" WIDTH="151" HEIGHT="72" CONTENT="dem" WC="1.00" CC="000"/>
						<SP ID="P62_SP00143" HPOS="2196" VPOS="3462" WIDTH="33"/>
						<String ID="P62_ST00173" HPOS="2229" VPOS="3389" WIDTH="103" HEIGHT="69" CONTENT="ich" WC="0.93" CC="767"/>
						<SP ID="P62_SP00144" HPOS="2332" VPOS="3462" WIDTH="35"/>
						<String ID="P62_ST00174" HPOS="2367" VPOS="3419" WIDTH="149" HEIGHT="56" CONTENT="sage" WC="1.00" CC="0000"/>
						<SP ID="P62_SP00145" HPOS="2516" VPOS="3475" WIDTH="30"/>
						<String ID="P62_ST00175" HPOS="2546" VPOS="3447" WIDTH="14" HEIGHT="13" CONTENT="." WC="0.79" CC="2"/>
						<SP ID="P62_SP00146" HPOS="2560" VPOS="3475" WIDTH="31"/>
						<String ID="P62_ST00176" HPOS="2591" VPOS="3444" WIDTH="56" HEIGHT="17" CONTENT=".." WC="0.68" CC="33"/>
					</TextLine>
					<TextLine ID="P62_TL00034" HPOS="1361" VPOS="3481" WIDTH="1111" HEIGHT="73">
						<String ID="P62_ST00177" HPOS="1361" VPOS="3481" WIDTH="379" HEIGHT="73" CONTENT="Stimme:" WC="0.99" CC="0060005"/>
						<SP ID="P62_SP00147" HPOS="1740" VPOS="3554" WIDTH="49"/>
						<String ID="P62_ST00178" HPOS="1789" VPOS="3481" WIDTH="86" HEIGHT="73" CONTENT="Er" WC="0.84" CC="20"/>
						<SP ID="P62_SP00148" HPOS="1875" VPOS="3554" WIDTH="34"/>
						<String ID="P62_ST00179" HPOS="1909" VPOS="3481" WIDTH="108" HEIGHT="73" CONTENT="hat" WC="1.00" CC="000"/>
						<SP ID="P62_SP00149" HPOS="2017" VPOS="3554" WIDTH="41"/>
						<String ID="P62_ST00180" HPOS="2058" VPOS="3483" WIDTH="72" HEIGHT="69" CONTENT="16" WC="0.68" CC="60"/>
						<SP ID="P62_SP00150" HPOS="2130" VPOS="3554" WIDTH="27"/>
						<String ID="P62_ST00181" HPOS="2157" VPOS="3481" WIDTH="315" HEIGHT="73" CONTENT="Verse..." WC="0.99" CC="00400024"/>
					</TextLine>
					<TextLine ID="P62_TL00035" HPOS="1359" VPOS="3574" WIDTH="1580" HEIGHT="74">
						<String ID="P62_ST00182" HPOS="1359" VPOS="3574" WIDTH="479" HEIGHT="72" CONTENT="Pameelen:" WC="0.90" CC="500003000"/>
						<SP ID="P62_SP00151" HPOS="1838" VPOS="3646" WIDTH="51"/>
						<String ID="P62_ST00183" HPOS="1889" VPOS="3574" WIDTH="137" HEIGHT="71" CONTENT="Der" WC="0.99" CC="003"/>
						<SP ID="P62_SP00152" HPOS="2026" VPOS="3646" WIDTH="31"/>
						<String ID="P62_ST00184" HPOS="2057" VPOS="3574" WIDTH="318" HEIGHT="71" CONTENT="aufstürzt" WC="0.99" CC="337000100"/>
						<SP ID="P62_SP00153" HPOS="2375" VPOS="3646" WIDTH="33"/>
						<String ID="P62_ST00185" HPOS="2408" VPOS="3575" WIDTH="136" HEIGHT="70" CONTENT="und" WC="0.99" CC="010"/>
						<SP ID="P62_SP00154" HPOS="2544" VPOS="3646" WIDTH="36"/>
						<String ID="P62_ST00186" HPOS="2580" VPOS="3575" WIDTH="359" HEIGHT="73" CONTENT="versandet." WC="1.00" CC="0030050003"/>
					</TextLine>
					<TextLine ID="P62_TL00036" HPOS="1362" VPOS="3668" WIDTH="1415" HEIGHT="85">
						<String ID="P62_ST00187" HPOS="1362" VPOS="3668" WIDTH="389" HEIGHT="71" CONTENT="Stimme:" WC="0.99" CC="0070003"/>
						<SP ID="P62_SP00155" HPOS="1751" VPOS="3739" WIDTH="48"/>
						<String ID="P62_ST00188" HPOS="1799" VPOS="3668" WIDTH="176" HEIGHT="71" CONTENT="Aber" WC="0.97" CC="0705"/>
						<SP ID="P62_SP00156" HPOS="1975" VPOS="3739" WIDTH="33"/>
						<String ID="P62_ST00189" HPOS="2008" VPOS="3669" WIDTH="117" HEIGHT="70" CONTENT="wir" WC="0.96" CC="064"/>
						<SP ID="P62_SP00157" HPOS="2125" VPOS="3739" WIDTH="32"/>
						<String ID="P62_ST00190" HPOS="2157" VPOS="3669" WIDTH="227" HEIGHT="84" CONTENT="singen" WC="0.99" CC="070002"/>
						<SP ID="P62_SP00158" HPOS="2384" VPOS="3753" WIDTH="36"/>
						<String ID="P62_ST00191" HPOS="2420" VPOS="3668" WIDTH="183" HEIGHT="71" CONTENT="nicht" WC="0.98" CC="06070"/>
						<SP ID="P62_SP00159" HPOS="2603" VPOS="3753" WIDTH="31"/>
						<String ID="P62_ST00192" HPOS="2634" VPOS="3668" WIDTH="143" HEIGHT="72" CONTENT="alle." WC="0.98" CC="06404"/>
					</TextLine>
					<TextLine ID="P62_TL00037" HPOS="1361" VPOS="3757" WIDTH="2038" HEIGHT="87">
						<String ID="P62_ST00193" HPOS="1361" VPOS="3761" WIDTH="472" HEIGHT="73" CONTENT="Pameelen:" WC="0.84" CC="600000052"/>
						<SP ID="P62_SP00160" HPOS="1833" VPOS="3834" WIDTH="37"/>
						<String ID="P62_ST00194" HPOS="1870" VPOS="3762" WIDTH="138" HEIGHT="71" CONTENT="Der" WC="0.99" CC="001"/>
						<SP ID="P62_SP00161" HPOS="2008" VPOS="3834" WIDTH="27"/>
						<String ID="P62_ST00195" HPOS="2035" VPOS="3761" WIDTH="559" HEIGHT="82" CONTENT="Unterbrochene," WC="1.00" CC="43000720000001"/>
						<SP ID="P62_SP00162" HPOS="2594" VPOS="3843" WIDTH="28"/>
						<String ID="P62_ST00196" HPOS="2622" VPOS="3762" WIDTH="115" HEIGHT="71" CONTENT="der" WC="1.00" CC="000"/>
						<SP ID="P62_SP00163" HPOS="2737" VPOS="3843" WIDTH="26"/>
						<String ID="P62_ST00197" HPOS="2763" VPOS="3761" WIDTH="138" HEIGHT="72" CONTENT="sich" WC="0.99" CC="0700"/>
						<SP ID="P62_SP00164" HPOS="2901" VPOS="3843" WIDTH="27"/>
						<String ID="P62_ST00198" HPOS="2928" VPOS="3761" WIDTH="198" HEIGHT="71" CONTENT="selbst" WC="0.99" CC="005700"/>
						<SP ID="P62_SP00165" HPOS="3126" VPOS="3843" WIDTH="28"/>
						<String ID="P62_ST00199" HPOS="3154" VPOS="3757" WIDTH="245" HEIGHT="87" CONTENT="vergißt" WC="0.99" CC="0000704"/>
						<SP ID="P62_SP00166" HPOS="3399" VPOS="3844" WIDTH="0"/>
					</TextLine>
					<TextLine ID="P62_TL00038" HPOS="1270" VPOS="3846" WIDTH="2218" HEIGHT="89">
						<String ID="P62_ST00200" HPOS="1270" VPOS="3851" WIDTH="384" HEIGHT="84" CONTENT="Kalbsfüße," WC="0.99" CC="6030060003"/>
						<SP ID="P62_SP00167" HPOS="1654" VPOS="3935" WIDTH="37"/>
						<String ID="P62_ST00201" HPOS="1691" VPOS="3853" WIDTH="232" HEIGHT="71" CONTENT="Mauer" WC="0.99" CC="00402"/>
						<SP ID="P62_SP00168" HPOS="1923" VPOS="3935" WIDTH="5"/>
						<String ID="P62_ST00202" HPOS="1928" VPOS="3856" WIDTH="220" HEIGHT="79" CONTENT="ritzen," WC="0.99" CC="6700003"/>
						<SP ID="P62_SP00169" HPOS="2148" VPOS="3935" WIDTH="36"/>
						<String ID="P62_ST00203" HPOS="2184" VPOS="3852" WIDTH="706" HEIGHT="83" CONTENT="Stromunterbrecher," WC="1.00" CC="002005000003007002"/>
						<SP ID="P62_SP00170" HPOS="2890" VPOS="3935" WIDTH="35"/>
						<String ID="P62_ST00204" HPOS="2925" VPOS="3853" WIDTH="169" HEIGHT="71" CONTENT="Herr" WC="1.00" CC="0000"/>
						<SP ID="P62_SP00171" HPOS="3094" VPOS="3935" WIDTH="36"/>
						<String ID="P62_ST00205" HPOS="3130" VPOS="3846" WIDTH="358" HEIGHT="77" CONTENT="Gundlach," WC="0.70" CC="204060074"/>
					</TextLine>
				</TextBlock>
			</PrintSpace>
		</Page>
	</Layout>
</alto>
