3736 4572
1250 427 99 61 116

1785 431 238 54 Theodor
2053 431 203 68 Tagget
2807 443 21 28 *
2866 430 53 52 De
2486 433 235 50 zerstörte
2752 429 166 51 Tasso

1533 632 105 71 Ich
1674 632 232 71 breche
1939 661 123 39 von
2096 649 200 52 unten
2353 672 5 31 :

1525 727 118 66 mit
1676 726 253 67 meinen
1966 722 270 71 Fäusten
2272 726 63 67 in
2368 723 161 70 euch
2566 720 235 72 hinein.

2315 905 81 72 V.

1525 1046 288 71 Dunkler
1849 1045 261 81 Kerker,
2150 1046 434 85 angeleuchtet

1526 1168 123 42 von
1684 1141 251 68 meinen
1967 1137 250 87 Augen.
2280 1139 210 71 Deine
2524 1136 242 71 Wände
2799 1132 467 74 zerschmelzen

1526 1261 111 40 vor
1663 1234 276 70 meinem
1977 1230 249 85 Finger.
2303 1233 153 70 Und
2487 1231 102 70 ich
2622 1231 160 83 gehe

1527 1325 160 69 über
1719 1325 103 69 die
1855 1324 481 85 geschlossenen
2372 1325 272 78 Wiesen,

1526 1419 104 69 die
1662 1418 213 71 hinter
1908 1418 97 70 dir
2039 1419 205 69 stehn.

1898 1511 222 70 Meine
2155 1511 278 70 Schritte
2458 1510 146 71 sind
2639 1507 210 84 heilig,

1527 1602 103 70 die
1662 1602 278 70 Schritte
1973 1605 109 68 des
2118 1602 322 79 Dichters,

1527 1696 134 70 und
1691 1696 112 69 auf
1836 1695 246 70 Wasser
2123 1695 222 71 sinken
2378 1696 87 68 sie
2499 1694 176 71 nicht
2708 1694 125 68 ein.

1536 1786 108 73 Ich
1676 1788 184 72 fliehe
1892 1792 115 67 mit
2040 1789 121 70 den
2188 1789 258 84 Spitzen
2480 1785 109 71 auf
2621 1788 122 68 den
2777 1785 258 83 Spitzen
3069 1783 112 69 der
3215 1780 250 81 Gräser,

1530 1879 171 85 Selig
1736 1880 245 73 breiten
2016 1880 282 72 Mücken
2333 1879 374 71 summende
2741 1874 468 86 Gefolgschaft,

1527 1974 398 70 aufschreien
1958 1973 307 85 gebückte
2293 1972 247 80 Fische,

1527 2066 314 80 Würmer,
1880 2066 376 84 Schlangen,
2293 2065 330 72 Elefanten
2656 2065 118 68 mit
2811 2081 177 51 roten
3022 2058 241 73 Sätteln

1526 2160 337 68 schweben
1899 2159 276 85 langsam
2211 2160 110 71 hin
2357 2159 132 69 und
2522 2157 134 71 her.
2730 2152 574 74 Hunderttausend

1527 2249 272 72 Hirsche
1833 2250 226 84 fliegen
2094 2253 115 67 mit
2244 2250 260 71 dünnen
2538 2249 263 70 Beinen.

1527 2344 137 70 Der
1695 2344 284 70 Himmel
2005 2344 184 70 dreht
2212 2344 136 71 sich
2376 2344 122 67 mir
2523 2344 118 69 wie
2675 2344 103 69 ein
2802 2339 300 85 Teppich
3136 2358 329 65 entgegen,

1527 2463 68 42 er
1625 2437 362 70 verblättert
2021 2467 79 40 zu
2134 2437 295 83 Zweigen
2463 2454 187 53 unter
2683 2437 253 68 meinen
2973 2430 223 71 Füßen

1527 2529 136 70 und
1698 2529 105 70 die
1838 2528 310 71 Fanfaren
2184 2529 110 70 des
2331 2528 309 70 befreiten
2673 2526 353 85 Jerusalem

1525 2622 222 71 stehen
1783 2622 89 71 als
1908 2622 366 71 brennende
2305 2621 255 85 Kugeln
2585 2621 125 70 den
2736 2620 177 85 Weg.
