3766 4572
1306 371 108 63 128

1930 378 180 53 Henri
2133 378 268 53 Barbusse
2439 393 22 24 *
2492 379 116 51 Das
2636 376 279 55 Frühlicht

1399 579 205 82 ~Und
1651 579 146 85 jede
1830 578 378 83 Einzelheit,
2245 579 106 70 die
2382 581 118 69 wir
2541 578 221 83 sahen,
2796 607 127 43 war
2972 578 228 71 zuviel.
3247 578 163 71 Man
3461 583 73 73 ist

1302 672 179 71 nicht
1510 703 114 40 aus
1660 672 195 70 Blech
1890 673 136 69 und
2061 672 246 84 Papier.
2360 672 162 71 Man
2556 671 337 86 zerplatzt;
2927 701 150 41 man
3111 672 82 70 ist
3224 701 82 40 zu
3348 672 184 85 klein,

1303 795 113 45 um
1451 795 64 41 es
1551 765 331 71 aushalten
1916 795 82 40 zu
2032 765 324 71 können.“

1399 875 186 80 „Wie
1619 875 182 69 rasch
1835 904 150 41 man
2020 874 276 86 vergißt!
2353 874 198 72 Nicht
2584 903 125 42 nur
2741 875 106 70 die
2883 874 223 70 Dauer
3139 874 116 70 der
3301 875 232 82 großen

1302 968 262 80 Misere,
1592 968 126 80 die,
1737 969 120 70 wie
1883 968 88 70 du
2000 987 189 66 sagst,
2220 968 199 71 schon
2447 969 192 70 heute
2666 969 177 69 nicht
2871 968 183 70 mehr
3080 997 80 41 zu
3181 967 352 75 berechnen

1302 1063 113 76 ist;
1448 1061 105 70 die
1586 1061 325 81 Märsche,
1947 1062 105 70 die
2086 1063 229 70 immer
2347 1063 232 71 wieder
2612 1062 126 69 den
2765 1061 222 70 Boden
3021 1059 389 87 zerpflügen,
3438 1063 96 71 die

1303 1152 180 71 Füße
1514 1155 447 81 zerschinden,
1980 1156 110 68 das
2111 1156 190 70 Mark
2333 1155 344 71 aufzehren
2702 1172 191 52 unter
2918 1155 148 69 dem
3099 1153 297 71 Gewicht
3430 1156 103 71 des

1300 1245 390 81 Tornisters,
1732 1247 116 70 der
1888 1246 304 74 aufhockt
2224 1252 119 68 wie
2385 1250 104 70 ein
2527 1247 343 84 Gespenst,
2907 1249 112 68 das
3063 1278 147 39 zum
3256 1247 277 73 Himmel

1302 1339 273 80 wächst;
1609 1340 105 70 die
1735 1339 193 71 Hitze
1963 1341 98 70 bis
2098 1372 146 39 zum
2262 1340 357 85 Vergessen
2645 1340 113 70 des
2786 1344 263 81 eigenen
3072 1339 323 81 Namens;
3429 1340 104 72 das

1302 1433 340 85 Stampfen
1669 1433 110 71 auf
1803 1437 206 68 einem
2032 1434 192 71 Fleck
2241 1437 138 69 und
2396 1435 110 70 das
2526 1435 353 83 Stilliegen,
2898 1434 113 70 das
3031 1435 186 69 einen
3243 1448 290 67 zerstört;

1299 1527 250 81 Arbeit,
1577 1528 104 70 die
1713 1527 105 71 die
1846 1528 229 71 Kräfte
2099 1529 379 84 übersteigt;
2508 1527 478 71 Nachtwachen
3014 1528 167 70 ohne
3205 1527 205 81 Ende,
3431 1559 102 41 um

1303 1621 124 70 den
1467 1618 205 73 Feind
1707 1621 419 86 abzupassen,
2161 1622 116 70 der
2309 1625 63 67 in
2408 1622 115 70 der
2558 1621 212 71 Nacht
2812 1621 243 70 überall
3106 1623 102 78 ist,
3242 1619 137 70 und
3433 1651 99 42 um

1300 1712 470 85 anzukämpfen
1806 1744 199 55 gegen
2041 1716 124 69 den
2201 1713 249 80 Schlaf;
2485 1715 111 68 das
2635 1712 395 85 Kopfkissen
3062 1744 114 39 aus
3212 1713 164 70 Mist
3410 1716 122 69 und

1303 1807 127 70 voll
1451 1807 239 72 Läuse!
1846 1807 193 82 Nein,
2066 1809 163 70 auch
2254 1807 106 72 die
2377 1809 577 70 Schmutzkrusten
2983 1838 125 39 von
3130 1806 403 85 Kochtöpfen

1304 1900 140 69 und
1483 1900 741 85 Maschinengewehren,
2260 1929 126 42 von
2417 1901 256 79 Minen,
2702 1900 375 84 Stickgasen
3110 1900 139 70 und
3285 1899 248 85 Gegen»

1302 1994 339 84 angriffen.
1678 1995 128 69 Die
1830 1995 460 85 Aufregungen
2329 1994 116 70 der
2469 1993 442 72 Wirklichkeit
2946 1994 219 71 reißen
3202 1995 182 70 einen
3425 1995 108 69 mit

1303 2088 88 69 im
1437 2106 211 51 ersten
1690 2087 323 81 Moment,
2065 2087 138 71 und
2248 2117 151 42 man
2445 2106 101 51 tut
2594 2106 112 66 gut
2752 2087 218 80 daran,
3020 2086 132 71 sich
3204 2087 326 70 mitreißen

1303 2207 81 42 zu
1436 2181 225 70 lassen.
1719 2182 172 70 Aber
1943 2181 80 71 all
2072 2182 112 70 das
2238 2181 341 86 verdrängt
2629 2180 134 72 sich
2815 2181 181 71 rasch
3048 2181 136 70 und
3233 2180 297 85 verfliegt,

1302 2301 151 41 man
1504 2274 167 69 weiß
1717 2275 179 70 nicht
1940 2276 139 79 wie,
2130 2304 146 41 man
2326 2274 166 71 weiß
2549 2275 175 70 nicht
2770 2274 236 81 wohin,
3069 2274 138 69 und
3255 2303 126 42 von
3430 2274 103 69 der

1302 2366 209 71 Sache
1547 2367 252 70 bleiben
1838 2395 124 42 nur
1995 2369 105 68 die
2137 2367 276 82 Namen,
2455 2369 104 70 die
2593 2367 220 72 Worte
2845 2369 120 70 wie
2998 2371 66 68 in
3100 2370 211 69 einem
3348 2366 137 71 Com-

1302 2461 381 84 munique.“

1399 2577 261 80 „Wahr,
1700 2608 126 39 was
1871 2606 66 41 er
1977 2583 212 78 sagt!“
2246 2578 201 70 meint
2488 2580 103 67 ein
2630 2578 295 80 anderer,
2968 2577 169 70 ohne
3185 2578 69 69 in
3303 2578 227 69 seinem

1300 2670 284 71 Erdloch
1618 2671 127 70 den
1782 2670 181 85 Kopf
1995 2702 80 39 zu
2109 2671 324 85 bewegen.
2490 2671 157 81 „Als
2682 2671 100 71 ich
2827 2674 89 68 im
2951 2671 249 71 Urlaub
3235 2700 148 51 war,
3420 2670 109 70 hab

1302 2765 104 70 ich
1434 2765 294 84 gesehen,
1756 2765 127 70 daß
1916 2765 103 70 ich
2059 2764 121 71 fast
2206 2765 150 71 alles
2385 2795 127 40 von
2542 2764 219 71 früher
2786 2794 336 56 vergessen
3149 2765 196 71 hatte.
3382 2764 146 68 Man

1302 2856 174 72 hatte
1510 2856 209 73 Briefe
1754 2888 123 41 von
1914 2862 142 77 mir,
2094 2859 103 70 die
2230 2856 123 72 hab
2391 2858 102 71 ich
2530 2859 250 83 gelesen
2831 2856 90 72 als
2956 2873 131 56 wär
3113 2888 66 40 es
3207 2858 102 71 ein
3342 2854 185 77 Buch,

1302 2952 111 70 das
1450 2952 99 70 ich
1585 2950 195 72 öffne.
1817 2952 158 71 Und
2008 2952 354 71 trotzdem:
2398 2952 100 71 ich
2536 2952 126 71 hab
2694 2953 166 70 auch
2895 2981 359 53 vergessen,
3283 2981 122 41 was
3439 2948 89 72 ich

1302 3044 89 70 im
1429 3044 202 85 Krieg
1665 3046 260 71 erlebte.
1962 3046 136 70 Wir
2130 3047 147 70 sind
2311 3046 407 81 Maschinen,
2753 3046 106 70 die
2893 3075 333 57 vergessen
3259 3057 266 57 müssen.

1300 3137 129 71 Die
1463 3137 357 73 Menschen
1872 3140 145 70 sind
2048 3140 253 78 Wesen,
2353 3140 104 70 die
2490 3138 167 73 wohl
2709 3141 313 82 einwenig
3069 3137 275 80 denken,
3393 3136 135 70 aber

1299 3260 117 41 vor
1450 3231 165 72 allen
1650 3232 261 85 Dingen
1945 3260 362 57 vergessen.
2342 3232 90 71 So
2466 3232 169 70 steht
2669 3263 64 40 es
2768 3234 120 69 mit
2921 3243 190 60 uns.“

1399 3348 275 81 „Weder
1708 3349 105 70 die
1846 3349 244 71 andern
2125 3349 156 83 also,
2320 3349 165 71 noch
2514 3350 117 70 wir
2663 3350 229 70 selbst!
2928 3349 105 73 All
3068 3350 208 70 dieses
3304 3342 224 77 Unheil

1300 3450 380 63 umsonst!“

1396 3551 125 71 Die
1570 3551 632 86 Aussichtslosigkeit
2252 3552 223 85 gesellt
2530 3552 136 73 sich
2716 3583 150 39 zum
2917 3552 371 72 Verderben
3339 3549 190 69 dieser

1300 3645 362 73 Kreaturen
1688 3648 118 70 wie
1831 3648 141 68 eine
1999 3677 184 51 neue,
2212 3646 167 72 noch
2418 3646 265 84 größere
2707 3645 434 86 Katastrophe
3177 3645 134 71 und
3344 3651 184 61 stürzt

1298 3740 93 69 sie
1416 3771 147 40 vom
1585 3739 185 83 Ufer,
1799 3742 112 69 das
1938 3742 94 69 sie
2059 3742 64 68 in
2151 3742 178 69 einer
2349 3739 267 72 Sintflut
2641 3739 262 83 fanden,
2926 3740 166 70 noch
3119 3738 183 71 tiefer
3327 3730 200 76 hinab.

1397 3848 167 80 „Ah,
1591 3878 187 41 wenn
1813 3880 149 39 man
1990 3850 104 71 die
2119 3850 413 84 Erinnerung
2558 3850 350 71 behielte!“
2948 3850 236 69 schreit
3210 3850 173 67 einer
3406 3836 119 76 auf.
