3409 4572
771 428 179 56 Franz
978 432 183 54 Xaver
1186 432 219 54 Schwab
1445 453 22 24 *
1507 435 171 67 Beruf
1702 435 117 52 und
1841 435 218 67 Jugend

2423 435 100 58 109

308 630 482 86 Widersprüche
815 632 314 70 zwischen
1149 632 517 86 Berufstätigkeit
1691 636 137 70 und
1846 635 501 69 unterdrückten
2375 665 109 55 pro-

310 727 290 73 duktiven
628 721 411 86 Fähigkeiten
1086 724 94 71 oft
1223 727 64 68 in
1322 726 421 72 unbewußter
1768 726 237 74 Scham
2032 727 487 85 verschwiegen,

307 825 52 83 ja
388 849 108 41 aus
531 817 147 70 dem
712 816 408 71 Bewußtsein
1150 820 337 84 verdrängt
1528 823 275 69 werden.

390 911 85 70 So
519 910 107 70 die
669 908 373 72 öffentliche
1080 909 258 81 Schule,
1387 914 104 70 die
1522 917 117 66 mit
1672 915 113 70 der
1820 913 503 72 erzieherischen
2359 914 121 70 Mit-

304 1005 279 82 wirkung
617 1003 113 68 der
762 1002 268 71 Familie
1063 1003 275 71 rechnen
1376 1036 80 38 zu
1492 1008 235 71 dürfen
1762 1008 244 85 glaubt.
2048 1007 153 71 Wer
2232 1007 151 72 aber
2409 1037 111 56 gar

306 1101 96 70 die
426 1094 246 73 Kinder
702 1093 97 72 bis
835 1126 80 38 zu
950 1096 202 69 ihrem
1199 1097 90 68 18.
1318 1096 391 87 Lebensjahr
1741 1131 70 40 so
1846 1118 113 67 gut
1983 1102 120 69 wie
2128 1130 159 56 ganz
2314 1103 66 68 in
2406 1102 114 70 der

306 1191 181 70 Hand
512 1219 78 39 zu
616 1187 208 71 haben
861 1188 305 85 verlangt,
1196 1218 150 52 wer,
1374 1195 118 67 wie
1517 1193 118 70 alle
1662 1192 351 83 Neuesten,
2048 1221 125 44 nur
2198 1196 86 69 im
2315 1193 169 73 Inter-

304 1301 98 54 nat
435 1281 102 71 für
567 1280 103 71 die
696 1280 519 87 Durchführung
1246 1285 111 68 des
1390 1285 498 72 erzieherischen
1915 1286 562 73 menschenbildne-

303 1376 235 71 rischen
572 1372 262 72 Willens
881 1375 243 85 bürgen
1171 1407 80 39 zu
1300 1378 252 71 können
1583 1378 262 82 erklärt,
1895 1381 113 69 der
2052 1394 165 71 trägt
2250 1381 165 70 auch
2451 1384 63 68 in

301 1470 104 69 der
437 1465 398 87 Berufsfrage
880 1469 105 69 die
1030 1499 197 54 ganze
1258 1468 558 89 Verantwortung.
1869 1470 159 73 Hier
2058 1472 151 71 aber
2253 1475 161 69 wird
2447 1477 67 68 in

302 1560 442 79 Wirklichkeit,
781 1560 110 72 das
927 1560 117 70 soll
1080 1562 229 70 einmal
1345 1593 158 54 ganz
1536 1564 177 71 offen
1748 1585 214 64 gesagt
1994 1567 275 79 werden,
2303 1568 211 70 weder

299 1685 73 38 an
401 1652 361 71 Unterricht
787 1653 166 70 noch
981 1684 79 39 an
1087 1653 364 87 Erziehung
1475 1661 423 80 gegenwärtig
1931 1658 224 83 irgend
2189 1676 189 52 etwas
2405 1690 72 52 ge-

301 1748 189 69 leistet
517 1747 151 69 oder
694 1747 165 70 auch
894 1774 122 43 nur
1049 1748 90 72 als
1166 1747 295 85 Aufgabe
1496 1750 282 80 erkannt,
1813 1780 127 41 was
1971 1751 136 70 sich
2132 1750 206 71 neben
2366 1752 146 71 dem

301 1839 392 83 ungeheuren
731 1839 200 71 Maße
965 1841 110 69 der
1110 1839 532 87 Verantwortung
1676 1842 234 71 könnte
1943 1842 193 70 sehen
2171 1842 226 71 lassen.

385 1941 78 60 Ls
499 1933 232 69 könnte
763 1935 140 67 eine
937 1963 163 41 neue
1135 1935 466 84 pädagogische
1634 1935 269 71 Provinz
1938 1936 269 84 gedacht
2234 1938 278 80 werden,

299 2024 331 71 wiederum
677 2027 63 68 in
788 2027 134 69 drei
959 2025 229 71 Stufen
1237 2029 322 83 emgeteilt
1592 2030 118 69 wie
1743 2030 141 83 jene
1919 2060 124 39 von
2079 2027 254 73 Goethe
2367 2030 108 70 dar-

299 2117 286 85 gestellte,
623 2118 164 71 doch
823 2122 116 67 mit
973 2121 299 69 anderem
1313 2119 235 73 Gehalt
1585 2121 233 71 belebt.

379 2211 122 70 Die
537 2211 310 71 Kindheit
885 2211 128 71 lebt
1049 2214 64 68 in
1149 2213 316 84 glücklich
1500 2213 424 71 unbewußter
1952 2213 277 80 Einheit,
2278 2213 231 73 Leibes

298 2303 122 69 und
453 2302 271 74 Geistes.
778 2305 108 71 Ihr
934 2333 113 43 vor
1080 2307 187 70 allem
1301 2307 273 84 gebührt
1609 2308 105 70 die
1750 2307 249 71 Freude
2030 2338 82 39 an
2150 2307 189 71 Kraft
2375 2308 134 72 und

296 2395 311 86 Dehnung
646 2396 150 71 aller
830 2395 289 82 Glieder,
1167 2429 80 39 an
1282 2400 403 85 Bändigung,
1733 2400 266 85 Übung,
2037 2399 327 86 Formung
2397 2401 110 70 des

297 2486 291 85 Körpers,
625 2490 102 70 die
763 2490 316 72 herzliche
1108 2490 251 72 Freude
1390 2523 80 39 an
1498 2494 198 70 Essen
1731 2495 138 69 und
1895 2493 313 71 Trinken.
2254 2493 109 71 Sie
2390 2494 115 70 soll

297 2578 430 87 Gegenstände
774 2584 249 71 formen
1070 2587 136 69 und
1256 2585 241 82 bauen,
1544 2587 193 71 Tiere
1782 2587 138 71 und
1964 2587 301 69 Pflanzen
2312 2587 192 71 sehen

294 2675 122 69 und
438 2674 268 85 pflegen,
735 2678 136 69 und
886 2678 179 81 wird,
1093 2678 243 71 wofern
1356 2681 103 69 die
1478 2681 213 83 Dinge
1712 2679 96 70 ihr
1827 2707 122 43 nur
1966 2683 241 80 gezeigt
2226 2681 277 78 werden,

293 2768 107 66 mit
425 2768 381 71 natürlicher
824 2769 162 72 Lust
1012 2772 136 69 und
1167 2771 349 71 Ehrfurcht
1533 2775 142 82 jene
1691 2771 403 84 Tätigkeiten
2116 2771 386 81 betrachten,

292 2857 190 72 durch
508 2861 100 70 die
635 2863 113 69 der
763 2862 273 73 Mensch
1063 2894 111 39 aus
1193 2863 192 80 Erde,
1413 2863 257 72 Pflanze
1695 2865 137 70 und
1851 2863 154 70 Tier
2032 2862 133 71 sich
2187 2863 316 86 Nahrung

294 2950 247 82 schafft,
589 2984 110 41 aus
735 2955 230 81 Lehm,
1006 2956 215 81 Stein,
1261 2957 164 69 Holz
1460 2959 137 67 und
1633 2956 223 70 Metall
1892 2955 135 71 sich
2063 2956 248 71 Häuser
2347 2956 156 71 baut

293 3043 123 69 und
451 3044 344 89 Werkzeug
829 3050 312 69 zurichtet
1176 3051 136 69 und
1346 3050 115 70 alle
1497 3049 314 70 Notdurft
1845 3051 202 69 seines
2076 3049 252 71 Lebens
2363 3051 137 70 sich

292 3162 101 43 aus
425 3138 121 71 den
580 3140 253 73 Stoffen
867 3143 206 71 dieser
1108 3142 169 71 Erde
1313 3142 286 71 bereitet.

377 3228 81 71 Ist
482 3262 69 40 so
576 3237 104 67 ein
706 3234 225 71 Boden
956 3236 385 83 geschaffen,
1367 3238 65 67 in
1459 3236 145 68 dem
1633 3236 109 68 das
1769 3237 321 81 primitive
2117 3233 240 74 Gefühl
2386 3237 114 71 der

292 3314 400 83 Göttlichkeit
725 3328 148 70 alles
893 3327 447 80 Natürlichen,
1367 3328 112 69 der
1497 3327 542 84 Erdgeborenheit
2066 3328 109 70 des
2203 3328 252 71 mensch-

293 3408 187 78 lichen
519 3416 451 76 Geschlechtes
1006 3422 208 70 sicher
1246 3422 137 69 und
1417 3420 443 70 unausrodbar
1893 3420 282 81 wurzelt,
2212 3451 70 40 so
2326 3421 168 71 kann

292 3501 91 72 die
426 3510 378 81 gefährliche
837 3514 537 85 Verantwortung
1418 3515 113 69 der
1566 3516 262 69 zweiten
1862 3514 137 70 und
2033 3515 240 70 dritten
2310 3514 187 72 Stufe

291 3604 444 72 übernommen
776 3606 277 79 werden,

373 3689 79 72 Es
491 3697 108 82 gilt
645 3700 310 70 zunächst
999 3700 107 69 die
1149 3698 250 86 Jugend
1449 3702 63 67 in
1562 3699 282 71 scharfer
1887 3699 265 71 Abkehr
2203 3730 127 42 von
2382 3702 115 71 der

294 3775 280 96 heutigen
625 3789 165 73 Welt
839 3824 81 38 zu
971 3792 292 71 erziehen
1315 3820 115 42 zur
1478 3791 349 72 Ehrfurcht
1874 3821 115 42 vor
2037 3794 123 69 den
2225 3793 269 72 ideellen

298 3867 253 96 Werten,
585 3887 136 69 und
755 3885 160 72 über
952 3886 106 70 die
1091 3885 348 72 Ehrfurcht
1474 3886 229 71 hinaus
1750 3916 78 41 zu
1867 3885 231 83 Liebe,
2147 3907 350 54 vertrauter
