3477 4462
1736 162 96 55 302

157 299 295 51 entschieden
472 298 370 59 durchblickend,
870 301 111 49 wird
1009 301 40 49 in
1072 301 180 52 Weber
1280 303 249 66 glänzende
1558 305 137 66 Eigen-

159 382 328 58 tümlichkeit,
522 383 217 49 wodurch
773 383 69 49 die
862 385 131 67 Oper
1023 385 41 49 in
1098 404 164 31 neuem
1291 388 159 49 Lichte
1482 390 242 49 erscheint.

161 467 185 50 Andere
378 466 305 67 verpflanzten
715 485 81 30 aus
843 467 86 51 den
960 470 159 67 Opern
1152 471 216 49 Mo/.arl's
1399 471 325 51 insbesondere

160 552 86 50 den
277 552 195 56 Humor,
508 551 82 48 wie
621 552 236 66 Lortzing,
889 555 167 49 Nicolai
1091 574 42 30 u.
1161 574 34 32 s.
1227 574 53 30 w.
1314 557 83 49 Die
1423 556 303 52 Weber'sche

157 633 242 53 Romantik
435 633 101 50 fand
571 635 170 49 wieder
773 637 41 49 in
843 639 152 67 Spohr
1028 639 89 49 und
1149 640 271 49 namentlich
1454 641 39 48 in
1522 642 174 49 Marsch-

159 735 81 33 ner
283 717 124 50 ihren
438 719 293 67 Nachklang;
777 722 113 50 auch
938 722 42 49 in
1027 722 324 51 Mendelssohn
1397 725 190 67 spiegelt
1633 726 93 51 sich

160 802 123 49 diese
315 801 311 59 Zauberwelt,
674 805 90 49 und
805 824 49 30 er
900 805 153 51 belebt
1084 807 61 49 sie
1178 807 116 50 noch
1327 810 79 48 mit
1440 810 287 57 neckischen,

161 885 278 68 capriciösen
473 886 251 51 Gestalten.

1646 962 11 14 \

287 988 85 49 Die
409 989 200 50 Sinfonie
641 990 159 49 wurde
842 990 101 49 dem
978 992 437 66 unvergleichlichen
1455 995 262 50 Beethoven

160 1070 217 51 ebenfalls
410 1088 86 34 von
528 1074 448 66 Kunstvorgängern
1011 1075 279 65 übergeben.
1351 1078 75 48 Sie
1460 1079 191 48 wurzelt
1684 1082 40 45 in

164 1157 82 50 der
274 1158 127 48 Suite
443 1176 84 30 von
557 1158 140 56 Bach,
749 1158 192 49 breitete
983 1159 91 48 sich
1117 1177 82 32 aus
1242 1160 142 50 durch
1429 1163 163 67 Haydn
1634 1164 92 49 und

162 1242 192 56 Mozart,
386 1239 138 50 bevor
555 1241 62 48 sie
647 1241 93 48 ihre
764 1241 409 50 Wunderblütben
1200 1262 53 31 zu
1276 1246 126 64 Tage
1430 1244 165 65 bringt.
1629 1247 65 49 Ob-

165 1324 142 66 gleich
340 1323 94 50 also
467 1324 69 49 die
564 1324 200 50 Sinfonie
792 1327 300 48 Beethoven's
1124 1327 85 49 den
1243 1329 222 50 höchsten
1492 1331 119 63 Flug
1644 1350 54 30 un-

164 1416 285 42 ternommen
496 1408 91 57 hat,
632 1409 87 49 den
753 1409 239 50 Aeslhetik
1039 1420 227 58 gestalten
1314 1413 132 59 kann,
1487 1432 51 32 so
1581 1416 143 49 lassen

164 1491 108 56 sich,
305 1491 83 48 wie
409 1500 175 57 gesagt,
616 1493 114 48 auch
760 1493 94 48 hier
885 1495 70 48 die
978 1496 86 48 Vot
1079 1496 148 48 stufen
1258 1497 301 51 nachweisen.
1596 1500 128 48 Auch

164 1576 122 49 diese
315 1576 315 49 musicalische
661 1577 139 50 Form
844 1578 75 49 hat
961 1580 114 49 noch
1120 1581 110 48 nach
1285 1582 121 48 ihrer
1436 1583 291 66 Vollendung

162 1676 120 32 neue
313 1658 331 51 künstlerische
678 1661 364 67 Bearbeitungen
1077 1663 222 51 erfahren.
1333 1666 71 48 An
1439 1666 101 49 dem
1563 1667 133 48 Strah-

164 1742 279 51 lenvorbilde
463 1745 261 49 Beethoven
758 1749 305 46 entzündeten
1096 1749 89 48 sich
1220 1749 70 48 die
1322 1750 203 65 genialen
1549 1752 177 50 Werke

165 1826 268 51 Schubert's
476 1827 89 49 und
598 1829 325 58 Schumann's;
970 1848 47 31 es
1060 1830 153 51 liefern
1258 1832 167 68 Spohr,
1472 1834 250 49 Kalliwoda

166 1911 92 50 und
305 1911 323 50 Mendelssohn
675 1912 299 51 interessante
1012 1915 278 67 Nachträge.
1346 1917 110 49 Hier
1501 1920 226 48 erscheint

165 1995 70 49 die
264 1995 201 49 Sinfonie
503 1995 175 51 minder
720 1996 122 50 kühn
886 1997 90 50 und
1018 1999 121 49 reich
1182 2000 62 49 als
1288 2000 39 48 in
1361 2000 80 49 der
1472 2006 224 64 ursprüng-

162 2077 145 51 lichen
339 2079 146 57 Kraft,
532 2077 112 54 aber
686 2080 63 50 sie
790 2081 170 68 spricht
1002 2081 115 51 doch
1161 2083 330 53 künstlerische
1519 2088 207 66 Haltung

162 2179 94 32 aus.
316 2163 282 49 Namentlich
642 2164 110 49 lässt
792 2165 262 51 Schumann
1114 2166 69 66 (so
1230 2168 82 48 viel
1355 2168 265 50 Unklarheit
1666 2170 57 50 im

162 2245 231 67 Uebrigen
437 2246 171 51 seinem
656 2248 82 49 Stil
796 2249 210 49 anhaften
1053 2251 123 66 mag)
1222 2251 68 50 die
1332 2253 202 50 Sinfonie
1580 2255 143 48 ihrem

165 2329 250 49 Charakter
443 2330 112 50 nach
581 2330 106 50 sehr
705 2331 196 50 deutlich
931 2333 332 59 hervortreten,
1295 2335 150 51 indem
1478 2354 50 32 er
1558 2339 168 65 gerade

166 2414 93 50 hier
275 2415 339 49 Besonnenheil
646 2417 90 49 und
759 2417 201 49 Umsicht
993 2418 70 48 für
1096 2419 294 51 thematische
1418 2420 309 56 Bearbeitung

1702 2472 25 16 o

167 2499 89 48 und
289 2498 303 51 Schnellkraft
625 2500 78 49 des
734 2502 270 49 Ausdrucks
1037 2504 132 65 zeigt.

292 2601 81 47 Die
406 2601 278 58 Ouvertüre,
740 2603 170 48 welche
954 2604 55 49 im
1045 2604 189 50 Grunde
1276 2606 97 49 eine
1420 2607 307 50 musicalische

169 2683 207 48 Vorrede
418 2683 55 50 ist
515 2686 89 48 und
651 2684 64 51 als
759 2686 177 49 solche'
956 2686 166 51 bereits
1172 2697 133 41 unter
1343 2690 82 48 der
1465 2692 132 47 Hand
1647 2692 80 48 der

162 2770 214 63 grössten
402 2767 187 50 Meister
607 2770 353 66 Haupt-Efl'ecte
987 2772 374 50 zusammenfasst
1387 2773 89 50 und
1507 2775 40 48 in
1573 2775 153 49 Kürze

164 2850 129 50 einen
327 2869 192 49 grossen
552 2853 146 49 Inhalt
734 2852 244 69 bespricht,
1021 2856 157 48 wurde
1225 2862 154 63 später
1421 2858 90 50 und
1561 2858 135 50 beson-

164 2932 104 51 ders
301 2935 40 48 in
376 2933 80 51 der
479 2936 190 48 Neuzeit
701 2935 399 59 beschreibendes,
1121 2938 376 69 selbstsländiges
1516 2942 208 50 Tonbild.

161 3019 140 49 Wem
350 3019 190 49 würden
588 3039 37 32 z.
659 3021 48 50 B.
754 3021 69 48 die
866 3022 295 50 Ouvertüren
1199 3024 214 50 Weber's
1460 3027 90 47 und
1596 3027 96 49 Men-

160 3101 249 51 delssohn's
444 3104 122 48 nicht
598 3105 232 48 förmliche
862 3105 221 49 Gemälde
1114 3124 81 32 vor
1227 3107 68 49 die
1323 3109 132 48 Seele
1487 3109 196 50 führen?

283 3206 91 49 Das
397 3206 381 49 Virtuosenlhum
814 3208 75 48 hat
917 3208 80 48 der
1023 3209 157 65 Drang
1213 3210 110 50 nach
1351 3212 196 49 Neuheit
1580 3213 142 49 durch

159 3288 256 51 mehrfache
448 3290 333 50 Kunstformen
815 3289 269 60 bereichert,
1125 3294 70 50 die
1227 3294 141 50 schon
1399 3297 320 49 vorhandenen

161 3373 76 48 mil
273 3373 269 66 vielseitiger
570 3374 284 66 Auffassung
879 3374 163 56 erfüllt,
1077 3377 118 49 ohne
1227 3396 120 30 zwar
1379 3379 113 50 auch
1528 3380 94 49 hier
1653 3382 69 48 die

160 3457 371 66 Vorzüglichkeit
566 3458 80 49 des
680 3457 169 50 bereits
884 3459 278 50 Geleisteten
1196 3480 52 30 zu
1282 3462 294 51 übertreffen.

287 3567 137 66 Möge
470 3567 120 50 diese
622 3568 141 49 kurze
794 3567 337 69 Beobachtung
1176 3579 226 58 genügen,
1449 3591 73 31 um
1558 3593 51 30 zu
1646 3576 51 48 be-

161 3648 183 59 weisen,
395 3650 82 48 wie
519 3650 79 50 das
630 3652 128 48 Neue
804 3661 134 39 unter
980 3652 103 50 dem
1117 3654 224 49 Einflüsse
1373 3656 81 48 der
1484 3659 237 49 Aeslhetik

160 3732 71 50 die
261 3732 152 50 Kunst
442 3734 113 49 nach
581 3735 146 49 Inhalt
758 3736 89 48 und
870 3737 138 50 Form
1045 3737 315 50 fortleben
1392 3739 164 58 lassen,
1590 3760 129 32 wenn

160 3815 117 51 auch
308 3816 121 48 nicht
471 3816 169 51 wieder
670 3836 52 31 zu
757 3819 122 49 ihrer
910 3821 136 48 Höhe
1093 3821 446 52 zurückführen
1589 3825 129 51 kann.

156 3900 349 56 Kunstformen,
548 3901 229 50 einstmals
820 3905 79 47 mit
941 3905 101 49 dem
1087 3905 143 49 vollen
1266 3906 157 50 Lichte
1455 3908 264 52 classischer

155 3982 274 69 Schöpfung
460 3982 373 61 durchschienen,
880 3988 152 66 zeigen
1082 3989 91 49 sich
1218 3990 89 50 fort
1350 3990 90 50 und
1474 3991 88 49 fort
1597 4012 121 31 zwar

153 4068 125 50 nicht
312 4068 131 48 mehr
475 4066 57 49 im
566 4068 211 49 früheren
810 4069 183 58 Glänze,
1037 4071 111 50 aber
1194 4073 114 52 doch
1355 4074 57 49 im
1459 4075 257 51 Schimmer

153 4168 146 35 neuer
316 4150 274 68 Erfindung.
626 4150 201 52 Obwohl
860 4153 77 50 das
962 4154 444 54 Aesthetisch-Neue
1439 4158 151 50 bisher
1623 4178 60 33 we-

1821 305 77 66 nig
1940 305 290 50 bedeutende
2263 307 452 67 Darsleilungsarten
2762 310 189 58 lieferte,
2998 330 52 32 so
3082 313 76 50 hat
3190 332 47 33 es
3269 317 115 52 doch

1821 390 145 49 nichts
2000 390 427 52 Unkünstlerisches
2469 393 370 66 hervorgerufen.

1950 473 82 49 Die
2064 473 381 68 tonangebenden
2471 477 222 69 Schöpfer
2728 477 80 51 der
2839 480 241 65 eigentlich
3113 499 148 34 neuen
3283 485 68 49 Mu-

1822 560 81 56 sik,
1940 559 209 66 Wagner
2183 560 90 49 und
2307 561 192 57 Derlio/,
2546 561 239 69 begannen
2834 565 97 49 ihre
2965 566 239 51 Laufbahn
3247 569 110 50 eben-

1825 642 94 50 falls
1952 641 152 57 damit,
2150 642 42 50 in
2240 644 324 52 vorhandenen
2597 649 331 49 Kunstformen
2963 650 91 49 sich
3088 668 87 31 neu
3220 669 137 33 auszu-

1823 726 247 66 sprechen;
2104 729 211 64 Wagner
2333 733 339 60 vorzugsweise
2695 734 80 48 auf
2795 734 100 48 dem
2918 734 192 51 Gebiete
3138 735 80 50 der
3238 736 144 69 Oper,

1821 810 176 51 Berlioz
2033 813 55 47 im
2127 813 238 50 Elemente
2396 815 76 50 des
2505 816 307 56 Oratoriums,
2846 819 80 48 der
2958 820 213 57 Sinfonie,
3204 821 150 50 Ouver-

1823 903 103 40 türe
1958 913 42 33 u.
2034 913 33 32 s.
2102 914 54 31 \v.
2188 896 169 50 Beiden
2390 899 55 48 ist
2476 899 109 49 aber
2617 899 69 51 bei
2721 901 140 50 ihrem
2894 903 196 49 Streben
3123 904 110 48 nach
3260 904 92 51 Neu-

1823 979 92 49 heit
1945 978 78 49 das
2055 980 242 67 Hauptziel
2333 981 78 49 der
2446 984 148 48 Kunst
2629 985 125 47 mehr
2789 987 91 49 und
2916 988 127 48 mehr
3074 988 226 51 entrückt.
3331 990 51 50 In

1822 1063 127 48 ihren
1985 1064 206 50 Werken
2239 1075 123 54 wogt
2410 1067 116 48 denn
2573 1069 115 48 auch
2734 1070 80 47 der
2846 1073 159 65 Drang
3050 1073 110 48 nach
3187 1073 197 49 Neuheit

1825 1147 99 49 bald
1961 1148 85 49 wie
2077 1149 97 48 eine
2207 1149 192 56 Gewalt,
2442 1152 173 49 welche
2648 1153 68 49 die
2752 1155 133 49 Form
2919 1155 227 51 zerbricht
3177 1158 93 49 und
3300 1176 83 31 aus

1823 1230 86 49 den
1930 1232 264 49 Schranken
2220 1234 92 47 tritt
2331 1253 11 38 ;
2376 1234 77 50 der
2472 1235 246 50 Ausdruck
2752 1239 110 47 wird
2895 1257 92 32 nun
3016 1258 50 31 so
3099 1241 284 68 übermässig

1825 1315 87 47 und
1947 1314 216 62 zügellos,
2196 1315 101 51 dass
2330 1336 48 30 er
2411 1319 154 50 keiner
2585 1322 270 49 Kunstform
2881 1324 129 49 mehr
3038 1326 179 48 ähnlich
3251 1326 130 50 sieht.

1950 1399 89 49 Wa
2047 1416 127 47 gner,
2208 1401 80 48 der
2311 1403 238 65 eigentlich
2573 1423 79 30 zur
2671 1406 128 66 Oper
2819 1406 186 50 berufen
3038 1408 55 50 ist
3127 1409 90 50 und
3237 1411 142 49 durch

1823 1482 401 66 Erfindungskraft
2255 1486 69 48 die
2357 1496 218 40 neuesten
2601 1491 336 64 Operndichter
2956 1492 259 51 bedeutend
3246 1495 108 49 über-

1822 1575 116 57 ragt,
1970 1567 96 65 gibt
2098 1585 81 31 uns
2213 1568 69 48 die
2305 1571 326 62 glänzendsten
2659 1575 203 48 Beweise
2886 1575 147 49 seiner
3052 1577 330 51 Meisterschaft

1822 1649 90 50 und
1947 1651 165 66 Irrung
2146 1652 217 66 zugleich.
2424 1656 135 48 Seine
2592 1656 372 68 Compositionen
3012 1660 97 48 sind
3148 1679 53 30 an
3234 1662 144 51 vielen

1822 1735 170 48 Stellen
2025 1751 146 48 gross,
2216 1746 115 48 treu,
2371 1737 225 67 lebendig,
2639 1741 251 66 ergreifend
2925 1742 166 59 schön;
3137 1761 47 32 es
3228 1752 150 43 treten

1822 1818 268 66 Symptome
2135 1836 83 32 von
2267 1821 139 48 Genie
2453 1821 178 60 hervor,
2690 1823 78 49 das
2829 1823 253 69 unbedingt
3139 1845 54 31 zu
3256 1829 125 49 einer

1831 1901 315 66 „glücklichen
2455 1906 157 50 führen
2646 1909 173 55 würde,
2869 1926 131 32 wenn
3048 1928 48 31 es
3140 1912 124 49 nicht
3309 1912 70 50 die

1821 1986 127 48 Bahn
1981 1986 80 48 der
2091 1987 238 50 Aeslhetik
2363 1990 315 51 verschmähte
2724 1994 90 47 und
2861 1994 113 48 auch
3026 1995 123 49 seine
3179 1996 202 51 Willkür

1822 2069 92 48 und
1947 2070 166 48 Fehler
2145 2072 77 49 mit
2254 2071 100 50 dem
2387 2074 173 49 Namen
2592 2075 195 49 Kunst
2817 2094 52 30 zu
2903 2077 224 58 stempeln
3161 2079 90 49 sich
3285 2080 93 50 und

1822 2152 184 50 Andere
2053 2154 305 52 verblendete.
2423 2159 173 48 Hieher
2639 2160 165 63 gehört
2847 2178 34 30 z.
2914 2161 49 50 B.
2996 2160 77 51 das
3107 2180 53 31 zu
3194 2163 184 67 häufige

1825 2236 329 52 Wiederholen
2185 2240 124 48 eines
2340 2241 182 57 Motivs,
2568 2244 218 48 wodurch
2833 2244 69 48 die
2933 2246 149 49 Musik
3116 2246 131 59 breit,
3280 2265 65 33 mo-

1822 2328 140 42 noton
1992 2321 112 50 wird
2138 2324 89 48 und
2262 2325 68 48 die
2354 2325 416 51 Aufmerksamkeit
2803 2328 80 48 der
2908 2330 152 48 Hörer
3090 2330 167 60 lähmt;
3290 2331 66 50 fer-

1821 2422 80 31 ner
1947 2406 78 47 das
2071 2406 436 69 Ineinandergehen,
2554 2413 388 49 Verschwimmen
2989 2432 85 30 von
3118 2414 123 51 Chor
3284 2417 94 49 und

1825 2489 120 56 Arie,
1978 2489 220 51 wodurch
2231 2491 102 49 dem
2365 2493 228 52 Gemüthe
2624 2495 97 49 kein
2754 2495 195 66 einziger
2980 2498 282 67 Ruhepunkt
3293 2517 51 47 ge-

1823 2577 145 61 gönnt
2006 2574 138 58 wird;
2189 2577 174 48 endlich
2410 2578 79 49 das
2523 2578 583 53 Uebereinanderthürmen
3140 2601 86 31 von
3257 2584 118 50 Har-

2086 2639 4 11 I

1822 2657 222 54 monieen,
2076 2659 69 47 die
2171 2659 249 51 manchmal
2453 2681 51 30 so
2536 2663 340 51 unvorbereitet
2902 2665 90 49 und
3026 2665 234 68 unlogisch
3293 2667 61 49 fol-

1822 2757 102 48 gen,
1967 2740 84 50 wie
2091 2742 178 66 Klänge
2311 2744 123 48 einer
2465 2745 286 55 Windharfe,
2784 2766 42 30 u.
2860 2749 54 49 A.
2950 2767 56 31 m.
3039 2749 223 59 Kurzum,
3294 2749 83 50 wir

1823 2824 229 48 erkennen
2086 2824 40 48 in
2161 2827 207 65 Wagner
2401 2828 98 48 eine
2532 2831 243 64 gewaltige
2792 2831 360 67 Schöpferkraft,
3184 2833 86 59 die,
3302 2851 73 33 wo

1822 2907 61 48 sie
1909 2908 78 48 mit
2008 2909 246 50 Schönheit
2279 2911 263 50 verbunden
2565 2914 70 58 isl,
2663 2932 80 31 zur
2770 2916 357 67 Bewunderung
3152 2916 225 61 hinreisst,

1822 2991 201 64 zugleich
2056 2992 110 48 aber
2197 2994 39 49 in
2265 2994 120 49 ihrer
2405 2996 253 66 Verirrung
2690 2998 132 65 zeigt,
2853 3016 113 32 was
3000 3001 81 48 wir
3105 3017 53 32 an
3185 3001 69 48 ihr
3275 3019 75 33 ver-

1823 3074 152 50 lieren.
1989 3105 62 5 —
2075 3077 132 48 Auch
2240 3077 193 58 Berlioz,
2465 3079 70 50 ein
2569 3081 258 65 geistvoller
2860 3082 280 67 Componist,
3173 3085 199 50 welcher

1822 3175 50 31 so
1905 3158 249 50 wahrhafte
2170 3161 353 52 Kunst-EfTecte
2550 3184 52 29 zu
2630 3165 232 49 erreichen
2889 3166 146 56 weiss,
3068 3168 147 66 opfert
3246 3168 129 51 einen

1821 3259 193 48 grossen
2046 3243 125 49 Theil
2215 3246 147 49 seines
2411 3247 338 50 musicalischen
2786 3251 220 48 Werthes
3039 3251 101 49 dem
3173 3253 172 50 Götzen-

1821 3325 119 49 bilde
1986 3327 24 47 d
2018 3344 47 30 er
2108 3327 210 51 Neuheit.
2381 3330 222 49 Desshalb
2635 3332 227 50 erscheint
2904 3351 49 31 er
2984 3336 64 47 oft
3078 3336 181 56 outrirt,
3290 3354 56 32 un-

1820 3411 156 48 schön.
2010 3411 83 48 Die
2126 3412 302 66 Schilderung
2458 3413 78 50 des
2566 3416 281 56 Nationalen,
2894 3420 140 48 worin
3063 3436 48 31 er
3146 3420 91 49 sich
3269 3421 106 50 sehr

1820 3493 169 65 gefällt,
2034 3495 55 48 ist
2126 3493 250 53 besonders
2419 3497 295 60 interessant;
2756 3501 113 50 doch
2918 3502 116 49 kann
3081 3504 167 64 gerade
3294 3504 79 49 das

1820 3576 133 48 leicht
1986 3596 51 30 zu
2071 3579 125 48 einer
2224 3580 162 66 Klippe
2411 3581 173 59 lühren,
2617 3601 73 32 wo
2723 3585 78 48 das
2828 3585 434 51 Charakteristische
3293 3587 79 50 das

1820 3661 180 47 Schöne
2053 3662 313 50 unterdrückt.
2429 3666 155 50 Wenn
2634 3667 84 47 alle
2763 3667 258 50 nationalen
3068 3670 178 66 Klänge
3292 3687 81 33 zur

1818 3745 153 48 Kunst
2001 3744 244 67 privilegirt
2277 3749 201 57 würden,
2526 3749 122 51 bloss
2685 3751 97 47 weil
2826 3751 63 50 sie
2932 3754 195 48 national
3161 3753 115 57 sind,
3320 3769 50 33 so

1817 3827 203 50 könnten
2052 3829 114 49 auch
2198 3831 132 49 wilde
2362 3834 173 48 Völker
2568 3835 77 48 mit
2679 3835 121 48 ihrer
2829 3836 296 49 Naturmusik
3158 3836 214 66 Beiträge

1815 3910 167 52 liefern.
2046 3913 156 64 Einige
2236 3915 177 51 Werke
2443 3933 87 32 von
2564 3916 175 51 Berlioz
2773 3927 159 57 tragen
2965 3919 122 49 nicht
3118 3918 122 50 bloss
3271 3919 101 49 eine

1815 4012 52 30 zu
1901 3995 174 50 scharfe
2107 3996 371 59 Charakteristik,
2525 4000 196 50 sondern
2766 4003 145 63 gehen
2945 4003 39 48 in
3019 4003 77 48 das
3129 4003 243 65 Zügellose

1812 4078 126 50 über.
2000 4080 38 48 D
2046 4080 37 50 ie
2128 4083 296 49 Ouvertüren
2900 4085 117 51 Carnaval
3018 4085 95 50 und
3114 4103 30 32 zu

1815 4162 170 52 welche
2008 4163 57 51 im
2093 4164 340 51 Verzeichnisse
2464 4167 80 49 der
2617 4168 761 58 „werthvollen
2936 4168 324 69 Schöpfungen
3299 4170 71 51 für
