<?xml version="1.0" encoding="UTF-8"?>
<alto xmlns:xsi="http://www.w3.org/2001/XMLSchema-instance" xmlns="http://www.loc.gov/standards/alto/ns-v2#" xsi:schemaLocation="http://www.loc.gov/standards/alto/ns-v2# http://www.loc.gov/standards/alto/alto-v2.0.xsd" xmlns:xlink="http://www.w3.org/1999/xlink">
	<Description>
		<MeasurementUnit>mm10</MeasurementUnit>
		<sourceImageInformation>
			<fileName>//fileserver7/IN2/Princeton/Batch5/bmtnabi/1863/08/01_01/00000259.tif</fileName>
		</sourceImageInformation>
		<OCRProcessing ID="OCRPROCESSING_1">
			<preProcessingStep>
				<processingSoftware>
					<softwareCreator>CCS Content Conversion Specialists GmbH, Germany</softwareCreator>
					<softwareName>CCS docWORKS</softwareName>
					<softwareVersion>6.6-1.18</softwareVersion>
				</processingSoftware>
			</preProcessingStep>
			<ocrProcessingStep>
				<processingSoftware>
					<softwareCreator>ABBYY (BIT Software), Russia</softwareCreator>
					<softwareName>FineReader</softwareName>
					<softwareVersion>10.0</softwareVersion>
				</processingSoftware>
			</ocrProcessingStep>
		</OCRProcessing>
	</Description>
	<Styles>
		<TextStyle ID="TXT_0" FONTSIZE="16" FONTFAMILY="Arial"/>
		<TextStyle ID="TXT_1" FONTSIZE="17" FONTFAMILY="Arial" FONTSTYLE="italics"/>
		<TextStyle ID="TXT_2" FONTSIZE="13" FONTFAMILY="Arial" FONTSTYLE="bold"/>
		<TextStyle ID="TXT_3" FONTSIZE="16" FONTFAMILY="Arial" FONTSTYLE="italics"/>
		<TextStyle ID="TXT_4" FONTSIZE="22" FONTFAMILY="Times New Roman"/>
		<ParagraphStyle ID="PAR_LEFT" ALIGN="Left"/>
		<ParagraphStyle ID="PAR_BLOCK" ALIGN="Block"/>
		<ParagraphStyle ID="PAR_RIGHT" ALIGN="Right"/>
	</Styles>
	<Layout>
		<Page ID="P3" PHYSICAL_IMG_NR="3" HEIGHT="4376" WIDTH="3459" PRINTED_IMG_NR="243" PC="0.937">
			<TopMargin ID="P3_TM00001" HPOS="0" VPOS="0" WIDTH="3459" HEIGHT="172">
				<TextBlock ID="P3_TB00001" HPOS="1623" VPOS="118" WIDTH="107" HEIGHT="52" STYLEREFS="TXT_0 PAR_LEFT">
					<TextLine ID="P3_TL00001" HPOS="1623" VPOS="119" WIDTH="107" HEIGHT="51">
						<String ID="P3_ST00001" HPOS="1623" VPOS="119" WIDTH="107" HEIGHT="51" CONTENT="243" WC="0.41" CC="727"/>
					</TextLine>
				</TextBlock>
			</TopMargin>
			<LeftMargin ID="P3_LM00001" HPOS="0" VPOS="172" WIDTH="93" HEIGHT="4031"/>
			<RightMargin ID="P3_RM00001" HPOS="3251" VPOS="172" WIDTH="208" HEIGHT="4031"/>
			<BottomMargin ID="P3_BM00001" HPOS="0" VPOS="4203" WIDTH="3459" HEIGHT="173"/>
			<PrintSpace ID="P3_PS00001" HPOS="93" VPOS="172" WIDTH="3159" HEIGHT="4032">
				<TextBlock ID="P3_TB00002" HPOS="93" VPOS="255" WIDTH="1551" HEIGHT="3882" STYLEREFS="TXT_0 PAR_LEFT">
					<TextLine ID="P3_TL00002" HPOS="100" VPOS="260" WIDTH="1539" HEIGHT="65">
						<String ID="P3_ST00002" HPOS="100" VPOS="260" WIDTH="78" HEIGHT="48" CONTENT="des" WC="0.95" CC="804"/>
						<SP ID="P3_SP00001" HPOS="178" VPOS="308" WIDTH="28"/>
						<String ID="P3_ST00003" HPOS="206" VPOS="260" WIDTH="191" HEIGHT="47" CONTENT="Prinzen" WC="0.98" CC="4404503"/>
						<SP ID="P3_SP00002" HPOS="397" VPOS="308" WIDTH="45"/>
						<String ID="P3_ST00004" HPOS="442" VPOS="276" WIDTH="83" HEIGHT="32" CONTENT="von" WC="1.00" CC="000"/>
						<SP ID="P3_SP00003" HPOS="525" VPOS="308" WIDTH="34"/>
						<String ID="P3_ST00005" HPOS="559" VPOS="260" WIDTH="176" HEIGHT="57" CONTENT="Conde," WC="0.50" CC="556074"/>
						<SP ID="P3_SP00004" HPOS="735" VPOS="317" WIDTH="47"/>
						<String ID="P3_ST00006" HPOS="782" VPOS="261" WIDTH="90" HEIGHT="47" CONTENT="und" WC="0.98" CC="500"/>
						<SP ID="P3_SP00005" HPOS="872" VPOS="317" WIDTH="45"/>
						<String ID="P3_ST00007" HPOS="917" VPOS="261" WIDTH="64" HEIGHT="49" CONTENT="als" WC="0.97" CC="025"/>
						<SP ID="P3_SP00006" HPOS="981" VPOS="317" WIDTH="51"/>
						<String ID="P3_ST00008" HPOS="1032" VPOS="261" WIDTH="136" HEIGHT="49" CONTENT="1771" WC="0.73" CC="3700"/>
						<SP ID="P3_SP00007" HPOS="1168" VPOS="317" WIDTH="53"/>
						<String ID="P3_ST00009" HPOS="1221" VPOS="260" WIDTH="71" HEIGHT="50" CONTENT="die" WC="0.95" CC="706"/>
						<SP ID="P3_SP00008" HPOS="1292" VPOS="317" WIDTH="29"/>
						<String ID="P3_ST00010" HPOS="1321" VPOS="260" WIDTH="318" HEIGHT="65" CONTENT="Vermählung" WC="0.99" CC="3000055560"/>
					</TextLine>
					<TextLine ID="P3_TL00003" HPOS="100" VPOS="337" WIDTH="1536" HEIGHT="65">
						<String ID="P3_ST00011" HPOS="100" VPOS="337" WIDTH="78" HEIGHT="49" CONTENT="des" WC="1.00" CC="000"/>
						<SP ID="P3_SP00009" HPOS="178" VPOS="386" WIDTH="24"/>
						<String ID="P3_ST00012" HPOS="202" VPOS="337" WIDTH="177" HEIGHT="65" CONTENT="jungen" WC="0.99" CC="036013"/>
						<SP ID="P3_SP00010" HPOS="379" VPOS="402" WIDTH="30"/>
						<String ID="P3_ST00013" HPOS="409" VPOS="337" WIDTH="207" HEIGHT="65" CONTENT="Herzogs" WC="0.98" CC="4068700"/>
						<SP ID="P3_SP00011" HPOS="616" VPOS="402" WIDTH="31"/>
						<String ID="P3_ST00014" HPOS="647" VPOS="354" WIDTH="84" HEIGHT="32" CONTENT="von" WC="0.96" CC="046"/>
						<SP ID="P3_SP00012" HPOS="731" VPOS="402" WIDTH="31"/>
						<String ID="P3_ST00015" HPOS="762" VPOS="337" WIDTH="221" HEIGHT="49" CONTENT="Bourbon" WC="0.51" CC="6670354"/>
						<SP ID="P3_SP00013" HPOS="983" VPOS="402" WIDTH="31"/>
						<String ID="P3_ST00016" HPOS="1014" VPOS="339" WIDTH="190" HEIGHT="63" CONTENT="gefeiert" WC="0.99" CC="00600056"/>
						<SP ID="P3_SP00014" HPOS="1204" VPOS="402" WIDTH="30"/>
						<String ID="P3_ST00017" HPOS="1234" VPOS="339" WIDTH="176" HEIGHT="53" CONTENT="wurde," WC="1.00" CC="040000"/>
						<SP ID="P3_SP00015" HPOS="1410" VPOS="402" WIDTH="43"/>
						<String ID="P3_ST00018" HPOS="1453" VPOS="354" WIDTH="153" HEIGHT="48" CONTENT="compo" SUBS_TYPE="HypPart1" SUBS_CONTENT="comporiirte" WC="0.87" CC="01500"/>
						<HYP HPOS="1606" VPOS="354" WIDTH="30" CONTENT="-"/>
					</TextLine>
					<TextLine ID="P3_TL00004" HPOS="98" VPOS="414" WIDTH="859" HEIGHT="64">
						<String ID="P3_ST00019" HPOS="98" VPOS="415" WIDTH="118" HEIGHT="47" CONTENT="riirte" SUBS_TYPE="HypPart2" SUBS_CONTENT="comporiirte" WC="0.77" CC="440050"/>
						<SP ID="P3_SP00016" HPOS="216" VPOS="462" WIDTH="30"/>
						<String ID="P3_ST00020" HPOS="246" VPOS="430" WIDTH="49" HEIGHT="32" CONTENT="er" WC="0.78" CC="04"/>
						<SP ID="P3_SP00017" HPOS="295" VPOS="462" WIDTH="29"/>
						<String ID="P3_ST00021" HPOS="324" VPOS="414" WIDTH="99" HEIGHT="47" CONTENT="eine" WC="1.00" CC="0010"/>
						<SP ID="P3_SP00018" HPOS="423" VPOS="462" WIDTH="31"/>
						<String ID="P3_ST00022" HPOS="454" VPOS="415" WIDTH="503" HEIGHT="63" CONTENT="Gelegenheits-Oper:" WC="1.00" CC="000300672030440040"/>
					</TextLine>
					<TextLine ID="P3_TL00005" HPOS="112" VPOS="490" WIDTH="1529" HEIGHT="66">
						<String ID="P3_ST00023" HPOS="112" VPOS="497" WIDTH="141" HEIGHT="50" CONTENT='ans",' WC="0.98" CC="60061" STYLEREFS="TXT_1"/>
						<SP ID="P3_SP00019" HPOS="253" VPOS="547" WIDTH="32"/>
						<String ID="P3_ST00024" HPOS="285" VPOS="490" WIDTH="140" HEIGHT="48" CONTENT="deren" WC="0.98" CC="40503"/>
						<SP ID="P3_SP00020" HPOS="425" VPOS="547" WIDTH="44"/>
						<String ID="P3_ST00025" HPOS="469" VPOS="491" WIDTH="306" HEIGHT="65" CONTENT="Aufführung" WC="0.99" CC="0577001069"/>
						<SP ID="P3_SP00021" HPOS="775" VPOS="556" WIDTH="43"/>
						<String ID="P3_ST00026" HPOS="818" VPOS="492" WIDTH="188" HEIGHT="47" CONTENT="wahren" WC="0.99" CC="050006"/>
						<SP ID="P3_SP00022" HPOS="1006" VPOS="556" WIDTH="49"/>
						<String ID="P3_ST00027" HPOS="1055" VPOS="492" WIDTH="349" HEIGHT="47" CONTENT="Enthusiasmus" WC="1.00" CC="000036051003"/>
						<SP ID="P3_SP00023" HPOS="1404" VPOS="556" WIDTH="43"/>
						<String ID="P3_ST00028" HPOS="1447" VPOS="500" WIDTH="194" HEIGHT="56" CONTENT="erregte." WC="1.00" CC="00320300"/>
					</TextLine>
					<TextLine ID="P3_TL00006" HPOS="103" VPOS="569" WIDTH="1540" HEIGHT="66">
						<String ID="P3_ST00029" HPOS="103" VPOS="569" WIDTH="176" HEIGHT="48" CONTENT="Grimm" WC="0.99" CC="05003"/>
						<SP ID="P3_SP00024" HPOS="279" VPOS="617" WIDTH="44"/>
						<String ID="P3_ST00030" HPOS="323" VPOS="577" WIDTH="128" HEIGHT="56" CONTENT="sagte" WC="0.98" CC="36060"/>
						<SP ID="P3_SP00025" HPOS="451" VPOS="633" WIDTH="43"/>
						<String ID="P3_ST00031" HPOS="494" VPOS="569" WIDTH="174" HEIGHT="48" CONTENT="damals" WC="0.99" CC="050720"/>
						<SP ID="P3_SP00026" HPOS="668" VPOS="633" WIDTH="41"/>
						<String ID="P3_ST00032" HPOS="709" VPOS="570" WIDTH="43" HEIGHT="47" CONTENT="in" WC="0.91" CC="01"/>
						<SP ID="P3_SP00027" HPOS="752" VPOS="633" WIDTH="43"/>
						<String ID="P3_ST00033" HPOS="795" VPOS="570" WIDTH="149" HEIGHT="47" CONTENT="seiner" WC="0.99" CC="000600"/>
						<SP ID="P3_SP00028" HPOS="944" VPOS="633" WIDTH="48"/>
						<String ID="P3_ST00034" HPOS="992" VPOS="570" WIDTH="432" HEIGHT="65" CONTENT="Correspondance:" WC="0.79" CC="530006020067000"/>
						<SP ID="P3_SP00029" HPOS="1424" VPOS="635" WIDTH="53"/>
						<String ID="P3_ST00035" HPOS="1477" VPOS="570" WIDTH="166" HEIGHT="56" CONTENT="„Diese" WC="0.99" CC="420040"/>
					</TextLine>
					<TextLine ID="P3_TL00007" HPOS="100" VPOS="645" WIDTH="1543" HEIGHT="66">
						<String ID="P3_ST00036" HPOS="100" VPOS="645" WIDTH="149" HEIGHT="48" CONTENT="Musik" WC="0.98" CC="06104"/>
						<SP ID="P3_SP00030" HPOS="249" VPOS="693" WIDTH="47"/>
						<String ID="P3_ST00037" HPOS="296" VPOS="645" WIDTH="54" HEIGHT="47" CONTENT="ist" WC="0.98" CC="006"/>
						<SP ID="P3_SP00031" HPOS="350" VPOS="693" WIDTH="44"/>
						<String ID="P3_ST00038" HPOS="394" VPOS="645" WIDTH="80" HEIGHT="48" CONTENT="der" WC="0.99" CC="002"/>
						<SP ID="P3_SP00032" HPOS="474" VPOS="693" WIDTH="40"/>
						<String ID="P3_ST00039" HPOS="514" VPOS="654" WIDTH="119" HEIGHT="39" CONTENT="erste" WC="0.99" CC="01060"/>
						<SP ID="P3_SP00033" HPOS="633" VPOS="693" WIDTH="29"/>
						<String ID="P3_ST00040" HPOS="662" VPOS="645" WIDTH="205" HEIGHT="48" CONTENT="Versuch" WC="0.99" CC="0002501"/>
						<SP ID="P3_SP00034" HPOS="867" VPOS="693" WIDTH="47"/>
						<String ID="P3_ST00041" HPOS="914" VPOS="647" WIDTH="122" HEIGHT="47" CONTENT="eines" WC="0.99" CC="10700"/>
						<SP ID="P3_SP00035" HPOS="1036" VPOS="694" WIDTH="22"/>
						<String ID="P3_ST00042" HPOS="1058" VPOS="647" WIDTH="177" HEIGHT="64" CONTENT="jungen" WC="0.99" CC="073030"/>
						<SP ID="P3_SP00036" HPOS="1235" VPOS="711" WIDTH="32"/>
						<String ID="P3_ST00043" HPOS="1267" VPOS="646" WIDTH="265" HEIGHT="53" CONTENT="Menschen," WC="0.99" CC="004054042"/>
						<SP ID="P3_SP00037" HPOS="1532" VPOS="711" WIDTH="29"/>
						<String ID="P3_ST00044" HPOS="1561" VPOS="646" WIDTH="82" HEIGHT="47" CONTENT="der" WC="0.98" CC="004"/>
					</TextLine>
					<TextLine ID="P3_TL00008" HPOS="101" VPOS="722" WIDTH="1543" HEIGHT="65">
						<String ID="P3_ST00045" HPOS="101" VPOS="722" WIDTH="185" HEIGHT="47" CONTENT="Martini" WC="0.98" CC="8507060"/>
						<SP ID="P3_SP00038" HPOS="286" VPOS="769" WIDTH="33"/>
						<String ID="P3_ST00046" HPOS="319" VPOS="722" WIDTH="149" HEIGHT="49" CONTENT="heisst." WC="0.63" CC="6004273"/>
						<SP ID="P3_SP00039" HPOS="468" VPOS="771" WIDTH="56"/>
						<String ID="P3_ST00047" HPOS="524" VPOS="724" WIDTH="76" HEIGHT="47" CONTENT="Ich" WC="0.97" CC="007"/>
						<SP ID="P3_SP00040" HPOS="600" VPOS="771" WIDTH="32"/>
						<String ID="P3_ST00048" HPOS="632" VPOS="724" WIDTH="186" HEIGHT="63" CONTENT="glaube," WC="0.99" CC="0400114"/>
						<SP ID="P3_SP00041" HPOS="818" VPOS="787" WIDTH="30"/>
						<String ID="P3_ST00049" HPOS="848" VPOS="740" WIDTH="49" HEIGHT="31" CONTENT="er" WC="0.87" CC="02"/>
						<SP ID="P3_SP00042" HPOS="897" VPOS="787" WIDTH="29"/>
						<String ID="P3_ST00050" HPOS="926" VPOS="724" WIDTH="55" HEIGHT="47" CONTENT="ist" WC="1.00" CC="000"/>
						<SP ID="P3_SP00043" HPOS="981" VPOS="787" WIDTH="30"/>
						<String ID="P3_ST00051" HPOS="1011" VPOS="725" WIDTH="70" HEIGHT="47" CONTENT="ein" WC="0.98" CC="006"/>
						<SP ID="P3_SP00044" HPOS="1081" VPOS="787" WIDTH="32"/>
						<String ID="P3_ST00052" HPOS="1113" VPOS="725" WIDTH="282" HEIGHT="54" CONTENT="Deutscher;" WC="0.99" CC="1056124503"/>
						<SP ID="P3_SP00045" HPOS="1395" VPOS="787" WIDTH="35"/>
						<String ID="P3_ST00053" HPOS="1430" VPOS="740" WIDTH="131" HEIGHT="31" CONTENT="wenn" WC="0.97" CC="0078"/>
						<SP ID="P3_SP00046" HPOS="1561" VPOS="787" WIDTH="33"/>
						<String ID="P3_ST00054" HPOS="1594" VPOS="740" WIDTH="50" HEIGHT="31" CONTENT="er" WC="0.79" CC="04"/>
					</TextLine>
					<TextLine ID="P3_TL00009" HPOS="105" VPOS="800" WIDTH="1535" HEIGHT="66">
						<String ID="P3_ST00055" HPOS="105" VPOS="800" WIDTH="71" HEIGHT="47" CONTENT="ein" WC="0.98" CC="004"/>
						<SP ID="P3_SP00047" HPOS="176" VPOS="847" WIDTH="37"/>
						<String ID="P3_ST00056" HPOS="213" VPOS="801" WIDTH="224" HEIGHT="46" CONTENT="Franzose" WC="0.99" CC="64705000"/>
						<SP ID="P3_SP00048" HPOS="437" VPOS="847" WIDTH="30"/>
						<String ID="P3_ST00057" HPOS="467" VPOS="800" WIDTH="69" HEIGHT="56" CONTENT="ist," WC="0.98" CC="0062"/>
						<SP ID="P3_SP00049" HPOS="536" VPOS="856" WIDTH="41"/>
						<String ID="P3_ST00058" HPOS="577" VPOS="816" WIDTH="50" HEIGHT="32" CONTENT="so" WC="0.86" CC="20"/>
						<SP ID="P3_SP00050" HPOS="627" VPOS="856" WIDTH="30"/>
						<String ID="P3_ST00059" HPOS="657" VPOS="804" WIDTH="177" HEIGHT="60" CONTENT="genügt" WC="0.99" CC="000901"/>
						<SP ID="P3_SP00051" HPOS="834" VPOS="864" WIDTH="28"/>
						<String ID="P3_ST00060" HPOS="862" VPOS="801" WIDTH="99" HEIGHT="47" CONTENT="eine" WC="0.99" CC="0050"/>
						<SP ID="P3_SP00052" HPOS="961" VPOS="864" WIDTH="30"/>
						<String ID="P3_ST00061" HPOS="991" VPOS="801" WIDTH="173" HEIGHT="65" CONTENT="einzige" WC="0.99" CC="0076000"/>
						<SP ID="P3_SP00053" HPOS="1164" VPOS="866" WIDTH="29"/>
						<String ID="P3_ST00062" HPOS="1193" VPOS="801" WIDTH="146" HEIGHT="48" CONTENT="seiner" WC="1.00" CC="000300"/>
						<SP ID="P3_SP00054" HPOS="1339" VPOS="866" WIDTH="29"/>
						<String ID="P3_ST00063" HPOS="1368" VPOS="801" WIDTH="159" HEIGHT="55" CONTENT="Arien," WC="0.99" CC="000233"/>
						<SP ID="P3_SP00055" HPOS="1527" VPOS="866" WIDTH="39"/>
						<String ID="P3_ST00064" HPOS="1566" VPOS="818" WIDTH="74" HEIGHT="30" CONTENT="um" WC="0.91" CC="10"/>
					</TextLine>
					<TextLine ID="P3_TL00010" HPOS="101" VPOS="876" WIDTH="1542" HEIGHT="65">
						<String ID="P3_ST00065" HPOS="101" VPOS="876" WIDTH="92" HEIGHT="48" CONTENT="sich" WC="1.00" CC="0002"/>
						<SP ID="P3_SP00056" HPOS="193" VPOS="924" WIDTH="26"/>
						<String ID="P3_ST00066" HPOS="219" VPOS="894" WIDTH="53" HEIGHT="30" CONTENT="zu" WC="0.63" CC="52"/>
						<SP ID="P3_SP00057" HPOS="272" VPOS="924" WIDTH="32"/>
						<String ID="P3_ST00067" HPOS="304" VPOS="876" WIDTH="310" HEIGHT="65" CONTENT="überzeugen," WC="0.99" CC="06025630063"/>
						<SP ID="P3_SP00058" HPOS="614" VPOS="941" WIDTH="30"/>
						<String ID="P3_ST00068" HPOS="644" VPOS="877" WIDTH="103" HEIGHT="48" CONTENT="dass" WC="0.84" CC="0320"/>
						<SP ID="P3_SP00059" HPOS="747" VPOS="941" WIDTH="29"/>
						<String ID="P3_ST00069" HPOS="776" VPOS="894" WIDTH="49" HEIGHT="31" CONTENT="er" WC="0.75" CC="05"/>
						<SP ID="P3_SP00060" HPOS="825" VPOS="941" WIDTH="28"/>
						<String ID="P3_ST00070" HPOS="853" VPOS="878" WIDTH="92" HEIGHT="47" CONTENT="sein" WC="0.98" CC="1005"/>
						<SP ID="P3_SP00061" HPOS="945" VPOS="941" WIDTH="27"/>
						<String ID="P3_ST00071" HPOS="972" VPOS="878" WIDTH="161" HEIGHT="49" CONTENT="Metier" WC="0.99" CC="005400"/>
						<SP ID="P3_SP00062" HPOS="1133" VPOS="941" WIDTH="22"/>
						<String ID="P3_ST00072" HPOS="1155" VPOS="878" WIDTH="211" HEIGHT="49" CONTENT="versteht." WC="0.99" CC="003040033"/>
						<SP ID="P3_SP00063" HPOS="1366" VPOS="941" WIDTH="30"/>
						<String ID="P3_ST00073" HPOS="1396" VPOS="880" WIDTH="108" HEIGHT="47" CONTENT="Man" WC="0.95" CC="067"/>
						<SP ID="P3_SP00064" HPOS="1504" VPOS="941" WIDTH="26"/>
						<String ID="P3_ST00074" HPOS="1530" VPOS="877" WIDTH="113" HEIGHT="48" CONTENT="wird" WC="0.99" CC="0030"/>
					</TextLine>
					<TextLine ID="P3_TL00011" HPOS="101" VPOS="953" WIDTH="1543" HEIGHT="66">
						<String ID="P3_ST00075" HPOS="101" VPOS="953" WIDTH="44" HEIGHT="47" CONTENT="in" WC="0.75" CC="40"/>
						<SP ID="P3_SP00065" HPOS="145" VPOS="1000" WIDTH="41"/>
						<String ID="P3_ST00076" HPOS="186" VPOS="955" WIDTH="148" HEIGHT="47" CONTENT="seiner" WC="0.99" CC="000600"/>
						<SP ID="P3_SP00066" HPOS="334" VPOS="1002" WIDTH="30"/>
						<String ID="P3_ST00077" HPOS="364" VPOS="955" WIDTH="150" HEIGHT="48" CONTENT="Musik" WC="1.00" CC="00400"/>
						<SP ID="P3_SP00067" HPOS="514" VPOS="1003" WIDTH="45"/>
						<String ID="P3_ST00078" HPOS="559" VPOS="955" WIDTH="99" HEIGHT="47" CONTENT="eine" WC="0.99" CC="1030"/>
						<SP ID="P3_SP00068" HPOS="658" VPOS="1003" WIDTH="31"/>
						<String ID="P3_ST00079" HPOS="689" VPOS="971" WIDTH="156" HEIGHT="48" CONTENT="grosse" WC="0.98" CC="943200"/>
						<SP ID="P3_SP00069" HPOS="845" VPOS="1019" WIDTH="29"/>
						<String ID="P3_ST00080" HPOS="874" VPOS="956" WIDTH="304" HEIGHT="63" CONTENT="Leichtigkeit" WC="1.00" CC="100057000006"/>
						<SP ID="P3_SP00070" HPOS="1178" VPOS="1019" WIDTH="30"/>
						<String ID="P3_ST00081" HPOS="1208" VPOS="956" WIDTH="76" HEIGHT="48" CONTENT="des" WC="1.00" CC="000"/>
						<SP ID="P3_SP00071" HPOS="1284" VPOS="1019" WIDTH="31"/>
						<String ID="P3_ST00082" HPOS="1315" VPOS="956" WIDTH="104" HEIGHT="47" CONTENT="Stils" WC="0.98" CC="45060"/>
						<SP ID="P3_SP00072" HPOS="1419" VPOS="1019" WIDTH="31"/>
						<String ID="P3_ST00083" HPOS="1450" VPOS="955" WIDTH="90" HEIGHT="48" CONTENT="und" WC="0.98" CC="040"/>
						<SP ID="P3_SP00073" HPOS="1540" VPOS="1019" WIDTH="33"/>
						<String ID="P3_ST00084" HPOS="1573" VPOS="956" WIDTH="71" HEIGHT="47" CONTENT="die" WC="1.00" CC="000"/>
					</TextLine>
					<TextLine ID="P3_TL00012" HPOS="100" VPOS="1031" WIDTH="967" HEIGHT="66">
						<String ID="P3_ST00085" HPOS="100" VPOS="1031" WIDTH="181" HEIGHT="65" CONTENT="Spuren" WC="0.99" CC="605400"/>
						<SP ID="P3_SP00074" HPOS="281" VPOS="1096" WIDTH="32"/>
						<String ID="P3_ST00086" HPOS="313" VPOS="1032" WIDTH="126" HEIGHT="48" CONTENT="einer" WC="0.99" CC="00603"/>
						<SP ID="P3_SP00075" HPOS="439" VPOS="1096" WIDTH="29"/>
						<String ID="P3_ST00087" HPOS="468" VPOS="1040" WIDTH="140" HEIGHT="57" CONTENT="guten" WC="0.98" CC="04006"/>
						<SP ID="P3_SP00076" HPOS="608" VPOS="1097" WIDTH="31"/>
						<String ID="P3_ST00088" HPOS="639" VPOS="1033" WIDTH="168" HEIGHT="47" CONTENT="Schule" WC="0.99" CC="006000"/>
						<SP ID="P3_SP00077" HPOS="807" VPOS="1097" WIDTH="29"/>
						<String ID="P3_ST00089" HPOS="836" VPOS="1033" WIDTH="231" HEIGHT="64" CONTENT='gewahr."' WC="0.99" CC="00036024"/>
					</TextLine>
					<TextLine ID="P3_TL00013" HPOS="219" VPOS="1108" WIDTH="1425" HEIGHT="59">
						<String ID="P3_ST00090" HPOS="219" VPOS="1110" WIDTH="185" HEIGHT="47" CONTENT="Martini" WC="0.99" CC="0046070"/>
						<SP ID="P3_SP00078" HPOS="404" VPOS="1157" WIDTH="33"/>
						<String ID="P3_ST00091" HPOS="437" VPOS="1108" WIDTH="125" HEIGHT="49" CONTENT="hatte" WC="0.97" CC="56460"/>
						<SP ID="P3_SP00079" HPOS="562" VPOS="1157" WIDTH="30"/>
						<String ID="P3_ST00092" HPOS="592" VPOS="1110" WIDTH="143" HEIGHT="48" CONTENT="damit" WC="0.99" CC="00004"/>
						<SP ID="P3_SP00080" HPOS="735" VPOS="1158" WIDTH="27"/>
						<String ID="P3_ST00093" HPOS="762" VPOS="1110" WIDTH="70" HEIGHT="48" CONTENT="ein" WC="0.98" CC="006"/>
						<SP ID="P3_SP00081" HPOS="832" VPOS="1158" WIDTH="33"/>
						<String ID="P3_ST00094" HPOS="865" VPOS="1110" WIDTH="165" HEIGHT="49" CONTENT="Gebiet" WC="0.99" CC="003005"/>
						<SP ID="P3_SP00082" HPOS="1030" VPOS="1159" WIDTH="31"/>
						<String ID="P3_ST00095" HPOS="1061" VPOS="1111" WIDTH="225" HEIGHT="56" CONTENT="betreten," WC="0.99" CC="606002244"/>
						<SP ID="P3_SP00083" HPOS="1286" VPOS="1167" WIDTH="42"/>
						<String ID="P3_ST00096" HPOS="1328" VPOS="1110" WIDTH="82" HEIGHT="48" CONTENT="auf" WC="0.96" CC="550"/>
						<SP ID="P3_SP00084" HPOS="1410" VPOS="1167" WIDTH="37"/>
						<String ID="P3_ST00097" HPOS="1447" VPOS="1110" WIDTH="103" HEIGHT="48" CONTENT="dem" WC="0.97" CC="052"/>
						<SP ID="P3_SP00085" HPOS="1550" VPOS="1167" WIDTH="46"/>
						<String ID="P3_ST00098" HPOS="1596" VPOS="1126" WIDTH="48" HEIGHT="32" CONTENT="er" WC="0.74" CC="05"/>
					</TextLine>
					<TextLine ID="P3_TL00014" HPOS="101" VPOS="1186" WIDTH="1539" HEIGHT="66">
						<String ID="P3_ST00099" HPOS="101" VPOS="1186" WIDTH="352" HEIGHT="48" CONTENT="entscheidende" WC="1.00" CC="0000030000700"/>
						<SP ID="P3_SP00086" HPOS="453" VPOS="1234" WIDTH="30"/>
						<String ID="P3_ST00100" HPOS="483" VPOS="1187" WIDTH="254" HEIGHT="65" CONTENT="Triumphe" WC="0.99" CC="02030060"/>
						<SP ID="P3_SP00087" HPOS="737" VPOS="1252" WIDTH="31"/>
						<String ID="P3_ST00101" HPOS="768" VPOS="1204" WIDTH="228" HEIGHT="48" CONTENT="errungen" WC="0.99" CC="03158006"/>
						<SP ID="P3_SP00088" HPOS="996" VPOS="1252" WIDTH="32"/>
						<String ID="P3_ST00102" HPOS="1028" VPOS="1187" WIDTH="90" HEIGHT="48" CONTENT="und" WC="0.99" CC="200"/>
						<SP ID="P3_SP00089" HPOS="1118" VPOS="1252" WIDTH="32"/>
						<String ID="P3_ST00103" HPOS="1150" VPOS="1188" WIDTH="153" HEIGHT="47" CONTENT="seinen" WC="1.00" CC="000300"/>
						<SP ID="P3_SP00090" HPOS="1303" VPOS="1252" WIDTH="30"/>
						<String ID="P3_ST00104" HPOS="1333" VPOS="1188" WIDTH="180" HEIGHT="47" CONTENT="Namen" WC="1.00" CC="00000"/>
						<SP ID="P3_SP00091" HPOS="1513" VPOS="1252" WIDTH="31"/>
						<String ID="P3_ST00105" HPOS="1544" VPOS="1204" WIDTH="72" HEIGHT="31" CONTENT="ver" SUBS_TYPE="HypPart1" SUBS_CONTENT="verewigt" WC="1.00" CC="000"/>
						<HYP HPOS="1616" VPOS="1204" WIDTH="24" CONTENT="-"/>
					</TextLine>
					<TextLine ID="P3_TL00015" HPOS="101" VPOS="1263" WIDTH="1540" HEIGHT="68">
						<String ID="P3_ST00106" HPOS="101" VPOS="1263" WIDTH="139" HEIGHT="65" CONTENT="ewigt" SUBS_TYPE="HypPart2" SUBS_CONTENT="verewigt" WC="0.98" CC="00096"/>
						<SP ID="P3_SP00092" HPOS="240" VPOS="1328" WIDTH="31"/>
						<String ID="P3_ST00107" HPOS="271" VPOS="1263" WIDTH="93" HEIGHT="50" CONTENT="hat." WC="0.97" CC="6224"/>
						<SP ID="P3_SP00093" HPOS="364" VPOS="1328" WIDTH="56"/>
						<String ID="P3_ST00108" HPOS="420" VPOS="1265" WIDTH="214" HEIGHT="54" CONTENT="Martine," WC="0.99" CC="00070600"/>
						<SP ID="P3_SP00094" HPOS="634" VPOS="1328" WIDTH="45"/>
						<String ID="P3_ST00109" HPOS="679" VPOS="1266" WIDTH="69" HEIGHT="47" CONTENT="ein" WC="0.99" CC="002"/>
						<SP ID="P3_SP00095" HPOS="748" VPOS="1328" WIDTH="41"/>
						<String ID="P3_ST00110" HPOS="789" VPOS="1266" WIDTH="174" HEIGHT="65" CONTENT="pariser" WC="0.99" CC="0600204"/>
						<SP ID="P3_SP00096" HPOS="963" VPOS="1331" WIDTH="37"/>
						<String ID="P3_ST00111" HPOS="1000" VPOS="1266" WIDTH="260" HEIGHT="57" CONTENT="Gelehrter," WC="0.99" CC="0000455603"/>
						<SP ID="P3_SP00097" HPOS="1260" VPOS="1331" WIDTH="40"/>
						<String ID="P3_ST00112" HPOS="1300" VPOS="1281" WIDTH="81" HEIGHT="32" CONTENT="aus" WC="0.99" CC="100"/>
						<SP ID="P3_SP00098" HPOS="1381" VPOS="1331" WIDTH="32"/>
						<String ID="P3_ST00113" HPOS="1413" VPOS="1265" WIDTH="120" HEIGHT="48" CONTENT="Genf" WC="0.98" CC="0054"/>
						<SP ID="P3_SP00099" HPOS="1533" VPOS="1331" WIDTH="28"/>
						<String ID="P3_ST00114" HPOS="1561" VPOS="1281" WIDTH="54" HEIGHT="48" CONTENT="ge" SUBS_TYPE="HypPart1" SUBS_CONTENT="gebürtig," WC="0.97" CC="90"/>
						<HYP HPOS="1615" VPOS="1281" WIDTH="26" CONTENT="-"/>
					</TextLine>
					<TextLine ID="P3_TL00016" HPOS="100" VPOS="1339" WIDTH="1541" HEIGHT="68">
						<String ID="P3_ST00115" HPOS="100" VPOS="1339" WIDTH="174" HEIGHT="68" CONTENT="bürtig," SUBS_TYPE="HypPart2" SUBS_CONTENT="gebürtig," WC="0.99" CC="4046104"/>
						<SP ID="P3_SP00100" HPOS="274" VPOS="1407" WIDTH="29"/>
						<String ID="P3_ST00116" HPOS="303" VPOS="1346" WIDTH="176" HEIGHT="43" CONTENT="äussert" WC="0.99" CC="9100050"/>
						<SP ID="P3_SP00101" HPOS="479" VPOS="1407" WIDTH="28"/>
						<String ID="P3_ST00117" HPOS="507" VPOS="1342" WIDTH="92" HEIGHT="48" CONTENT="sich" WC="1.00" CC="1000"/>
						<SP ID="P3_SP00102" HPOS="599" VPOS="1407" WIDTH="30"/>
						<String ID="P3_ST00118" HPOS="629" VPOS="1342" WIDTH="43" HEIGHT="48" CONTENT="in" WC="0.79" CC="04"/>
						<SP ID="P3_SP00103" HPOS="672" VPOS="1407" WIDTH="31"/>
						<String ID="P3_ST00119" HPOS="703" VPOS="1343" WIDTH="169" HEIGHT="49" CONTENT="seinem" WC="0.99" CC="000600"/>
						<SP ID="P3_SP00104" HPOS="872" VPOS="1407" WIDTH="31"/>
						<String ID="P3_ST00120" HPOS="903" VPOS="1343" WIDTH="181" HEIGHT="49" CONTENT="Buche:" WC="0.98" CC="640503"/>
						<SP ID="P3_SP00105" HPOS="1084" VPOS="1407" WIDTH="28"/>
						<String ID="P3_ST00121" HPOS="1112" VPOS="1342" WIDTH="80" HEIGHT="50" CONTENT="De" WC="0.58" CC="80" STYLEREFS="TXT_1"/>
						<SP ID="P3_SP00106" HPOS="1192" VPOS="1407" WIDTH="28"/>
						<String ID="P3_ST00122" HPOS="1220" VPOS="1342" WIDTH="44" HEIGHT="50" CONTENT="la" WC="0.93" CC="10" STYLEREFS="TXT_1"/>
						<SP ID="P3_SP00107" HPOS="1264" VPOS="1407" WIDTH="18"/>
						<String ID="P3_ST00123" HPOS="1282" VPOS="1339" WIDTH="220" HEIGHT="68" CONTENT="Musique" WC="0.65" CC="3630504" STYLEREFS="TXT_1"/>
						<SP ID="P3_SP00108" HPOS="1502" VPOS="1407" WIDTH="26"/>
						<String ID="P3_ST00124" HPOS="1528" VPOS="1341" WIDTH="85" HEIGHT="51" CONTENT="dra" SUBS_TYPE="HypPart1" SUBS_CONTENT="dramatique" WC="0.79" CC="006" STYLEREFS="TXT_1"/>
						<HYP HPOS="1613" VPOS="1341" WIDTH="28" CONTENT="-"/>
					</TextLine>
					<TextLine ID="P3_TL00017" HPOS="96" VPOS="1417" WIDTH="1544" HEIGHT="67">
						<String ID="P3_ST00125" HPOS="96" VPOS="1417" WIDTH="204" HEIGHT="67" CONTENT="matique" SUBS_TYPE="HypPart2" SUBS_CONTENT="dramatique" WC="0.80" CC="7060000" STYLEREFS="TXT_1"/>
						<SP ID="P3_SP00109" HPOS="300" VPOS="1484" WIDTH="27"/>
						<String ID="P3_ST00126" HPOS="327" VPOS="1435" WIDTH="56" HEIGHT="33" CONTENT="en" WC="0.42" CC="74" STYLEREFS="TXT_1"/>
						<SP ID="P3_SP00110" HPOS="383" VPOS="1484" WIDTH="26"/>
						<String ID="P3_ST00127" HPOS="409" VPOS="1419" WIDTH="202" HEIGHT="61" CONTENT="France," WC="0.99" CC="2005021" STYLEREFS="TXT_1"/>
						<SP ID="P3_SP00111" HPOS="611" VPOS="1484" WIDTH="38"/>
						<String ID="P3_ST00128" HPOS="649" VPOS="1418" WIDTH="159" HEIGHT="62" CONTENT="Paris;" WC="0.99" CC="700006" STYLEREFS="TXT_1"/>
						<SP ID="P3_SP00112" HPOS="808" VPOS="1484" WIDTH="26"/>
						<String ID="P3_ST00129" HPOS="834" VPOS="1422" WIDTH="155" HEIGHT="58" CONTENT="1813," WC="0.86" CC="00060" STYLEREFS="TXT_1"/>
						<SP ID="P3_SP00113" HPOS="989" VPOS="1484" WIDTH="39"/>
						<String ID="P3_ST00130" HPOS="1028" VPOS="1421" WIDTH="66" HEIGHT="56" CONTENT="8.," WC="0.56" CC="642"/>
						<SP ID="P3_SP00114" HPOS="1094" VPOS="1484" WIDTH="43"/>
						<String ID="P3_ST00131" HPOS="1137" VPOS="1423" WIDTH="42" HEIGHT="46" CONTENT="in" WC="0.82" CC="03"/>
						<SP ID="P3_SP00115" HPOS="1179" VPOS="1484" WIDTH="32"/>
						<String ID="P3_ST00132" HPOS="1211" VPOS="1422" WIDTH="219" HEIGHT="47" CONTENT="welchem" WC="1.00" CC="0000500"/>
						<SP ID="P3_SP00116" HPOS="1430" VPOS="1484" WIDTH="32"/>
						<String ID="P3_ST00133" HPOS="1462" VPOS="1437" WIDTH="50" HEIGHT="32" CONTENT="er" WC="0.83" CC="03"/>
						<SP ID="P3_SP00117" HPOS="1512" VPOS="1484" WIDTH="29"/>
						<String ID="P3_ST00134" HPOS="1541" VPOS="1421" WIDTH="99" HEIGHT="48" CONTENT="eine" WC="0.99" CC="0040"/>
					</TextLine>
					<TextLine ID="P3_TL00018" HPOS="97" VPOS="1497" WIDTH="1540" HEIGHT="65">
						<String ID="P3_ST00135" HPOS="97" VPOS="1513" WIDTH="156" HEIGHT="49" CONTENT="grosse" WC="0.99" CC="840000"/>
						<SP ID="P3_SP00118" HPOS="253" VPOS="1562" WIDTH="32"/>
						<String ID="P3_ST00136" HPOS="285" VPOS="1497" WIDTH="217" HEIGHT="49" CONTENT="Vorliebe" WC="0.99" CC="05300060"/>
						<SP ID="P3_SP00119" HPOS="502" VPOS="1562" WIDTH="48"/>
						<String ID="P3_ST00137" HPOS="550" VPOS="1498" WIDTH="78" HEIGHT="47" CONTENT="für" WC="1.00" CC="000"/>
						<SP ID="P3_SP00120" HPOS="628" VPOS="1562" WIDTH="46"/>
						<String ID="P3_ST00138" HPOS="674" VPOS="1498" WIDTH="72" HEIGHT="48" CONTENT="die" WC="1.00" CC="000"/>
						<SP ID="P3_SP00121" HPOS="746" VPOS="1562" WIDTH="42"/>
						<String ID="P3_ST00139" HPOS="788" VPOS="1499" WIDTH="148" HEIGHT="49" CONTENT="Musik" WC="1.00" CC="00000"/>
						<SP ID="P3_SP00122" HPOS="936" VPOS="1562" WIDTH="46"/>
						<String ID="P3_ST00140" HPOS="982" VPOS="1499" WIDTH="81" HEIGHT="47" CONTENT="der" WC="0.98" CC="005"/>
						<SP ID="P3_SP00123" HPOS="1063" VPOS="1562" WIDTH="41"/>
						<String ID="P3_ST00141" HPOS="1104" VPOS="1499" WIDTH="173" HEIGHT="49" CONTENT="älteren" WC="0.98" CC="9480406"/>
						<SP ID="P3_SP00124" HPOS="1277" VPOS="1562" WIDTH="51"/>
						<String ID="P3_ST00142" HPOS="1328" VPOS="1498" WIDTH="309" HEIGHT="48" CONTENT="französichen" WC="0.91" CC="000450000000"/>
					</TextLine>
					<TextLine ID="P3_TL00019" HPOS="98" VPOS="1573" WIDTH="1539" HEIGHT="69">
						<String ID="P3_ST00143" HPOS="98" VPOS="1573" WIDTH="263" HEIGHT="50" CONTENT="komischen" WC="1.00" CC="000000003"/>
						<SP ID="P3_SP00125" HPOS="361" VPOS="1623" WIDTH="27"/>
						<String ID="P3_ST00144" HPOS="388" VPOS="1576" WIDTH="129" HEIGHT="64" CONTENT="Oper" WC="0.98" CC="6002"/>
						<SP ID="P3_SP00126" HPOS="517" VPOS="1640" WIDTH="23"/>
						<String ID="P3_ST00145" HPOS="540" VPOS="1574" WIDTH="93" HEIGHT="50" CONTENT="und" WC="0.97" CC="034"/>
						<SP ID="P3_SP00127" HPOS="633" VPOS="1640" WIDTH="23"/>
						<String ID="P3_ST00146" HPOS="656" VPOS="1577" WIDTH="222" HEIGHT="65" CONTENT="Operette" WC="0.99" CC="70010570"/>
						<SP ID="P3_SP00128" HPOS="878" VPOS="1642" WIDTH="29"/>
						<String ID="P3_ST00147" HPOS="907" VPOS="1577" WIDTH="60" HEIGHT="47" CONTENT="im" WC="1.00" CC="00"/>
						<SP ID="P3_SP00129" HPOS="967" VPOS="1642" WIDTH="27"/>
						<String ID="P3_ST00148" HPOS="994" VPOS="1577" WIDTH="280" HEIGHT="65" CONTENT="Gegensatze" WC="0.99" CC="2000707320"/>
						<SP ID="P3_SP00130" HPOS="1274" VPOS="1642" WIDTH="29"/>
						<String ID="P3_ST00149" HPOS="1303" VPOS="1595" WIDTH="53" HEIGHT="29" CONTENT="zu" WC="0.41" CC="46"/>
						<SP ID="P3_SP00131" HPOS="1356" VPOS="1642" WIDTH="31"/>
						<String ID="P3_ST00150" HPOS="1387" VPOS="1576" WIDTH="83" HEIGHT="48" CONTENT="der" WC="0.98" CC="005"/>
						<SP ID="P3_SP00132" HPOS="1470" VPOS="1642" WIDTH="28"/>
						<String ID="P3_ST00151" HPOS="1498" VPOS="1592" WIDTH="112" HEIGHT="32" CONTENT="neue" SUBS_TYPE="HypPart1" SUBS_CONTENT="neueren" WC="1.00" CC="0000"/>
						<HYP HPOS="1610" VPOS="1592" WIDTH="27" CONTENT="-"/>
					</TextLine>
					<TextLine ID="P3_TL00020" HPOS="97" VPOS="1652" WIDTH="1539" HEIGHT="67">
						<String ID="P3_ST00152" HPOS="97" VPOS="1668" WIDTH="79" HEIGHT="31" CONTENT="ren" SUBS_TYPE="HypPart2" SUBS_CONTENT="neueren" WC="0.96" CC="405"/>
						<SP ID="P3_SP00133" HPOS="176" VPOS="1699" WIDTH="33"/>
						<String ID="P3_ST00153" HPOS="209" VPOS="1668" WIDTH="186" HEIGHT="47" CONTENT="grossen" WC="1.00" CC="0400000"/>
						<SP ID="P3_SP00134" HPOS="395" VPOS="1715" WIDTH="33"/>
						<String ID="P3_ST00154" HPOS="428" VPOS="1652" WIDTH="92" HEIGHT="48" CONTENT="und" WC="0.94" CC="069"/>
						<SP ID="P3_SP00135" HPOS="520" VPOS="1715" WIDTH="32"/>
						<String ID="P3_ST00155" HPOS="552" VPOS="1653" WIDTH="179" HEIGHT="48" CONTENT="kleinen" WC="0.99" CC="0100606"/>
						<SP ID="P3_SP00136" HPOS="731" VPOS="1715" WIDTH="29"/>
						<String ID="P3_ST00156" HPOS="760" VPOS="1653" WIDTH="131" HEIGHT="66" CONTENT="Oper" WC="0.98" CC="6002"/>
						<SP ID="P3_SP00137" HPOS="891" VPOS="1719" WIDTH="37"/>
						<String ID="P3_ST00157" HPOS="928" VPOS="1653" WIDTH="246" HEIGHT="57" CONTENT="offenbart," WC="1.00" CC="0110003030"/>
						<SP ID="P3_SP00138" HPOS="1174" VPOS="1719" WIDTH="46"/>
						<String ID="P3_ST00158" HPOS="1220" VPOS="1653" WIDTH="230" HEIGHT="66" CONTENT="bespricht" WC="1.00" CC="000000062"/>
						<SP ID="P3_SP00139" HPOS="1450" VPOS="1719" WIDTH="30"/>
						<String ID="P3_ST00159" HPOS="1480" VPOS="1653" WIDTH="130" HEIGHT="48" CONTENT="Marti" SUBS_TYPE="HypPart1" SUBS_CONTENT="Martini's" WC="0.69" CC="05470"/>
						<HYP HPOS="1610" VPOS="1653" WIDTH="26" CONTENT="-"/>
					</TextLine>
					<TextLine ID="P3_TL00021" HPOS="97" VPOS="1729" WIDTH="1542" HEIGHT="68">
						<String ID="P3_ST00160" HPOS="97" VPOS="1729" WIDTH="81" HEIGHT="49" CONTENT="ni's" SUBS_TYPE="HypPart2" SUBS_CONTENT="Martini's" WC="0.68" CC="7302"/>
						<SP ID="P3_SP00140" HPOS="178" VPOS="1778" WIDTH="29"/>
						<String ID="P3_ST00161" HPOS="207" VPOS="1731" WIDTH="281" HEIGHT="63" CONTENT="Leistungen" WC="0.99" CC="0020347000"/>
						<SP ID="P3_SP00141" HPOS="488" VPOS="1794" WIDTH="31"/>
						<String ID="P3_ST00162" HPOS="519" VPOS="1731" WIDTH="257" HEIGHT="66" CONTENT="eingehend" WC="1.00" CC="002000071"/>
						<SP ID="P3_SP00142" HPOS="776" VPOS="1797" WIDTH="32"/>
						<String ID="P3_ST00163" HPOS="808" VPOS="1732" WIDTH="90" HEIGHT="48" CONTENT="und" WC="0.98" CC="500"/>
						<SP ID="P3_SP00143" HPOS="898" VPOS="1797" WIDTH="31"/>
						<String ID="P3_ST00164" HPOS="929" VPOS="1740" WIDTH="101" HEIGHT="57" CONTENT="sagt" WC="0.99" CC="0400"/>
						<SP ID="P3_SP00144" HPOS="1030" VPOS="1797" WIDTH="30"/>
						<String ID="P3_ST00165" HPOS="1060" VPOS="1741" WIDTH="132" HEIGHT="39" CONTENT="unter" WC="0.97" CC="76604"/>
						<SP ID="P3_SP00145" HPOS="1192" VPOS="1797" WIDTH="30"/>
						<String ID="P3_ST00166" HPOS="1222" VPOS="1733" WIDTH="261" HEIGHT="47" CONTENT="Anderem:" WC="0.99" CC="40004002"/>
						<SP ID="P3_SP00146" HPOS="1483" VPOS="1797" WIDTH="40"/>
						<String ID="P3_ST00167" HPOS="1523" VPOS="1732" WIDTH="116" HEIGHT="56" CONTENT="„Die" WC="0.99" CC="2001"/>
					</TextLine>
					<TextLine ID="P3_TL00022" HPOS="96" VPOS="1807" WIDTH="1539" HEIGHT="67">
						<String ID="P3_ST00168" HPOS="96" VPOS="1807" WIDTH="150" HEIGHT="48" CONTENT="Musik" WC="0.99" CC="05000"/>
						<SP ID="P3_SP00147" HPOS="246" VPOS="1855" WIDTH="43"/>
						<String ID="P3_ST00169" HPOS="289" VPOS="1826" WIDTH="52" HEIGHT="30" CONTENT="zu" WC="0.54" CC="53"/>
						<SP ID="P3_SP00148" HPOS="341" VPOS="1856" WIDTH="46"/>
						<String ID="P3_ST00170" HPOS="387" VPOS="1809" WIDTH="101" HEIGHT="47" CONTENT="dem" WC="1.00" CC="000"/>
						<SP ID="P3_SP00149" HPOS="488" VPOS="1856" WIDTH="45"/>
						<String ID="P3_ST00171" HPOS="533" VPOS="1808" WIDTH="268" HEIGHT="51" CONTENT="Amoureux" WC="0.55" CC="60760806" STYLEREFS="TXT_1"/>
						<SP ID="P3_SP00150" HPOS="801" VPOS="1859" WIDTH="26"/>
						<String ID="P3_ST00172" HPOS="827" VPOS="1809" WIDTH="56" HEIGHT="50" CONTENT="de" WC="1.00" CC="00" STYLEREFS="TXT_1"/>
						<SP ID="P3_SP00151" HPOS="883" VPOS="1859" WIDTH="28"/>
						<String ID="P3_ST00173" HPOS="911" VPOS="1808" WIDTH="163" HEIGHT="66" CONTENT="quinze" WC="0.85" CC="020060" STYLEREFS="TXT_1"/>
						<SP ID="P3_SP00152" HPOS="1074" VPOS="1874" WIDTH="34"/>
						<String ID="P3_ST00174" HPOS="1108" VPOS="1826" WIDTH="88" HEIGHT="33" CONTENT="ans" WC="0.93" CC="756" STYLEREFS="TXT_1"/>
						<String ID="P3_ST00175" HPOS="1199" VPOS="1849" WIDTH="12" HEIGHT="19" CONTENT="," WC="0.57" CC="4"/>
						<SP ID="P3_SP00153" HPOS="1211" VPOS="1874" WIDTH="44"/>
						<String ID="P3_ST00176" HPOS="1255" VPOS="1811" WIDTH="158" HEIGHT="48" CONTENT="womit" WC="0.98" CC="04405"/>
						<SP ID="P3_SP00154" HPOS="1413" VPOS="1874" WIDTH="40"/>
						<String ID="P3_ST00177" HPOS="1453" VPOS="1809" WIDTH="182" HEIGHT="49" CONTENT="Martini" WC="0.99" CC="0005070"/>
					</TextLine>
					<TextLine ID="P3_TL00023" HPOS="97" VPOS="1884" WIDTH="1539" HEIGHT="66">
						<String ID="P3_ST00178" HPOS="97" VPOS="1884" WIDTH="71" HEIGHT="49" CONTENT="die" WC="0.98" CC="050"/>
						<SP ID="P3_SP00155" HPOS="168" VPOS="1933" WIDTH="31"/>
						<String ID="P3_ST00179" HPOS="199" VPOS="1886" WIDTH="190" HEIGHT="64" CONTENT="lyrische" WC="0.99" CC="00400043"/>
						<SP ID="P3_SP00156" HPOS="389" VPOS="1950" WIDTH="25"/>
						<String ID="P3_ST00180" HPOS="414" VPOS="1887" WIDTH="249" HEIGHT="48" CONTENT="Laufbahn" WC="0.98" CC="26004547"/>
						<SP ID="P3_SP00157" HPOS="663" VPOS="1950" WIDTH="27"/>
						<String ID="P3_ST00181" HPOS="690" VPOS="1887" WIDTH="166" HEIGHT="57" CONTENT="betrat," WC="0.98" CC="4066063"/>
						<SP ID="P3_SP00158" HPOS="856" VPOS="1950" WIDTH="30"/>
						<String ID="P3_ST00182" HPOS="886" VPOS="1887" WIDTH="160" HEIGHT="49" CONTENT="würde" WC="0.98" CC="70500"/>
						<SP ID="P3_SP00159" HPOS="1046" VPOS="1950" WIDTH="24"/>
						<String ID="P3_ST00183" HPOS="1070" VPOS="1888" WIDTH="134" HEIGHT="48" CONTENT="heute" WC="0.99" CC="20050"/>
						<SP ID="P3_SP00160" HPOS="1204" VPOS="1950" WIDTH="25"/>
						<String ID="P3_ST00184" HPOS="1229" VPOS="1888" WIDTH="121" HEIGHT="47" CONTENT="nicht" WC="1.00" CC="10000"/>
						<SP ID="P3_SP00161" HPOS="1350" VPOS="1950" WIDTH="23"/>
						<String ID="P3_ST00185" HPOS="1373" VPOS="1887" WIDTH="131" HEIGHT="48" CONTENT="mehr" WC="0.99" CC="0033"/>
						<SP ID="P3_SP00162" HPOS="1504" VPOS="1950" WIDTH="23"/>
						<String ID="P3_ST00186" HPOS="1527" VPOS="1887" WIDTH="82" HEIGHT="48" CONTENT="den" SUBS_TYPE="HypPart1" SUBS_CONTENT="denselben" WC="0.99" CC="006"/>
						<HYP HPOS="1609" VPOS="1887" WIDTH="27" CONTENT="-"/>
					</TextLine>
					<TextLine ID="P3_TL00024" HPOS="96" VPOS="1963" WIDTH="1541" HEIGHT="67">
						<String ID="P3_ST00187" HPOS="96" VPOS="1963" WIDTH="156" HEIGHT="48" CONTENT="selben" SUBS_TYPE="HypPart2" SUBS_CONTENT="denselben" WC="0.99" CC="002036"/>
						<SP ID="P3_SP00163" HPOS="252" VPOS="2011" WIDTH="34"/>
						<String ID="P3_ST00188" HPOS="286" VPOS="1964" WIDTH="156" HEIGHT="49" CONTENT="Beifall" WC="0.99" CC="7000355"/>
						<SP ID="P3_SP00164" HPOS="442" VPOS="2013" WIDTH="42"/>
						<String ID="P3_ST00189" HPOS="484" VPOS="1964" WIDTH="171" HEIGHT="59" CONTENT="finden," WC="0.99" CC="0050061"/>
						<SP ID="P3_SP00165" HPOS="655" VPOS="2023" WIDTH="40"/>
						<String ID="P3_ST00190" HPOS="695" VPOS="1966" WIDTH="87" HEIGHT="48" CONTENT="den" WC="0.99" CC="030"/>
						<SP ID="P3_SP00166" HPOS="782" VPOS="2023" WIDTH="30"/>
						<String ID="P3_ST00191" HPOS="812" VPOS="1967" WIDTH="62" HEIGHT="47" CONTENT="sie" WC="1.00" CC="000"/>
						<SP ID="P3_SP00167" HPOS="874" VPOS="2023" WIDTH="29"/>
						<String ID="P3_ST00192" HPOS="903" VPOS="1967" WIDTH="125" HEIGHT="47" CONTENT="ihrer" WC="0.98" CC="13600"/>
						<SP ID="P3_SP00168" HPOS="1028" VPOS="2023" WIDTH="28"/>
						<String ID="P3_ST00193" HPOS="1056" VPOS="1968" WIDTH="98" HEIGHT="47" CONTENT="Zeit" WC="0.99" CC="0006"/>
						<SP ID="P3_SP00169" HPOS="1154" VPOS="2023" WIDTH="29"/>
						<String ID="P3_ST00194" HPOS="1183" VPOS="1966" WIDTH="230" HEIGHT="64" CONTENT="gefunden" WC="0.99" CC="00047003"/>
						<SP ID="P3_SP00170" HPOS="1413" VPOS="2030" WIDTH="33"/>
						<String ID="P3_ST00195" HPOS="1446" VPOS="1966" WIDTH="91" HEIGHT="48" CONTENT="hat." WC="0.97" CC="2354"/>
						<SP ID="P3_SP00171" HPOS="1537" VPOS="2030" WIDTH="37"/>
						<String ID="P3_ST00196" HPOS="1574" VPOS="1967" WIDTH="63" HEIGHT="47" CONTENT="Es" WC="0.85" CC="20"/>
					</TextLine>
					<TextLine ID="P3_TL00025" HPOS="96" VPOS="2041" WIDTH="1541" HEIGHT="67">
						<String ID="P3_ST00197" HPOS="96" VPOS="2041" WIDTH="91" HEIGHT="64" CONTENT="gab" WC="0.98" CC="006"/>
						<SP ID="P3_SP00172" HPOS="187" VPOS="2105" WIDTH="31"/>
						<String ID="P3_ST00198" HPOS="218" VPOS="2041" WIDTH="174" HEIGHT="49" CONTENT="damals" WC="0.99" CC="060201"/>
						<SP ID="P3_SP00173" HPOS="392" VPOS="2105" WIDTH="31"/>
						<String ID="P3_ST00199" HPOS="423" VPOS="2043" WIDTH="150" HEIGHT="64" CONTENT="wenig" WC="0.99" CC="00500"/>
						<SP ID="P3_SP00174" HPOS="573" VPOS="2107" WIDTH="31"/>
						<String ID="P3_ST00200" HPOS="604" VPOS="2051" WIDTH="108" HEIGHT="56" CONTENT="gute" WC="0.98" CC="0260"/>
						<SP ID="P3_SP00175" HPOS="712" VPOS="2107" WIDTH="31"/>
						<String ID="P3_ST00201" HPOS="743" VPOS="2043" WIDTH="259" HEIGHT="48" CONTENT="Vorbilder." WC="0.99" CC="0064060004"/>
						<SP ID="P3_SP00176" HPOS="1002" VPOS="2107" WIDTH="56"/>
						<String ID="P3_ST00202" HPOS="1058" VPOS="2044" WIDTH="75" HEIGHT="47" CONTENT="Sie" WC="0.98" CC="400"/>
						<SP ID="P3_SP00177" HPOS="1133" VPOS="2107" WIDTH="40"/>
						<String ID="P3_ST00203" HPOS="1173" VPOS="2044" WIDTH="172" HEIGHT="47" CONTENT="enthält" WC="0.98" CC="2357905"/>
						<SP ID="P3_SP00178" HPOS="1345" VPOS="2107" WIDTH="36"/>
						<String ID="P3_ST00204" HPOS="1381" VPOS="2043" WIDTH="147" HEIGHT="65" CONTENT="einige" WC="0.99" CC="007500"/>
						<SP ID="P3_SP00179" HPOS="1528" VPOS="2108" WIDTH="31"/>
						<String ID="P3_ST00205" HPOS="1559" VPOS="2060" WIDTH="52" HEIGHT="31" CONTENT="an" SUBS_TYPE="HypPart1" SUBS_CONTENT="angenehme" WC="0.93" CC="77"/>
						<HYP HPOS="1611" VPOS="2060" WIDTH="26" CONTENT="-"/>
					</TextLine>
					<TextLine ID="P3_TL00026" HPOS="96" VPOS="2118" WIDTH="1540" HEIGHT="67">
						<String ID="P3_ST00206" HPOS="96" VPOS="2118" WIDTH="228" HEIGHT="65" CONTENT="genehme" SUBS_TYPE="HypPart2" SUBS_CONTENT="angenehme" WC="0.99" CC="0030240"/>
						<SP ID="P3_SP00180" HPOS="324" VPOS="2183" WIDTH="33"/>
						<String ID="P3_ST00207" HPOS="357" VPOS="2119" WIDTH="92" HEIGHT="49" CONTENT="und" WC="0.98" CC="060"/>
						<SP ID="P3_SP00181" HPOS="449" VPOS="2183" WIDTH="30"/>
						<String ID="P3_ST00208" HPOS="479" VPOS="2121" WIDTH="219" HEIGHT="64" CONTENT="gefällige" WC="1.00" CC="000002003"/>
						<SP ID="P3_SP00182" HPOS="698" VPOS="2185" WIDTH="29"/>
						<String ID="P3_ST00209" HPOS="727" VPOS="2121" WIDTH="274" HEIGHT="57" CONTENT="Melodieen," WC="0.84" CC="0034000033"/>
						<SP ID="P3_SP00183" HPOS="1001" VPOS="2185" WIDTH="52"/>
						<String ID="P3_ST00210" HPOS="1053" VPOS="2122" WIDTH="84" HEIGHT="48" CONTENT="wie" WC="0.97" CC="800"/>
						<SP ID="P3_SP00184" HPOS="1137" VPOS="2185" WIDTH="31"/>
						<String ID="P3_ST00211" HPOS="1168" VPOS="2121" WIDTH="72" HEIGHT="49" CONTENT="die" WC="0.99" CC="300"/>
						<SP ID="P3_SP00185" HPOS="1240" VPOS="2185" WIDTH="29"/>
						<String ID="P3_ST00212" HPOS="1269" VPOS="2122" WIDTH="109" HEIGHT="48" CONTENT="Arie" WC="0.99" CC="0500"/>
						<SP ID="P3_SP00186" HPOS="1378" VPOS="2185" WIDTH="28"/>
						<String ID="P3_ST00213" HPOS="1406" VPOS="2121" WIDTH="78" HEIGHT="48" CONTENT="des" WC="0.99" CC="001"/>
						<SP ID="P3_SP00187" HPOS="1484" VPOS="2185" WIDTH="29"/>
						<String ID="P3_ST00214" HPOS="1513" VPOS="2122" WIDTH="93" HEIGHT="47" CONTENT="Mar" SUBS_TYPE="HypPart1" SUBS_CONTENT="Marquis:" WC="0.97" CC="046"/>
						<HYP HPOS="1606" VPOS="2122" WIDTH="30" CONTENT="-"/>
					</TextLine>
					<TextLine ID="P3_TL00027" HPOS="96" VPOS="2193" WIDTH="1181" HEIGHT="71">
						<String ID="P3_ST00215" HPOS="96" VPOS="2195" WIDTH="127" HEIGHT="66" CONTENT="quis:" SUBS_TYPE="HypPart2" SUBS_CONTENT="Marquis:" WC="0.98" CC="70003"/>
						<SP ID="P3_SP00188" HPOS="223" VPOS="2261" WIDTH="195"/>
						<String ID="P3_ST00216" HPOS="418" VPOS="2193" WIDTH="61" HEIGHT="52" CONTENT="Si" WC="0.54" CC="72" STYLEREFS="TXT_1"/>
						<SP ID="P3_SP00189" HPOS="479" VPOS="2261" WIDTH="104"/>
						<String ID="P3_ST00217" HPOS="583" VPOS="2197" WIDTH="56" HEIGHT="64" CONTENT="je" WC="0.83" CC="30" STYLEREFS="TXT_1"/>
						<SP ID="P3_SP00190" HPOS="639" VPOS="2261" WIDTH="122"/>
						<String ID="P3_ST00218" HPOS="761" VPOS="2195" WIDTH="47" HEIGHT="50" CONTENT="la" WC="0.74" CC="50" STYLEREFS="TXT_1"/>
						<SP ID="P3_SP00191" HPOS="808" VPOS="2261" WIDTH="98"/>
						<String ID="P3_ST00219" HPOS="906" VPOS="2197" WIDTH="192" HEIGHT="67" CONTENT="gronde," WC="0.66" CC="4650070" STYLEREFS="TXT_1"/>
						<String ID="P3_ST00220" HPOS="719" VPOS="2197" WIDTH="71" HEIGHT="49" CONTENT="die" WC="1.00" CC="000"/>
						<SP ID="P3_SP00192" HPOS="1098" VPOS="2264" WIDTH="-277"/>
						<String ID="P3_ST00221" HPOS="821" VPOS="2198" WIDTH="80" HEIGHT="48" CONTENT="der" WC="1.00" CC="000"/>
						<SP ID="P3_SP00193" HPOS="1098" VPOS="2264" WIDTH="-167"/>
						<String ID="P3_ST00222" HPOS="931" VPOS="2199" WIDTH="346" HEIGHT="49" CONTENT="Gouvernante:" WC="0.99" CC="100005655203"/>
					</TextLine>
					<TextLine ID="P3_TL00028" HPOS="103" VPOS="2272" WIDTH="1534" HEIGHT="68">
						<String ID="P3_ST00223" HPOS="103" VPOS="2272" WIDTH="148" HEIGHT="50" CONTENT="elever" WC="1.00" CC="003001" STYLEREFS="TXT_1"/>
						<SP ID="P3_SP00194" HPOS="251" VPOS="2322" WIDTH="199"/>
						<String ID="P3_ST00224" HPOS="450" VPOS="2273" WIDTH="176" HEIGHT="65" CONTENT="l'enfance," WC="0.87" CC="0200060310" STYLEREFS="TXT_1"/>
						<String ID="P3_ST00225" HPOS="627" VPOS="2275" WIDTH="60" HEIGHT="47" CONTENT="und" WC="1.00" CC="000"/>
						<SP ID="P3_SP00195" HPOS="687" VPOS="2338" WIDTH="1"/>
						<String ID="P3_ST00226" HPOS="688" VPOS="2274" WIDTH="63" HEIGHT="50" CONTENT="die" WC="0.97" CC="420"/>
						<SP ID="P3_SP00196" HPOS="751" VPOS="2338" WIDTH="31"/>
						<String ID="P3_ST00227" HPOS="782" VPOS="2277" WIDTH="208" HEIGHT="63" CONTENT="Gesänge" WC="1.00" CC="0000700"/>
						<SP ID="P3_SP00197" HPOS="990" VPOS="2340" WIDTH="32"/>
						<String ID="P3_ST00228" HPOS="1022" VPOS="2275" WIDTH="78" HEIGHT="50" CONTENT="der" WC="0.99" CC="003"/>
						<SP ID="P3_SP00198" HPOS="1100" VPOS="2340" WIDTH="29"/>
						<String ID="P3_ST00229" HPOS="1129" VPOS="2277" WIDTH="257" HEIGHT="48" CONTENT="Landleute" WC="1.00" CC="007000050"/>
						<SP ID="P3_SP00199" HPOS="1386" VPOS="2340" WIDTH="28"/>
						<String ID="P3_ST00230" HPOS="1414" VPOS="2275" WIDTH="60" HEIGHT="49" CONTENT="im" WC="0.97" CC="00"/>
						<SP ID="P3_SP00200" HPOS="1474" VPOS="2340" WIDTH="31"/>
						<String ID="P3_ST00231" HPOS="1505" VPOS="2277" WIDTH="106" HEIGHT="48" CONTENT="zwei" SUBS_TYPE="HypPart1" SUBS_CONTENT="zweiten" WC="0.99" CC="3000"/>
						<HYP HPOS="1611" VPOS="2277" WIDTH="26" CONTENT="-"/>
					</TextLine>
					<TextLine ID="P3_TL00029" HPOS="94" VPOS="2352" WIDTH="1542" HEIGHT="57">
						<String ID="P3_ST00232" HPOS="94" VPOS="2358" WIDTH="77" HEIGHT="42" CONTENT="ten" SUBS_TYPE="HypPart2" SUBS_CONTENT="zweiten" WC="0.99" CC="002"/>
						<SP ID="P3_SP00201" HPOS="171" VPOS="2400" WIDTH="30"/>
						<String ID="P3_ST00233" HPOS="201" VPOS="2353" WIDTH="131" HEIGHT="56" CONTENT="Acte," WC="0.98" CC="30602"/>
						<SP ID="P3_SP00202" HPOS="332" VPOS="2409" WIDTH="30"/>
						<String ID="P3_ST00234" HPOS="362" VPOS="2352" WIDTH="141" HEIGHT="49" CONTENT="deren" WC="0.99" CC="00005"/>
						<SP ID="P3_SP00203" HPOS="503" VPOS="2409" WIDTH="32"/>
						<String ID="P3_ST00235" HPOS="535" VPOS="2353" WIDTH="233" HEIGHT="49" CONTENT="einfacher" WC="1.00" CC="000050106"/>
						<SP ID="P3_SP00204" HPOS="768" VPOS="2409" WIDTH="30"/>
						<String ID="P3_ST00236" HPOS="798" VPOS="2354" WIDTH="91" HEIGHT="48" CONTENT="und" WC="0.98" CC="150"/>
						<SP ID="P3_SP00205" HPOS="889" VPOS="2409" WIDTH="32"/>
						<String ID="P3_ST00237" HPOS="921" VPOS="2354" WIDTH="155" HEIGHT="48" CONTENT="naiver" WC="0.98" CC="730800"/>
						<SP ID="P3_SP00206" HPOS="1076" VPOS="2409" WIDTH="31"/>
						<String ID="P3_ST00238" HPOS="1107" VPOS="2355" WIDTH="257" HEIGHT="49" CONTENT="Charakter" WC="0.99" CC="604420300"/>
						<SP ID="P3_SP00207" HPOS="1364" VPOS="2409" WIDTH="28"/>
						<String ID="P3_ST00239" HPOS="1392" VPOS="2354" WIDTH="103" HEIGHT="48" CONTENT="dem" WC="0.93" CC="909"/>
						<SP ID="P3_SP00208" HPOS="1495" VPOS="2409" WIDTH="26"/>
						<String ID="P3_ST00240" HPOS="1521" VPOS="2354" WIDTH="115" HEIGHT="50" CONTENT="Orte" WC="0.97" CC="3540"/>
					</TextLine>
					<TextLine ID="P3_TL00030" HPOS="96" VPOS="2429" WIDTH="1541" HEIGHT="66">
						<String ID="P3_ST00241" HPOS="96" VPOS="2429" WIDTH="91" HEIGHT="48" CONTENT="und" WC="0.98" CC="040"/>
						<SP ID="P3_SP00209" HPOS="187" VPOS="2477" WIDTH="38"/>
						<String ID="P3_ST00242" HPOS="225" VPOS="2429" WIDTH="87" HEIGHT="48" CONTENT="den" WC="0.98" CC="006"/>
						<SP ID="P3_SP00210" HPOS="312" VPOS="2477" WIDTH="31"/>
						<String ID="P3_ST00243" HPOS="343" VPOS="2430" WIDTH="233" HEIGHT="49" CONTENT="Personen" WC="0.99" CC="00073700"/>
						<SP ID="P3_SP00211" HPOS="576" VPOS="2479" WIDTH="43"/>
						<String ID="P3_ST00244" HPOS="619" VPOS="2448" WIDTH="298" HEIGHT="47" CONTENT="angemessen" WC="0.99" CC="5500004002"/>
						<SP ID="P3_SP00212" HPOS="917" VPOS="2495" WIDTH="44"/>
						<String ID="P3_ST00245" HPOS="961" VPOS="2432" WIDTH="76" HEIGHT="57" CONTENT="ist;" WC="0.98" CC="0250"/>
						<SP ID="P3_SP00213" HPOS="1037" VPOS="2495" WIDTH="44"/>
						<String ID="P3_ST00246" HPOS="1081" VPOS="2433" WIDTH="132" HEIGHT="48" CONTENT="allein" WC="0.99" CC="004005"/>
						<SP ID="P3_SP00214" HPOS="1213" VPOS="2495" WIDTH="46"/>
						<String ID="P3_ST00247" HPOS="1259" VPOS="2433" WIDTH="80" HEIGHT="47" CONTENT="mit" WC="0.96" CC="504"/>
						<SP ID="P3_SP00215" HPOS="1339" VPOS="2495" WIDTH="29"/>
						<String ID="P3_ST00248" HPOS="1368" VPOS="2432" WIDTH="269" HEIGHT="49" CONTENT="Ausnahme" WC="0.99" CC="50040700"/>
					</TextLine>
					<TextLine ID="P3_TL00031" HPOS="96" VPOS="2507" WIDTH="1540" HEIGHT="68">
						<String ID="P3_ST00249" HPOS="96" VPOS="2507" WIDTH="147" HEIGHT="49" CONTENT="dieser" WC="0.99" CC="000700"/>
						<SP ID="P3_SP00216" HPOS="243" VPOS="2556" WIDTH="28"/>
						<String ID="P3_ST00250" HPOS="271" VPOS="2508" WIDTH="169" HEIGHT="48" CONTENT="Stücke" WC="0.99" CC="560000"/>
						<SP ID="P3_SP00217" HPOS="440" VPOS="2556" WIDTH="33"/>
						<String ID="P3_ST00251" HPOS="473" VPOS="2508" WIDTH="109" HEIGHT="48" CONTENT="fehlt" WC="0.97" CC="05635"/>
						<SP ID="P3_SP00218" HPOS="582" VPOS="2556" WIDTH="29"/>
						<String ID="P3_ST00252" HPOS="611" VPOS="2526" WIDTH="47" HEIGHT="31" CONTENT="es" WC="0.73" CC="05"/>
						<SP ID="P3_SP00219" HPOS="658" VPOS="2557" WIDTH="30"/>
						<String ID="P3_ST00253" HPOS="688" VPOS="2509" WIDTH="81" HEIGHT="48" CONTENT="der" WC="1.00" CC="000"/>
						<SP ID="P3_SP00220" HPOS="769" VPOS="2557" WIDTH="29"/>
						<String ID="P3_ST00254" HPOS="798" VPOS="2509" WIDTH="151" HEIGHT="48" CONTENT="Musik" WC="1.00" CC="01010"/>
						<SP ID="P3_SP00221" HPOS="949" VPOS="2557" WIDTH="31"/>
						<String ID="P3_ST00255" HPOS="980" VPOS="2527" WIDTH="57" HEIGHT="32" CONTENT="an" WC="0.60" CC="61"/>
						<SP ID="P3_SP00222" HPOS="1037" VPOS="2559" WIDTH="32"/>
						<String ID="P3_ST00256" HPOS="1069" VPOS="2510" WIDTH="294" HEIGHT="65" CONTENT="Originalität" WC="0.99" CC="640008011404"/>
						<SP ID="P3_SP00223" HPOS="1363" VPOS="2575" WIDTH="29"/>
						<String ID="P3_ST00257" HPOS="1392" VPOS="2509" WIDTH="92" HEIGHT="48" CONTENT="und" WC="0.95" CC="219"/>
						<SP ID="P3_SP00224" HPOS="1484" VPOS="2575" WIDTH="32"/>
						<String ID="P3_ST00258" HPOS="1516" VPOS="2510" WIDTH="90" HEIGHT="49" CONTENT="Cha" SUBS_TYPE="HypPart1" SUBS_CONTENT="Charakter." WC="0.96" CC="665"/>
						<HYP HPOS="1606" VPOS="2510" WIDTH="30" CONTENT="-"/>
					</TextLine>
					<TextLine ID="P3_TL00032" HPOS="93" VPOS="2585" WIDTH="1532" HEIGHT="68">
						<String ID="P3_ST00259" HPOS="93" VPOS="2585" WIDTH="170" HEIGHT="49" CONTENT="rakter." SUBS_TYPE="HypPart2" SUBS_CONTENT="Charakter." WC="0.99" CC="1005051"/>
						<SP ID="P3_SP00225" HPOS="263" VPOS="2634" WIDTH="33"/>
						<String ID="P3_ST00260" HPOS="296" VPOS="2585" WIDTH="84" HEIGHT="50" CONTENT="Die" WC="0.97" CC="510"/>
						<SP ID="P3_SP00226" HPOS="380" VPOS="2635" WIDTH="24"/>
						<String ID="P3_ST00261" HPOS="404" VPOS="2587" WIDTH="149" HEIGHT="48" CONTENT="Musik" WC="0.99" CC="05000"/>
						<SP ID="P3_SP00227" HPOS="553" VPOS="2635" WIDTH="30"/>
						<String ID="P3_ST00262" HPOS="583" VPOS="2604" WIDTH="52" HEIGHT="31" CONTENT="zu" WC="0.57" CC="53"/>
						<SP ID="P3_SP00228" HPOS="635" VPOS="2635" WIDTH="44"/>
						<String ID="P3_ST00263" HPOS="679" VPOS="2626" WIDTH="16" HEIGHT="18" CONTENT="„" WC="0.64" CC="3"/>
						<String ID="P3_ST00264" HPOS="705" VPOS="2587" WIDTH="173" HEIGHT="66" CONTENT="Henry" WC="0.98" CC="80402" STYLEREFS="TXT_1"/>
						<SP ID="P3_SP00229" HPOS="878" VPOS="2653" WIDTH="27"/>
						<String ID="P3_ST00265" HPOS="905" VPOS="2587" WIDTH="100" HEIGHT="50" CONTENT="IV." WC="1.00" CC="000" STYLEREFS="TXT_1"/>
						<SP ID="P3_SP00230" HPOS="1005" VPOS="2653" WIDTH="28"/>
						<String ID="P3_ST00266" HPOS="1033" VPOS="2604" WIDTH="60" HEIGHT="33" CONTENT="ou" WC="0.63" CC="42" STYLEREFS="TXT_1"/>
						<SP ID="P3_SP00231" HPOS="1093" VPOS="2653" WIDTH="26"/>
						<String ID="P3_ST00267" HPOS="1119" VPOS="2588" WIDTH="46" HEIGHT="49" CONTENT="la" WC="1.00" CC="00" STYLEREFS="TXT_1"/>
						<SP ID="P3_SP00232" HPOS="1165" VPOS="2653" WIDTH="28"/>
						<String ID="P3_ST00268" HPOS="1193" VPOS="2585" WIDTH="210" HEIGHT="52" CONTENT="Bataille" WC="0.83" CC="40700000" STYLEREFS="TXT_1"/>
						<SP ID="P3_SP00233" HPOS="1403" VPOS="2653" WIDTH="24"/>
						<String ID="P3_ST00269" HPOS="1427" VPOS="2588" WIDTH="198" HEIGHT="65" CONTENT="d'lvry&#34;" WC="0.88" CC="0003004" STYLEREFS="TXT_1"/>
					</TextLine>
					<TextLine ID="P3_TL00033" HPOS="96" VPOS="2662" WIDTH="1540" HEIGHT="69">
						<String ID="P3_ST00270" HPOS="96" VPOS="2662" WIDTH="117" HEIGHT="67" CONTENT="(eine" WC="0.99" CC="20030"/>
						<SP ID="P3_SP00234" HPOS="213" VPOS="2729" WIDTH="29"/>
						<String ID="P3_ST00271" HPOS="242" VPOS="2664" WIDTH="239" HEIGHT="65" CONTENT="Operette," WC="0.99" CC="500506500"/>
						<SP ID="P3_SP00235" HPOS="481" VPOS="2729" WIDTH="44"/>
						<String ID="P3_ST00272" HPOS="525" VPOS="2664" WIDTH="72" HEIGHT="50" CONTENT="die" WC="0.96" CC="602"/>
						<SP ID="P3_SP00236" HPOS="597" VPOS="2729" WIDTH="35"/>
						<String ID="P3_ST00273" HPOS="632" VPOS="2665" WIDTH="144" HEIGHT="50" CONTENT="1774" WC="1.00" CC="0000"/>
						<SP ID="P3_SP00237" HPOS="776" VPOS="2729" WIDTH="45"/>
						<String ID="P3_ST00274" HPOS="821" VPOS="2667" WIDTH="82" HEIGHT="48" CONTENT="auf" WC="0.94" CC="239"/>
						<SP ID="P3_SP00238" HPOS="903" VPOS="2729" WIDTH="36"/>
						<String ID="P3_ST00275" HPOS="939" VPOS="2667" WIDTH="71" HEIGHT="49" CONTENT="die" WC="1.00" CC="000"/>
						<SP ID="P3_SP00239" HPOS="1010" VPOS="2729" WIDTH="42"/>
						<String ID="P3_ST00276" HPOS="1052" VPOS="2668" WIDTH="182" HEIGHT="48" CONTENT="Bretter" WC="0.99" CC="5000404"/>
						<SP ID="P3_SP00240" HPOS="1234" VPOS="2729" WIDTH="43"/>
						<String ID="P3_ST00277" HPOS="1277" VPOS="2667" WIDTH="122" HEIGHT="64" CONTENT="kam)" WC="0.97" CC="0606"/>
						<SP ID="P3_SP00241" HPOS="1399" VPOS="2731" WIDTH="45"/>
						<String ID="P3_ST00278" HPOS="1444" VPOS="2667" WIDTH="98" HEIGHT="64" CONTENT="gibt" WC="0.99" CC="0070"/>
						<SP ID="P3_SP00242" HPOS="1542" VPOS="2731" WIDTH="40"/>
						<String ID="P3_ST00279" HPOS="1582" VPOS="2684" WIDTH="54" HEIGHT="31" CONTENT="zu" WC="0.44" CC="55"/>
					</TextLine>
					<TextLine ID="P3_TL00034" HPOS="96" VPOS="2742" WIDTH="1540" HEIGHT="67">
						<String ID="P3_ST00280" HPOS="96" VPOS="2742" WIDTH="247" HEIGHT="48" CONTENT="denselben" WC="0.99" CC="008000600"/>
						<SP ID="P3_SP00243" HPOS="343" VPOS="2790" WIDTH="32"/>
						<String ID="P3_ST00281" HPOS="375" VPOS="2742" WIDTH="357" HEIGHT="66" CONTENT="Bemerkungen" WC="0.99" CC="60004025904"/>
						<SP ID="P3_SP00244" HPOS="732" VPOS="2808" WIDTH="30"/>
						<String ID="P3_ST00282" HPOS="762" VPOS="2745" WIDTH="178" HEIGHT="47" CONTENT="Anlass." WC="0.72" CC="0636020"/>
						<SP ID="P3_SP00245" HPOS="940" VPOS="2808" WIDTH="57"/>
						<String ID="P3_ST00283" HPOS="997" VPOS="2745" WIDTH="149" HEIGHT="47" CONTENT="Allein" WC="0.99" CC="000007"/>
						<SP ID="P3_SP00246" HPOS="1146" VPOS="2808" WIDTH="32"/>
						<String ID="P3_ST00284" HPOS="1178" VPOS="2762" WIDTH="132" HEIGHT="32" CONTENT="wenn" WC="0.98" CC="0072"/>
						<SP ID="P3_SP00247" HPOS="1310" VPOS="2808" WIDTH="32"/>
						<String ID="P3_ST00285" HPOS="1342" VPOS="2744" WIDTH="80" HEIGHT="48" CONTENT="der" WC="1.00" CC="000"/>
						<SP ID="P3_SP00248" HPOS="1422" VPOS="2808" WIDTH="30"/>
						<String ID="P3_ST00286" HPOS="1452" VPOS="2744" WIDTH="184" HEIGHT="65" CONTENT="Gesang" WC="0.99" CC="400070"/>
					</TextLine>
					<TextLine ID="P3_TL00035" HPOS="93" VPOS="2820" WIDTH="1543" HEIGHT="68">
						<String ID="P3_ST00287" HPOS="93" VPOS="2838" WIDTH="54" HEIGHT="29" CONTENT="zu" WC="0.66" CC="24"/>
						<SP ID="P3_SP00249" HPOS="147" VPOS="2867" WIDTH="30"/>
						<String ID="P3_ST00288" HPOS="177" VPOS="2822" WIDTH="249" HEIGHT="48" CONTENT="wünschen" WC="0.99" CC="60600017"/>
						<SP ID="P3_SP00250" HPOS="426" VPOS="2870" WIDTH="32"/>
						<String ID="P3_ST00289" HPOS="458" VPOS="2820" WIDTH="136" HEIGHT="66" CONTENT="übrig" WC="0.99" CC="00400"/>
						<SP ID="P3_SP00251" HPOS="594" VPOS="2886" WIDTH="31"/>
						<String ID="P3_ST00290" HPOS="625" VPOS="2823" WIDTH="120" HEIGHT="56" CONTENT="lässt," WC="0.71" CC="090034"/>
						<SP ID="P3_SP00252" HPOS="745" VPOS="2886" WIDTH="40"/>
						<String ID="P3_ST00291" HPOS="785" VPOS="2839" WIDTH="49" HEIGHT="32" CONTENT="so" WC="1.00" CC="00"/>
						<SP ID="P3_SP00253" HPOS="834" VPOS="2886" WIDTH="31"/>
						<String ID="P3_ST00292" HPOS="865" VPOS="2824" WIDTH="55" HEIGHT="47" CONTENT="ist" WC="1.00" CC="000"/>
						<SP ID="P3_SP00254" HPOS="920" VPOS="2886" WIDTH="28"/>
						<String ID="P3_ST00293" HPOS="948" VPOS="2823" WIDTH="71" HEIGHT="48" CONTENT="die" WC="0.96" CC="900"/>
						<SP ID="P3_SP00255" HPOS="1019" VPOS="2886" WIDTH="29"/>
						<String ID="P3_ST00294" HPOS="1048" VPOS="2823" WIDTH="418" HEIGHT="65" CONTENT="Instrumentirung" WC="0.64" CC="672500006645630"/>
						<SP ID="P3_SP00256" HPOS="1466" VPOS="2888" WIDTH="31"/>
						<String ID="P3_ST00295" HPOS="1497" VPOS="2823" WIDTH="112" HEIGHT="65" CONTENT="dage" SUBS_TYPE="HypPart1" SUBS_CONTENT="dagegen" WC="0.99" CC="0001"/>
						<HYP HPOS="1609" VPOS="2823" WIDTH="27" CONTENT="-"/>
					</TextLine>
					<TextLine ID="P3_TL00036" HPOS="93" VPOS="2898" WIDTH="1543" HEIGHT="63">
						<String ID="P3_ST00296" HPOS="93" VPOS="2914" WIDTH="88" HEIGHT="47" CONTENT="gen" SUBS_TYPE="HypPart2" SUBS_CONTENT="dagegen" WC="0.99" CC="001"/>
						<SP ID="P3_SP00257" HPOS="181" VPOS="2961" WIDTH="30"/>
						<String ID="P3_ST00297" HPOS="211" VPOS="2898" WIDTH="221" HEIGHT="63" CONTENT="glänzend" WC="0.99" CC="02056060"/>
						<SP ID="P3_SP00258" HPOS="432" VPOS="2961" WIDTH="32"/>
						<String ID="P3_ST00298" HPOS="464" VPOS="2899" WIDTH="94" HEIGHT="48" CONTENT="und" WC="0.93" CC="269"/>
						<SP ID="P3_SP00259" HPOS="558" VPOS="2961" WIDTH="30"/>
						<String ID="P3_ST00299" HPOS="588" VPOS="2900" WIDTH="295" HEIGHT="49" CONTENT="hinreissend." WC="0.99" CC="100600650802"/>
						<SP ID="P3_SP00260" HPOS="883" VPOS="2961" WIDTH="57"/>
						<String ID="P3_ST00300" HPOS="940" VPOS="2900" WIDTH="75" HEIGHT="49" CONTENT="Ich" WC="0.97" CC="700"/>
						<SP ID="P3_SP00261" HPOS="1015" VPOS="2961" WIDTH="45"/>
						<String ID="P3_ST00301" HPOS="1060" VPOS="2902" WIDTH="146" HEIGHT="48" CONTENT="kenne" WC="0.99" CC="00070"/>
						<SP ID="P3_SP00262" HPOS="1206" VPOS="2961" WIDTH="38"/>
						<String ID="P3_ST00302" HPOS="1244" VPOS="2902" WIDTH="131" HEIGHT="48" CONTENT="keine" WC="0.99" CC="00050"/>
						<SP ID="P3_SP00263" HPOS="1375" VPOS="2961" WIDTH="38"/>
						<String ID="P3_ST00303" HPOS="1413" VPOS="2900" WIDTH="223" HEIGHT="49" CONTENT="schönere" WC="1.00" CC="10300040"/>
					</TextLine>
					<TextLine ID="P3_TL00037" HPOS="94" VPOS="2977" WIDTH="1541" HEIGHT="68">
						<String ID="P3_ST00304" HPOS="94" VPOS="2977" WIDTH="280" HEIGHT="57" CONTENT="Ouvertüre," WC="0.99" CC="3500044401"/>
						<SP ID="P3_SP00264" HPOS="374" VPOS="3034" WIDTH="32"/>
						<String ID="P3_ST00305" HPOS="406" VPOS="2977" WIDTH="63" HEIGHT="48" CONTENT="als" WC="1.00" CC="000"/>
						<SP ID="P3_SP00265" HPOS="469" VPOS="3034" WIDTH="23"/>
						<String ID="P3_ST00306" HPOS="492" VPOS="2977" WIDTH="72" HEIGHT="48" CONTENT="die" WC="1.00" CC="000"/>
						<SP ID="P3_SP00266" HPOS="564" VPOS="3034" WIDTH="28"/>
						<String ID="P3_ST00307" HPOS="592" VPOS="2996" WIDTH="52" HEIGHT="30" CONTENT="zu" WC="1.00" CC="00"/>
						<SP ID="P3_SP00267" HPOS="644" VPOS="3034" WIDTH="24"/>
						<String ID="P3_ST00308" HPOS="668" VPOS="2978" WIDTH="172" HEIGHT="66" CONTENT="Henry" WC="1.00" CC="00000" STYLEREFS="TXT_1"/>
						<SP ID="P3_SP00268" HPOS="840" VPOS="3044" WIDTH="22"/>
						<String ID="P3_ST00309" HPOS="862" VPOS="2978" WIDTH="99" HEIGHT="51" CONTENT="IV." WC="1.00" CC="000" STYLEREFS="TXT_1"/>
						<SP ID="P3_SP00269" HPOS="961" VPOS="3044" WIDTH="47"/>
						<String ID="P3_ST00310" HPOS="1008" VPOS="2980" WIDTH="326" HEIGHT="65" CONTENT="Gesangreich," WC="1.00" CC="115050400041"/>
						<SP ID="P3_SP00270" HPOS="1334" VPOS="3045" WIDTH="25"/>
						<String ID="P3_ST00311" HPOS="1359" VPOS="2978" WIDTH="249" HEIGHT="49" CONTENT="ausdrucks" SUBS_TYPE="HypPart1" SUBS_CONTENT="ausdrucksvoll," WC="0.99" CC="360034002"/>
						<HYP HPOS="1608" VPOS="2978" WIDTH="27" CONTENT="-"/>
					</TextLine>
					<TextLine ID="P3_TL00038" HPOS="93" VPOS="3054" WIDTH="1546" HEIGHT="69">
						<String ID="P3_ST00312" HPOS="93" VPOS="3055" WIDTH="102" HEIGHT="56" CONTENT="voll," SUBS_TYPE="HypPart2" SUBS_CONTENT="ausdrucksvoll," WC="0.98" CC="01661"/>
						<SP ID="P3_SP00271" HPOS="195" VPOS="3111" WIDTH="44"/>
						<String ID="P3_ST00313" HPOS="239" VPOS="3054" WIDTH="144" HEIGHT="48" CONTENT="durch" WC="0.99" CC="00206"/>
						<SP ID="P3_SP00272" HPOS="383" VPOS="3111" WIDTH="39"/>
						<String ID="P3_ST00314" HPOS="422" VPOS="3055" WIDTH="216" HEIGHT="65" CONTENT="gefällige" WC="1.00" CC="000006000"/>
						<SP ID="P3_SP00273" HPOS="638" VPOS="3120" WIDTH="29"/>
						<String ID="P3_ST00315" HPOS="667" VPOS="3057" WIDTH="347" HEIGHT="66" CONTENT="Abwechslung" WC="0.99" CC="35000660003"/>
						<SP ID="P3_SP00274" HPOS="1014" VPOS="3123" WIDTH="30"/>
						<String ID="P3_ST00316" HPOS="1044" VPOS="3058" WIDTH="80" HEIGHT="48" CONTENT="der" WC="0.99" CC="003"/>
						<SP ID="P3_SP00275" HPOS="1124" VPOS="3123" WIDTH="33"/>
						<String ID="P3_ST00317" HPOS="1157" VPOS="3059" WIDTH="122" HEIGHT="47" CONTENT="Blas-" WC="0.99" CC="62100"/>
						<SP ID="P3_SP00276" HPOS="1279" VPOS="3123" WIDTH="33"/>
						<String ID="P3_ST00318" HPOS="1312" VPOS="3057" WIDTH="91" HEIGHT="49" CONTENT="und" WC="0.99" CC="020"/>
						<SP ID="P3_SP00277" HPOS="1403" VPOS="3123" WIDTH="31"/>
						<String ID="P3_ST00319" HPOS="1434" VPOS="3058" WIDTH="205" HEIGHT="47" CONTENT="Streich-" WC="0.98" CC="55503554"/>
					</TextLine>
					<TextLine ID="P3_TL00039" HPOS="93" VPOS="3131" WIDTH="1543" HEIGHT="68">
						<String ID="P3_ST00320" HPOS="93" VPOS="3131" WIDTH="308" HEIGHT="49" CONTENT="Instrumente" WC="0.99" CC="37055252601"/>
						<SP ID="P3_SP00278" HPOS="401" VPOS="3180" WIDTH="29"/>
						<String ID="P3_ST00321" HPOS="430" VPOS="3133" WIDTH="179" HEIGHT="48" CONTENT="reizend" WC="1.00" CC="0000060"/>
						<SP ID="P3_SP00279" HPOS="609" VPOS="3181" WIDTH="38"/>
						<String ID="P3_ST00322" HPOS="647" VPOS="3134" WIDTH="91" HEIGHT="47" CONTENT="und" WC="0.94" CC="348"/>
						<SP ID="P3_SP00280" HPOS="738" VPOS="3181" WIDTH="44"/>
						<String ID="P3_ST00323" HPOS="782" VPOS="3134" WIDTH="78" HEIGHT="48" CONTENT="mit" WC="1.00" CC="010"/>
						<SP ID="P3_SP00281" HPOS="860" VPOS="3182" WIDTH="29"/>
						<String ID="P3_ST00324" HPOS="889" VPOS="3152" WIDTH="182" HEIGHT="47" CONTENT="grosser" WC="0.99" CC="0430400"/>
						<SP ID="P3_SP00282" HPOS="1071" VPOS="3199" WIDTH="29"/>
						<String ID="P3_ST00325" HPOS="1100" VPOS="3137" WIDTH="151" HEIGHT="47" CONTENT="Kunst" WC="0.97" CC="55234"/>
						<SP ID="P3_SP00283" HPOS="1251" VPOS="3199" WIDTH="28"/>
						<String ID="P3_ST00326" HPOS="1279" VPOS="3134" WIDTH="357" HEIGHT="65" CONTENT="durchgeführt," WC="1.00" CC="0730300003064"/>
					</TextLine>
					<TextLine ID="P3_TL00040" HPOS="94" VPOS="3208" WIDTH="1540" HEIGHT="69">
						<String ID="P3_ST00327" HPOS="94" VPOS="3208" WIDTH="153" HEIGHT="67" CONTENT="bringt" WC="0.98" CC="740703"/>
						<SP ID="P3_SP00284" HPOS="247" VPOS="3275" WIDTH="29"/>
						<String ID="P3_ST00328" HPOS="276" VPOS="3210" WIDTH="62" HEIGHT="48" CONTENT="sie" WC="0.99" CC="020"/>
						<SP ID="P3_SP00285" HPOS="338" VPOS="3275" WIDTH="22"/>
						<String ID="P3_ST00329" HPOS="360" VPOS="3210" WIDTH="72" HEIGHT="48" CONTENT="die" WC="1.00" CC="000"/>
						<SP ID="P3_SP00286" HPOS="432" VPOS="3275" WIDTH="23"/>
						<String ID="P3_ST00330" HPOS="455" VPOS="3210" WIDTH="296" HEIGHT="66" CONTENT="glücklichste" WC="1.00" CC="000002000000"/>
						<SP ID="P3_SP00287" HPOS="751" VPOS="3276" WIDTH="28"/>
						<String ID="P3_ST00331" HPOS="779" VPOS="3211" WIDTH="236" HEIGHT="66" CONTENT="Wirkung" WC="0.99" CC="0441160"/>
						<SP ID="P3_SP00288" HPOS="1015" VPOS="3277" WIDTH="26"/>
						<String ID="P3_ST00332" HPOS="1041" VPOS="3213" WIDTH="162" HEIGHT="48" CONTENT="hervor" WC="0.98" CC="600903"/>
						<SP ID="P3_SP00289" HPOS="1203" VPOS="3277" WIDTH="31"/>
						<String ID="P3_ST00333" HPOS="1234" VPOS="3213" WIDTH="92" HEIGHT="48" CONTENT="und" WC="0.99" CC="010"/>
						<SP ID="P3_SP00290" HPOS="1326" VPOS="3277" WIDTH="28"/>
						<String ID="P3_ST00334" HPOS="1354" VPOS="3213" WIDTH="112" HEIGHT="48" CONTENT="wird" WC="0.98" CC="0530"/>
						<SP ID="P3_SP00291" HPOS="1466" VPOS="3277" WIDTH="32"/>
						<String ID="P3_ST00335" HPOS="1498" VPOS="3211" WIDTH="109" HEIGHT="50" CONTENT="über" SUBS_TYPE="HypPart1" SUBS_CONTENT="überall" WC="0.99" CC="0120"/>
						<HYP HPOS="1607" VPOS="3211" WIDTH="27" CONTENT="-"/>
					</TextLine>
					<TextLine ID="P3_TL00041" HPOS="94" VPOS="3288" WIDTH="1540" HEIGHT="64">
						<String ID="P3_ST00336" HPOS="94" VPOS="3288" WIDTH="56" HEIGHT="47" CONTENT="all" SUBS_TYPE="HypPart2" SUBS_CONTENT="überall" WC="0.94" CC="574"/>
						<SP ID="P3_SP00292" HPOS="150" VPOS="3335" WIDTH="43"/>
						<String ID="P3_ST00337" HPOS="193" VPOS="3288" WIDTH="210" HEIGHT="64" CONTENT="gefallen." WC="0.99" CC="000046044"/>
						<SP ID="P3_SP00293" HPOS="403" VPOS="3352" WIDTH="58"/>
						<String ID="P3_ST00338" HPOS="461" VPOS="3290" WIDTH="86" HEIGHT="47" CONTENT="Die" WC="0.99" CC="002"/>
						<SP ID="P3_SP00294" HPOS="547" VPOS="3352" WIDTH="43"/>
						<String ID="P3_ST00339" HPOS="590" VPOS="3289" WIDTH="164" HEIGHT="49" CONTENT="beiden" WC="0.99" CC="200700"/>
						<SP ID="P3_SP00295" HPOS="754" VPOS="3352" WIDTH="43"/>
						<String ID="P3_ST00340" HPOS="797" VPOS="3290" WIDTH="340" HEIGHT="48" CONTENT="Zwischenacte" WC="0.88" CC="000100046020"/>
						<SP ID="P3_SP00296" HPOS="1137" VPOS="3352" WIDTH="51"/>
						<String ID="P3_ST00341" HPOS="1188" VPOS="3290" WIDTH="91" HEIGHT="50" CONTENT="und" WC="0.99" CC="020"/>
						<SP ID="P3_SP00297" HPOS="1279" VPOS="3352" WIDTH="51"/>
						<String ID="P3_ST00342" HPOS="1330" VPOS="3290" WIDTH="81" HEIGHT="48" CONTENT="der" WC="0.98" CC="003"/>
						<SP ID="P3_SP00298" HPOS="1411" VPOS="3352" WIDTH="41"/>
						<String ID="P3_ST00343" HPOS="1452" VPOS="3290" WIDTH="182" HEIGHT="48" CONTENT="Marsch" WC="1.00" CC="050000"/>
					</TextLine>
					<TextLine ID="P3_TL00042" HPOS="94" VPOS="3365" WIDTH="1541" HEIGHT="69">
						<String ID="P3_ST00344" HPOS="94" VPOS="3365" WIDTH="345" HEIGHT="51" CONTENT="documentiren" WC="0.90" CC="000101000403"/>
						<SP ID="P3_SP00299" HPOS="439" VPOS="3416" WIDTH="45"/>
						<String ID="P3_ST00345" HPOS="484" VPOS="3368" WIDTH="124" HEIGHT="48" CONTENT="nicht" WC="0.98" CC="50064"/>
						<SP ID="P3_SP00300" HPOS="608" VPOS="3416" WIDTH="50"/>
						<String ID="P3_ST00346" HPOS="658" VPOS="3369" WIDTH="204" HEIGHT="65" CONTENT="weniger" WC="0.98" CC="0060905"/>
						<SP ID="P3_SP00301" HPOS="862" VPOS="3434" WIDTH="43"/>
						<String ID="P3_ST00347" HPOS="905" VPOS="3369" WIDTH="177" HEIGHT="58" CONTENT="Talent," WC="0.99" CC="0820350"/>
						<SP ID="P3_SP00302" HPOS="1082" VPOS="3434" WIDTH="51"/>
						<String ID="P3_ST00348" HPOS="1133" VPOS="3370" WIDTH="64" HEIGHT="48" CONTENT="als" WC="1.00" CC="000"/>
						<SP ID="P3_SP00303" HPOS="1197" VPOS="3434" WIDTH="49"/>
						<String ID="P3_ST00349" HPOS="1246" VPOS="3370" WIDTH="71" HEIGHT="48" CONTENT="die" WC="1.00" CC="000"/>
						<SP ID="P3_SP00304" HPOS="1317" VPOS="3434" WIDTH="40"/>
						<String ID="P3_ST00350" HPOS="1357" VPOS="3370" WIDTH="278" HEIGHT="48" CONTENT="Ouvertüre." WC="0.99" CC="5300060404"/>
					</TextLine>
					<TextLine ID="P3_TL00043" HPOS="93" VPOS="3444" WIDTH="1543" HEIGHT="60">
						<String ID="P3_ST00351" HPOS="93" VPOS="3444" WIDTH="108" HEIGHT="48" CONTENT="Man" WC="0.98" CC="004"/>
						<SP ID="P3_SP00305" HPOS="201" VPOS="3492" WIDTH="32"/>
						<String ID="P3_ST00352" HPOS="233" VPOS="3460" WIDTH="123" HEIGHT="32" CONTENT="muss" WC="0.82" CC="0600"/>
						<SP ID="P3_SP00306" HPOS="356" VPOS="3492" WIDTH="29"/>
						<String ID="P3_ST00353" HPOS="385" VPOS="3444" WIDTH="254" HEIGHT="60" CONTENT="bedauern," WC="0.99" CC="600110250"/>
						<SP ID="P3_SP00307" HPOS="639" VPOS="3504" WIDTH="31"/>
						<String ID="P3_ST00354" HPOS="670" VPOS="3445" WIDTH="101" HEIGHT="50" CONTENT="dass" WC="0.67" CC="0452"/>
						<SP ID="P3_SP00308" HPOS="771" VPOS="3504" WIDTH="24"/>
						<String ID="P3_ST00355" HPOS="795" VPOS="3463" WIDTH="106" HEIGHT="33" CONTENT="man" WC="0.94" CC="905"/>
						<SP ID="P3_SP00309" HPOS="901" VPOS="3504" WIDTH="25"/>
						<String ID="P3_ST00356" HPOS="926" VPOS="3448" WIDTH="121" HEIGHT="48" CONTENT="diese" WC="1.00" CC="01000"/>
						<SP ID="P3_SP00310" HPOS="1047" VPOS="3504" WIDTH="24"/>
						<String ID="P3_ST00357" HPOS="1071" VPOS="3448" WIDTH="263" HEIGHT="48" CONTENT="Ouvertüre" WC="0.99" CC="560045060"/>
						<SP ID="P3_SP00311" HPOS="1334" VPOS="3504" WIDTH="23"/>
						<String ID="P3_ST00358" HPOS="1357" VPOS="3446" WIDTH="124" HEIGHT="50" CONTENT="nicht" WC="0.98" CC="50060"/>
						<SP ID="P3_SP00312" HPOS="1481" VPOS="3504" WIDTH="23"/>
						<String ID="P3_ST00359" HPOS="1504" VPOS="3446" WIDTH="132" HEIGHT="49" CONTENT="mehr" WC="1.00" CC="2000"/>
					</TextLine>
					<TextLine ID="P3_TL00044" HPOS="93" VPOS="3523" WIDTH="1542" HEIGHT="68">
						<String ID="P3_ST00360" HPOS="93" VPOS="3539" WIDTH="51" HEIGHT="32" CONTENT="zu" WC="0.71" CC="50"/>
						<SP ID="P3_SP00313" HPOS="144" VPOS="3571" WIDTH="30"/>
						<String ID="P3_ST00361" HPOS="174" VPOS="3523" WIDTH="145" HEIGHT="49" CONTENT="hören" WC="0.99" CC="40400"/>
						<SP ID="P3_SP00314" HPOS="319" VPOS="3572" WIDTH="27"/>
						<String ID="P3_ST00362" HPOS="346" VPOS="3523" WIDTH="250" HEIGHT="50" CONTENT="bekommt." WC="0.99" CC="00000264"/>
						<SP ID="P3_SP00315" HPOS="596" VPOS="3573" WIDTH="33"/>
						<String ID="P3_ST00363" HPOS="629" VPOS="3525" WIDTH="158" HEIGHT="48" CONTENT="Wenn" WC="0.98" CC="0055"/>
						<SP ID="P3_SP00316" HPOS="787" VPOS="3573" WIDTH="25"/>
						<String ID="P3_ST00364" HPOS="812" VPOS="3542" WIDTH="105" HEIGHT="31" CONTENT="man" WC="0.94" CC="905"/>
						<SP ID="P3_SP00317" HPOS="917" VPOS="3573" WIDTH="25"/>
						<String ID="P3_ST00365" HPOS="942" VPOS="3525" WIDTH="78" HEIGHT="48" CONTENT="das" WC="0.98" CC="040"/>
						<SP ID="P3_SP00318" HPOS="1020" VPOS="3573" WIDTH="24"/>
						<String ID="P3_ST00366" HPOS="1044" VPOS="3526" WIDTH="141" HEIGHT="49" CONTENT="Stück" WC="1.00" CC="11000"/>
						<SP ID="P3_SP00319" HPOS="1185" VPOS="3575" WIDTH="30"/>
						<String ID="P3_ST00367" HPOS="1215" VPOS="3526" WIDTH="123" HEIGHT="49" CONTENT="nicht" WC="0.99" CC="00035"/>
						<SP ID="P3_SP00320" HPOS="1338" VPOS="3575" WIDTH="30"/>
						<String ID="P3_ST00368" HPOS="1368" VPOS="3525" WIDTH="131" HEIGHT="50" CONTENT="mehr" WC="0.99" CC="0031"/>
						<SP ID="P3_SP00321" HPOS="1499" VPOS="3575" WIDTH="22"/>
						<String ID="P3_ST00369" HPOS="1521" VPOS="3524" WIDTH="114" HEIGHT="67" CONTENT="gibt," WC="0.98" CC="00461"/>
					</TextLine>
					<TextLine ID="P3_TL00045" HPOS="94" VPOS="3601" WIDTH="1538" HEIGHT="68">
						<String ID="P3_ST00370" HPOS="94" VPOS="3615" WIDTH="177" HEIGHT="35" CONTENT="warum" WC="0.99" CC="00314"/>
						<SP ID="P3_SP00322" HPOS="271" VPOS="3650" WIDTH="32"/>
						<String ID="P3_ST00371" HPOS="303" VPOS="3601" WIDTH="181" HEIGHT="50" CONTENT="erweist" WC="0.99" CC="0300054"/>
						<SP ID="P3_SP00323" HPOS="484" VPOS="3651" WIDTH="45"/>
						<String ID="P3_ST00372" HPOS="529" VPOS="3619" WIDTH="105" HEIGHT="32" CONTENT="man" WC="0.99" CC="101"/>
						<SP ID="P3_SP00324" HPOS="634" VPOS="3651" WIDTH="38"/>
						<String ID="P3_ST00373" HPOS="672" VPOS="3603" WIDTH="123" HEIGHT="48" CONTENT="nicht" WC="0.99" CC="60010"/>
						<SP ID="P3_SP00325" HPOS="795" VPOS="3651" WIDTH="39"/>
						<String ID="P3_ST00374" HPOS="834" VPOS="3603" WIDTH="274" HEIGHT="66" CONTENT="wenigstens" WC="1.00" CC="6061000020"/>
						<SP ID="P3_SP00326" HPOS="1108" VPOS="3669" WIDTH="29"/>
						<String ID="P3_ST00375" HPOS="1137" VPOS="3604" WIDTH="81" HEIGHT="48" CONTENT="der" WC="0.98" CC="005"/>
						<SP ID="P3_SP00327" HPOS="1218" VPOS="3669" WIDTH="30"/>
						<String ID="P3_ST00376" HPOS="1248" VPOS="3604" WIDTH="262" HEIGHT="49" CONTENT="Ouvertüre" WC="0.99" CC="440045250"/>
						<SP ID="P3_SP00328" HPOS="1510" VPOS="3669" WIDTH="30"/>
						<String ID="P3_ST00377" HPOS="1540" VPOS="3603" WIDTH="69" HEIGHT="48" CONTENT="die" SUBS_TYPE="HypPart1" SUBS_CONTENT="dieselbe" WC="0.99" CC="000"/>
						<HYP HPOS="1609" VPOS="3603" WIDTH="23" CONTENT="-"/>
					</TextLine>
					<TextLine ID="P3_TL00046" HPOS="94" VPOS="3678" WIDTH="1540" HEIGHT="69">
						<String ID="P3_ST00378" HPOS="94" VPOS="3678" WIDTH="122" HEIGHT="49" CONTENT="selbe" SUBS_TYPE="HypPart2" SUBS_CONTENT="dieselbe" WC="0.99" CC="12050"/>
						<SP ID="P3_SP00329" HPOS="216" VPOS="3727" WIDTH="30"/>
						<String ID="P3_ST00379" HPOS="246" VPOS="3680" WIDTH="143" HEIGHT="56" CONTENT="Ehre," WC="0.99" CC="14300"/>
						<SP ID="P3_SP00330" HPOS="389" VPOS="3736" WIDTH="32"/>
						<String ID="P3_ST00380" HPOS="421" VPOS="3681" WIDTH="84" HEIGHT="47" CONTENT="wie" WC="0.98" CC="021"/>
						<SP ID="P3_SP00331" HPOS="505" VPOS="3736" WIDTH="30"/>
						<String ID="P3_ST00381" HPOS="535" VPOS="3680" WIDTH="81" HEIGHT="48" CONTENT="der" WC="1.00" CC="000"/>
						<SP ID="P3_SP00332" HPOS="616" VPOS="3736" WIDTH="28"/>
						<String ID="P3_ST00382" HPOS="644" VPOS="3698" WIDTH="52" HEIGHT="30" CONTENT="zu" WC="0.96" CC="00"/>
						<SP ID="P3_SP00333" HPOS="696" VPOS="3736" WIDTH="36"/>
						<String ID="P3_ST00383" HPOS="732" VPOS="3680" WIDTH="70" HEIGHT="50" CONTENT="Le" WC="1.00" CC="00" STYLEREFS="TXT_1"/>
						<SP ID="P3_SP00334" HPOS="802" VPOS="3736" WIDTH="20"/>
						<String ID="P3_ST00384" HPOS="822" VPOS="3680" WIDTH="145" HEIGHT="66" CONTENT="jeune" WC="0.66" CC="00178" STYLEREFS="TXT_1"/>
						<SP ID="P3_SP00335" HPOS="967" VPOS="3746" WIDTH="30"/>
						<String ID="P3_ST00385" HPOS="997" VPOS="3680" WIDTH="176" HEIGHT="67" CONTENT="Henry" WC="0.99" CC="00800" STYLEREFS="TXT_1"/>
						<SP ID="P3_SP00336" HPOS="1173" VPOS="3747" WIDTH="28"/>
						<String ID="P3_ST00386" HPOS="1201" VPOS="3699" WIDTH="85" HEIGHT="32" CONTENT="von" WC="0.98" CC="022"/>
						<SP ID="P3_SP00337" HPOS="1286" VPOS="3747" WIDTH="30"/>
						<String ID="P3_ST00387" HPOS="1316" VPOS="3681" WIDTH="188" HEIGHT="50" CONTENT="Mehul?" WC="0.82" CC="025002"/>
						<SP ID="P3_SP00338" HPOS="1504" VPOS="3747" WIDTH="55"/>
						<String ID="P3_ST00388" HPOS="1559" VPOS="3683" WIDTH="75" HEIGHT="47" CONTENT="Sie" WC="0.99" CC="300"/>
					</TextLine>
					<TextLine ID="P3_TL00047" HPOS="94" VPOS="3754" WIDTH="1448" HEIGHT="70">
						<String ID="P3_ST00389" HPOS="94" VPOS="3754" WIDTH="119" HEIGHT="51" CONTENT="kann" WC="0.96" CC="0577"/>
						<SP ID="P3_SP00339" HPOS="213" VPOS="3805" WIDTH="33"/>
						<String ID="P3_ST00390" HPOS="246" VPOS="3758" WIDTH="85" HEIGHT="49" CONTENT="den" WC="0.97" CC="006"/>
						<SP ID="P3_SP00340" HPOS="331" VPOS="3807" WIDTH="33"/>
						<String ID="P3_ST00391" HPOS="364" VPOS="3759" WIDTH="240" HEIGHT="65" CONTENT="Vergleich" WC="1.00" CC="003002000"/>
						<SP ID="P3_SP00341" HPOS="604" VPOS="3824" WIDTH="35"/>
						<String ID="P3_ST00392" HPOS="639" VPOS="3760" WIDTH="79" HEIGHT="47" CONTENT="mit" WC="0.99" CC="003"/>
						<SP ID="P3_SP00342" HPOS="718" VPOS="3824" WIDTH="29"/>
						<String ID="P3_ST00393" HPOS="747" VPOS="3759" WIDTH="146" HEIGHT="48" CONTENT="dieser" WC="0.99" CC="003501"/>
						<SP ID="P3_SP00343" HPOS="893" VPOS="3824" WIDTH="29"/>
						<String ID="P3_ST00394" HPOS="922" VPOS="3759" WIDTH="305" HEIGHT="49" CONTENT="vollkommen" WC="0.99" CC="0504220004"/>
						<SP ID="P3_SP00344" HPOS="1227" VPOS="3824" WIDTH="33"/>
						<String ID="P3_ST00395" HPOS="1260" VPOS="3760" WIDTH="282" HEIGHT="48" CONTENT='aushalten."' WC="0.99" CC="06370060546"/>
						<SP ID="P3_SP00345" HPOS="1542" VPOS="3824" WIDTH="0"/>
					</TextLine>
					<TextLine ID="P3_TL00048" HPOS="106" VPOS="3835" WIDTH="1524" HEIGHT="69">
						<String ID="P3_ST00396" HPOS="106" VPOS="3835" WIDTH="181" HEIGHT="53" CONTENT="„Ueber" WC="0.61" CC="370605"/>
						<SP ID="P3_SP00346" HPOS="287" VPOS="3888" WIDTH="30"/>
						<String ID="P3_ST00397" HPOS="317" VPOS="3838" WIDTH="184" HEIGHT="63" CONTENT="Mangel" WC="0.98" CC="075006"/>
						<SP ID="P3_SP00347" HPOS="501" VPOS="3901" WIDTH="29"/>
						<String ID="P3_ST00398" HPOS="530" VPOS="3854" WIDTH="56" HEIGHT="31" CONTENT="an" WC="0.60" CC="52"/>
						<SP ID="P3_SP00348" HPOS="586" VPOS="3901" WIDTH="33"/>
						<String ID="P3_ST00399" HPOS="619" VPOS="3838" WIDTH="256" HEIGHT="48" CONTENT="Charakter" WC="0.99" CC="545910300"/>
						<SP ID="P3_SP00349" HPOS="875" VPOS="3901" WIDTH="45"/>
						<String ID="P3_ST00400" HPOS="920" VPOS="3838" WIDTH="91" HEIGHT="48" CONTENT="und" WC="0.98" CC="050"/>
						<SP ID="P3_SP00350" HPOS="1011" VPOS="3901" WIDTH="30"/>
						<String ID="P3_ST00401" HPOS="1041" VPOS="3838" WIDTH="309" HEIGHT="66" CONTENT="Originalität," WC="0.99" CC="5000070103960"/>
						<SP ID="P3_SP00351" HPOS="1350" VPOS="3904" WIDTH="46"/>
						<String ID="P3_ST00402" HPOS="1396" VPOS="3838" WIDTH="85" HEIGHT="48" CONTENT="den" WC="1.00" CC="000"/>
						<SP ID="P3_SP00352" HPOS="1481" VPOS="3904" WIDTH="46"/>
						<String ID="P3_ST00403" HPOS="1527" VPOS="3854" WIDTH="103" HEIGHT="32" CONTENT="man" WC="0.97" CC="205"/>
					</TextLine>
					<TextLine ID="P3_TL00049" HPOS="96" VPOS="3910" WIDTH="1535" HEIGHT="71">
						<String ID="P3_ST00404" HPOS="96" VPOS="3910" WIDTH="84" HEIGHT="49" CONTENT="den" WC="1.00" CC="000"/>
						<SP ID="P3_SP00353" HPOS="180" VPOS="3959" WIDTH="30"/>
						<String ID="P3_ST00405" HPOS="210" VPOS="3915" WIDTH="140" HEIGHT="47" CONTENT="Arien" WC="0.98" CC="36008"/>
						<SP ID="P3_SP00354" HPOS="350" VPOS="3962" WIDTH="30"/>
						<String ID="P3_ST00406" HPOS="380" VPOS="3915" WIDTH="148" HEIGHT="47" CONTENT="seiner" WC="0.98" CC="600619"/>
						<SP ID="P3_SP00355" HPOS="528" VPOS="3962" WIDTH="30"/>
						<String ID="P3_ST00407" HPOS="558" VPOS="3923" WIDTH="149" HEIGHT="40" CONTENT="ersten" WC="0.99" CC="050602"/>
						<SP ID="P3_SP00356" HPOS="707" VPOS="3963" WIDTH="31"/>
						<String ID="P3_ST00408" HPOS="738" VPOS="3916" WIDTH="129" HEIGHT="65" CONTENT="Oper" WC="0.99" CC="6000"/>
						<SP ID="P3_SP00357" HPOS="867" VPOS="3981" WIDTH="28"/>
						<String ID="P3_ST00409" HPOS="895" VPOS="3933" WIDTH="100" HEIGHT="30" CONTENT="zum" WC="0.95" CC="506"/>
						<SP ID="P3_SP00358" HPOS="995" VPOS="3981" WIDTH="34"/>
						<String ID="P3_ST00410" HPOS="1029" VPOS="3916" WIDTH="222" HEIGHT="49" CONTENT="Vorwurf" WC="1.00" CC="0100130"/>
						<SP ID="P3_SP00359" HPOS="1251" VPOS="3981" WIDTH="26"/>
						<String ID="P3_ST00411" HPOS="1277" VPOS="3916" WIDTH="197" HEIGHT="56" CONTENT="machte," WC="0.99" CC="3601104"/>
						<SP ID="P3_SP00360" HPOS="1474" VPOS="3981" WIDTH="39"/>
						<String ID="P3_ST00412" HPOS="1513" VPOS="3916" WIDTH="118" HEIGHT="49" CONTENT="kann" WC="0.97" CC="0472"/>
					</TextLine>
					<TextLine ID="P3_TL00050" HPOS="96" VPOS="3991" WIDTH="1538" HEIGHT="69">
						<String ID="P3_ST00413" HPOS="96" VPOS="3998" WIDTH="160" HEIGHT="50" CONTENT='man",' WC="0.97" CC="80644"/>
						<SP ID="P3_SP00361" HPOS="256" VPOS="4048" WIDTH="49"/>
						<String ID="P3_ST00414" HPOS="305" VPOS="3993" WIDTH="123" HEIGHT="48" CONTENT="fährt" WC="0.98" CC="00466"/>
						<SP ID="P3_SP00362" HPOS="428" VPOS="4048" WIDTH="41"/>
						<String ID="P3_ST00415" HPOS="469" VPOS="3993" WIDTH="197" HEIGHT="49" CONTENT="Martine" WC="0.99" CC="7008040"/>
						<SP ID="P3_SP00363" HPOS="666" VPOS="4048" WIDTH="41"/>
						<String ID="P3_ST00416" HPOS="707" VPOS="3993" WIDTH="105" HEIGHT="58" CONTENT="fort," WC="0.98" CC="05353"/>
						<SP ID="P3_SP00364" HPOS="812" VPOS="4051" WIDTH="55"/>
						<String ID="P3_ST00417" HPOS="867" VPOS="3994" WIDTH="97" HEIGHT="56" CONTENT="„bei" WC="0.99" CC="3000"/>
						<SP ID="P3_SP00365" HPOS="964" VPOS="4051" WIDTH="46"/>
						<String ID="P3_ST00418" HPOS="1010" VPOS="3993" WIDTH="81" HEIGHT="49" CONTENT="der" WC="0.99" CC="002"/>
						<SP ID="P3_SP00366" HPOS="1091" VPOS="4051" WIDTH="37"/>
						<String ID="P3_ST00419" HPOS="1128" VPOS="3994" WIDTH="128" HEIGHT="66" CONTENT="Oper" WC="1.00" CC="2000"/>
						<SP ID="P3_SP00367" HPOS="1256" VPOS="4060" WIDTH="40"/>
						<String ID="P3_ST00420" HPOS="1296" VPOS="3994" WIDTH="94" HEIGHT="57" CONTENT="„Le" WC="0.70" CC="710" STYLEREFS="TXT_1"/>
						<SP ID="P3_SP00368" HPOS="1390" VPOS="4060" WIDTH="27"/>
						<String ID="P3_ST00421" HPOS="1417" VPOS="3991" WIDTH="127" HEIGHT="52" CONTENT="droit" WC="0.97" CC="08807" STYLEREFS="TXT_1"/>
						<SP ID="P3_SP00369" HPOS="1544" VPOS="4060" WIDTH="26"/>
						<String ID="P3_ST00422" HPOS="1570" VPOS="3993" WIDTH="64" HEIGHT="49" CONTENT="du" WC="0.60" CC="07" STYLEREFS="TXT_1"/>
					</TextLine>
					<TextLine ID="P3_TL00051" HPOS="96" VPOS="4064" WIDTH="1536" HEIGHT="73">
						<String ID="P3_ST00423" HPOS="96" VPOS="4064" WIDTH="223" HEIGHT="69" CONTENT="Seigneur" WC="0.78" CC="60040104" STYLEREFS="TXT_1"/>
						<String ID="P3_ST00424" HPOS="327" VPOS="4078" WIDTH="18" HEIGHT="17" CONTENT='"' WC="0.61" CC="3"/>
						<SP ID="P3_SP00370" HPOS="345" VPOS="4133" WIDTH="40"/>
						<String ID="P3_ST00425" HPOS="385" VPOS="4073" WIDTH="125" HEIGHT="48" CONTENT="nicht" WC="0.99" CC="01005"/>
						<SP ID="P3_SP00371" HPOS="510" VPOS="4133" WIDTH="39"/>
						<String ID="P3_ST00426" HPOS="549" VPOS="4071" WIDTH="179" HEIGHT="65" CONTENT="klagen." WC="0.98" CC="0559064"/>
						<SP ID="P3_SP00372" HPOS="728" VPOS="4136" WIDTH="59"/>
						<String ID="P3_ST00427" HPOS="787" VPOS="4073" WIDTH="94" HEIGHT="48" CONTENT="Das" WC="0.97" CC="150"/>
						<SP ID="P3_SP00373" HPOS="881" VPOS="4136" WIDTH="41"/>
						<String ID="P3_ST00428" HPOS="922" VPOS="4071" WIDTH="249" HEIGHT="66" CONTENT="glänzende" WC="0.99" CC="009660600"/>
						<SP ID="P3_SP00374" HPOS="1171" VPOS="4137" WIDTH="44"/>
						<String ID="P3_ST00429" HPOS="1215" VPOS="4073" WIDTH="179" HEIGHT="57" CONTENT="Talent," WC="0.99" CC="0050760"/>
						<SP ID="P3_SP00375" HPOS="1394" VPOS="4137" WIDTH="43"/>
						<String ID="P3_ST00430" HPOS="1437" VPOS="4073" WIDTH="195" HEIGHT="48" CONTENT="welches" WC="0.99" CC="9000600"/>
					</TextLine>
				</TextBlock>
				<TextBlock ID="P3_TB00003" HPOS="1702" VPOS="259" WIDTH="1550" HEIGHT="3869" STYLEREFS="TXT_0 PAR_BLOCK">
					<TextLine ID="P3_TL00052" HPOS="1712" VPOS="260" WIDTH="1524" HEIGHT="62">
						<String ID="P3_ST00431" HPOS="1712" VPOS="260" WIDTH="181" HEIGHT="48" CONTENT="Marlini" WC="0.98" CC="0560350"/>
						<SP ID="P3_SP00376" HPOS="1893" VPOS="308" WIDTH="33"/>
						<String ID="P3_ST00432" HPOS="1926" VPOS="261" WIDTH="96" HEIGHT="47" CONTENT="hier" WC="0.98" CC="7001"/>
						<SP ID="P3_SP00377" HPOS="2022" VPOS="308" WIDTH="32"/>
						<String ID="P3_ST00433" HPOS="2054" VPOS="260" WIDTH="305" HEIGHT="57" CONTENT="beurkundet," WC="0.99" CC="64403584065"/>
						<SP ID="P3_SP00378" HPOS="2359" VPOS="317" WIDTH="30"/>
						<String ID="P3_ST00434" HPOS="2389" VPOS="264" WIDTH="102" HEIGHT="46" CONTENT="lässt" WC="0.76" CC="00506"/>
						<SP ID="P3_SP00379" HPOS="2491" VPOS="317" WIDTH="30"/>
						<String ID="P3_ST00435" HPOS="2521" VPOS="265" WIDTH="282" HEIGHT="55" CONTENT="vermuthen," WC="0.67" CC="0050077750"/>
						<SP ID="P3_SP00380" HPOS="2803" VPOS="320" WIDTH="32"/>
						<String ID="P3_ST00436" HPOS="2835" VPOS="267" WIDTH="117" HEIGHT="55" CONTENT="dass," WC="0.66" CC="05540"/>
						<SP ID="P3_SP00381" HPOS="2952" VPOS="322" WIDTH="32"/>
						<String ID="P3_ST00437" HPOS="2984" VPOS="284" WIDTH="129" HEIGHT="31" CONTENT="wenn" WC="0.95" CC="9047"/>
						<SP ID="P3_SP00382" HPOS="3113" VPOS="322" WIDTH="32"/>
						<String ID="P3_ST00438" HPOS="3145" VPOS="268" WIDTH="91" HEIGHT="48" CONTENT="ihm" WC="0.97" CC="060"/>
					</TextLine>
					<TextLine ID="P3_TL00053" HPOS="1712" VPOS="336" WIDTH="1526" HEIGHT="66">
						<String ID="P3_ST00439" HPOS="1712" VPOS="336" WIDTH="71" HEIGHT="49" CONTENT="die" WC="0.99" CC="030"/>
						<SP ID="P3_SP00383" HPOS="1783" VPOS="385" WIDTH="23"/>
						<String ID="P3_ST00440" HPOS="1806" VPOS="339" WIDTH="144" HEIGHT="46" CONTENT="Texte" WC="0.99" CC="00230"/>
						<SP ID="P3_SP00384" HPOS="1950" VPOS="385" WIDTH="23"/>
						<String ID="P3_ST00441" HPOS="1973" VPOS="339" WIDTH="233" HEIGHT="62" CONTENT="günstiger" WC="0.99" CC="900565600"/>
						<SP ID="P3_SP00385" HPOS="2206" VPOS="401" WIDTH="30"/>
						<String ID="P3_ST00442" HPOS="2236" VPOS="355" WIDTH="209" HEIGHT="47" CONTENT="gewesen" WC="0.99" CC="0030006"/>
						<SP ID="P3_SP00386" HPOS="2445" VPOS="402" WIDTH="26"/>
						<String ID="P3_ST00443" HPOS="2471" VPOS="344" WIDTH="168" HEIGHT="52" CONTENT="wären," WC="0.99" CC="074020"/>
						<SP ID="P3_SP00387" HPOS="2639" VPOS="402" WIDTH="32"/>
						<String ID="P3_ST00444" HPOS="2671" VPOS="358" WIDTH="48" HEIGHT="30" CONTENT="er" WC="0.81" CC="03"/>
						<SP ID="P3_SP00388" HPOS="2719" VPOS="402" WIDTH="30"/>
						<String ID="P3_ST00445" HPOS="2749" VPOS="343" WIDTH="114" HEIGHT="47" CONTENT="auch" WC="0.95" CC="5486"/>
						<SP ID="P3_SP00389" HPOS="2863" VPOS="402" WIDTH="33"/>
						<String ID="P3_ST00446" HPOS="2896" VPOS="344" WIDTH="41" HEIGHT="47" CONTENT="in" WC="0.94" CC="01"/>
						<SP ID="P3_SP00390" HPOS="2937" VPOS="402" WIDTH="31"/>
						<String ID="P3_ST00447" HPOS="2968" VPOS="344" WIDTH="85" HEIGHT="48" CONTENT="den" WC="1.00" CC="000"/>
						<SP ID="P3_SP00391" HPOS="3053" VPOS="402" WIDTH="35"/>
						<String ID="P3_ST00448" HPOS="3088" VPOS="345" WIDTH="125" HEIGHT="49" CONTENT="frühe" SUBS_TYPE="HypPart1" SUBS_CONTENT="früheren" WC="0.98" CC="75401"/>
						<HYP HPOS="3213" VPOS="345" WIDTH="25" CONTENT="-"/>
					</TextLine>
					<TextLine ID="P3_TL00054" HPOS="1715" VPOS="415" WIDTH="1523" HEIGHT="66">
						<String ID="P3_ST00449" HPOS="1715" VPOS="430" WIDTH="77" HEIGHT="32" CONTENT="ren" SUBS_TYPE="HypPart2" SUBS_CONTENT="früheren" WC="0.98" CC="202"/>
						<SP ID="P3_SP00392" HPOS="1792" VPOS="462" WIDTH="32"/>
						<String ID="P3_ST00450" HPOS="1824" VPOS="415" WIDTH="159" HEIGHT="64" CONTENT="Opern" WC="0.97" CC="64036"/>
						<SP ID="P3_SP00393" HPOS="1983" VPOS="479" WIDTH="32"/>
						<String ID="P3_ST00451" HPOS="2015" VPOS="415" WIDTH="114" HEIGHT="47" CONTENT="noch" WC="0.99" CC="7000"/>
						<SP ID="P3_SP00394" HPOS="2129" VPOS="479" WIDTH="35"/>
						<String ID="P3_ST00452" HPOS="2164" VPOS="416" WIDTH="373" HEIGHT="65" CONTENT="Vorzüglicheres" WC="0.99" CC="62030960800300"/>
						<SP ID="P3_SP00395" HPOS="2537" VPOS="481" WIDTH="27"/>
						<String ID="P3_ST00453" HPOS="2564" VPOS="418" WIDTH="205" HEIGHT="63" CONTENT="geleistet" WC="0.99" CC="021002504"/>
						<SP ID="P3_SP00396" HPOS="2769" VPOS="481" WIDTH="29"/>
						<String ID="P3_ST00454" HPOS="2798" VPOS="420" WIDTH="147" HEIGHT="47" CONTENT="haben" WC="0.98" CC="00406"/>
						<SP ID="P3_SP00397" HPOS="2945" VPOS="481" WIDTH="34"/>
						<String ID="P3_ST00455" HPOS="2979" VPOS="420" WIDTH="170" HEIGHT="50" CONTENT="würde." WC="0.98" CC="904003"/>
						<SP ID="P3_SP00398" HPOS="3149" VPOS="481" WIDTH="40"/>
						<String ID="P3_ST00456" HPOS="3189" VPOS="424" WIDTH="49" HEIGHT="47" CONTENT="In" WC="0.42" CC="56"/>
					</TextLine>
					<TextLine ID="P3_TL00055" HPOS="1714" VPOS="491" WIDTH="1527" HEIGHT="64">
						<String ID="P3_ST00457" HPOS="1714" VPOS="491" WIDTH="81" HEIGHT="49" CONTENT="der" WC="1.00" CC="000"/>
						<SP ID="P3_SP00399" HPOS="1795" VPOS="540" WIDTH="29"/>
						<String ID="P3_ST00458" HPOS="1824" VPOS="493" WIDTH="277" HEIGHT="54" CONTENT="Ouvertüre," WC="0.99" CC="4060020400"/>
						<SP ID="P3_SP00400" HPOS="2101" VPOS="547" WIDTH="46"/>
						<String ID="P3_ST00459" HPOS="2147" VPOS="494" WIDTH="143" HEIGHT="46" CONTENT="worin" WC="0.97" CC="91307"/>
						<SP ID="P3_SP00401" HPOS="2290" VPOS="547" WIDTH="45"/>
						<String ID="P3_ST00460" HPOS="2335" VPOS="510" WIDTH="47" HEIGHT="31" CONTENT="er" WC="0.75" CC="05"/>
						<SP ID="P3_SP00402" HPOS="2382" VPOS="547" WIDTH="42"/>
						<String ID="P3_ST00461" HPOS="2424" VPOS="494" WIDTH="80" HEIGHT="48" CONTENT="das" WC="0.99" CC="002"/>
						<SP ID="P3_SP00403" HPOS="2504" VPOS="547" WIDTH="30"/>
						<String ID="P3_ST00462" HPOS="2534" VPOS="495" WIDTH="253" HEIGHT="50" CONTENT="Erwachen" WC="0.99" CC="03000603"/>
						<SP ID="P3_SP00404" HPOS="2787" VPOS="547" WIDTH="33"/>
						<String ID="P3_ST00463" HPOS="2820" VPOS="496" WIDTH="79" HEIGHT="49" CONTENT="der" WC="0.99" CC="002"/>
						<SP ID="P3_SP00405" HPOS="2899" VPOS="547" WIDTH="27"/>
						<String ID="P3_ST00464" HPOS="2926" VPOS="499" WIDTH="149" HEIGHT="47" CONTENT="Natur" WC="0.95" CC="96862"/>
						<SP ID="P3_SP00406" HPOS="3075" VPOS="547" WIDTH="43"/>
						<String ID="P3_ST00465" HPOS="3118" VPOS="500" WIDTH="123" HEIGHT="55" CONTENT="malt," WC="0.99" CC="00350"/>
					</TextLine>
					<TextLine ID="P3_TL00056" HPOS="1714" VPOS="569" WIDTH="1526" HEIGHT="65">
						<String ID="P3_ST00466" HPOS="1714" VPOS="569" WIDTH="148" HEIGHT="65" CONTENT="gehen" WC="0.98" CC="00705"/>
						<SP ID="P3_SP00407" HPOS="1862" VPOS="634" WIDTH="32"/>
						<String ID="P3_ST00467" HPOS="1894" VPOS="569" WIDTH="70" HEIGHT="47" CONTENT="die" WC="1.00" CC="000"/>
						<SP ID="P3_SP00408" HPOS="1964" VPOS="634" WIDTH="29"/>
						<String ID="P3_ST00468" HPOS="1993" VPOS="570" WIDTH="349" HEIGHT="48" CONTENT="verschiedenen" WC="1.00" CC="1400050000606"/>
						<SP ID="P3_SP00409" HPOS="2342" VPOS="634" WIDTH="27"/>
						<String ID="P3_ST00469" HPOS="2369" VPOS="571" WIDTH="166" HEIGHT="55" CONTENT="Bilder," WC="0.99" CC="7030002"/>
						<SP ID="P3_SP00410" HPOS="2535" VPOS="634" WIDTH="32"/>
						<String ID="P3_ST00470" HPOS="2567" VPOS="574" WIDTH="170" HEIGHT="47" CONTENT="welche" WC="1.00" CC="021001"/>
						<SP ID="P3_SP00411" HPOS="2737" VPOS="634" WIDTH="29"/>
						<String ID="P3_ST00471" HPOS="2766" VPOS="574" WIDTH="79" HEIGHT="47" CONTENT="das" WC="0.98" CC="050"/>
						<SP ID="P3_SP00412" HPOS="2845" VPOS="634" WIDTH="29"/>
						<String ID="P3_ST00472" HPOS="2874" VPOS="575" WIDTH="263" HEIGHT="48" CONTENT="Landleben" WC="0.99" CC="162030407"/>
						<SP ID="P3_SP00413" HPOS="3137" VPOS="634" WIDTH="32"/>
						<String ID="P3_ST00473" HPOS="3169" VPOS="593" WIDTH="71" HEIGHT="32" CONTENT="am" WC="0.75" CC="40"/>
					</TextLine>
					<TextLine ID="P3_TL00057" HPOS="1714" VPOS="646" WIDTH="1530" HEIGHT="64">
						<String ID="P3_ST00474" HPOS="1714" VPOS="648" WIDTH="193" HEIGHT="62" CONTENT="Morgen" WC="0.99" CC="300007"/>
						<SP ID="P3_SP00414" HPOS="1907" VPOS="710" WIDTH="24"/>
						<String ID="P3_ST00475" HPOS="1931" VPOS="646" WIDTH="396" HEIGHT="54" CONTENT="charakterisiren," WC="0.69" CC="5101066052903060"/>
						<SP ID="P3_SP00415" HPOS="2327" VPOS="710" WIDTH="32"/>
						<String ID="P3_ST00476" HPOS="2359" VPOS="664" WIDTH="53" HEIGHT="31" CONTENT="an" WC="0.47" CC="64"/>
						<SP ID="P3_SP00416" HPOS="2412" VPOS="710" WIDTH="34"/>
						<String ID="P3_ST00477" HPOS="2446" VPOS="665" WIDTH="186" HEIGHT="31" CONTENT="unserer" WC="0.99" CC="6610001"/>
						<SP ID="P3_SP00417" HPOS="2632" VPOS="710" WIDTH="24"/>
						<String ID="P3_ST00478" HPOS="2656" VPOS="650" WIDTH="239" HEIGHT="48" CONTENT="Phantasie" WC="0.99" CC="629046000"/>
						<SP ID="P3_SP00418" HPOS="2895" VPOS="710" WIDTH="23"/>
						<String ID="P3_ST00479" HPOS="2918" VPOS="651" WIDTH="215" HEIGHT="56" CONTENT="vorüber;" WC="1.00" CC="02100001"/>
						<SP ID="P3_SP00419" HPOS="3133" VPOS="710" WIDTH="32"/>
						<String ID="P3_ST00480" HPOS="3165" VPOS="653" WIDTH="79" HEIGHT="48" CONTENT="das" WC="0.95" CC="093"/>
					</TextLine>
					<TextLine ID="P3_TL00058" HPOS="1716" VPOS="724" WIDTH="1527" HEIGHT="57">
						<String ID="P3_ST00481" HPOS="1716" VPOS="725" WIDTH="154" HEIGHT="53" CONTENT="Motiv," WC="1.00" CC="000000"/>
						<SP ID="P3_SP00420" HPOS="1870" VPOS="778" WIDTH="25"/>
						<String ID="P3_ST00482" HPOS="1895" VPOS="724" WIDTH="79" HEIGHT="47" CONTENT="mit" WC="0.95" CC="904"/>
						<SP ID="P3_SP00421" HPOS="1974" VPOS="778" WIDTH="23"/>
						<String ID="P3_ST00483" HPOS="1997" VPOS="725" WIDTH="218" HEIGHT="47" CONTENT="welchem" WC="1.00" CC="0000000"/>
						<SP ID="P3_SP00422" HPOS="2215" VPOS="778" WIDTH="24"/>
						<String ID="P3_ST00484" HPOS="2239" VPOS="725" WIDTH="63" HEIGHT="47" CONTENT="sie" WC="0.99" CC="100"/>
						<SP ID="P3_SP00423" HPOS="2302" VPOS="778" WIDTH="24"/>
						<String ID="P3_ST00485" HPOS="2326" VPOS="725" WIDTH="216" HEIGHT="56" CONTENT="schliesst," WC="0.76" CC="1051002750"/>
						<SP ID="P3_SP00424" HPOS="2542" VPOS="781" WIDTH="30"/>
						<String ID="P3_ST00486" HPOS="2572" VPOS="728" WIDTH="52" HEIGHT="45" CONTENT="ist" WC="0.98" CC="050"/>
						<SP ID="P3_SP00425" HPOS="2624" VPOS="781" WIDTH="23"/>
						<String ID="P3_ST00487" HPOS="2647" VPOS="729" WIDTH="81" HEIGHT="46" CONTENT="voll" WC="0.98" CC="0502" STYLEREFS="TXT_2"/>
						<SP ID="P3_SP00426" HPOS="2728" VPOS="781" WIDTH="30"/>
						<String ID="P3_ST00488" HPOS="2758" VPOS="729" WIDTH="195" HEIGHT="48" CONTENT="Frische." WC="0.99" CC="55030003"/>
						<SP ID="P3_SP00427" HPOS="2953" VPOS="781" WIDTH="32"/>
						<String ID="P3_ST00489" HPOS="2985" VPOS="731" WIDTH="84" HEIGHT="47" CONTENT="Die" WC="0.96" CC="603"/>
						<SP ID="P3_SP00428" HPOS="3069" VPOS="781" WIDTH="24"/>
						<String ID="P3_ST00490" HPOS="3093" VPOS="731" WIDTH="150" HEIGHT="47" CONTENT="Chöre" WC="0.97" CC="67500"/>
					</TextLine>
					<TextLine ID="P3_TL00059" HPOS="1714" VPOS="801" WIDTH="1529" HEIGHT="66">
						<String ID="P3_ST00491" HPOS="1714" VPOS="801" WIDTH="96" HEIGHT="48" CONTENT="sind" WC="0.97" CC="7070"/>
						<SP ID="P3_SP00429" HPOS="1810" VPOS="849" WIDTH="32"/>
						<String ID="P3_ST00492" HPOS="1842" VPOS="801" WIDTH="331" HEIGHT="65" CONTENT="mannigfaltig," WC="0.99" CC="0563097006102"/>
						<SP ID="P3_SP00430" HPOS="2173" VPOS="866" WIDTH="30"/>
						<String ID="P3_ST00493" HPOS="2203" VPOS="802" WIDTH="321" HEIGHT="65" CONTENT="schwunghaft" WC="0.99" CC="00200706470"/>
						<SP ID="P3_SP00431" HPOS="2524" VPOS="867" WIDTH="24"/>
						<String ID="P3_ST00494" HPOS="2548" VPOS="804" WIDTH="89" HEIGHT="47" CONTENT="und" WC="0.97" CC="340"/>
						<SP ID="P3_SP00432" HPOS="2637" VPOS="867" WIDTH="24"/>
						<String ID="P3_ST00495" HPOS="2661" VPOS="805" WIDTH="359" HEIGHT="58" CONTENT="ausdrucksvoll;" WC="1.00" CC="64301000000310"/>
						<SP ID="P3_SP00433" HPOS="3020" VPOS="867" WIDTH="31"/>
						<String ID="P3_ST00496" HPOS="3051" VPOS="809" WIDTH="68" HEIGHT="47" CONTENT="die" WC="0.98" CC="041"/>
						<SP ID="P3_SP00434" HPOS="3119" VPOS="867" WIDTH="32"/>
						<String ID="P3_ST00497" HPOS="3151" VPOS="808" WIDTH="69" HEIGHT="48" CONTENT="bei" SUBS_TYPE="HypPart1" SUBS_CONTENT="beiden" WC="0.99" CC="300"/>
						<HYP HPOS="3220" VPOS="808" WIDTH="23" CONTENT="-"/>
					</TextLine>
					<TextLine ID="P3_TL00060" HPOS="1715" VPOS="879" WIDTH="900" HEIGHT="49">
						<String ID="P3_ST00498" HPOS="1715" VPOS="880" WIDTH="85" HEIGHT="47" CONTENT="den" SUBS_TYPE="HypPart2" SUBS_CONTENT="beiden" WC="0.97" CC="007"/>
						<SP ID="P3_SP00435" HPOS="1800" VPOS="927" WIDTH="33"/>
						<String ID="P3_ST00499" HPOS="1833" VPOS="879" WIDTH="178" HEIGHT="48" CONTENT="Finales" WC="0.98" CC="7263004"/>
						<SP ID="P3_SP00436" HPOS="2011" VPOS="927" WIDTH="32"/>
						<String ID="P3_ST00500" HPOS="2043" VPOS="880" WIDTH="156" HEIGHT="48" CONTENT="wahre" WC="0.98" CC="03430"/>
						<SP ID="P3_SP00437" HPOS="2199" VPOS="928" WIDTH="31"/>
						<String ID="P3_ST00501" HPOS="2230" VPOS="881" WIDTH="385" HEIGHT="47" CONTENT='Meisterstücke."' WC="1.00" CC="000450206020006"/>
					</TextLine>
					<TextLine ID="P3_TL00061" HPOS="1832" VPOS="956" WIDTH="1408" HEIGHT="64">
						<String ID="P3_ST00502" HPOS="1832" VPOS="956" WIDTH="75" HEIGHT="47" CONTENT="Ich" WC="0.95" CC="605"/>
						<SP ID="P3_SP00438" HPOS="1907" VPOS="1003" WIDTH="33"/>
						<String ID="P3_ST00503" HPOS="1940" VPOS="956" WIDTH="250" HEIGHT="64" CONTENT="übergehe," WC="1.00" CC="004501000"/>
						<SP ID="P3_SP00439" HPOS="2190" VPOS="1020" WIDTH="32"/>
						<String ID="P3_ST00504" HPOS="2222" VPOS="973" WIDTH="91" HEIGHT="31" CONTENT="was" WC="0.98" CC="050"/>
						<SP ID="P3_SP00440" HPOS="2313" VPOS="1020" WIDTH="31"/>
						<String ID="P3_ST00505" HPOS="2344" VPOS="957" WIDTH="194" HEIGHT="47" CONTENT="Martine" WC="0.99" CC="0603030"/>
						<SP ID="P3_SP00441" HPOS="2538" VPOS="1020" WIDTH="32"/>
						<String ID="P3_ST00506" HPOS="2570" VPOS="957" WIDTH="113" HEIGHT="49" CONTENT="über" WC="0.98" CC="0700"/>
						<SP ID="P3_SP00442" HPOS="2683" VPOS="1020" WIDTH="28"/>
						<String ID="P3_ST00507" HPOS="2711" VPOS="959" WIDTH="71" HEIGHT="47" CONTENT="die" WC="1.00" CC="000"/>
						<SP ID="P3_SP00443" HPOS="2782" VPOS="1020" WIDTH="30"/>
						<String ID="P3_ST00508" HPOS="2812" VPOS="960" WIDTH="227" HEIGHT="48" CONTENT="einzelnen" WC="0.99" CC="004602603"/>
						<SP ID="P3_SP00444" HPOS="3039" VPOS="1020" WIDTH="32"/>
						<String ID="P3_ST00509" HPOS="3071" VPOS="961" WIDTH="141" HEIGHT="48" CONTENT="Musik" SUBS_TYPE="HypPart1" SUBS_CONTENT="Musikstücke" WC="0.99" CC="03300"/>
						<HYP HPOS="3212" VPOS="961" WIDTH="28" CONTENT="-"/>
					</TextLine>
					<TextLine ID="P3_TL00062" HPOS="1715" VPOS="1034" WIDTH="1529" HEIGHT="69">
						<String ID="P3_ST00510" HPOS="1715" VPOS="1034" WIDTH="156" HEIGHT="48" CONTENT="stücke" SUBS_TYPE="HypPart2" SUBS_CONTENT="Musikstücke" WC="0.99" CC="260001"/>
						<SP ID="P3_SP00445" HPOS="1871" VPOS="1082" WIDTH="31"/>
						<String ID="P3_ST00511" HPOS="1902" VPOS="1034" WIDTH="294" HEIGHT="48" CONTENT="Rühmliches" WC="1.00" CC="6000500004"/>
						<SP ID="P3_SP00446" HPOS="2196" VPOS="1082" WIDTH="29"/>
						<String ID="P3_ST00512" HPOS="2225" VPOS="1042" WIDTH="112" HEIGHT="58" CONTENT="sagt." WC="0.98" CC="06031"/>
						<SP ID="P3_SP00447" HPOS="2337" VPOS="1100" WIDTH="62"/>
						<String ID="P3_ST00513" HPOS="2399" VPOS="1036" WIDTH="59" HEIGHT="46" CONTENT="Er" WC="0.45" CC="55"/>
						<SP ID="P3_SP00448" HPOS="2458" VPOS="1100" WIDTH="29"/>
						<String ID="P3_ST00514" HPOS="2487" VPOS="1036" WIDTH="201" HEIGHT="48" CONTENT="schliesst" WC="0.81" CC="506000004"/>
						<SP ID="P3_SP00449" HPOS="2688" VPOS="1100" WIDTH="29"/>
						<String ID="P3_ST00515" HPOS="2717" VPOS="1037" WIDTH="79" HEIGHT="47" CONTENT="mit" WC="0.99" CC="011"/>
						<SP ID="P3_SP00450" HPOS="2796" VPOS="1100" WIDTH="29"/>
						<String ID="P3_ST00516" HPOS="2825" VPOS="1037" WIDTH="80" HEIGHT="49" CONTENT="der" WC="0.99" CC="003"/>
						<SP ID="P3_SP00451" HPOS="2905" VPOS="1100" WIDTH="32"/>
						<String ID="P3_ST00517" HPOS="2937" VPOS="1039" WIDTH="307" HEIGHT="64" CONTENT="Bemerkung," WC="0.99" CC="7000001071"/>
					</TextLine>
					<TextLine ID="P3_TL00063" HPOS="1716" VPOS="1111" WIDTH="1528" HEIGHT="69">
						<String ID="P3_ST00518" HPOS="1716" VPOS="1112" WIDTH="118" HEIGHT="56" CONTENT="dass," WC="0.93" CC="00030"/>
						<SP ID="P3_SP00452" HPOS="1834" VPOS="1168" WIDTH="31"/>
						<String ID="P3_ST00519" HPOS="1865" VPOS="1128" WIDTH="131" HEIGHT="31" CONTENT="wenn" WC="0.97" CC="0083"/>
						<SP ID="P3_SP00453" HPOS="1996" VPOS="1168" WIDTH="30"/>
						<String ID="P3_ST00520" HPOS="2026" VPOS="1111" WIDTH="180" HEIGHT="48" CONTENT="Martini" WC="0.99" CC="0105060"/>
						<SP ID="P3_SP00454" HPOS="2206" VPOS="1168" WIDTH="32"/>
						<String ID="P3_ST00521" HPOS="2238" VPOS="1114" WIDTH="114" HEIGHT="47" CONTENT="auch" WC="0.98" CC="0036"/>
						<SP ID="P3_SP00455" HPOS="2352" VPOS="1168" WIDTH="33"/>
						<String ID="P3_ST00522" HPOS="2385" VPOS="1114" WIDTH="143" HEIGHT="47" CONTENT="nichts" WC="1.00" CC="000040"/>
						<SP ID="P3_SP00456" HPOS="2528" VPOS="1168" WIDTH="30"/>
						<String ID="P3_ST00523" HPOS="2558" VPOS="1114" WIDTH="64" HEIGHT="47" CONTENT="als" WC="0.96" CC="622"/>
						<SP ID="P3_SP00457" HPOS="2622" VPOS="1168" WIDTH="30"/>
						<String ID="P3_ST00524" HPOS="2652" VPOS="1114" WIDTH="120" HEIGHT="49" CONTENT="diese" WC="0.99" CC="80000"/>
						<SP ID="P3_SP00458" HPOS="2772" VPOS="1168" WIDTH="20"/>
						<String ID="P3_ST00525" HPOS="2792" VPOS="1115" WIDTH="126" HEIGHT="63" CONTENT="Oper" WC="0.99" CC="5000"/>
						<SP ID="P3_SP00459" HPOS="2918" VPOS="1178" WIDTH="31"/>
						<String ID="P3_ST00526" HPOS="2949" VPOS="1116" WIDTH="295" HEIGHT="64" CONTENT="geschrieben" WC="0.99" CC="90300000460"/>
					</TextLine>
					<TextLine ID="P3_TL00064" HPOS="1716" VPOS="1189" WIDTH="1527" HEIGHT="67">
						<String ID="P3_ST00527" HPOS="1716" VPOS="1189" WIDTH="140" HEIGHT="55" CONTENT="hätte," WC="0.98" CC="747303"/>
						<SP ID="P3_SP00460" HPOS="1856" VPOS="1244" WIDTH="43"/>
						<String ID="P3_ST00528" HPOS="1899" VPOS="1205" WIDTH="48" HEIGHT="31" CONTENT="er" WC="0.75" CC="04"/>
						<SP ID="P3_SP00461" HPOS="1947" VPOS="1244" WIDTH="40"/>
						<String ID="P3_ST00529" HPOS="1987" VPOS="1189" WIDTH="62" HEIGHT="47" CONTENT="als" WC="0.95" CC="606"/>
						<SP ID="P3_SP00462" HPOS="2049" VPOS="1244" WIDTH="44"/>
						<String ID="P3_ST00530" HPOS="2093" VPOS="1189" WIDTH="397" HEIGHT="64" CONTENT="ausgezeichneter" WC="0.99" CC="543006000670525"/>
						<SP ID="P3_SP00463" HPOS="2490" VPOS="1253" WIDTH="30"/>
						<String ID="P3_ST00531" HPOS="2520" VPOS="1190" WIDTH="265" HEIGHT="66" CONTENT="Componist" WC="0.77" CC="600030090"/>
						<SP ID="P3_SP00464" HPOS="2785" VPOS="1256" WIDTH="36"/>
						<String ID="P3_ST00532" HPOS="2821" VPOS="1191" WIDTH="210" HEIGHT="65" CONTENT="geachtet" WC="0.98" CC="90506505"/>
						<SP ID="P3_SP00465" HPOS="3031" VPOS="1256" WIDTH="30"/>
						<String ID="P3_ST00533" HPOS="3061" VPOS="1194" WIDTH="182" HEIGHT="48" CONTENT="werden" WC="0.99" CC="002021"/>
					</TextLine>
					<TextLine ID="P3_TL00065" HPOS="1716" VPOS="1270" WIDTH="182" HEIGHT="44">
						<String ID="P3_ST00534" HPOS="1716" VPOS="1270" WIDTH="182" HEIGHT="44" CONTENT="müsste." WC="0.82" CC="0020504"/>
					</TextLine>
					<TextLine ID="P3_TL00066" HPOS="1830" VPOS="1341" WIDTH="1414" HEIGHT="55">
						<String ID="P3_ST00535" HPOS="1830" VPOS="1343" WIDTH="98" HEIGHT="47" CONTENT="Aus" WC="0.97" CC="260"/>
						<SP ID="P3_SP00466" HPOS="1928" VPOS="1390" WIDTH="29"/>
						<String ID="P3_ST00536" HPOS="1957" VPOS="1341" WIDTH="86" HEIGHT="49" CONTENT="den" WC="0.98" CC="005"/>
						<SP ID="P3_SP00467" HPOS="2043" VPOS="1390" WIDTH="34"/>
						<String ID="P3_ST00537" HPOS="2077" VPOS="1342" WIDTH="213" HEIGHT="48" CONTENT="Diensten" WC="0.99" CC="70070704"/>
						<SP ID="P3_SP00468" HPOS="2290" VPOS="1390" WIDTH="32"/>
						<String ID="P3_ST00538" HPOS="2322" VPOS="1342" WIDTH="76" HEIGHT="48" CONTENT="des" WC="1.00" CC="000"/>
						<SP ID="P3_SP00469" HPOS="2398" VPOS="1390" WIDTH="28"/>
						<String ID="P3_ST00539" HPOS="2426" VPOS="1343" WIDTH="189" HEIGHT="49" CONTENT="Prinzen" WC="0.99" CC="7304300"/>
						<SP ID="P3_SP00470" HPOS="2615" VPOS="1392" WIDTH="31"/>
						<String ID="P3_ST00540" HPOS="2646" VPOS="1361" WIDTH="84" HEIGHT="32" CONTENT="von" WC="0.99" CC="003"/>
						<SP ID="P3_SP00471" HPOS="2730" VPOS="1393" WIDTH="31"/>
						<String ID="P3_ST00541" HPOS="2761" VPOS="1345" WIDTH="157" HEIGHT="49" CONTENT="Conde" WC="0.54" CC="54606"/>
						<SP ID="P3_SP00472" HPOS="2918" VPOS="1394" WIDTH="30"/>
						<String ID="P3_ST00542" HPOS="2948" VPOS="1354" WIDTH="86" HEIGHT="42" CONTENT="trat" WC="0.97" CC="5206"/>
						<SP ID="P3_SP00473" HPOS="3034" VPOS="1396" WIDTH="30"/>
						<String ID="P3_ST00543" HPOS="3064" VPOS="1347" WIDTH="180" HEIGHT="49" CONTENT="Martini" WC="0.99" CC="0650034"/>
					</TextLine>
					<TextLine ID="P3_TL00067" HPOS="1714" VPOS="1420" WIDTH="1525" HEIGHT="63">
						<String ID="P3_ST00544" HPOS="1714" VPOS="1421" WIDTH="42" HEIGHT="47" CONTENT="in" WC="1.00" CC="00"/>
						<SP ID="P3_SP00474" HPOS="1756" VPOS="1468" WIDTH="31"/>
						<String ID="P3_ST00545" HPOS="1787" VPOS="1420" WIDTH="70" HEIGHT="48" CONTENT="die" WC="1.00" CC="000"/>
						<SP ID="P3_SP00475" HPOS="1857" VPOS="1468" WIDTH="29"/>
						<String ID="P3_ST00546" HPOS="1886" VPOS="1420" WIDTH="78" HEIGHT="48" CONTENT="des" WC="0.98" CC="014"/>
						<SP ID="P3_SP00476" HPOS="1964" VPOS="1468" WIDTH="29"/>
						<String ID="P3_ST00547" HPOS="1993" VPOS="1420" WIDTH="258" HEIGHT="63" CONTENT="damaligen" WC="0.99" CC="050640000"/>
						<SP ID="P3_SP00477" HPOS="2251" VPOS="1483" WIDTH="32"/>
						<String ID="P3_ST00548" HPOS="2283" VPOS="1421" WIDTH="168" HEIGHT="48" CONTENT="Grafen" WC="0.99" CC="060061"/>
						<SP ID="P3_SP00478" HPOS="2451" VPOS="1483" WIDTH="45"/>
						<String ID="P3_ST00549" HPOS="2496" VPOS="1437" WIDTH="82" HEIGHT="31" CONTENT="von" WC="0.96" CC="047"/>
						<SP ID="P3_SP00479" HPOS="2578" VPOS="1483" WIDTH="32"/>
						<String ID="P3_ST00550" HPOS="2610" VPOS="1422" WIDTH="169" HEIGHT="56" CONTENT="Artois," WC="0.68" CC="3361402"/>
						<SP ID="P3_SP00480" HPOS="2779" VPOS="1483" WIDTH="41"/>
						<String ID="P3_ST00551" HPOS="2820" VPOS="1423" WIDTH="79" HEIGHT="47" CONTENT="der" WC="0.99" CC="003"/>
						<SP ID="P3_SP00481" HPOS="2899" VPOS="1483" WIDTH="39"/>
						<String ID="P3_ST00552" HPOS="2938" VPOS="1425" WIDTH="62" HEIGHT="47" CONTENT="als" WC="0.97" CC="061"/>
						<SP ID="P3_SP00482" HPOS="3000" VPOS="1483" WIDTH="42"/>
						<String ID="P3_ST00553" HPOS="3042" VPOS="1426" WIDTH="108" HEIGHT="47" CONTENT="Karl" WC="0.98" CC="0033"/>
						<SP ID="P3_SP00483" HPOS="3150" VPOS="1483" WIDTH="32"/>
						<String ID="P3_ST00554" HPOS="3182" VPOS="1427" WIDTH="57" HEIGHT="46" CONTENT="X." WC="1.00" CC="00"/>
					</TextLine>
					<TextLine ID="P3_TL00068" HPOS="1712" VPOS="1497" WIDTH="1527" HEIGHT="53">
						<String ID="P3_ST00555" HPOS="1712" VPOS="1498" WIDTH="351" HEIGHT="49" CONTENT="unrühmlichen" WC="1.00" CC="050006000506"/>
						<SP ID="P3_SP00484" HPOS="2063" VPOS="1547" WIDTH="33"/>
						<String ID="P3_ST00556" HPOS="2096" VPOS="1497" WIDTH="278" HEIGHT="50" CONTENT="Andenkens" WC="1.00" CC="000200061"/>
						<SP ID="P3_SP00485" HPOS="2374" VPOS="1547" WIDTH="43"/>
						<String ID="P3_ST00557" HPOS="2417" VPOS="1498" WIDTH="233" HEIGHT="49" CONTENT="nachmals" WC="0.99" CC="50060060"/>
						<SP ID="P3_SP00486" HPOS="2650" VPOS="1547" WIDTH="47"/>
						<String ID="P3_ST00558" HPOS="2697" VPOS="1500" WIDTH="114" HEIGHT="48" CONTENT="über" WC="0.96" CC="9404"/>
						<SP ID="P3_SP00487" HPOS="2811" VPOS="1548" WIDTH="41"/>
						<String ID="P3_ST00559" HPOS="2852" VPOS="1502" WIDTH="276" HEIGHT="48" CONTENT="Frankreich" WC="1.00" CC="6300000000"/>
						<SP ID="P3_SP00488" HPOS="3128" VPOS="1550" WIDTH="41"/>
						<String ID="P3_ST00560" HPOS="3169" VPOS="1520" WIDTH="47" HEIGHT="30" CONTENT="re" SUBS_TYPE="HypPart1" SUBS_CONTENT="regierte." WC="0.99" CC="00"/>
						<HYP HPOS="3216" VPOS="1520" WIDTH="23" CONTENT="-"/>
					</TextLine>
					<TextLine ID="P3_TL00069" HPOS="1712" VPOS="1573" WIDTH="1540" HEIGHT="68">
						<String ID="P3_ST00561" HPOS="1712" VPOS="1576" WIDTH="158" HEIGHT="65" CONTENT="gierte." SUBS_TYPE="HypPart2" SUBS_CONTENT="regierte." WC="1.00" CC="0102300"/>
						<SP ID="P3_SP00489" HPOS="1870" VPOS="1641" WIDTH="57"/>
						<String ID="P3_ST00562" HPOS="1927" VPOS="1576" WIDTH="77" HEIGHT="48" CONTENT="Als" WC="0.98" CC="500"/>
						<SP ID="P3_SP00490" HPOS="2004" VPOS="1641" WIDTH="31"/>
						<String ID="P3_ST00563" HPOS="2035" VPOS="1575" WIDTH="79" HEIGHT="48" CONTENT="das" WC="0.97" CC="061"/>
						<SP ID="P3_SP00491" HPOS="2114" VPOS="1641" WIDTH="491"/>
						<String ID="P3_ST00564" HPOS="2605" VPOS="1573" WIDTH="196" HEIGHT="51" CONTENT="Theätre" WC="0.79" CC="0042501" STYLEREFS="TXT_3"/>
						<SP ID="P3_SP00492" HPOS="2801" VPOS="1641" WIDTH="250"/>
						<String ID="P3_ST00565" HPOS="3051" VPOS="1576" WIDTH="56" HEIGHT="48" CONTENT="de" WC="0.64" CC="07" STYLEREFS="TXT_3"/>
						<SP ID="P3_SP00493" HPOS="3107" VPOS="1641" WIDTH="104"/>
						<String ID="P3_ST00566" HPOS="3211" VPOS="1591" WIDTH="41" HEIGHT="33" CONTENT="m" WC="0.04" CC="9" STYLEREFS="TXT_3"/>
						<String ID="P3_ST00567" HPOS="2713" VPOS="1577" WIDTH="216" HEIGHT="50" CONTENT="errichtet" WC="0.99" CC="040403506"/>
						<SP ID="P3_SP00494" HPOS="3252" VPOS="1641" WIDTH="-293"/>
						<String ID="P3_ST00568" HPOS="2959" VPOS="1578" WIDTH="176" HEIGHT="58" CONTENT="wurde," WC="0.99" CC="054001"/>
						<SP ID="P3_SP00495" HPOS="3252" VPOS="1641" WIDTH="-86"/>
						<String ID="P3_ST00569" HPOS="3166" VPOS="1596" WIDTH="75" HEIGHT="31" CONTENT="um" WC="0.76" CC="40"/>
					</TextLine>
					<TextLine ID="P3_TL00070" HPOS="1712" VPOS="1653" WIDTH="1534" HEIGHT="68">
						<String ID="P3_ST00570" HPOS="1712" VPOS="1653" WIDTH="71" HEIGHT="49" CONTENT="die" WC="0.97" CC="800"/>
						<SP ID="P3_SP00496" HPOS="1783" VPOS="1702" WIDTH="30"/>
						<String ID="P3_ST00571" HPOS="1813" VPOS="1653" WIDTH="127" HEIGHT="65" CONTENT="Oper" WC="0.98" CC="4005"/>
						<SP ID="P3_SP00497" HPOS="1940" VPOS="1718" WIDTH="29"/>
						<String ID="P3_ST00572" HPOS="1969" VPOS="1653" WIDTH="80" HEIGHT="47" CONTENT="der" WC="0.98" CC="005"/>
						<SP ID="P3_SP00498" HPOS="2049" VPOS="1718" WIDTH="33"/>
						<String ID="P3_ST00573" HPOS="2082" VPOS="1655" WIDTH="254" HEIGHT="45" CONTENT="Franzosen" WC="0.99" CC="704060000"/>
						<SP ID="P3_SP00499" HPOS="2336" VPOS="1718" WIDTH="30"/>
						<String ID="P3_ST00574" HPOS="2366" VPOS="1653" WIDTH="92" HEIGHT="49" CONTENT="und" WC="0.98" CC="040"/>
						<SP ID="P3_SP00500" HPOS="2458" VPOS="1718" WIDTH="33"/>
						<String ID="P3_ST00575" HPOS="2491" VPOS="1653" WIDTH="68" HEIGHT="49" CONTENT="die" WC="0.96" CC="702"/>
						<SP ID="P3_SP00501" HPOS="2559" VPOS="1718" WIDTH="214"/>
						<String ID="P3_ST00576" HPOS="2773" VPOS="1653" WIDTH="133" HEIGHT="68" CONTENT="buffa" WC="0.52" CC="75009" STYLEREFS="TXT_3"/>
						<SP ID="P3_SP00502" HPOS="2906" VPOS="1721" WIDTH="28"/>
						<String ID="P3_ST00577" HPOS="2934" VPOS="1656" WIDTH="80" HEIGHT="48" CONTENT="der" WC="0.98" CC="006"/>
						<SP ID="P3_SP00503" HPOS="3014" VPOS="1721" WIDTH="22"/>
						<String ID="P3_ST00578" HPOS="3036" VPOS="1657" WIDTH="210" HEIGHT="48" CONTENT="Italiäner" WC="0.70" CC="660500403"/>
					</TextLine>
					<TextLine ID="P3_TL00071" HPOS="1711" VPOS="1731" WIDTH="1533" HEIGHT="67">
						<String ID="P3_ST00579" HPOS="1711" VPOS="1732" WIDTH="169" HEIGHT="48" CONTENT="darauf" WC="0.98" CC="001358"/>
						<SP ID="P3_SP00504" HPOS="1880" VPOS="1780" WIDTH="23"/>
						<String ID="P3_ST00580" HPOS="1903" VPOS="1749" WIDTH="52" HEIGHT="29" CONTENT="zu" WC="0.79" CC="21"/>
						<SP ID="P3_SP00505" HPOS="1955" VPOS="1780" WIDTH="32"/>
						<String ID="P3_ST00581" HPOS="1987" VPOS="1731" WIDTH="275" HEIGHT="63" CONTENT="vereinigen," WC="1.00" CC="00400500063"/>
						<SP ID="P3_SP00506" HPOS="2262" VPOS="1794" WIDTH="43"/>
						<String ID="P3_ST00582" HPOS="2305" VPOS="1731" WIDTH="160" HEIGHT="48" CONTENT="wurde" WC="0.99" CC="06400"/>
						<SP ID="P3_SP00507" HPOS="2465" VPOS="1794" WIDTH="31"/>
						<String ID="P3_ST00583" HPOS="2496" VPOS="1732" WIDTH="179" HEIGHT="48" CONTENT="Martini" WC="0.99" CC="0007050"/>
						<SP ID="P3_SP00508" HPOS="2675" VPOS="1794" WIDTH="47"/>
						<String ID="P3_ST00584" HPOS="2722" VPOS="1733" WIDTH="63" HEIGHT="47" CONTENT="als" WC="0.97" CC="062"/>
						<SP ID="P3_SP00509" HPOS="2785" VPOS="1794" WIDTH="31"/>
						<String ID="P3_ST00585" HPOS="2816" VPOS="1733" WIDTH="343" HEIGHT="65" CONTENT="Capellmeister" WC="0.71" CC="7400214001752"/>
						<SP ID="P3_SP00510" HPOS="3159" VPOS="1798" WIDTH="29"/>
						<String ID="P3_ST00586" HPOS="3188" VPOS="1750" WIDTH="56" HEIGHT="32" CONTENT="an" WC="0.76" CC="04"/>
					</TextLine>
					<TextLine ID="P3_TL00072" HPOS="1711" VPOS="1808" WIDTH="1534" HEIGHT="68">
						<String ID="P3_ST00587" HPOS="1711" VPOS="1810" WIDTH="71" HEIGHT="48" CONTENT="die" WC="0.99" CC="020"/>
						<SP ID="P3_SP00511" HPOS="1782" VPOS="1858" WIDTH="32"/>
						<String ID="P3_ST00588" HPOS="1814" VPOS="1810" WIDTH="149" HEIGHT="63" CONTENT="Spitze" WC="0.98" CC="500550"/>
						<SP ID="P3_SP00512" HPOS="1963" VPOS="1873" WIDTH="30"/>
						<String ID="P3_ST00589" HPOS="1993" VPOS="1808" WIDTH="235" HEIGHT="49" CONTENT="desselben" WC="1.00" CC="000040004"/>
						<SP ID="P3_SP00513" HPOS="2228" VPOS="1873" WIDTH="41"/>
						<String ID="P3_ST00590" HPOS="2269" VPOS="1810" WIDTH="194" HEIGHT="63" CONTENT="gestellt," WC="0.99" CC="900505064"/>
						<SP ID="P3_SP00514" HPOS="2463" VPOS="1873" WIDTH="44"/>
						<String ID="P3_ST00591" HPOS="2507" VPOS="1810" WIDTH="131" HEIGHT="48" CONTENT="allein" WC="0.98" CC="602006"/>
						<SP ID="P3_SP00515" HPOS="2638" VPOS="1873" WIDTH="45"/>
						<String ID="P3_ST00592" HPOS="2683" VPOS="1811" WIDTH="113" HEIGHT="48" CONTENT="nach" WC="0.97" CC="7060"/>
						<SP ID="P3_SP00516" HPOS="2796" VPOS="1873" WIDTH="45"/>
						<String ID="P3_ST00593" HPOS="2841" VPOS="1811" WIDTH="84" HEIGHT="48" CONTENT="den" WC="0.98" CC="005"/>
						<SP ID="P3_SP00517" HPOS="2925" VPOS="1873" WIDTH="32"/>
						<String ID="P3_ST00594" HPOS="2957" VPOS="1812" WIDTH="288" HEIGHT="64" CONTENT="Ereignissen" WC="1.00" CC="00200500032"/>
					</TextLine>
					<TextLine ID="P3_TL00073" HPOS="1711" VPOS="1886" WIDTH="1533" HEIGHT="67">
						<String ID="P3_ST00595" HPOS="1711" VPOS="1905" WIDTH="99" HEIGHT="32" CONTENT="vom" WC="1.00" CC="000"/>
						<SP ID="P3_SP00518" HPOS="1810" VPOS="1937" WIDTH="32"/>
						<String ID="P3_ST00596" HPOS="1842" VPOS="1887" WIDTH="81" HEIGHT="48" CONTENT="10." WC="0.74" CC="520"/>
						<SP ID="P3_SP00519" HPOS="1923" VPOS="1937" WIDTH="24"/>
						<String ID="P3_ST00597" HPOS="1947" VPOS="1890" WIDTH="183" HEIGHT="61" CONTENT="August" WC="0.98" CC="070664"/>
						<SP ID="P3_SP00520" HPOS="2130" VPOS="1951" WIDTH="28"/>
						<String ID="P3_ST00598" HPOS="2158" VPOS="1886" WIDTH="142" HEIGHT="49" CONTENT="1792" WC="0.49" CC="0757"/>
						<SP ID="P3_SP00521" HPOS="2300" VPOS="1951" WIDTH="26"/>
						<String ID="P3_ST00599" HPOS="2326" VPOS="1887" WIDTH="147" HEIGHT="48" CONTENT="verlor" WC="0.99" CC="004054"/>
						<SP ID="P3_SP00522" HPOS="2473" VPOS="1951" WIDTH="28"/>
						<String ID="P3_ST00600" HPOS="2501" VPOS="1904" WIDTH="48" HEIGHT="30" CONTENT="er" WC="1.00" CC="00"/>
						<SP ID="P3_SP00523" HPOS="2549" VPOS="1951" WIDTH="31"/>
						<String ID="P3_ST00601" HPOS="2580" VPOS="1886" WIDTH="132" HEIGHT="51" CONTENT="nebst" WC="1.00" CC="00030"/>
						<SP ID="P3_SP00524" HPOS="2712" VPOS="1951" WIDTH="28"/>
						<String ID="P3_ST00602" HPOS="2740" VPOS="1890" WIDTH="114" HEIGHT="47" CONTENT="allen" WC="0.98" CC="60203"/>
						<SP ID="P3_SP00525" HPOS="2854" VPOS="1951" WIDTH="33"/>
						<String ID="P3_ST00603" HPOS="2887" VPOS="1888" WIDTH="193" HEIGHT="65" CONTENT="übrigen" WC="0.98" CC="0374007"/>
						<SP ID="P3_SP00526" HPOS="3080" VPOS="1953" WIDTH="24"/>
						<String ID="P3_ST00604" HPOS="3104" VPOS="1890" WIDTH="105" HEIGHT="47" CONTENT="Aem" SUBS_TYPE="HypPart1" SUBS_CONTENT="Aemtern" WC="0.99" CC="000"/>
						<HYP HPOS="3209" VPOS="1890" WIDTH="35" CONTENT="-"/>
					</TextLine>
					<TextLine ID="P3_TL00074" HPOS="1712" VPOS="1965" WIDTH="1532" HEIGHT="58">
						<String ID="P3_ST00605" HPOS="1712" VPOS="1973" WIDTH="99" HEIGHT="42" CONTENT="tern" SUBS_TYPE="HypPart2" SUBS_CONTENT="Aemtern" WC="0.66" CC="4017"/>
						<SP ID="P3_SP00527" HPOS="1811" VPOS="2015" WIDTH="31"/>
						<String ID="P3_ST00606" HPOS="1842" VPOS="1965" WIDTH="91" HEIGHT="49" CONTENT="und" WC="0.93" CC="279"/>
						<SP ID="P3_SP00528" HPOS="1933" VPOS="2015" WIDTH="31"/>
						<String ID="P3_ST00607" HPOS="1964" VPOS="1966" WIDTH="272" HEIGHT="57" CONTENT="Pensionen," WC="0.99" CC="0203005053"/>
						<SP ID="P3_SP00529" HPOS="2236" VPOS="2023" WIDTH="30"/>
						<String ID="P3_ST00608" HPOS="2266" VPOS="1965" WIDTH="158" HEIGHT="49" CONTENT="womit" WC="0.98" CC="81006"/>
						<SP ID="P3_SP00530" HPOS="2424" VPOS="2023" WIDTH="26"/>
						<String ID="P3_ST00609" HPOS="2450" VPOS="1965" WIDTH="122" HEIGHT="48" CONTENT="seine" WC="1.00" CC="20000"/>
						<SP ID="P3_SP00531" HPOS="2572" VPOS="2023" WIDTH="31"/>
						<String ID="P3_ST00610" HPOS="2603" VPOS="1966" WIDTH="268" HEIGHT="48" CONTENT="Verdienste" WC="0.99" CC="5010015150"/>
						<SP ID="P3_SP00532" HPOS="2871" VPOS="2023" WIDTH="30"/>
						<String ID="P3_ST00611" HPOS="2901" VPOS="1984" WIDTH="74" HEIGHT="30" CONTENT="um" WC="0.84" CC="30"/>
						<SP ID="P3_SP00533" HPOS="2975" VPOS="2023" WIDTH="31"/>
						<String ID="P3_ST00612" HPOS="3006" VPOS="1967" WIDTH="72" HEIGHT="48" CONTENT="die" WC="0.96" CC="900"/>
						<SP ID="P3_SP00534" HPOS="3078" VPOS="2023" WIDTH="30"/>
						<String ID="P3_ST00613" HPOS="3108" VPOS="1968" WIDTH="109" HEIGHT="47" CONTENT="müsi" SUBS_TYPE="HypPart1" SUBS_CONTENT="müsicalische" WC="0.90" CC="0000"/>
						<HYP HPOS="3217" VPOS="1968" WIDTH="27" CONTENT="-"/>
					</TextLine>
					<TextLine ID="P3_TL00075" HPOS="1712" VPOS="2042" WIDTH="1533" HEIGHT="66">
						<String ID="P3_ST00614" HPOS="1712" VPOS="2043" WIDTH="193" HEIGHT="50" CONTENT="calische" SUBS_TYPE="HypPart2" SUBS_CONTENT="müsicalische" WC="0.89" CC="00300040"/>
						<SP ID="P3_SP00535" HPOS="1905" VPOS="2093" WIDTH="30"/>
						<String ID="P3_ST00615" HPOS="1935" VPOS="2042" WIDTH="198" HEIGHT="66" CONTENT="Bildung" WC="0.99" CC="6030220"/>
						<SP ID="P3_SP00536" HPOS="2133" VPOS="2108" WIDTH="38"/>
						<String ID="P3_ST00616" HPOS="2171" VPOS="2058" WIDTH="100" HEIGHT="34" CONTENT="vom" WC="0.99" CC="020"/>
						<SP ID="P3_SP00537" HPOS="2271" VPOS="2108" WIDTH="34"/>
						<String ID="P3_ST00617" HPOS="2305" VPOS="2042" WIDTH="331" HEIGHT="50" CONTENT="französischen" WC="1.00" CC="0605430000003"/>
						<SP ID="P3_SP00538" HPOS="2636" VPOS="2108" WIDTH="31"/>
						<String ID="P3_ST00618" HPOS="2667" VPOS="2043" WIDTH="120" HEIGHT="50" CONTENT="Hofe" WC="0.98" CC="7002"/>
						<SP ID="P3_SP00539" HPOS="2787" VPOS="2108" WIDTH="43"/>
						<String ID="P3_ST00619" HPOS="2830" VPOS="2043" WIDTH="187" HEIGHT="50" CONTENT="belohnt" WC="0.99" CC="5010624"/>
						<SP ID="P3_SP00540" HPOS="3017" VPOS="2108" WIDTH="42"/>
						<String ID="P3_ST00620" HPOS="3059" VPOS="2045" WIDTH="186" HEIGHT="48" CONTENT="worden" WC="1.00" CC="000004"/>
					</TextLine>
					<TextLine ID="P3_TL00076" HPOS="1712" VPOS="2119" WIDTH="654" HEIGHT="59">
						<String ID="P3_ST00621" HPOS="1712" VPOS="2138" WIDTH="173" HEIGHT="40" CONTENT="waren," WC="0.98" CC="460043"/>
						<SP ID="P3_SP00541" HPOS="1885" VPOS="2178" WIDTH="31"/>
						<String ID="P3_ST00622" HPOS="1916" VPOS="2121" WIDTH="115" HEIGHT="49" CONTENT="auch" WC="1.00" CC="0000"/>
						<SP ID="P3_SP00542" HPOS="2031" VPOS="2178" WIDTH="32"/>
						<String ID="P3_ST00623" HPOS="2063" VPOS="2119" WIDTH="120" HEIGHT="50" CONTENT="diese" WC="0.99" CC="00005"/>
						<SP ID="P3_SP00543" HPOS="2183" VPOS="2178" WIDTH="31"/>
						<String ID="P3_ST00624" HPOS="2214" VPOS="2121" WIDTH="152" HEIGHT="47" CONTENT="Stelle." WC="0.99" CC="1324021"/>
					</TextLine>
					<TextLine ID="P3_TL00077" HPOS="1827" VPOS="2196" WIDTH="1416" HEIGHT="67">
						<String ID="P3_ST00625" HPOS="1827" VPOS="2199" WIDTH="157" HEIGHT="49" CONTENT="Seines" WC="1.00" CC="500000"/>
						<SP ID="P3_SP00544" HPOS="1984" VPOS="2248" WIDTH="37"/>
						<String ID="P3_ST00626" HPOS="2021" VPOS="2198" WIDTH="330" HEIGHT="50" CONTENT="Einkommens" WC="1.00" CC="0030000260"/>
						<SP ID="P3_SP00545" HPOS="2351" VPOS="2248" WIDTH="43"/>
						<String ID="P3_ST00627" HPOS="2394" VPOS="2196" WIDTH="198" HEIGHT="49" CONTENT="beraubt" WC="0.99" CC="0040345"/>
						<SP ID="P3_SP00546" HPOS="2592" VPOS="2248" WIDTH="39"/>
						<String ID="P3_ST00628" HPOS="2631" VPOS="2197" WIDTH="94" HEIGHT="48" CONTENT="und" WC="0.97" CC="070"/>
						<SP ID="P3_SP00547" HPOS="2725" VPOS="2248" WIDTH="35"/>
						<String ID="P3_ST00629" HPOS="2760" VPOS="2197" WIDTH="201" HEIGHT="66" CONTENT="besorgt," WC="0.99" CC="50030070"/>
						<SP ID="P3_SP00548" HPOS="2961" VPOS="2263" WIDTH="44"/>
						<String ID="P3_ST00630" HPOS="3005" VPOS="2197" WIDTH="101" HEIGHT="49" CONTENT="dass" WC="1.00" CC="0000"/>
						<SP ID="P3_SP00549" HPOS="3106" VPOS="2263" WIDTH="44"/>
						<String ID="P3_ST00631" HPOS="3150" VPOS="2198" WIDTH="93" HEIGHT="48" CONTENT="ihm" WC="0.94" CC="059"/>
					</TextLine>
					<TextLine ID="P3_TL00078" HPOS="1710" VPOS="2274" WIDTH="1534" HEIGHT="68">
						<String ID="P3_ST00632" HPOS="1710" VPOS="2278" WIDTH="123" HEIGHT="48" CONTENT="seine" WC="0.99" CC="00070"/>
						<SP ID="P3_SP00550" HPOS="1833" VPOS="2326" WIDTH="24"/>
						<String ID="P3_ST00633" HPOS="1857" VPOS="2277" WIDTH="184" HEIGHT="48" CONTENT="frühere" WC="0.99" CC="6000040"/>
						<SP ID="P3_SP00551" HPOS="2041" VPOS="2326" WIDTH="23"/>
						<String ID="P3_ST00634" HPOS="2064" VPOS="2277" WIDTH="207" HEIGHT="65" CONTENT="Stellung" WC="0.99" CC="16003049"/>
						<SP ID="P3_SP00552" HPOS="2271" VPOS="2342" WIDTH="23"/>
						<String ID="P3_ST00635" HPOS="2294" VPOS="2292" WIDTH="100" HEIGHT="31" CONTENT="zum" WC="0.94" CC="509"/>
						<SP ID="P3_SP00553" HPOS="2394" VPOS="2342" WIDTH="27"/>
						<String ID="P3_ST00636" HPOS="2421" VPOS="2274" WIDTH="286" HEIGHT="65" CONTENT="königlichen" WC="0.99" CC="00708000600"/>
						<SP ID="P3_SP00554" HPOS="2707" VPOS="2342" WIDTH="25"/>
						<String ID="P3_ST00637" HPOS="2732" VPOS="2274" WIDTH="118" HEIGHT="50" CONTENT="Hofe" WC="0.97" CC="6501"/>
						<SP ID="P3_SP00555" HPOS="2850" VPOS="2342" WIDTH="32"/>
						<String ID="P3_ST00638" HPOS="2882" VPOS="2276" WIDTH="90" HEIGHT="48" CONTENT="und" WC="1.00" CC="000"/>
						<SP ID="P3_SP00556" HPOS="2972" VPOS="2342" WIDTH="31"/>
						<String ID="P3_ST00639" HPOS="3003" VPOS="2276" WIDTH="120" HEIGHT="48" CONTENT="seine" WC="1.00" CC="00010"/>
						<SP ID="P3_SP00557" HPOS="3123" VPOS="2342" WIDTH="26"/>
						<String ID="P3_ST00640" HPOS="3149" VPOS="2277" WIDTH="64" HEIGHT="47" CONTENT="An" SUBS_TYPE="HypPart1" SUBS_CONTENT="Anhänglichkeit" WC="0.96" CC="54"/>
						<HYP HPOS="3213" VPOS="2277" WIDTH="31" CONTENT="-"/>
					</TextLine>
					<TextLine ID="P3_TL00079" HPOS="1712" VPOS="2353" WIDTH="1531" HEIGHT="67">
						<String ID="P3_ST00641" HPOS="1712" VPOS="2354" WIDTH="308" HEIGHT="66" CONTENT="hänglichkeit" SUBS_TYPE="HypPart2" SUBS_CONTENT="Anhänglichkeit" WC="1.00" CC="307000030005"/>
						<SP ID="P3_SP00558" HPOS="2020" VPOS="2420" WIDTH="39"/>
						<String ID="P3_ST00642" HPOS="2059" VPOS="2370" WIDTH="57" HEIGHT="31" CONTENT="an" WC="0.88" CC="02"/>
						<SP ID="P3_SP00559" HPOS="2116" VPOS="2420" WIDTH="42"/>
						<String ID="P3_ST00643" HPOS="2158" VPOS="2353" WIDTH="71" HEIGHT="50" CONTENT="die" WC="1.00" CC="000"/>
						<SP ID="P3_SP00560" HPOS="2229" VPOS="2420" WIDTH="46"/>
						<String ID="P3_ST00644" HPOS="2275" VPOS="2353" WIDTH="256" HEIGHT="65" CONTENT="königliche" WC="1.00" CC="0000060004"/>
						<SP ID="P3_SP00561" HPOS="2531" VPOS="2420" WIDTH="33"/>
						<String ID="P3_ST00645" HPOS="2564" VPOS="2353" WIDTH="186" HEIGHT="48" CONTENT="Familie" WC="0.99" CC="6000120"/>
						<SP ID="P3_SP00562" HPOS="2750" VPOS="2420" WIDTH="30"/>
						<String ID="P3_ST00646" HPOS="2780" VPOS="2353" WIDTH="343" HEIGHT="65" CONTENT="Verfolgungen" WC="1.00" CC="003002050007"/>
						<SP ID="P3_SP00563" HPOS="3123" VPOS="2420" WIDTH="42"/>
						<String ID="P3_ST00647" HPOS="3165" VPOS="2370" WIDTH="52" HEIGHT="30" CONTENT="zu" SUBS_TYPE="HypPart1" SUBS_CONTENT="zuziehen" WC="0.98" CC="23"/>
						<HYP HPOS="3217" VPOS="2370" WIDTH="26" CONTENT="-"/>
					</TextLine>
					<TextLine ID="P3_TL00080" HPOS="1710" VPOS="2431" WIDTH="1531" HEIGHT="64">
						<String ID="P3_ST00648" HPOS="1710" VPOS="2433" WIDTH="155" HEIGHT="48" CONTENT="ziehen" SUBS_TYPE="HypPart2" SUBS_CONTENT="zuziehen" WC="0.99" CC="500008"/>
						<SP ID="P3_SP00564" HPOS="1865" VPOS="2481" WIDTH="20"/>
						<String ID="P3_ST00649" HPOS="1885" VPOS="2433" WIDTH="217" HEIGHT="56" CONTENT="könnten," WC="1.00" CC="00005000"/>
						<SP ID="P3_SP00565" HPOS="2102" VPOS="2489" WIDTH="22"/>
						<String ID="P3_ST00650" HPOS="2124" VPOS="2432" WIDTH="180" HEIGHT="48" CONTENT="verliess" WC="0.92" CC="00500001"/>
						<SP ID="P3_SP00566" HPOS="2304" VPOS="2489" WIDTH="31"/>
						<String ID="P3_ST00651" HPOS="2335" VPOS="2447" WIDTH="47" HEIGHT="32" CONTENT="er" WC="1.00" CC="00"/>
						<SP ID="P3_SP00567" HPOS="2382" VPOS="2489" WIDTH="30"/>
						<String ID="P3_ST00652" HPOS="2412" VPOS="2432" WIDTH="42" HEIGHT="46" CONTENT="in" WC="1.00" CC="00"/>
						<SP ID="P3_SP00568" HPOS="2454" VPOS="2489" WIDTH="25"/>
						<String ID="P3_ST00653" HPOS="2479" VPOS="2431" WIDTH="131" HEIGHT="64" CONTENT="jener" WC="0.99" CC="00303"/>
						<SP ID="P3_SP00569" HPOS="2610" VPOS="2495" WIDTH="23"/>
						<String ID="P3_ST00654" HPOS="2633" VPOS="2431" WIDTH="367" HEIGHT="48" CONTENT="Schreckenszeit" WC="1.00" CC="20720000205007"/>
						<SP ID="P3_SP00570" HPOS="3000" VPOS="2495" WIDTH="31"/>
						<String ID="P3_ST00655" HPOS="3031" VPOS="2431" WIDTH="210" HEIGHT="48" CONTENT="heimlich" WC="0.98" CC="04091577"/>
					</TextLine>
					<TextLine ID="P3_TL00081" HPOS="1711" VPOS="2506" WIDTH="1529" HEIGHT="69">
						<String ID="P3_ST00656" HPOS="1711" VPOS="2512" WIDTH="127" HEIGHT="48" CONTENT="Paris" WC="0.99" CC="00500"/>
						<SP ID="P3_SP00571" HPOS="1838" VPOS="2560" WIDTH="31"/>
						<String ID="P3_ST00657" HPOS="1869" VPOS="2511" WIDTH="90" HEIGHT="48" CONTENT="und" WC="0.98" CC="050"/>
						<SP ID="P3_SP00572" HPOS="1959" VPOS="2560" WIDTH="30"/>
						<String ID="P3_ST00658" HPOS="1989" VPOS="2527" WIDTH="83" HEIGHT="48" CONTENT="zog" WC="0.96" CC="540"/>
						<SP ID="P3_SP00573" HPOS="2072" VPOS="2575" WIDTH="28"/>
						<String ID="P3_ST00659" HPOS="2100" VPOS="2511" WIDTH="90" HEIGHT="48" CONTENT="sich" WC="0.98" CC="0007"/>
						<SP ID="P3_SP00574" HPOS="2190" VPOS="2575" WIDTH="33"/>
						<String ID="P3_ST00660" HPOS="2223" VPOS="2509" WIDTH="113" HEIGHT="49" CONTENT="nach" WC="0.98" CC="6002"/>
						<SP ID="P3_SP00575" HPOS="2336" VPOS="2575" WIDTH="34"/>
						<String ID="P3_ST00661" HPOS="2370" VPOS="2509" WIDTH="151" HEIGHT="66" CONTENT="Lyon" WC="0.98" CC="4400"/>
						<SP ID="P3_SP00576" HPOS="2521" VPOS="2575" WIDTH="30"/>
						<String ID="P3_ST00662" HPOS="2551" VPOS="2508" WIDTH="185" HEIGHT="57" CONTENT="zurück," WC="1.00" CC="0250000"/>
						<SP ID="P3_SP00577" HPOS="2736" VPOS="2575" WIDTH="32"/>
						<String ID="P3_ST00663" HPOS="2768" VPOS="2526" WIDTH="70" HEIGHT="30" CONTENT="wo" WC="0.68" CC="06"/>
						<SP ID="P3_SP00578" HPOS="2838" VPOS="2575" WIDTH="30"/>
						<String ID="P3_ST00664" HPOS="2868" VPOS="2526" WIDTH="50" HEIGHT="30" CONTENT="er" WC="0.50" CC="09"/>
						<SP ID="P3_SP00579" HPOS="2918" VPOS="2575" WIDTH="27"/>
						<String ID="P3_ST00665" HPOS="2945" VPOS="2509" WIDTH="124" HEIGHT="47" CONTENT="seine" WC="1.00" CC="00000"/>
						<SP ID="P3_SP00580" HPOS="3069" VPOS="2575" WIDTH="40"/>
						<String ID="P3_ST00666" HPOS="3109" VPOS="2506" WIDTH="105" HEIGHT="58" CONTENT="„3Ie" SUBS_TYPE="HypPart1" SUBS_CONTENT="„3Ielopee" WC="0.58" CC="0973" STYLEREFS="TXT_3"/>
						<HYP HPOS="3214" VPOS="2506" WIDTH="26" CONTENT="-"/>
					</TextLine>
					<TextLine ID="P3_TL00082" HPOS="1710" VPOS="2586" WIDTH="1533" HEIGHT="71">
						<String ID="P3_ST00667" HPOS="1710" VPOS="2589" WIDTH="122" HEIGHT="68" CONTENT="lopee" SUBS_TYPE="HypPart2" SUBS_CONTENT="„3Ielopee" WC="0.58" CC="25660" STYLEREFS="TXT_3"/>
						<SP ID="P3_SP00581" HPOS="1832" VPOS="2657" WIDTH="24"/>
						<String ID="P3_ST00668" HPOS="1856" VPOS="2588" WIDTH="214" HEIGHT="50" CONTENT="moderne" WC="0.98" CC="6605055" STYLEREFS="TXT_3"/>
						<SP ID="P3_SP00582" HPOS="2070" VPOS="2657" WIDTH="28"/>
						<String ID="P3_ST00669" HPOS="2098" VPOS="2605" WIDTH="59" HEIGHT="33" CONTENT="ou" WC="0.56" CC="44" STYLEREFS="TXT_3"/>
						<SP ID="P3_SP00583" HPOS="2157" VPOS="2657" WIDTH="26"/>
						<String ID="P3_ST00670" HPOS="2183" VPOS="2587" WIDTH="111" HEIGHT="49" CONTENT="l'art" WC="0.73" CC="00606" STYLEREFS="TXT_3"/>
						<SP ID="P3_SP00584" HPOS="2294" VPOS="2657" WIDTH="33"/>
						<String ID="P3_ST00671" HPOS="2327" VPOS="2587" WIDTH="65" HEIGHT="49" CONTENT="du" WC="0.72" CC="05" STYLEREFS="TXT_3"/>
						<SP ID="P3_SP00585" HPOS="2392" VPOS="2657" WIDTH="37"/>
						<String ID="P3_ST00672" HPOS="2429" VPOS="2587" WIDTH="141" HEIGHT="51" CONTENT="chant" WC="0.43" CC="46636" STYLEREFS="TXT_3"/>
						<String ID="P3_ST00673" HPOS="2577" VPOS="2593" WIDTH="17" HEIGHT="18" CONTENT='"' WC="0.64" CC="3"/>
						<SP ID="P3_SP00586" HPOS="2594" VPOS="2657" WIDTH="40"/>
						<String ID="P3_ST00674" HPOS="2634" VPOS="2586" WIDTH="251" HEIGHT="49" CONTENT="vollendete" WC="0.99" CC="0157088050"/>
						<SP ID="P3_SP00587" HPOS="2885" VPOS="2657" WIDTH="38"/>
						<String ID="P3_ST00675" HPOS="2923" VPOS="2586" WIDTH="90" HEIGHT="48" CONTENT="und" WC="0.96" CC="360"/>
						<SP ID="P3_SP00588" HPOS="3013" VPOS="2657" WIDTH="43"/>
						<String ID="P3_ST00676" HPOS="3056" VPOS="2587" WIDTH="161" HEIGHT="47" CONTENT="heraus" SUBS_TYPE="HypPart1" SUBS_CONTENT="herausgab," WC="0.99" CC="001231"/>
						<HYP HPOS="3217" VPOS="2587" WIDTH="26" CONTENT="-"/>
					</TextLine>
					<TextLine ID="P3_TL00083" HPOS="1711" VPOS="2663" WIDTH="1534" HEIGHT="70">
						<String ID="P3_ST00677" HPOS="1711" VPOS="2667" WIDTH="108" HEIGHT="66" CONTENT="gab," SUBS_TYPE="HypPart2" SUBS_CONTENT="herausgab," WC="0.99" CC="0022"/>
						<SP ID="P3_SP00589" HPOS="1819" VPOS="2733" WIDTH="42"/>
						<String ID="P3_ST00678" HPOS="1861" VPOS="2683" WIDTH="100" HEIGHT="31" CONTENT="zum" WC="0.99" CC="100"/>
						<SP ID="P3_SP00590" HPOS="1961" VPOS="2733" WIDTH="43"/>
						<String ID="P3_ST00679" HPOS="2004" VPOS="2669" WIDTH="206" HEIGHT="61" CONTENT="grössten" WC="0.66" CC="04090507"/>
						<SP ID="P3_SP00591" HPOS="2210" VPOS="2733" WIDTH="42"/>
						<String ID="P3_ST00680" HPOS="2252" VPOS="2664" WIDTH="158" HEIGHT="49" CONTENT="Theile" WC="0.89" CC="060000"/>
						<SP ID="P3_SP00592" HPOS="2410" VPOS="2733" WIDTH="41"/>
						<String ID="P3_ST00681" HPOS="2451" VPOS="2664" WIDTH="100" HEIGHT="49" CONTENT="eine" WC="0.99" CC="0030"/>
						<SP ID="P3_SP00593" HPOS="2551" VPOS="2733" WIDTH="43"/>
						<String ID="P3_ST00682" HPOS="2594" VPOS="2664" WIDTH="298" HEIGHT="49" CONTENT="französische" WC="0.99" CC="046650404600"/>
						<SP ID="P3_SP00594" HPOS="2892" VPOS="2733" WIDTH="43"/>
						<String ID="P3_ST00683" HPOS="2935" VPOS="2663" WIDTH="310" HEIGHT="65" CONTENT="Bearbeitung" WC="0.99" CC="60436206449"/>
					</TextLine>
					<TextLine ID="P3_TL00084" HPOS="1709" VPOS="2740" WIDTH="1531" HEIGHT="67">
						<String ID="P3_ST00684" HPOS="1709" VPOS="2762" WIDTH="85" HEIGHT="32" CONTENT="von" WC="0.95" CC="435"/>
						<SP ID="P3_SP00595" HPOS="1794" VPOS="2794" WIDTH="31"/>
						<String ID="P3_ST00685" HPOS="1825" VPOS="2746" WIDTH="226" HEIGHT="47" CONTENT="Hiller's" WC="0.75" CC="55030500"/>
						<SP ID="P3_SP00596" HPOS="2051" VPOS="2794" WIDTH="31"/>
						<String ID="P3_ST00686" HPOS="2082" VPOS="2743" WIDTH="326" HEIGHT="64" CONTENT="Gesanglehre." WC="0.99" CC="603060406420"/>
						<SP ID="P3_SP00597" HPOS="2408" VPOS="2807" WIDTH="32"/>
						<String ID="P3_ST00687" HPOS="2440" VPOS="2742" WIDTH="229" HEIGHT="65" CONTENT="Gretry," WC="0.50" CC="5583506"/>
						<SP ID="P3_SP00598" HPOS="2669" VPOS="2807" WIDTH="30"/>
						<String ID="P3_ST00688" HPOS="2699" VPOS="2742" WIDTH="80" HEIGHT="48" CONTENT="der" WC="1.00" CC="000"/>
						<SP ID="P3_SP00599" HPOS="2779" VPOS="2807" WIDTH="26"/>
						<String ID="P3_ST00689" HPOS="2805" VPOS="2740" WIDTH="287" HEIGHT="53" CONTENT="bekanntlich" WC="0.99" CC="40006666602"/>
						<SP ID="P3_SP00600" HPOS="3092" VPOS="2807" WIDTH="26"/>
						<String ID="P3_ST00690" HPOS="3118" VPOS="2740" WIDTH="122" HEIGHT="49" CONTENT="nicht" WC="0.99" CC="60030"/>
					</TextLine>
					<TextLine ID="P3_TL00085" HPOS="1711" VPOS="2818" WIDTH="1532" HEIGHT="67">
						<String ID="P3_ST00691" HPOS="1711" VPOS="2824" WIDTH="135" HEIGHT="49" CONTENT="leicht" WC="1.00" CC="000004"/>
						<SP ID="P3_SP00601" HPOS="1846" VPOS="2873" WIDTH="29"/>
						<String ID="P3_ST00692" HPOS="1875" VPOS="2829" WIDTH="141" HEIGHT="42" CONTENT="etwas" WC="0.99" CC="05050"/>
						<SP ID="P3_SP00602" HPOS="2016" VPOS="2873" WIDTH="30"/>
						<String ID="P3_ST00693" HPOS="2046" VPOS="2822" WIDTH="140" HEIGHT="57" CONTENT="lobte," WC="0.98" CC="126034"/>
						<SP ID="P3_SP00603" HPOS="2186" VPOS="2879" WIDTH="39"/>
						<String ID="P3_ST00694" HPOS="2225" VPOS="2828" WIDTH="129" HEIGHT="57" CONTENT="sagte" WC="0.98" CC="06050"/>
						<SP ID="P3_SP00604" HPOS="2354" VPOS="2885" WIDTH="30"/>
						<String ID="P3_ST00695" HPOS="2384" VPOS="2819" WIDTH="200" HEIGHT="50" CONTENT="darüber" WC="0.99" CC="0060501"/>
						<SP ID="P3_SP00605" HPOS="2584" VPOS="2885" WIDTH="36"/>
						<String ID="P3_ST00696" HPOS="2620" VPOS="2820" WIDTH="42" HEIGHT="47" CONTENT="in" WC="1.00" CC="00"/>
						<SP ID="P3_SP00606" HPOS="2662" VPOS="2885" WIDTH="31"/>
						<String ID="P3_ST00697" HPOS="2693" VPOS="2819" WIDTH="146" HEIGHT="48" CONTENT="einem" WC="0.99" CC="00500"/>
						<SP ID="P3_SP00607" HPOS="2839" VPOS="2885" WIDTH="30"/>
						<String ID="P3_ST00698" HPOS="2869" VPOS="2820" WIDTH="247" HEIGHT="64" CONTENT="Vortrage," WC="0.99" CC="005633004"/>
						<SP ID="P3_SP00608" HPOS="3116" VPOS="2885" WIDTH="42"/>
						<String ID="P3_ST00699" HPOS="3158" VPOS="2818" WIDTH="85" HEIGHT="48" CONTENT="den" WC="1.00" CC="001"/>
					</TextLine>
					<TextLine ID="P3_TL00086" HPOS="1711" VPOS="2897" WIDTH="1532" HEIGHT="66">
						<String ID="P3_ST00700" HPOS="1711" VPOS="2920" WIDTH="48" HEIGHT="31" CONTENT="er" WC="0.73" CC="05"/>
						<SP ID="P3_SP00609" HPOS="1759" VPOS="2951" WIDTH="23"/>
						<String ID="P3_ST00701" HPOS="1782" VPOS="2902" WIDTH="70" HEIGHT="48" CONTENT="bei" WC="0.99" CC="300"/>
						<SP ID="P3_SP00610" HPOS="1852" VPOS="2951" WIDTH="28"/>
						<String ID="P3_ST00702" HPOS="1880" VPOS="2900" WIDTH="81" HEIGHT="49" CONTENT="der" WC="1.00" CC="000"/>
						<SP ID="P3_SP00611" HPOS="1961" VPOS="2951" WIDTH="24"/>
						<String ID="P3_ST00703" HPOS="1985" VPOS="2899" WIDTH="414" HEIGHT="64" CONTENT="Preisverteilung" WC="0.99" CC="700000088501409"/>
						<SP ID="P3_SP00612" HPOS="2399" VPOS="2963" WIDTH="25"/>
						<String ID="P3_ST00704" HPOS="2424" VPOS="2898" WIDTH="77" HEIGHT="48" CONTENT="des" WC="0.98" CC="004"/>
						<SP ID="P3_SP00613" HPOS="2501" VPOS="2963" WIDTH="19"/>
						<String ID="P3_ST00705" HPOS="2520" VPOS="2898" WIDTH="367" HEIGHT="48" CONTENT="Conservatoires" WC="0.88" CC="60000400320000"/>
						<SP ID="P3_SP00614" HPOS="2887" VPOS="2963" WIDTH="24"/>
						<String ID="P3_ST00706" HPOS="2911" VPOS="2897" WIDTH="131" HEIGHT="48" CONTENT="hielt:" WC="0.99" CC="002052"/>
						<SP ID="P3_SP00615" HPOS="3042" VPOS="2963" WIDTH="34"/>
						<String ID="P3_ST00707" HPOS="3076" VPOS="2897" WIDTH="167" HEIGHT="57" CONTENT="„Alles," WC="0.98" CC="6553164"/>
					</TextLine>
					<TextLine ID="P3_TL00087" HPOS="1711" VPOS="2973" WIDTH="1529" HEIGHT="66">
						<String ID="P3_ST00708" HPOS="1711" VPOS="2996" WIDTH="94" HEIGHT="31" CONTENT="was" WC="0.99" CC="003"/>
						<SP ID="P3_SP00616" HPOS="1805" VPOS="3027" WIDTH="29"/>
						<String ID="P3_ST00709" HPOS="1834" VPOS="2978" WIDTH="146" HEIGHT="48" CONTENT="dieser" WC="1.00" CC="010003"/>
						<SP ID="P3_SP00617" HPOS="1980" VPOS="3027" WIDTH="31"/>
						<String ID="P3_ST00710" HPOS="2011" VPOS="2977" WIDTH="324" HEIGHT="48" CONTENT="unterrichtete" WC="0.99" CC="0650300004065"/>
						<SP ID="P3_SP00618" HPOS="2335" VPOS="3027" WIDTH="30"/>
						<String ID="P3_ST00711" HPOS="2365" VPOS="2977" WIDTH="140" HEIGHT="47" CONTENT="Mann" WC="1.00" CC="0000"/>
						<SP ID="P3_SP00619" HPOS="2505" VPOS="3027" WIDTH="30"/>
						<String ID="P3_ST00712" HPOS="2535" VPOS="2982" WIDTH="116" HEIGHT="57" CONTENT="sagt," WC="0.98" CC="36060"/>
						<SP ID="P3_SP00620" HPOS="2651" VPOS="3039" WIDTH="30"/>
						<String ID="P3_ST00713" HPOS="2681" VPOS="2974" WIDTH="54" HEIGHT="48" CONTENT="ist" WC="0.98" CC="005"/>
						<SP ID="P3_SP00621" HPOS="2735" VPOS="3039" WIDTH="28"/>
						<String ID="P3_ST00714" HPOS="2763" VPOS="2974" WIDTH="302" HEIGHT="48" CONTENT="vollkommen" WC="0.99" CC="0052020807"/>
						<SP ID="P3_SP00622" HPOS="3065" VPOS="3039" WIDTH="32"/>
						<String ID="P3_ST00715" HPOS="3097" VPOS="2973" WIDTH="143" HEIGHT="48" CONTENT="wahr." WC="0.95" CC="96693"/>
					</TextLine>
					<TextLine ID="P3_TL00088" HPOS="1710" VPOS="3050" WIDTH="1533" HEIGHT="63">
						<String ID="P3_ST00716" HPOS="1710" VPOS="3057" WIDTH="77" HEIGHT="48" CONTENT="Ich" WC="0.96" CC="306"/>
						<SP ID="P3_SP00623" HPOS="1787" VPOS="3105" WIDTH="40"/>
						<String ID="P3_ST00717" HPOS="1827" VPOS="3055" WIDTH="222" HEIGHT="58" CONTENT="bedaure," WC="0.77" CC="00005543"/>
						<SP ID="P3_SP00624" HPOS="2049" VPOS="3113" WIDTH="43"/>
						<String ID="P3_ST00718" HPOS="2092" VPOS="3054" WIDTH="183" HEIGHT="50" CONTENT="Martini" WC="0.99" CC="0105042"/>
						<SP ID="P3_SP00625" HPOS="2275" VPOS="3113" WIDTH="42"/>
						<String ID="P3_ST00719" HPOS="2317" VPOS="3054" WIDTH="58" HEIGHT="47" CONTENT="im" WC="1.00" CC="00"/>
						<SP ID="P3_SP00626" HPOS="2375" VPOS="3113" WIDTH="45"/>
						<String ID="P3_ST00720" HPOS="2420" VPOS="3052" WIDTH="344" HEIGHT="49" CONTENT="Conservatoire" WC="0.75" CC="7350000624000"/>
						<SP ID="P3_SP00627" HPOS="2764" VPOS="3113" WIDTH="44"/>
						<String ID="P3_ST00721" HPOS="2808" VPOS="3050" WIDTH="80" HEIGHT="49" CONTENT="der" WC="1.00" CC="000"/>
						<SP ID="P3_SP00628" HPOS="2888" VPOS="3113" WIDTH="44"/>
						<String ID="P3_ST00722" HPOS="2932" VPOS="3050" WIDTH="148" HEIGHT="50" CONTENT="Musik" WC="0.99" CC="00900"/>
						<SP ID="P3_SP00629" HPOS="3080" VPOS="3113" WIDTH="41"/>
						<String ID="P3_ST00723" HPOS="3121" VPOS="3050" WIDTH="122" HEIGHT="47" CONTENT="nicht" WC="0.98" CC="70025"/>
					</TextLine>
					<TextLine ID="P3_TL00089" HPOS="1710" VPOS="3129" WIDTH="1530" HEIGHT="56">
						<String ID="P3_ST00724" HPOS="1710" VPOS="3134" WIDTH="151" HEIGHT="50" CONTENT="neben" WC="0.99" CC="00304"/>
						<SP ID="P3_SP00630" HPOS="1861" VPOS="3184" WIDTH="30"/>
						<String ID="P3_ST00725" HPOS="1891" VPOS="3134" WIDTH="85" HEIGHT="47" CONTENT="mir" WC="0.97" CC="304"/>
						<SP ID="P3_SP00631" HPOS="1976" VPOS="3184" WIDTH="28"/>
						<String ID="P3_ST00726" HPOS="2004" VPOS="3151" WIDTH="51" HEIGHT="30" CONTENT="zu" WC="0.54" CC="53"/>
						<SP ID="P3_SP00632" HPOS="2055" VPOS="3184" WIDTH="31"/>
						<String ID="P3_ST00727" HPOS="2086" VPOS="3132" WIDTH="245" HEIGHT="49" CONTENT="erblicken." WC="0.99" CC="0274200064"/>
						<SP ID="P3_SP00633" HPOS="2331" VPOS="3184" WIDTH="54"/>
						<String ID="P3_ST00728" HPOS="2385" VPOS="3132" WIDTH="65" HEIGHT="47" CONTENT="Er" WC="0.82" CC="03"/>
						<SP ID="P3_SP00634" HPOS="2450" VPOS="3184" WIDTH="31"/>
						<String ID="P3_ST00729" HPOS="2481" VPOS="3129" WIDTH="228" HEIGHT="50" CONTENT="verdiente" WC="0.99" CC="006600750"/>
						<SP ID="P3_SP00635" HPOS="2709" VPOS="3184" WIDTH="31"/>
						<String ID="P3_ST00730" HPOS="2740" VPOS="3129" WIDTH="132" HEIGHT="48" CONTENT="mehr" WC="0.99" CC="0040"/>
						<SP ID="P3_SP00636" HPOS="2872" VPOS="3184" WIDTH="30"/>
						<String ID="P3_ST00731" HPOS="2902" VPOS="3129" WIDTH="63" HEIGHT="48" CONTENT="als" WC="0.98" CC="400"/>
						<SP ID="P3_SP00637" HPOS="2965" VPOS="3184" WIDTH="29"/>
						<String ID="P3_ST00732" HPOS="2994" VPOS="3129" WIDTH="89" HEIGHT="56" CONTENT="ich," WC="0.99" CC="0050"/>
						<SP ID="P3_SP00638" HPOS="3083" VPOS="3185" WIDTH="29"/>
						<String ID="P3_ST00733" HPOS="3112" VPOS="3129" WIDTH="128" HEIGHT="47" CONTENT="einen" WC="0.98" CC="00605"/>
					</TextLine>
					<TextLine ID="P3_TL00090" HPOS="1709" VPOS="3207" WIDTH="1534" HEIGHT="55">
						<String ID="P3_ST00734" HPOS="1709" VPOS="3214" WIDTH="124" HEIGHT="48" CONTENT="Platz" WC="0.98" CC="00066"/>
						<SP ID="P3_SP00639" HPOS="1833" VPOS="3262" WIDTH="29"/>
						<String ID="P3_ST00735" HPOS="1862" VPOS="3213" WIDTH="43" HEIGHT="47" CONTENT="in" WC="0.66" CC="06"/>
						<SP ID="P3_SP00640" HPOS="1905" VPOS="3262" WIDTH="27"/>
						<String ID="P3_ST00736" HPOS="1932" VPOS="3212" WIDTH="147" HEIGHT="48" CONTENT="dieser" WC="1.00" CC="000000"/>
						<SP ID="P3_SP00641" HPOS="2079" VPOS="3262" WIDTH="30"/>
						<String ID="P3_ST00737" HPOS="2109" VPOS="3210" WIDTH="252" HEIGHT="49" CONTENT="nützlichen" WC="0.99" CC="0954020650"/>
						<SP ID="P3_SP00642" HPOS="2361" VPOS="3262" WIDTH="27"/>
						<String ID="P3_ST00738" HPOS="2388" VPOS="3209" WIDTH="178" HEIGHT="48" CONTENT="Anstalt" WC="0.98" CC="3605025"/>
						<SP ID="P3_SP00643" HPOS="2566" VPOS="3262" WIDTH="29"/>
						<String ID="P3_ST00739" HPOS="2595" VPOS="3208" WIDTH="345" HEIGHT="54" CONTENT="einzunehmen," WC="1.00" CC="000506300013"/>
						<SP ID="P3_SP00644" HPOS="2940" VPOS="3262" WIDTH="25"/>
						<String ID="P3_ST00740" HPOS="2965" VPOS="3207" WIDTH="116" HEIGHT="48" CONTENT="denn" WC="0.97" CC="0047"/>
						<SP ID="P3_SP00645" HPOS="3081" VPOS="3262" WIDTH="32"/>
						<String ID="P3_ST00741" HPOS="3113" VPOS="3223" WIDTH="48" HEIGHT="31" CONTENT="er" WC="0.83" CC="03"/>
						<SP ID="P3_SP00646" HPOS="3161" VPOS="3262" WIDTH="30"/>
						<String ID="P3_ST00742" HPOS="3191" VPOS="3207" WIDTH="52" HEIGHT="47" CONTENT="ist" WC="0.98" CC="005"/>
					</TextLine>
					<TextLine ID="P3_TL00091" HPOS="1711" VPOS="3283" WIDTH="1528" HEIGHT="57">
						<String ID="P3_ST00743" HPOS="1711" VPOS="3289" WIDTH="335" HEIGHT="51" CONTENT="methodischer" WC="1.00" CC="006000040000"/>
						<SP ID="P3_SP00647" HPOS="2046" VPOS="3340" WIDTH="31"/>
						<String ID="P3_ST00744" HPOS="2077" VPOS="3288" WIDTH="91" HEIGHT="48" CONTENT="und" WC="0.97" CC="600"/>
						<SP ID="P3_SP00648" HPOS="2168" VPOS="3340" WIDTH="31"/>
						<String ID="P3_ST00745" HPOS="2199" VPOS="3287" WIDTH="320" HEIGHT="49" CONTENT='lehrreicher."' WC="1.00" CC="3060000000103"/>
						<SP ID="P3_SP00649" HPOS="2519" VPOS="3340" WIDTH="40"/>
						<String ID="P3_ST00746" HPOS="2559" VPOS="3285" WIDTH="129" HEIGHT="49" CONTENT="Nach" WC="1.00" CC="0000"/>
						<SP ID="P3_SP00650" HPOS="2688" VPOS="3340" WIDTH="30"/>
						<String ID="P3_ST00747" HPOS="2718" VPOS="3285" WIDTH="125" HEIGHT="49" CONTENT="einer" WC="1.00" CC="00000"/>
						<SP ID="P3_SP00651" HPOS="2843" VPOS="3340" WIDTH="20"/>
						<String ID="P3_ST00748" HPOS="2863" VPOS="3284" WIDTH="183" HEIGHT="48" CONTENT="solchen" WC="1.00" CC="3020001"/>
						<SP ID="P3_SP00652" HPOS="3046" VPOS="3340" WIDTH="32"/>
						<String ID="P3_ST00749" HPOS="3078" VPOS="3283" WIDTH="138" HEIGHT="48" CONTENT="öffent" SUBS_TYPE="HypPart1" SUBS_CONTENT="öffentlichen" WC="0.98" CC="444064"/>
						<HYP HPOS="3216" VPOS="3283" WIDTH="23" CONTENT="-"/>
					</TextLine>
					<TextLine ID="P3_TL00092" HPOS="1710" VPOS="3360" WIDTH="1531" HEIGHT="70">
						<String ID="P3_ST00750" HPOS="1710" VPOS="3369" WIDTH="145" HEIGHT="48" CONTENT="lichen" SUBS_TYPE="HypPart2" SUBS_CONTENT="öffentlichen" WC="0.99" CC="000007"/>
						<SP ID="P3_SP00653" HPOS="1855" VPOS="3417" WIDTH="31"/>
						<String ID="P3_ST00751" HPOS="1886" VPOS="3367" WIDTH="364" HEIGHT="63" CONTENT="Anerkennung," WC="0.99" CC="240500340591"/>
						<SP ID="P3_SP00654" HPOS="2250" VPOS="3430" WIDTH="43"/>
						<String ID="P3_ST00752" HPOS="2293" VPOS="3364" WIDTH="172" HEIGHT="50" CONTENT="welche" WC="1.00" CC="000030"/>
						<SP ID="P3_SP00655" HPOS="2465" VPOS="3430" WIDTH="42"/>
						<String ID="P3_ST00753" HPOS="2507" VPOS="3363" WIDTH="103" HEIGHT="48" CONTENT="dem" WC="0.95" CC="930"/>
						<SP ID="P3_SP00656" HPOS="2610" VPOS="3430" WIDTH="33"/>
						<String ID="P3_ST00754" HPOS="2643" VPOS="3362" WIDTH="236" HEIGHT="66" CONTENT="würdigen" WC="1.00" CC="00001001"/>
						<SP ID="P3_SP00657" HPOS="2879" VPOS="3430" WIDTH="32"/>
						<String ID="P3_ST00755" HPOS="2911" VPOS="3362" WIDTH="164" HEIGHT="64" CONTENT="Gretry" WC="0.67" CC="033650"/>
						<SP ID="P3_SP00658" HPOS="3075" VPOS="3430" WIDTH="43"/>
						<String ID="P3_ST00756" HPOS="3118" VPOS="3360" WIDTH="123" HEIGHT="47" CONTENT="nicht" WC="0.97" CC="50255"/>
					</TextLine>
					<TextLine ID="P3_TL00093" HPOS="1710" VPOS="3438" WIDTH="1529" HEIGHT="63">
						<String ID="P3_ST00757" HPOS="1710" VPOS="3447" WIDTH="178" HEIGHT="49" CONTENT="minder" WC="0.98" CC="524006"/>
						<SP ID="P3_SP00659" HPOS="1888" VPOS="3496" WIDTH="41"/>
						<String ID="P3_ST00758" HPOS="1929" VPOS="3445" WIDTH="125" HEIGHT="49" CONTENT="Ehre" WC="0.98" CC="0530"/>
						<SP ID="P3_SP00660" HPOS="2054" VPOS="3496" WIDTH="44"/>
						<String ID="P3_ST00759" HPOS="2098" VPOS="3444" WIDTH="168" HEIGHT="57" CONTENT="macht," WC="0.98" CC="050653"/>
						<SP ID="P3_SP00661" HPOS="2266" VPOS="3501" WIDTH="50"/>
						<String ID="P3_ST00760" HPOS="2316" VPOS="3444" WIDTH="64" HEIGHT="48" CONTENT="als" WC="0.97" CC="311"/>
						<SP ID="P3_SP00662" HPOS="2380" VPOS="3501" WIDTH="42"/>
						<String ID="P3_ST00761" HPOS="2422" VPOS="3458" WIDTH="210" HEIGHT="32" CONTENT="unserem" WC="0.99" CC="6000440"/>
						<SP ID="P3_SP00663" HPOS="2632" VPOS="3501" WIDTH="43"/>
						<String ID="P3_ST00762" HPOS="2675" VPOS="3440" WIDTH="339" HEIGHT="56" CONTENT="Landsmanne," WC="0.78" CC="25501000602"/>
						<SP ID="P3_SP00664" HPOS="3014" VPOS="3501" WIDTH="57"/>
						<String ID="P3_ST00763" HPOS="3071" VPOS="3438" WIDTH="168" HEIGHT="48" CONTENT="konnte" WC="0.99" CC="000500"/>
					</TextLine>
					<TextLine ID="P3_TL00094" HPOS="1707" VPOS="3514" WIDTH="1532" HEIGHT="74">
						<String ID="P3_ST00764" HPOS="1707" VPOS="3527" WIDTH="123" HEIGHT="48" CONTENT="seine" WC="0.99" CC="20060"/>
						<SP ID="P3_SP00665" HPOS="1830" VPOS="3575" WIDTH="25"/>
						<String ID="P3_ST00765" HPOS="1855" VPOS="3523" WIDTH="235" HEIGHT="65" CONTENT="Berufung" WC="0.99" CC="70420009"/>
						<SP ID="P3_SP00666" HPOS="2090" VPOS="3588" WIDTH="30"/>
						<String ID="P3_ST00766" HPOS="2120" VPOS="3539" WIDTH="56" HEIGHT="32" CONTENT="an" WC="1.00" CC="00"/>
						<SP ID="P3_SP00667" HPOS="2176" VPOS="3588" WIDTH="25"/>
						<String ID="P3_ST00767" HPOS="2201" VPOS="3522" WIDTH="80" HEIGHT="49" CONTENT="das" WC="1.00" CC="000"/>
						<SP ID="P3_SP00668" HPOS="2281" VPOS="3588" WIDTH="26"/>
						<String ID="P3_ST00768" HPOS="2307" VPOS="3519" WIDTH="345" HEIGHT="51" CONTENT="Conservatoire" WC="0.84" CC="8300020040000"/>
						<SP ID="P3_SP00669" HPOS="2652" VPOS="3588" WIDTH="29"/>
						<String ID="P3_ST00769" HPOS="2681" VPOS="3518" WIDTH="125" HEIGHT="49" CONTENT="nicht" WC="0.98" CC="60071"/>
						<SP ID="P3_SP00670" HPOS="2806" VPOS="3588" WIDTH="29"/>
						<String ID="P3_ST00770" HPOS="2835" VPOS="3515" WIDTH="282" HEIGHT="57" CONTENT="ausbleiben," WC="0.99" CC="66070000200"/>
						<SP ID="P3_SP00671" HPOS="3117" VPOS="3588" WIDTH="32"/>
						<String ID="P3_ST00771" HPOS="3149" VPOS="3514" WIDTH="90" HEIGHT="49" CONTENT="und" WC="0.98" CC="060"/>
					</TextLine>
					<TextLine ID="P3_TL00095" HPOS="1707" VPOS="3596" WIDTH="1532" HEIGHT="64">
						<String ID="P3_ST00772" HPOS="1707" VPOS="3622" WIDTH="50" HEIGHT="32" CONTENT="so" WC="0.91" CC="01"/>
						<SP ID="P3_SP00672" HPOS="1757" VPOS="3654" WIDTH="43"/>
						<String ID="P3_ST00773" HPOS="1800" VPOS="3602" WIDTH="160" HEIGHT="50" CONTENT="wurde" WC="0.99" CC="05300"/>
						<SP ID="P3_SP00673" HPOS="1960" VPOS="3654" WIDTH="42"/>
						<String ID="P3_ST00774" HPOS="2002" VPOS="3618" WIDTH="48" HEIGHT="32" CONTENT="er" WC="0.80" CC="04"/>
						<SP ID="P3_SP00674" HPOS="2050" VPOS="3654" WIDTH="37"/>
						<String ID="P3_ST00775" HPOS="2087" VPOS="3600" WIDTH="119" HEIGHT="50" CONTENT="denn" WC="0.98" CC="6010"/>
						<SP ID="P3_SP00675" HPOS="2206" VPOS="3654" WIDTH="45"/>
						<String ID="P3_ST00776" HPOS="2251" VPOS="3599" WIDTH="143" HEIGHT="51" CONTENT="1798" WC="0.65" CC="0732"/>
						<SP ID="P3_SP00676" HPOS="2394" VPOS="3654" WIDTH="46"/>
						<String ID="P3_ST00777" HPOS="2440" VPOS="3599" WIDTH="123" HEIGHT="48" CONTENT="einer" WC="1.00" CC="00000"/>
						<SP ID="P3_SP00677" HPOS="2563" VPOS="3654" WIDTH="42"/>
						<String ID="P3_ST00778" HPOS="2605" VPOS="3596" WIDTH="81" HEIGHT="49" CONTENT="der" WC="0.99" CC="003"/>
						<SP ID="P3_SP00678" HPOS="2686" VPOS="3654" WIDTH="45"/>
						<String ID="P3_ST00779" HPOS="2731" VPOS="3596" WIDTH="105" HEIGHT="50" CONTENT="fünf" WC="0.99" CC="0060"/>
						<SP ID="P3_SP00679" HPOS="2836" VPOS="3654" WIDTH="36"/>
						<String ID="P3_ST00780" HPOS="2872" VPOS="3598" WIDTH="367" HEIGHT="62" CONTENT="Inspectoren" WC="0.82" CC="27500030100"/>
					</TextLine>
					<TextLine ID="P3_TL00096" HPOS="1707" VPOS="3679" WIDTH="369" HEIGHT="52">
						<String ID="P3_ST00781" HPOS="1707" VPOS="3683" WIDTH="148" HEIGHT="48" CONTENT="dieser" WC="0.99" CC="000054"/>
						<SP ID="P3_SP00680" HPOS="1855" VPOS="3731" WIDTH="28"/>
						<String ID="P3_ST00782" HPOS="1883" VPOS="3679" WIDTH="193" HEIGHT="50" CONTENT="Anstalt." WC="0.98" CC="28063770"/>
					</TextLine>
					<TextLine ID="P3_TL00097" HPOS="1822" VPOS="3748" WIDTH="1417" HEIGHT="73">
						<String ID="P3_ST00783" HPOS="1822" VPOS="3759" WIDTH="128" HEIGHT="48" CONTENT="Nach" WC="0.98" CC="0207"/>
						<SP ID="P3_SP00681" HPOS="1950" VPOS="3807" WIDTH="43"/>
						<String ID="P3_ST00784" HPOS="1993" VPOS="3758" WIDTH="169" HEIGHT="47" CONTENT="seinem" WC="0.99" CC="000800"/>
						<SP ID="P3_SP00682" HPOS="2162" VPOS="3807" WIDTH="39"/>
						<String ID="P3_ST00785" HPOS="2201" VPOS="3755" WIDTH="228" HEIGHT="66" CONTENT="geliebten" WC="0.99" CC="901001700"/>
						<SP ID="P3_SP00683" HPOS="2429" VPOS="3821" WIDTH="31"/>
						<String ID="P3_ST00786" HPOS="2460" VPOS="3751" WIDTH="125" HEIGHT="50" CONTENT="Paris" WC="0.98" CC="07300"/>
						<SP ID="P3_SP00684" HPOS="2585" VPOS="3821" WIDTH="33"/>
						<String ID="P3_ST00787" HPOS="2618" VPOS="3768" WIDTH="96" HEIGHT="32" CONTENT="war" WC="0.96" CC="054"/>
						<SP ID="P3_SP00685" HPOS="2714" VPOS="3821" WIDTH="40"/>
						<String ID="P3_ST00788" HPOS="2754" VPOS="3768" WIDTH="49" HEIGHT="32" CONTENT="er" WC="0.72" CC="05"/>
						<SP ID="P3_SP00686" HPOS="2803" VPOS="3821" WIDTH="38"/>
						<String ID="P3_ST00789" HPOS="2841" VPOS="3750" WIDTH="136" HEIGHT="48" CONTENT="schon" WC="0.98" CC="00730"/>
						<SP ID="P3_SP00687" HPOS="2977" VPOS="3821" WIDTH="33"/>
						<String ID="P3_ST00790" HPOS="3010" VPOS="3750" WIDTH="57" HEIGHT="46" CONTENT="im" WC="1.00" CC="00"/>
						<SP ID="P3_SP00688" HPOS="3067" VPOS="3821" WIDTH="31"/>
						<String ID="P3_ST00791" HPOS="3098" VPOS="3748" WIDTH="141" HEIGHT="48" CONTENT="Jahre" WC="0.97" CC="56601"/>
					</TextLine>
					<TextLine ID="P3_TL00098" HPOS="1714" VPOS="3826" WIDTH="1526" HEIGHT="73">
						<String ID="P3_ST00792" HPOS="1714" VPOS="3838" WIDTH="143" HEIGHT="48" CONTENT="1794" WC="0.40" CC="0994"/>
						<SP ID="P3_SP00689" HPOS="1857" VPOS="3886" WIDTH="33"/>
						<String ID="P3_ST00793" HPOS="1890" VPOS="3835" WIDTH="169" HEIGHT="48" CONTENT="wieder" WC="0.99" CC="000930"/>
						<SP ID="P3_SP00690" HPOS="2059" VPOS="3886" WIDTH="27"/>
						<String ID="P3_ST00794" HPOS="2086" VPOS="3833" WIDTH="369" HEIGHT="66" CONTENT="zurückgekehrt" WC="0.99" CC="6008000002754"/>
						<SP ID="P3_SP00691" HPOS="2455" VPOS="3899" WIDTH="38"/>
						<String ID="P3_ST00795" HPOS="2493" VPOS="3830" WIDTH="89" HEIGHT="48" CONTENT="und" WC="0.97" CC="070"/>
						<SP ID="P3_SP00692" HPOS="2582" VPOS="3899" WIDTH="43"/>
						<String ID="P3_ST00796" HPOS="2625" VPOS="3830" WIDTH="124" HEIGHT="48" CONTENT="hatte" WC="0.97" CC="70840"/>
						<SP ID="P3_SP00693" HPOS="2749" VPOS="3899" WIDTH="43"/>
						<String ID="P3_ST00797" HPOS="2792" VPOS="3828" WIDTH="103" HEIGHT="48" CONTENT="bald" WC="0.99" CC="5000"/>
						<SP ID="P3_SP00694" HPOS="2895" VPOS="3899" WIDTH="42"/>
						<String ID="P3_ST00798" HPOS="2937" VPOS="3826" WIDTH="113" HEIGHT="50" CONTENT="nach" WC="0.98" CC="6001"/>
						<SP ID="P3_SP00695" HPOS="3050" VPOS="3899" WIDTH="44"/>
						<String ID="P3_ST00799" HPOS="3094" VPOS="3826" WIDTH="146" HEIGHT="47" CONTENT="seiner" WC="0.99" CC="000632"/>
					</TextLine>
					<TextLine ID="P3_TL00099" HPOS="1707" VPOS="3903" WIDTH="1529" HEIGHT="74">
						<String ID="P3_ST00800" HPOS="1707" VPOS="3915" WIDTH="249" HEIGHT="48" CONTENT="Rückkehr" WC="0.99" CC="50000072"/>
						<SP ID="P3_SP00696" HPOS="1956" VPOS="3963" WIDTH="31"/>
						<String ID="P3_ST00801" HPOS="1987" VPOS="3914" WIDTH="69" HEIGHT="47" CONTENT="die" WC="0.97" CC="034"/>
						<SP ID="P3_SP00697" HPOS="2056" VPOS="3963" WIDTH="31"/>
						<String ID="P3_ST00802" HPOS="2087" VPOS="3913" WIDTH="128" HEIGHT="64" CONTENT="Oper" WC="0.98" CC="6004"/>
						<SP ID="P3_SP00698" HPOS="2215" VPOS="3977" WIDTH="42"/>
						<String ID="P3_ST00803" HPOS="2257" VPOS="3910" WIDTH="271" HEIGHT="66" CONTENT='„Sappho"' WC="0.90" CC="20000013"/>
						<SP ID="P3_SP00699" HPOS="2528" VPOS="3977" WIDTH="43"/>
						<String ID="P3_ST00804" HPOS="2571" VPOS="3924" WIDTH="76" HEIGHT="31" CONTENT="zur" WC="0.96" CC="712"/>
						<SP ID="P3_SP00700" HPOS="2647" VPOS="3977" WIDTH="24"/>
						<String ID="P3_ST00805" HPOS="2671" VPOS="3906" WIDTH="302" HEIGHT="63" CONTENT="Aufführung" WC="0.99" CC="0040070480"/>
						<SP ID="P3_SP00701" HPOS="2973" VPOS="3977" WIDTH="30"/>
						<String ID="P3_ST00806" HPOS="3003" VPOS="3903" WIDTH="233" HEIGHT="66" CONTENT="gebracht." WC="0.99" CC="046301774"/>
					</TextLine>
					<TextLine ID="P3_TL00100" HPOS="1719" VPOS="3980" WIDTH="1515" HEIGHT="76">
						<String ID="P3_ST00807" HPOS="1719" VPOS="3994" WIDTH="164" HEIGHT="55" CONTENT="„Diese" WC="0.98" CC="650110"/>
						<SP ID="P3_SP00702" HPOS="1883" VPOS="4049" WIDTH="29"/>
						<String ID="P3_ST00808" HPOS="1912" VPOS="3993" WIDTH="128" HEIGHT="63" CONTENT="Oper" WC="0.98" CC="3006"/>
						<SP ID="P3_SP00703" HPOS="2040" VPOS="4056" WIDTH="29"/>
						<String ID="P3_ST00809" HPOS="2069" VPOS="3991" WIDTH="108" HEIGHT="56" CONTENT='ist",' WC="0.98" CC="05340"/>
						<SP ID="P3_SP00704" HPOS="2177" VPOS="4056" WIDTH="43"/>
						<String ID="P3_ST00810" HPOS="2220" VPOS="3991" WIDTH="85" HEIGHT="47" CONTENT="wie" WC="1.00" CC="000"/>
						<SP ID="P3_SP00705" HPOS="2305" VPOS="4056" WIDTH="40"/>
						<String ID="P3_ST00811" HPOS="2345" VPOS="4005" WIDTH="44" HEIGHT="32" CONTENT="es" WC="1.00" CC="00"/>
						<SP ID="P3_SP00706" HPOS="2389" VPOS="4056" WIDTH="41"/>
						<String ID="P3_ST00812" HPOS="2430" VPOS="3988" WIDTH="41" HEIGHT="48" CONTENT="in" WC="0.95" CC="00"/>
						<SP ID="P3_SP00707" HPOS="2471" VPOS="4056" WIDTH="31"/>
						<String ID="P3_ST00813" HPOS="2502" VPOS="3986" WIDTH="82" HEIGHT="49" CONTENT="der" WC="1.00" CC="001"/>
						<SP ID="P3_SP00708" HPOS="2584" VPOS="4056" WIDTH="27"/>
						<String ID="P3_ST00814" HPOS="2611" VPOS="3980" WIDTH="286" HEIGHT="71" CONTENT="Biographie" WC="0.99" CC="4046426050" STYLEREFS="TXT_3"/>
						<SP ID="P3_SP00709" HPOS="2897" VPOS="4056" WIDTH="27"/>
						<String ID="P3_ST00815" HPOS="2924" VPOS="3983" WIDTH="77" HEIGHT="48" CONTENT="des" WC="0.96" CC="064" STYLEREFS="TXT_3"/>
						<SP ID="P3_SP00710" HPOS="3001" VPOS="4056" WIDTH="30"/>
						<String ID="P3_ST00816" HPOS="3031" VPOS="3980" WIDTH="174" HEIGHT="51" CONTENT="Contem" SUBS_TYPE="HypPart1" SUBS_CONTENT="Contemporains" WC="0.61" CC="506705" STYLEREFS="TXT_3"/>
						<HYP HPOS="3205" VPOS="3980" WIDTH="29" CONTENT="-"/>
					</TextLine>
					<TextLine ID="P3_TL00101" HPOS="1710" VPOS="4059" WIDTH="1529" HEIGHT="69">
						<String ID="P3_ST00817" HPOS="1710" VPOS="4068" WIDTH="194" HEIGHT="60" CONTENT="porains" SUBS_TYPE="HypPart2" SUBS_CONTENT="Contemporains" WC="0.47" CC="6607466" STYLEREFS="TXT_3"/>
						<SP ID="P3_SP00711" HPOS="1904" VPOS="4128" WIDTH="20"/>
						<String ID="P3_ST00818" HPOS="1924" VPOS="4087" WIDTH="83" HEIGHT="31" CONTENT="von" WC="0.95" CC="057"/>
						<SP ID="P3_SP00712" HPOS="2007" VPOS="4128" WIDTH="25"/>
						<String ID="P3_ST00819" HPOS="2032" VPOS="4069" WIDTH="197" HEIGHT="48" CONTENT="Arnault" WC="0.73" CC="0200643"/>
						<SP ID="P3_SP00713" HPOS="2229" VPOS="4128" WIDTH="24"/>
						<String ID="P3_ST00820" HPOS="2253" VPOS="4085" WIDTH="41" HEIGHT="31" CONTENT="u." WC="0.68" CC="60"/>
						<SP ID="P3_SP00714" HPOS="2294" VPOS="4128" WIDTH="24"/>
						<String ID="P3_ST00821" HPOS="2318" VPOS="4083" WIDTH="33" HEIGHT="32" CONTENT="s." WC="1.00" CC="00"/>
						<SP ID="P3_SP00715" HPOS="2351" VPOS="4128" WIDTH="26"/>
						<String ID="P3_ST00822" HPOS="2377" VPOS="4083" WIDTH="54" HEIGHT="30" CONTENT="w." WC="0.93" CC="01"/>
						<SP ID="P3_SP00716" HPOS="2431" VPOS="4128" WIDTH="26"/>
						<String ID="P3_ST00823" HPOS="2457" VPOS="4065" WIDTH="151" HEIGHT="56" CONTENT="heisst," WC="0.79" CC="0004063"/>
						<SP ID="P3_SP00717" HPOS="2608" VPOS="4128" WIDTH="34"/>
						<String ID="P3_ST00824" HPOS="2642" VPOS="4061" WIDTH="264" HEIGHT="64" CONTENT="„unstreitig" WC="0.99" CC="42025300600"/>
						<SP ID="P3_SP00718" HPOS="2906" VPOS="4128" WIDTH="24"/>
						<String ID="P3_ST00825" HPOS="2930" VPOS="4060" WIDTH="78" HEIGHT="48" CONTENT="das" WC="0.97" CC="063"/>
						<SP ID="P3_SP00719" HPOS="3008" VPOS="4128" WIDTH="21"/>
						<String ID="P3_ST00826" HPOS="3029" VPOS="4059" WIDTH="210" HEIGHT="48" CONTENT="schönste" WC="0.98" CC="50706640"/>
					</TextLine>
				</TextBlock>
				<TextBlock ID="P3_TB00004" HPOS="2857" VPOS="4127" WIDTH="88" HEIGHT="77" STYLEREFS="TXT_4 PAR_RIGHT">
					<TextLine ID="P3_TL00102" HPOS="2857" VPOS="4132" WIDTH="73" HEIGHT="72">
						<String ID="P3_ST00827" HPOS="2857" VPOS="4132" WIDTH="73" HEIGHT="72" CONTENT="[*]" WC="0.49" CC="617"/>
					</TextLine>
				</TextBlock>
			</PrintSpace>
		</Page>
	</Layout>
</alto>
