<?xml version="1.0" encoding="UTF-8"?>
<alto xmlns:xsi="http://www.w3.org/2001/XMLSchema-instance" xmlns="http://www.loc.gov/standards/alto/ns-v2#" xsi:schemaLocation="http://www.loc.gov/standards/alto/ns-v2# http://www.loc.gov/standards/alto/alto-v2.0.xsd" xmlns:xlink="http://www.w3.org/1999/xlink">
	<Description>
		<MeasurementUnit>mm10</MeasurementUnit>
		<sourceImageInformation>
			<fileName>//fileserver7/IN2/Princeton/Batch5/bmtnabi/1863/08/01_01/00000258.tif</fileName>
		</sourceImageInformation>
		<OCRProcessing ID="OCRPROCESSING_1">
			<preProcessingStep>
				<processingSoftware>
					<softwareCreator>CCS Content Conversion Specialists GmbH, Germany</softwareCreator>
					<softwareName>CCS docWORKS</softwareName>
					<softwareVersion>6.6-1.18</softwareVersion>
				</processingSoftware>
			</preProcessingStep>
			<ocrProcessingStep>
				<processingSoftware>
					<softwareCreator>ABBYY (BIT Software), Russia</softwareCreator>
					<softwareName>FineReader</softwareName>
					<softwareVersion>10.0</softwareVersion>
				</processingSoftware>
			</ocrProcessingStep>
		</OCRProcessing>
	</Description>
	<Styles>
		<TextStyle ID="TXT_0" FONTSIZE="16" FONTFAMILY="Arial"/>
		<TextStyle ID="TXT_1" FONTSIZE="17" FONTFAMILY="Arial" FONTSTYLE="italics"/>
		<TextStyle ID="TXT_2" FONTSIZE="12" FONTFAMILY="Arial" FONTSTYLE="bold"/>
		<TextStyle ID="TXT_3" FONTSIZE="12" FONTFAMILY="Arial" FONTSTYLE="italics"/>
		<ParagraphStyle ID="PAR_RIGHT" ALIGN="Right"/>
		<ParagraphStyle ID="PAR_BLOCK" ALIGN="Block"/>
	</Styles>
	<Layout>
		<Page ID="P2" PHYSICAL_IMG_NR="2" HEIGHT="4376" WIDTH="3459" PRINTED_IMG_NR="242" PC="0.942">
			<TopMargin ID="P2_TM00001" HPOS="0" VPOS="0" WIDTH="3459" HEIGHT="227">
				<TextBlock ID="P2_TB00001" HPOS="1713" VPOS="175" WIDTH="108" HEIGHT="49" STYLEREFS="TXT_0 PAR_RIGHT">
					<TextLine ID="P2_TL00001" HPOS="1713" VPOS="176" WIDTH="107" HEIGHT="48">
						<String ID="P2_ST00001" HPOS="1713" VPOS="176" WIDTH="107" HEIGHT="48" CONTENT="242" WC="0.44" CC="709"/>
					</TextLine>
				</TextBlock>
			</TopMargin>
			<LeftMargin ID="P2_LM00001" HPOS="0" VPOS="227" WIDTH="178" HEIGHT="3972"/>
			<RightMargin ID="P2_RM00001" HPOS="3346" VPOS="227" WIDTH="113" HEIGHT="3972"/>
			<BottomMargin ID="P2_BM00001" HPOS="0" VPOS="4199" WIDTH="3459" HEIGHT="177"/>
			<PrintSpace ID="P2_PS00001" HPOS="178" VPOS="227" WIDTH="3168" HEIGHT="3972">
				<TextBlock ID="P2_TB00002" HPOS="178" VPOS="301" WIDTH="1551" HEIGHT="3898" STYLEREFS="TXT_0 PAR_BLOCK">
					<TextLine ID="P2_TL00002" HPOS="198" VPOS="314" WIDTH="1527" HEIGHT="66">
						<String ID="P2_ST00002" HPOS="198" VPOS="318" WIDTH="206" HEIGHT="49" CONTENT="dasselbe" WC="0.99" CC="50020230"/>
						<SP ID="P2_SP00001" HPOS="404" VPOS="367" WIDTH="29"/>
						<String ID="P2_ST00003" HPOS="433" VPOS="316" WIDTH="364" HEIGHT="64" CONTENT="durchzuringen" WC="0.99" CC="6460765306616"/>
						<SP ID="P2_SP00002" HPOS="797" VPOS="380" WIDTH="33"/>
						<String ID="P2_ST00004" HPOS="830" VPOS="314" WIDTH="87" HEIGHT="48" CONTENT="und" WC="0.94" CC="184"/>
						<SP ID="P2_SP00003" HPOS="917" VPOS="380" WIDTH="33"/>
						<String ID="P2_ST00005" HPOS="950" VPOS="315" WIDTH="80" HEIGHT="47" CONTENT="der" WC="1.00" CC="000"/>
						<SP ID="P2_SP00004" HPOS="1030" VPOS="380" WIDTH="27"/>
						<String ID="P2_ST00006" HPOS="1057" VPOS="315" WIDTH="241" HEIGHT="48" CONTENT="Nachwelt" WC="0.98" CC="46145258"/>
						<SP ID="P2_SP00005" HPOS="1298" VPOS="380" WIDTH="30"/>
						<String ID="P2_ST00007" HPOS="1328" VPOS="314" WIDTH="207" HEIGHT="48" CONTENT="dennoch" WC="0.99" CC="0066005"/>
						<SP ID="P2_SP00006" HPOS="1535" VPOS="380" WIDTH="33"/>
						<String ID="P2_ST00008" HPOS="1568" VPOS="315" WIDTH="126" HEIGHT="48" CONTENT="rühm" SUBS_TYPE="HypPart1" SUBS_CONTENT="rühmliche" WC="0.98" CC="4005"/>
						<HYP HPOS="1694" VPOS="315" WIDTH="31" CONTENT="-"/>
					</TextLine>
					<TextLine ID="P2_TL00003" HPOS="201" VPOS="393" WIDTH="1527" HEIGHT="67">
						<String ID="P2_ST00009" HPOS="201" VPOS="396" WIDTH="114" HEIGHT="47" CONTENT="liche" SUBS_TYPE="HypPart2" SUBS_CONTENT="rühmliche" WC="1.00" CC="00000"/>
						<SP ID="P2_SP00007" HPOS="315" VPOS="443" WIDTH="23"/>
						<String ID="P2_ST00010" HPOS="338" VPOS="396" WIDTH="178" HEIGHT="64" CONTENT="Spuren" WC="0.98" CC="045236"/>
						<SP ID="P2_SP00008" HPOS="516" VPOS="460" WIDTH="33"/>
						<String ID="P2_ST00011" HPOS="549" VPOS="410" WIDTH="182" HEIGHT="32" CONTENT="unseres" WC="0.99" CC="3601020"/>
						<SP ID="P2_SP00009" HPOS="731" VPOS="460" WIDTH="24"/>
						<String ID="P2_ST00012" HPOS="755" VPOS="393" WIDTH="189" HEIGHT="48" CONTENT="Daseins" WC="0.99" CC="6010520"/>
						<SP ID="P2_SP00010" HPOS="944" VPOS="460" WIDTH="23"/>
						<String ID="P2_ST00013" HPOS="967" VPOS="393" WIDTH="388" HEIGHT="48" CONTENT="zurückzulassen." WC="0.99" CC="552000432404150"/>
						<SP ID="P2_SP00011" HPOS="1355" VPOS="460" WIDTH="33"/>
						<String ID="P2_ST00014" HPOS="1388" VPOS="393" WIDTH="206" HEIGHT="55" CONTENT="Männer," WC="0.98" CC="2670060"/>
						<SP ID="P2_SP00012" HPOS="1594" VPOS="460" WIDTH="27"/>
						<String ID="P2_ST00015" HPOS="1621" VPOS="395" WIDTH="81" HEIGHT="46" CONTENT="wel" SUBS_TYPE="HypPart1" SUBS_CONTENT="welchen" WC="0.99" CC="200"/>
						<HYP HPOS="1702" VPOS="395" WIDTH="26" CONTENT="-"/>
					</TextLine>
					<TextLine ID="P2_TL00004" HPOS="200" VPOS="469" WIDTH="1528" HEIGHT="66">
						<String ID="P2_ST00016" HPOS="200" VPOS="474" WIDTH="113" HEIGHT="48" CONTENT="chen" SUBS_TYPE="HypPart2" SUBS_CONTENT="welchen" WC="0.99" CC="0006"/>
						<SP ID="P2_SP00013" HPOS="313" VPOS="522" WIDTH="25"/>
						<String ID="P2_ST00017" HPOS="338" VPOS="474" WIDTH="92" HEIGHT="47" CONTENT="dies" WC="1.00" CC="0000"/>
						<SP ID="P2_SP00014" HPOS="430" VPOS="522" WIDTH="25"/>
						<String ID="P2_ST00018" HPOS="455" VPOS="480" WIDTH="131" HEIGHT="41" CONTENT="unter" WC="0.98" CC="47000"/>
						<SP ID="P2_SP00015" HPOS="586" VPOS="522" WIDTH="21"/>
						<String ID="P2_ST00019" HPOS="607" VPOS="471" WIDTH="181" HEIGHT="49" CONTENT="solchen" WC="0.99" CC="4701005"/>
						<SP ID="P2_SP00016" HPOS="788" VPOS="522" WIDTH="21"/>
						<String ID="P2_ST00020" HPOS="809" VPOS="469" WIDTH="324" HEIGHT="49" CONTENT="Hindernissen" WC="0.99" CC="637000704304"/>
						<SP ID="P2_SP00017" HPOS="1133" VPOS="522" WIDTH="24"/>
						<String ID="P2_ST00021" HPOS="1157" VPOS="488" WIDTH="52" HEIGHT="30" CONTENT="zu" WC="0.67" CC="60"/>
						<SP ID="P2_SP00018" HPOS="1209" VPOS="522" WIDTH="23"/>
						<String ID="P2_ST00022" HPOS="1232" VPOS="470" WIDTH="283" HEIGHT="64" CONTENT="vollbringen" WC="0.99" CC="73346503000"/>
						<SP ID="P2_SP00019" HPOS="1515" VPOS="534" WIDTH="26"/>
						<String ID="P2_ST00023" HPOS="1541" VPOS="471" WIDTH="187" HEIGHT="64" CONTENT="gelingt," WC="0.98" CC="94308953"/>
					</TextLine>
					<TextLine ID="P2_TL00005" HPOS="200" VPOS="546" WIDTH="1529" HEIGHT="66">
						<String ID="P2_ST00024" HPOS="200" VPOS="550" WIDTH="239" HEIGHT="50" CONTENT="verdienen" WC="0.99" CC="402000308"/>
						<SP ID="P2_SP00020" HPOS="439" VPOS="600" WIDTH="31"/>
						<String ID="P2_ST00025" HPOS="470" VPOS="565" WIDTH="162" HEIGHT="31" CONTENT="unsere" WC="0.98" CC="560450"/>
						<SP ID="P2_SP00021" HPOS="632" VPOS="600" WIDTH="29"/>
						<String ID="P2_ST00026" HPOS="661" VPOS="564" WIDTH="139" HEIGHT="48" CONTENT="ganze" WC="0.98" CC="01850"/>
						<SP ID="P2_SP00022" HPOS="800" VPOS="612" WIDTH="25"/>
						<String ID="P2_ST00027" HPOS="825" VPOS="548" WIDTH="381" HEIGHT="64" CONTENT='Hochachtung."' WC="0.99" CC="6587000650004"/>
						<SP ID="P2_SP00023" HPOS="1206" VPOS="612" WIDTH="43"/>
						<String ID="P2_ST00028" HPOS="1249" VPOS="546" WIDTH="100" HEIGHT="50" CONTENT="Und" WC="0.97" CC="240"/>
						<SP ID="P2_SP00024" HPOS="1349" VPOS="612" WIDTH="24"/>
						<String ID="P2_ST00029" HPOS="1373" VPOS="548" WIDTH="148" HEIGHT="47" CONTENT="dieser" WC="1.00" CC="010000"/>
						<SP ID="P2_SP00025" HPOS="1521" VPOS="612" WIDTH="17"/>
						<String ID="P2_ST00030" HPOS="1538" VPOS="549" WIDTH="191" HEIGHT="48" CONTENT="Männer" WC="0.98" CC="365600"/>
					</TextLine>
					<TextLine ID="P2_TL00006" HPOS="200" VPOS="626" WIDTH="493" HEIGHT="50">
						<String ID="P2_ST00031" HPOS="200" VPOS="629" WIDTH="123" HEIGHT="47" CONTENT="einer" WC="0.99" CC="30020"/>
						<SP ID="P2_SP00026" HPOS="323" VPOS="676" WIDTH="32"/>
						<String ID="P2_ST00032" HPOS="355" VPOS="644" WIDTH="94" HEIGHT="31" CONTENT="war" WC="0.98" CC="005"/>
						<SP ID="P2_SP00027" HPOS="449" VPOS="676" WIDTH="29"/>
						<String ID="P2_ST00033" HPOS="478" VPOS="626" WIDTH="215" HEIGHT="47" CONTENT="Martin." WC="0.99" CC="0030050"/>
					</TextLine>
					<TextLine ID="P2_TL00007" HPOS="315" VPOS="700" WIDTH="1413" HEIGHT="66">
						<String ID="P2_ST00034" HPOS="315" VPOS="704" WIDTH="84" HEIGHT="48" CONTENT="Die" WC="0.99" CC="200"/>
						<SP ID="P2_SP00028" HPOS="399" VPOS="752" WIDTH="31"/>
						<String ID="P2_ST00035" HPOS="430" VPOS="702" WIDTH="288" HEIGHT="49" CONTENT="Tonkunst" WC="0.98" CC="63630707"/>
						<SP ID="P2_SP00029" HPOS="718" VPOS="752" WIDTH="29"/>
						<String ID="P2_ST00036" HPOS="747" VPOS="700" WIDTH="196" HEIGHT="57" CONTENT="liebend," WC="1.00" CC="00000800"/>
						<SP ID="P2_SP00030" HPOS="943" VPOS="757" WIDTH="26"/>
						<String ID="P2_ST00037" HPOS="969" VPOS="700" WIDTH="84" HEIGHT="48" CONTENT="wie" WC="0.97" CC="070"/>
						<SP ID="P2_SP00031" HPOS="1053" VPOS="757" WIDTH="24"/>
						<String ID="P2_ST00038" HPOS="1077" VPOS="701" WIDTH="80" HEIGHT="48" CONTENT="der" WC="1.00" CC="000"/>
						<SP ID="P2_SP00032" HPOS="1157" VPOS="757" WIDTH="22"/>
						<String ID="P2_ST00039" HPOS="1179" VPOS="701" WIDTH="218" HEIGHT="65" CONTENT="Jüngling" WC="0.99" CC="30390070"/>
						<SP ID="P2_SP00033" HPOS="1397" VPOS="766" WIDTH="23"/>
						<String ID="P2_ST00040" HPOS="1420" VPOS="702" WIDTH="122" HEIGHT="47" CONTENT="seine" WC="1.00" CC="00040"/>
						<SP ID="P2_SP00034" HPOS="1542" VPOS="766" WIDTH="27"/>
						<String ID="P2_ST00041" HPOS="1569" VPOS="702" WIDTH="159" HEIGHT="58" CONTENT="Braut," WC="0.98" CC="706600"/>
					</TextLine>
					<TextLine ID="P2_TL00008" HPOS="198" VPOS="779" WIDTH="1526" HEIGHT="64">
						<String ID="P2_ST00042" HPOS="198" VPOS="781" WIDTH="228" HEIGHT="48" CONTENT="beschloss" WC="0.80" CC="600063002"/>
						<SP ID="P2_SP00035" HPOS="426" VPOS="829" WIDTH="29"/>
						<String ID="P2_ST00043" HPOS="455" VPOS="780" WIDTH="80" HEIGHT="48" CONTENT="der" WC="0.98" CC="032"/>
						<SP ID="P2_SP00036" HPOS="535" VPOS="829" WIDTH="23"/>
						<String ID="P2_ST00044" HPOS="558" VPOS="780" WIDTH="143" HEIGHT="63" CONTENT="junge" WC="0.98" CC="40093"/>
						<SP ID="P2_SP00037" HPOS="701" VPOS="843" WIDTH="31"/>
						<String ID="P2_ST00045" HPOS="732" VPOS="779" WIDTH="209" HEIGHT="57" CONTENT="Student," WC="0.99" CC="36500540"/>
						<SP ID="P2_SP00038" HPOS="941" VPOS="843" WIDTH="45"/>
						<String ID="P2_ST00046" HPOS="986" VPOS="780" WIDTH="68" HEIGHT="46" CONTENT="ihr" WC="0.96" CC="063"/>
						<SP ID="P2_SP00039" HPOS="1054" VPOS="843" WIDTH="39"/>
						<String ID="P2_ST00047" HPOS="1093" VPOS="780" WIDTH="91" HEIGHT="47" CONTENT="sein" WC="1.00" CC="0000"/>
						<SP ID="P2_SP00040" HPOS="1184" VPOS="843" WIDTH="30"/>
						<String ID="P2_ST00048" HPOS="1214" VPOS="779" WIDTH="157" HEIGHT="48" CONTENT="Leben" WC="0.98" CC="00408"/>
						<SP ID="P2_SP00041" HPOS="1371" VPOS="843" WIDTH="38"/>
						<String ID="P2_ST00049" HPOS="1409" VPOS="796" WIDTH="52" HEIGHT="30" CONTENT="zu" WC="0.68" CC="06"/>
						<SP ID="P2_SP00042" HPOS="1461" VPOS="843" WIDTH="41"/>
						<String ID="P2_ST00050" HPOS="1502" VPOS="779" WIDTH="222" HEIGHT="57" CONTENT="widmen;" WC="1.00" CC="0000060"/>
					</TextLine>
					<TextLine ID="P2_TL00009" HPOS="198" VPOS="856" WIDTH="1530" HEIGHT="51">
						<String ID="P2_ST00051" HPOS="198" VPOS="859" WIDTH="111" HEIGHT="48" CONTENT="aber" WC="0.96" CC="4605"/>
						<SP ID="P2_SP00043" HPOS="309" VPOS="907" WIDTH="29"/>
						<String ID="P2_ST00052" HPOS="338" VPOS="860" WIDTH="84" HEIGHT="47" CONTENT="wie" WC="1.00" CC="000"/>
						<SP ID="P2_SP00044" HPOS="422" VPOS="907" WIDTH="32"/>
						<String ID="P2_ST00053" HPOS="454" VPOS="859" WIDTH="89" HEIGHT="47" CONTENT="und" WC="0.98" CC="050"/>
						<SP ID="P2_SP00045" HPOS="543" VPOS="907" WIDTH="33"/>
						<String ID="P2_ST00054" HPOS="576" VPOS="859" WIDTH="104" HEIGHT="48" CONTENT="wo?" WC="0.97" CC="044"/>
						<SP ID="P2_SP00046" HPOS="680" VPOS="907" WIDTH="30"/>
						<String ID="P2_ST00055" HPOS="710" VPOS="859" WIDTH="65" HEIGHT="47" CONTENT="Im" WC="0.73" CC="50"/>
						<SP ID="P2_SP00047" HPOS="775" VPOS="907" WIDTH="34"/>
						<String ID="P2_ST00056" HPOS="809" VPOS="856" WIDTH="351" HEIGHT="50" CONTENT="Heimatlande?" WC="0.99" CC="800808324005"/>
						<SP ID="P2_SP00048" HPOS="1160" VPOS="907" WIDTH="30"/>
						<String ID="P2_ST00057" HPOS="1190" VPOS="857" WIDTH="85" HEIGHT="47" CONTENT="Um" WC="0.59" CC="43"/>
						<SP ID="P2_SP00049" HPOS="1275" VPOS="907" WIDTH="32"/>
						<String ID="P2_ST00058" HPOS="1307" VPOS="857" WIDTH="43" HEIGHT="47" CONTENT="in" WC="0.65" CC="06"/>
						<SP ID="P2_SP00050" HPOS="1350" VPOS="907" WIDTH="32"/>
						<String ID="P2_ST00059" HPOS="1382" VPOS="857" WIDTH="230" HEIGHT="49" CONTENT="München" WC="0.99" CC="0060300"/>
						<SP ID="P2_SP00051" HPOS="1612" VPOS="907" WIDTH="29"/>
						<String ID="P2_ST00060" HPOS="1641" VPOS="859" WIDTH="58" HEIGHT="48" CONTENT="Be" SUBS_TYPE="HypPart1" SUBS_CONTENT="Beachtung" WC="0.98" CC="60"/>
						<HYP HPOS="1699" VPOS="859" WIDTH="29" CONTENT="-"/>
					</TextLine>
					<TextLine ID="P2_TL00010" HPOS="200" VPOS="934" WIDTH="1529" HEIGHT="67">
						<String ID="P2_ST00061" HPOS="200" VPOS="936" WIDTH="200" HEIGHT="65" CONTENT="achtung" SUBS_TYPE="HypPart2" SUBS_CONTENT="Beachtung" WC="0.98" CC="5076560"/>
						<SP ID="P2_SP00052" HPOS="400" VPOS="1001" WIDTH="30"/>
						<String ID="P2_ST00062" HPOS="430" VPOS="953" WIDTH="50" HEIGHT="30" CONTENT="zu" WC="0.44" CC="64"/>
						<SP ID="P2_SP00053" HPOS="480" VPOS="1001" WIDTH="32"/>
						<String ID="P2_ST00063" HPOS="512" VPOS="935" WIDTH="169" HEIGHT="57" CONTENT="finden," WC="0.98" CC="6360072"/>
						<SP ID="P2_SP00054" HPOS="681" VPOS="1001" WIDTH="43"/>
						<String ID="P2_ST00064" HPOS="724" VPOS="935" WIDTH="122" HEIGHT="48" CONTENT="hätte" WC="0.97" CC="70860"/>
						<SP ID="P2_SP00055" HPOS="846" VPOS="1001" WIDTH="36"/>
						<String ID="P2_ST00065" HPOS="882" VPOS="950" WIDTH="48" HEIGHT="32" CONTENT="er" WC="0.78" CC="04"/>
						<SP ID="P2_SP00056" HPOS="930" VPOS="1001" WIDTH="30"/>
						<String ID="P2_ST00066" HPOS="960" VPOS="934" WIDTH="173" HEIGHT="48" CONTENT="damals" WC="0.99" CC="060404"/>
						<SP ID="P2_SP00057" HPOS="1133" VPOS="1001" WIDTH="32"/>
						<String ID="P2_ST00067" HPOS="1165" VPOS="935" WIDTH="211" HEIGHT="47" CONTENT="Italiäner" WC="0.63" CC="763400604"/>
						<SP ID="P2_SP00058" HPOS="1376" VPOS="1001" WIDTH="28"/>
						<String ID="P2_ST00068" HPOS="1404" VPOS="935" WIDTH="94" HEIGHT="48" CONTENT="sein" WC="0.98" CC="0007"/>
						<SP ID="P2_SP00059" HPOS="1498" VPOS="1001" WIDTH="33"/>
						<String ID="P2_ST00069" HPOS="1531" VPOS="939" WIDTH="198" HEIGHT="53" CONTENT="müssen," WC="1.00" CC="0000050"/>
					</TextLine>
					<TextLine ID="P2_TL00011" HPOS="200" VPOS="1011" WIDTH="1529" HEIGHT="65">
						<String ID="P2_ST00070" HPOS="200" VPOS="1014" WIDTH="91" HEIGHT="49" CONTENT="und" WC="0.99" CC="030"/>
						<SP ID="P2_SP00060" HPOS="291" VPOS="1063" WIDTH="31"/>
						<String ID="P2_ST00071" HPOS="322" VPOS="1031" WIDTH="48" HEIGHT="31" CONTENT="er" WC="0.57" CC="43"/>
						<SP ID="P2_SP00061" HPOS="370" VPOS="1063" WIDTH="30"/>
						<String ID="P2_ST00072" HPOS="400" VPOS="1031" WIDTH="94" HEIGHT="31" CONTENT="war" WC="0.96" CC="045"/>
						<SP ID="P2_SP00062" HPOS="494" VPOS="1063" WIDTH="30"/>
						<String ID="P2_ST00073" HPOS="524" VPOS="1012" WIDTH="139" HEIGHT="49" CONTENT="leider" WC="0.99" CC="101005"/>
						<SP ID="P2_SP00063" HPOS="663" VPOS="1063" WIDTH="31"/>
						<String ID="P2_ST00074" HPOS="694" VPOS="1014" WIDTH="68" HEIGHT="47" CONTENT="ein" WC="0.97" CC="006"/>
						<SP ID="P2_SP00064" HPOS="762" VPOS="1063" WIDTH="120"/>
						<String ID="P2_ST00075" HPOS="882" VPOS="1012" WIDTH="372" HEIGHT="64" CONTENT="Eingeborener!" WC="1.00" CC="1060054006000"/>
						<SP ID="P2_SP00065" HPOS="1254" VPOS="1076" WIDTH="58"/>
						<String ID="P2_ST00076" HPOS="1312" VPOS="1011" WIDTH="132" HEIGHT="50" CONTENT="Wies" WC="1.00" CC="0000"/>
						<SP ID="P2_SP00066" HPOS="1444" VPOS="1076" WIDTH="45"/>
						<String ID="P2_ST00077" HPOS="1489" VPOS="1012" WIDTH="114" HEIGHT="49" CONTENT="doch" WC="0.99" CC="0006"/>
						<SP ID="P2_SP00067" HPOS="1603" VPOS="1076" WIDTH="46"/>
						<String ID="P2_ST00078" HPOS="1649" VPOS="1014" WIDTH="80" HEIGHT="48" CONTENT="der" WC="1.00" CC="000"/>
					</TextLine>
					<TextLine ID="P2_TL00012" HPOS="197" VPOS="1089" WIDTH="1531" HEIGHT="68">
						<String ID="P2_ST00079" HPOS="197" VPOS="1092" WIDTH="144" HEIGHT="49" CONTENT="seines" WC="0.99" CC="000450"/>
						<SP ID="P2_SP00068" HPOS="341" VPOS="1141" WIDTH="29"/>
						<String ID="P2_ST00080" HPOS="370" VPOS="1091" WIDTH="300" HEIGHT="47" CONTENT="Kunstsinnes" WC="0.99" CC="03004076600"/>
						<SP ID="P2_SP00069" HPOS="670" VPOS="1141" WIDTH="31"/>
						<String ID="P2_ST00081" HPOS="701" VPOS="1106" WIDTH="158" HEIGHT="49" CONTENT="wegen" WC="1.00" CC="00003"/>
						<SP ID="P2_SP00070" HPOS="859" VPOS="1155" WIDTH="32"/>
						<String ID="P2_ST00082" HPOS="891" VPOS="1089" WIDTH="269" HEIGHT="50" CONTENT="vielbelobte" WC="0.99" CC="50046010550"/>
						<SP ID="P2_SP00071" HPOS="1160" VPOS="1155" WIDTH="23"/>
						<String ID="P2_ST00083" HPOS="1183" VPOS="1091" WIDTH="222" HEIGHT="46" CONTENT="Kurfürst" WC="0.99" CC="00170110"/>
						<SP ID="P2_SP00072" HPOS="1405" VPOS="1155" WIDTH="24"/>
						<String ID="P2_ST00084" HPOS="1429" VPOS="1091" WIDTH="109" HEIGHT="48" CONTENT="Max" WC="0.98" CC="050"/>
						<SP ID="P2_SP00073" HPOS="1538" VPOS="1155" WIDTH="21"/>
						<String ID="P2_ST00085" HPOS="1559" VPOS="1092" WIDTH="169" HEIGHT="65" CONTENT="Joseph" WC="0.98" CC="043376"/>
					</TextLine>
					<TextLine ID="P2_TL00013" HPOS="198" VPOS="1167" WIDTH="1531" HEIGHT="65">
						<String ID="P2_ST00086" HPOS="198" VPOS="1170" WIDTH="115" HEIGHT="47" CONTENT="noch" WC="0.97" CC="7204"/>
						<SP ID="P2_SP00074" HPOS="313" VPOS="1217" WIDTH="39"/>
						<String ID="P2_ST00087" HPOS="352" VPOS="1167" WIDTH="141" HEIGHT="50" CONTENT="1775" WC="0.44" CC="1676"/>
						<SP ID="P2_SP00075" HPOS="493" VPOS="1217" WIDTH="33"/>
						<String ID="P2_ST00088" HPOS="526" VPOS="1167" WIDTH="84" HEIGHT="49" CONTENT="den" WC="0.98" CC="006"/>
						<SP ID="P2_SP00076" HPOS="610" VPOS="1217" WIDTH="30"/>
						<String ID="P2_ST00089" HPOS="640" VPOS="1167" WIDTH="138" HEIGHT="49" CONTENT="schon" WC="0.97" CC="05554"/>
						<SP ID="P2_SP00077" HPOS="778" VPOS="1217" WIDTH="33"/>
						<String ID="P2_ST00090" HPOS="811" VPOS="1167" WIDTH="265" HEIGHT="49" CONTENT="bewährten" WC="0.99" CC="000055700"/>
						<SP ID="P2_SP00078" HPOS="1076" VPOS="1217" WIDTH="25"/>
						<String ID="P2_ST00091" HPOS="1101" VPOS="1167" WIDTH="174" HEIGHT="65" CONTENT="jungen" WC="0.98" CC="566003"/>
						<SP ID="P2_SP00079" HPOS="1275" VPOS="1232" WIDTH="31"/>
						<String ID="P2_ST00092" HPOS="1306" VPOS="1169" WIDTH="237" HEIGHT="57" CONTENT="Mozart," WC="0.99" CC="0160403"/>
						<SP ID="P2_SP00080" HPOS="1543" VPOS="1232" WIDTH="44"/>
						<String ID="P2_ST00093" HPOS="1587" VPOS="1170" WIDTH="63" HEIGHT="48" CONTENT="als" WC="0.95" CC="740"/>
						<SP ID="P2_SP00081" HPOS="1650" VPOS="1232" WIDTH="31"/>
						<String ID="P2_ST00094" HPOS="1681" VPOS="1186" WIDTH="48" HEIGHT="32" CONTENT="er" WC="0.73" CC="05"/>
					</TextLine>
					<TextLine ID="P2_TL00014" HPOS="200" VPOS="1245" WIDTH="1528" HEIGHT="65">
						<String ID="P2_ST00095" HPOS="200" VPOS="1263" WIDTH="72" HEIGHT="30" CONTENT="um" WC="0.97" CC="00"/>
						<SP ID="P2_SP00082" HPOS="272" VPOS="1293" WIDTH="32"/>
						<String ID="P2_ST00096" HPOS="304" VPOS="1246" WIDTH="68" HEIGHT="47" CONTENT="ein" WC="0.98" CC="005"/>
						<SP ID="P2_SP00083" HPOS="372" VPOS="1293" WIDTH="33"/>
						<String ID="P2_ST00097" HPOS="405" VPOS="1245" WIDTH="322" HEIGHT="48" CONTENT="bescheidenes" WC="1.00" CC="520070000600"/>
						<SP ID="P2_SP00084" HPOS="727" VPOS="1293" WIDTH="25"/>
						<String ID="P2_ST00098" HPOS="752" VPOS="1245" WIDTH="238" HEIGHT="47" CONTENT="Plätzchen" WC="0.98" CC="650660506"/>
						<SP ID="P2_SP00085" HPOS="990" VPOS="1293" WIDTH="30"/>
						<String ID="P2_ST00099" HPOS="1020" VPOS="1245" WIDTH="43" HEIGHT="47" CONTENT="in" WC="0.71" CC="13"/>
						<SP ID="P2_SP00086" HPOS="1063" VPOS="1293" WIDTH="31"/>
						<String ID="P2_ST00100" HPOS="1094" VPOS="1245" WIDTH="81" HEIGHT="48" CONTENT="der" WC="0.99" CC="003"/>
						<SP ID="P2_SP00087" HPOS="1175" VPOS="1293" WIDTH="24"/>
						<String ID="P2_ST00101" HPOS="1199" VPOS="1245" WIDTH="308" HEIGHT="65" CONTENT="Capelle.bat," WC="0.70" CC="620400006870"/>
						<SP ID="P2_SP00088" HPOS="1507" VPOS="1310" WIDTH="31"/>
						<String ID="P2_ST00102" HPOS="1538" VPOS="1246" WIDTH="78" HEIGHT="48" CONTENT="mit" WC="0.98" CC="004"/>
						<SP ID="P2_SP00089" HPOS="1616" VPOS="1310" WIDTH="25"/>
						<String ID="P2_ST00103" HPOS="1641" VPOS="1246" WIDTH="87" HEIGHT="48" CONTENT="den" WC="0.99" CC="003"/>
					</TextLine>
					<TextLine ID="P2_TL00015" HPOS="201" VPOS="1322" WIDTH="1525" HEIGHT="56">
						<String ID="P2_ST00104" HPOS="201" VPOS="1324" WIDTH="194" HEIGHT="47" CONTENT="Worten" WC="0.99" CC="016500"/>
						<SP ID="P2_SP00090" HPOS="395" VPOS="1371" WIDTH="32"/>
						<String ID="P2_ST00105" HPOS="427" VPOS="1322" WIDTH="83" HEIGHT="49" CONTENT="ab:" WC="0.96" CC="603"/>
						<SP ID="P2_SP00091" HPOS="510" VPOS="1371" WIDTH="31"/>
						<String ID="P2_ST00106" HPOS="541" VPOS="1324" WIDTH="60" HEIGHT="45" CONTENT="Es" WC="1.00" CC="00"/>
						<SP ID="P2_SP00092" HPOS="601" VPOS="1371" WIDTH="29"/>
						<String ID="P2_ST00107" HPOS="630" VPOS="1324" WIDTH="55" HEIGHT="47" CONTENT="ist" WC="0.98" CC="004"/>
						<SP ID="P2_SP00093" HPOS="685" VPOS="1371" WIDTH="28"/>
						<String ID="P2_ST00108" HPOS="713" VPOS="1322" WIDTH="128" HEIGHT="49" CONTENT="keine" WC="0.99" CC="00050"/>
						<SP ID="P2_SP00094" HPOS="841" VPOS="1371" WIDTH="29"/>
						<String ID="P2_ST00109" HPOS="870" VPOS="1322" WIDTH="204" HEIGHT="49" CONTENT="Vacatur" WC="0.71" CC="4002650"/>
						<SP ID="P2_SP00095" HPOS="1074" VPOS="1371" WIDTH="26"/>
						<String ID="P2_ST00110" HPOS="1100" VPOS="1322" WIDTH="280" HEIGHT="50" CONTENT="vorhanden." WC="0.98" CC="7567470083"/>
						<String ID="P2_ST00111" HPOS="1392" VPOS="1325" WIDTH="200" HEIGHT="53" CONTENT="—Nach" WC="0.97" CC="84902"/>
						<SP ID="P2_SP00096" HPOS="1592" VPOS="1378" WIDTH="31"/>
						<String ID="P2_ST00112" HPOS="1623" VPOS="1324" WIDTH="103" HEIGHT="48" CONTENT="dem" WC="0.98" CC="005"/>
					</TextLine>
					<TextLine ID="P2_TL00016" HPOS="196" VPOS="1400" WIDTH="1530" HEIGHT="67">
						<String ID="P2_ST00113" HPOS="196" VPOS="1400" WIDTH="127" HEIGHT="48" CONTENT="Tode" WC="0.99" CC="5000"/>
						<SP ID="P2_SP00097" HPOS="323" VPOS="1448" WIDTH="28"/>
						<String ID="P2_ST00114" HPOS="351" VPOS="1402" WIDTH="124" HEIGHT="46" CONTENT="einer" WC="1.00" CC="00001"/>
						<SP ID="P2_SP00098" HPOS="475" VPOS="1448" WIDTH="31"/>
						<String ID="P2_ST00115" HPOS="506" VPOS="1400" WIDTH="226" HEIGHT="66" CONTENT="geliebten" WC="0.99" CC="900004450"/>
						<SP ID="P2_SP00099" HPOS="732" VPOS="1466" WIDTH="29"/>
						<String ID="P2_ST00116" HPOS="761" VPOS="1402" WIDTH="189" HEIGHT="55" CONTENT="Mutter," WC="0.99" CC="0467000"/>
						<SP ID="P2_SP00100" HPOS="950" VPOS="1466" WIDTH="41"/>
						<String ID="P2_ST00117" HPOS="991" VPOS="1401" WIDTH="89" HEIGHT="48" CONTENT="und" WC="0.96" CC="640"/>
						<SP ID="P2_SP00101" HPOS="1080" VPOS="1466" WIDTH="43"/>
						<String ID="P2_ST00118" HPOS="1123" VPOS="1401" WIDTH="79" HEIGHT="48" CONTENT="mit" WC="0.97" CC="206"/>
						<SP ID="P2_SP00102" HPOS="1202" VPOS="1466" WIDTH="29"/>
						<String ID="P2_ST00119" HPOS="1231" VPOS="1401" WIDTH="138" HEIGHT="48" CONTENT="deren" WC="0.99" CC="00005"/>
						<SP ID="P2_SP00103" HPOS="1369" VPOS="1466" WIDTH="31"/>
						<String ID="P2_ST00120" HPOS="1400" VPOS="1402" WIDTH="326" HEIGHT="65" CONTENT="Nachfolgerin" WC="0.99" CC="600571000005"/>
					</TextLine>
					<TextLine ID="P2_TL00017" HPOS="193" VPOS="1477" WIDTH="1532" HEIGHT="59">
						<String ID="P2_ST00121" HPOS="193" VPOS="1478" WIDTH="60" HEIGHT="47" CONTENT="im" WC="0.47" CC="09"/>
						<SP ID="P2_SP00104" HPOS="253" VPOS="1525" WIDTH="33"/>
						<String ID="P2_ST00122" HPOS="286" VPOS="1478" WIDTH="156" HEIGHT="49" CONTENT="Hause" WC="0.99" CC="50500"/>
						<SP ID="P2_SP00105" HPOS="442" VPOS="1527" WIDTH="35"/>
						<String ID="P2_ST00123" HPOS="477" VPOS="1477" WIDTH="77" HEIGHT="48" CONTENT="des" WC="1.00" CC="000"/>
						<SP ID="P2_SP00106" HPOS="554" VPOS="1527" WIDTH="29"/>
						<String ID="P2_ST00124" HPOS="583" VPOS="1478" WIDTH="164" HEIGHT="47" CONTENT="Vaters" WC="0.98" CC="656000"/>
						<SP ID="P2_SP00107" HPOS="747" VPOS="1527" WIDTH="41"/>
						<String ID="P2_ST00125" HPOS="788" VPOS="1478" WIDTH="227" HEIGHT="58" CONTENT="zerfallen," WC="0.99" CC="4050105060"/>
						<SP ID="P2_SP00108" HPOS="1015" VPOS="1536" WIDTH="46"/>
						<String ID="P2_ST00126" HPOS="1061" VPOS="1478" WIDTH="147" HEIGHT="49" CONTENT="fühlte" WC="0.98" CC="007065"/>
						<SP ID="P2_SP00109" HPOS="1208" VPOS="1536" WIDTH="40"/>
						<String ID="P2_ST00127" HPOS="1248" VPOS="1478" WIDTH="91" HEIGHT="49" CONTENT="sich" WC="0.98" CC="2006"/>
						<SP ID="P2_SP00110" HPOS="1339" VPOS="1536" WIDTH="32"/>
						<String ID="P2_ST00128" HPOS="1371" VPOS="1480" WIDTH="167" HEIGHT="48" CONTENT="Martin" WC="0.99" CC="040505"/>
						<SP ID="P2_SP00111" HPOS="1538" VPOS="1536" WIDTH="44"/>
						<String ID="P2_ST00129" HPOS="1582" VPOS="1480" WIDTH="143" HEIGHT="48" CONTENT="durch" WC="0.98" CC="04505"/>
					</TextLine>
					<TextLine ID="P2_TL00018" HPOS="192" VPOS="1555" WIDTH="1533" HEIGHT="66">
						<String ID="P2_ST00130" HPOS="192" VPOS="1556" WIDTH="145" HEIGHT="48" CONTENT="nichts" WC="0.97" CC="930660"/>
						<SP ID="P2_SP00112" HPOS="337" VPOS="1604" WIDTH="30"/>
						<String ID="P2_ST00131" HPOS="367" VPOS="1555" WIDTH="130" HEIGHT="49" CONTENT="mehr" WC="0.98" CC="3050"/>
						<SP ID="P2_SP00113" HPOS="497" VPOS="1604" WIDTH="30"/>
						<String ID="P2_ST00132" HPOS="527" VPOS="1572" WIDTH="56" HEIGHT="31" CONTENT="an" WC="0.47" CC="46"/>
						<SP ID="P2_SP00114" HPOS="583" VPOS="1604" WIDTH="32"/>
						<String ID="P2_ST00133" HPOS="615" VPOS="1556" WIDTH="79" HEIGHT="48" CONTENT="das" WC="1.00" CC="000"/>
						<SP ID="P2_SP00115" HPOS="694" VPOS="1604" WIDTH="29"/>
						<String ID="P2_ST00134" HPOS="723" VPOS="1556" WIDTH="292" HEIGHT="47" CONTENT="Heimatland" WC="0.99" CC="6320082060"/>
						<SP ID="P2_SP00116" HPOS="1015" VPOS="1604" WIDTH="43"/>
						<String ID="P2_ST00135" HPOS="1058" VPOS="1555" WIDTH="245" HEIGHT="66" CONTENT="gebunden" WC="0.99" CC="00607002"/>
						<SP ID="P2_SP00117" HPOS="1303" VPOS="1621" WIDTH="45"/>
						<String ID="P2_ST00136" HPOS="1348" VPOS="1557" WIDTH="91" HEIGHT="47" CONTENT="und" WC="0.98" CC="120"/>
						<SP ID="P2_SP00118" HPOS="1439" VPOS="1621" WIDTH="41"/>
						<String ID="P2_ST00137" HPOS="1480" VPOS="1556" WIDTH="245" HEIGHT="60" CONTENT="beschloss," WC="0.72" CC="6003701603"/>
					</TextLine>
					<TextLine ID="P2_TL00019" HPOS="193" VPOS="1633" WIDTH="1531" HEIGHT="65">
						<String ID="P2_ST00138" HPOS="193" VPOS="1635" WIDTH="44" HEIGHT="48" CONTENT="in" WC="0.92" CC="10"/>
						<SP ID="P2_SP00119" HPOS="237" VPOS="1683" WIDTH="24"/>
						<String ID="P2_ST00139" HPOS="261" VPOS="1633" WIDTH="70" HEIGHT="50" CONTENT="die" WC="0.99" CC="002"/>
						<SP ID="P2_SP00120" HPOS="331" VPOS="1683" WIDTH="24"/>
						<String ID="P2_ST00140" HPOS="355" VPOS="1635" WIDTH="131" HEIGHT="48" CONTENT="weite" WC="0.98" CC="00541"/>
						<SP ID="P2_SP00121" HPOS="486" VPOS="1683" WIDTH="24"/>
						<String ID="P2_ST00141" HPOS="510" VPOS="1633" WIDTH="130" HEIGHT="50" CONTENT="Welt" WC="0.96" CC="5146"/>
						<SP ID="P2_SP00122" HPOS="640" VPOS="1683" WIDTH="22"/>
						<String ID="P2_ST00142" HPOS="662" VPOS="1651" WIDTH="51" HEIGHT="31" CONTENT="zu" WC="0.65" CC="70"/>
						<SP ID="P2_SP00123" HPOS="713" VPOS="1683" WIDTH="25"/>
						<String ID="P2_ST00143" HPOS="738" VPOS="1633" WIDTH="162" HEIGHT="65" CONTENT="gehen." WC="0.99" CC="006030"/>
						<SP ID="P2_SP00124" HPOS="900" VPOS="1698" WIDTH="31"/>
						<String ID="P2_ST00144" HPOS="931" VPOS="1635" WIDTH="254" HEIGHT="63" CONTENT="Ungewiss," WC="1.00" CC="070000001"/>
						<SP ID="P2_SP00125" HPOS="1185" VPOS="1698" WIDTH="24"/>
						<String ID="P2_ST00145" HPOS="1209" VPOS="1635" WIDTH="115" HEIGHT="48" CONTENT="nach" WC="0.96" CC="7407"/>
						<SP ID="P2_SP00126" HPOS="1324" VPOS="1698" WIDTH="26"/>
						<String ID="P2_ST00146" HPOS="1350" VPOS="1636" WIDTH="198" HEIGHT="48" CONTENT="welcher" WC="1.00" CC="0000700"/>
						<SP ID="P2_SP00127" HPOS="1548" VPOS="1698" WIDTH="25"/>
						<String ID="P2_ST00147" HPOS="1573" VPOS="1637" WIDTH="121" HEIGHT="50" CONTENT="Welt" SUBS_TYPE="HypPart1" SUBS_CONTENT="Weltgegend" WC="1.00" CC="0001"/>
						<HYP HPOS="1694" VPOS="1637" WIDTH="30" CONTENT="-"/>
					</TextLine>
					<TextLine ID="P2_TL00020" HPOS="192" VPOS="1711" WIDTH="1532" HEIGHT="66">
						<String ID="P2_ST00148" HPOS="192" VPOS="1711" WIDTH="175" HEIGHT="66" CONTENT="gegend" SUBS_TYPE="HypPart2" SUBS_CONTENT="Weltgegend" WC="0.98" CC="900059"/>
						<SP ID="P2_SP00128" HPOS="367" VPOS="1777" WIDTH="26"/>
						<String ID="P2_ST00149" HPOS="393" VPOS="1729" WIDTH="49" HEIGHT="31" CONTENT="er" WC="0.68" CC="06"/>
						<SP ID="P2_SP00129" HPOS="442" VPOS="1777" WIDTH="21"/>
						<String ID="P2_ST00150" HPOS="463" VPOS="1712" WIDTH="122" HEIGHT="47" CONTENT="seine" WC="0.99" CC="00031"/>
						<SP ID="P2_SP00130" HPOS="585" VPOS="1777" WIDTH="24"/>
						<String ID="P2_ST00151" HPOS="609" VPOS="1711" WIDTH="195" HEIGHT="48" CONTENT="Schritte" WC="0.99" CC="00650850"/>
						<SP ID="P2_SP00131" HPOS="804" VPOS="1777" WIDTH="23"/>
						<String ID="P2_ST00152" HPOS="827" VPOS="1711" WIDTH="161" HEIGHT="49" CONTENT="lenken" WC="0.99" CC="004006"/>
						<SP ID="P2_SP00132" HPOS="988" VPOS="1777" WIDTH="26"/>
						<String ID="P2_ST00153" HPOS="1014" VPOS="1713" WIDTH="145" HEIGHT="58" CONTENT="sollte," WC="0.99" CC="0340630"/>
						<SP ID="P2_SP00133" HPOS="1159" VPOS="1777" WIDTH="31"/>
						<String ID="P2_ST00154" HPOS="1190" VPOS="1713" WIDTH="153" HEIGHT="49" CONTENT="wollte" WC="0.98" CC="005650"/>
						<SP ID="P2_SP00134" HPOS="1343" VPOS="1777" WIDTH="21"/>
						<String ID="P2_ST00155" HPOS="1364" VPOS="1730" WIDTH="50" HEIGHT="32" CONTENT="er" WC="0.95" CC="00"/>
						<SP ID="P2_SP00135" HPOS="1414" VPOS="1777" WIDTH="23"/>
						<String ID="P2_ST00156" HPOS="1437" VPOS="1712" WIDTH="77" HEIGHT="51" CONTENT="das" WC="0.97" CC="053"/>
						<SP ID="P2_SP00136" HPOS="1514" VPOS="1777" WIDTH="26"/>
						<String ID="P2_ST00157" HPOS="1540" VPOS="1715" WIDTH="158" HEIGHT="48" CONTENT="Schick" SUBS_TYPE="HypPart1" SUBS_CONTENT="Schicksal" WC="1.00" CC="402000"/>
						<HYP HPOS="1698" VPOS="1715" WIDTH="26" CONTENT="-"/>
					</TextLine>
					<TextLine ID="P2_TL00021" HPOS="191" VPOS="1788" WIDTH="1535" HEIGHT="68">
						<String ID="P2_ST00158" HPOS="191" VPOS="1790" WIDTH="62" HEIGHT="47" CONTENT="sal" SUBS_TYPE="HypPart2" SUBS_CONTENT="Schicksal" WC="1.00" CC="010"/>
						<SP ID="P2_SP00137" HPOS="253" VPOS="1837" WIDTH="25"/>
						<String ID="P2_ST00159" HPOS="278" VPOS="1788" WIDTH="144" HEIGHT="49" CONTENT="durch" WC="0.99" CC="00306"/>
						<SP ID="P2_SP00138" HPOS="422" VPOS="1837" WIDTH="25"/>
						<String ID="P2_ST00160" HPOS="447" VPOS="1790" WIDTH="69" HEIGHT="47" CONTENT="ein" WC="0.97" CC="016"/>
						<SP ID="P2_SP00139" HPOS="516" VPOS="1837" WIDTH="19"/>
						<String ID="P2_ST00161" HPOS="535" VPOS="1790" WIDTH="260" HEIGHT="63" CONTENT="Augurium" WC="0.75" CC="20075040"/>
						<SP ID="P2_SP00140" HPOS="795" VPOS="1853" WIDTH="28"/>
						<String ID="P2_ST00162" HPOS="823" VPOS="1788" WIDTH="235" HEIGHT="65" CONTENT="befragen," WC="1.00" CC="600070000"/>
						<SP ID="P2_SP00141" HPOS="1058" VPOS="1853" WIDTH="19"/>
						<String ID="P2_ST00163" HPOS="1077" VPOS="1790" WIDTH="173" HEIGHT="66" CONTENT="bestieg" WC="0.98" CC="7006009"/>
						<SP ID="P2_SP00142" HPOS="1250" VPOS="1856" WIDTH="24"/>
						<String ID="P2_ST00164" HPOS="1274" VPOS="1791" WIDTH="130" HEIGHT="48" CONTENT="einen" WC="0.99" CC="00107"/>
						<SP ID="P2_SP00143" HPOS="1404" VPOS="1856" WIDTH="17"/>
						<String ID="P2_ST00165" HPOS="1421" VPOS="1790" WIDTH="82" HEIGHT="49" CONTENT="der" WC="0.98" CC="005"/>
						<SP ID="P2_SP00144" HPOS="1503" VPOS="1856" WIDTH="18"/>
						<String ID="P2_ST00166" HPOS="1521" VPOS="1792" WIDTH="205" HEIGHT="48" CONTENT="Thürme" WC="0.85" CC="060200"/>
					</TextLine>
					<TextLine ID="P2_TL00022" HPOS="193" VPOS="1867" WIDTH="1531" HEIGHT="65">
						<String ID="P2_ST00167" HPOS="193" VPOS="1867" WIDTH="252" HEIGHT="65" CONTENT="Freiburgs" WC="0.66" CC="740622006"/>
						<SP ID="P2_SP00145" HPOS="445" VPOS="1932" WIDTH="43"/>
						<String ID="P2_ST00168" HPOS="488" VPOS="1867" WIDTH="91" HEIGHT="48" CONTENT="und" WC="0.97" CC="160"/>
						<SP ID="P2_SP00146" HPOS="579" VPOS="1932" WIDTH="39"/>
						<String ID="P2_ST00169" HPOS="618" VPOS="1868" WIDTH="97" HEIGHT="47" CONTENT="liess" WC="0.90" CC="10030"/>
						<SP ID="P2_SP00147" HPOS="715" VPOS="1932" WIDTH="37"/>
						<String ID="P2_ST00170" HPOS="752" VPOS="1885" WIDTH="84" HEIGHT="32" CONTENT="von" WC="0.95" CC="606"/>
						<SP ID="P2_SP00148" HPOS="836" VPOS="1932" WIDTH="32"/>
						<String ID="P2_ST00171" HPOS="868" VPOS="1867" WIDTH="80" HEIGHT="48" CONTENT="der" WC="0.99" CC="003"/>
						<SP ID="P2_SP00149" HPOS="948" VPOS="1932" WIDTH="29"/>
						<String ID="P2_ST00172" HPOS="977" VPOS="1868" WIDTH="137" HEIGHT="49" CONTENT="Höhe" WC="0.96" CC="8360"/>
						<SP ID="P2_SP00150" HPOS="1114" VPOS="1932" WIDTH="29"/>
						<String ID="P2_ST00173" HPOS="1143" VPOS="1868" WIDTH="235" HEIGHT="50" CONTENT="desselben" WC="1.00" CC="010300600"/>
						<SP ID="P2_SP00151" HPOS="1378" VPOS="1932" WIDTH="32"/>
						<String ID="P2_ST00174" HPOS="1410" VPOS="1870" WIDTH="98" HEIGHT="48" CONTENT="eine" WC="1.00" CC="0000"/>
						<SP ID="P2_SP00152" HPOS="1508" VPOS="1932" WIDTH="30"/>
						<String ID="P2_ST00175" HPOS="1538" VPOS="1871" WIDTH="155" HEIGHT="48" CONTENT="Flaum" SUBS_TYPE="HypPart1" SUBS_CONTENT="Flaumfeder" WC="0.99" CC="04460"/>
						<HYP HPOS="1693" VPOS="1871" WIDTH="31" CONTENT="-"/>
					</TextLine>
					<TextLine ID="P2_TL00023" HPOS="195" VPOS="1945" WIDTH="1529" HEIGHT="69">
						<String ID="P2_ST00176" HPOS="195" VPOS="1946" WIDTH="123" HEIGHT="48" CONTENT="feder" SUBS_TYPE="HypPart2" SUBS_CONTENT="Flaumfeder" WC="0.98" CC="80025"/>
						<SP ID="P2_SP00153" HPOS="318" VPOS="1994" WIDTH="29"/>
						<String ID="P2_ST00177" HPOS="347" VPOS="1946" WIDTH="43" HEIGHT="47" CONTENT="in" WC="1.00" CC="00"/>
						<SP ID="P2_SP00154" HPOS="390" VPOS="1994" WIDTH="31"/>
						<String ID="P2_ST00178" HPOS="421" VPOS="1945" WIDTH="70" HEIGHT="49" CONTENT="die" WC="0.99" CC="020"/>
						<SP ID="P2_SP00155" HPOS="491" VPOS="1994" WIDTH="29"/>
						<String ID="P2_ST00179" HPOS="520" VPOS="1946" WIDTH="106" HEIGHT="47" CONTENT="Luft" WC="0.98" CC="1005"/>
						<SP ID="P2_SP00156" HPOS="626" VPOS="1994" WIDTH="31"/>
						<String ID="P2_ST00180" HPOS="657" VPOS="1946" WIDTH="176" HEIGHT="63" CONTENT="fliegen." WC="0.98" CC="44209063"/>
						<SP ID="P2_SP00157" HPOS="833" VPOS="2009" WIDTH="31"/>
						<String ID="P2_ST00181" HPOS="864" VPOS="1947" WIDTH="71" HEIGHT="47" CONTENT="Da" WC="0.73" CC="50"/>
						<SP ID="P2_SP00158" HPOS="935" VPOS="2009" WIDTH="24"/>
						<String ID="P2_ST00182" HPOS="959" VPOS="1945" WIDTH="80" HEIGHT="49" CONTENT="der" WC="0.99" CC="003"/>
						<SP ID="P2_SP00159" HPOS="1039" VPOS="2009" WIDTH="26"/>
						<String ID="P2_ST00183" HPOS="1065" VPOS="1946" WIDTH="146" HEIGHT="49" CONTENT="Wind" WC="0.97" CC="3470"/>
						<SP ID="P2_SP00160" HPOS="1211" VPOS="2009" WIDTH="23"/>
						<String ID="P2_ST00184" HPOS="1234" VPOS="1947" WIDTH="62" HEIGHT="48" CONTENT="sie" WC="0.98" CC="320"/>
						<SP ID="P2_SP00161" HPOS="1296" VPOS="2009" WIDTH="25"/>
						<String ID="P2_ST00185" HPOS="1321" VPOS="1952" WIDTH="250" HEIGHT="45" CONTENT="westwärts" WC="0.99" CC="040607000"/>
						<SP ID="P2_SP00162" HPOS="1571" VPOS="2009" WIDTH="30"/>
						<String ID="P2_ST00186" HPOS="1601" VPOS="1956" WIDTH="123" HEIGHT="58" CONTENT="trug," WC="0.97" CC="60480"/>
					</TextLine>
					<TextLine ID="P2_TL00024" HPOS="190" VPOS="2022" WIDTH="1215" HEIGHT="66">
						<String ID="P2_ST00187" HPOS="190" VPOS="2040" WIDTH="49" HEIGHT="32" CONTENT="so" WC="0.56" CC="62"/>
						<SP ID="P2_SP00163" HPOS="239" VPOS="2072" WIDTH="31"/>
						<String ID="P2_ST00188" HPOS="270" VPOS="2031" WIDTH="134" HEIGHT="41" CONTENT="setzte" WC="0.99" CC="006300"/>
						<SP ID="P2_SP00164" HPOS="404" VPOS="2072" WIDTH="31"/>
						<String ID="P2_ST00189" HPOS="435" VPOS="2040" WIDTH="48" HEIGHT="30" CONTENT="er" WC="0.61" CC="34"/>
						<SP ID="P2_SP00165" HPOS="483" VPOS="2072" WIDTH="28"/>
						<String ID="P2_ST00190" HPOS="511" VPOS="2023" WIDTH="154" HEIGHT="49" CONTENT="seinen" WC="0.99" CC="000407"/>
						<SP ID="P2_SP00166" HPOS="665" VPOS="2072" WIDTH="29"/>
						<String ID="P2_ST00191" HPOS="694" VPOS="2022" WIDTH="255" HEIGHT="66" CONTENT="Pilgerstab" WC="0.99" CC="7210000747"/>
						<SP ID="P2_SP00167" HPOS="949" VPOS="2088" WIDTH="32"/>
						<String ID="P2_ST00192" HPOS="981" VPOS="2023" WIDTH="115" HEIGHT="49" CONTENT="über" WC="0.96" CC="8422"/>
						<SP ID="P2_SP00168" HPOS="1096" VPOS="2088" WIDTH="30"/>
						<String ID="P2_ST00193" HPOS="1126" VPOS="2025" WIDTH="86" HEIGHT="49" CONTENT="den" WC="0.99" CC="002"/>
						<SP ID="P2_SP00169" HPOS="1212" VPOS="2088" WIDTH="30"/>
						<String ID="P2_ST00194" HPOS="1242" VPOS="2026" WIDTH="163" HEIGHT="49" CONTENT="Rhein." WC="0.98" CC="670040"/>
					</TextLine>
					<TextLine ID="P2_TL00025" HPOS="305" VPOS="2099" WIDTH="1417" HEIGHT="54">
						<String ID="P2_ST00195" HPOS="305" VPOS="2101" WIDTH="118" HEIGHT="48" CONTENT="Dem" WC="1.00" CC="000"/>
						<SP ID="P2_SP00170" HPOS="423" VPOS="2149" WIDTH="27"/>
						<String ID="P2_ST00196" HPOS="450" VPOS="2099" WIDTH="309" HEIGHT="51" CONTENT="wandernden" WC="0.99" CC="6000534002"/>
						<SP ID="P2_SP00171" HPOS="759" VPOS="2150" WIDTH="22"/>
						<String ID="P2_ST00197" HPOS="781" VPOS="2101" WIDTH="253" HEIGHT="48" CONTENT="Studenten" WC="0.99" CC="464000633"/>
						<SP ID="P2_SP00172" HPOS="1034" VPOS="2150" WIDTH="24"/>
						<String ID="P2_ST00198" HPOS="1058" VPOS="2101" WIDTH="200" HEIGHT="51" CONTENT="öffneten" WC="0.98" CC="47760423"/>
						<SP ID="P2_SP00173" HPOS="1258" VPOS="2152" WIDTH="29"/>
						<String ID="P2_ST00199" HPOS="1287" VPOS="2103" WIDTH="91" HEIGHT="49" CONTENT="sich" WC="0.98" CC="4003"/>
						<SP ID="P2_SP00174" HPOS="1378" VPOS="2152" WIDTH="24"/>
						<String ID="P2_ST00200" HPOS="1402" VPOS="2103" WIDTH="174" HEIGHT="50" CONTENT="damals" WC="0.99" CC="020025"/>
						<SP ID="P2_SP00175" HPOS="1576" VPOS="2153" WIDTH="31"/>
						<String ID="P2_ST00201" HPOS="1607" VPOS="2105" WIDTH="115" HEIGHT="48" CONTENT="noch" WC="0.97" CC="7051"/>
					</TextLine>
					<TextLine ID="P2_TL00026" HPOS="190" VPOS="2177" WIDTH="1536" HEIGHT="65">
						<String ID="P2_ST00202" HPOS="190" VPOS="2177" WIDTH="71" HEIGHT="49" CONTENT="die" WC="1.00" CC="000"/>
						<SP ID="P2_SP00176" HPOS="261" VPOS="2226" WIDTH="43"/>
						<String ID="P2_ST00203" HPOS="304" VPOS="2179" WIDTH="249" HEIGHT="63" CONTENT="gastlichen" WC="0.99" CC="9908000006"/>
						<SP ID="P2_SP00177" HPOS="553" VPOS="2242" WIDTH="32"/>
						<String ID="P2_ST00204" HPOS="585" VPOS="2179" WIDTH="188" HEIGHT="47" CONTENT="Thüren" WC="0.86" CC="010600"/>
						<SP ID="P2_SP00178" HPOS="773" VPOS="2242" WIDTH="43"/>
						<String ID="P2_ST00205" HPOS="816" VPOS="2179" WIDTH="80" HEIGHT="47" CONTENT="der" WC="1.00" CC="000"/>
						<SP ID="P2_SP00179" HPOS="896" VPOS="2242" WIDTH="37"/>
						<String ID="P2_ST00206" HPOS="933" VPOS="2179" WIDTH="201" HEIGHT="59" CONTENT="Klöster," WC="0.99" CC="46063003"/>
						<SP ID="P2_SP00180" HPOS="1134" VPOS="2242" WIDTH="45"/>
						<String ID="P2_ST00207" HPOS="1179" VPOS="2181" WIDTH="90" HEIGHT="48" CONTENT="und" WC="0.95" CC="580"/>
						<SP ID="P2_SP00181" HPOS="1269" VPOS="2242" WIDTH="42"/>
						<String ID="P2_ST00208" HPOS="1311" VPOS="2199" WIDTH="48" HEIGHT="31" CONTENT="so" WC="0.88" CC="02"/>
						<SP ID="P2_SP00182" HPOS="1359" VPOS="2242" WIDTH="46"/>
						<String ID="P2_ST00209" HPOS="1405" VPOS="2182" WIDTH="103" HEIGHT="48" CONTENT="kam" WC="1.00" CC="000"/>
						<SP ID="P2_SP00183" HPOS="1508" VPOS="2242" WIDTH="46"/>
						<String ID="P2_ST00210" HPOS="1554" VPOS="2200" WIDTH="48" HEIGHT="32" CONTENT="er" WC="0.86" CC="02"/>
						<SP ID="P2_SP00184" HPOS="1602" VPOS="2242" WIDTH="44"/>
						<String ID="P2_ST00211" HPOS="1646" VPOS="2183" WIDTH="80" HEIGHT="49" CONTENT="mit" WC="0.94" CC="906"/>
					</TextLine>
					<TextLine ID="P2_TL00027" HPOS="191" VPOS="2254" WIDTH="1533" HEIGHT="72">
						<String ID="P2_ST00212" HPOS="191" VPOS="2254" WIDTH="204" HEIGHT="66" CONTENT="knapper" WC="0.99" CC="0460004"/>
						<SP ID="P2_SP00185" HPOS="395" VPOS="2320" WIDTH="31"/>
						<String ID="P2_ST00213" HPOS="426" VPOS="2257" WIDTH="142" HEIGHT="47" CONTENT="Börse" WC="0.98" CC="60400"/>
						<SP ID="P2_SP00186" HPOS="568" VPOS="2320" WIDTH="42"/>
						<String ID="P2_ST00214" HPOS="610" VPOS="2256" WIDTH="66" HEIGHT="48" CONTENT="bis" WC="0.97" CC="700"/>
						<SP ID="P2_SP00187" HPOS="676" VPOS="2320" WIDTH="43"/>
						<String ID="P2_ST00215" HPOS="719" VPOS="2257" WIDTH="210" HEIGHT="65" CONTENT="Nancy." WC="0.98" CC="006074"/>
						<SP ID="P2_SP00188" HPOS="929" VPOS="2322" WIDTH="52"/>
						<String ID="P2_ST00216" HPOS="981" VPOS="2257" WIDTH="114" HEIGHT="48" CONTENT="Hier" WC="0.97" CC="5024"/>
						<SP ID="P2_SP00189" HPOS="1095" VPOS="2322" WIDTH="38"/>
						<String ID="P2_ST00217" HPOS="1133" VPOS="2257" WIDTH="106" HEIGHT="49" CONTENT="fand" WC="0.98" CC="3040"/>
						<SP ID="P2_SP00190" HPOS="1239" VPOS="2322" WIDTH="33"/>
						<String ID="P2_ST00218" HPOS="1272" VPOS="2276" WIDTH="48" HEIGHT="30" CONTENT="er" WC="0.92" CC="01"/>
						<SP ID="P2_SP00191" HPOS="1320" VPOS="2322" WIDTH="27"/>
						<String ID="P2_ST00219" HPOS="1347" VPOS="2260" WIDTH="44" HEIGHT="48" CONTENT="in" WC="0.38" CC="57"/>
						<SP ID="P2_SP00192" HPOS="1391" VPOS="2322" WIDTH="32"/>
						<String ID="P2_ST00220" HPOS="1423" VPOS="2260" WIDTH="103" HEIGHT="48" CONTENT="dem" WC="0.98" CC="004"/>
						<SP ID="P2_SP00193" HPOS="1526" VPOS="2322" WIDTH="31"/>
						<String ID="P2_ST00221" HPOS="1557" VPOS="2261" WIDTH="140" HEIGHT="65" CONTENT="Orgel" SUBS_TYPE="HypPart1" SUBS_CONTENT="Orgelbauer" WC="1.00" CC="40000"/>
						<HYP HPOS="1697" VPOS="2261" WIDTH="27" CONTENT="-"/>
					</TextLine>
					<TextLine ID="P2_TL00028" HPOS="191" VPOS="2332" WIDTH="1535" HEIGHT="71">
						<String ID="P2_ST00222" HPOS="191" VPOS="2333" WIDTH="145" HEIGHT="48" CONTENT="bauer" SUBS_TYPE="HypPart2" SUBS_CONTENT="Orgelbauer" WC="0.98" CC="70504"/>
						<SP ID="P2_SP00194" HPOS="336" VPOS="2381" WIDTH="44"/>
						<String ID="P2_ST00223" HPOS="380" VPOS="2334" WIDTH="227" HEIGHT="65" CONTENT="Dupont" WC="0.80" CC="040015"/>
						<SP ID="P2_SP00195" HPOS="607" VPOS="2399" WIDTH="44"/>
						<String ID="P2_ST00224" HPOS="651" VPOS="2332" WIDTH="110" HEIGHT="67" CONTENT="(sein" WC="0.99" CC="51001"/>
						<SP ID="P2_SP00196" HPOS="761" VPOS="2399" WIDTH="43"/>
						<String ID="P2_ST00225" HPOS="804" VPOS="2336" WIDTH="149" HEIGHT="47" CONTENT="Name" WC="0.98" CC="0502"/>
						<SP ID="P2_SP00197" HPOS="953" VPOS="2399" WIDTH="41"/>
						<String ID="P2_ST00226" HPOS="994" VPOS="2336" WIDTH="60" HEIGHT="48" CONTENT="sei" WC="0.99" CC="020"/>
						<SP ID="P2_SP00198" HPOS="1054" VPOS="2399" WIDTH="45"/>
						<String ID="P2_ST00227" HPOS="1099" VPOS="2336" WIDTH="43" HEIGHT="48" CONTENT="in" WC="1.00" CC="00"/>
						<SP ID="P2_SP00199" HPOS="1142" VPOS="2399" WIDTH="45"/>
						<String ID="P2_ST00228" HPOS="1187" VPOS="2337" WIDTH="195" HEIGHT="65" CONTENT="Ehren!)" WC="0.99" CC="0600617"/>
						<SP ID="P2_SP00200" HPOS="1382" VPOS="2402" WIDTH="45"/>
						<String ID="P2_ST00229" HPOS="1427" VPOS="2338" WIDTH="129" HEIGHT="49" CONTENT="einen" WC="0.98" CC="02406"/>
						<SP ID="P2_SP00201" HPOS="1556" VPOS="2402" WIDTH="37"/>
						<String ID="P2_ST00230" HPOS="1593" VPOS="2340" WIDTH="133" HEIGHT="63" CONTENT="jener" WC="0.99" CC="00204"/>
					</TextLine>
					<TextLine ID="P2_TL00029" HPOS="190" VPOS="2412" WIDTH="1534" HEIGHT="68">
						<String ID="P2_ST00231" HPOS="190" VPOS="2412" WIDTH="207" HEIGHT="55" CONTENT="Männer," WC="0.99" CC="0050140"/>
						<SP ID="P2_SP00202" HPOS="397" VPOS="2467" WIDTH="31"/>
						<String ID="P2_ST00232" HPOS="428" VPOS="2412" WIDTH="70" HEIGHT="48" CONTENT="die" WC="1.00" CC="000"/>
						<SP ID="P2_SP00203" HPOS="498" VPOS="2467" WIDTH="29"/>
						<String ID="P2_ST00233" HPOS="527" VPOS="2412" WIDTH="116" HEIGHT="48" CONTENT="auch" WC="0.98" CC="3007"/>
						<SP ID="P2_SP00204" HPOS="643" VPOS="2467" WIDTH="34"/>
						<String ID="P2_ST00234" HPOS="677" VPOS="2412" WIDTH="75" HEIGHT="48" CONTENT="für" WC="0.95" CC="074"/>
						<SP ID="P2_SP00205" HPOS="752" VPOS="2467" WIDTH="29"/>
						<String ID="P2_ST00235" HPOS="781" VPOS="2412" WIDTH="131" HEIGHT="49" CONTENT="einen" WC="0.99" CC="00403"/>
						<SP ID="P2_SP00206" HPOS="912" VPOS="2467" WIDTH="32"/>
						<String ID="P2_ST00236" HPOS="944" VPOS="2413" WIDTH="204" HEIGHT="48" CONTENT="fremden" WC="1.00" CC="0300000"/>
						<SP ID="P2_SP00207" HPOS="1148" VPOS="2467" WIDTH="21"/>
						<String ID="P2_ST00237" HPOS="1169" VPOS="2416" WIDTH="219" HEIGHT="64" CONTENT="Jüngling" WC="1.00" CC="00200260"/>
						<SP ID="P2_SP00208" HPOS="1388" VPOS="2480" WIDTH="30"/>
						<String ID="P2_ST00238" HPOS="1418" VPOS="2417" WIDTH="306" HEIGHT="63" CONTENT="Vatergefühl" WC="0.99" CC="04500900020"/>
					</TextLine>
					<TextLine ID="P2_TL00030" HPOS="187" VPOS="2489" WIDTH="1535" HEIGHT="70">
						<String ID="P2_ST00239" HPOS="187" VPOS="2506" WIDTH="53" HEIGHT="30" CONTENT="zu" WC="0.65" CC="33"/>
						<SP ID="P2_SP00209" HPOS="240" VPOS="2536" WIDTH="30"/>
						<String ID="P2_ST00240" HPOS="270" VPOS="2489" WIDTH="259" HEIGHT="65" CONTENT="empfinden" WC="0.99" CC="000658007"/>
						<SP ID="P2_SP00210" HPOS="529" VPOS="2554" WIDTH="31"/>
						<String ID="P2_ST00241" HPOS="560" VPOS="2493" WIDTH="246" HEIGHT="61" CONTENT="vermögen" WC="0.99" CC="00000905"/>
						<SP ID="P2_SP00211" HPOS="806" VPOS="2554" WIDTH="47"/>
						<String ID="P2_ST00242" HPOS="853" VPOS="2491" WIDTH="88" HEIGHT="47" CONTENT="und" WC="0.97" CC="440"/>
						<SP ID="P2_SP00212" HPOS="941" VPOS="2554" WIDTH="44"/>
						<String ID="P2_ST00243" HPOS="985" VPOS="2491" WIDTH="91" HEIGHT="48" CONTENT="sich" WC="0.98" CC="0027"/>
						<SP ID="P2_SP00213" HPOS="1076" VPOS="2554" WIDTH="41"/>
						<String ID="P2_ST00244" HPOS="1117" VPOS="2508" WIDTH="53" HEIGHT="32" CONTENT="zu" WC="0.69" CC="60"/>
						<SP ID="P2_SP00214" HPOS="1170" VPOS="2554" WIDTH="32"/>
						<String ID="P2_ST00245" HPOS="1202" VPOS="2493" WIDTH="119" HEIGHT="48" CONTENT="Rath" WC="0.98" CC="6200"/>
						<SP ID="P2_SP00215" HPOS="1321" VPOS="2554" WIDTH="33"/>
						<String ID="P2_ST00246" HPOS="1354" VPOS="2493" WIDTH="90" HEIGHT="48" CONTENT="und" WC="0.96" CC="460"/>
						<SP ID="P2_SP00216" HPOS="1444" VPOS="2554" WIDTH="33"/>
						<String ID="P2_ST00247" HPOS="1477" VPOS="2494" WIDTH="139" HEIGHT="49" CONTENT="Hülfe" WC="0.99" CC="80300"/>
						<SP ID="P2_SP00217" HPOS="1616" VPOS="2554" WIDTH="29"/>
						<String ID="P2_ST00248" HPOS="1645" VPOS="2512" WIDTH="52" HEIGHT="47" CONTENT="ge" SUBS_TYPE="HypPart1" SUBS_CONTENT="geneigt" WC="1.00" CC="00"/>
						<HYP HPOS="1697" VPOS="2512" WIDTH="25" CONTENT="-"/>
					</TextLine>
					<TextLine ID="P2_TL00031" HPOS="190" VPOS="2568" WIDTH="1534" HEIGHT="64">
						<String ID="P2_ST00249" HPOS="190" VPOS="2568" WIDTH="123" HEIGHT="64" CONTENT="neigt" SUBS_TYPE="HypPart2" SUBS_CONTENT="geneigt" WC="0.98" CC="60005"/>
						<SP ID="P2_SP00218" HPOS="313" VPOS="2632" WIDTH="29"/>
						<String ID="P2_ST00250" HPOS="342" VPOS="2568" WIDTH="231" HEIGHT="48" CONTENT="erweisen." WC="1.00" CC="030000000"/>
						<SP ID="P2_SP00219" HPOS="573" VPOS="2632" WIDTH="33"/>
						<String ID="P2_ST00251" HPOS="606" VPOS="2569" WIDTH="160" HEIGHT="47" CONTENT="Dieser" WC="0.99" CC="003005"/>
						<SP ID="P2_SP00220" HPOS="766" VPOS="2632" WIDTH="31"/>
						<String ID="P2_ST00252" HPOS="797" VPOS="2568" WIDTH="137" HEIGHT="48" CONTENT="nahm" WC="0.97" CC="4370"/>
						<SP ID="P2_SP00221" HPOS="934" VPOS="2632" WIDTH="32"/>
						<String ID="P2_ST00253" HPOS="966" VPOS="2569" WIDTH="91" HEIGHT="49" CONTENT="sich" WC="0.99" CC="1002"/>
						<SP ID="P2_SP00222" HPOS="1057" VPOS="2632" WIDTH="33"/>
						<String ID="P2_ST00254" HPOS="1090" VPOS="2569" WIDTH="76" HEIGHT="49" CONTENT="des" WC="1.00" CC="000"/>
						<SP ID="P2_SP00223" HPOS="1166" VPOS="2632" WIDTH="31"/>
						<String ID="P2_ST00255" HPOS="1197" VPOS="2571" WIDTH="247" HEIGHT="49" CONTENT="deutschen" WC="0.99" CC="005400400"/>
						<SP ID="P2_SP00224" HPOS="1444" VPOS="2632" WIDTH="24"/>
						<String ID="P2_ST00256" HPOS="1468" VPOS="2572" WIDTH="256" HEIGHT="51" CONTENT="Studenten" WC="0.99" CC="060007000"/>
					</TextLine>
					<TextLine ID="P2_TL00032" HPOS="191" VPOS="2646" WIDTH="1531" HEIGHT="66">
						<String ID="P2_ST00257" HPOS="191" VPOS="2661" WIDTH="74" HEIGHT="39" CONTENT="an," WC="0.96" CC="074"/>
						<SP ID="P2_SP00225" HPOS="265" VPOS="2700" WIDTH="27"/>
						<String ID="P2_ST00258" HPOS="292" VPOS="2646" WIDTH="267" HEIGHT="48" CONTENT="verschaffte" WC="0.99" CC="00423403360"/>
						<SP ID="P2_SP00226" HPOS="559" VPOS="2700" WIDTH="28"/>
						<String ID="P2_ST00259" HPOS="587" VPOS="2646" WIDTH="92" HEIGHT="48" CONTENT="ihm" WC="0.97" CC="070"/>
						<SP ID="P2_SP00227" HPOS="679" VPOS="2700" WIDTH="34"/>
						<String ID="P2_ST00260" HPOS="713" VPOS="2647" WIDTH="314" HEIGHT="65" CONTENT="Gelegenheit," WC="0.99" CC="402090360080"/>
						<SP ID="P2_SP00228" HPOS="1027" VPOS="2712" WIDTH="31"/>
						<String ID="P2_ST00261" HPOS="1058" VPOS="2648" WIDTH="141" HEIGHT="48" CONTENT="durch" WC="0.98" CC="04306"/>
						<SP ID="P2_SP00229" HPOS="1199" VPOS="2712" WIDTH="35"/>
						<String ID="P2_ST00262" HPOS="1234" VPOS="2651" WIDTH="265" HEIGHT="48" CONTENT="Unterricht" WC="0.99" CC="2052000563"/>
						<SP ID="P2_SP00230" HPOS="1499" VPOS="2712" WIDTH="28"/>
						<String ID="P2_ST00263" HPOS="1527" VPOS="2651" WIDTH="58" HEIGHT="48" CONTENT="im" WC="1.00" CC="00"/>
						<SP ID="P2_SP00231" HPOS="1585" VPOS="2712" WIDTH="35"/>
						<String ID="P2_ST00264" HPOS="1620" VPOS="2652" WIDTH="77" HEIGHT="48" CONTENT="Cla" SUBS_TYPE="HypPart1" SUBS_CONTENT="Clavierspiel" WC="0.78" CC="700"/>
						<HYP HPOS="1697" VPOS="2652" WIDTH="25" CONTENT="-"/>
					</TextLine>
					<TextLine ID="P2_TL00033" HPOS="190" VPOS="2722" WIDTH="1532" HEIGHT="71">
						<String ID="P2_ST00265" HPOS="190" VPOS="2722" WIDTH="200" HEIGHT="65" CONTENT="vierspiel" SUBS_TYPE="HypPart2" SUBS_CONTENT="Clavierspiel" WC="0.88" CC="000400006"/>
						<SP ID="P2_SP00232" HPOS="390" VPOS="2787" WIDTH="35"/>
						<String ID="P2_ST00266" HPOS="425" VPOS="2722" WIDTH="119" HEIGHT="49" CONTENT="Brod" WC="0.56" CC="7550"/>
						<SP ID="P2_SP00233" HPOS="544" VPOS="2787" WIDTH="29"/>
						<String ID="P2_ST00267" HPOS="573" VPOS="2741" WIDTH="52" HEIGHT="30" CONTENT="zu" WC="0.84" CC="30"/>
						<SP ID="P2_SP00234" HPOS="625" VPOS="2787" WIDTH="29"/>
						<String ID="P2_ST00268" HPOS="654" VPOS="2723" WIDTH="258" HEIGHT="58" CONTENT="verdienen," WC="1.00" CC="0000300052"/>
						<SP ID="P2_SP00235" HPOS="912" VPOS="2787" WIDTH="31"/>
						<String ID="P2_ST00269" HPOS="943" VPOS="2724" WIDTH="90" HEIGHT="47" CONTENT="und" WC="0.98" CC="050"/>
						<SP ID="P2_SP00236" HPOS="1033" VPOS="2787" WIDTH="27"/>
						<String ID="P2_ST00270" HPOS="1060" VPOS="2726" WIDTH="125" HEIGHT="48" CONTENT="ward" WC="0.99" CC="0600"/>
						<SP ID="P2_SP00237" HPOS="1185" VPOS="2787" WIDTH="31"/>
						<String ID="P2_ST00271" HPOS="1216" VPOS="2727" WIDTH="92" HEIGHT="48" CONTENT="ihm" WC="0.97" CC="026"/>
						<SP ID="P2_SP00238" HPOS="1308" VPOS="2787" WIDTH="27"/>
						<String ID="P2_ST00272" HPOS="1335" VPOS="2728" WIDTH="268" HEIGHT="65" CONTENT="Rathgeber" WC="0.98" CC="836700255"/>
						<SP ID="P2_SP00239" HPOS="1603" VPOS="2793" WIDTH="28"/>
						<String ID="P2_ST00273" HPOS="1631" VPOS="2729" WIDTH="91" HEIGHT="49" CONTENT="und" WC="0.95" CC="560"/>
					</TextLine>
					<TextLine ID="P2_TL00034" HPOS="192" VPOS="2799" WIDTH="1532" HEIGHT="73">
						<String ID="P2_ST00274" HPOS="192" VPOS="2799" WIDTH="297" HEIGHT="49" CONTENT="Wohlthäter" WC="0.69" CC="0070560504"/>
						<SP ID="P2_SP00240" HPOS="489" VPOS="2848" WIDTH="30"/>
						<String ID="P2_ST00275" HPOS="519" VPOS="2801" WIDTH="219" HEIGHT="64" CONTENT="zugleich." WC="0.99" CC="449300074"/>
						<SP ID="P2_SP00241" HPOS="738" VPOS="2865" WIDTH="59"/>
						<String ID="P2_ST00276" HPOS="797" VPOS="2802" WIDTH="119" HEIGHT="47" CONTENT="Fetis" WC="0.67" CC="09600"/>
						<SP ID="P2_SP00242" HPOS="916" VPOS="2865" WIDTH="29"/>
						<String ID="P2_ST00277" HPOS="945" VPOS="2802" WIDTH="184" HEIGHT="58" CONTENT="erzählt," WC="0.99" CC="06606150"/>
						<SP ID="P2_SP00243" HPOS="1129" VPOS="2865" WIDTH="40"/>
						<String ID="P2_ST00278" HPOS="1169" VPOS="2804" WIDTH="165" HEIGHT="49" CONTENT="Martin" WC="0.99" CC="004202"/>
						<SP ID="P2_SP00244" HPOS="1334" VPOS="2865" WIDTH="46"/>
						<String ID="P2_ST00279" HPOS="1380" VPOS="2804" WIDTH="120" HEIGHT="50" CONTENT="habe" WC="0.99" CC="4000"/>
						<SP ID="P2_SP00245" HPOS="1500" VPOS="2865" WIDTH="51"/>
						<String ID="P2_ST00280" HPOS="1551" VPOS="2807" WIDTH="149" HEIGHT="65" CONTENT="eigent" SUBS_TYPE="HypPart1" SUBS_CONTENT="eigentlich" WC="1.00" CC="000011"/>
						<HYP HPOS="1700" VPOS="2807" WIDTH="24" CONTENT="-"/>
					</TextLine>
					<TextLine ID="P2_TL00035" HPOS="188" VPOS="2877" WIDTH="1534" HEIGHT="67">
						<String ID="P2_ST00281" HPOS="188" VPOS="2877" WIDTH="85" HEIGHT="48" CONTENT="lich" SUBS_TYPE="HypPart2" SUBS_CONTENT="eigentlich" WC="0.97" CC="6107"/>
						<SP ID="P2_SP00246" HPOS="273" VPOS="2925" WIDTH="45"/>
						<String ID="P2_ST00282" HPOS="318" VPOS="2878" WIDTH="99" HEIGHT="48" CONTENT="Sch" WC="0.70" CC="404"/>
						<SP ID="P2_SP00247" HPOS="417" VPOS="2926" WIDTH="20"/>
						<String ID="P2_ST00283" HPOS="437" VPOS="2878" WIDTH="366" HEIGHT="50" CONTENT="warzendorf" WC="0.84" CC="0406000400"/>
						<SP ID="P2_SP00248" HPOS="803" VPOS="2928" WIDTH="47"/>
						<String ID="P2_ST00284" HPOS="850" VPOS="2879" WIDTH="257" HEIGHT="65" CONTENT="geheissen," WC="0.67" CC="9150010373"/>
						<SP ID="P2_SP00249" HPOS="1107" VPOS="2944" WIDTH="41"/>
						<String ID="P2_ST00285" HPOS="1148" VPOS="2881" WIDTH="98" HEIGHT="48" CONTENT="hier" WC="0.98" CC="7100"/>
						<SP ID="P2_SP00250" HPOS="1246" VPOS="2944" WIDTH="48"/>
						<String ID="P2_ST00286" HPOS="1294" VPOS="2882" WIDTH="112" HEIGHT="49" CONTENT="aber" WC="0.98" CC="0305"/>
						<SP ID="P2_SP00251" HPOS="1406" VPOS="2944" WIDTH="49"/>
						<String ID="P2_ST00287" HPOS="1455" VPOS="2884" WIDTH="114" HEIGHT="49" CONTENT="nach" WC="0.96" CC="7606"/>
						<SP ID="P2_SP00252" HPOS="1569" VPOS="2944" WIDTH="51"/>
						<String ID="P2_ST00288" HPOS="1620" VPOS="2884" WIDTH="102" HEIGHT="50" CONTENT="dem" WC="0.94" CC="905"/>
					</TextLine>
					<TextLine ID="P2_TL00036" HPOS="186" VPOS="2955" WIDTH="1535" HEIGHT="73">
						<String ID="P2_ST00289" HPOS="186" VPOS="2955" WIDTH="151" HEIGHT="49" CONTENT="Rathe" WC="0.63" CC="50750"/>
						<SP ID="P2_SP00253" HPOS="337" VPOS="3004" WIDTH="41"/>
						<String ID="P2_ST00290" HPOS="378" VPOS="2957" WIDTH="144" HEIGHT="48" CONTENT="seines" WC="1.00" CC="000100"/>
						<SP ID="P2_SP00254" HPOS="522" VPOS="3005" WIDTH="32"/>
						<String ID="P2_ST00291" HPOS="554" VPOS="2958" WIDTH="207" HEIGHT="48" CONTENT="Gönners" WC="0.98" CC="0167062"/>
						<SP ID="P2_SP00255" HPOS="761" VPOS="3006" WIDTH="31"/>
						<String ID="P2_ST00292" HPOS="792" VPOS="2957" WIDTH="151" HEIGHT="49" CONTENT="diesen" WC="0.99" CC="000007"/>
						<SP ID="P2_SP00256" HPOS="943" VPOS="3006" WIDTH="34"/>
						<String ID="P2_ST00293" HPOS="977" VPOS="2958" WIDTH="76" HEIGHT="48" CONTENT="für" WC="1.00" CC="000"/>
						<SP ID="P2_SP00257" HPOS="1053" VPOS="3006" WIDTH="31"/>
						<String ID="P2_ST00294" HPOS="1084" VPOS="2959" WIDTH="257" HEIGHT="50" CONTENT="Franzosen" WC="0.99" CC="106762020"/>
						<SP ID="P2_SP00258" HPOS="1341" VPOS="3009" WIDTH="47"/>
						<String ID="P2_ST00295" HPOS="1388" VPOS="2964" WIDTH="306" HEIGHT="64" CONTENT="unaussprech" SUBS_TYPE="HypPart1" SUBS_CONTENT="unaussprechlichen" WC="0.99" CC="18050606000"/>
						<HYP HPOS="1694" VPOS="2964" WIDTH="27" CONTENT="-"/>
					</TextLine>
					<TextLine ID="P2_TL00037" HPOS="187" VPOS="3033" WIDTH="1535" HEIGHT="56">
						<String ID="P2_ST00296" HPOS="187" VPOS="3033" WIDTH="145" HEIGHT="48" CONTENT="lichen" SUBS_TYPE="HypPart2" SUBS_CONTENT="unaussprechlichen" WC="0.99" CC="060105"/>
						<SP ID="P2_SP00259" HPOS="332" VPOS="3081" WIDTH="43"/>
						<String ID="P2_ST00297" HPOS="375" VPOS="3034" WIDTH="177" HEIGHT="48" CONTENT="Namen" WC="0.97" CC="93006"/>
						<SP ID="P2_SP00260" HPOS="552" VPOS="3082" WIDTH="45"/>
						<String ID="P2_ST00298" HPOS="597" VPOS="3035" WIDTH="79" HEIGHT="47" CONTENT="mit" WC="0.96" CC="035"/>
						<SP ID="P2_SP00261" HPOS="676" VPOS="3082" WIDTH="43"/>
						<String ID="P2_ST00299" HPOS="719" VPOS="3034" WIDTH="103" HEIGHT="50" CONTENT="dem" WC="1.00" CC="000"/>
						<SP ID="P2_SP00262" HPOS="822" VPOS="3084" WIDTH="46"/>
						<String ID="P2_ST00300" HPOS="868" VPOS="3035" WIDTH="425" HEIGHT="51" CONTENT="wohllautenderen" WC="0.99" CC="707044350601003"/>
						<SP ID="P2_SP00263" HPOS="1293" VPOS="3086" WIDTH="43"/>
						<String ID="P2_ST00301" HPOS="1336" VPOS="3039" WIDTH="233" HEIGHT="49" CONTENT="Martini" WC="0.99" CC="0566000"/>
						<SP ID="P2_SP00264" HPOS="1569" VPOS="3088" WIDTH="56"/>
						<String ID="P2_ST00302" HPOS="1625" VPOS="3057" WIDTH="73" HEIGHT="32" CONTENT="ver" SUBS_TYPE="HypPart1" SUBS_CONTENT="vertauscht." WC="1.00" CC="000"/>
						<HYP HPOS="1698" VPOS="3057" WIDTH="24" CONTENT="-"/>
					</TextLine>
					<TextLine ID="P2_TL00038" HPOS="187" VPOS="3110" WIDTH="1538" HEIGHT="72">
						<String ID="P2_ST00303" HPOS="187" VPOS="3110" WIDTH="192" HEIGHT="49" CONTENT="tauscht." SUBS_TYPE="HypPart2" SUBS_CONTENT="vertauscht." WC="0.99" CC="00500044"/>
						<SP ID="P2_SP00265" HPOS="379" VPOS="3159" WIDTH="32"/>
						<String ID="P2_ST00304" HPOS="411" VPOS="3112" WIDTH="110" HEIGHT="48" CONTENT="Wie" WC="1.00" CC="000"/>
						<SP ID="P2_SP00266" HPOS="521" VPOS="3160" WIDTH="25"/>
						<String ID="P2_ST00305" HPOS="546" VPOS="3112" WIDTH="119" HEIGHT="48" CONTENT="Fötis" WC="0.71" CC="07700"/>
						<SP ID="P2_SP00267" HPOS="665" VPOS="3160" WIDTH="21"/>
						<String ID="P2_ST00306" HPOS="686" VPOS="3131" WIDTH="52" HEIGHT="29" CONTENT="zu" WC="0.70" CC="05"/>
						<SP ID="P2_SP00268" HPOS="738" VPOS="3160" WIDTH="24"/>
						<String ID="P2_ST00307" HPOS="762" VPOS="3112" WIDTH="148" HEIGHT="49" CONTENT="dieser" WC="0.99" CC="002006"/>
						<SP ID="P2_SP00269" HPOS="910" VPOS="3161" WIDTH="28"/>
						<String ID="P2_ST00308" HPOS="938" VPOS="3114" WIDTH="241" HEIGHT="48" CONTENT="seltsamen" WC="0.99" CC="005414000"/>
						<SP ID="P2_SP00270" HPOS="1179" VPOS="3162" WIDTH="24"/>
						<String ID="P2_ST00309" HPOS="1203" VPOS="3115" WIDTH="198" HEIGHT="65" CONTENT="Angabe" WC="0.99" CC="060440"/>
						<SP ID="P2_SP00271" HPOS="1401" VPOS="3180" WIDTH="29"/>
						<String ID="P2_ST00310" HPOS="1430" VPOS="3117" WIDTH="295" HEIGHT="65" CONTENT="gekommen," WC="1.00" CC="000200002"/>
					</TextLine>
					<TextLine ID="P2_TL00039" HPOS="186" VPOS="3188" WIDTH="1536" HEIGHT="62">
						<String ID="P2_ST00311" HPOS="186" VPOS="3188" WIDTH="54" HEIGHT="48" CONTENT="ist" WC="0.96" CC="044"/>
						<SP ID="P2_SP00272" HPOS="240" VPOS="3236" WIDTH="30"/>
						<String ID="P2_ST00312" HPOS="270" VPOS="3189" WIDTH="280" HEIGHT="59" CONTENT="räthselhaft," WC="0.63" CC="596000670071"/>
						<SP ID="P2_SP00273" HPOS="550" VPOS="3248" WIDTH="43"/>
						<String ID="P2_ST00313" HPOS="593" VPOS="3207" WIDTH="46" HEIGHT="32" CONTENT="es" WC="1.00" CC="00"/>
						<SP ID="P2_SP00274" HPOS="639" VPOS="3248" WIDTH="31"/>
						<String ID="P2_ST00314" HPOS="670" VPOS="3194" WIDTH="120" HEIGHT="45" CONTENT="wäre" WC="1.00" CC="0000"/>
						<SP ID="P2_SP00275" HPOS="790" VPOS="3248" WIDTH="30"/>
						<String ID="P2_ST00315" HPOS="820" VPOS="3192" WIDTH="137" HEIGHT="58" CONTENT="denn," WC="0.98" CC="00644"/>
						<SP ID="P2_SP00276" HPOS="957" VPOS="3250" WIDTH="40"/>
						<String ID="P2_ST00316" HPOS="997" VPOS="3192" WIDTH="102" HEIGHT="49" CONTENT="dass" WC="0.90" CC="0300"/>
						<SP ID="P2_SP00277" HPOS="1099" VPOS="3250" WIDTH="43"/>
						<String ID="P2_ST00317" HPOS="1142" VPOS="3209" WIDTH="137" HEIGHT="33" CONTENT="unser" WC="0.97" CC="67005"/>
						<SP ID="P2_SP00278" HPOS="1279" VPOS="3250" WIDTH="28"/>
						<String ID="P2_ST00318" HPOS="1307" VPOS="3195" WIDTH="295" HEIGHT="50" CONTENT="Landsmann" WC="0.99" CC="047030664"/>
						<SP ID="P2_SP00279" HPOS="1602" VPOS="3250" WIDTH="29"/>
						<String ID="P2_ST00319" HPOS="1631" VPOS="3198" WIDTH="91" HEIGHT="47" CONTENT="sich" WC="0.99" CC="0006"/>
					</TextLine>
					<TextLine ID="P2_TL00040" HPOS="187" VPOS="3265" WIDTH="1537" HEIGHT="75">
						<String ID="P2_ST00320" HPOS="187" VPOS="3265" WIDTH="85" HEIGHT="49" CONTENT="den" WC="0.95" CC="048"/>
						<SP ID="P2_SP00280" HPOS="272" VPOS="3314" WIDTH="45"/>
						<String ID="P2_ST00321" HPOS="317" VPOS="3268" WIDTH="177" HEIGHT="47" CONTENT="Namen" WC="0.98" CC="80005"/>
						<SP ID="P2_SP00281" HPOS="494" VPOS="3315" WIDTH="41"/>
						<String ID="P2_ST00322" HPOS="535" VPOS="3268" WIDTH="433" HEIGHT="56" CONTENT="„SchwarzendorP" WC="0.72" CC="35060015410008"/>
						<SP ID="P2_SP00282" HPOS="968" VPOS="3324" WIDTH="51"/>
						<String ID="P2_ST00323" HPOS="1019" VPOS="3269" WIDTH="70" HEIGHT="50" CONTENT="bei" WC="0.97" CC="700"/>
						<SP ID="P2_SP00283" HPOS="1089" VPOS="3324" WIDTH="49"/>
						<String ID="P2_ST00324" HPOS="1138" VPOS="3270" WIDTH="149" HEIGHT="50" CONTENT="seiner" WC="0.99" CC="000601"/>
						<SP ID="P2_SP00284" HPOS="1287" VPOS="3324" WIDTH="49"/>
						<String ID="P2_ST00325" HPOS="1336" VPOS="3273" WIDTH="388" HEIGHT="67" CONTENT="Auswanderung" WC="0.99" CC="130077500050"/>
					</TextLine>
					<TextLine ID="P2_TL00041" HPOS="190" VPOS="3343" WIDTH="1532" HEIGHT="72">
						<String ID="P2_ST00326" HPOS="190" VPOS="3343" WIDTH="226" HEIGHT="67" CONTENT="beigelegt" WC="0.99" CC="100900095"/>
						<SP ID="P2_SP00285" HPOS="416" VPOS="3410" WIDTH="35"/>
						<String ID="P2_ST00327" HPOS="451" VPOS="3345" WIDTH="150" HEIGHT="49" CONTENT="haben" WC="0.98" CC="60600"/>
						<SP ID="P2_SP00286" HPOS="601" VPOS="3410" WIDTH="37"/>
						<String ID="P2_ST00328" HPOS="638" VPOS="3347" WIDTH="143" HEIGHT="48" CONTENT="sollte." WC="0.99" CC="0003604"/>
						<SP ID="P2_SP00287" HPOS="781" VPOS="3410" WIDTH="58"/>
						<String ID="P2_ST00329" HPOS="839" VPOS="3348" WIDTH="114" HEIGHT="48" CONTENT="Eine" WC="0.98" CC="0370"/>
						<SP ID="P2_SP00288" HPOS="953" VPOS="3410" WIDTH="32"/>
						<String ID="P2_ST00330" HPOS="985" VPOS="3348" WIDTH="332" HEIGHT="67" CONTENT="Veränderung" WC="0.99" CC="10605001660"/>
						<SP ID="P2_SP00289" HPOS="1317" VPOS="3415" WIDTH="30"/>
						<String ID="P2_ST00331" HPOS="1347" VPOS="3350" WIDTH="144" HEIGHT="50" CONTENT="seines" WC="0.99" CC="000530"/>
						<SP ID="P2_SP00290" HPOS="1491" VPOS="3415" WIDTH="30"/>
						<String ID="P2_ST00332" HPOS="1521" VPOS="3353" WIDTH="201" HEIGHT="48" CONTENT="Namens" WC="0.99" CC="040040"/>
					</TextLine>
					<TextLine ID="P2_TL00042" HPOS="190" VPOS="3422" WIDTH="1530" HEIGHT="69">
						<String ID="P2_ST00333" HPOS="190" VPOS="3422" WIDTH="135" HEIGHT="47" CONTENT="nahm" WC="0.97" CC="5070"/>
						<SP ID="P2_SP00291" HPOS="325" VPOS="3469" WIDTH="32"/>
						<String ID="P2_ST00334" HPOS="357" VPOS="3423" WIDTH="80" HEIGHT="48" CONTENT="der" WC="0.99" CC="003"/>
						<SP ID="P2_SP00292" HPOS="437" VPOS="3471" WIDTH="22"/>
						<String ID="P2_ST00335" HPOS="459" VPOS="3424" WIDTH="143" HEIGHT="65" CONTENT="junge" WC="0.99" CC="00700"/>
						<SP ID="P2_SP00293" HPOS="602" VPOS="3489" WIDTH="24"/>
						<String ID="P2_ST00336" HPOS="626" VPOS="3425" WIDTH="218" HEIGHT="47" CONTENT="Künstler" WC="0.98" CC="70560505"/>
						<SP ID="P2_SP00294" HPOS="844" VPOS="3489" WIDTH="30"/>
						<String ID="P2_ST00337" HPOS="874" VPOS="3425" WIDTH="244" HEIGHT="66" CONTENT="allerdings" WC="0.99" CC="4000600503"/>
						<SP ID="P2_SP00295" HPOS="1118" VPOS="3491" WIDTH="28"/>
						<String ID="P2_ST00338" HPOS="1146" VPOS="3444" WIDTH="95" HEIGHT="41" CONTENT="vor," WC="0.98" CC="0043"/>
						<SP ID="P2_SP00296" HPOS="1241" VPOS="3491" WIDTH="31"/>
						<String ID="P2_ST00339" HPOS="1272" VPOS="3428" WIDTH="148" HEIGHT="48" CONTENT="indem" WC="1.00" CC="02000"/>
						<SP ID="P2_SP00297" HPOS="1420" VPOS="3491" WIDTH="35"/>
						<String ID="P2_ST00340" HPOS="1455" VPOS="3446" WIDTH="49" HEIGHT="31" CONTENT="er" WC="0.83" CC="03"/>
						<SP ID="P2_SP00298" HPOS="1504" VPOS="3491" WIDTH="22"/>
						<String ID="P2_ST00341" HPOS="1526" VPOS="3429" WIDTH="167" HEIGHT="50" CONTENT="demsel" SUBS_TYPE="HypPart1" SUBS_CONTENT="demselben" WC="0.99" CC="900030"/>
						<HYP HPOS="1693" VPOS="3429" WIDTH="27" CONTENT="-"/>
					</TextLine>
					<TextLine ID="P2_TL00043" HPOS="191" VPOS="3498" WIDTH="1529" HEIGHT="73">
						<String ID="P2_ST00342" HPOS="191" VPOS="3498" WIDTH="86" HEIGHT="49" CONTENT="ben" SUBS_TYPE="HypPart2" SUBS_CONTENT="demselben" WC="0.98" CC="500"/>
						<SP ID="P2_SP00299" HPOS="277" VPOS="3547" WIDTH="31"/>
						<String ID="P2_ST00343" HPOS="308" VPOS="3500" WIDTH="70" HEIGHT="47" CONTENT="ein" WC="0.97" CC="036"/>
						<SP ID="P2_SP00300" HPOS="378" VPOS="3547" WIDTH="29"/>
						<String ID="P2_ST00344" HPOS="407" VPOS="3502" WIDTH="15" HEIGHT="47" CONTENT="i" WC="1.00" CC="0"/>
						<SP ID="P2_SP00301" HPOS="422" VPOS="3549" WIDTH="30"/>
						<String ID="P2_ST00345" HPOS="452" VPOS="3502" WIDTH="253" HEIGHT="64" CONTENT="anhängte;" WC="0.99" CC="066070600"/>
						<SP ID="P2_SP00302" HPOS="705" VPOS="3566" WIDTH="45"/>
						<String ID="P2_ST00346" HPOS="750" VPOS="3503" WIDTH="91" HEIGHT="48" CONTENT="dies" WC="1.00" CC="0000"/>
						<SP ID="P2_SP00303" HPOS="841" VPOS="3566" WIDTH="31"/>
						<String ID="P2_ST00347" HPOS="872" VPOS="3504" WIDTH="80" HEIGHT="48" CONTENT="soll" WC="0.98" CC="0361"/>
						<SP ID="P2_SP00304" HPOS="952" VPOS="3566" WIDTH="26"/>
						<String ID="P2_ST00348" HPOS="978" VPOS="3504" WIDTH="165" HEIGHT="65" CONTENT="jedoch" WC="0.99" CC="200006"/>
						<SP ID="P2_SP00305" HPOS="1143" VPOS="3569" WIDTH="33"/>
						<String ID="P2_ST00349" HPOS="1176" VPOS="3513" WIDTH="92" HEIGHT="42" CONTENT="erst" WC="0.98" CC="0406"/>
						<SP ID="P2_SP00306" HPOS="1268" VPOS="3569" WIDTH="40"/>
						<String ID="P2_ST00350" HPOS="1308" VPOS="3508" WIDTH="257" HEIGHT="63" CONTENT="geschehen" WC="0.99" CC="920040705"/>
						<SP ID="P2_SP00307" HPOS="1565" VPOS="3571" WIDTH="43"/>
						<String ID="P2_ST00351" HPOS="1608" VPOS="3509" WIDTH="112" HEIGHT="57" CONTENT="sein," WC="0.99" CC="00034"/>
					</TextLine>
					<TextLine ID="P2_TL00044" HPOS="187" VPOS="3578" WIDTH="1532" HEIGHT="59">
						<String ID="P2_ST00352" HPOS="187" VPOS="3578" WIDTH="65" HEIGHT="48" CONTENT="als" WC="0.97" CC="600"/>
						<SP ID="P2_SP00308" HPOS="252" VPOS="3626" WIDTH="40"/>
						<String ID="P2_ST00353" HPOS="292" VPOS="3594" WIDTH="50" HEIGHT="32" CONTENT="er" WC="0.71" CC="05"/>
						<SP ID="P2_SP00309" HPOS="342" VPOS="3626" WIDTH="39"/>
						<String ID="P2_ST00354" HPOS="381" VPOS="3579" WIDTH="115" HEIGHT="48" CONTENT="nach" WC="0.97" CC="6005"/>
						<SP ID="P2_SP00310" HPOS="496" VPOS="3627" WIDTH="31"/>
						<String ID="P2_ST00355" HPOS="527" VPOS="3582" WIDTH="125" HEIGHT="47" CONTENT="Paris" WC="0.99" CC="00500"/>
						<SP ID="P2_SP00311" HPOS="652" VPOS="3629" WIDTH="42"/>
						<String ID="P2_ST00356" HPOS="694" VPOS="3582" WIDTH="120" HEIGHT="55" CONTENT="kam," WC="1.00" CC="0000"/>
						<SP ID="P2_SP00312" HPOS="814" VPOS="3637" WIDTH="45"/>
						<String ID="P2_ST00357" HPOS="859" VPOS="3583" WIDTH="85" HEIGHT="48" CONTENT="wie" WC="1.00" CC="000"/>
						<SP ID="P2_SP00313" HPOS="944" VPOS="3637" WIDTH="32"/>
						<String ID="P2_ST00358" HPOS="976" VPOS="3583" WIDTH="176" HEIGHT="48" CONTENT="Grimm" WC="0.99" CC="02061"/>
						<SP ID="P2_SP00314" HPOS="1152" VPOS="3637" WIDTH="45"/>
						<String ID="P2_ST00359" HPOS="1197" VPOS="3583" WIDTH="235" HEIGHT="52" CONTENT="berichtet." WC="0.99" CC="7060552013"/>
						<SP ID="P2_SP00315" HPOS="1432" VPOS="3637" WIDTH="59"/>
						<String ID="P2_ST00360" HPOS="1491" VPOS="3588" WIDTH="228" HEIGHT="48" CONTENT="Martini" WC="0.99" CC="0021064"/>
					</TextLine>
					<TextLine ID="P2_TL00045" HPOS="188" VPOS="3655" WIDTH="1532" HEIGHT="70">
						<String ID="P2_ST00361" HPOS="188" VPOS="3655" WIDTH="151" HEIGHT="48" CONTENT="besass" WC="0.79" CC="600500"/>
						<SP ID="P2_SP00316" HPOS="339" VPOS="3703" WIDTH="32"/>
						<String ID="P2_ST00362" HPOS="371" VPOS="3655" WIDTH="189" HEIGHT="59" CONTENT="damals," WC="0.98" CC="0549063"/>
						<SP ID="P2_SP00317" HPOS="560" VPOS="3714" WIDTH="41"/>
						<String ID="P2_ST00363" HPOS="601" VPOS="3658" WIDTH="83" HEIGHT="48" CONTENT="wie" WC="1.00" CC="000"/>
						<SP ID="P2_SP00318" HPOS="684" VPOS="3714" WIDTH="43"/>
						<String ID="P2_ST00364" HPOS="727" VPOS="3659" WIDTH="207" HEIGHT="50" CONTENT="derselbe" WC="0.99" CC="00400650"/>
						<SP ID="P2_SP00319" HPOS="934" VPOS="3714" WIDTH="43"/>
						<String ID="P2_ST00365" HPOS="977" VPOS="3660" WIDTH="234" HEIGHT="65" CONTENT="Biograph" WC="0.99" CC="70201007"/>
						<SP ID="P2_SP00320" HPOS="1211" VPOS="3725" WIDTH="40"/>
						<String ID="P2_ST00366" HPOS="1251" VPOS="3663" WIDTH="261" HEIGHT="57" CONTENT="versichert," WC="1.00" CC="00600040210"/>
						<SP ID="P2_SP00321" HPOS="1512" VPOS="3725" WIDTH="44"/>
						<String ID="P2_ST00367" HPOS="1556" VPOS="3664" WIDTH="42" HEIGHT="48" CONTENT="in" WC="1.00" CC="00"/>
						<SP ID="P2_SP00322" HPOS="1598" VPOS="3725" WIDTH="41"/>
						<String ID="P2_ST00368" HPOS="1639" VPOS="3664" WIDTH="81" HEIGHT="50" CONTENT="der" WC="0.98" CC="004"/>
					</TextLine>
					<TextLine ID="P2_TL00046" HPOS="187" VPOS="3734" WIDTH="1533" HEIGHT="71">
						<String ID="P2_ST00369" HPOS="187" VPOS="3734" WIDTH="198" HEIGHT="50" CONTENT="Theorie" WC="1.00" CC="0100400"/>
						<SP ID="P2_SP00323" HPOS="385" VPOS="3784" WIDTH="31"/>
						<String ID="P2_ST00370" HPOS="416" VPOS="3734" WIDTH="81" HEIGHT="50" CONTENT="der" WC="0.98" CC="004"/>
						<SP ID="P2_SP00324" HPOS="497" VPOS="3784" WIDTH="28"/>
						<String ID="P2_ST00371" HPOS="525" VPOS="3735" WIDTH="147" HEIGHT="49" CONTENT="Musik" WC="0.99" CC="06000"/>
						<SP ID="P2_SP00325" HPOS="672" VPOS="3784" WIDTH="32"/>
						<String ID="P2_ST00372" HPOS="704" VPOS="3744" WIDTH="91" HEIGHT="42" CONTENT="erst" WC="0.97" CC="6260"/>
						<SP ID="P2_SP00326" HPOS="795" VPOS="3786" WIDTH="28"/>
						<String ID="P2_ST00373" HPOS="823" VPOS="3739" WIDTH="191" HEIGHT="66" CONTENT="geringe" WC="1.00" CC="0000000"/>
						<SP ID="P2_SP00327" HPOS="1014" VPOS="3805" WIDTH="29"/>
						<String ID="P2_ST00374" HPOS="1043" VPOS="3739" WIDTH="290" HEIGHT="60" CONTENT="Kenntnisse," WC="0.99" CC="05075000003"/>
						<SP ID="P2_SP00328" HPOS="1333" VPOS="3805" WIDTH="39"/>
						<String ID="P2_ST00375" HPOS="1372" VPOS="3742" WIDTH="193" HEIGHT="49" CONTENT="studirte" WC="0.85" CC="02000530"/>
						<SP ID="P2_SP00329" HPOS="1565" VPOS="3805" WIDTH="43"/>
						<String ID="P2_ST00376" HPOS="1608" VPOS="3743" WIDTH="112" HEIGHT="49" CONTENT="aber" WC="0.99" CC="0005"/>
					</TextLine>
					<TextLine ID="P2_TL00047" HPOS="178" VPOS="3813" WIDTH="1541" HEIGHT="68">
						<String ID="P2_ST00377" HPOS="178" VPOS="3813" WIDTH="109" HEIGHT="64" CONTENT="jetzt" WC="0.98" CC="10362"/>
						<SP ID="P2_SP00330" HPOS="287" VPOS="3877" WIDTH="28"/>
						<String ID="P2_ST00378" HPOS="315" VPOS="3813" WIDTH="172" HEIGHT="64" CONTENT="eifrigst" WC="0.99" CC="00060007"/>
						<SP ID="P2_SP00331" HPOS="487" VPOS="3877" WIDTH="29"/>
						<String ID="P2_ST00379" HPOS="516" VPOS="3814" WIDTH="149" HEIGHT="65" CONTENT="einige" WC="0.99" CC="005005"/>
						<SP ID="P2_SP00332" HPOS="665" VPOS="3879" WIDTH="22"/>
						<String ID="P2_ST00380" HPOS="687" VPOS="3815" WIDTH="305" HEIGHT="66" CONTENT="Anleitungen" WC="0.99" CC="23000537004"/>
						<SP ID="P2_SP00333" HPOS="992" VPOS="3881" WIDTH="31"/>
						<String ID="P2_ST00381" HPOS="1023" VPOS="3834" WIDTH="80" HEIGHT="31" CONTENT="zur" WC="0.96" CC="045"/>
						<SP ID="P2_SP00334" HPOS="1103" VPOS="3881" WIDTH="23"/>
						<String ID="P2_ST00382" HPOS="1126" VPOS="3818" WIDTH="270" HEIGHT="58" CONTENT="Harmonie," WC="0.99" CC="300065000"/>
						<SP ID="P2_SP00335" HPOS="1396" VPOS="3881" WIDTH="29"/>
						<String ID="P2_ST00383" HPOS="1425" VPOS="3820" WIDTH="65" HEIGHT="49" CONTENT="las" WC="0.97" CC="061"/>
						<SP ID="P2_SP00336" HPOS="1490" VPOS="3881" WIDTH="23"/>
						<String ID="P2_ST00384" HPOS="1513" VPOS="3820" WIDTH="71" HEIGHT="49" CONTENT="die" WC="1.00" CC="000"/>
						<SP ID="P2_SP00337" HPOS="1584" VPOS="3881" WIDTH="24"/>
						<String ID="P2_ST00385" HPOS="1608" VPOS="3823" WIDTH="84" HEIGHT="47" CONTENT="Par" SUBS_TYPE="HypPart1" SUBS_CONTENT="Partituren" WC="0.97" CC="590"/>
						<HYP HPOS="1692" VPOS="3823" WIDTH="27" CONTENT="-"/>
					</TextLine>
					<TextLine ID="P2_TL00048" HPOS="186" VPOS="3889" WIDTH="1531" HEIGHT="67">
						<String ID="P2_ST00386" HPOS="186" VPOS="3889" WIDTH="164" HEIGHT="49" CONTENT="tituren" SUBS_TYPE="HypPart2" SUBS_CONTENT="Partituren" WC="0.99" CC="0160007"/>
						<SP ID="P2_SP00338" HPOS="350" VPOS="3938" WIDTH="31"/>
						<String ID="P2_ST00387" HPOS="381" VPOS="3891" WIDTH="229" HEIGHT="65" CONTENT="tüchtiger" WC="0.99" CC="000760004"/>
						<SP ID="P2_SP00339" HPOS="610" VPOS="3956" WIDTH="23"/>
						<String ID="P2_ST00388" HPOS="633" VPOS="3893" WIDTH="184" HEIGHT="48" CONTENT="Meister" WC="0.99" CC="0001605"/>
						<SP ID="P2_SP00340" HPOS="817" VPOS="3956" WIDTH="19"/>
						<String ID="P2_ST00389" HPOS="836" VPOS="3894" WIDTH="90" HEIGHT="48" CONTENT="und" WC="0.99" CC="030"/>
						<SP ID="P2_SP00341" HPOS="926" VPOS="3956" WIDTH="19"/>
						<String ID="P2_ST00390" HPOS="945" VPOS="3895" WIDTH="238" HEIGHT="49" CONTENT="versuchte" WC="0.99" CC="004240700"/>
						<SP ID="P2_SP00342" HPOS="1183" VPOS="3956" WIDTH="21"/>
						<String ID="P2_ST00391" HPOS="1204" VPOS="3895" WIDTH="93" HEIGHT="49" CONTENT="sich" WC="1.00" CC="0000"/>
						<SP ID="P2_SP00343" HPOS="1297" VPOS="3956" WIDTH="31"/>
						<String ID="P2_ST00392" HPOS="1328" VPOS="3897" WIDTH="142" HEIGHT="49" CONTENT="sofort" WC="1.00" CC="020300"/>
						<SP ID="P2_SP00344" HPOS="1470" VPOS="3956" WIDTH="28"/>
						<String ID="P2_ST00393" HPOS="1498" VPOS="3898" WIDTH="139" HEIGHT="49" CONTENT="selbst" WC="1.00" CC="000401"/>
						<SP ID="P2_SP00345" HPOS="1637" VPOS="3956" WIDTH="22"/>
						<String ID="P2_ST00394" HPOS="1659" VPOS="3899" WIDTH="58" HEIGHT="48" CONTENT="im" WC="1.00" CC="00"/>
					</TextLine>
					<TextLine ID="P2_TL00049" HPOS="188" VPOS="3968" WIDTH="1533" HEIGHT="75">
						<String ID="P2_ST00395" HPOS="188" VPOS="3968" WIDTH="320" HEIGHT="66" CONTENT="Componiren." WC="0.84" CC="80500300000"/>
						<SP ID="P2_SP00346" HPOS="508" VPOS="4034" WIDTH="27"/>
						<String ID="P2_ST00396" HPOS="535" VPOS="3971" WIDTH="60" HEIGHT="47" CONTENT="Es" WC="0.68" CC="60"/>
						<SP ID="P2_SP00347" HPOS="595" VPOS="4034" WIDTH="15"/>
						<String ID="P2_ST00397" HPOS="610" VPOS="3970" WIDTH="199" HEIGHT="66" CONTENT="geschah" WC="0.99" CC="0070604"/>
						<SP ID="P2_SP00348" HPOS="809" VPOS="4036" WIDTH="21"/>
						<String ID="P2_ST00398" HPOS="830" VPOS="3971" WIDTH="91" HEIGHT="50" CONTENT="dies" WC="0.99" CC="0410"/>
						<SP ID="P2_SP00349" HPOS="921" VPOS="4036" WIDTH="15"/>
						<String ID="P2_ST00399" HPOS="936" VPOS="3974" WIDTH="82" HEIGHT="48" CONTENT="mit" WC="0.95" CC="605"/>
						<SP ID="P2_SP00350" HPOS="1018" VPOS="4036" WIDTH="15"/>
						<String ID="P2_ST00400" HPOS="1033" VPOS="3991" WIDTH="48" HEIGHT="31" CONTENT="so" WC="0.66" CC="33"/>
						<SP ID="P2_SP00351" HPOS="1081" VPOS="4036" WIDTH="17"/>
						<String ID="P2_ST00401" HPOS="1098" VPOS="3974" WIDTH="302" HEIGHT="65" CONTENT="glücklichem" WC="1.00" CC="00050000503"/>
						<SP ID="P2_SP00352" HPOS="1400" VPOS="4039" WIDTH="19"/>
						<String ID="P2_ST00402" HPOS="1419" VPOS="3977" WIDTH="176" HEIGHT="66" CONTENT="Erfolg," WC="0.99" CC="0503401"/>
						<SP ID="P2_SP00353" HPOS="1595" VPOS="4043" WIDTH="25"/>
						<String ID="P2_ST00403" HPOS="1620" VPOS="3977" WIDTH="101" HEIGHT="49" CONTENT="dass" WC="0.86" CC="0500"/>
					</TextLine>
					<TextLine ID="P2_TL00050" HPOS="188" VPOS="4048" WIDTH="1532" HEIGHT="73">
						<String ID="P2_ST00404" HPOS="188" VPOS="4059" WIDTH="49" HEIGHT="32" CONTENT="er" WC="1.00" CC="00"/>
						<SP ID="P2_SP00354" HPOS="237" VPOS="4091" WIDTH="29"/>
						<String ID="P2_ST00405" HPOS="266" VPOS="4060" WIDTH="71" HEIGHT="35" CONTENT="am" WC="0.60" CC="70"/>
						<SP ID="P2_SP00355" HPOS="337" VPOS="4095" WIDTH="32"/>
						<String ID="P2_ST00406" HPOS="369" VPOS="4048" WIDTH="118" HEIGHT="48" CONTENT="Hofe" WC="0.98" CC="7000"/>
						<SP ID="P2_SP00356" HPOS="487" VPOS="4096" WIDTH="29"/>
						<String ID="P2_ST00407" HPOS="516" VPOS="4049" WIDTH="154" HEIGHT="66" CONTENT="König" WC="1.00" CC="03000"/>
						<SP ID="P2_SP00357" HPOS="670" VPOS="4115" WIDTH="42"/>
						<String ID="P2_ST00408" HPOS="712" VPOS="4049" WIDTH="264" HEIGHT="49" CONTENT="Stanislaus'" WC="0.99" CC="03650400500"/>
						<SP ID="P2_SP00358" HPOS="976" VPOS="4115" WIDTH="38"/>
						<String ID="P2_ST00409" HPOS="1014" VPOS="4068" WIDTH="85" HEIGHT="32" CONTENT="von" WC="0.99" CC="003"/>
						<SP ID="P2_SP00359" HPOS="1099" VPOS="4115" WIDTH="38"/>
						<String ID="P2_ST00410" HPOS="1137" VPOS="4053" WIDTH="157" HEIGHT="58" CONTENT="Polen," WC="1.00" CC="000030"/>
						<SP ID="P2_SP00360" HPOS="1294" VPOS="4115" WIDTH="41"/>
						<String ID="P2_ST00411" HPOS="1335" VPOS="4051" WIDTH="81" HEIGHT="51" CONTENT="der" WC="0.97" CC="007"/>
						<SP ID="P2_SP00361" HPOS="1416" VPOS="4115" WIDTH="49"/>
						<String ID="P2_ST00412" HPOS="1465" VPOS="4072" WIDTH="52" HEIGHT="30" CONTENT="zu" WC="0.76" CC="04"/>
						<SP ID="P2_SP00362" HPOS="1517" VPOS="4115" WIDTH="44"/>
						<String ID="P2_ST00413" HPOS="1561" VPOS="4055" WIDTH="159" HEIGHT="66" CONTENT="Nancy" WC="0.98" CC="00606"/>
					</TextLine>
					<TextLine ID="P2_TL00051" HPOS="187" VPOS="4123" WIDTH="1532" HEIGHT="76">
						<String ID="P2_ST00414" HPOS="187" VPOS="4123" WIDTH="221" HEIGHT="61" CONTENT="residirte," WC="0.75" CC="4205003603"/>
						<SP ID="P2_SP00363" HPOS="408" VPOS="4184" WIDTH="25"/>
						<String ID="P2_ST00415" HPOS="433" VPOS="4128" WIDTH="418" HEIGHT="49" CONTENT="Aufmerksamkeit" WC="1.00" CC="65010000008004"/>
						<SP ID="P2_SP00364" HPOS="851" VPOS="4184" WIDTH="23"/>
						<String ID="P2_ST00416" HPOS="874" VPOS="4138" WIDTH="193" HEIGHT="57" CONTENT="erregte." WC="0.99" CC="04009804"/>
						<SP ID="P2_SP00365" HPOS="1067" VPOS="4195" WIDTH="31"/>
						<String ID="P2_ST00417" HPOS="1098" VPOS="4131" WIDTH="95" HEIGHT="49" CONTENT="Der" WC="1.00" CC="000"/>
						<SP ID="P2_SP00366" HPOS="1193" VPOS="4195" WIDTH="24"/>
						<String ID="P2_ST00418" HPOS="1217" VPOS="4131" WIDTH="145" HEIGHT="67" CONTENT="junge" WC="0.96" CC="47790"/>
						<SP ID="P2_SP00367" HPOS="1362" VPOS="4198" WIDTH="32"/>
						<String ID="P2_ST00419" HPOS="1394" VPOS="4133" WIDTH="217" HEIGHT="49" CONTENT="Künstler" WC="0.99" CC="40405002"/>
						<SP ID="P2_SP00368" HPOS="1611" VPOS="4198" WIDTH="30"/>
						<String ID="P2_ST00420" HPOS="1641" VPOS="4151" WIDTH="52" HEIGHT="48" CONTENT="ge" SUBS_TYPE="HypPart1" SUBS_CONTENT="gewann" WC="0.96" CC="90"/>
						<HYP HPOS="1693" VPOS="4151" WIDTH="26" CONTENT="-"/>
					</TextLine>
				</TextBlock>
				<TextBlock ID="P2_TB00003" HPOS="1795" VPOS="307" WIDTH="1551" HEIGHT="3278" STYLEREFS="TXT_0 PAR_BLOCK">
					<TextLine ID="P2_TL00052" HPOS="1804" VPOS="318" WIDTH="1540" HEIGHT="72">
						<String ID="P2_ST00421" HPOS="1804" VPOS="334" WIDTH="133" HEIGHT="31" CONTENT="wann" SUBS_TYPE="HypPart2" SUBS_CONTENT="gewann" WC="0.96" CC="6256"/>
						<SP ID="P2_SP00369" HPOS="1937" VPOS="365" WIDTH="31"/>
						<String ID="P2_ST00422" HPOS="1968" VPOS="319" WIDTH="92" HEIGHT="47" CONTENT="sich" WC="0.98" CC="0007"/>
						<SP ID="P2_SP00370" HPOS="2060" VPOS="366" WIDTH="33"/>
						<String ID="P2_ST00423" HPOS="2093" VPOS="318" WIDTH="145" HEIGHT="49" CONTENT="durch" WC="0.98" CC="02643"/>
						<SP ID="P2_SP00371" HPOS="2238" VPOS="367" WIDTH="31"/>
						<String ID="P2_ST00424" HPOS="2269" VPOS="320" WIDTH="122" HEIGHT="48" CONTENT="seine" WC="0.99" CC="10350"/>
						<SP ID="P2_SP00372" HPOS="2391" VPOS="368" WIDTH="33"/>
						<String ID="P2_ST00425" HPOS="2424" VPOS="320" WIDTH="276" HEIGHT="65" CONTENT="Leistungen" WC="0.99" CC="4003554007"/>
						<SP ID="P2_SP00373" HPOS="2700" VPOS="385" WIDTH="46"/>
						<String ID="P2_ST00426" HPOS="2746" VPOS="323" WIDTH="92" HEIGHT="47" CONTENT="und" WC="0.98" CC="320"/>
						<SP ID="P2_SP00374" HPOS="2838" VPOS="385" WIDTH="45"/>
						<String ID="P2_ST00427" HPOS="2883" VPOS="323" WIDTH="71" HEIGHT="48" CONTENT="die" WC="0.98" CC="040"/>
						<SP ID="P2_SP00375" HPOS="2954" VPOS="385" WIDTH="40"/>
						<String ID="P2_ST00428" HPOS="2994" VPOS="328" WIDTH="350" HEIGHT="62" CONTENT="anspruchslose" WC="0.99" CC="7770000614000"/>
					</TextLine>
					<TextLine ID="P2_TL00053" HPOS="1805" VPOS="396" WIDTH="1538" HEIGHT="68">
						<String ID="P2_ST00429" HPOS="1805" VPOS="396" WIDTH="386" HEIGHT="65" CONTENT="Gutmüthigkeit," WC="0.75" CC="07600770000060"/>
						<SP ID="P2_SP00376" HPOS="2191" VPOS="461" WIDTH="31"/>
						<String ID="P2_ST00430" HPOS="2222" VPOS="398" WIDTH="71" HEIGHT="48" CONTENT="die" WC="0.99" CC="010"/>
						<SP ID="P2_SP00377" HPOS="2293" VPOS="461" WIDTH="30"/>
						<String ID="P2_ST00431" HPOS="2323" VPOS="415" WIDTH="51" HEIGHT="31" CONTENT="er" WC="1.00" CC="00"/>
						<SP ID="P2_SP00378" HPOS="2374" VPOS="461" WIDTH="29"/>
						<String ID="P2_ST00432" HPOS="2403" VPOS="414" WIDTH="80" HEIGHT="33" CONTENT="aus" WC="0.95" CC="641"/>
						<SP ID="P2_SP00379" HPOS="2483" VPOS="461" WIDTH="31"/>
						<String ID="P2_ST00433" HPOS="2514" VPOS="399" WIDTH="165" HEIGHT="47" CONTENT="Baiern" WC="0.76" CC="450004"/>
						<SP ID="P2_SP00380" HPOS="2679" VPOS="461" WIDTH="32"/>
						<String ID="P2_ST00434" HPOS="2711" VPOS="400" WIDTH="307" HEIGHT="64" CONTENT="mitgebracht" WC="0.99" CC="00402507366"/>
						<SP ID="P2_SP00381" HPOS="3018" VPOS="464" WIDTH="30"/>
						<String ID="P2_ST00435" HPOS="3048" VPOS="403" WIDTH="139" HEIGHT="58" CONTENT="hatte," WC="0.98" CC="560300"/>
						<SP ID="P2_SP00382" HPOS="3187" VPOS="464" WIDTH="33"/>
						<String ID="P2_ST00436" HPOS="3220" VPOS="407" WIDTH="93" HEIGHT="48" CONTENT="Gön" SUBS_TYPE="HypPart1" SUBS_CONTENT="Gönner" WC="0.99" CC="005"/>
						<HYP HPOS="3313" VPOS="407" WIDTH="30" CONTENT="-"/>
					</TextLine>
					<TextLine ID="P2_TL00054" HPOS="1802" VPOS="473" WIDTH="1544" HEIGHT="76">
						<String ID="P2_ST00437" HPOS="1802" VPOS="489" WIDTH="82" HEIGHT="31" CONTENT="ner" SUBS_TYPE="HypPart2" SUBS_CONTENT="Gönner" WC="0.96" CC="605"/>
						<SP ID="P2_SP00383" HPOS="1884" VPOS="520" WIDTH="24"/>
						<String ID="P2_ST00438" HPOS="1908" VPOS="473" WIDTH="90" HEIGHT="48" CONTENT="und" WC="0.97" CC="150"/>
						<SP ID="P2_SP00384" HPOS="1998" VPOS="521" WIDTH="28"/>
						<String ID="P2_ST00439" HPOS="2026" VPOS="475" WIDTH="231" HEIGHT="57" CONTENT="Freunde," WC="0.99" CC="02057003"/>
						<SP ID="P2_SP00385" HPOS="2257" VPOS="532" WIDTH="29"/>
						<String ID="P2_ST00440" HPOS="2286" VPOS="476" WIDTH="207" HEIGHT="64" CONTENT="erlangte" WC="0.99" CC="05057040"/>
						<SP ID="P2_SP00386" HPOS="2493" VPOS="540" WIDTH="23"/>
						<String ID="P2_ST00441" HPOS="2516" VPOS="493" WIDTH="101" HEIGHT="30" CONTENT="vom" WC="1.00" CC="000"/>
						<SP ID="P2_SP00387" HPOS="2617" VPOS="540" WIDTH="25"/>
						<String ID="P2_ST00442" HPOS="2642" VPOS="478" WIDTH="121" HEIGHT="47" CONTENT="Hofe" WC="0.97" CC="7500"/>
						<SP ID="P2_SP00388" HPOS="2763" VPOS="540" WIDTH="29"/>
						<String ID="P2_ST00443" HPOS="2792" VPOS="478" WIDTH="99" HEIGHT="48" CONTENT="eine" WC="0.98" CC="0170"/>
						<SP ID="P2_SP00389" HPOS="2891" VPOS="540" WIDTH="20"/>
						<String ID="P2_ST00444" HPOS="2911" VPOS="479" WIDTH="148" HEIGHT="48" CONTENT="kleine" WC="1.00" CC="000030"/>
						<SP ID="P2_SP00390" HPOS="3059" VPOS="540" WIDTH="24"/>
						<String ID="P2_ST00445" HPOS="3083" VPOS="482" WIDTH="263" HEIGHT="67" CONTENT="Besoldung" WC="1.00" CC="600000050"/>
					</TextLine>
					<TextLine ID="P2_TL00055" HPOS="1804" VPOS="549" WIDTH="1540" HEIGHT="60">
						<String ID="P2_ST00446" HPOS="1804" VPOS="549" WIDTH="91" HEIGHT="48" CONTENT="und" WC="1.00" CC="000"/>
						<SP ID="P2_SP00391" HPOS="1895" VPOS="597" WIDTH="33"/>
						<String ID="P2_ST00447" HPOS="1928" VPOS="550" WIDTH="103" HEIGHT="48" CONTENT="bald" WC="0.96" CC="6460"/>
						<SP ID="P2_SP00392" HPOS="2031" VPOS="598" WIDTH="33"/>
						<String ID="P2_ST00448" HPOS="2064" VPOS="553" WIDTH="114" HEIGHT="45" CONTENT="auch" WC="0.96" CC="6147"/>
						<SP ID="P2_SP00393" HPOS="2178" VPOS="598" WIDTH="35"/>
						<String ID="P2_ST00449" HPOS="2213" VPOS="553" WIDTH="70" HEIGHT="47" CONTENT="die" WC="1.00" CC="000"/>
						<SP ID="P2_SP00394" HPOS="2283" VPOS="600" WIDTH="33"/>
						<String ID="P2_ST00450" HPOS="2316" VPOS="553" WIDTH="135" HEIGHT="47" CONTENT="Hand" WC="0.96" CC="6660"/>
						<SP ID="P2_SP00395" HPOS="2451" VPOS="600" WIDTH="31"/>
						<String ID="P2_ST00451" HPOS="2482" VPOS="553" WIDTH="121" HEIGHT="47" CONTENT="eines" WC="0.99" CC="00120"/>
						<SP ID="P2_SP00396" HPOS="2603" VPOS="600" WIDTH="39"/>
						<String ID="P2_ST00452" HPOS="2642" VPOS="554" WIDTH="199" HEIGHT="48" CONTENT="schönen" WC="0.99" CC="0050708"/>
						<SP ID="P2_SP00397" HPOS="2841" VPOS="602" WIDTH="32"/>
						<String ID="P2_ST00453" HPOS="2873" VPOS="555" WIDTH="92" HEIGHT="47" CONTENT="und" WC="0.96" CC="550"/>
						<SP ID="P2_SP00398" HPOS="2965" VPOS="602" WIDTH="30"/>
						<String ID="P2_ST00454" HPOS="2995" VPOS="556" WIDTH="323" HEIGHT="53" CONTENT="liebenswürdi" SUBS_TYPE="HypPart1" SUBS_CONTENT="liebenswürdigen" WC="0.99" CC="320367000403"/>
						<HYP HPOS="3318" VPOS="556" WIDTH="26" CONTENT="-"/>
					</TextLine>
					<TextLine ID="P2_TL00056" HPOS="1802" VPOS="628" WIDTH="1542" HEIGHT="69">
						<String ID="P2_ST00455" HPOS="1802" VPOS="644" WIDTH="87" HEIGHT="47" CONTENT="gen" SUBS_TYPE="HypPart2" SUBS_CONTENT="liebenswürdigen" WC="0.98" CC="005"/>
						<SP ID="P2_SP00399" HPOS="1889" VPOS="691" WIDTH="32"/>
						<String ID="P2_ST00456" HPOS="1921" VPOS="628" WIDTH="249" HEIGHT="48" CONTENT="Mädchens" WC="1.00" CC="00006040"/>
						<SP ID="P2_SP00400" HPOS="2170" VPOS="691" WIDTH="29"/>
						<String ID="P2_ST00457" HPOS="2199" VPOS="629" WIDTH="128" HEIGHT="48" CONTENT="dazu." WC="0.98" CC="05640"/>
						<SP ID="P2_SP00401" HPOS="2327" VPOS="691" WIDTH="60"/>
						<String ID="P2_ST00458" HPOS="2387" VPOS="630" WIDTH="59" HEIGHT="47" CONTENT="So" WC="0.51" CC="45"/>
						<SP ID="P2_SP00402" HPOS="2446" VPOS="691" WIDTH="45"/>
						<String ID="P2_ST00459" HPOS="2491" VPOS="630" WIDTH="122" HEIGHT="48" CONTENT="halte" WC="0.98" CC="40053"/>
						<SP ID="P2_SP00403" HPOS="2613" VPOS="691" WIDTH="44"/>
						<String ID="P2_ST00460" HPOS="2657" VPOS="630" WIDTH="93" HEIGHT="48" CONTENT="sich" WC="0.97" CC="5051"/>
						<SP ID="P2_SP00404" HPOS="2750" VPOS="691" WIDTH="44"/>
						<String ID="P2_ST00461" HPOS="2794" VPOS="633" WIDTH="124" HEIGHT="47" CONTENT="seine" WC="0.99" CC="00050"/>
						<SP ID="P2_SP00405" HPOS="2918" VPOS="691" WIDTH="29"/>
						<String ID="P2_ST00462" HPOS="2947" VPOS="634" WIDTH="128" HEIGHT="63" CONTENT="Lage" WC="0.99" CC="0600"/>
						<SP ID="P2_SP00406" HPOS="3075" VPOS="697" WIDTH="29"/>
						<String ID="P2_ST00463" HPOS="3104" VPOS="635" WIDTH="45" HEIGHT="48" CONTENT="in" WC="0.97" CC="00"/>
						<SP ID="P2_SP00407" HPOS="3149" VPOS="697" WIDTH="33"/>
						<String ID="P2_ST00464" HPOS="3182" VPOS="636" WIDTH="162" HEIGHT="50" CONTENT="kurzer" WC="0.98" CC="043503"/>
					</TextLine>
					<TextLine ID="P2_TL00057" HPOS="1802" VPOS="705" WIDTH="1541" HEIGHT="71">
						<String ID="P2_ST00465" HPOS="1802" VPOS="705" WIDTH="97" HEIGHT="47" CONTENT="Zeit" WC="0.98" CC="5012"/>
						<SP ID="P2_SP00408" HPOS="1899" VPOS="752" WIDTH="29"/>
						<String ID="P2_ST00466" HPOS="1928" VPOS="706" WIDTH="242" HEIGHT="49" CONTENT="erfreulich" WC="0.99" CC="0003040056"/>
						<SP ID="P2_SP00409" HPOS="2170" VPOS="755" WIDTH="26"/>
						<String ID="P2_ST00467" HPOS="2196" VPOS="724" WIDTH="154" HEIGHT="48" CONTENT="genug" WC="0.98" CC="02640"/>
						<SP ID="P2_SP00410" HPOS="2350" VPOS="772" WIDTH="23"/>
						<String ID="P2_ST00468" HPOS="2373" VPOS="709" WIDTH="227" HEIGHT="62" CONTENT="gestaltet," WC="0.98" CC="9347367082"/>
						<SP ID="P2_SP00411" HPOS="2600" VPOS="772" WIDTH="33"/>
						<String ID="P2_ST00469" HPOS="2633" VPOS="709" WIDTH="90" HEIGHT="47" CONTENT="und" WC="0.96" CC="550"/>
						<SP ID="P2_SP00412" HPOS="2723" VPOS="772" WIDTH="32"/>
						<String ID="P2_ST00470" HPOS="2755" VPOS="727" WIDTH="48" HEIGHT="30" CONTENT="er" WC="1.00" CC="00"/>
						<SP ID="P2_SP00413" HPOS="2803" VPOS="772" WIDTH="32"/>
						<String ID="P2_ST00471" HPOS="2835" VPOS="711" WIDTH="117" HEIGHT="63" CONTENT="pries" WC="1.00" CC="03000"/>
						<SP ID="P2_SP00414" HPOS="2952" VPOS="774" WIDTH="30"/>
						<String ID="P2_ST00472" HPOS="2982" VPOS="713" WIDTH="44" HEIGHT="45" CONTENT="in" WC="0.93" CC="01"/>
						<SP ID="P2_SP00415" HPOS="3026" VPOS="774" WIDTH="30"/>
						<String ID="P2_ST00473" HPOS="3056" VPOS="714" WIDTH="287" HEIGHT="62" CONTENT="glücklichen" WC="1.00" CC="01000104700"/>
					</TextLine>
					<TextLine ID="P2_TL00058" HPOS="1801" VPOS="781" WIDTH="1541" HEIGHT="71">
						<String ID="P2_ST00474" HPOS="1801" VPOS="781" WIDTH="207" HEIGHT="50" CONTENT="Stunden" WC="0.99" CC="4208005"/>
						<SP ID="P2_SP00416" HPOS="2008" VPOS="831" WIDTH="43"/>
						<String ID="P2_ST00475" HPOS="2051" VPOS="782" WIDTH="72" HEIGHT="49" CONTENT="die" WC="1.00" CC="000"/>
						<SP ID="P2_SP00417" HPOS="2123" VPOS="831" WIDTH="45"/>
						<String ID="P2_ST00476" HPOS="2168" VPOS="784" WIDTH="310" HEIGHT="58" CONTENT="Flaumfeder," WC="1.00" CC="04070000062"/>
						<SP ID="P2_SP00418" HPOS="2478" VPOS="842" WIDTH="51"/>
						<String ID="P2_ST00477" HPOS="2529" VPOS="785" WIDTH="71" HEIGHT="48" CONTENT="die" WC="1.00" CC="000"/>
						<SP ID="P2_SP00419" HPOS="2600" VPOS="842" WIDTH="43"/>
						<String ID="P2_ST00478" HPOS="2643" VPOS="786" WIDTH="93" HEIGHT="47" CONTENT="ihm" WC="0.97" CC="070"/>
						<SP ID="P2_SP00420" HPOS="2736" VPOS="842" WIDTH="44"/>
						<String ID="P2_ST00479" HPOS="2780" VPOS="785" WIDTH="85" HEIGHT="50" CONTENT="den" WC="0.99" CC="003"/>
						<SP ID="P2_SP00421" HPOS="2865" VPOS="842" WIDTH="40"/>
						<String ID="P2_ST00480" HPOS="2905" VPOS="788" WIDTH="129" HEIGHT="64" CONTENT="Weg" WC="0.98" CC="600"/>
						<SP ID="P2_SP00422" HPOS="3034" VPOS="852" WIDTH="42"/>
						<String ID="P2_ST00481" HPOS="3076" VPOS="807" WIDTH="52" HEIGHT="30" CONTENT="zu" WC="0.52" CC="62"/>
						<SP ID="P2_SP00423" HPOS="3128" VPOS="852" WIDTH="44"/>
						<String ID="P2_ST00482" HPOS="3172" VPOS="791" WIDTH="170" HEIGHT="50" CONTENT="seinem" WC="0.99" CC="000600"/>
					</TextLine>
					<TextLine ID="P2_TL00059" HPOS="1804" VPOS="860" WIDTH="1540" HEIGHT="74">
						<String ID="P2_ST00483" HPOS="1804" VPOS="860" WIDTH="175" HEIGHT="48" CONTENT="Glücke" WC="0.99" CC="430001"/>
						<SP ID="P2_SP00424" HPOS="1979" VPOS="908" WIDTH="31"/>
						<String ID="P2_ST00484" HPOS="2010" VPOS="861" WIDTH="186" HEIGHT="64" CONTENT="gezeigt." WC="0.99" CC="00400054"/>
						<SP ID="P2_SP00425" HPOS="2196" VPOS="925" WIDTH="57"/>
						<String ID="P2_ST00485" HPOS="2253" VPOS="863" WIDTH="73" HEIGHT="48" CONTENT="Da" WC="0.73" CC="50"/>
						<SP ID="P2_SP00426" HPOS="2326" VPOS="925" WIDTH="28"/>
						<String ID="P2_ST00486" HPOS="2354" VPOS="861" WIDTH="125" HEIGHT="50" CONTENT="starb" WC="0.99" CC="05000"/>
						<SP ID="P2_SP00427" HPOS="2479" VPOS="925" WIDTH="32"/>
						<String ID="P2_ST00487" HPOS="2511" VPOS="863" WIDTH="155" HEIGHT="64" CONTENT="König" WC="0.99" CC="40500"/>
						<SP ID="P2_SP00428" HPOS="2666" VPOS="927" WIDTH="28"/>
						<String ID="P2_ST00488" HPOS="2694" VPOS="864" WIDTH="251" HEIGHT="48" CONTENT="Stanislaus" WC="0.99" CC="5546060110"/>
						<SP ID="P2_SP00429" HPOS="2945" VPOS="927" WIDTH="39"/>
						<String ID="P2_ST00489" HPOS="2984" VPOS="866" WIDTH="92" HEIGHT="47" CONTENT="und" WC="0.97" CC="070"/>
						<SP ID="P2_SP00430" HPOS="3076" VPOS="927" WIDTH="40"/>
						<String ID="P2_ST00490" HPOS="3116" VPOS="866" WIDTH="71" HEIGHT="50" CONTENT="die" WC="1.00" CC="000"/>
						<SP ID="P2_SP00431" HPOS="3187" VPOS="927" WIDTH="29"/>
						<String ID="P2_ST00491" HPOS="3216" VPOS="870" WIDTH="128" HEIGHT="64" CONTENT="Lage" WC="0.99" CC="0500"/>
					</TextLine>
					<TextLine ID="P2_TL00060" HPOS="1802" VPOS="936" WIDTH="1540" HEIGHT="67">
						<String ID="P2_ST00492" HPOS="1802" VPOS="936" WIDTH="78" HEIGHT="48" CONTENT="des" WC="1.00" CC="000"/>
						<SP ID="P2_SP00432" HPOS="1880" VPOS="984" WIDTH="23"/>
						<String ID="P2_ST00493" HPOS="1903" VPOS="937" WIDTH="176" HEIGHT="66" CONTENT="jungen" WC="0.99" CC="266000"/>
						<SP ID="P2_SP00433" HPOS="2079" VPOS="1003" WIDTH="27"/>
						<String ID="P2_ST00494" HPOS="2106" VPOS="939" WIDTH="292" HEIGHT="48" CONTENT="Ehemannes" WC="0.99" CC="060006600"/>
						<SP ID="P2_SP00434" HPOS="2398" VPOS="1003" WIDTH="23"/>
						<String ID="P2_ST00495" HPOS="2421" VPOS="940" WIDTH="159" HEIGHT="48" CONTENT="wurde" WC="0.99" CC="00500"/>
						<SP ID="P2_SP00435" HPOS="2580" VPOS="1003" WIDTH="29"/>
						<String ID="P2_ST00496" HPOS="2609" VPOS="941" WIDTH="99" HEIGHT="49" CONTENT="eine" WC="0.98" CC="3060"/>
						<SP ID="P2_SP00436" HPOS="2708" VPOS="1003" WIDTH="23"/>
						<String ID="P2_ST00497" HPOS="2731" VPOS="941" WIDTH="107" HEIGHT="49" CONTENT="sehr" WC="0.99" CC="0040"/>
						<SP ID="P2_SP00437" HPOS="2838" VPOS="1003" WIDTH="24"/>
						<String ID="P2_ST00498" HPOS="2862" VPOS="944" WIDTH="237" HEIGHT="49" CONTENT="missliche." WC="1.00" CC="0002000604"/>
						<SP ID="P2_SP00438" HPOS="3099" VPOS="1003" WIDTH="33"/>
						<String ID="P2_ST00499" HPOS="3132" VPOS="946" WIDTH="98" HEIGHT="47" CONTENT="Auf" WC="0.98" CC="040"/>
						<SP ID="P2_SP00439" HPOS="3230" VPOS="1003" WIDTH="24"/>
						<String ID="P2_ST00500" HPOS="3254" VPOS="946" WIDTH="88" HEIGHT="50" CONTENT="den" WC="1.00" CC="000"/>
					</TextLine>
					<TextLine ID="P2_TL00061" HPOS="1802" VPOS="1016" WIDTH="1541" HEIGHT="62">
						<String ID="P2_ST00501" HPOS="1802" VPOS="1016" WIDTH="120" HEIGHT="47" CONTENT="Rath" WC="0.95" CC="7563"/>
						<SP ID="P2_SP00440" HPOS="1922" VPOS="1063" WIDTH="33"/>
						<String ID="P2_ST00502" HPOS="1955" VPOS="1016" WIDTH="352" HEIGHT="48" CONTENT="einsichtsvoller" WC="1.00" CC="006000060016105"/>
						<SP ID="P2_SP00441" HPOS="2307" VPOS="1064" WIDTH="30"/>
						<String ID="P2_ST00503" HPOS="2337" VPOS="1017" WIDTH="216" HEIGHT="47" CONTENT="Freunde" WC="0.99" CC="0406600"/>
						<SP ID="P2_SP00442" HPOS="2553" VPOS="1064" WIDTH="31"/>
						<String ID="P2_ST00504" HPOS="2584" VPOS="1017" WIDTH="228" HEIGHT="50" CONTENT="beschloss" WC="0.81" CC="600060300"/>
						<SP ID="P2_SP00443" HPOS="2812" VPOS="1067" WIDTH="31"/>
						<String ID="P2_ST00505" HPOS="2843" VPOS="1036" WIDTH="66" HEIGHT="42" CONTENT="er," WC="0.97" CC="503"/>
						<SP ID="P2_SP00444" HPOS="2909" VPOS="1078" WIDTH="44"/>
						<String ID="P2_ST00506" HPOS="2953" VPOS="1021" WIDTH="76" HEIGHT="47" CONTENT="für" WC="0.98" CC="005"/>
						<SP ID="P2_SP00445" HPOS="3029" VPOS="1078" WIDTH="41"/>
						<String ID="P2_ST00507" HPOS="3070" VPOS="1023" WIDTH="122" HEIGHT="49" CONTENT="seine" WC="0.99" CC="00420"/>
						<SP ID="P2_SP00446" HPOS="3192" VPOS="1078" WIDTH="29"/>
						<String ID="P2_ST00508" HPOS="3221" VPOS="1024" WIDTH="92" HEIGHT="51" CONTENT="Thä" SUBS_TYPE="HypPart1" SUBS_CONTENT="Thätigkeit" WC="1.00" CC="000"/>
						<HYP HPOS="3313" VPOS="1024" WIDTH="30" CONTENT="-"/>
					</TextLine>
					<TextLine ID="P2_TL00062" HPOS="1804" VPOS="1092" WIDTH="1538" HEIGHT="75">
						<String ID="P2_ST00509" HPOS="1804" VPOS="1092" WIDTH="160" HEIGHT="65" CONTENT="tigkeit" SUBS_TYPE="HypPart2" SUBS_CONTENT="Thätigkeit" WC="0.81" CC="6000006"/>
						<SP ID="P2_SP00447" HPOS="1964" VPOS="1157" WIDTH="21"/>
						<String ID="P2_ST00510" HPOS="1985" VPOS="1095" WIDTH="71" HEIGHT="47" CONTENT="ein" WC="0.99" CC="003"/>
						<SP ID="P2_SP00448" HPOS="2056" VPOS="1157" WIDTH="26"/>
						<String ID="P2_ST00511" HPOS="2082" VPOS="1095" WIDTH="207" HEIGHT="48" CONTENT="weiteres" WC="1.00" CC="00000220"/>
						<SP ID="P2_SP00449" HPOS="2289" VPOS="1157" WIDTH="24"/>
						<String ID="P2_ST00512" HPOS="2313" VPOS="1094" WIDTH="111" HEIGHT="49" CONTENT="Feld" WC="0.98" CC="7000"/>
						<SP ID="P2_SP00450" HPOS="2424" VPOS="1157" WIDTH="25"/>
						<String ID="P2_ST00513" HPOS="2449" VPOS="1095" WIDTH="306" HEIGHT="49" CONTENT="aufzusuchen" WC="0.99" CC="65035000107"/>
						<SP ID="P2_SP00451" HPOS="2755" VPOS="1157" WIDTH="34"/>
						<String ID="P2_ST00514" HPOS="2789" VPOS="1097" WIDTH="89" HEIGHT="49" CONTENT="und" WC="0.92" CC="649"/>
						<SP ID="P2_SP00452" HPOS="2878" VPOS="1157" WIDTH="33"/>
						<String ID="P2_ST00515" HPOS="2911" VPOS="1099" WIDTH="115" HEIGHT="49" CONTENT="nach" WC="0.97" CC="5405"/>
						<SP ID="P2_SP00453" HPOS="3026" VPOS="1157" WIDTH="33"/>
						<String ID="P2_ST00516" HPOS="3059" VPOS="1100" WIDTH="80" HEIGHT="48" CONTENT="der" WC="0.99" CC="001"/>
						<SP ID="P2_SP00454" HPOS="3139" VPOS="1157" WIDTH="20"/>
						<String ID="P2_ST00517" HPOS="3159" VPOS="1103" WIDTH="153" HEIGHT="64" CONTENT="Haupt" SUBS_TYPE="HypPart1" SUBS_CONTENT="Hauptstadt" WC="0.99" CC="61000"/>
						<HYP HPOS="3312" VPOS="1103" WIDTH="30" CONTENT="-"/>
					</TextLine>
					<TextLine ID="P2_TL00063" HPOS="1801" VPOS="1170" WIDTH="1545" HEIGHT="75">
						<String ID="P2_ST00518" HPOS="1801" VPOS="1170" WIDTH="121" HEIGHT="49" CONTENT="stadt" SUBS_TYPE="HypPart2" SUBS_CONTENT="Hauptstadt" WC="0.99" CC="17000"/>
						<SP ID="P2_SP00455" HPOS="1922" VPOS="1219" WIDTH="29"/>
						<String ID="P2_ST00519" HPOS="1951" VPOS="1171" WIDTH="305" HEIGHT="50" CONTENT="Frankreichs" WC="0.99" CC="64060200074"/>
						<SP ID="P2_SP00456" HPOS="2256" VPOS="1221" WIDTH="29"/>
						<String ID="P2_ST00520" HPOS="2285" VPOS="1190" WIDTH="52" HEIGHT="32" CONTENT="zu" WC="0.68" CC="60"/>
						<SP ID="P2_SP00457" HPOS="2337" VPOS="1222" WIDTH="31"/>
						<String ID="P2_ST00521" HPOS="2368" VPOS="1172" WIDTH="170" HEIGHT="49" CONTENT="ziehen." WC="0.99" CC="6025024"/>
						<SP ID="P2_SP00458" HPOS="2538" VPOS="1222" WIDTH="32"/>
						<String ID="P2_ST00522" HPOS="2570" VPOS="1175" WIDTH="96" HEIGHT="47" CONTENT="Der" WC="0.98" CC="104"/>
						<SP ID="P2_SP00459" HPOS="2666" VPOS="1222" WIDTH="23"/>
						<String ID="P2_ST00523" HPOS="2689" VPOS="1175" WIDTH="272" HEIGHT="49" CONTENT="Aufenthalt" WC="0.99" CC="0500605206"/>
						<SP ID="P2_SP00460" HPOS="2961" VPOS="1224" WIDTH="28"/>
						<String ID="P2_ST00524" HPOS="2989" VPOS="1177" WIDTH="43" HEIGHT="47" CONTENT="in" WC="0.76" CC="04"/>
						<SP ID="P2_SP00461" HPOS="3032" VPOS="1224" WIDTH="23"/>
						<String ID="P2_ST00525" HPOS="3055" VPOS="1179" WIDTH="158" HEIGHT="66" CONTENT="Nancy" WC="0.98" CC="00408"/>
						<SP ID="P2_SP00462" HPOS="3213" VPOS="1245" WIDTH="35"/>
						<String ID="P2_ST00526" HPOS="3248" VPOS="1197" WIDTH="98" HEIGHT="31" CONTENT="war" WC="0.96" CC="045"/>
					</TextLine>
					<TextLine ID="P2_TL00064" HPOS="1801" VPOS="1249" WIDTH="1542" HEIGHT="69">
						<String ID="P2_ST00527" HPOS="1801" VPOS="1249" WIDTH="92" HEIGHT="47" CONTENT="ihm" WC="0.98" CC="040"/>
						<SP ID="P2_SP00463" HPOS="1893" VPOS="1296" WIDTH="33"/>
						<String ID="P2_ST00528" HPOS="1926" VPOS="1250" WIDTH="97" HEIGHT="47" CONTENT="eine" WC="0.96" CC="0268"/>
						<SP ID="P2_SP00464" HPOS="2023" VPOS="1297" WIDTH="31"/>
						<String ID="P2_ST00529" HPOS="2054" VPOS="1250" WIDTH="187" HEIGHT="48" CONTENT="vortreff" WC="0.99" CC="00050044"/>
						<SP ID="P2_SP00465" HPOS="2241" VPOS="1298" WIDTH="15"/>
						<String ID="P2_ST00530" HPOS="2256" VPOS="1251" WIDTH="82" HEIGHT="48" CONTENT="lich" WC="0.98" CC="4006"/>
						<SP ID="P2_SP00466" HPOS="2338" VPOS="1299" WIDTH="35"/>
						<String ID="P2_ST00531" HPOS="2373" VPOS="1250" WIDTH="211" HEIGHT="49" CONTENT="bildende" WC="0.99" CC="60500000"/>
						<SP ID="P2_SP00467" HPOS="2584" VPOS="1299" WIDTH="25"/>
						<String ID="P2_ST00532" HPOS="2609" VPOS="1251" WIDTH="254" HEIGHT="50" CONTENT="Vorschule" WC="0.99" CC="000005560"/>
						<SP ID="P2_SP00468" HPOS="2863" VPOS="1301" WIDTH="32"/>
						<String ID="P2_ST00533" HPOS="2895" VPOS="1254" WIDTH="76" HEIGHT="48" CONTENT="für" WC="0.96" CC="900"/>
						<SP ID="P2_SP00469" HPOS="2971" VPOS="1302" WIDTH="23"/>
						<String ID="P2_ST00534" HPOS="2994" VPOS="1259" WIDTH="209" HEIGHT="59" CONTENT="grössere" WC="1.00" CC="00050030"/>
						<SP ID="P2_SP00470" HPOS="3203" VPOS="1318" WIDTH="26"/>
						<String ID="P2_ST00535" HPOS="3229" VPOS="1257" WIDTH="86" HEIGHT="49" CONTENT="Ver" SUBS_TYPE="HypPart1" SUBS_CONTENT="Verhältnisse" WC="1.00" CC="000"/>
						<HYP HPOS="3315" VPOS="1257" WIDTH="28" CONTENT="-"/>
					</TextLine>
					<TextLine ID="P2_TL00065" HPOS="1802" VPOS="1326" WIDTH="1538" HEIGHT="72">
						<String ID="P2_ST00536" HPOS="1802" VPOS="1326" WIDTH="211" HEIGHT="50" CONTENT="hältnisse" SUBS_TYPE="HypPart2" SUBS_CONTENT="Verhältnisse" WC="0.99" CC="700570100"/>
						<SP ID="P2_SP00471" HPOS="2013" VPOS="1376" WIDTH="31"/>
						<String ID="P2_ST00537" HPOS="2044" VPOS="1344" WIDTH="230" HEIGHT="48" CONTENT="gewesen," WC="1.00" CC="00000070"/>
						<SP ID="P2_SP00472" HPOS="2274" VPOS="1392" WIDTH="45"/>
						<String ID="P2_ST00538" HPOS="2319" VPOS="1330" WIDTH="92" HEIGHT="47" CONTENT="und" WC="0.95" CC="840"/>
						<SP ID="P2_SP00473" HPOS="2411" VPOS="1392" WIDTH="32"/>
						<String ID="P2_ST00539" HPOS="2443" VPOS="1329" WIDTH="71" HEIGHT="48" CONTENT="die" WC="1.00" CC="000"/>
						<SP ID="P2_SP00474" HPOS="2514" VPOS="1392" WIDTH="43"/>
						<String ID="P2_ST00540" HPOS="2557" VPOS="1329" WIDTH="260" HEIGHT="66" CONTENT="bisherigen" WC="0.99" CC="6007040006"/>
						<SP ID="P2_SP00475" HPOS="2817" VPOS="1395" WIDTH="31"/>
						<String ID="P2_ST00541" HPOS="2848" VPOS="1332" WIDTH="189" HEIGHT="65" CONTENT="Erfolge" WC="0.99" CC="5006100"/>
						<SP ID="P2_SP00476" HPOS="3037" VPOS="1397" WIDTH="30"/>
						<String ID="P2_ST00542" HPOS="3067" VPOS="1334" WIDTH="150" HEIGHT="64" CONTENT="gaben" WC="0.99" CC="00501"/>
						<SP ID="P2_SP00477" HPOS="3217" VPOS="1398" WIDTH="31"/>
						<String ID="P2_ST00543" HPOS="3248" VPOS="1336" WIDTH="92" HEIGHT="48" CONTENT="ihm" WC="0.98" CC="050"/>
					</TextLine>
					<TextLine ID="P2_TL00066" HPOS="1801" VPOS="1405" WIDTH="683" HEIGHT="51">
						<String ID="P2_ST00544" HPOS="1801" VPOS="1405" WIDTH="79" HEIGHT="48" CONTENT="das" WC="0.98" CC="050"/>
						<SP ID="P2_SP00478" HPOS="1880" VPOS="1453" WIDTH="32"/>
						<String ID="P2_ST00545" HPOS="1912" VPOS="1406" WIDTH="171" HEIGHT="48" CONTENT="Gefühl" WC="0.99" CC="007050"/>
						<SP ID="P2_SP00479" HPOS="2083" VPOS="1454" WIDTH="31"/>
						<String ID="P2_ST00546" HPOS="2114" VPOS="1407" WIDTH="125" HEIGHT="47" CONTENT="einer" WC="0.99" CC="01502"/>
						<SP ID="P2_SP00480" HPOS="2239" VPOS="1454" WIDTH="27"/>
						<String ID="P2_ST00547" HPOS="2266" VPOS="1407" WIDTH="218" HEIGHT="49" CONTENT="Zukunft." WC="0.99" CC="05404043"/>
					</TextLine>
					<TextLine ID="P2_TL00067" HPOS="1916" VPOS="1484" WIDTH="1421" HEIGHT="69">
						<String ID="P2_ST00548" HPOS="1916" VPOS="1484" WIDTH="231" HEIGHT="48" CONTENT="Martini" WC="0.99" CC="0660000"/>
						<SP ID="P2_SP00481" HPOS="2147" VPOS="1532" WIDTH="31"/>
						<String ID="P2_ST00549" HPOS="2178" VPOS="1486" WIDTH="153" HEIGHT="64" CONTENT="langte" WC="0.99" CC="005030"/>
						<SP ID="P2_SP00482" HPOS="2331" VPOS="1550" WIDTH="28"/>
						<String ID="P2_ST00550" HPOS="2359" VPOS="1503" WIDTH="53" HEIGHT="30" CONTENT="zu" WC="0.94" CC="10"/>
						<SP ID="P2_SP00483" HPOS="2412" VPOS="1550" WIDTH="32"/>
						<String ID="P2_ST00551" HPOS="2444" VPOS="1486" WIDTH="157" HEIGHT="47" CONTENT="Paris" WC="1.00" CC="00300"/>
						<SP ID="P2_SP00484" HPOS="2601" VPOS="1550" WIDTH="30"/>
						<String ID="P2_ST00552" HPOS="2631" VPOS="1486" WIDTH="43" HEIGHT="47" CONTENT="in" WC="0.88" CC="02"/>
						<SP ID="P2_SP00485" HPOS="2674" VPOS="1550" WIDTH="25"/>
						<String ID="P2_ST00553" HPOS="2699" VPOS="1486" WIDTH="123" HEIGHT="48" CONTENT="einer" WC="0.99" CC="00600"/>
						<SP ID="P2_SP00486" HPOS="2822" VPOS="1550" WIDTH="26"/>
						<String ID="P2_ST00554" HPOS="2848" VPOS="1486" WIDTH="76" HEIGHT="50" CONTENT="für" WC="1.00" CC="000"/>
						<SP ID="P2_SP00487" HPOS="2924" VPOS="1550" WIDTH="23"/>
						<String ID="P2_ST00555" HPOS="2947" VPOS="1487" WIDTH="76" HEIGHT="50" CONTENT="ihn" WC="0.97" CC="024"/>
						<SP ID="P2_SP00488" HPOS="3023" VPOS="1550" WIDTH="25"/>
						<String ID="P2_ST00556" HPOS="3048" VPOS="1490" WIDTH="289" HEIGHT="63" CONTENT="glücklichen" WC="1.00" CC="01000000304"/>
					</TextLine>
					<TextLine ID="P2_TL00068" HPOS="1801" VPOS="1560" WIDTH="1541" HEIGHT="73">
						<String ID="P2_ST00557" HPOS="1801" VPOS="1560" WIDTH="175" HEIGHT="49" CONTENT="Stunde" WC="0.99" CC="045300"/>
						<SP ID="P2_SP00489" HPOS="1976" VPOS="1609" WIDTH="44"/>
						<String ID="P2_ST00558" HPOS="2020" VPOS="1579" WIDTH="71" HEIGHT="32" CONTENT="an." WC="0.98" CC="051"/>
						<SP ID="P2_SP00490" HPOS="2091" VPOS="1611" WIDTH="58"/>
						<String ID="P2_ST00559" HPOS="2149" VPOS="1564" WIDTH="95" HEIGHT="47" CONTENT="Der" WC="0.99" CC="003"/>
						<SP ID="P2_SP00491" HPOS="2244" VPOS="1611" WIDTH="49"/>
						<String ID="P2_ST00560" HPOS="2293" VPOS="1564" WIDTH="98" HEIGHT="48" CONTENT="Hof" WC="0.98" CC="600"/>
						<SP ID="P2_SP00492" HPOS="2391" VPOS="1612" WIDTH="31"/>
						<String ID="P2_ST00561" HPOS="2422" VPOS="1564" WIDTH="236" HEIGHT="48" CONTENT="wünschte" WC="0.99" CC="00300640"/>
						<SP ID="P2_SP00493" HPOS="2658" VPOS="1612" WIDTH="45"/>
						<String ID="P2_ST00562" HPOS="2703" VPOS="1565" WIDTH="76" HEIGHT="47" CONTENT="für" WC="1.00" CC="000"/>
						<SP ID="P2_SP00494" HPOS="2779" VPOS="1612" WIDTH="43"/>
						<String ID="P2_ST00563" HPOS="2822" VPOS="1564" WIDTH="71" HEIGHT="49" CONTENT="die" WC="0.99" CC="020"/>
						<SP ID="P2_SP00495" HPOS="2893" VPOS="1613" WIDTH="42"/>
						<String ID="P2_ST00564" HPOS="2935" VPOS="1566" WIDTH="407" HEIGHT="67" CONTENT="Schweizergarde" WC="1.00" CC="00593050003000"/>
					</TextLine>
					<TextLine ID="P2_TL00069" HPOS="1800" VPOS="1638" WIDTH="1542" HEIGHT="72">
						<String ID="P2_ST00565" HPOS="1800" VPOS="1638" WIDTH="131" HEIGHT="49" CONTENT="einen" WC="1.00" CC="00200"/>
						<SP ID="P2_SP00496" HPOS="1931" VPOS="1687" WIDTH="32"/>
						<String ID="P2_ST00566" HPOS="1963" VPOS="1655" WIDTH="148" HEIGHT="33" CONTENT="neuen" WC="0.98" CC="63700"/>
						<SP ID="P2_SP00497" HPOS="2111" VPOS="1688" WIDTH="29"/>
						<String ID="P2_ST00567" HPOS="2140" VPOS="1640" WIDTH="183" HEIGHT="48" CONTENT="Marsch" WC="0.98" CC="030907"/>
						<SP ID="P2_SP00498" HPOS="2323" VPOS="1688" WIDTH="47"/>
						<String ID="P2_ST00568" HPOS="2370" VPOS="1640" WIDTH="90" HEIGHT="49" CONTENT="und" WC="0.97" CC="620"/>
						<SP ID="P2_SP00499" HPOS="2460" VPOS="1689" WIDTH="41"/>
						<String ID="P2_ST00569" HPOS="2501" VPOS="1640" WIDTH="124" HEIGHT="49" CONTENT="hatte" WC="0.98" CC="60560"/>
						<SP ID="P2_SP00500" HPOS="2625" VPOS="1689" WIDTH="31"/>
						<String ID="P2_ST00570" HPOS="2656" VPOS="1641" WIDTH="129" HEIGHT="48" CONTENT="einen" WC="0.99" CC="00404"/>
						<SP ID="P2_SP00501" HPOS="2785" VPOS="1689" WIDTH="33"/>
						<String ID="P2_ST00571" HPOS="2818" VPOS="1642" WIDTH="125" HEIGHT="49" CONTENT="Preis" WC="1.00" CC="00030"/>
						<SP ID="P2_SP00502" HPOS="2943" VPOS="1691" WIDTH="32"/>
						<String ID="P2_ST00572" HPOS="2975" VPOS="1645" WIDTH="81" HEIGHT="47" CONTENT="auf" WC="1.00" CC="000"/>
						<SP ID="P2_SP00503" HPOS="3056" VPOS="1692" WIDTH="24"/>
						<String ID="P2_ST00573" HPOS="3080" VPOS="1645" WIDTH="73" HEIGHT="48" CONTENT="die" WC="0.99" CC="001"/>
						<SP ID="P2_SP00504" HPOS="3153" VPOS="1693" WIDTH="29"/>
						<String ID="P2_ST00574" HPOS="3182" VPOS="1647" WIDTH="134" HEIGHT="63" CONTENT="gelun" SUBS_TYPE="HypPart1" SUBS_CONTENT="gelungenste" WC="0.98" CC="00076"/>
						<HYP HPOS="3316" VPOS="1647" WIDTH="26" CONTENT="-"/>
					</TextLine>
					<TextLine ID="P2_TL00070" HPOS="1799" VPOS="1717" WIDTH="1545" HEIGHT="70">
						<String ID="P2_ST00575" HPOS="1799" VPOS="1725" WIDTH="158" HEIGHT="56" CONTENT="genste" SUBS_TYPE="HypPart2" SUBS_CONTENT="gelungenste" WC="0.99" CC="900030"/>
						<SP ID="P2_SP00505" HPOS="1957" VPOS="1781" WIDTH="32"/>
						<String ID="P2_ST00576" HPOS="1989" VPOS="1717" WIDTH="311" HEIGHT="66" CONTENT="Composition" WC="0.66" CC="72503406105"/>
						<SP ID="P2_SP00506" HPOS="2300" VPOS="1783" WIDTH="31"/>
						<String ID="P2_ST00577" HPOS="2331" VPOS="1727" WIDTH="181" HEIGHT="58" CONTENT="gesetzt." WC="0.99" CC="00256450"/>
						<SP ID="P2_SP00507" HPOS="2512" VPOS="1785" WIDTH="49"/>
						<String ID="P2_ST00578" HPOS="2561" VPOS="1721" WIDTH="96" HEIGHT="47" CONTENT="Der" WC="0.98" CC="600"/>
						<SP ID="P2_SP00508" HPOS="2657" VPOS="1785" WIDTH="22"/>
						<String ID="P2_ST00579" HPOS="2679" VPOS="1721" WIDTH="146" HEIGHT="64" CONTENT="junge" WC="0.97" CC="05692"/>
						<SP ID="P2_SP00509" HPOS="2825" VPOS="1785" WIDTH="32"/>
						<String ID="P2_ST00580" HPOS="2857" VPOS="1721" WIDTH="269" HEIGHT="66" CONTENT="Componist" WC="0.71" CC="700067040"/>
						<SP ID="P2_SP00510" HPOS="3126" VPOS="1787" WIDTH="28"/>
						<String ID="P2_ST00581" HPOS="3154" VPOS="1725" WIDTH="190" HEIGHT="49" CONTENT="mischte" WC="0.99" CC="9006200"/>
					</TextLine>
					<TextLine ID="P2_TL00071" HPOS="1799" VPOS="1795" WIDTH="1545" HEIGHT="59">
						<String ID="P2_ST00582" HPOS="1799" VPOS="1795" WIDTH="91" HEIGHT="47" CONTENT="sich" WC="0.99" CC="0005"/>
						<SP ID="P2_SP00511" HPOS="1890" VPOS="1842" WIDTH="33"/>
						<String ID="P2_ST00583" HPOS="1923" VPOS="1802" WIDTH="133" HEIGHT="42" CONTENT="unter" WC="0.97" CC="07506"/>
						<SP ID="P2_SP00512" HPOS="2056" VPOS="1844" WIDTH="30"/>
						<String ID="P2_ST00584" HPOS="2086" VPOS="1796" WIDTH="72" HEIGHT="48" CONTENT="die" WC="1.00" CC="000"/>
						<SP ID="P2_SP00513" HPOS="2158" VPOS="1844" WIDTH="29"/>
						<String ID="P2_ST00585" HPOS="2187" VPOS="1797" WIDTH="270" HEIGHT="57" CONTENT="Bewerber," WC="0.99" CC="700054143"/>
						<SP ID="P2_SP00514" HPOS="2457" VPOS="1854" WIDTH="44"/>
						<String ID="P2_ST00586" HPOS="2501" VPOS="1796" WIDTH="90" HEIGHT="48" CONTENT="und" WC="0.97" CC="250"/>
						<SP ID="P2_SP00515" HPOS="2591" VPOS="1854" WIDTH="45"/>
						<String ID="P2_ST00587" HPOS="2636" VPOS="1798" WIDTH="62" HEIGHT="47" CONTENT="als" WC="0.94" CC="735"/>
						<SP ID="P2_SP00516" HPOS="2698" VPOS="1854" WIDTH="40"/>
						<String ID="P2_ST00588" HPOS="2738" VPOS="1798" WIDTH="93" HEIGHT="49" CONTENT="sein" WC="0.98" CC="0007"/>
						<SP ID="P2_SP00517" HPOS="2831" VPOS="1854" WIDTH="36"/>
						<String ID="P2_ST00589" HPOS="2867" VPOS="1800" WIDTH="148" HEIGHT="48" CONTENT="Werk" WC="0.99" CC="0030"/>
						<SP ID="P2_SP00518" HPOS="3015" VPOS="1854" WIDTH="32"/>
						<String ID="P2_ST00590" HPOS="3047" VPOS="1801" WIDTH="59" HEIGHT="48" CONTENT="im" WC="1.00" CC="00"/>
						<SP ID="P2_SP00519" HPOS="3106" VPOS="1854" WIDTH="33"/>
						<String ID="P2_ST00591" HPOS="3139" VPOS="1802" WIDTH="180" HEIGHT="49" CONTENT="Schloss" SUBS_TYPE="HypPart1" SUBS_CONTENT="Schlosshofe" WC="1.00" CC="5000310"/>
						<HYP HPOS="3319" VPOS="1802" WIDTH="25" CONTENT="-"/>
					</TextLine>
					<TextLine ID="P2_TL00072" HPOS="1801" VPOS="1873" WIDTH="1542" HEIGHT="70">
						<String ID="P2_ST00592" HPOS="1801" VPOS="1873" WIDTH="103" HEIGHT="49" CONTENT="hofe" SUBS_TYPE="HypPart2" SUBS_CONTENT="Schlosshofe" WC="0.97" CC="5302"/>
						<SP ID="P2_SP00520" HPOS="1904" VPOS="1922" WIDTH="33"/>
						<String ID="P2_ST00593" HPOS="1937" VPOS="1890" WIDTH="81" HEIGHT="32" CONTENT="von" WC="0.95" CC="407"/>
						<SP ID="P2_SP00521" HPOS="2018" VPOS="1922" WIDTH="33"/>
						<String ID="P2_ST00594" HPOS="2051" VPOS="1875" WIDTH="243" HEIGHT="49" CONTENT="Versailles" WC="1.00" CC="0030103000"/>
						<SP ID="P2_SP00522" HPOS="2294" VPOS="1924" WIDTH="29"/>
						<String ID="P2_ST00595" HPOS="2323" VPOS="1894" WIDTH="101" HEIGHT="30" CONTENT="zum" WC="0.95" CC="650"/>
						<SP ID="P2_SP00523" HPOS="2424" VPOS="1924" WIDTH="33"/>
						<String ID="P2_ST00596" HPOS="2457" VPOS="1884" WIDTH="148" HEIGHT="40" CONTENT="ersten" WC="0.99" CC="002503"/>
						<SP ID="P2_SP00524" HPOS="2605" VPOS="1924" WIDTH="32"/>
						<String ID="P2_ST00597" HPOS="2637" VPOS="1877" WIDTH="121" HEIGHT="48" CONTENT="Male" WC="0.99" CC="0040"/>
						<SP ID="P2_SP00525" HPOS="2758" VPOS="1925" WIDTH="35"/>
						<String ID="P2_ST00598" HPOS="2793" VPOS="1879" WIDTH="192" HEIGHT="64" CONTENT="gespielt" WC="0.99" CC="90200010"/>
						<SP ID="P2_SP00526" HPOS="2985" VPOS="1943" WIDTH="29"/>
						<String ID="P2_ST00599" HPOS="3014" VPOS="1880" WIDTH="178" HEIGHT="58" CONTENT="wurde," WC="0.99" CC="820002"/>
						<SP ID="P2_SP00527" HPOS="3192" VPOS="1943" WIDTH="46"/>
						<String ID="P2_ST00600" HPOS="3238" VPOS="1881" WIDTH="105" HEIGHT="50" CONTENT="fand" WC="0.99" CC="0030"/>
					</TextLine>
					<TextLine ID="P2_TL00073" HPOS="1800" VPOS="1952" WIDTH="1543" HEIGHT="66">
						<String ID="P2_ST00601" HPOS="1800" VPOS="1967" WIDTH="46" HEIGHT="33" CONTENT="es" WC="1.00" CC="00"/>
						<SP ID="P2_SP00528" HPOS="1846" VPOS="2000" WIDTH="29"/>
						<String ID="P2_ST00602" HPOS="1875" VPOS="1952" WIDTH="184" HEIGHT="48" CONTENT="solchen" WC="0.99" CC="0403403"/>
						<SP ID="P2_SP00529" HPOS="2059" VPOS="2000" WIDTH="34"/>
						<String ID="P2_ST00603" HPOS="2093" VPOS="1953" WIDTH="173" HEIGHT="59" CONTENT="Beifall," WC="0.99" CC="70204000"/>
						<SP ID="P2_SP00530" HPOS="2266" VPOS="2012" WIDTH="44"/>
						<String ID="P2_ST00604" HPOS="2310" VPOS="1953" WIDTH="102" HEIGHT="50" CONTENT="dass" WC="0.86" CC="0500"/>
						<SP ID="P2_SP00531" HPOS="2412" VPOS="2012" WIDTH="42"/>
						<String ID="P2_ST00605" HPOS="2454" VPOS="1953" WIDTH="83" HEIGHT="49" CONTENT="der" WC="0.96" CC="009"/>
						<SP ID="P2_SP00532" HPOS="2537" VPOS="2012" WIDTH="29"/>
						<String ID="P2_ST00606" HPOS="2566" VPOS="1955" WIDTH="184" HEIGHT="63" CONTENT="Herzog" WC="1.00" CC="200000"/>
						<SP ID="P2_SP00533" HPOS="2750" VPOS="2018" WIDTH="35"/>
						<String ID="P2_ST00607" HPOS="2785" VPOS="1971" WIDTH="87" HEIGHT="33" CONTENT="von" WC="0.96" CC="026"/>
						<SP ID="P2_SP00534" HPOS="2872" VPOS="2018" WIDTH="44"/>
						<String ID="P2_ST00608" HPOS="2916" VPOS="1956" WIDTH="304" HEIGHT="60" CONTENT="Choiseul," WC="0.75" CC="661000223"/>
						<SP ID="P2_SP00535" HPOS="3220" VPOS="2018" WIDTH="43"/>
						<String ID="P2_ST00609" HPOS="3263" VPOS="1960" WIDTH="54" HEIGHT="49" CONTENT="da" SUBS_TYPE="HypPart1" SUBS_CONTENT="damals" WC="0.98" CC="03"/>
						<HYP HPOS="3317" VPOS="1960" WIDTH="26" CONTENT="-"/>
					</TextLine>
					<TextLine ID="P2_TL00074" HPOS="1800" VPOS="2030" WIDTH="1544" HEIGHT="71">
						<String ID="P2_ST00610" HPOS="1800" VPOS="2030" WIDTH="114" HEIGHT="48" CONTENT="mals" SUBS_TYPE="HypPart2" SUBS_CONTENT="damals" WC="0.97" CC="9600"/>
						<SP ID="P2_SP00536" HPOS="1914" VPOS="2078" WIDTH="26"/>
						<String ID="P2_ST00611" HPOS="1940" VPOS="2030" WIDTH="398" HEIGHT="50" CONTENT="General-Oberst" WC="0.99" CC="00800541560405"/>
						<SP ID="P2_SP00537" HPOS="2338" VPOS="2080" WIDTH="30"/>
						<String ID="P2_ST00612" HPOS="2368" VPOS="2032" WIDTH="81" HEIGHT="48" CONTENT="der" WC="0.98" CC="005"/>
						<SP ID="P2_SP00538" HPOS="2449" VPOS="2080" WIDTH="23"/>
						<String ID="P2_ST00613" HPOS="2472" VPOS="2031" WIDTH="274" HEIGHT="60" CONTENT="Schweizer," WC="0.99" CC="4060005032"/>
						<SP ID="P2_SP00539" HPOS="2746" VPOS="2091" WIDTH="31"/>
						<String ID="P2_ST00614" HPOS="2777" VPOS="2033" WIDTH="91" HEIGHT="47" CONTENT="sich" WC="0.99" CC="0006"/>
						<SP ID="P2_SP00540" HPOS="2868" VPOS="2091" WIDTH="33"/>
						<String ID="P2_ST00615" HPOS="2901" VPOS="2033" WIDTH="86" HEIGHT="50" CONTENT="den" WC="1.00" CC="000"/>
						<SP ID="P2_SP00541" HPOS="2987" VPOS="2091" WIDTH="25"/>
						<String ID="P2_ST00616" HPOS="3012" VPOS="2036" WIDTH="176" HEIGHT="65" CONTENT="jungen" WC="0.98" CC="266002"/>
						<SP ID="P2_SP00542" HPOS="3188" VPOS="2101" WIDTH="24"/>
						<String ID="P2_ST00617" HPOS="3212" VPOS="2036" WIDTH="106" HEIGHT="50" CONTENT="deut" SUBS_TYPE="HypPart1" SUBS_CONTENT="deutschen" WC="0.99" CC="0151"/>
						<HYP HPOS="3318" VPOS="2036" WIDTH="26" CONTENT="-"/>
					</TextLine>
					<TextLine ID="P2_TL00075" HPOS="1799" VPOS="2108" WIDTH="1544" HEIGHT="65">
						<String ID="P2_ST00618" HPOS="1799" VPOS="2108" WIDTH="137" HEIGHT="49" CONTENT="schen" SUBS_TYPE="HypPart2" SUBS_CONTENT="deutschen" WC="0.98" CC="00622"/>
						<SP ID="P2_SP00543" HPOS="1936" VPOS="2157" WIDTH="27"/>
						<String ID="P2_ST00619" HPOS="1963" VPOS="2108" WIDTH="323" HEIGHT="65" CONTENT="Componisten" WC="0.79" CC="82000000037"/>
						<SP ID="P2_SP00544" HPOS="2286" VPOS="2173" WIDTH="26"/>
						<String ID="P2_ST00620" HPOS="2312" VPOS="2111" WIDTH="239" HEIGHT="47" CONTENT="vorstellen" WC="0.99" CC="0006405206"/>
						<SP ID="P2_SP00545" HPOS="2551" VPOS="2173" WIDTH="25"/>
						<String ID="P2_ST00621" HPOS="2576" VPOS="2111" WIDTH="100" HEIGHT="47" CONTENT="liess" WC="0.87" CC="40010"/>
						<SP ID="P2_SP00546" HPOS="2676" VPOS="2173" WIDTH="27"/>
						<String ID="P2_ST00622" HPOS="2703" VPOS="2111" WIDTH="93" HEIGHT="48" CONTENT="und" WC="0.96" CC="460"/>
						<SP ID="P2_SP00547" HPOS="2796" VPOS="2173" WIDTH="24"/>
						<String ID="P2_ST00623" HPOS="2820" VPOS="2112" WIDTH="90" HEIGHT="48" CONTENT="ihm" WC="0.97" CC="034"/>
						<SP ID="P2_SP00548" HPOS="2910" VPOS="2173" WIDTH="25"/>
						<String ID="P2_ST00624" HPOS="2935" VPOS="2113" WIDTH="124" HEIGHT="49" CONTENT="seine" WC="0.99" CC="22050"/>
						<SP ID="P2_SP00549" HPOS="3059" VPOS="2173" WIDTH="25"/>
						<String ID="P2_ST00625" HPOS="3084" VPOS="2116" WIDTH="259" HEIGHT="48" CONTENT="Protection" WC="1.00" CC="0400106030"/>
					</TextLine>
					<TextLine ID="P2_TL00076" HPOS="1799" VPOS="2186" WIDTH="1544" HEIGHT="72">
						<String ID="P2_ST00626" HPOS="1799" VPOS="2186" WIDTH="265" HEIGHT="48" CONTENT="zusicherte." WC="1.00" CC="60000600501"/>
						<SP ID="P2_SP00550" HPOS="2064" VPOS="2234" WIDTH="32"/>
						<String ID="P2_ST00627" HPOS="2096" VPOS="2188" WIDTH="95" HEIGHT="47" CONTENT="Der" WC="0.98" CC="600"/>
						<SP ID="P2_SP00551" HPOS="2191" VPOS="2235" WIDTH="26"/>
						<String ID="P2_ST00628" HPOS="2217" VPOS="2187" WIDTH="158" HEIGHT="48" CONTENT="Grund" WC="0.99" CC="05030"/>
						<SP ID="P2_SP00552" HPOS="2375" VPOS="2235" WIDTH="26"/>
						<String ID="P2_ST00629" HPOS="2401" VPOS="2206" WIDTH="52" HEIGHT="31" CONTENT="zu" WC="0.47" CC="63"/>
						<SP ID="P2_SP00553" HPOS="2453" VPOS="2237" WIDTH="26"/>
						<String ID="P2_ST00630" HPOS="2479" VPOS="2188" WIDTH="169" HEIGHT="49" CONTENT="seinem" WC="0.99" CC="000604"/>
						<SP ID="P2_SP00554" HPOS="2648" VPOS="2237" WIDTH="30"/>
						<String ID="P2_ST00631" HPOS="2678" VPOS="2188" WIDTH="176" HEIGHT="50" CONTENT="Glücke" WC="1.00" CC="030000"/>
						<SP ID="P2_SP00555" HPOS="2854" VPOS="2238" WIDTH="31"/>
						<String ID="P2_ST00632" HPOS="2885" VPOS="2206" WIDTH="97" HEIGHT="33" CONTENT="war" WC="1.00" CC="000"/>
						<SP ID="P2_SP00556" HPOS="2982" VPOS="2239" WIDTH="28"/>
						<String ID="P2_ST00633" HPOS="3010" VPOS="2192" WIDTH="135" HEIGHT="48" CONTENT="somit" WC="0.99" CC="21004"/>
						<SP ID="P2_SP00557" HPOS="3145" VPOS="2240" WIDTH="29"/>
						<String ID="P2_ST00634" HPOS="3174" VPOS="2193" WIDTH="169" HEIGHT="65" CONTENT="gelegt," WC="0.99" CC="0610060"/>
					</TextLine>
					<TextLine ID="P2_TL00077" HPOS="1801" VPOS="2263" WIDTH="1542" HEIGHT="61">
						<String ID="P2_ST00635" HPOS="1801" VPOS="2263" WIDTH="92" HEIGHT="49" CONTENT="und" WC="0.98" CC="600"/>
						<SP ID="P2_SP00558" HPOS="1893" VPOS="2312" WIDTH="31"/>
						<String ID="P2_ST00636" HPOS="1924" VPOS="2280" WIDTH="46" HEIGHT="32" CONTENT="es" WC="0.83" CC="03"/>
						<SP ID="P2_SP00559" HPOS="1970" VPOS="2312" WIDTH="32"/>
						<String ID="P2_ST00637" HPOS="2002" VPOS="2281" WIDTH="96" HEIGHT="32" CONTENT="war" WC="0.97" CC="090"/>
						<SP ID="P2_SP00560" HPOS="2098" VPOS="2313" WIDTH="28"/>
						<String ID="P2_ST00638" HPOS="2126" VPOS="2282" WIDTH="88" HEIGHT="31" CONTENT="nur" WC="1.00" CC="000"/>
						<SP ID="P2_SP00561" HPOS="2214" VPOS="2313" WIDTH="28"/>
						<String ID="P2_ST00639" HPOS="2242" VPOS="2267" WIDTH="122" HEIGHT="47" CONTENT="seine" WC="1.00" CC="00030"/>
						<SP ID="P2_SP00562" HPOS="2364" VPOS="2314" WIDTH="25"/>
						<String ID="P2_ST00640" HPOS="2389" VPOS="2266" WIDTH="164" HEIGHT="58" CONTENT="Sache," WC="0.99" CC="500700"/>
						<SP ID="P2_SP00563" HPOS="2553" VPOS="2324" WIDTH="29"/>
						<String ID="P2_ST00641" HPOS="2582" VPOS="2267" WIDTH="90" HEIGHT="48" CONTENT="sich" WC="0.99" CC="0006"/>
						<SP ID="P2_SP00564" HPOS="2672" VPOS="2324" WIDTH="35"/>
						<String ID="P2_ST00642" HPOS="2707" VPOS="2267" WIDTH="120" HEIGHT="48" CONTENT="diese" WC="1.00" CC="00010"/>
						<SP ID="P2_SP00565" HPOS="2827" VPOS="2324" WIDTH="26"/>
						<String ID="P2_ST00643" HPOS="2853" VPOS="2267" WIDTH="120" HEIGHT="50" CONTENT="hohe" WC="0.98" CC="3150"/>
						<SP ID="P2_SP00566" HPOS="2973" VPOS="2324" WIDTH="25"/>
						<String ID="P2_ST00644" HPOS="2998" VPOS="2270" WIDTH="260" HEIGHT="49" CONTENT="Protection" WC="1.00" CC="0626000000"/>
						<SP ID="P2_SP00567" HPOS="3258" VPOS="2324" WIDTH="32"/>
						<String ID="P2_ST00645" HPOS="3290" VPOS="2289" WIDTH="53" HEIGHT="31" CONTENT="zu" WC="0.57" CC="62"/>
					</TextLine>
					<TextLine ID="P2_TL00078" HPOS="1800" VPOS="2341" WIDTH="1543" HEIGHT="57">
						<String ID="P2_ST00646" HPOS="1800" VPOS="2341" WIDTH="223" HEIGHT="48" CONTENT="erhalten." WC="0.99" CC="206613011"/>
						<SP ID="P2_SP00568" HPOS="2023" VPOS="2389" WIDTH="31"/>
						<String ID="P2_ST00647" HPOS="2054" VPOS="2343" WIDTH="147" HEIGHT="47" CONTENT="Unser" WC="0.99" CC="00006"/>
						<SP ID="P2_SP00569" HPOS="2201" VPOS="2390" WIDTH="23"/>
						<String ID="P2_ST00648" HPOS="2224" VPOS="2343" WIDTH="295" HEIGHT="49" CONTENT="Landsmann" WC="0.99" CC="007000570"/>
						<SP ID="P2_SP00570" HPOS="2519" VPOS="2392" WIDTH="25"/>
						<String ID="P2_ST00649" HPOS="2544" VPOS="2345" WIDTH="184" HEIGHT="48" CONTENT="erwarb" WC="0.98" CC="040605"/>
						<SP ID="P2_SP00571" HPOS="2728" VPOS="2393" WIDTH="23"/>
						<String ID="P2_ST00650" HPOS="2751" VPOS="2345" WIDTH="92" HEIGHT="48" CONTENT="sich" WC="1.00" CC="1000"/>
						<SP ID="P2_SP00572" HPOS="2843" VPOS="2393" WIDTH="26"/>
						<String ID="P2_ST00651" HPOS="2869" VPOS="2346" WIDTH="123" HEIGHT="48" CONTENT="nicht" WC="0.97" CC="60276"/>
						<SP ID="P2_SP00573" HPOS="2992" VPOS="2394" WIDTH="22"/>
						<String ID="P2_ST00652" HPOS="3014" VPOS="2348" WIDTH="329" HEIGHT="50" CONTENT="unerhebliche" WC="1.00" CC="470071100000"/>
					</TextLine>
					<TextLine ID="P2_TL00079" HPOS="1801" VPOS="2420" WIDTH="1541" HEIGHT="63">
						<String ID="P2_ST00653" HPOS="1801" VPOS="2420" WIDTH="272" HEIGHT="49" CONTENT="Verdienste" WC="0.99" CC="0020107064"/>
						<SP ID="P2_SP00574" HPOS="2073" VPOS="2469" WIDTH="44"/>
						<String ID="P2_ST00654" HPOS="2117" VPOS="2439" WIDTH="74" HEIGHT="30" CONTENT="um" WC="0.43" CC="55"/>
						<SP ID="P2_SP00575" HPOS="2191" VPOS="2469" WIDTH="47"/>
						<String ID="P2_ST00655" HPOS="2238" VPOS="2422" WIDTH="71" HEIGHT="48" CONTENT="die" WC="1.00" CC="000"/>
						<SP ID="P2_SP00576" HPOS="2309" VPOS="2470" WIDTH="42"/>
						<String ID="P2_ST00656" HPOS="2351" VPOS="2423" WIDTH="413" HEIGHT="49" CONTENT="Militärmusik" WC="1.00" CC="001009303200"/>
						<SP ID="P2_SP00577" HPOS="2764" VPOS="2472" WIDTH="47"/>
						<String ID="P2_ST00657" HPOS="2811" VPOS="2425" WIDTH="41" HEIGHT="47" CONTENT="in" WC="0.76" CC="04"/>
						<SP ID="P2_SP00578" HPOS="2852" VPOS="2472" WIDTH="45"/>
						<String ID="P2_ST00658" HPOS="2897" VPOS="2426" WIDTH="301" HEIGHT="57" CONTENT="Frankreich," WC="1.00" CC="50300601001"/>
						<SP ID="P2_SP00579" HPOS="3198" VPOS="2483" WIDTH="59"/>
						<String ID="P2_ST00659" HPOS="3257" VPOS="2428" WIDTH="85" HEIGHT="49" CONTENT="wie" WC="0.97" CC="800"/>
					</TextLine>
					<TextLine ID="P2_TL00080" HPOS="1802" VPOS="2498" WIDTH="1541" HEIGHT="73">
						<String ID="P2_ST00660" HPOS="1802" VPOS="2498" WIDTH="183" HEIGHT="49" CONTENT="Choron" WC="0.75" CC="520007"/>
						<SP ID="P2_SP00580" HPOS="1985" VPOS="2547" WIDTH="32"/>
						<String ID="P2_ST00661" HPOS="2017" VPOS="2500" WIDTH="258" HEIGHT="48" CONTENT="versichert." WC="1.00" CC="00300540041"/>
						<SP ID="P2_SP00581" HPOS="2275" VPOS="2548" WIDTH="42"/>
						<String ID="P2_ST00662" HPOS="2317" VPOS="2501" WIDTH="93" HEIGHT="54" CONTENT="„Er" WC="0.95" CC="336"/>
						<SP ID="P2_SP00582" HPOS="2410" VPOS="2555" WIDTH="22"/>
						<String ID="P2_ST00663" HPOS="2432" VPOS="2507" WIDTH="153" HEIGHT="50" CONTENT='war",' WC="0.97" CC="56072"/>
						<SP ID="P2_SP00583" HPOS="2585" VPOS="2557" WIDTH="30"/>
						<String ID="P2_ST00664" HPOS="2615" VPOS="2508" WIDTH="102" HEIGHT="56" CONTENT="sagt" WC="0.97" CC="0605"/>
						<SP ID="P2_SP00584" HPOS="2717" VPOS="2564" WIDTH="23"/>
						<String ID="P2_ST00665" HPOS="2740" VPOS="2501" WIDTH="146" HEIGHT="48" CONTENT="dieser" WC="1.00" CC="001005"/>
						<SP ID="P2_SP00585" HPOS="2886" VPOS="2564" WIDTH="24"/>
						<String ID="P2_ST00666" HPOS="2910" VPOS="2503" WIDTH="326" HEIGHT="68" CONTENT="Lexikograph" WC="0.99" CC="50000096696"/>
						<SP ID="P2_SP00586" HPOS="3236" VPOS="2571" WIDTH="26"/>
						<String ID="P2_ST00667" HPOS="3262" VPOS="2505" WIDTH="81" HEIGHT="49" CONTENT="der" WC="0.98" CC="005"/>
					</TextLine>
					<TextLine ID="P2_TL00081" HPOS="1799" VPOS="2576" WIDTH="1544" HEIGHT="73">
						<String ID="P2_ST00668" HPOS="1799" VPOS="2576" WIDTH="219" HEIGHT="58" CONTENT="Musiker," WC="0.99" CC="05700040"/>
						<SP ID="P2_SP00587" HPOS="2018" VPOS="2634" WIDTH="52"/>
						<String ID="P2_ST00669" HPOS="2070" VPOS="2578" WIDTH="154" HEIGHT="56" CONTENT="„einer" WC="1.00" CC="300200"/>
						<SP ID="P2_SP00588" HPOS="2224" VPOS="2634" WIDTH="41"/>
						<String ID="P2_ST00670" HPOS="2265" VPOS="2578" WIDTH="283" HEIGHT="66" CONTENT="derjenigen," WC="0.99" CC="00500060073"/>
						<SP ID="P2_SP00589" HPOS="2548" VPOS="2644" WIDTH="52"/>
						<String ID="P2_ST00671" HPOS="2600" VPOS="2580" WIDTH="172" HEIGHT="48" CONTENT="welche" WC="0.98" CC="907063"/>
						<SP ID="P2_SP00590" HPOS="2772" VPOS="2644" WIDTH="44"/>
						<String ID="P2_ST00672" HPOS="2816" VPOS="2581" WIDTH="77" HEIGHT="47" CONTENT="für" WC="0.98" CC="005"/>
						<SP ID="P2_SP00591" HPOS="2893" VPOS="2644" WIDTH="42"/>
						<String ID="P2_ST00673" HPOS="2935" VPOS="2581" WIDTH="71" HEIGHT="48" CONTENT="die" WC="0.99" CC="020"/>
						<SP ID="P2_SP00592" HPOS="3006" VPOS="2644" WIDTH="44"/>
						<String ID="P2_ST00674" HPOS="3050" VPOS="2583" WIDTH="293" HEIGHT="66" CONTENT="Ausbildung" WC="0.99" CC="0436005560"/>
					</TextLine>
					<TextLine ID="P2_TL00082" HPOS="1799" VPOS="2653" WIDTH="1544" HEIGHT="69">
						<String ID="P2_ST00675" HPOS="1799" VPOS="2653" WIDTH="81" HEIGHT="48" CONTENT="der" WC="0.98" CC="006"/>
						<SP ID="P2_SP00593" HPOS="1880" VPOS="2701" WIDTH="25"/>
						<String ID="P2_ST00676" HPOS="1905" VPOS="2654" WIDTH="479" HEIGHT="68" CONTENT="Hautboisten-Corps" WC="0.63" CC="75675003504370302"/>
						<SP ID="P2_SP00594" HPOS="2384" VPOS="2722" WIDTH="24"/>
						<String ID="P2_ST00677" HPOS="2408" VPOS="2674" WIDTH="73" HEIGHT="31" CONTENT="am" WC="0.19" CC="69"/>
						<SP ID="P2_SP00595" HPOS="2481" VPOS="2722" WIDTH="34"/>
						<String ID="P2_ST00678" HPOS="2515" VPOS="2657" WIDTH="185" HEIGHT="48" CONTENT="meisten" WC="0.99" CC="0014305"/>
						<SP ID="P2_SP00596" HPOS="2700" VPOS="2722" WIDTH="33"/>
						<String ID="P2_ST00679" HPOS="2733" VPOS="2657" WIDTH="219" HEIGHT="57" CONTENT="wirkten;" WC="0.99" CC="01503063"/>
						<SP ID="P2_SP00597" HPOS="2952" VPOS="2722" WIDTH="30"/>
						<String ID="P2_ST00680" HPOS="2982" VPOS="2676" WIDTH="51" HEIGHT="31" CONTENT="er" WC="1.00" CC="00"/>
						<SP ID="P2_SP00598" HPOS="3033" VPOS="2722" WIDTH="28"/>
						<String ID="P2_ST00681" HPOS="3061" VPOS="2661" WIDTH="174" HEIGHT="48" CONTENT="lieferte" WC="0.99" CC="35000650"/>
						<SP ID="P2_SP00599" HPOS="3235" VPOS="2722" WIDTH="28"/>
						<String ID="P2_ST00682" HPOS="3263" VPOS="2680" WIDTH="80" HEIGHT="30" CONTENT="zur" WC="0.98" CC="103"/>
					</TextLine>
					<TextLine ID="P2_TL00083" HPOS="1797" VPOS="2733" WIDTH="1546" HEIGHT="62">
						<String ID="P2_ST00683" HPOS="1797" VPOS="2733" WIDTH="116" HEIGHT="56" CONTENT="Zeit," WC="0.98" CC="00664"/>
						<SP ID="P2_SP00600" HPOS="1913" VPOS="2789" WIDTH="30"/>
						<String ID="P2_ST00684" HPOS="1943" VPOS="2750" WIDTH="72" HEIGHT="31" CONTENT="wo" WC="0.80" CC="03"/>
						<SP ID="P2_SP00601" HPOS="2015" VPOS="2789" WIDTH="31"/>
						<String ID="P2_ST00685" HPOS="2046" VPOS="2750" WIDTH="50" HEIGHT="31" CONTENT="er" WC="0.82" CC="03"/>
						<SP ID="P2_SP00602" HPOS="2096" VPOS="2789" WIDTH="29"/>
						<String ID="P2_ST00686" HPOS="2125" VPOS="2734" WIDTH="42" HEIGHT="47" CONTENT="in" WC="0.54" CC="26"/>
						<SP ID="P2_SP00603" HPOS="2167" VPOS="2789" WIDTH="27"/>
						<String ID="P2_ST00687" HPOS="2194" VPOS="2734" WIDTH="217" HEIGHT="50" CONTENT="Diensten" WC="0.99" CC="00023406"/>
						<SP ID="P2_SP00604" HPOS="2411" VPOS="2789" WIDTH="33"/>
						<String ID="P2_ST00688" HPOS="2444" VPOS="2734" WIDTH="77" HEIGHT="50" CONTENT="des" WC="0.99" CC="002"/>
						<SP ID="P2_SP00605" HPOS="2521" VPOS="2789" WIDTH="24"/>
						<String ID="P2_ST00689" HPOS="2545" VPOS="2737" WIDTH="190" HEIGHT="47" CONTENT="Prinzen" WC="0.99" CC="0100606"/>
						<SP ID="P2_SP00606" HPOS="2735" VPOS="2789" WIDTH="29"/>
						<String ID="P2_ST00690" HPOS="2764" VPOS="2752" WIDTH="86" HEIGHT="33" CONTENT="von" WC="0.94" CC="536"/>
						<SP ID="P2_SP00607" HPOS="2850" VPOS="2789" WIDTH="214"/>
						<String ID="P2_ST00691" HPOS="3064" VPOS="2740" WIDTH="147" HEIGHT="55" CONTENT="stand," WC="0.99" CC="050600"/>
						<SP ID="P2_SP00608" HPOS="3211" VPOS="2795" WIDTH="30"/>
						<String ID="P2_ST00692" HPOS="3241" VPOS="2741" WIDTH="102" HEIGHT="48" CONTENT="eine" WC="0.99" CC="0070"/>
					</TextLine>
					<TextLine ID="P2_TL00084" HPOS="1799" VPOS="2812" WIDTH="1541" HEIGHT="66">
						<String ID="P2_ST00693" HPOS="1799" VPOS="2826" WIDTH="156" HEIGHT="49" CONTENT="grosse" WC="1.00" CC="000000"/>
						<SP ID="P2_SP00609" HPOS="1955" VPOS="2875" WIDTH="44"/>
						<String ID="P2_ST00694" HPOS="1999" VPOS="2812" WIDTH="174" HEIGHT="47" CONTENT="Anzahl" WC="0.98" CC="065070"/>
						<SP ID="P2_SP00610" HPOS="2173" VPOS="2875" WIDTH="45"/>
						<String ID="P2_ST00695" HPOS="2218" VPOS="2828" WIDTH="84" HEIGHT="32" CONTENT="von" WC="0.99" CC="010"/>
						<SP ID="P2_SP00611" HPOS="2302" VPOS="2875" WIDTH="47"/>
						<String ID="P2_ST00696" HPOS="2349" VPOS="2813" WIDTH="372" HEIGHT="65" CONTENT="Compositionen" WC="0.76" CC="6000512705000"/>
						<SP ID="P2_SP00612" HPOS="2721" VPOS="2878" WIDTH="48"/>
						<String ID="P2_ST00697" HPOS="2769" VPOS="2814" WIDTH="75" HEIGHT="47" CONTENT="für" WC="1.00" CC="001"/>
						<SP ID="P2_SP00613" HPOS="2844" VPOS="2878" WIDTH="42"/>
						<String ID="P2_ST00698" HPOS="2886" VPOS="2814" WIDTH="454" HEIGHT="61" CONTENT="Blas-Instrumente," WC="0.76" CC="60000760525200003"/>
					</TextLine>
					<TextLine ID="P2_TL00085" HPOS="1800" VPOS="2889" WIDTH="1543" HEIGHT="69">
						<String ID="P2_ST00699" HPOS="1800" VPOS="2889" WIDTH="99" HEIGHT="47" CONTENT="weil" WC="0.99" CC="0003"/>
						<SP ID="P2_SP00614" HPOS="1899" VPOS="2936" WIDTH="33"/>
						<String ID="P2_ST00700" HPOS="1932" VPOS="2889" WIDTH="85" HEIGHT="49" CONTENT="alle" WC="0.99" CC="0050"/>
						<SP ID="P2_SP00615" HPOS="2017" VPOS="2938" WIDTH="31"/>
						<String ID="P2_ST00701" HPOS="2048" VPOS="2889" WIDTH="229" HEIGHT="49" CONTENT="Obersten" WC="1.00" CC="26010000"/>
						<SP ID="P2_SP00616" HPOS="2277" VPOS="2938" WIDTH="33"/>
						<String ID="P2_ST00702" HPOS="2310" VPOS="2891" WIDTH="77" HEIGHT="48" CONTENT="für" WC="0.98" CC="004"/>
						<SP ID="P2_SP00617" HPOS="2387" VPOS="2939" WIDTH="28"/>
						<String ID="P2_ST00703" HPOS="2415" VPOS="2892" WIDTH="99" HEIGHT="48" CONTENT="ihre" WC="0.98" CC="2700"/>
						<SP ID="P2_SP00618" HPOS="2514" VPOS="2940" WIDTH="23"/>
						<String ID="P2_ST00704" HPOS="2537" VPOS="2892" WIDTH="301" HEIGHT="65" CONTENT="Regimenter" WC="1.00" CC="3000007200"/>
						<SP ID="P2_SP00619" HPOS="2838" VPOS="2957" WIDTH="24"/>
						<String ID="P2_ST00705" HPOS="2862" VPOS="2892" WIDTH="372" HEIGHT="66" CONTENT="Compositionen" WC="0.84" CC="7000040110500"/>
						<SP ID="P2_SP00620" HPOS="3234" VPOS="2958" WIDTH="24"/>
						<String ID="P2_ST00706" HPOS="3258" VPOS="2912" WIDTH="85" HEIGHT="33" CONTENT="von" WC="1.00" CC="000"/>
					</TextLine>
					<TextLine ID="P2_TL00086" HPOS="1800" VPOS="2967" WIDTH="1543" HEIGHT="68">
						<String ID="P2_ST00707" HPOS="1800" VPOS="2967" WIDTH="183" HEIGHT="47" CONTENT="Martini" WC="0.99" CC="0016040"/>
						<SP ID="P2_SP00621" HPOS="1983" VPOS="3014" WIDTH="33"/>
						<String ID="P2_ST00708" HPOS="2016" VPOS="2967" WIDTH="151" HEIGHT="48" CONTENT="haben" WC="0.98" CC="04606"/>
						<SP ID="P2_SP00622" HPOS="2167" VPOS="3015" WIDTH="34"/>
						<String ID="P2_ST00709" HPOS="2201" VPOS="2968" WIDTH="197" HEIGHT="48" CONTENT="wollten." WC="0.99" CC="01464050"/>
						<SP ID="P2_SP00623" HPOS="2398" VPOS="3016" WIDTH="41"/>
						<String ID="P2_ST00710" HPOS="2439" VPOS="2969" WIDTH="51" HEIGHT="47" CONTENT="In" WC="0.48" CC="45"/>
						<SP ID="P2_SP00624" HPOS="2490" VPOS="3016" WIDTH="31"/>
						<String ID="P2_ST00711" HPOS="2521" VPOS="2969" WIDTH="350" HEIGHT="66" CONTENT="Anerkennung" WC="0.99" CC="07000075040"/>
						<SP ID="P2_SP00625" HPOS="2871" VPOS="3035" WIDTH="26"/>
						<String ID="P2_ST00712" HPOS="2897" VPOS="2971" WIDTH="146" HEIGHT="48" CONTENT="dieser" WC="0.99" CC="007241"/>
						<SP ID="P2_SP00626" HPOS="3043" VPOS="3035" WIDTH="32"/>
						<String ID="P2_ST00713" HPOS="3075" VPOS="2972" WIDTH="268" HEIGHT="51" CONTENT="Verdienste" WC="0.99" CC="0010103433"/>
					</TextLine>
					<TextLine ID="P2_TL00087" HPOS="1800" VPOS="3043" WIDTH="1412" HEIGHT="62">
						<String ID="P2_ST00714" HPOS="1800" VPOS="3043" WIDTH="160" HEIGHT="50" CONTENT="wurde" WC="0.98" CC="06403"/>
						<SP ID="P2_SP00627" HPOS="1960" VPOS="3093" WIDTH="23"/>
						<String ID="P2_ST00715" HPOS="1983" VPOS="3046" WIDTH="183" HEIGHT="47" CONTENT="Martini" WC="0.99" CC="0400081"/>
						<SP ID="P2_SP00628" HPOS="2166" VPOS="3093" WIDTH="31"/>
						<String ID="P2_ST00716" HPOS="2197" VPOS="3046" WIDTH="144" HEIGHT="48" CONTENT="durch" WC="0.98" CC="03307"/>
						<SP ID="P2_SP00629" HPOS="2341" VPOS="3094" WIDTH="33"/>
						<String ID="P2_ST00717" HPOS="2374" VPOS="3047" WIDTH="70" HEIGHT="48" CONTENT="ein" WC="0.96" CC="405"/>
						<SP ID="P2_SP00630" HPOS="2444" VPOS="3095" WIDTH="24"/>
						<String ID="P2_ST00718" HPOS="2468" VPOS="3048" WIDTH="180" HEIGHT="57" CONTENT="Patent," WC="0.98" CC="0360470"/>
						<SP ID="P2_SP00631" HPOS="2648" VPOS="3105" WIDTH="32"/>
						<String ID="P2_ST00719" HPOS="2680" VPOS="3047" WIDTH="79" HEIGHT="49" CONTENT="das" WC="0.99" CC="001"/>
						<SP ID="P2_SP00632" HPOS="2759" VPOS="3105" WIDTH="28"/>
						<String ID="P2_ST00720" HPOS="2787" VPOS="3048" WIDTH="76" HEIGHT="48" CONTENT="ihn" WC="0.95" CC="066"/>
						<SP ID="P2_SP00633" HPOS="2863" VPOS="3105" WIDTH="30"/>
						<String ID="P2_ST00721" HPOS="2893" VPOS="3066" WIDTH="101" HEIGHT="32" CONTENT="zum" WC="0.98" CC="050"/>
						<SP ID="P2_SP00634" HPOS="2994" VPOS="3105" WIDTH="28"/>
						<String ID="P2_ST00722" HPOS="3022" VPOS="3051" WIDTH="190" HEIGHT="48" CONTENT="Officier" WC="0.83" CC="00070005"/>
					</TextLine>
					<TextLine ID="P2_TL00088" HPOS="1805" VPOS="3119" WIDTH="819" HEIGHT="71">
						<String ID="P2_ST00723" HPOS="1805" VPOS="3119" WIDTH="118" HEIGHT="52" CONTENT="mite" WC="0.95" CC="7077" STYLEREFS="TXT_1"/>
						<SP ID="P2_SP00635" HPOS="1923" VPOS="3171" WIDTH="20"/>
						<String ID="P2_ST00724" HPOS="1943" VPOS="3131" WIDTH="240" HEIGHT="49" CONTENT="ernannte," WC="0.99" CC="007174603"/>
						<SP ID="P2_SP00636" HPOS="2183" VPOS="3180" WIDTH="31"/>
						<String ID="P2_ST00725" HPOS="2214" VPOS="3124" WIDTH="410" HEIGHT="66" CONTENT="ausgezeichnet*)." WC="0.99" CC="6400062036600071"/>
					</TextLine>
					<TextLine ID="P2_TL00089" HPOS="1916" VPOS="3202" WIDTH="1426" HEIGHT="67">
						<String ID="P2_ST00726" HPOS="1916" VPOS="3202" WIDTH="87" HEIGHT="47" CONTENT="Die" WC="0.98" CC="023"/>
						<SP ID="P2_SP00637" HPOS="2003" VPOS="3249" WIDTH="43"/>
						<String ID="P2_ST00727" HPOS="2046" VPOS="3203" WIDTH="318" HEIGHT="48" CONTENT="Militärmusik" WC="1.00" CC="001070065050"/>
						<SP ID="P2_SP00638" HPOS="2364" VPOS="3251" WIDTH="44"/>
						<String ID="P2_ST00728" HPOS="2408" VPOS="3221" WIDTH="98" HEIGHT="32" CONTENT="war" WC="0.99" CC="300"/>
						<SP ID="P2_SP00639" HPOS="2506" VPOS="3253" WIDTH="41"/>
						<String ID="P2_ST00729" HPOS="2547" VPOS="3221" WIDTH="47" HEIGHT="32" CONTENT="es" WC="1.00" CC="00"/>
						<SP ID="P2_SP00640" HPOS="2594" VPOS="3253" WIDTH="44"/>
						<String ID="P2_ST00730" HPOS="2638" VPOS="3203" WIDTH="221" HEIGHT="66" CONTENT="übrigens" WC="0.99" CC="56200075"/>
						<SP ID="P2_SP00641" HPOS="2859" VPOS="3269" WIDTH="42"/>
						<String ID="P2_ST00731" HPOS="2901" VPOS="3207" WIDTH="123" HEIGHT="47" CONTENT="nicht" WC="0.97" CC="70066"/>
						<SP ID="P2_SP00642" HPOS="3024" VPOS="3269" WIDTH="43"/>
						<String ID="P2_ST00732" HPOS="3067" VPOS="3207" WIDTH="149" HEIGHT="58" CONTENT="allein," WC="0.99" CC="2600052"/>
						<SP ID="P2_SP00643" HPOS="3216" VPOS="3269" WIDTH="55"/>
						<String ID="P2_ST00733" HPOS="3271" VPOS="3207" WIDTH="71" HEIGHT="48" CONTENT="die" WC="1.00" CC="000"/>
					</TextLine>
					<TextLine ID="P2_TL00090" HPOS="1799" VPOS="3277" WIDTH="1544" HEIGHT="72">
						<String ID="P2_ST00734" HPOS="1799" VPOS="3277" WIDTH="221" HEIGHT="49" CONTENT="Martini's" WC="0.68" CC="049723000"/>
						<SP ID="P2_SP00644" HPOS="2020" VPOS="3326" WIDTH="30"/>
						<String ID="P2_ST00735" HPOS="2050" VPOS="3279" WIDTH="360" HEIGHT="66" CONTENT="schöpferisches" WC="1.00" CC="20720040020702"/>
						<SP ID="P2_SP00645" HPOS="2410" VPOS="3345" WIDTH="31"/>
						<String ID="P2_ST00736" HPOS="2441" VPOS="3282" WIDTH="164" HEIGHT="48" CONTENT="Talent" WC="0.98" CC="075066"/>
						<SP ID="P2_SP00646" HPOS="2605" VPOS="3345" WIDTH="31"/>
						<String ID="P2_ST00737" HPOS="2636" VPOS="3282" WIDTH="313" HEIGHT="65" CONTENT="beschäftigte," WC="0.99" CC="7000584600500"/>
						<SP ID="P2_SP00647" HPOS="2949" VPOS="3347" WIDTH="31"/>
						<String ID="P2_ST00738" HPOS="2980" VPOS="3301" WIDTH="49" HEIGHT="30" CONTENT="er" WC="0.89" CC="10"/>
						<SP ID="P2_SP00648" HPOS="3029" VPOS="3347" WIDTH="30"/>
						<String ID="P2_ST00739" HPOS="3059" VPOS="3286" WIDTH="284" HEIGHT="63" CONTENT="componirte" WC="0.72" CC="6300610233"/>
					</TextLine>
					<TextLine ID="P2_TL00091" HPOS="1797" VPOS="3357" WIDTH="1546" HEIGHT="63">
						<String ID="P2_ST00740" HPOS="1797" VPOS="3357" WIDTH="115" HEIGHT="48" CONTENT="auch" WC="1.00" CC="0000"/>
						<SP ID="P2_SP00649" HPOS="1912" VPOS="3405" WIDTH="31"/>
						<String ID="P2_ST00741" HPOS="1943" VPOS="3358" WIDTH="110" HEIGHT="47" CONTENT="viele" WC="1.00" CC="00000"/>
						<SP ID="P2_SP00650" HPOS="2053" VPOS="3405" WIDTH="30"/>
						<String ID="P2_ST00742" HPOS="2083" VPOS="3359" WIDTH="733" HEIGHT="61" CONTENT="Kammermusik-Stücke," WC="1.00" CC="4505069500021000000"/>
						<SP ID="P2_SP00651" HPOS="2816" VPOS="3420" WIDTH="30"/>
						<String ID="P2_ST00743" HPOS="2846" VPOS="3378" WIDTH="84" HEIGHT="32" CONTENT="von" WC="0.95" CC="067"/>
						<SP ID="P2_SP00652" HPOS="2930" VPOS="3420" WIDTH="26"/>
						<String ID="P2_ST00744" HPOS="2956" VPOS="3362" WIDTH="147" HEIGHT="49" CONTENT="denen" WC="1.00" CC="00300"/>
						<SP ID="P2_SP00653" HPOS="3103" VPOS="3420" WIDTH="28"/>
						<String ID="P2_ST00745" HPOS="3131" VPOS="3364" WIDTH="212" HEIGHT="47" CONTENT="mehrere" WC="1.00" CC="0025000"/>
					</TextLine>
					<TextLine ID="P2_TL00092" HPOS="1796" VPOS="3436" WIDTH="1544" HEIGHT="69">
						<String ID="P2_ST00746" HPOS="1796" VPOS="3436" WIDTH="266" HEIGHT="62" CONTENT="gestochen," WC="0.99" CC="0207007030"/>
						<SP ID="P2_SP00654" HPOS="2062" VPOS="3498" WIDTH="30"/>
						<String ID="P2_ST00747" HPOS="2092" VPOS="3436" WIDTH="113" HEIGHT="48" CONTENT="aber" WC="0.99" CC="0102"/>
						<SP ID="P2_SP00655" HPOS="2205" VPOS="3498" WIDTH="29"/>
						<String ID="P2_ST00748" HPOS="2234" VPOS="3453" WIDTH="240" HEIGHT="49" CONTENT="vergessen" WC="1.00" CC="000000040"/>
						<SP ID="P2_SP00656" HPOS="2474" VPOS="3502" WIDTH="32"/>
						<String ID="P2_ST00749" HPOS="2506" VPOS="3438" WIDTH="92" HEIGHT="48" CONTENT="und" WC="0.98" CC="400"/>
						<SP ID="P2_SP00657" HPOS="2598" VPOS="3502" WIDTH="30"/>
						<String ID="P2_ST00750" HPOS="2628" VPOS="3439" WIDTH="141" HEIGHT="49" CONTENT="selten" WC="0.99" CC="340310"/>
						<SP ID="P2_SP00658" HPOS="2769" VPOS="3502" WIDTH="32"/>
						<String ID="P2_ST00751" HPOS="2801" VPOS="3441" WIDTH="250" HEIGHT="64" CONTENT="geworden" WC="0.99" CC="00025007"/>
						<SP ID="P2_SP00659" HPOS="3051" VPOS="3505" WIDTH="30"/>
						<String ID="P2_ST00752" HPOS="3081" VPOS="3441" WIDTH="113" HEIGHT="48" CONTENT="sind." WC="1.00" CC="10200"/>
						<SP ID="P2_SP00660" HPOS="3194" VPOS="3505" WIDTH="42"/>
						<String ID="P2_ST00753" HPOS="3236" VPOS="3442" WIDTH="104" HEIGHT="47" CONTENT="Sein" WC="0.98" CC="5005"/>
					</TextLine>
					<TextLine ID="P2_TL00093" HPOS="1796" VPOS="3513" WIDTH="1546" HEIGHT="72">
						<String ID="P2_ST00754" HPOS="1796" VPOS="3513" WIDTH="98" HEIGHT="47" CONTENT="Ruf" WC="0.99" CC="030"/>
						<SP ID="P2_SP00661" HPOS="1894" VPOS="3560" WIDTH="23"/>
						<String ID="P2_ST00755" HPOS="1917" VPOS="3513" WIDTH="269" HEIGHT="50" CONTENT="verschaffte" WC="0.99" CC="00940052260"/>
						<SP ID="P2_SP00662" HPOS="2186" VPOS="3563" WIDTH="37"/>
						<String ID="P2_ST00756" HPOS="2223" VPOS="3516" WIDTH="93" HEIGHT="47" CONTENT="ihm" WC="0.95" CC="066"/>
						<SP ID="P2_SP00663" HPOS="2316" VPOS="3563" WIDTH="31"/>
						<String ID="P2_ST00757" HPOS="2347" VPOS="3514" WIDTH="71" HEIGHT="50" CONTENT="die" WC="0.99" CC="010"/>
						<SP ID="P2_SP00664" HPOS="2418" VPOS="3564" WIDTH="31"/>
						<String ID="P2_ST00758" HPOS="2449" VPOS="3517" WIDTH="138" HEIGHT="48" CONTENT="Stelle" WC="0.98" CC="250530"/>
						<SP ID="P2_SP00665" HPOS="2587" VPOS="3565" WIDTH="40"/>
						<String ID="P2_ST00759" HPOS="2627" VPOS="3517" WIDTH="122" HEIGHT="48" CONTENT="eines" WC="0.99" CC="00600"/>
						<SP ID="P2_SP00666" HPOS="2749" VPOS="3565" WIDTH="31"/>
						<String ID="P2_ST00760" HPOS="2780" VPOS="3518" WIDTH="234" HEIGHT="48" CONTENT="Directors" WC="0.86" CC="305000300"/>
						<SP ID="P2_SP00667" HPOS="3014" VPOS="3566" WIDTH="31"/>
						<String ID="P2_ST00761" HPOS="3045" VPOS="3518" WIDTH="81" HEIGHT="48" CONTENT="der" WC="1.00" CC="000"/>
						<SP ID="P2_SP00668" HPOS="3126" VPOS="3566" WIDTH="30"/>
						<String ID="P2_ST00762" HPOS="3156" VPOS="3519" WIDTH="186" HEIGHT="66" CONTENT="Capelle" WC="1.00" CC="6000000"/>
					</TextLine>
				</TextBlock>
				<TextBlock ID="P2_TB00004" HPOS="1862" VPOS="3659" WIDTH="1479" HEIGHT="535" STYLEREFS="TXT_2 PAR_BLOCK">
					<TextLine ID="P2_TL00094" HPOS="1863" VPOS="3660" WIDTH="1476" HEIGHT="50">
						<String ID="P2_ST00763" HPOS="1863" VPOS="3660" WIDTH="37" HEIGHT="49" CONTENT="*)" WC="0.26" CC="77"/>
						<SP ID="P2_SP00669" HPOS="1900" VPOS="3709" WIDTH="30"/>
						<String ID="P2_ST00764" HPOS="1930" VPOS="3662" WIDTH="132" HEIGHT="35" CONTENT="Durch" WC="0.96" CC="66647"/>
						<SP ID="P2_SP00670" HPOS="2062" VPOS="3709" WIDTH="31"/>
						<String ID="P2_ST00765" HPOS="2093" VPOS="3663" WIDTH="102" HEIGHT="34" CONTENT="diese" WC="0.97" CC="63570"/>
						<SP ID="P2_SP00671" HPOS="2195" VPOS="3709" WIDTH="29"/>
						<String ID="P2_ST00766" HPOS="2224" VPOS="3662" WIDTH="338" HEIGHT="48" CONTENT="Rangverleihung" WC="0.98" CC="76775586507686"/>
						<SP ID="P2_SP00672" HPOS="2562" VPOS="3710" WIDTH="29"/>
						<String ID="P2_ST00767" HPOS="2591" VPOS="3663" WIDTH="90" HEIGHT="35" CONTENT="liess" WC="0.63" CC="03642"/>
						<SP ID="P2_SP00673" HPOS="2681" VPOS="3710" WIDTH="30"/>
						<String ID="P2_ST00768" HPOS="2711" VPOS="3662" WIDTH="247" HEIGHT="48" CONTENT="Schilling" WC="0.99" CC="626004086"/>
						<SP ID="P2_SP00674" HPOS="2958" VPOS="3710" WIDTH="42"/>
						<String ID="P2_ST00769" HPOS="3000" VPOS="3664" WIDTH="81" HEIGHT="35" CONTENT="sich" WC="0.97" CC="4017"/>
						<SP ID="P2_SP00675" HPOS="3081" VPOS="3710" WIDTH="38"/>
						<String ID="P2_ST00770" HPOS="3119" VPOS="3664" WIDTH="220" HEIGHT="43" CONTENT="verlocken," WC="0.99" CC="9190351082"/>
					</TextLine>
					<TextLine ID="P2_TL00095" HPOS="1924" VPOS="3722" WIDTH="1416" HEIGHT="56">
						<String ID="P2_ST00771" HPOS="1924" VPOS="3724" WIDTH="40" HEIGHT="32" CONTENT="in" WC="0.73" CC="40"/>
						<SP ID="P2_SP00676" HPOS="1964" VPOS="3756" WIDTH="29"/>
						<String ID="P2_ST00772" HPOS="1993" VPOS="3724" WIDTH="144" HEIGHT="34" CONTENT="seinem" WC="0.98" CC="300850"/>
						<SP ID="P2_SP00677" HPOS="2137" VPOS="3758" WIDTH="34"/>
						<String ID="P2_ST00773" HPOS="2171" VPOS="3723" WIDTH="425" HEIGHT="47" CONTENT="„Universal-Lexikon" WC="0.68" CC="508610040930005045"/>
						<SP ID="P2_SP00678" HPOS="2596" VPOS="3770" WIDTH="30"/>
						<String ID="P2_ST00774" HPOS="2626" VPOS="3725" WIDTH="65" HEIGHT="33" CONTENT="der" WC="0.94" CC="429"/>
						<SP ID="P2_SP00679" HPOS="2691" VPOS="3770" WIDTH="30"/>
						<String ID="P2_ST00775" HPOS="2721" VPOS="3723" WIDTH="224" HEIGHT="36" CONTENT='Tonkunst"' WC="0.98" CC="248663353"/>
						<SP ID="P2_SP00680" HPOS="2945" VPOS="3770" WIDTH="34"/>
						<String ID="P2_ST00776" HPOS="2979" VPOS="3723" WIDTH="214" HEIGHT="49" CONTENT="(Stuttgart," WC="0.99" CC="06060796053"/>
						<SP ID="P2_SP00681" HPOS="3193" VPOS="3772" WIDTH="33"/>
						<String ID="P2_ST00777" HPOS="3226" VPOS="3722" WIDTH="114" HEIGHT="56" CONTENT="J827)" WC="0.51" CC="70672"/>
					</TextLine>
					<TextLine ID="P2_TL00096" HPOS="1923" VPOS="3782" WIDTH="1418" HEIGHT="50">
						<String ID="P2_ST00778" HPOS="1923" VPOS="3784" WIDTH="94" HEIGHT="36" CONTENT="über" WC="0.96" CC="0726"/>
						<SP ID="P2_SP00682" HPOS="2017" VPOS="3820" WIDTH="40"/>
						<String ID="P2_ST00779" HPOS="2057" VPOS="3784" WIDTH="71" HEIGHT="35" CONTENT="den" WC="0.93" CC="854"/>
						<SP ID="P2_SP00683" HPOS="2128" VPOS="3820" WIDTH="38"/>
						<String ID="P2_ST00780" HPOS="2166" VPOS="3784" WIDTH="346" HEIGHT="47" CONTENT="liebenswürdigen" WC="0.99" CC="043636040784017"/>
						<SP ID="P2_SP00684" HPOS="2512" VPOS="3831" WIDTH="34"/>
						<String ID="P2_ST00781" HPOS="2546" VPOS="3782" WIDTH="290" HEIGHT="49" CONTENT="Componisten," WC="0.59" CC="709600430673"/>
						<SP ID="P2_SP00685" HPOS="2836" VPOS="3831" WIDTH="45"/>
						<String ID="P2_ST00782" HPOS="2881" VPOS="3798" WIDTH="75" HEIGHT="22" CONTENT="von" WC="0.97" CC="026"/>
						<SP ID="P2_SP00686" HPOS="2956" VPOS="3831" WIDTH="49"/>
						<String ID="P2_ST00783" HPOS="3005" VPOS="3787" WIDTH="85" HEIGHT="35" CONTENT="dem" WC="0.99" CC="030"/>
						<SP ID="P2_SP00687" HPOS="3090" VPOS="3831" WIDTH="43"/>
						<String ID="P2_ST00784" HPOS="3133" VPOS="3799" WIDTH="39" HEIGHT="23" CONTENT="er" WC="0.70" CC="05"/>
						<SP ID="P2_SP00688" HPOS="3172" VPOS="3831" WIDTH="44"/>
						<String ID="P2_ST00785" HPOS="3216" VPOS="3788" WIDTH="125" HEIGHT="44" CONTENT="wenig" WC="0.97" CC="01758"/>
					</TextLine>
					<TextLine ID="P2_TL00097" HPOS="1925" VPOS="3845" WIDTH="1413" HEIGHT="48">
						<String ID="P2_ST00786" HPOS="1925" VPOS="3845" WIDTH="90" HEIGHT="34" CONTENT="oder" WC="0.97" CC="5035"/>
						<SP ID="P2_SP00689" HPOS="2015" VPOS="3879" WIDTH="28"/>
						<String ID="P2_ST00787" HPOS="2043" VPOS="3845" WIDTH="126" HEIGHT="34" CONTENT="nichts" WC="0.98" CC="800762"/>
						<SP ID="P2_SP00690" HPOS="2169" VPOS="3879" WIDTH="30"/>
						<String ID="P2_ST00788" HPOS="2199" VPOS="3849" WIDTH="151" HEIGHT="39" CONTENT="wusste," WC="0.68" CC="0545600"/>
						<SP ID="P2_SP00691" HPOS="2350" VPOS="3888" WIDTH="33"/>
						<String ID="P2_ST00789" HPOS="2383" VPOS="3845" WIDTH="205" HEIGHT="47" CONTENT="folgenden" WC="0.99" CC="060015047"/>
						<SP ID="P2_SP00692" HPOS="2588" VPOS="3892" WIDTH="22"/>
						<String ID="P2_ST00790" HPOS="2610" VPOS="3845" WIDTH="189" HEIGHT="47" CONTENT="drolligen" WC="0.99" CC="002650007"/>
						<SP ID="P2_SP00693" HPOS="2799" VPOS="3892" WIDTH="18"/>
						<String ID="P2_ST00791" HPOS="2817" VPOS="3846" WIDTH="145" HEIGHT="35" CONTENT="Roman" WC="0.98" CC="60007"/>
						<SP ID="P2_SP00694" HPOS="2962" VPOS="3892" WIDTH="31"/>
						<String ID="P2_ST00792" HPOS="2993" VPOS="3859" WIDTH="46" HEIGHT="22" CONTENT="zu" WC="0.44" CC="46"/>
						<SP ID="P2_SP00695" HPOS="3039" VPOS="3892" WIDTH="30"/>
						<String ID="P2_ST00793" HPOS="3069" VPOS="3848" WIDTH="245" HEIGHT="45" CONTENT="componiren" WC="0.57" CC="5406186007"/>
						<SP ID="P2_SP00696" HPOS="3314" VPOS="3893" WIDTH="18"/>
						<String ID="P2_ST00794" HPOS="3332" VPOS="3860" WIDTH="6" HEIGHT="21" CONTENT=":" WC="1.00" CC="0"/>
					</TextLine>
					<TextLine ID="P2_TL00098" HPOS="1929" VPOS="3905" WIDTH="1412" HEIGHT="47">
						<String ID="P2_ST00795" HPOS="1929" VPOS="3905" WIDTH="180" HEIGHT="47" CONTENT="„Johann" WC="0.98" CC="2047087"/>
						<SP ID="P2_SP00697" HPOS="2109" VPOS="3952" WIDTH="19"/>
						<String ID="P2_ST00796" HPOS="2128" VPOS="3906" WIDTH="153" HEIGHT="42" CONTENT="Martin," WC="0.99" CC="0003064"/>
						<SP ID="P2_SP00698" HPOS="2281" VPOS="3952" WIDTH="31"/>
						<String ID="P2_ST00797" HPOS="2312" VPOS="3906" WIDTH="68" HEIGHT="34" CONTENT="mit" WC="0.99" CC="010"/>
						<SP ID="P2_SP00699" HPOS="2380" VPOS="3952" WIDTH="30"/>
						<String ID="P2_ST00798" HPOS="2410" VPOS="3906" WIDTH="82" HEIGHT="34" CONTENT="dem" WC="0.94" CC="770"/>
						<SP ID="P2_SP00700" HPOS="2492" VPOS="3952" WIDTH="26"/>
						<String ID="P2_ST00799" HPOS="2518" VPOS="3907" WIDTH="195" HEIGHT="33" CONTENT="Zunamen" WC="0.98" CC="4677011"/>
						<SP ID="P2_SP00701" HPOS="2713" VPOS="3952" WIDTH="30"/>
						<String ID="P2_ST00800" HPOS="2743" VPOS="3905" WIDTH="30" HEIGHT="35" CONTENT="il" WC="0.82" CC="11" STYLEREFS="TXT_3"/>
						<SP ID="P2_SP00702" HPOS="2773" VPOS="3952" WIDTH="35"/>
						<String ID="P2_ST00801" HPOS="2808" VPOS="3906" WIDTH="160" HEIGHT="36" CONTENT="Tedesco" WC="0.86" CC="1000043" STYLEREFS="TXT_3"/>
						<String ID="P2_ST00802" HPOS="2973" VPOS="3935" WIDTH="7" HEIGHT="17" CONTENT="," WC="0.55" CC="4"/>
						<SP ID="P2_SP00703" HPOS="2980" VPOS="3952" WIDTH="30"/>
						<String ID="P2_ST00803" HPOS="3010" VPOS="3919" WIDTH="78" HEIGHT="23" CONTENT="war" WC="1.00" CC="000"/>
						<SP ID="P2_SP00704" HPOS="3088" VPOS="3952" WIDTH="29"/>
						<String ID="P2_ST00804" HPOS="3117" VPOS="3919" WIDTH="67" HEIGHT="23" CONTENT="aus" WC="0.96" CC="064"/>
						<SP ID="P2_SP00705" HPOS="3184" VPOS="3952" WIDTH="19"/>
						<String ID="P2_ST00805" HPOS="3203" VPOS="3909" WIDTH="138" HEIGHT="33" CONTENT="Baiern" WC="0.99" CC="100103"/>
					</TextLine>
					<TextLine ID="P2_TL00099" HPOS="1925" VPOS="3964" WIDTH="1416" HEIGHT="51">
						<String ID="P2_ST00806" HPOS="1925" VPOS="3966" WIDTH="187" HEIGHT="47" CONTENT="gebürtig," WC="0.99" CC="017000697"/>
						<SP ID="P2_SP00706" HPOS="2112" VPOS="4013" WIDTH="30"/>
						<String ID="P2_ST00807" HPOS="2142" VPOS="3966" WIDTH="101" HEIGHT="35" CONTENT="lebte" WC="0.99" CC="02700"/>
						<SP ID="P2_SP00707" HPOS="2243" VPOS="4013" WIDTH="31"/>
						<String ID="P2_ST00808" HPOS="2274" VPOS="3966" WIDTH="90" HEIGHT="34" CONTENT="aber" WC="0.98" CC="0730"/>
						<SP ID="P2_SP00708" HPOS="2364" VPOS="4013" WIDTH="29"/>
						<String ID="P2_ST00809" HPOS="2393" VPOS="3966" WIDTH="118" HEIGHT="35" CONTENT="schon" WC="0.97" CC="04737"/>
						<SP ID="P2_SP00709" HPOS="2511" VPOS="4013" WIDTH="30"/>
						<String ID="P2_ST00810" HPOS="2541" VPOS="3967" WIDTH="72" HEIGHT="33" CONTENT="seit" WC="0.98" CC="6120"/>
						<SP ID="P2_SP00710" HPOS="2613" VPOS="4013" WIDTH="32"/>
						<String ID="P2_ST00811" HPOS="2645" VPOS="3964" WIDTH="97" HEIGHT="38" CONTENT="17G0" WC="0.30" CC="7666"/>
						<SP ID="P2_SP00711" HPOS="2742" VPOS="4013" WIDTH="31"/>
						<String ID="P2_ST00812" HPOS="2773" VPOS="3979" WIDTH="46" HEIGHT="22" CONTENT="zu" WC="1.00" CC="00"/>
						<SP ID="P2_SP00712" HPOS="2819" VPOS="4013" WIDTH="28"/>
						<String ID="P2_ST00813" HPOS="2847" VPOS="3968" WIDTH="121" HEIGHT="47" CONTENT="Paris," WC="0.97" CC="609624"/>
						<SP ID="P2_SP00713" HPOS="2968" VPOS="4015" WIDTH="31"/>
						<String ID="P2_ST00814" HPOS="2999" VPOS="3969" WIDTH="104" HEIGHT="34" CONTENT="ward" WC="1.00" CC="0000"/>
						<SP ID="P2_SP00714" HPOS="3103" VPOS="4015" WIDTH="29"/>
						<String ID="P2_ST00815" HPOS="3132" VPOS="3968" WIDTH="82" HEIGHT="35" CONTENT="hier" WC="0.98" CC="7012"/>
						<SP ID="P2_SP00715" HPOS="3214" VPOS="4015" WIDTH="29"/>
						<String ID="P2_ST00816" HPOS="3243" VPOS="3966" WIDTH="74" HEIGHT="37" CONTENT="Sol" SUBS_TYPE="HypPart1" SUBS_CONTENT="Soldat," WC="0.96" CC="732"/>
						<HYP HPOS="3317" VPOS="3966" WIDTH="24" CONTENT="-"/>
					</TextLine>
					<TextLine ID="P2_TL00100" HPOS="1928" VPOS="4026" WIDTH="1412" HEIGHT="48">
						<String ID="P2_ST00817" HPOS="1928" VPOS="4026" WIDTH="95" HEIGHT="48" CONTENT="dat," SUBS_TYPE="HypPart2" SUBS_CONTENT="Soldat," WC="0.97" CC="4007"/>
						<SP ID="P2_SP00716" HPOS="2023" VPOS="4074" WIDTH="44"/>
						<String ID="P2_ST00818" HPOS="2067" VPOS="4026" WIDTH="56" HEIGHT="35" CONTENT="als" WC="0.97" CC="071"/>
						<SP ID="P2_SP00717" HPOS="2123" VPOS="4074" WIDTH="29"/>
						<String ID="P2_ST00819" HPOS="2152" VPOS="4027" WIDTH="166" HEIGHT="34" CONTENT="welcher" WC="0.98" CC="0457733"/>
						<SP ID="P2_SP00718" HPOS="2318" VPOS="4074" WIDTH="39"/>
						<String ID="P2_ST00820" HPOS="2357" VPOS="4038" WIDTH="39" HEIGHT="23" CONTENT="er" WC="0.52" CC="45"/>
						<SP ID="P2_SP00719" HPOS="2396" VPOS="4074" WIDTH="37"/>
						<String ID="P2_ST00821" HPOS="2433" VPOS="4027" WIDTH="59" HEIGHT="35" CONTENT="bis" WC="0.97" CC="701"/>
						<SP ID="P2_SP00720" HPOS="2492" VPOS="4074" WIDTH="31"/>
						<String ID="P2_ST00822" HPOS="2523" VPOS="4038" WIDTH="86" HEIGHT="22" CONTENT="zum" WC="0.96" CC="280"/>
						<SP ID="P2_SP00721" HPOS="2609" VPOS="4074" WIDTH="30"/>
						<String ID="P2_ST00823" HPOS="2639" VPOS="4027" WIDTH="235" HEIGHT="36" CONTENT="Rittmeister" WC="0.99" CC="03000064015"/>
						<SP ID="P2_SP00722" HPOS="2874" VPOS="4074" WIDTH="28"/>
						<String ID="P2_ST00824" HPOS="2902" VPOS="4029" WIDTH="101" HEIGHT="35" CONTENT="beim" WC="0.98" CC="6030"/>
						<SP ID="P2_SP00723" HPOS="3003" VPOS="4074" WIDTH="29"/>
						<String ID="P2_ST00825" HPOS="3032" VPOS="4028" WIDTH="285" HEIGHT="46" CONTENT="Husaren-Regi" SUBS_TYPE="HypPart1" SUBS_CONTENT="Husaren-Regiment" WC="0.99" CC="778000700570"/>
						<HYP HPOS="3317" VPOS="4028" WIDTH="23" CONTENT="-"/>
					</TextLine>
					<TextLine ID="P2_TL00101" HPOS="1926" VPOS="4087" WIDTH="1414" HEIGHT="45">
						<String ID="P2_ST00826" HPOS="1926" VPOS="4091" WIDTH="104" HEIGHT="31" CONTENT="ment" SUBS_TYPE="HypPart2" SUBS_CONTENT="Husaren-Regiment" WC="0.95" CC="9069"/>
						<SP ID="P2_SP00724" HPOS="2030" VPOS="4122" WIDTH="21"/>
						<String ID="P2_ST00827" HPOS="2051" VPOS="4087" WIDTH="239" HEIGHT="35" CONTENT="Chamboran" WC="0.64" CC="670073007"/>
						<SP ID="P2_SP00725" HPOS="2290" VPOS="4122" WIDTH="26"/>
						<String ID="P2_ST00828" HPOS="2316" VPOS="4088" WIDTH="207" HEIGHT="44" CONTENT="avancirte," WC="0.66" CC="5006505054"/>
						<SP ID="P2_SP00726" HPOS="2523" VPOS="4132" WIDTH="30"/>
						<String ID="P2_ST00829" HPOS="2553" VPOS="4088" WIDTH="149" HEIGHT="35" CONTENT="machte" WC="0.98" CC="006702"/>
						<SP ID="P2_SP00727" HPOS="2702" VPOS="4132" WIDTH="21"/>
						<String ID="P2_ST00830" HPOS="2723" VPOS="4089" WIDTH="59" HEIGHT="36" CONTENT="die" WC="0.96" CC="045"/>
						<SP ID="P2_SP00728" HPOS="2782" VPOS="4132" WIDTH="23"/>
						<String ID="P2_ST00831" HPOS="2805" VPOS="4090" WIDTH="231" HEIGHT="35" CONTENT="Revolution" WC="0.99" CC="0303460340"/>
						<SP ID="P2_SP00729" HPOS="3036" VPOS="4132" WIDTH="28"/>
						<String ID="P2_ST00832" HPOS="3064" VPOS="4091" WIDTH="80" HEIGHT="34" CONTENT="und" WC="0.95" CC="670"/>
						<SP ID="P2_SP00730" HPOS="3144" VPOS="4132" WIDTH="28"/>
						<String ID="P2_ST00833" HPOS="3172" VPOS="4090" WIDTH="168" HEIGHT="35" CONTENT="mehrere" WC="0.99" CC="0070004"/>
					</TextLine>
					<TextLine ID="P2_TL00102" HPOS="1928" VPOS="4147" WIDTH="867" HEIGHT="47">
						<String ID="P2_ST00834" HPOS="1928" VPOS="4147" WIDTH="193" HEIGHT="47" CONTENT="Feldziige" WC="0.72" CC="404007404"/>
						<SP ID="P2_SP00731" HPOS="2121" VPOS="4194" WIDTH="28"/>
						<String ID="P2_ST00835" HPOS="2149" VPOS="4150" WIDTH="69" HEIGHT="33" CONTENT="mit" WC="1.00" CC="000"/>
						<SP ID="P2_SP00732" HPOS="2218" VPOS="4194" WIDTH="28"/>
						<String ID="P2_ST00836" HPOS="2246" VPOS="4149" WIDTH="77" HEIGHT="35" CONTENT="und" WC="0.94" CC="780"/>
						<SP ID="P2_SP00733" HPOS="2323" VPOS="4194" WIDTH="29"/>
						<String ID="P2_ST00837" HPOS="2352" VPOS="4148" WIDTH="101" HEIGHT="36" CONTENT="starb" WC="0.98" CC="00067"/>
						<SP ID="P2_SP00734" HPOS="2453" VPOS="4194" WIDTH="30"/>
						<String ID="P2_ST00838" HPOS="2483" VPOS="4160" WIDTH="121" HEIGHT="34" CONTENT="gegen" WC="0.99" CC="05004"/>
						<SP ID="P2_SP00735" HPOS="2604" VPOS="4194" WIDTH="32"/>
						<String ID="P2_ST00839" HPOS="2636" VPOS="4147" WIDTH="159" HEIGHT="41" CONTENT='1809".!' WC="0.48" CC="8177424"/>
					</TextLine>
				</TextBlock>
			</PrintSpace>
		</Page>
	</Layout>
</alto>
