<?xml version="1.0" encoding="UTF-8"?>
<alto xmlns:xsi="http://www.w3.org/2001/XMLSchema-instance" xmlns="http://www.loc.gov/standards/alto/ns-v2#" xsi:schemaLocation="http://www.loc.gov/standards/alto/ns-v2# http://www.loc.gov/standards/alto/alto-v2.0.xsd" xmlns:xlink="http://www.w3.org/1999/xlink">
	<Description>
		<MeasurementUnit>mm10</MeasurementUnit>
		<sourceImageInformation>
			<fileName>//fileserver7/IN2/Princeton/Batch5/bmtnabi/1859/04/16_01/00000132.tif</fileName>
		</sourceImageInformation>
		<OCRProcessing ID="OCRPROCESSING_1">
			<preProcessingStep>
				<processingSoftware>
					<softwareCreator>CCS Content Conversion Specialists GmbH, Germany</softwareCreator>
					<softwareName>CCS docWORKS</softwareName>
					<softwareVersion>6.6-1.18</softwareVersion>
				</processingSoftware>
			</preProcessingStep>
			<ocrProcessingStep>
				<processingSoftware>
					<softwareCreator>ABBYY (BIT Software), Russia</softwareCreator>
					<softwareName>FineReader</softwareName>
					<softwareVersion>10.0</softwareVersion>
				</processingSoftware>
			</ocrProcessingStep>
		</OCRProcessing>
	</Description>
	<Styles>
		<TextStyle ID="TXT_0" FONTSIZE="15" FONTFAMILY="Times New Roman"/>
		<TextStyle ID="TXT_1" FONTSIZE="14" FONTFAMILY="Times New Roman" FONTSTYLE="bold"/>
		<ParagraphStyle ID="PAR_CENTER" ALIGN="Center"/>
		<ParagraphStyle ID="PAR_BLOCK" ALIGN="Block"/>
	</Styles>
	<Layout>
		<Page ID="P2" PHYSICAL_IMG_NR="2" HEIGHT="4335" WIDTH="3444" PRINTED_IMG_NR="122" PC="0.930">
			<TopMargin ID="P2_TM00001" HPOS="0" VPOS="0" WIDTH="3444" HEIGHT="194">
				<TextBlock ID="P2_TB00001" HPOS="1692" VPOS="144" WIDTH="107" HEIGHT="48" STYLEREFS="TXT_0 PAR_CENTER">
					<TextLine ID="P2_TL00001" HPOS="1692" VPOS="144" WIDTH="101" HEIGHT="47">
						<String ID="P2_ST00001" HPOS="1692" VPOS="144" WIDTH="101" HEIGHT="47" CONTENT="122" WC="0.31" CC="379"/>
					</TextLine>
				</TextBlock>
			</TopMargin>
			<LeftMargin ID="P2_LM00001" HPOS="0" VPOS="194" WIDTH="144" HEIGHT="4048"/>
			<RightMargin ID="P2_RM00001" HPOS="3279" VPOS="194" WIDTH="165" HEIGHT="4048"/>
			<BottomMargin ID="P2_BM00001" HPOS="0" VPOS="4242" WIDTH="3444" HEIGHT="93"/>
			<PrintSpace ID="P2_PS00001" HPOS="144" VPOS="194" WIDTH="3135" HEIGHT="4048">
				<TextBlock ID="P2_TB00002" HPOS="144" VPOS="271" WIDTH="1555" HEIGHT="3813" STYLEREFS="TXT_1 PAR_BLOCK">
					<TextLine ID="P2_TL00002" HPOS="207" VPOS="273" WIDTH="1491" HEIGHT="54">
						<String ID="P2_ST00002" HPOS="207" VPOS="273" WIDTH="187" HEIGHT="49" CONTENT="reetheit" SUBS_TYPE="HypPart2" SUBS_CONTENT="Correetheit" WC="0.56" CC="75077032"/>
						<SP ID="P2_SP00001" HPOS="394" VPOS="322" WIDTH="38"/>
						<String ID="P2_ST00003" HPOS="432" VPOS="273" WIDTH="71" HEIGHT="49" CONTENT="die" WC="0.98" CC="004"/>
						<SP ID="P2_SP00002" HPOS="503" VPOS="322" WIDTH="35"/>
						<String ID="P2_ST00004" HPOS="538" VPOS="273" WIDTH="163" HEIGHT="49" CONTENT="bereits" WC="0.98" CC="7200663"/>
						<SP ID="P2_SP00003" HPOS="701" VPOS="322" WIDTH="37"/>
						<String ID="P2_ST00005" HPOS="738" VPOS="273" WIDTH="256" HEIGHT="49" CONTENT="bekannten" WC="0.99" CC="500007363"/>
						<SP ID="P2_SP00004" HPOS="994" VPOS="322" WIDTH="35"/>
						<String ID="P2_ST00006" HPOS="1029" VPOS="275" WIDTH="92" HEIGHT="48" CONTENT="und" WC="0.98" CC="040"/>
						<SP ID="P2_SP00005" HPOS="1121" VPOS="323" WIDTH="30"/>
						<String ID="P2_ST00007" HPOS="1151" VPOS="275" WIDTH="225" HEIGHT="51" CONTENT="beliebten" WC="0.99" CC="500007207"/>
						<SP ID="P2_SP00006" HPOS="1376" VPOS="326" WIDTH="28"/>
						<String ID="P2_ST00008" HPOS="1404" VPOS="280" WIDTH="207" HEIGHT="47" CONTENT="Partieen" WC="0.67" CC="00650607"/>
						<SP ID="P2_SP00007" HPOS="1611" VPOS="327" WIDTH="30"/>
						<String ID="P2_ST00009" HPOS="1641" VPOS="281" WIDTH="38" HEIGHT="46" CONTENT="ir" SUBS_TYPE="HypPart1" SUBS_CONTENT="irgend" WC="1.00" CC="00"/>
						<HYP HPOS="1679" VPOS="281" WIDTH="19" CONTENT="-"/>
					</TextLine>
					<TextLine ID="P2_TL00003" HPOS="206" VPOS="347" WIDTH="1492" HEIGHT="66">
						<String ID="P2_ST00010" HPOS="206" VPOS="347" WIDTH="117" HEIGHT="65" CONTENT="gend" SUBS_TYPE="HypPart2" SUBS_CONTENT="irgend" WC="0.96" CC="9370"/>
						<SP ID="P2_SP00008" HPOS="323" VPOS="412" WIDTH="41"/>
						<String ID="P2_ST00011" HPOS="364" VPOS="348" WIDTH="118" HEIGHT="47" CONTENT="eines" WC="1.00" CC="00000"/>
						<SP ID="P2_SP00009" HPOS="482" VPOS="412" WIDTH="40"/>
						<String ID="P2_ST00012" HPOS="522" VPOS="350" WIDTH="172" HEIGHT="47" CONTENT="Faches" WC="0.98" CC="690601"/>
						<SP ID="P2_SP00010" HPOS="694" VPOS="412" WIDTH="37"/>
						<String ID="P2_ST00013" HPOS="731" VPOS="350" WIDTH="240" HEIGHT="63" CONTENT="genügend" WC="0.99" CC="00000570"/>
						<SP ID="P2_SP00011" HPOS="971" VPOS="413" WIDTH="40"/>
						<String ID="P2_ST00014" HPOS="1011" VPOS="351" WIDTH="242" HEIGHT="56" CONTENT="ausfüllen," WC="0.98" CC="9456036063"/>
						<SP ID="P2_SP00012" HPOS="1253" VPOS="413" WIDTH="49"/>
						<String ID="P2_ST00015" HPOS="1302" VPOS="360" WIDTH="139" HEIGHT="40" CONTENT="etwas" WC="0.98" CC="06090"/>
						<SP ID="P2_SP00013" HPOS="1441" VPOS="413" WIDTH="36"/>
						<String ID="P2_ST00016" HPOS="1477" VPOS="355" WIDTH="221" HEIGHT="56" CONTENT="Anderes," WC="0.99" CC="08034301"/>
					</TextLine>
					<TextLine ID="P2_TL00004" HPOS="204" VPOS="425" WIDTH="1495" HEIGHT="69">
						<String ID="P2_ST00017" HPOS="204" VPOS="425" WIDTH="97" HEIGHT="47" CONTENT="eine" WC="0.96" CC="6480"/>
						<SP ID="P2_SP00014" HPOS="301" VPOS="472" WIDTH="46"/>
						<String ID="P2_ST00018" HPOS="347" VPOS="440" WIDTH="136" HEIGHT="32" CONTENT="neue" WC="0.99" CC="4001"/>
						<SP ID="P2_SP00015" HPOS="483" VPOS="472" WIDTH="48"/>
						<String ID="P2_ST00019" HPOS="531" VPOS="425" WIDTH="163" HEIGHT="47" CONTENT="Rolle" WC="0.98" CC="60160"/>
						<SP ID="P2_SP00016" HPOS="694" VPOS="472" WIDTH="40"/>
						<String ID="P2_ST00020" HPOS="734" VPOS="426" WIDTH="249" HEIGHT="47" CONTENT="schaffen" WC="0.99" CC="40000061"/>
						<SP ID="P2_SP00017" HPOS="983" VPOS="473" WIDTH="40"/>
						<String ID="P2_ST00021" HPOS="1023" VPOS="426" WIDTH="90" HEIGHT="47" CONTENT="und" WC="0.97" CC="170"/>
						<SP ID="P2_SP00018" HPOS="1113" VPOS="473" WIDTH="38"/>
						<String ID="P2_ST00022" HPOS="1151" VPOS="427" WIDTH="216" HEIGHT="64" CONTENT="siegreich" WC="0.99" CC="606906010"/>
						<SP ID="P2_SP00019" HPOS="1367" VPOS="491" WIDTH="29"/>
						<String ID="P2_ST00023" HPOS="1396" VPOS="446" WIDTH="78" HEIGHT="29" CONTENT="zur" WC="0.99" CC="300"/>
						<SP ID="P2_SP00020" HPOS="1474" VPOS="491" WIDTH="29"/>
						<String ID="P2_ST00024" HPOS="1503" VPOS="431" WIDTH="196" HEIGHT="63" CONTENT="Geltung" WC="0.98" CC="3206680"/>
					</TextLine>
					<TextLine ID="P2_TL00005" HPOS="201" VPOS="499" WIDTH="1496" HEIGHT="65">
						<String ID="P2_ST00025" HPOS="201" VPOS="499" WIDTH="203" HEIGHT="63" CONTENT="bringen." WC="0.99" CC="70280004"/>
						<SP ID="P2_SP00021" HPOS="404" VPOS="562" WIDTH="38"/>
						<String ID="P2_ST00026" HPOS="442" VPOS="499" WIDTH="87" HEIGHT="47" CONTENT="Die" WC="0.97" CC="610"/>
						<SP ID="P2_SP00022" HPOS="529" VPOS="562" WIDTH="39"/>
						<String ID="P2_ST00027" HPOS="568" VPOS="499" WIDTH="225" HEIGHT="64" CONTENT="„Königin" WC="0.98" CC="34050907"/>
						<SP ID="P2_SP00023" HPOS="793" VPOS="563" WIDTH="29"/>
						<String ID="P2_ST00028" HPOS="822" VPOS="502" WIDTH="173" HEIGHT="62" CONTENT='Topas"' WC="0.98" CC="070654"/>
						<SP ID="P2_SP00024" HPOS="995" VPOS="564" WIDTH="39"/>
						<String ID="P2_ST00029" HPOS="1034" VPOS="501" WIDTH="170" HEIGHT="48" CONTENT="erlebte" WC="0.99" CC="2052402"/>
						<SP ID="P2_SP00025" HPOS="1204" VPOS="564" WIDTH="30"/>
						<String ID="P2_ST00030" HPOS="1234" VPOS="521" WIDTH="85" HEIGHT="28" CONTENT="nur" WC="0.94" CC="862"/>
						<SP ID="P2_SP00026" HPOS="1319" VPOS="564" WIDTH="26"/>
						<String ID="P2_ST00031" HPOS="1345" VPOS="506" WIDTH="107" HEIGHT="46" CONTENT="zwei" WC="0.99" CC="0040"/>
						<SP ID="P2_SP00027" HPOS="1452" VPOS="564" WIDTH="34"/>
						<String ID="P2_ST00032" HPOS="1486" VPOS="506" WIDTH="181" HEIGHT="48" CONTENT="Wieder" SUBS_TYPE="HypPart1" SUBS_CONTENT="Wiederholungen." WC="0.99" CC="000060"/>
						<HYP HPOS="1667" VPOS="506" WIDTH="30" CONTENT="-"/>
					</TextLine>
					<TextLine ID="P2_TL00006" HPOS="202" VPOS="576" WIDTH="239" HEIGHT="61">
						<String ID="P2_ST00033" HPOS="202" VPOS="576" WIDTH="239" HEIGHT="61" CONTENT="holungen." SUBS_TYPE="HypPart2" SUBS_CONTENT="Wiederholungen." WC="0.98" CC="735550074"/>
					</TextLine>
					<TextLine ID="P2_TL00007" HPOS="309" VPOS="648" WIDTH="1387" HEIGHT="59">
						<String ID="P2_ST00034" HPOS="309" VPOS="648" WIDTH="217" HEIGHT="48" CONTENT="Dasselbe" WC="0.99" CC="60000060"/>
						<SP ID="P2_SP00028" HPOS="526" VPOS="696" WIDTH="28"/>
						<String ID="P2_ST00035" HPOS="554" VPOS="648" WIDTH="225" HEIGHT="48" CONTENT="Schicksal" WC="0.99" CC="304300004"/>
						<SP ID="P2_SP00029" HPOS="779" VPOS="696" WIDTH="30"/>
						<String ID="P2_ST00036" HPOS="809" VPOS="666" WIDTH="96" HEIGHT="32" CONTENT="war" WC="0.98" CC="040"/>
						<SP ID="P2_SP00030" HPOS="905" VPOS="698" WIDTH="28"/>
						<String ID="P2_ST00037" HPOS="933" VPOS="649" WIDTH="80" HEIGHT="49" CONTENT="der" WC="0.99" CC="003"/>
						<SP ID="P2_SP00031" HPOS="1013" VPOS="698" WIDTH="31"/>
						<String ID="P2_ST00038" HPOS="1044" VPOS="653" WIDTH="146" HEIGHT="54" CONTENT="„Rose" WC="0.98" CC="20521"/>
						<SP ID="P2_SP00032" HPOS="1190" VPOS="707" WIDTH="22"/>
						<String ID="P2_ST00039" HPOS="1212" VPOS="668" WIDTH="83" HEIGHT="32" CONTENT="von" WC="0.96" CC="036"/>
						<SP ID="P2_SP00033" HPOS="1295" VPOS="707" WIDTH="25"/>
						<String ID="P2_ST00040" HPOS="1320" VPOS="653" WIDTH="236" HEIGHT="50" CONTENT='Castilien"' WC="0.72" CC="2005041354"/>
						<SP ID="P2_SP00034" HPOS="1556" VPOS="707" WIDTH="40"/>
						<String ID="P2_ST00041" HPOS="1596" VPOS="673" WIDTH="75" HEIGHT="32" CONTENT="vor" SUBS_TYPE="HypPart1" SUBS_CONTENT="vorbehalten." WC="0.98" CC="053"/>
						<HYP HPOS="1671" VPOS="673" WIDTH="25" CONTENT="-"/>
					</TextLine>
					<TextLine ID="P2_TL00008" HPOS="196" VPOS="724" WIDTH="1500" HEIGHT="73">
						<String ID="P2_ST00042" HPOS="196" VPOS="724" WIDTH="223" HEIGHT="47" CONTENT="behalten." SUBS_TYPE="HypPart2" SUBS_CONTENT="vorbehalten." WC="0.99" CC="725201064"/>
						<SP ID="P2_SP00035" HPOS="419" VPOS="771" WIDTH="54"/>
						<String ID="P2_ST00043" HPOS="473" VPOS="724" WIDTH="85" HEIGHT="47" CONTENT="Die" WC="1.00" CC="000"/>
						<SP ID="P2_SP00036" HPOS="558" VPOS="771" WIDTH="34"/>
						<String ID="P2_ST00044" HPOS="592" VPOS="724" WIDTH="139" HEIGHT="49" CONTENT="Wahl" WC="0.97" CC="5304"/>
						<SP ID="P2_SP00037" HPOS="731" VPOS="773" WIDTH="42"/>
						<String ID="P2_ST00045" HPOS="773" VPOS="724" WIDTH="144" HEIGHT="49" CONTENT="dieser" WC="1.00" CC="000300"/>
						<SP ID="P2_SP00038" HPOS="917" VPOS="773" WIDTH="28"/>
						<String ID="P2_ST00046" HPOS="945" VPOS="727" WIDTH="127" HEIGHT="63" CONTENT="Oper" WC="0.99" CC="5000"/>
						<SP ID="P2_SP00039" HPOS="1072" VPOS="790" WIDTH="38"/>
						<String ID="P2_ST00047" HPOS="1110" VPOS="727" WIDTH="55" HEIGHT="48" CONTENT="ist" WC="0.97" CC="006"/>
						<SP ID="P2_SP00040" HPOS="1165" VPOS="790" WIDTH="47"/>
						<String ID="P2_ST00048" HPOS="1212" VPOS="728" WIDTH="114" HEIGHT="48" CONTENT="eben" WC="0.97" CC="0455"/>
						<SP ID="P2_SP00041" HPOS="1326" VPOS="790" WIDTH="40"/>
						<String ID="P2_ST00049" HPOS="1366" VPOS="746" WIDTH="47" HEIGHT="30" CONTENT="so" WC="0.81" CC="30"/>
						<SP ID="P2_SP00042" HPOS="1413" VPOS="790" WIDTH="43"/>
						<String ID="P2_ST00050" HPOS="1456" VPOS="733" WIDTH="148" HEIGHT="64" CONTENT="wenig" WC="0.98" CC="03520"/>
						<SP ID="P2_SP00043" HPOS="1604" VPOS="797" WIDTH="37"/>
						<String ID="P2_ST00051" HPOS="1641" VPOS="751" WIDTH="55" HEIGHT="29" CONTENT="zu" WC="0.43" CC="55"/>
					</TextLine>
					<TextLine ID="P2_TL00009" HPOS="195" VPOS="799" WIDTH="1498" HEIGHT="65">
						<String ID="P2_ST00052" HPOS="195" VPOS="799" WIDTH="329" HEIGHT="64" CONTENT="rechtfertigen." WC="1.00" CC="04770002020003"/>
						<SP ID="P2_SP00044" HPOS="524" VPOS="863" WIDTH="28"/>
						<String ID="P2_ST00053" HPOS="552" VPOS="799" WIDTH="86" HEIGHT="47" CONTENT="Die" WC="0.99" CC="030"/>
						<SP ID="P2_SP00045" HPOS="638" VPOS="863" WIDTH="23"/>
						<String ID="P2_ST00054" HPOS="661" VPOS="799" WIDTH="250" HEIGHT="65" CONTENT="flüchtigste" WC="0.99" CC="22052509500"/>
						<SP ID="P2_SP00046" HPOS="911" VPOS="864" WIDTH="13"/>
						<String ID="P2_ST00055" HPOS="924" VPOS="802" WIDTH="274" HEIGHT="48" CONTENT="Durchsicht" WC="0.99" CC="6502020050"/>
						<SP ID="P2_SP00047" HPOS="1198" VPOS="864" WIDTH="20"/>
						<String ID="P2_ST00056" HPOS="1218" VPOS="803" WIDTH="79" HEIGHT="48" CONTENT="der" WC="0.98" CC="050"/>
						<SP ID="P2_SP00048" HPOS="1297" VPOS="864" WIDTH="15"/>
						<String ID="P2_ST00057" HPOS="1312" VPOS="806" WIDTH="200" HEIGHT="48" CONTENT="Partitur" WC="0.99" CC="00002406"/>
						<SP ID="P2_SP00049" HPOS="1512" VPOS="864" WIDTH="16"/>
						<String ID="P2_ST00058" HPOS="1528" VPOS="817" WIDTH="165" HEIGHT="39" CONTENT="musste" WC="0.71" CC="702140"/>
					</TextLine>
					<TextLine ID="P2_TL00010" HPOS="193" VPOS="875" WIDTH="1499" HEIGHT="69">
						<String ID="P2_ST00059" HPOS="193" VPOS="875" WIDTH="70" HEIGHT="47" CONTENT="die" WC="0.96" CC="901"/>
						<SP ID="P2_SP00050" HPOS="263" VPOS="922" WIDTH="27"/>
						<String ID="P2_ST00060" HPOS="290" VPOS="875" WIDTH="372" HEIGHT="64" CONTENT="Werthlosigkeit" WC="0.86" CC="00200625000010"/>
						<SP ID="P2_SP00051" HPOS="662" VPOS="939" WIDTH="22"/>
						<String ID="P2_ST00061" HPOS="684" VPOS="875" WIDTH="91" HEIGHT="49" CONTENT="und" WC="0.97" CC="170"/>
						<SP ID="P2_SP00052" HPOS="775" VPOS="939" WIDTH="23"/>
						<String ID="P2_ST00062" HPOS="798" VPOS="877" WIDTH="70" HEIGHT="47" CONTENT="die" WC="0.96" CC="605"/>
						<SP ID="P2_SP00053" HPOS="868" VPOS="939" WIDTH="25"/>
						<String ID="P2_ST00063" HPOS="893" VPOS="878" WIDTH="462" HEIGHT="66" CONTENT="Wirkungslosigkeit" WC="1.00" CC="02600504004000350"/>
						<SP ID="P2_SP00054" HPOS="1355" VPOS="944" WIDTH="23"/>
						<String ID="P2_ST00064" HPOS="1378" VPOS="880" WIDTH="145" HEIGHT="50" CONTENT="dieser" WC="0.99" CC="040200"/>
						<SP ID="P2_SP00055" HPOS="1523" VPOS="944" WIDTH="20"/>
						<String ID="P2_ST00065" HPOS="1543" VPOS="886" WIDTH="149" HEIGHT="47" CONTENT="Musik" WC="1.00" CC="00000"/>
					</TextLine>
					<TextLine ID="P2_TL00011" HPOS="193" VPOS="952" WIDTH="1499" HEIGHT="72">
						<String ID="P2_ST00066" HPOS="193" VPOS="952" WIDTH="228" HEIGHT="45" CONTENT="erkennen" WC="0.99" CC="30105612"/>
						<SP ID="P2_SP00056" HPOS="421" VPOS="997" WIDTH="26"/>
						<String ID="P2_ST00067" HPOS="447" VPOS="952" WIDTH="158" HEIGHT="47" CONTENT="lassen." WC="0.98" CC="3640044"/>
						<SP ID="P2_SP00057" HPOS="605" VPOS="999" WIDTH="29"/>
						<String ID="P2_ST00068" HPOS="634" VPOS="953" WIDTH="107" HEIGHT="47" CONTENT="Man" WC="0.98" CC="006"/>
						<SP ID="P2_SP00058" HPOS="741" VPOS="1000" WIDTH="28"/>
						<String ID="P2_ST00069" HPOS="769" VPOS="952" WIDTH="77" HEIGHT="48" CONTENT="hat" WC="0.98" CC="320"/>
						<SP ID="P2_SP00059" HPOS="846" VPOS="1000" WIDTH="28"/>
						<String ID="P2_ST00070" HPOS="874" VPOS="953" WIDTH="81" HEIGHT="47" CONTENT="der" WC="0.99" CC="030"/>
						<SP ID="P2_SP00060" HPOS="955" VPOS="1000" WIDTH="31"/>
						<String ID="P2_ST00071" HPOS="986" VPOS="955" WIDTH="146" HEIGHT="55" CONTENT="„Rose" WC="1.00" CC="30000"/>
						<SP ID="P2_SP00061" HPOS="1132" VPOS="1010" WIDTH="23"/>
						<String ID="P2_ST00072" HPOS="1155" VPOS="972" WIDTH="84" HEIGHT="32" CONTENT="von" WC="0.94" CC="455"/>
						<SP ID="P2_SP00062" HPOS="1239" VPOS="1010" WIDTH="25"/>
						<String ID="P2_ST00073" HPOS="1264" VPOS="957" WIDTH="235" HEIGHT="48" CONTENT='Castilien"' WC="0.67" CC="5025225053"/>
						<SP ID="P2_SP00063" HPOS="1499" VPOS="1010" WIDTH="41"/>
						<String ID="P2_ST00074" HPOS="1540" VPOS="959" WIDTH="152" HEIGHT="65" CONTENT="(heisst" WC="0.85" CC="3410000"/>
					</TextLine>
					<TextLine ID="P2_TL00012" HPOS="191" VPOS="1027" WIDTH="1500" HEIGHT="67">
						<String ID="P2_ST00075" HPOS="191" VPOS="1042" WIDTH="44" HEIGHT="32" CONTENT="es" WC="0.52" CC="27"/>
						<SP ID="P2_SP00064" HPOS="235" VPOS="1074" WIDTH="28"/>
						<String ID="P2_ST00076" HPOS="263" VPOS="1027" WIDTH="43" HEIGHT="47" CONTENT="in" WC="0.50" CC="36"/>
						<SP ID="P2_SP00065" HPOS="306" VPOS="1074" WIDTH="30"/>
						<String ID="P2_ST00077" HPOS="336" VPOS="1027" WIDTH="144" HEIGHT="47" CONTENT="einem" WC="0.99" CC="30003"/>
						<SP ID="P2_SP00066" HPOS="480" VPOS="1074" WIDTH="23"/>
						<String ID="P2_ST00078" HPOS="503" VPOS="1028" WIDTH="210" HEIGHT="47" CONTENT="Aufsatze" WC="0.99" CC="34024620"/>
						<SP ID="P2_SP00067" HPOS="713" VPOS="1075" WIDTH="30"/>
						<String ID="P2_ST00079" HPOS="743" VPOS="1027" WIDTH="113" HEIGHT="48" CONTENT="über" WC="0.97" CC="0615"/>
						<SP ID="P2_SP00068" HPOS="856" VPOS="1075" WIDTH="27"/>
						<String ID="P2_ST00080" HPOS="883" VPOS="1029" WIDTH="119" HEIGHT="48" CONTENT="diese" WC="1.00" CC="00000"/>
						<SP ID="P2_SP00069" HPOS="1002" VPOS="1077" WIDTH="25"/>
						<String ID="P2_ST00081" HPOS="1027" VPOS="1029" WIDTH="141" HEIGHT="65" CONTENT="Oper)" WC="0.97" CC="40258"/>
						<SP ID="P2_SP00070" HPOS="1168" VPOS="1094" WIDTH="30"/>
						<String ID="P2_ST00082" HPOS="1198" VPOS="1032" WIDTH="268" HEIGHT="49" CONTENT="siebenzehn" WC="0.99" CC="0203006065"/>
						<SP ID="P2_SP00071" HPOS="1466" VPOS="1094" WIDTH="30"/>
						<String ID="P2_ST00083" HPOS="1496" VPOS="1035" WIDTH="107" HEIGHT="47" CONTENT="fünf" WC="0.97" CC="1055"/>
						<SP ID="P2_SP00072" HPOS="1603" VPOS="1094" WIDTH="23"/>
						<String ID="P2_ST00084" HPOS="1626" VPOS="1037" WIDTH="65" HEIGHT="47" CONTENT="bis" WC="0.99" CC="100"/>
					</TextLine>
					<TextLine ID="P2_TL00013" HPOS="187" VPOS="1101" WIDTH="1504" HEIGHT="69">
						<String ID="P2_ST00085" HPOS="187" VPOS="1101" WIDTH="127" HEIGHT="47" CONTENT="sechs" WC="0.98" CC="50016"/>
						<SP ID="P2_SP00073" HPOS="314" VPOS="1148" WIDTH="27"/>
						<String ID="P2_ST00086" HPOS="341" VPOS="1101" WIDTH="150" HEIGHT="49" CONTENT="Seiten" WC="0.98" CC="353404"/>
						<SP ID="P2_SP00074" HPOS="491" VPOS="1150" WIDTH="35"/>
						<String ID="P2_ST00087" HPOS="526" VPOS="1103" WIDTH="131" HEIGHT="63" CONTENT="lange" WC="0.99" CC="15400"/>
						<SP ID="P2_SP00075" HPOS="657" VPOS="1166" WIDTH="28"/>
						<String ID="P2_ST00088" HPOS="685" VPOS="1103" WIDTH="242" HEIGHT="48" CONTENT="Recitative" WC="0.85" CC="0000007060"/>
						<SP ID="P2_SP00076" HPOS="927" VPOS="1166" WIDTH="40"/>
						<String ID="P2_ST00089" HPOS="967" VPOS="1107" WIDTH="297" HEIGHT="63" CONTENT="untergelegt," WC="0.99" CC="613039030973"/>
						<SP ID="P2_SP00077" HPOS="1264" VPOS="1170" WIDTH="39"/>
						<String ID="P2_ST00090" HPOS="1303" VPOS="1108" WIDTH="78" HEIGHT="48" CONTENT="das" WC="0.98" CC="040"/>
						<SP ID="P2_SP00078" HPOS="1381" VPOS="1170" WIDTH="34"/>
						<String ID="P2_ST00091" HPOS="1415" VPOS="1110" WIDTH="158" HEIGHT="49" CONTENT="Finale" WC="0.99" CC="055020"/>
						<SP ID="P2_SP00079" HPOS="1573" VPOS="1170" WIDTH="40"/>
						<String ID="P2_ST00092" HPOS="1613" VPOS="1112" WIDTH="78" HEIGHT="48" CONTENT="des" WC="0.98" CC="005"/>
					</TextLine>
					<TextLine ID="P2_TL00014" HPOS="186" VPOS="1176" WIDTH="1501" HEIGHT="59">
						<String ID="P2_ST00093" HPOS="186" VPOS="1176" WIDTH="185" HEIGHT="49" CONTENT="zweiten" WC="0.99" CC="7030306"/>
						<SP ID="P2_SP00080" HPOS="371" VPOS="1225" WIDTH="28"/>
						<String ID="P2_ST00094" HPOS="399" VPOS="1176" WIDTH="134" HEIGHT="49" CONTENT="Actes" WC="0.99" CC="20222"/>
						<SP ID="P2_SP00081" HPOS="533" VPOS="1225" WIDTH="27"/>
						<String ID="P2_ST00095" HPOS="560" VPOS="1176" WIDTH="285" HEIGHT="50" CONTENT="Verdi'sch" WC="0.79" CC="004020504"/>
						<SP ID="P2_SP00082" HPOS="845" VPOS="1226" WIDTH="30"/>
						<String ID="P2_ST00096" HPOS="875" VPOS="1180" WIDTH="324" HEIGHT="50" CONTENT="instrumentirt" WC="0.62" CC="0734660036405"/>
						<SP ID="P2_SP00083" HPOS="1199" VPOS="1230" WIDTH="31"/>
						<String ID="P2_ST00097" HPOS="1230" VPOS="1184" WIDTH="89" HEIGHT="47" CONTENT="und" WC="1.00" CC="000"/>
						<SP ID="P2_SP00084" HPOS="1319" VPOS="1231" WIDTH="24"/>
						<String ID="P2_ST00098" HPOS="1343" VPOS="1184" WIDTH="71" HEIGHT="47" CONTENT="die" WC="0.96" CC="054"/>
						<SP ID="P2_SP00085" HPOS="1414" VPOS="1231" WIDTH="20"/>
						<String ID="P2_ST00099" HPOS="1434" VPOS="1187" WIDTH="253" HEIGHT="48" CONTENT="Nummern" WC="0.98" CC="0504507"/>
					</TextLine>
					<TextLine ID="P2_TL00015" HPOS="197" VPOS="1253" WIDTH="1489" HEIGHT="63">
						<String ID="P2_ST00100" HPOS="197" VPOS="1254" WIDTH="12" HEIGHT="46" CONTENT="I" WC="0.32" CC="6"/>
						<SP ID="P2_SP00086" HPOS="209" VPOS="1300" WIDTH="16"/>
						<String ID="P2_ST00101" HPOS="225" VPOS="1291" WIDTH="12" HEIGHT="16" CONTENT="," WC="1.00" CC="0"/>
						<SP ID="P2_SP00087" HPOS="237" VPOS="1307" WIDTH="30"/>
						<String ID="P2_ST00102" HPOS="267" VPOS="1254" WIDTH="50" HEIGHT="56" CONTENT="2," WC="0.35" CC="84"/>
						<SP ID="P2_SP00088" HPOS="317" VPOS="1310" WIDTH="30"/>
						<String ID="P2_ST00103" HPOS="347" VPOS="1254" WIDTH="48" HEIGHT="58" CONTENT="5," WC="0.43" CC="64"/>
						<SP ID="P2_SP00089" HPOS="395" VPOS="1312" WIDTH="33"/>
						<String ID="P2_ST00104" HPOS="428" VPOS="1254" WIDTH="49" HEIGHT="57" CONTENT="6," WC="0.41" CC="74"/>
						<SP ID="P2_SP00090" HPOS="477" VPOS="1312" WIDTH="31"/>
						<String ID="P2_ST00105" HPOS="508" VPOS="1253" WIDTH="49" HEIGHT="58" CONTENT="7," WC="0.75" CC="40"/>
						<SP ID="P2_SP00091" HPOS="557" VPOS="1312" WIDTH="35"/>
						<String ID="P2_ST00106" HPOS="592" VPOS="1255" WIDTH="81" HEIGHT="56" CONTENT="16," WC="0.67" CC="072"/>
						<SP ID="P2_SP00092" HPOS="673" VPOS="1312" WIDTH="31"/>
						<String ID="P2_ST00107" HPOS="704" VPOS="1255" WIDTH="62" HEIGHT="47" CONTENT="21" WC="0.46" CC="63"/>
						<SP ID="P2_SP00093" HPOS="766" VPOS="1312" WIDTH="37"/>
						<String ID="P2_ST00108" HPOS="803" VPOS="1255" WIDTH="66" HEIGHT="47" CONTENT="bis" WC="0.95" CC="722"/>
						<SP ID="P2_SP00094" HPOS="869" VPOS="1312" WIDTH="28"/>
						<String ID="P2_ST00109" HPOS="897" VPOS="1258" WIDTH="83" HEIGHT="45" CONTENT="auf" WC="0.95" CC="048"/>
						<SP ID="P2_SP00095" HPOS="980" VPOS="1312" WIDTH="21"/>
						<String ID="P2_ST00110" HPOS="1001" VPOS="1258" WIDTH="70" HEIGHT="47" CONTENT="ein" WC="0.95" CC="335"/>
						<SP ID="P2_SP00096" HPOS="1071" VPOS="1312" WIDTH="17"/>
						<String ID="P2_ST00111" HPOS="1088" VPOS="1259" WIDTH="237" HEIGHT="48" CONTENT="Minimum" WC="0.99" CC="0263105"/>
						<SP ID="P2_SP00097" HPOS="1325" VPOS="1312" WIDTH="22"/>
						<String ID="P2_ST00112" HPOS="1347" VPOS="1277" WIDTH="309" HEIGHT="39" CONTENT="zusammenge" SUBS_TYPE="HypPart1" SUBS_CONTENT="zusammengestrichen." WC="0.59" CC="4524470770"/>
						<HYP HPOS="1656" VPOS="1277" WIDTH="30" CONTENT="-"/>
					</TextLine>
					<TextLine ID="P2_TL00016" HPOS="183" VPOS="1328" WIDTH="1504" HEIGHT="62">
						<String ID="P2_ST00113" HPOS="183" VPOS="1328" WIDTH="207" HEIGHT="49" CONTENT="strichen." SUBS_TYPE="HypPart2" SUBS_CONTENT="zusammengestrichen." WC="0.99" CC="264005043"/>
						<SP ID="P2_SP00098" HPOS="390" VPOS="1377" WIDTH="111"/>
						<String ID="P2_ST00114" HPOS="501" VPOS="1330" WIDTH="108" HEIGHT="47" CONTENT="Man" WC="0.95" CC="048"/>
						<SP ID="P2_SP00099" HPOS="609" VPOS="1377" WIDTH="26"/>
						<String ID="P2_ST00115" HPOS="635" VPOS="1330" WIDTH="135" HEIGHT="48" CONTENT="ahnte" WC="0.99" CC="36000"/>
						<SP ID="P2_SP00100" HPOS="770" VPOS="1378" WIDTH="29"/>
						<String ID="P2_ST00116" HPOS="799" VPOS="1331" WIDTH="92" HEIGHT="47" CONTENT="also" WC="0.98" CC="0222"/>
						<SP ID="P2_SP00101" HPOS="891" VPOS="1378" WIDTH="29"/>
						<String ID="P2_ST00117" HPOS="920" VPOS="1331" WIDTH="114" HEIGHT="49" CONTENT="doch" WC="0.97" CC="0435"/>
						<SP ID="P2_SP00102" HPOS="1034" VPOS="1380" WIDTH="32"/>
						<String ID="P2_ST00118" HPOS="1066" VPOS="1334" WIDTH="133" HEIGHT="56" CONTENT="wohl," WC="0.97" CC="70522"/>
						<SP ID="P2_SP00103" HPOS="1199" VPOS="1390" WIDTH="31"/>
						<String ID="P2_ST00119" HPOS="1230" VPOS="1335" WIDTH="100" HEIGHT="48" CONTENT="dass" WC="0.72" CC="0541"/>
						<SP ID="P2_SP00104" HPOS="1330" VPOS="1390" WIDTH="29"/>
						<String ID="P2_ST00120" HPOS="1359" VPOS="1352" WIDTH="46" HEIGHT="31" CONTENT="es" WC="0.78" CC="04"/>
						<SP ID="P2_SP00105" HPOS="1405" VPOS="1390" WIDTH="30"/>
						<String ID="P2_ST00121" HPOS="1435" VPOS="1339" WIDTH="79" HEIGHT="47" CONTENT="mit" WC="0.97" CC="044"/>
						<SP ID="P2_SP00106" HPOS="1514" VPOS="1390" WIDTH="28"/>
						<String ID="P2_ST00122" HPOS="1542" VPOS="1339" WIDTH="145" HEIGHT="49" CONTENT="dieser" WC="0.98" CC="006035"/>
					</TextLine>
					<TextLine ID="P2_TL00017" HPOS="191" VPOS="1405" WIDTH="1493" HEIGHT="64">
						<String ID="P2_ST00123" HPOS="191" VPOS="1406" WIDTH="171" HEIGHT="52" CONTENT='„Rose"' WC="0.98" CC="472604"/>
						<SP ID="P2_SP00107" HPOS="362" VPOS="1458" WIDTH="40"/>
						<String ID="P2_ST00124" HPOS="402" VPOS="1405" WIDTH="122" HEIGHT="48" CONTENT="nicht" WC="0.98" CC="60061"/>
						<SP ID="P2_SP00108" HPOS="524" VPOS="1458" WIDTH="26"/>
						<String ID="P2_ST00125" HPOS="550" VPOS="1405" WIDTH="125" HEIGHT="48" CONTENT="recht" WC="0.98" CC="42046"/>
						<SP ID="P2_SP00109" HPOS="675" VPOS="1458" WIDTH="29"/>
						<String ID="P2_ST00126" HPOS="704" VPOS="1405" WIDTH="146" HEIGHT="64" CONTENT="gehen" WC="0.99" CC="00604"/>
						<SP ID="P2_SP00110" HPOS="850" VPOS="1469" WIDTH="32"/>
						<String ID="P2_ST00127" HPOS="882" VPOS="1409" WIDTH="143" HEIGHT="56" CONTENT="wolle," WC="0.98" CC="006152"/>
						<SP ID="P2_SP00111" HPOS="1025" VPOS="1469" WIDTH="45"/>
						<String ID="P2_ST00128" HPOS="1070" VPOS="1425" WIDTH="101" HEIGHT="32" CONTENT="man" WC="0.98" CC="004"/>
						<SP ID="P2_SP00112" HPOS="1171" VPOS="1469" WIDTH="42"/>
						<String ID="P2_ST00129" HPOS="1213" VPOS="1410" WIDTH="144" HEIGHT="48" CONTENT="fühlte" WC="0.98" CC="806243"/>
						<SP ID="P2_SP00113" HPOS="1357" VPOS="1469" WIDTH="30"/>
						<String ID="P2_ST00130" HPOS="1387" VPOS="1411" WIDTH="78" HEIGHT="50" CONTENT="das" WC="0.96" CC="090"/>
						<SP ID="P2_SP00114" HPOS="1465" VPOS="1469" WIDTH="28"/>
						<String ID="P2_ST00131" HPOS="1493" VPOS="1415" WIDTH="164" HEIGHT="48" CONTENT="Bedürf" SUBS_TYPE="HypPart1" SUBS_CONTENT="Bedürfniss" WC="0.80" CC="620000"/>
						<HYP HPOS="1657" VPOS="1415" WIDTH="27" CONTENT="-"/>
					</TextLine>
					<TextLine ID="P2_TL00018" HPOS="185" VPOS="1480" WIDTH="1499" HEIGHT="71">
						<String ID="P2_ST00132" HPOS="185" VPOS="1480" WIDTH="86" HEIGHT="47" CONTENT="niss" SUBS_TYPE="HypPart2" SUBS_CONTENT="Bedürfniss" WC="0.48" CC="7670"/>
						<SP ID="P2_SP00115" HPOS="271" VPOS="1527" WIDTH="29"/>
						<String ID="P2_ST00133" HPOS="300" VPOS="1480" WIDTH="158" HEIGHT="63" CONTENT="irgend" WC="0.99" CC="119010"/>
						<SP ID="P2_SP00116" HPOS="458" VPOS="1543" WIDTH="30"/>
						<String ID="P2_ST00134" HPOS="488" VPOS="1481" WIDTH="193" HEIGHT="47" CONTENT="welcher" WC="1.00" CC="0000105"/>
						<SP ID="P2_SP00117" HPOS="681" VPOS="1543" WIDTH="28"/>
						<String ID="P2_ST00135" HPOS="709" VPOS="1481" WIDTH="337" HEIGHT="68" CONTENT="Aenderungen" WC="0.80" CC="00200065005"/>
						<SP ID="P2_SP00118" HPOS="1046" VPOS="1549" WIDTH="29"/>
						<String ID="P2_ST00136" HPOS="1075" VPOS="1485" WIDTH="91" HEIGHT="47" CONTENT="und" WC="0.96" CC="550"/>
						<SP ID="P2_SP00119" HPOS="1166" VPOS="1549" WIDTH="38"/>
						<String ID="P2_ST00137" HPOS="1204" VPOS="1485" WIDTH="171" HEIGHT="66" CONTENT="begriff" WC="0.98" CC="8000687"/>
						<SP ID="P2_SP00120" HPOS="1375" VPOS="1551" WIDTH="30"/>
						<String ID="P2_ST00138" HPOS="1405" VPOS="1489" WIDTH="137" HEIGHT="57" CONTENT="nicht," WC="0.98" CC="820761"/>
						<SP ID="P2_SP00121" HPOS="1542" VPOS="1551" WIDTH="43"/>
						<String ID="P2_ST00139" HPOS="1585" VPOS="1491" WIDTH="99" HEIGHT="49" CONTENT="dass" WC="0.83" CC="0303"/>
					</TextLine>
					<TextLine ID="P2_TL00019" HPOS="181" VPOS="1556" WIDTH="1502" HEIGHT="69">
						<String ID="P2_ST00140" HPOS="181" VPOS="1556" WIDTH="70" HEIGHT="48" CONTENT="die" WC="0.97" CC="800"/>
						<SP ID="P2_SP00122" HPOS="251" VPOS="1604" WIDTH="28"/>
						<String ID="P2_ST00141" HPOS="279" VPOS="1556" WIDTH="167" HEIGHT="65" CONTENT="einzige" WC="0.99" CC="1020600"/>
						<SP ID="P2_SP00123" HPOS="446" VPOS="1621" WIDTH="36"/>
						<String ID="P2_ST00142" HPOS="482" VPOS="1557" WIDTH="250" HEIGHT="65" CONTENT="glückliche" WC="1.00" CC="0000040020"/>
						<SP ID="P2_SP00124" HPOS="732" VPOS="1622" WIDTH="29"/>
						<String ID="P2_ST00143" HPOS="761" VPOS="1559" WIDTH="186" HEIGHT="66" CONTENT="Lösung" WC="0.99" CC="000480"/>
						<SP ID="P2_SP00125" HPOS="947" VPOS="1625" WIDTH="41"/>
						<String ID="P2_ST00144" HPOS="988" VPOS="1561" WIDTH="141" HEIGHT="47" CONTENT="dieses" WC="0.99" CC="024103"/>
						<SP ID="P2_SP00126" HPOS="1129" VPOS="1625" WIDTH="32"/>
						<String ID="P2_ST00145" HPOS="1161" VPOS="1562" WIDTH="238" HEIGHT="50" CONTENT="Conllictes" WC="0.54" CC="4777030635"/>
						<SP ID="P2_SP00127" HPOS="1399" VPOS="1625" WIDTH="40"/>
						<String ID="P2_ST00146" HPOS="1439" VPOS="1566" WIDTH="127" HEIGHT="49" CONTENT="darin" WC="0.98" CC="06620"/>
						<SP ID="P2_SP00128" HPOS="1566" VPOS="1625" WIDTH="41"/>
						<String ID="P2_ST00147" HPOS="1607" VPOS="1569" WIDTH="51" HEIGHT="48" CONTENT="be" SUBS_TYPE="HypPart1" SUBS_CONTENT="bestanden" WC="0.96" CC="70"/>
						<HYP HPOS="1658" VPOS="1569" WIDTH="25" CONTENT="-"/>
					</TextLine>
					<TextLine ID="P2_TL00020" HPOS="179" VPOS="1631" WIDTH="1135" HEIGHT="70">
						<String ID="P2_ST00148" HPOS="179" VPOS="1631" WIDTH="188" HEIGHT="48" CONTENT="standen" SUBS_TYPE="HypPart2" SUBS_CONTENT="bestanden" WC="0.98" CC="7894006"/>
						<SP ID="P2_SP00129" HPOS="367" VPOS="1679" WIDTH="30"/>
						<String ID="P2_ST00149" HPOS="397" VPOS="1632" WIDTH="137" HEIGHT="59" CONTENT="hätte," WC="0.98" CC="403603"/>
						<SP ID="P2_SP00130" HPOS="534" VPOS="1691" WIDTH="29"/>
						<String ID="P2_ST00150" HPOS="563" VPOS="1632" WIDTH="70" HEIGHT="50" CONTENT="die" WC="0.94" CC="960"/>
						<SP ID="P2_SP00131" HPOS="633" VPOS="1691" WIDTH="29"/>
						<String ID="P2_ST00151" HPOS="662" VPOS="1635" WIDTH="126" HEIGHT="63" CONTENT="Oper" WC="0.99" CC="6000"/>
						<SP ID="P2_SP00132" HPOS="788" VPOS="1698" WIDTH="28"/>
						<String ID="P2_ST00152" HPOS="816" VPOS="1651" WIDTH="82" HEIGHT="47" CONTENT="gar" WC="0.98" CC="050"/>
						<SP ID="P2_SP00133" HPOS="898" VPOS="1698" WIDTH="27"/>
						<String ID="P2_ST00153" HPOS="925" VPOS="1636" WIDTH="121" HEIGHT="47" CONTENT="nicht" WC="0.98" CC="42055"/>
						<SP ID="P2_SP00134" HPOS="1046" VPOS="1698" WIDTH="25"/>
						<String ID="P2_ST00154" HPOS="1071" VPOS="1654" WIDTH="53" HEIGHT="30" CONTENT="zu" WC="0.91" CC="10"/>
						<SP ID="P2_SP00135" HPOS="1124" VPOS="1698" WIDTH="30"/>
						<String ID="P2_ST00155" HPOS="1154" VPOS="1637" WIDTH="160" HEIGHT="64" CONTENT="geben." WC="0.97" CC="946263"/>
					</TextLine>
					<TextLine ID="P2_TL00021" HPOS="291" VPOS="1709" WIDTH="1392" HEIGHT="64">
						<String ID="P2_ST00156" HPOS="291" VPOS="1709" WIDTH="84" HEIGHT="47" CONTENT="Mit" WC="0.97" CC="033"/>
						<SP ID="P2_SP00136" HPOS="375" VPOS="1756" WIDTH="38"/>
						<String ID="P2_ST00157" HPOS="413" VPOS="1709" WIDTH="85" HEIGHT="47" CONTENT="den" WC="0.98" CC="014"/>
						<SP ID="P2_SP00137" HPOS="498" VPOS="1756" WIDTH="38"/>
						<String ID="P2_ST00158" HPOS="536" VPOS="1710" WIDTH="418" HEIGHT="63" CONTENT="Opern-Novitäten" WC="0.99" CC="400561060830625"/>
						<SP ID="P2_SP00138" HPOS="954" VPOS="1773" WIDTH="48"/>
						<String ID="P2_ST00159" HPOS="1002" VPOS="1729" WIDTH="96" HEIGHT="33" CONTENT="war" WC="0.96" CC="055"/>
						<SP ID="P2_SP00139" HPOS="1098" VPOS="1773" WIDTH="48"/>
						<String ID="P2_ST00160" HPOS="1146" VPOS="1730" WIDTH="103" HEIGHT="33" CONTENT="man" WC="0.95" CC="506"/>
						<SP ID="P2_SP00140" HPOS="1249" VPOS="1773" WIDTH="48"/>
						<String ID="P2_ST00161" HPOS="1297" VPOS="1717" WIDTH="93" HEIGHT="47" CONTENT="also" WC="0.95" CC="8634"/>
						<SP ID="P2_SP00141" HPOS="1390" VPOS="1773" WIDTH="47"/>
						<String ID="P2_ST00162" HPOS="1437" VPOS="1717" WIDTH="246" HEIGHT="52" CONTENT="theiiweise" WC="0.81" CC="0006700400"/>
					</TextLine>
					<TextLine ID="P2_TL00022" HPOS="178" VPOS="1783" WIDTH="1504" HEIGHT="73">
						<String ID="P2_ST00163" HPOS="178" VPOS="1783" WIDTH="141" HEIGHT="49" CONTENT="nichts" WC="0.98" CC="840600"/>
						<SP ID="P2_SP00142" HPOS="319" VPOS="1832" WIDTH="23"/>
						<String ID="P2_ST00164" HPOS="342" VPOS="1786" WIDTH="199" HEIGHT="62" CONTENT="weniger" WC="0.98" CC="0060906"/>
						<SP ID="P2_SP00143" HPOS="541" VPOS="1848" WIDTH="22"/>
						<String ID="P2_ST00165" HPOS="563" VPOS="1787" WIDTH="61" HEIGHT="46" CONTENT="als" WC="0.94" CC="446"/>
						<SP ID="P2_SP00144" HPOS="624" VPOS="1848" WIDTH="23"/>
						<String ID="P2_ST00166" HPOS="647" VPOS="1786" WIDTH="237" HEIGHT="65" CONTENT="glücklich," WC="0.99" CC="0007567064"/>
						<SP ID="P2_SP00145" HPOS="884" VPOS="1851" WIDTH="19"/>
						<String ID="P2_ST00167" HPOS="903" VPOS="1789" WIDTH="91" HEIGHT="47" CONTENT="und" WC="0.96" CC="550"/>
						<SP ID="P2_SP00146" HPOS="994" VPOS="1851" WIDTH="13"/>
						<String ID="P2_ST00168" HPOS="1007" VPOS="1806" WIDTH="122" HEIGHT="33" CONTENT="zwar" WC="0.99" CC="5000"/>
						<SP ID="P2_SP00147" HPOS="1129" VPOS="1851" WIDTH="22"/>
						<String ID="P2_ST00169" HPOS="1151" VPOS="1790" WIDTH="142" HEIGHT="51" CONTENT="durch" WC="0.98" CC="10246"/>
						<SP ID="P2_SP00148" HPOS="1293" VPOS="1851" WIDTH="23"/>
						<String ID="P2_ST00170" HPOS="1316" VPOS="1792" WIDTH="158" HEIGHT="64" CONTENT="eigene" WC="0.99" CC="160201"/>
						<SP ID="P2_SP00149" HPOS="1474" VPOS="1856" WIDTH="15"/>
						<String ID="P2_ST00171" HPOS="1489" VPOS="1796" WIDTH="193" HEIGHT="57" CONTENT="Schuld;" WC="0.98" CC="5066601"/>
					</TextLine>
					<TextLine ID="P2_TL00023" HPOS="178" VPOS="1858" WIDTH="1504" HEIGHT="65">
						<String ID="P2_ST00172" HPOS="178" VPOS="1858" WIDTH="116" HEIGHT="50" CONTENT="denn" WC="0.94" CC="9374"/>
						<SP ID="P2_SP00150" HPOS="294" VPOS="1908" WIDTH="29"/>
						<String ID="P2_ST00173" HPOS="323" VPOS="1877" WIDTH="46" HEIGHT="31" CONTENT="es" WC="1.00" CC="00"/>
						<SP ID="P2_SP00151" HPOS="369" VPOS="1908" WIDTH="29"/>
						<String ID="P2_ST00174" HPOS="398" VPOS="1861" WIDTH="105" HEIGHT="48" CONTENT="darf" WC="0.99" CC="0040"/>
						<SP ID="P2_SP00152" HPOS="503" VPOS="1909" WIDTH="28"/>
						<String ID="P2_ST00175" HPOS="531" VPOS="1862" WIDTH="122" HEIGHT="48" CONTENT="nicht" WC="0.99" CC="60004"/>
						<SP ID="P2_SP00153" HPOS="653" VPOS="1910" WIDTH="36"/>
						<String ID="P2_ST00176" HPOS="689" VPOS="1863" WIDTH="252" HEIGHT="50" CONTENT="übersehen" WC="0.99" CC="060500016"/>
						<SP ID="P2_SP00154" HPOS="941" VPOS="1913" WIDTH="41"/>
						<String ID="P2_ST00177" HPOS="982" VPOS="1867" WIDTH="198" HEIGHT="56" CONTENT="werden," WC="0.99" CC="0040264"/>
						<SP ID="P2_SP00155" HPOS="1180" VPOS="1923" WIDTH="41"/>
						<String ID="P2_ST00178" HPOS="1221" VPOS="1869" WIDTH="100" HEIGHT="48" CONTENT="dass" WC="0.81" CC="0043"/>
						<SP ID="P2_SP00156" HPOS="1321" VPOS="1923" WIDTH="31"/>
						<String ID="P2_ST00179" HPOS="1352" VPOS="1869" WIDTH="70" HEIGHT="49" CONTENT="die" WC="0.97" CC="060"/>
						<SP ID="P2_SP00157" HPOS="1422" VPOS="1923" WIDTH="29"/>
						<String ID="P2_ST00180" HPOS="1451" VPOS="1872" WIDTH="231" HEIGHT="51" CONTENT="Direction" WC="0.76" CC="461004012"/>
					</TextLine>
					<TextLine ID="P2_TL00024" HPOS="176" VPOS="1936" WIDTH="1505" HEIGHT="63">
						<String ID="P2_ST00181" HPOS="176" VPOS="1936" WIDTH="91" HEIGHT="47" CONTENT="sich" WC="0.95" CC="7077"/>
						<SP ID="P2_SP00158" HPOS="267" VPOS="1983" WIDTH="28"/>
						<String ID="P2_ST00182" HPOS="295" VPOS="1936" WIDTH="225" HEIGHT="49" CONTENT="durchaus" WC="0.99" CC="00506002"/>
						<SP ID="P2_SP00159" HPOS="520" VPOS="1985" WIDTH="28"/>
						<String ID="P2_ST00183" HPOS="548" VPOS="1940" WIDTH="122" HEIGHT="47" CONTENT="nicht" WC="0.98" CC="40055"/>
						<SP ID="P2_SP00160" HPOS="670" VPOS="1987" WIDTH="35"/>
						<String ID="P2_ST00184" HPOS="705" VPOS="1941" WIDTH="84" HEIGHT="46" CONTENT="auf" WC="0.96" CC="640"/>
						<SP ID="P2_SP00161" HPOS="789" VPOS="1987" WIDTH="29"/>
						<String ID="P2_ST00185" HPOS="818" VPOS="1940" WIDTH="87" HEIGHT="48" CONTENT="den" WC="0.97" CC="007"/>
						<SP ID="P2_SP00162" HPOS="905" VPOS="1988" WIDTH="40"/>
						<String ID="P2_ST00186" HPOS="945" VPOS="1942" WIDTH="281" HEIGHT="56" CONTENT="„schlechten" WC="0.99" CC="20051106001"/>
						<SP ID="P2_SP00163" HPOS="1226" VPOS="1998" WIDTH="30"/>
						<String ID="P2_ST00187" HPOS="1256" VPOS="1946" WIDTH="308" HEIGHT="51" CONTENT='Geschmack"' WC="0.99" CC="4000602204"/>
						<SP ID="P2_SP00164" HPOS="1564" VPOS="1998" WIDTH="40"/>
						<String ID="P2_ST00188" HPOS="1604" VPOS="1951" WIDTH="77" HEIGHT="48" CONTENT="des" WC="1.00" CC="000"/>
					</TextLine>
					<TextLine ID="P2_TL00025" HPOS="176" VPOS="2012" WIDTH="1503" HEIGHT="62">
						<String ID="P2_ST00189" HPOS="176" VPOS="2012" WIDTH="257" HEIGHT="48" CONTENT="Publicums" WC="0.64" CC="707500083"/>
						<SP ID="P2_SP00165" HPOS="433" VPOS="2060" WIDTH="22"/>
						<String ID="P2_ST00190" HPOS="455" VPOS="2013" WIDTH="188" HEIGHT="50" CONTENT="berufen" WC="0.99" CC="7000005"/>
						<SP ID="P2_SP00166" HPOS="643" VPOS="2063" WIDTH="23"/>
						<String ID="P2_ST00191" HPOS="666" VPOS="2016" WIDTH="133" HEIGHT="48" CONTENT="kann." WC="0.98" CC="00714"/>
						<SP ID="P2_SP00167" HPOS="799" VPOS="2064" WIDTH="28"/>
						<String ID="P2_ST00192" HPOS="827" VPOS="2017" WIDTH="94" HEIGHT="47" CONTENT="Das" WC="0.96" CC="055"/>
						<SP ID="P2_SP00168" HPOS="921" VPOS="2064" WIDTH="28"/>
						<String ID="P2_ST00193" HPOS="949" VPOS="2020" WIDTH="299" HEIGHT="48" CONTENT="Interessante" WC="0.99" CC="760050345000"/>
						<SP ID="P2_SP00169" HPOS="1248" VPOS="2068" WIDTH="30"/>
						<String ID="P2_ST00194" HPOS="1278" VPOS="2031" WIDTH="131" HEIGHT="39" CONTENT="unter" WC="0.99" CC="05400"/>
						<SP ID="P2_SP00170" HPOS="1409" VPOS="2070" WIDTH="28"/>
						<String ID="P2_ST00195" HPOS="1437" VPOS="2023" WIDTH="84" HEIGHT="49" CONTENT="den" WC="1.00" CC="000"/>
						<SP ID="P2_SP00171" HPOS="1521" VPOS="2072" WIDTH="24"/>
						<String ID="P2_ST00196" HPOS="1545" VPOS="2027" WIDTH="108" HEIGHT="47" CONTENT="Novi" SUBS_TYPE="HypPart1" SUBS_CONTENT="Novitäten" WC="0.99" CC="0200"/>
						<HYP HPOS="1653" VPOS="2027" WIDTH="26" CONTENT="-"/>
					</TextLine>
					<TextLine ID="P2_TL00026" HPOS="174" VPOS="2088" WIDTH="1507" HEIGHT="69">
						<String ID="P2_ST00197" HPOS="174" VPOS="2093" WIDTH="120" HEIGHT="44" CONTENT="täten" SUBS_TYPE="HypPart2" SUBS_CONTENT="Novitäten" WC="0.97" CC="70507"/>
						<SP ID="P2_SP00172" HPOS="294" VPOS="2137" WIDTH="29"/>
						<String ID="P2_ST00198" HPOS="323" VPOS="2088" WIDTH="371" HEIGHT="69" CONTENT='(„Lohengrin")' WC="0.66" CC="2260005014648"/>
						<SP ID="P2_SP00173" HPOS="694" VPOS="2157" WIDTH="25"/>
						<String ID="P2_ST00199" HPOS="719" VPOS="2093" WIDTH="156" HEIGHT="47" CONTENT="wurde" WC="0.99" CC="00072"/>
						<SP ID="P2_SP00174" HPOS="875" VPOS="2157" WIDTH="31"/>
						<String ID="P2_ST00200" HPOS="906" VPOS="2096" WIDTH="79" HEIGHT="47" CONTENT="mit" WC="0.96" CC="065"/>
						<SP ID="P2_SP00175" HPOS="985" VPOS="2157" WIDTH="26"/>
						<String ID="P2_ST00201" HPOS="1011" VPOS="2096" WIDTH="224" HEIGHT="48" CONTENT="lebhafter" WC="0.98" CC="547390406"/>
						<SP ID="P2_SP00176" HPOS="1235" VPOS="2157" WIDTH="30"/>
						<String ID="P2_ST00202" HPOS="1265" VPOS="2100" WIDTH="89" HEIGHT="48" CONTENT="und" WC="0.93" CC="639"/>
						<SP ID="P2_SP00177" HPOS="1354" VPOS="2157" WIDTH="31"/>
						<String ID="P2_ST00203" HPOS="1385" VPOS="2101" WIDTH="296" HEIGHT="51" CONTENT="anhaltender" WC="0.99" CC="78745408006"/>
					</TextLine>
					<TextLine ID="P2_TL00027" HPOS="174" VPOS="2166" WIDTH="1503" HEIGHT="78">
						<String ID="P2_ST00204" HPOS="174" VPOS="2166" WIDTH="296" HEIGHT="48" CONTENT="Theilnahme" WC="0.62" CC="8704075400"/>
						<SP ID="P2_SP00178" HPOS="470" VPOS="2214" WIDTH="29"/>
						<String ID="P2_ST00205" HPOS="499" VPOS="2168" WIDTH="366" HEIGHT="65" CONTENT="aufgenommen," WC="0.99" CC="509007136064"/>
						<SP ID="P2_SP00179" HPOS="865" VPOS="2233" WIDTH="31"/>
						<String ID="P2_ST00206" HPOS="896" VPOS="2171" WIDTH="77" HEIGHT="48" CONTENT="das" WC="0.97" CC="061"/>
						<SP ID="P2_SP00180" HPOS="973" VPOS="2233" WIDTH="24"/>
						<String ID="P2_ST00207" HPOS="997" VPOS="2172" WIDTH="174" HEIGHT="48" CONTENT="leidlich" WC="0.98" CC="60687605"/>
						<SP ID="P2_SP00181" HPOS="1171" VPOS="2233" WIDTH="26"/>
						<String ID="P2_ST00208" HPOS="1197" VPOS="2175" WIDTH="217" HEIGHT="49" CONTENT="Hübsche" WC="0.98" CC="8060052"/>
						<SP ID="P2_SP00182" HPOS="1414" VPOS="2233" WIDTH="32"/>
						<String ID="P2_ST00209" HPOS="1446" VPOS="2176" WIDTH="86" HEIGHT="65" CONTENT="(die" WC="0.96" CC="9037"/>
						<SP ID="P2_SP00183" HPOS="1532" VPOS="2241" WIDTH="23"/>
						<String ID="P2_ST00210" HPOS="1555" VPOS="2180" WIDTH="92" HEIGHT="64" CONTENT="Ope" SUBS_TYPE="HypPart1" SUBS_CONTENT="Operetten)" WC="1.00" CC="000"/>
						<HYP HPOS="1647" VPOS="2180" WIDTH="30" CONTENT="-"/>
					</TextLine>
					<TextLine ID="P2_TL00028" HPOS="172" VPOS="2241" WIDTH="1507" HEIGHT="80">
						<String ID="P2_ST00211" HPOS="172" VPOS="2241" WIDTH="160" HEIGHT="66" CONTENT="retten)" SUBS_TYPE="HypPart2" SUBS_CONTENT="Operetten)" WC="0.98" CC="0702068"/>
						<SP ID="P2_SP00184" HPOS="332" VPOS="2307" WIDTH="32"/>
						<String ID="P2_ST00212" HPOS="364" VPOS="2243" WIDTH="78" HEIGHT="48" CONTENT="mit" WC="0.95" CC="066"/>
						<SP ID="P2_SP00185" HPOS="442" VPOS="2307" WIDTH="28"/>
						<String ID="P2_ST00213" HPOS="470" VPOS="2244" WIDTH="337" HEIGHT="67" CONTENT="Befriedigung," WC="0.99" CC="0002500593602"/>
						<SP ID="P2_SP00186" HPOS="807" VPOS="2311" WIDTH="29"/>
						<String ID="P2_ST00214" HPOS="836" VPOS="2246" WIDTH="79" HEIGHT="49" CONTENT="das" WC="0.97" CC="070"/>
						<SP ID="P2_SP00187" HPOS="915" VPOS="2311" WIDTH="21"/>
						<String ID="P2_ST00215" HPOS="936" VPOS="2248" WIDTH="339" HEIGHT="68" CONTENT="Mittelmässige" WC="0.63" CC="8664038004400"/>
						<SP ID="P2_SP00188" HPOS="1275" VPOS="2316" WIDTH="31"/>
						<String ID="P2_ST00216" HPOS="1306" VPOS="2251" WIDTH="260" HEIGHT="70" CONTENT='(„Topas")' WC="0.99" CC="400600434"/>
						<SP ID="P2_SP00189" HPOS="1566" VPOS="2321" WIDTH="33"/>
						<String ID="P2_ST00217" HPOS="1599" VPOS="2258" WIDTH="80" HEIGHT="47" CONTENT="mit" WC="0.97" CC="008"/>
					</TextLine>
					<TextLine ID="P2_TL00029" HPOS="171" VPOS="2318" WIDTH="1506" HEIGHT="67">
						<String ID="P2_ST00218" HPOS="171" VPOS="2318" WIDTH="388" HEIGHT="66" CONTENT="Zurückhaltung," WC="0.99" CC="56700050614002"/>
						<SP ID="P2_SP00190" HPOS="559" VPOS="2384" WIDTH="42"/>
						<String ID="P2_ST00219" HPOS="601" VPOS="2321" WIDTH="78" HEIGHT="49" CONTENT="das" WC="0.99" CC="020"/>
						<SP ID="P2_SP00191" HPOS="679" VPOS="2384" WIDTH="40"/>
						<String ID="P2_ST00220" HPOS="719" VPOS="2322" WIDTH="224" HEIGHT="63" CONTENT="geradezu" WC="0.99" CC="00605052"/>
						<SP ID="P2_SP00192" HPOS="943" VPOS="2385" WIDTH="40"/>
						<String ID="P2_ST00221" HPOS="983" VPOS="2324" WIDTH="238" HEIGHT="51" CONTENT="Schlechte" WC="0.99" CC="605600740"/>
						<SP ID="P2_SP00193" HPOS="1221" VPOS="2385" WIDTH="42"/>
						<String ID="P2_ST00222" HPOS="1263" VPOS="2330" WIDTH="80" HEIGHT="47" CONTENT="mit" WC="1.00" CC="000"/>
						<SP ID="P2_SP00194" HPOS="1343" VPOS="2385" WIDTH="42"/>
						<String ID="P2_ST00223" HPOS="1385" VPOS="2328" WIDTH="292" HEIGHT="52" CONTENT="hinreichend" WC="0.99" CC="64800006064"/>
					</TextLine>
					<TextLine ID="P2_TL00030" HPOS="171" VPOS="2393" WIDTH="1505" HEIGHT="80">
						<String ID="P2_ST00224" HPOS="171" VPOS="2393" WIDTH="248" HEIGHT="51" CONTENT="deutlicher" WC="0.99" CC="9000106000"/>
						<SP ID="P2_SP00195" HPOS="419" VPOS="2444" WIDTH="26"/>
						<String ID="P2_ST00225" HPOS="445" VPOS="2398" WIDTH="344" HEIGHT="66" CONTENT="Missbilligung." WC="0.99" CC="93407276601403"/>
						<SP ID="P2_SP00196" HPOS="789" VPOS="2464" WIDTH="48"/>
						<String ID="P2_ST00226" HPOS="837" VPOS="2401" WIDTH="132" HEIGHT="49" CONTENT="Also:" WC="0.98" CC="08045"/>
						<SP ID="P2_SP00197" HPOS="969" VPOS="2464" WIDTH="30"/>
						<String ID="P2_ST00227" HPOS="999" VPOS="2402" WIDTH="141" HEIGHT="60" CONTENT="Ehre," WC="0.98" CC="54500"/>
						<SP ID="P2_SP00198" HPOS="1140" VPOS="2464" WIDTH="30"/>
						<String ID="P2_ST00228" HPOS="1170" VPOS="2402" WIDTH="103" HEIGHT="51" CONTENT="dem" WC="0.99" CC="030"/>
						<SP ID="P2_SP00199" HPOS="1273" VPOS="2464" WIDTH="29"/>
						<String ID="P2_ST00229" HPOS="1302" VPOS="2407" WIDTH="125" HEIGHT="48" CONTENT="Ehre" WC="1.00" CC="1000"/>
						<SP ID="P2_SP00200" HPOS="1427" VPOS="2464" WIDTH="26"/>
						<String ID="P2_ST00230" HPOS="1453" VPOS="2408" WIDTH="223" HEIGHT="65" CONTENT="gebührt:" WC="0.99" CC="53502105"/>
					</TextLine>
					<TextLine ID="P2_TL00031" HPOS="169" VPOS="2471" WIDTH="1505" HEIGHT="77">
						<String ID="P2_ST00231" HPOS="169" VPOS="2471" WIDTH="78" HEIGHT="49" CONTENT="das" WC="0.96" CC="900"/>
						<SP ID="P2_SP00201" HPOS="247" VPOS="2520" WIDTH="21"/>
						<String ID="P2_ST00232" HPOS="268" VPOS="2472" WIDTH="292" HEIGHT="51" CONTENT="Publicum" WC="0.99" CC="60600000"/>
						<SP ID="P2_SP00202" HPOS="560" VPOS="2523" WIDTH="23"/>
						<String ID="P2_ST00233" HPOS="583" VPOS="2476" WIDTH="79" HEIGHT="49" CONTENT="hat" WC="0.93" CC="666"/>
						<SP ID="P2_SP00203" HPOS="662" VPOS="2525" WIDTH="19"/>
						<String ID="P2_ST00234" HPOS="681" VPOS="2477" WIDTH="92" HEIGHT="47" CONTENT="sich" WC="0.97" CC="0707"/>
						<SP ID="P2_SP00204" HPOS="773" VPOS="2525" WIDTH="25"/>
						<String ID="P2_ST00235" HPOS="798" VPOS="2479" WIDTH="174" HEIGHT="47" CONTENT="tactvoll" WC="0.55" CC="40049367"/>
						<SP ID="P2_SP00205" HPOS="972" VPOS="2526" WIDTH="25"/>
						<String ID="P2_ST00236" HPOS="997" VPOS="2481" WIDTH="91" HEIGHT="47" CONTENT="und" WC="0.97" CC="440"/>
						<SP ID="P2_SP00206" HPOS="1088" VPOS="2528" WIDTH="21"/>
						<String ID="P2_ST00237" HPOS="1109" VPOS="2483" WIDTH="254" HEIGHT="65" CONTENT="verständig" WC="0.99" CC="9000006060"/>
						<SP ID="P2_SP00207" HPOS="1363" VPOS="2548" WIDTH="24"/>
						<String ID="P2_ST00238" HPOS="1387" VPOS="2483" WIDTH="287" HEIGHT="52" CONTENT="benommen." WC="0.99" CC="315000663"/>
					</TextLine>
					<TextLine ID="P2_TL00032" HPOS="280" VPOS="2549" WIDTH="1394" HEIGHT="76">
						<String ID="P2_ST00239" HPOS="280" VPOS="2549" WIDTH="150" HEIGHT="47" CONTENT="Sehen" WC="0.98" CC="50407"/>
						<SP ID="P2_SP00208" HPOS="430" VPOS="2596" WIDTH="42"/>
						<String ID="P2_ST00240" HPOS="472" VPOS="2551" WIDTH="82" HEIGHT="48" CONTENT="wir" WC="0.98" CC="006"/>
						<SP ID="P2_SP00209" HPOS="554" VPOS="2599" WIDTH="38"/>
						<String ID="P2_ST00241" HPOS="592" VPOS="2568" WIDTH="83" HEIGHT="32" CONTENT="uns" WC="0.98" CC="040"/>
						<SP ID="P2_SP00210" HPOS="675" VPOS="2600" WIDTH="40"/>
						<String ID="P2_ST00242" HPOS="715" VPOS="2554" WIDTH="115" HEIGHT="49" CONTENT="nach" WC="0.97" CC="4405"/>
						<SP ID="P2_SP00211" HPOS="830" VPOS="2603" WIDTH="39"/>
						<String ID="P2_ST00243" HPOS="869" VPOS="2554" WIDTH="102" HEIGHT="49" CONTENT="dem" WC="1.00" CC="000"/>
						<SP ID="P2_SP00212" HPOS="971" VPOS="2603" WIDTH="34"/>
						<String ID="P2_ST00244" HPOS="1005" VPOS="2556" WIDTH="188" HEIGHT="66" CONTENT="übrigen" WC="0.98" CC="0756900"/>
						<SP ID="P2_SP00213" HPOS="1193" VPOS="2622" WIDTH="30"/>
						<String ID="P2_ST00245" HPOS="1223" VPOS="2558" WIDTH="451" HEIGHT="67" CONTENT="Opern-Repertoire" WC="0.99" CC="5000727506046040"/>
					</TextLine>
					<TextLine ID="P2_TL00033" HPOS="168" VPOS="2627" WIDTH="1504" HEIGHT="72">
						<String ID="P2_ST00246" HPOS="168" VPOS="2641" WIDTH="93" HEIGHT="40" CONTENT="um," WC="0.96" CC="451"/>
						<SP ID="P2_SP00214" HPOS="261" VPOS="2681" WIDTH="39"/>
						<String ID="P2_ST00247" HPOS="300" VPOS="2641" WIDTH="48" HEIGHT="31" CONTENT="so" WC="0.58" CC="35"/>
						<SP ID="P2_SP00215" HPOS="348" VPOS="2681" WIDTH="42"/>
						<String ID="P2_ST00248" HPOS="390" VPOS="2627" WIDTH="153" HEIGHT="48" CONTENT="finden" WC="0.99" CC="116003"/>
						<SP ID="P2_SP00216" HPOS="543" VPOS="2681" WIDTH="39"/>
						<String ID="P2_ST00249" HPOS="582" VPOS="2629" WIDTH="83" HEIGHT="49" CONTENT="wir" WC="0.95" CC="075"/>
						<SP ID="P2_SP00217" HPOS="665" VPOS="2681" WIDTH="36"/>
						<String ID="P2_ST00250" HPOS="701" VPOS="2631" WIDTH="395" HEIGHT="68" CONTENT="zweiunddreissig" WC="0.68" CC="500702069072240"/>
						<SP ID="P2_SP00218" HPOS="1096" VPOS="2699" WIDTH="31"/>
						<String ID="P2_ST00251" HPOS="1127" VPOS="2634" WIDTH="155" HEIGHT="65" CONTENT="Opern" WC="0.99" CC="50003"/>
						<SP ID="P2_SP00219" HPOS="1282" VPOS="2699" WIDTH="37"/>
						<String ID="P2_ST00252" HPOS="1319" VPOS="2652" WIDTH="80" HEIGHT="33" CONTENT="aus" WC="0.98" CC="060"/>
						<SP ID="P2_SP00220" HPOS="1399" VPOS="2699" WIDTH="42"/>
						<String ID="P2_ST00253" HPOS="1441" VPOS="2637" WIDTH="101" HEIGHT="49" CONTENT="dem" WC="1.00" CC="000"/>
						<SP ID="P2_SP00221" HPOS="1542" VPOS="2699" WIDTH="31"/>
						<String ID="P2_ST00254" HPOS="1573" VPOS="2657" WIDTH="75" HEIGHT="31" CONTENT="vor" SUBS_TYPE="HypPart1" SUBS_CONTENT="vorjährigen" WC="0.99" CC="031"/>
						<HYP HPOS="1648" VPOS="2657" WIDTH="24" CONTENT="-"/>
					</TextLine>
					<TextLine ID="P2_TL00034" HPOS="163" VPOS="2700" WIDTH="1509" HEIGHT="79">
						<String ID="P2_ST00255" HPOS="163" VPOS="2700" WIDTH="206" HEIGHT="68" CONTENT="jährigen" SUBS_TYPE="HypPart2" SUBS_CONTENT="vorjährigen" WC="0.99" CC="00610006"/>
						<SP ID="P2_SP00222" HPOS="369" VPOS="2768" WIDTH="30"/>
						<String ID="P2_ST00256" HPOS="399" VPOS="2705" WIDTH="282" HEIGHT="64" CONTENT="Repertoire," WC="1.00" CC="06005010003"/>
						<SP ID="P2_SP00223" HPOS="681" VPOS="2769" WIDTH="48"/>
						<String ID="P2_ST00257" HPOS="729" VPOS="2707" WIDTH="94" HEIGHT="49" CONTENT="drei" WC="0.98" CC="0016"/>
						<SP ID="P2_SP00224" HPOS="823" VPOS="2769" WIDTH="31"/>
						<String ID="P2_ST00258" HPOS="854" VPOS="2708" WIDTH="457" HEIGHT="65" CONTENT='(„Sommernacht",' WC="0.99" CC="444350010067543"/>
						<SP ID="P2_SP00225" HPOS="1311" VPOS="2773" WIDTH="48"/>
						<String ID="P2_ST00259" HPOS="1359" VPOS="2716" WIDTH="285" HEIGHT="63" CONTENT="„Regiments" SUBS_TYPE="HypPart1" SUBS_CONTENT='„Regimentstochter"' WC="0.99" CC="4760103473"/>
						<HYP HPOS="1644" VPOS="2716" WIDTH="28" CONTENT="-"/>
					</TextLine>
					<TextLine ID="P2_TL00035" HPOS="164" VPOS="2778" WIDTH="1505" HEIGHT="71">
						<String ID="P2_ST00260" HPOS="164" VPOS="2778" WIDTH="200" HEIGHT="49" CONTENT='tochter"' SUBS_TYPE="HypPart2" SUBS_CONTENT='„Regimentstochter"' WC="0.98" CC="85070034"/>
						<SP ID="P2_SP00226" HPOS="364" VPOS="2827" WIDTH="16"/>
						<String ID="P2_ST00261" HPOS="380" VPOS="2817" WIDTH="12" HEIGHT="21" CONTENT="," WC="1.00" CC="0"/>
						<SP ID="P2_SP00227" HPOS="392" VPOS="2838" WIDTH="39"/>
						<String ID="P2_ST00262" HPOS="431" VPOS="2783" WIDTH="213" HEIGHT="65" CONTENT="„Lustige" WC="0.99" CC="20037700"/>
						<SP ID="P2_SP00228" HPOS="644" VPOS="2848" WIDTH="33"/>
						<String ID="P2_ST00263" HPOS="677" VPOS="2784" WIDTH="263" HEIGHT="65" CONTENT='Weiber"),' WC="0.99" CC="075700080"/>
						<SP ID="P2_SP00229" HPOS="940" VPOS="2849" WIDTH="46"/>
						<String ID="P2_ST00264" HPOS="986" VPOS="2788" WIDTH="169" HEIGHT="48" CONTENT="welche" WC="0.98" CC="046170"/>
						<SP ID="P2_SP00230" HPOS="1155" VPOS="2849" WIDTH="35"/>
						<String ID="P2_ST00265" HPOS="1190" VPOS="2806" WIDTH="79" HEIGHT="30" CONTENT="vor" WC="0.99" CC="030"/>
						<SP ID="P2_SP00231" HPOS="1269" VPOS="2849" WIDTH="27"/>
						<String ID="P2_ST00266" HPOS="1296" VPOS="2792" WIDTH="108" HEIGHT="48" CONTENT="zwei" WC="0.99" CC="5000"/>
						<SP ID="P2_SP00232" HPOS="1404" VPOS="2849" WIDTH="31"/>
						<String ID="P2_ST00267" HPOS="1435" VPOS="2792" WIDTH="112" HEIGHT="48" CONTENT="oder" WC="0.95" CC="6716"/>
						<SP ID="P2_SP00233" HPOS="1547" VPOS="2849" WIDTH="28"/>
						<String ID="P2_ST00268" HPOS="1575" VPOS="2794" WIDTH="94" HEIGHT="49" CONTENT="drei" WC="0.99" CC="0500"/>
					</TextLine>
					<TextLine ID="P2_TL00036" HPOS="160" VPOS="2854" WIDTH="1510" HEIGHT="80">
						<String ID="P2_ST00269" HPOS="160" VPOS="2854" WIDTH="172" HEIGHT="50" CONTENT="Jahren" WC="0.98" CC="592005"/>
						<SP ID="P2_SP00234" HPOS="332" VPOS="2904" WIDTH="40"/>
						<String ID="P2_ST00270" HPOS="372" VPOS="2873" WIDTH="72" HEIGHT="33" CONTENT="am" WC="0.72" CC="05"/>
						<SP ID="P2_SP00235" HPOS="444" VPOS="2906" WIDTH="30"/>
						<String ID="P2_ST00271" HPOS="474" VPOS="2860" WIDTH="267" HEIGHT="64" CONTENT="Repertoire" WC="0.99" CC="0000504253"/>
						<SP ID="P2_SP00236" HPOS="741" VPOS="2924" WIDTH="39"/>
						<String ID="P2_ST00272" HPOS="780" VPOS="2878" WIDTH="169" HEIGHT="42" CONTENT="waren," WC="0.98" CC="090153"/>
						<SP ID="P2_SP00237" HPOS="949" VPOS="2924" WIDTH="43"/>
						<String ID="P2_ST00273" HPOS="992" VPOS="2864" WIDTH="89" HEIGHT="48" CONTENT="und" WC="0.96" CC="460"/>
						<SP ID="P2_SP00238" HPOS="1081" VPOS="2924" WIDTH="43"/>
						<String ID="P2_ST00274" HPOS="1124" VPOS="2866" WIDTH="159" HEIGHT="49" CONTENT="keine" WC="0.98" CC="02251"/>
						<SP ID="P2_SP00239" HPOS="1283" VPOS="2924" WIDTH="42"/>
						<String ID="P2_ST00275" HPOS="1325" VPOS="2869" WIDTH="235" HEIGHT="65" CONTENT="einzige," WC="0.99" CC="00216004"/>
						<SP ID="P2_SP00240" HPOS="1560" VPOS="2934" WIDTH="39"/>
						<String ID="P2_ST00276" HPOS="1599" VPOS="2871" WIDTH="71" HEIGHT="49" CONTENT="die" WC="1.00" CC="000"/>
					</TextLine>
					<TextLine ID="P2_TL00037" HPOS="163" VPOS="2932" WIDTH="1506" HEIGHT="78">
						<String ID="P2_ST00277" HPOS="163" VPOS="2932" WIDTH="62" HEIGHT="47" CONTENT="als" WC="0.92" CC="876"/>
						<SP ID="P2_SP00241" HPOS="225" VPOS="2979" WIDTH="18"/>
						<String ID="P2_ST00278" HPOS="243" VPOS="2932" WIDTH="208" HEIGHT="50" CONTENT="förmlich" WC="0.99" CC="00720206"/>
						<SP ID="P2_SP00242" HPOS="451" VPOS="2982" WIDTH="29"/>
						<String ID="P2_ST00279" HPOS="480" VPOS="2952" WIDTH="105" HEIGHT="32" CONTENT="neu" WC="0.98" CC="005"/>
						<SP ID="P2_SP00243" HPOS="585" VPOS="2984" WIDTH="30"/>
						<String ID="P2_ST00280" HPOS="615" VPOS="2938" WIDTH="310" HEIGHT="48" CONTENT="einstudirt" WC="0.74" CC="0650600105"/>
						<SP ID="P2_SP00244" HPOS="925" VPOS="2986" WIDTH="27"/>
						<String ID="P2_ST00281" HPOS="952" VPOS="2942" WIDTH="148" HEIGHT="62" CONTENT="gelten" WC="0.98" CC="003635"/>
						<SP ID="P2_SP00245" HPOS="1100" VPOS="3004" WIDTH="18"/>
						<String ID="P2_ST00282" HPOS="1118" VPOS="2942" WIDTH="182" HEIGHT="49" CONTENT="könnte." WC="0.99" CC="0066202"/>
						<SP ID="P2_SP00246" HPOS="1300" VPOS="3004" WIDTH="26"/>
						<String ID="P2_ST00283" HPOS="1326" VPOS="2946" WIDTH="83" HEIGHT="47" CONTENT="Ein" WC="0.97" CC="060"/>
						<SP ID="P2_SP00247" HPOS="1409" VPOS="3004" WIDTH="19"/>
						<String ID="P2_ST00284" HPOS="1428" VPOS="2946" WIDTH="241" HEIGHT="64" CONTENT="klägliches" WC="0.99" CC="3690600100"/>
					</TextLine>
					<TextLine ID="P2_TL00038" HPOS="159" VPOS="3008" WIDTH="1509" HEIGHT="80">
						<String ID="P2_ST00285" HPOS="159" VPOS="3008" WIDTH="264" HEIGHT="66" CONTENT="Ergebniss," WC="0.76" CC="7610500020"/>
						<SP ID="P2_SP00248" HPOS="423" VPOS="3074" WIDTH="42"/>
						<String ID="P2_ST00286" HPOS="465" VPOS="3028" WIDTH="131" HEIGHT="34" CONTENT="wenn" WC="0.97" CC="0046"/>
						<SP ID="P2_SP00249" HPOS="596" VPOS="3074" WIDTH="28"/>
						<String ID="P2_ST00287" HPOS="624" VPOS="3032" WIDTH="103" HEIGHT="32" CONTENT="man" WC="0.99" CC="002"/>
						<SP ID="P2_SP00250" HPOS="727" VPOS="3074" WIDTH="30"/>
						<String ID="P2_ST00288" HPOS="757" VPOS="3014" WIDTH="214" HEIGHT="60" CONTENT="bedenkt," WC="0.98" CC="77005052"/>
						<SP ID="P2_SP00251" HPOS="971" VPOS="3074" WIDTH="42"/>
						<String ID="P2_ST00289" HPOS="1013" VPOS="3020" WIDTH="85" HEIGHT="46" CONTENT="wie" WC="0.99" CC="020"/>
						<SP ID="P2_SP00252" HPOS="1098" VPOS="3074" WIDTH="30"/>
						<String ID="P2_ST00290" HPOS="1128" VPOS="3020" WIDTH="109" HEIGHT="49" CONTENT="viele" WC="0.98" CC="03074"/>
						<SP ID="P2_SP00253" HPOS="1237" VPOS="3074" WIDTH="30"/>
						<String ID="P2_ST00291" HPOS="1267" VPOS="3022" WIDTH="87" HEIGHT="48" CONTENT="alte" WC="0.96" CC="7720"/>
						<SP ID="P2_SP00254" HPOS="1354" VPOS="3074" WIDTH="31"/>
						<String ID="P2_ST00292" HPOS="1385" VPOS="3023" WIDTH="174" HEIGHT="65" CONTENT="Opern," WC="0.99" CC="503420"/>
						<SP ID="P2_SP00255" HPOS="1559" VPOS="3088" WIDTH="38"/>
						<String ID="P2_ST00293" HPOS="1597" VPOS="3024" WIDTH="71" HEIGHT="50" CONTENT="die" WC="1.00" CC="010"/>
					</TextLine>
					<TextLine ID="P2_TL00039" HPOS="159" VPOS="3085" WIDTH="1504" HEIGHT="79">
						<String ID="P2_ST00294" HPOS="159" VPOS="3085" WIDTH="114" HEIGHT="48" CONTENT="noch" WC="0.97" CC="8500"/>
						<SP ID="P2_SP00256" HPOS="273" VPOS="3133" WIDTH="28"/>
						<String ID="P2_ST00295" HPOS="301" VPOS="3104" WIDTH="112" HEIGHT="47" CONTENT="ganz" WC="0.97" CC="0075"/>
						<SP ID="P2_SP00257" HPOS="413" VPOS="3151" WIDTH="32"/>
						<String ID="P2_ST00296" HPOS="445" VPOS="3089" WIDTH="209" HEIGHT="51" CONTENT="wirksam" WC="0.99" CC="0550410"/>
						<SP ID="P2_SP00258" HPOS="654" VPOS="3151" WIDTH="30"/>
						<String ID="P2_ST00297" HPOS="684" VPOS="3097" WIDTH="152" HEIGHT="44" CONTENT="wären" WC="0.99" CC="00006"/>
						<SP ID="P2_SP00259" HPOS="836" VPOS="3151" WIDTH="39"/>
						<String ID="P2_ST00298" HPOS="875" VPOS="3094" WIDTH="91" HEIGHT="48" CONTENT="und" WC="0.98" CC="060"/>
						<SP ID="P2_SP00260" HPOS="966" VPOS="3151" WIDTH="28"/>
						<String ID="P2_ST00299" HPOS="994" VPOS="3094" WIDTH="71" HEIGHT="51" CONTENT="die" WC="0.98" CC="060"/>
						<SP ID="P2_SP00261" HPOS="1065" VPOS="3151" WIDTH="30"/>
						<String ID="P2_ST00300" HPOS="1095" VPOS="3113" WIDTH="80" HEIGHT="32" CONTENT="aus" WC="0.96" CC="506"/>
						<SP ID="P2_SP00262" HPOS="1175" VPOS="3151" WIDTH="29"/>
						<String ID="P2_ST00301" HPOS="1204" VPOS="3098" WIDTH="145" HEIGHT="48" CONTENT="einem" WC="0.98" CC="11630"/>
						<SP ID="P2_SP00263" HPOS="1349" VPOS="3151" WIDTH="31"/>
						<String ID="P2_ST00302" HPOS="1380" VPOS="3108" WIDTH="81" HEIGHT="56" CONTENT="gut" WC="0.98" CC="005"/>
						<SP ID="P2_SP00264" HPOS="1461" VPOS="3164" WIDTH="28"/>
						<String ID="P2_ST00303" HPOS="1489" VPOS="3099" WIDTH="153" HEIGHT="51" CONTENT="bestell" SUBS_TYPE="HypPart1" SUBS_CONTENT="bestellten" WC="0.98" CC="7062107"/>
						<HYP HPOS="1642" VPOS="3099" WIDTH="21" CONTENT="-"/>
					</TextLine>
					<TextLine ID="P2_TL00040" HPOS="159" VPOS="3164" WIDTH="1505" HEIGHT="69">
						<String ID="P2_ST00304" HPOS="159" VPOS="3170" WIDTH="71" HEIGHT="41" CONTENT="ten" SUBS_TYPE="HypPart2" SUBS_CONTENT="bestellten" WC="0.95" CC="067"/>
						<SP ID="P2_SP00265" HPOS="230" VPOS="3211" WIDTH="28"/>
						<String ID="P2_ST00305" HPOS="258" VPOS="3164" WIDTH="268" HEIGHT="65" CONTENT="Repertoire" WC="1.00" CC="0000060140"/>
						<SP ID="P2_SP00266" HPOS="526" VPOS="3229" WIDTH="28"/>
						<String ID="P2_ST00306" HPOS="554" VPOS="3184" WIDTH="83" HEIGHT="49" CONTENT="gar" WC="0.96" CC="036"/>
						<SP ID="P2_SP00267" HPOS="637" VPOS="3233" WIDTH="26"/>
						<String ID="P2_ST00307" HPOS="663" VPOS="3170" WIDTH="122" HEIGHT="49" CONTENT="nicht" WC="0.98" CC="60040"/>
						<SP ID="P2_SP00268" HPOS="785" VPOS="3233" WIDTH="28"/>
						<String ID="P2_ST00308" HPOS="813" VPOS="3172" WIDTH="337" HEIGHT="49" CONTENT="verschwinden" WC="0.99" CC="000006067008"/>
						<SP ID="P2_SP00269" HPOS="1150" VPOS="3233" WIDTH="29"/>
						<String ID="P2_ST00309" HPOS="1179" VPOS="3175" WIDTH="174" HEIGHT="58" CONTENT="sollten," WC="0.98" CC="45566364"/>
						<SP ID="P2_SP00270" HPOS="1353" VPOS="3233" WIDTH="38"/>
						<String ID="P2_ST00310" HPOS="1391" VPOS="3194" WIDTH="80" HEIGHT="31" CONTENT="uns" WC="0.96" CC="072"/>
						<SP ID="P2_SP00271" HPOS="1471" VPOS="3233" WIDTH="31"/>
						<String ID="P2_ST00311" HPOS="1502" VPOS="3178" WIDTH="162" HEIGHT="49" CONTENT="fehlen." WC="0.97" CC="9076773"/>
					</TextLine>
					<TextLine ID="P2_TL00041" HPOS="271" VPOS="3240" WIDTH="1394" HEIGHT="79">
						<String ID="P2_ST00312" HPOS="271" VPOS="3240" WIDTH="114" HEIGHT="50" CONTENT="Will" WC="0.98" CC="0314"/>
						<SP ID="P2_SP00272" HPOS="385" VPOS="3290" WIDTH="40"/>
						<String ID="P2_ST00313" HPOS="425" VPOS="3259" WIDTH="106" HEIGHT="32" CONTENT="man" WC="0.94" CC="905"/>
						<SP ID="P2_SP00273" HPOS="531" VPOS="3291" WIDTH="40"/>
						<String ID="P2_ST00314" HPOS="571" VPOS="3253" WIDTH="119" HEIGHT="42" CONTENT="etwa" WC="0.98" CC="0107"/>
						<SP ID="P2_SP00274" HPOS="690" VPOS="3295" WIDTH="37"/>
						<String ID="P2_ST00315" HPOS="727" VPOS="3247" WIDTH="70" HEIGHT="48" CONTENT="die" WC="1.00" CC="000"/>
						<SP ID="P2_SP00275" HPOS="797" VPOS="3295" WIDTH="37"/>
						<String ID="P2_ST00316" HPOS="834" VPOS="3248" WIDTH="265" HEIGHT="65" CONTENT="angebliche" WC="0.99" CC="5200706000"/>
						<SP ID="P2_SP00276" HPOS="1099" VPOS="3313" WIDTH="28"/>
						<String ID="P2_ST00317" HPOS="1127" VPOS="3250" WIDTH="420" HEIGHT="69" CONTENT="Neueinstudirung" WC="0.65" CC="005161570046670"/>
						<SP ID="P2_SP00277" HPOS="1547" VPOS="3319" WIDTH="41"/>
						<String ID="P2_ST00318" HPOS="1588" VPOS="3255" WIDTH="77" HEIGHT="49" CONTENT="des" WC="0.99" CC="010"/>
					</TextLine>
					<TextLine ID="P2_TL00042" HPOS="172" VPOS="3316" WIDTH="1492" HEIGHT="80">
						<String ID="P2_ST00319" HPOS="172" VPOS="3316" WIDTH="129" HEIGHT="55" CONTENT="„Don" WC="0.97" CC="3048"/>
						<SP ID="P2_SP00278" HPOS="301" VPOS="3371" WIDTH="26"/>
						<String ID="P2_ST00320" HPOS="327" VPOS="3320" WIDTH="146" HEIGHT="48" CONTENT='Juan"' WC="0.98" CC="03570"/>
						<SP ID="P2_SP00279" HPOS="473" VPOS="3371" WIDTH="42"/>
						<String ID="P2_ST00321" HPOS="515" VPOS="3321" WIDTH="65" HEIGHT="49" CONTENT="als" WC="0.92" CC="775"/>
						<SP ID="P2_SP00280" HPOS="580" VPOS="3371" WIDTH="40"/>
						<String ID="P2_ST00322" HPOS="620" VPOS="3323" WIDTH="98" HEIGHT="48" CONTENT="eine" WC="0.96" CC="5544"/>
						<SP ID="P2_SP00281" HPOS="718" VPOS="3371" WIDTH="41"/>
						<String ID="P2_ST00323" HPOS="759" VPOS="3324" WIDTH="171" HEIGHT="57" CONTENT='„That"' WC="0.75" CC="004054"/>
						<SP ID="P2_SP00282" HPOS="930" VPOS="3381" WIDTH="50"/>
						<String ID="P2_ST00324" HPOS="980" VPOS="3343" WIDTH="190" HEIGHT="32" CONTENT="unseren" WC="0.97" CC="0736767"/>
						<SP ID="P2_SP00283" HPOS="1170" VPOS="3381" WIDTH="29"/>
						<String ID="P2_ST00325" HPOS="1199" VPOS="3329" WIDTH="179" HEIGHT="65" CONTENT="Klagen" WC="0.96" CC="679966"/>
						<SP ID="P2_SP00284" HPOS="1378" VPOS="3394" WIDTH="38"/>
						<String ID="P2_ST00326" HPOS="1416" VPOS="3339" WIDTH="221" HEIGHT="57" CONTENT="entgegen" SUBS_TYPE="HypPart1" SUBS_CONTENT="entgegenhalten?" WC="0.98" CC="77206057"/>
						<HYP HPOS="1637" VPOS="3339" WIDTH="27" CONTENT="-"/>
					</TextLine>
					<TextLine ID="P2_TL00043" HPOS="160" VPOS="3393" WIDTH="1502" HEIGHT="66">
						<String ID="P2_ST00327" HPOS="160" VPOS="3393" WIDTH="177" HEIGHT="49" CONTENT="halten?" SUBS_TYPE="HypPart2" SUBS_CONTENT="entgegenhalten?" WC="0.98" CC="7072466"/>
						<SP ID="P2_SP00285" HPOS="337" VPOS="3442" WIDTH="55"/>
						<String ID="P2_ST00328" HPOS="392" VPOS="3398" WIDTH="92" HEIGHT="48" CONTENT="Uns" WC="0.97" CC="062"/>
						<SP ID="P2_SP00286" HPOS="484" VPOS="3446" WIDTH="28"/>
						<String ID="P2_ST00329" HPOS="512" VPOS="3398" WIDTH="159" HEIGHT="59" CONTENT="dünkt," WC="0.99" CC="006000"/>
						<SP ID="P2_SP00287" HPOS="671" VPOS="3457" WIDTH="42"/>
						<String ID="P2_ST00330" HPOS="713" VPOS="3418" WIDTH="90" HEIGHT="32" CONTENT="was" WC="1.00" CC="000"/>
						<SP ID="P2_SP00288" HPOS="803" VPOS="3457" WIDTH="42"/>
						<String ID="P2_ST00331" HPOS="845" VPOS="3419" WIDTH="104" HEIGHT="32" CONTENT="man" WC="0.94" CC="905"/>
						<SP ID="P2_SP00289" HPOS="949" VPOS="3457" WIDTH="43"/>
						<String ID="P2_ST00332" HPOS="992" VPOS="3405" WIDTH="70" HEIGHT="47" CONTENT="bei" WC="0.96" CC="703"/>
						<SP ID="P2_SP00290" HPOS="1062" VPOS="3457" WIDTH="39"/>
						<String ID="P2_ST00333" HPOS="1101" VPOS="3404" WIDTH="237" HEIGHT="51" CONTENT="derselben" WC="0.99" CC="004065635"/>
						<SP ID="P2_SP00291" HPOS="1338" VPOS="3457" WIDTH="44"/>
						<String ID="P2_ST00334" HPOS="1382" VPOS="3410" WIDTH="280" HEIGHT="49" CONTENT="unterlassen" WC="0.99" CC="07075003107"/>
					</TextLine>
					<TextLine ID="P2_TL00044" HPOS="159" VPOS="3469" WIDTH="1501" HEIGHT="77">
						<String ID="P2_ST00335" HPOS="159" VPOS="3469" WIDTH="90" HEIGHT="57" CONTENT="hat," WC="0.96" CC="7522"/>
						<SP ID="P2_SP00292" HPOS="249" VPOS="3526" WIDTH="32"/>
						<String ID="P2_ST00336" HPOS="281" VPOS="3471" WIDTH="131" HEIGHT="65" CONTENT="wiegt" WC="0.97" CC="02195"/>
						<SP ID="P2_SP00293" HPOS="412" VPOS="3536" WIDTH="27"/>
						<String ID="P2_ST00337" HPOS="439" VPOS="3475" WIDTH="80" HEIGHT="48" CONTENT="viel" WC="0.98" CC="4006"/>
						<SP ID="P2_SP00294" HPOS="519" VPOS="3536" WIDTH="27"/>
						<String ID="P2_ST00338" HPOS="546" VPOS="3476" WIDTH="243" HEIGHT="59" CONTENT="schwerer," WC="0.99" CC="005030132"/>
						<SP ID="P2_SP00295" HPOS="789" VPOS="3536" WIDTH="33"/>
						<String ID="P2_ST00339" HPOS="822" VPOS="3479" WIDTH="64" HEIGHT="48" CONTENT="als" WC="0.96" CC="064"/>
						<SP ID="P2_SP00296" HPOS="886" VPOS="3536" WIDTH="39"/>
						<String ID="P2_ST00340" HPOS="925" VPOS="3497" WIDTH="90" HEIGHT="31" CONTENT="was" WC="0.96" CC="056"/>
						<SP ID="P2_SP00297" HPOS="1015" VPOS="3536" WIDTH="33"/>
						<String ID="P2_ST00341" HPOS="1048" VPOS="3498" WIDTH="100" HEIGHT="32" CONTENT="man" WC="0.98" CC="004"/>
						<SP ID="P2_SP00298" HPOS="1148" VPOS="3536" WIDTH="31"/>
						<String ID="P2_ST00342" HPOS="1179" VPOS="3483" WIDTH="183" HEIGHT="63" CONTENT="gethan." WC="0.57" CC="0567064"/>
						<SP ID="P2_SP00299" HPOS="1362" VPOS="3546" WIDTH="47"/>
						<String ID="P2_ST00343" HPOS="1409" VPOS="3487" WIDTH="118" HEIGHT="47" CONTENT="Dass" WC="0.46" CC="0578"/>
						<SP ID="P2_SP00300" HPOS="1527" VPOS="3546" WIDTH="30"/>
						<String ID="P2_ST00344" HPOS="1557" VPOS="3504" WIDTH="103" HEIGHT="31" CONTENT="man" WC="0.95" CC="094"/>
					</TextLine>
					<TextLine ID="P2_TL00045" HPOS="157" VPOS="3545" WIDTH="1503" HEIGHT="77">
						<String ID="P2_ST00345" HPOS="157" VPOS="3545" WIDTH="69" HEIGHT="48" CONTENT="die" WC="0.99" CC="030"/>
						<SP ID="P2_SP00301" HPOS="226" VPOS="3593" WIDTH="30"/>
						<String ID="P2_ST00346" HPOS="256" VPOS="3549" WIDTH="237" HEIGHT="51" CONTENT="Recitative" WC="0.87" CC="0020800000"/>
						<SP ID="P2_SP00302" HPOS="493" VPOS="3600" WIDTH="41"/>
						<String ID="P2_ST00347" HPOS="534" VPOS="3554" WIDTH="113" HEIGHT="48" CONTENT="nach" WC="0.98" CC="2005"/>
						<SP ID="P2_SP00303" HPOS="647" VPOS="3602" WIDTH="37"/>
						<String ID="P2_ST00348" HPOS="684" VPOS="3555" WIDTH="81" HEIGHT="48" CONTENT="der" WC="0.98" CC="500"/>
						<SP ID="P2_SP00304" HPOS="765" VPOS="3603" WIDTH="30"/>
						<String ID="P2_ST00349" HPOS="795" VPOS="3559" WIDTH="375" HEIGHT="63" CONTENT="ursprünglichen" WC="0.99" CC="64000060305668"/>
						<SP ID="P2_SP00305" HPOS="1170" VPOS="3622" WIDTH="31"/>
						<String ID="P2_ST00350" HPOS="1201" VPOS="3560" WIDTH="190" HEIGHT="50" CONTENT="Absicht" WC="0.98" CC="0776265"/>
						<SP ID="P2_SP00306" HPOS="1391" VPOS="3622" WIDTH="27"/>
						<String ID="P2_ST00351" HPOS="1418" VPOS="3561" WIDTH="76" HEIGHT="50" CONTENT="des" WC="1.00" CC="000"/>
						<SP ID="P2_SP00307" HPOS="1494" VPOS="3622" WIDTH="32"/>
						<String ID="P2_ST00352" HPOS="1526" VPOS="3564" WIDTH="101" HEIGHT="48" CONTENT="Com" SUBS_TYPE="HypPart1" SUBS_CONTENT="Componisten" WC="0.73" CC="550"/>
						<HYP HPOS="1627" VPOS="3564" WIDTH="33" CONTENT="-"/>
					</TextLine>
					<TextLine ID="P2_TL00046" HPOS="154" VPOS="3624" WIDTH="1506" HEIGHT="70">
						<String ID="P2_ST00353" HPOS="154" VPOS="3624" WIDTH="205" HEIGHT="63" CONTENT="ponisten" SUBS_TYPE="HypPart2" SUBS_CONTENT="Componisten" WC="0.51" CC="96746500"/>
						<SP ID="P2_SP00308" HPOS="359" VPOS="3687" WIDTH="41"/>
						<String ID="P2_ST00354" HPOS="400" VPOS="3628" WIDTH="166" HEIGHT="49" CONTENT="wieder" WC="1.00" CC="000005"/>
						<SP ID="P2_SP00309" HPOS="566" VPOS="3687" WIDTH="40"/>
						<String ID="P2_ST00355" HPOS="606" VPOS="3631" WIDTH="241" HEIGHT="59" CONTENT="herstellte," WC="0.98" CC="70436567760"/>
						<SP ID="P2_SP00310" HPOS="847" VPOS="3690" WIDTH="46"/>
						<String ID="P2_ST00356" HPOS="893" VPOS="3652" WIDTH="97" HEIGHT="33" CONTENT="war" WC="1.00" CC="000"/>
						<SP ID="P2_SP00311" HPOS="990" VPOS="3690" WIDTH="37"/>
						<String ID="P2_ST00357" HPOS="1027" VPOS="3636" WIDTH="332" HEIGHT="58" CONTENT="lobenswert!);" WC="0.99" CC="6450600105771"/>
						<SP ID="P2_SP00312" HPOS="1359" VPOS="3694" WIDTH="50"/>
						<String ID="P2_ST00358" HPOS="1409" VPOS="3640" WIDTH="112" HEIGHT="48" CONTENT="aber" WC="0.98" CC="0602"/>
						<SP ID="P2_SP00313" HPOS="1521" VPOS="3694" WIDTH="38"/>
						<String ID="P2_ST00359" HPOS="1559" VPOS="3641" WIDTH="101" HEIGHT="49" CONTENT="dass" WC="0.76" CC="0053"/>
					</TextLine>
					<TextLine ID="P2_TL00047" HPOS="154" VPOS="3701" WIDTH="1505" HEIGHT="80">
						<String ID="P2_ST00360" HPOS="154" VPOS="3716" WIDTH="105" HEIGHT="32" CONTENT="man" WC="0.95" CC="067"/>
						<SP ID="P2_SP00314" HPOS="259" VPOS="3748" WIDTH="30"/>
						<String ID="P2_ST00361" HPOS="289" VPOS="3701" WIDTH="70" HEIGHT="48" CONTENT="bei" WC="0.97" CC="700"/>
						<SP ID="P2_SP00315" HPOS="359" VPOS="3749" WIDTH="30"/>
						<String ID="P2_ST00362" HPOS="389" VPOS="3702" WIDTH="142" HEIGHT="51" CONTENT="dieser" WC="0.98" CC="035636"/>
						<SP ID="P2_SP00316" HPOS="531" VPOS="3753" WIDTH="31"/>
						<String ID="P2_ST00363" HPOS="562" VPOS="3708" WIDTH="291" HEIGHT="66" CONTENT="Gelegenheit" WC="0.99" CC="70110377017"/>
						<SP ID="P2_SP00317" HPOS="853" VPOS="3774" WIDTH="36"/>
						<String ID="P2_ST00364" HPOS="889" VPOS="3711" WIDTH="87" HEIGHT="50" CONTENT="den" WC="0.96" CC="038"/>
						<SP ID="P2_SP00318" HPOS="976" VPOS="3774" WIDTH="33"/>
						<String ID="P2_ST00365" HPOS="1009" VPOS="3715" WIDTH="129" HEIGHT="55" CONTENT="Text," WC="0.98" CC="05070"/>
						<SP ID="P2_SP00319" HPOS="1138" VPOS="3774" WIDTH="40"/>
						<String ID="P2_ST00366" HPOS="1178" VPOS="3714" WIDTH="71" HEIGHT="49" CONTENT="die" WC="0.94" CC="906"/>
						<SP ID="P2_SP00320" HPOS="1249" VPOS="3774" WIDTH="28"/>
						<String ID="P2_ST00367" HPOS="1277" VPOS="3716" WIDTH="269" HEIGHT="65" CONTENT="Scenirung," WC="0.50" CC="5333736292"/>
						<SP ID="P2_SP00321" HPOS="1546" VPOS="3781" WIDTH="42"/>
						<String ID="P2_ST00368" HPOS="1588" VPOS="3719" WIDTH="71" HEIGHT="48" CONTENT="die" WC="0.97" CC="007"/>
					</TextLine>
					<TextLine ID="P2_TL00048" HPOS="150" VPOS="3775" WIDTH="1508" HEIGHT="80">
						<String ID="P2_ST00369" HPOS="150" VPOS="3775" WIDTH="301" HEIGHT="53" CONTENT="dramatische" WC="0.99" CC="96806020040"/>
						<SP ID="P2_SP00322" HPOS="451" VPOS="3828" WIDTH="29"/>
						<String ID="P2_ST00370" HPOS="480" VPOS="3782" WIDTH="91" HEIGHT="49" CONTENT="und" WC="0.97" CC="170"/>
						<SP ID="P2_SP00323" HPOS="571" VPOS="3831" WIDTH="29"/>
						<String ID="P2_ST00371" HPOS="600" VPOS="3788" WIDTH="302" HEIGHT="49" CONTENT="musicalische" WC="0.99" CC="040000263075"/>
						<SP ID="P2_SP00324" HPOS="902" VPOS="3837" WIDTH="31"/>
						<String ID="P2_ST00372" HPOS="933" VPOS="3791" WIDTH="279" HEIGHT="64" CONTENT="Auffassung" WC="0.98" CC="0690905680"/>
						<SP ID="P2_SP00325" HPOS="1212" VPOS="3855" WIDTH="37"/>
						<String ID="P2_ST00373" HPOS="1249" VPOS="3793" WIDTH="76" HEIGHT="47" CONTENT="des" WC="1.00" CC="000"/>
						<SP ID="P2_SP00326" HPOS="1325" VPOS="3855" WIDTH="29"/>
						<String ID="P2_ST00374" HPOS="1354" VPOS="3794" WIDTH="277" HEIGHT="49" CONTENT="Meisterwer" SUBS_TYPE="HypPart1" SUBS_CONTENT="Meisterwerkes" WC="0.99" CC="0331735020"/>
						<HYP HPOS="1631" VPOS="3794" WIDTH="27" CONTENT="-"/>
					</TextLine>
					<TextLine ID="P2_TL00049" HPOS="148" VPOS="3852" WIDTH="1511" HEIGHT="87">
						<String ID="P2_ST00375" HPOS="148" VPOS="3852" WIDTH="77" HEIGHT="50" CONTENT="kes" SUBS_TYPE="HypPart2" SUBS_CONTENT="Meisterwerkes" WC="0.90" CC="979"/>
						<SP ID="P2_SP00327" HPOS="225" VPOS="3902" WIDTH="31"/>
						<String ID="P2_ST00376" HPOS="256" VPOS="3856" WIDTH="114" HEIGHT="47" CONTENT="nach" WC="0.97" CC="4307"/>
						<SP ID="P2_SP00328" HPOS="370" VPOS="3903" WIDTH="29"/>
						<String ID="P2_ST00377" HPOS="399" VPOS="3857" WIDTH="80" HEIGHT="49" CONTENT="der" WC="1.00" CC="000"/>
						<SP ID="P2_SP00329" HPOS="479" VPOS="3906" WIDTH="29"/>
						<String ID="P2_ST00378" HPOS="508" VPOS="3860" WIDTH="252" HEIGHT="68" CONTENT="bisherigen" WC="0.99" CC="7501057006"/>
						<SP ID="P2_SP00330" HPOS="760" VPOS="3928" WIDTH="24"/>
						<String ID="P2_ST00379" HPOS="784" VPOS="3866" WIDTH="251" HEIGHT="51" CONTENT="Schablone" WC="0.98" CC="506076075"/>
						<SP ID="P2_SP00331" HPOS="1035" VPOS="3928" WIDTH="26"/>
						<String ID="P2_ST00380" HPOS="1061" VPOS="3869" WIDTH="216" HEIGHT="49" CONTENT="bestehen" WC="0.99" CC="70130600"/>
						<SP ID="P2_SP00332" HPOS="1277" VPOS="3928" WIDTH="30"/>
						<String ID="P2_ST00381" HPOS="1307" VPOS="3871" WIDTH="115" HEIGHT="57" CONTENT="liess," WC="0.63" CC="775100"/>
						<SP ID="P2_SP00333" HPOS="1422" VPOS="3928" WIDTH="31"/>
						<String ID="P2_ST00382" HPOS="1453" VPOS="3871" WIDTH="79" HEIGHT="50" CONTENT="das" WC="0.99" CC="003"/>
						<SP ID="P2_SP00334" HPOS="1532" VPOS="3928" WIDTH="29"/>
						<String ID="P2_ST00383" HPOS="1561" VPOS="3874" WIDTH="98" HEIGHT="65" CONTENT="gibt" WC="0.98" CC="0160"/>
					</TextLine>
					<TextLine ID="P2_TL00050" HPOS="145" VPOS="3930" WIDTH="1510" HEIGHT="81">
						<String ID="P2_ST00384" HPOS="145" VPOS="3930" WIDTH="81" HEIGHT="48" CONTENT="der" WC="0.90" CC="979"/>
						<SP ID="P2_SP00335" HPOS="226" VPOS="3978" WIDTH="22"/>
						<String ID="P2_ST00385" HPOS="248" VPOS="3934" WIDTH="232" HEIGHT="49" CONTENT="Direction" WC="0.73" CC="055000308"/>
						<SP ID="P2_SP00336" HPOS="480" VPOS="3983" WIDTH="26"/>
						<String ID="P2_ST00386" HPOS="506" VPOS="3939" WIDTH="214" HEIGHT="48" CONTENT="wahrlich" WC="0.99" CC="00750175"/>
						<SP ID="P2_SP00337" HPOS="720" VPOS="3987" WIDTH="31"/>
						<String ID="P2_ST00387" HPOS="751" VPOS="3941" WIDTH="157" HEIGHT="50" CONTENT="keinen" WC="0.99" CC="070008"/>
						<SP ID="P2_SP00338" HPOS="908" VPOS="3991" WIDTH="30"/>
						<String ID="P2_ST00388" HPOS="938" VPOS="3946" WIDTH="238" HEIGHT="65" CONTENT="Anspruch" WC="0.98" CC="05304757"/>
						<SP ID="P2_SP00339" HPOS="1176" VPOS="4011" WIDTH="26"/>
						<String ID="P2_ST00389" HPOS="1202" VPOS="3949" WIDTH="84" HEIGHT="48" CONTENT="auf" WC="0.91" CC="679"/>
						<SP ID="P2_SP00340" HPOS="1286" VPOS="4011" WIDTH="21"/>
						<String ID="P2_ST00390" HPOS="1307" VPOS="3948" WIDTH="87" HEIGHT="48" CONTENT="den" WC="0.97" CC="006"/>
						<SP ID="P2_SP00341" HPOS="1394" VPOS="4011" WIDTH="25"/>
						<String ID="P2_ST00391" HPOS="1419" VPOS="3950" WIDTH="135" HEIGHT="50" CONTENT="Dank" WC="0.97" CC="0970"/>
						<SP ID="P2_SP00342" HPOS="1554" VPOS="4011" WIDTH="24"/>
						<String ID="P2_ST00392" HPOS="1578" VPOS="3950" WIDTH="77" HEIGHT="50" CONTENT="des" WC="0.96" CC="063"/>
					</TextLine>
					<TextLine ID="P2_TL00051" HPOS="146" VPOS="4007" WIDTH="1236" HEIGHT="77">
						<String ID="P2_ST00393" HPOS="146" VPOS="4007" WIDTH="262" HEIGHT="52" CONTENT="Publicums" WC="0.43" CC="987710726"/>
						<SP ID="P2_SP00343" HPOS="408" VPOS="4059" WIDTH="31"/>
						<String ID="P2_ST00394" HPOS="439" VPOS="4015" WIDTH="91" HEIGHT="47" CONTENT="und" WC="0.91" CC="779"/>
						<SP ID="P2_SP00344" HPOS="530" VPOS="4062" WIDTH="28"/>
						<String ID="P2_ST00395" HPOS="558" VPOS="4016" WIDTH="75" HEIGHT="47" CONTENT="auf" WC="0.94" CC="905"/>
						<SP ID="P2_SP00345" HPOS="633" VPOS="4063" WIDTH="29"/>
						<String ID="P2_ST00396" HPOS="662" VPOS="4015" WIDTH="70" HEIGHT="51" CONTENT="die" WC="0.95" CC="057"/>
						<SP ID="P2_SP00346" HPOS="732" VPOS="4066" WIDTH="29"/>
						<String ID="P2_ST00397" HPOS="761" VPOS="4019" WIDTH="319" HEIGHT="65" CONTENT="Sympathieen" WC="0.50" CC="07800751788"/>
						<SP ID="P2_SP00347" HPOS="1080" VPOS="4084" WIDTH="30"/>
						<String ID="P2_ST00398" HPOS="1110" VPOS="4024" WIDTH="82" HEIGHT="48" CONTENT="der" WC="0.92" CC="776"/>
						<SP ID="P2_SP00348" HPOS="1192" VPOS="4084" WIDTH="28"/>
						<String ID="P2_ST00399" HPOS="1220" VPOS="4025" WIDTH="162" HEIGHT="50" CONTENT="Kritik." WC="0.99" CC="0015601"/>
					</TextLine>
				</TextBlock>
				<TextBlock ID="P2_TB00003" HPOS="1727" VPOS="278" WIDTH="1552" HEIGHT="3810" STYLEREFS="TXT_1 PAR_BLOCK">
					<TextLine ID="P2_TL00052" HPOS="1885" VPOS="280" WIDTH="1392" HEIGHT="68">
						<String ID="P2_ST00400" HPOS="1885" VPOS="280" WIDTH="98" HEIGHT="47" CONTENT="Auf" WC="0.96" CC="307"/>
						<SP ID="P2_SP00349" HPOS="1983" VPOS="327" WIDTH="39"/>
						<String ID="P2_ST00401" HPOS="2022" VPOS="280" WIDTH="71" HEIGHT="47" CONTENT="ihr" WC="0.96" CC="026"/>
						<SP ID="P2_SP00350" HPOS="2093" VPOS="327" WIDTH="27"/>
						<String ID="P2_ST00402" HPOS="2120" VPOS="282" WIDTH="465" HEIGHT="66" CONTENT="Mozart-Repertoire" WC="0.99" CC="35662306672372270"/>
						<SP ID="P2_SP00351" HPOS="2585" VPOS="348" WIDTH="46"/>
						<String ID="P2_ST00403" HPOS="2631" VPOS="286" WIDTH="105" HEIGHT="48" CONTENT="darf" WC="0.98" CC="0207"/>
						<SP ID="P2_SP00352" HPOS="2736" VPOS="348" WIDTH="30"/>
						<String ID="P2_ST00404" HPOS="2766" VPOS="287" WIDTH="70" HEIGHT="49" CONTENT="die" WC="0.97" CC="105"/>
						<SP ID="P2_SP00353" HPOS="2836" VPOS="348" WIDTH="30"/>
						<String ID="P2_ST00405" HPOS="2866" VPOS="290" WIDTH="228" HEIGHT="48" CONTENT="Direction" WC="0.80" CC="400405101"/>
						<SP ID="P2_SP00354" HPOS="3094" VPOS="348" WIDTH="50"/>
						<String ID="P2_ST00406" HPOS="3144" VPOS="291" WIDTH="107" HEIGHT="50" CONTENT="über" SUBS_TYPE="HypPart1" SUBS_CONTENT="überhaupt" WC="0.98" CC="0770"/>
						<HYP HPOS="3251" VPOS="291" WIDTH="26" CONTENT="-"/>
					</TextLine>
					<TextLine ID="P2_TL00053" HPOS="1772" VPOS="356" WIDTH="1507" HEIGHT="63">
						<String ID="P2_ST00407" HPOS="1772" VPOS="356" WIDTH="138" HEIGHT="63" CONTENT="haupt" SUBS_TYPE="HypPart2" SUBS_CONTENT="überhaupt" WC="0.97" CC="74053"/>
						<SP ID="P2_SP00355" HPOS="1910" VPOS="419" WIDTH="22"/>
						<String ID="P2_ST00408" HPOS="1932" VPOS="356" WIDTH="123" HEIGHT="47" CONTENT="nicht" WC="0.98" CC="40060"/>
						<SP ID="P2_SP00356" HPOS="2055" VPOS="419" WIDTH="22"/>
						<String ID="P2_ST00409" HPOS="2077" VPOS="359" WIDTH="104" HEIGHT="45" CONTENT="stolz" WC="0.96" CC="06677"/>
						<SP ID="P2_SP00357" HPOS="2181" VPOS="419" WIDTH="23"/>
						<String ID="P2_ST00410" HPOS="2204" VPOS="359" WIDTH="107" HEIGHT="48" CONTENT="sein." WC="0.98" CC="46204"/>
						<SP ID="P2_SP00358" HPOS="2311" VPOS="419" WIDTH="24"/>
						<String ID="P2_ST00411" HPOS="2335" VPOS="361" WIDTH="105" HEIGHT="47" CONTENT="Man" WC="0.96" CC="306"/>
						<SP ID="P2_SP00359" HPOS="2440" VPOS="419" WIDTH="24"/>
						<String ID="P2_ST00412" HPOS="2464" VPOS="361" WIDTH="167" HEIGHT="48" CONTENT="könnte" WC="0.98" CC="376080"/>
						<SP ID="P2_SP00360" HPOS="2631" VPOS="419" WIDTH="22"/>
						<String ID="P2_ST00413" HPOS="2653" VPOS="364" WIDTH="127" HEIGHT="47" CONTENT="dicke" WC="0.97" CC="60890"/>
						<SP ID="P2_SP00361" HPOS="2780" VPOS="419" WIDTH="23"/>
						<String ID="P2_ST00414" HPOS="2803" VPOS="366" WIDTH="286" HEIGHT="47" CONTENT="Broschüren" WC="0.99" CC="7261200260"/>
						<SP ID="P2_SP00362" HPOS="3089" VPOS="419" WIDTH="24"/>
						<String ID="P2_ST00415" HPOS="3113" VPOS="369" WIDTH="143" HEIGHT="48" CONTENT="schrei" SUBS_TYPE="HypPart1" SUBS_CONTENT="schreiben" WC="0.99" CC="010542"/>
						<HYP HPOS="3256" VPOS="369" WIDTH="23" CONTENT="-"/>
					</TextLine>
					<TextLine ID="P2_TL00054" HPOS="1771" VPOS="430" WIDTH="1506" HEIGHT="62">
						<String ID="P2_ST00416" HPOS="1771" VPOS="431" WIDTH="89" HEIGHT="46" CONTENT="ben" SUBS_TYPE="HypPart2" SUBS_CONTENT="schreiben" WC="0.97" CC="620"/>
						<SP ID="P2_SP00363" HPOS="1860" VPOS="477" WIDTH="35"/>
						<String ID="P2_ST00417" HPOS="1895" VPOS="430" WIDTH="115" HEIGHT="48" CONTENT="über" WC="0.98" CC="0604"/>
						<SP ID="P2_SP00364" HPOS="2010" VPOS="478" WIDTH="36"/>
						<String ID="P2_ST00418" HPOS="2046" VPOS="431" WIDTH="71" HEIGHT="47" CONTENT="die" WC="0.99" CC="003"/>
						<SP ID="P2_SP00365" HPOS="2117" VPOS="478" WIDTH="35"/>
						<String ID="P2_ST00419" HPOS="2152" VPOS="432" WIDTH="354" HEIGHT="60" CONTENT="musicalischen," WC="0.99" CC="51400153610452"/>
						<SP ID="P2_SP00366" HPOS="2506" VPOS="492" WIDTH="31"/>
						<String ID="P2_ST00420" HPOS="2537" VPOS="435" WIDTH="330" HEIGHT="52" CONTENT="dramatischen" WC="0.99" CC="020156000307"/>
						<SP ID="P2_SP00367" HPOS="2867" VPOS="492" WIDTH="32"/>
						<String ID="P2_ST00421" HPOS="2899" VPOS="441" WIDTH="91" HEIGHT="46" CONTENT="und" WC="0.95" CC="560"/>
						<SP ID="P2_SP00368" HPOS="2990" VPOS="492" WIDTH="28"/>
						<String ID="P2_ST00422" HPOS="3018" VPOS="442" WIDTH="259" HEIGHT="49" CONTENT="scenischen" WC="0.68" CC="3016300608"/>
					</TextLine>
					<TextLine ID="P2_TL00055" HPOS="1769" VPOS="507" WIDTH="1507" HEIGHT="75">
						<String ID="P2_ST00423" HPOS="1769" VPOS="507" WIDTH="182" HEIGHT="56" CONTENT="Fehler," WC="0.98" CC="0005557"/>
						<SP ID="P2_SP00369" HPOS="1951" VPOS="563" WIDTH="24"/>
						<String ID="P2_ST00424" HPOS="1975" VPOS="508" WIDTH="169" HEIGHT="47" CONTENT="welche" WC="0.98" CC="621750"/>
						<SP ID="P2_SP00370" HPOS="2144" VPOS="563" WIDTH="28"/>
						<String ID="P2_ST00425" HPOS="2172" VPOS="508" WIDTH="90" HEIGHT="47" CONTENT="sich" WC="0.96" CC="5505"/>
						<SP ID="P2_SP00371" HPOS="2262" VPOS="563" WIDTH="31"/>
						<String ID="P2_ST00426" HPOS="2293" VPOS="512" WIDTH="114" HEIGHT="46" CONTENT="nach" WC="0.97" CC="7007"/>
						<SP ID="P2_SP00372" HPOS="2407" VPOS="563" WIDTH="32"/>
						<String ID="P2_ST00427" HPOS="2439" VPOS="512" WIDTH="90" HEIGHT="47" CONTENT="und" WC="0.96" CC="460"/>
						<SP ID="P2_SP00373" HPOS="2529" VPOS="563" WIDTH="29"/>
						<String ID="P2_ST00428" HPOS="2558" VPOS="515" WIDTH="113" HEIGHT="45" CONTENT="nach" WC="0.97" CC="7007"/>
						<SP ID="P2_SP00374" HPOS="2671" VPOS="563" WIDTH="31"/>
						<String ID="P2_ST00429" HPOS="2702" VPOS="515" WIDTH="44" HEIGHT="45" CONTENT="in" WC="0.32" CC="67"/>
						<SP ID="P2_SP00375" HPOS="2746" VPOS="563" WIDTH="29"/>
						<String ID="P2_ST00430" HPOS="2775" VPOS="515" WIDTH="70" HEIGHT="47" CONTENT="die" WC="0.99" CC="003"/>
						<SP ID="P2_SP00376" HPOS="2845" VPOS="563" WIDTH="23"/>
						<String ID="P2_ST00431" HPOS="2868" VPOS="516" WIDTH="302" HEIGHT="66" CONTENT="Aufführung" WC="0.98" CC="4078900545"/>
						<SP ID="P2_SP00377" HPOS="3170" VPOS="582" WIDTH="28"/>
						<String ID="P2_ST00432" HPOS="3198" VPOS="519" WIDTH="78" HEIGHT="48" CONTENT="des" WC="0.94" CC="617"/>
					</TextLine>
					<TextLine ID="P2_TL00056" HPOS="1780" VPOS="583" WIDTH="1492" HEIGHT="73">
						<String ID="P2_ST00433" HPOS="1780" VPOS="583" WIDTH="129" HEIGHT="54" CONTENT="„Don" WC="0.96" CC="3635"/>
						<SP ID="P2_SP00378" HPOS="1909" VPOS="637" WIDTH="22"/>
						<String ID="P2_ST00434" HPOS="1931" VPOS="583" WIDTH="174" HEIGHT="56" CONTENT='Juan",' WC="0.98" CC="500760"/>
						<SP ID="P2_SP00379" HPOS="2105" VPOS="639" WIDTH="24"/>
						<String ID="P2_ST00435" HPOS="2129" VPOS="583" WIDTH="77" HEIGHT="47" CONTENT="des" WC="1.00" CC="000"/>
						<SP ID="P2_SP00380" HPOS="2206" VPOS="639" WIDTH="32"/>
						<String ID="P2_ST00436" HPOS="2238" VPOS="586" WIDTH="250" HEIGHT="63" CONTENT='„Figaro",' WC="0.99" CC="352705042"/>
						<SP ID="P2_SP00381" HPOS="2488" VPOS="649" WIDTH="30"/>
						<String ID="P2_ST00437" HPOS="2518" VPOS="587" WIDTH="81" HEIGHT="47" CONTENT="der" WC="0.98" CC="005"/>
						<SP ID="P2_SP00382" HPOS="2599" VPOS="649" WIDTH="33"/>
						<String ID="P2_ST00438" HPOS="2632" VPOS="588" WIDTH="344" HEIGHT="56" CONTENT='„Zauberllöte"' WC="0.52" CC="2070864068854"/>
						<SP ID="P2_SP00383" HPOS="2976" VPOS="649" WIDTH="36"/>
						<String ID="P2_ST00439" HPOS="3012" VPOS="593" WIDTH="237" HEIGHT="63" CONTENT="eingeschli" SUBS_TYPE="HypPart1" SUBS_CONTENT="eingeschlichen" WC="0.99" CC="1120000737"/>
						<HYP HPOS="3249" VPOS="593" WIDTH="23" CONTENT="-"/>
					</TextLine>
					<TextLine ID="P2_TL00057" HPOS="1767" VPOS="657" WIDTH="1509" HEIGHT="71">
						<String ID="P2_ST00440" HPOS="1767" VPOS="657" WIDTH="113" HEIGHT="47" CONTENT="chen" SUBS_TYPE="HypPart2" SUBS_CONTENT="eingeschlichen" WC="0.96" CC="0774"/>
						<SP ID="P2_SP00384" HPOS="1880" VPOS="704" WIDTH="38"/>
						<String ID="P2_ST00441" HPOS="1918" VPOS="657" WIDTH="166" HEIGHT="57" CONTENT="haben," WC="0.99" CC="205250"/>
						<SP ID="P2_SP00385" HPOS="2084" VPOS="714" WIDTH="41"/>
						<String ID="P2_ST00442" HPOS="2125" VPOS="660" WIDTH="117" HEIGHT="47" CONTENT="ohne" WC="0.98" CC="4120"/>
						<SP ID="P2_SP00386" HPOS="2242" VPOS="714" WIDTH="39"/>
						<String ID="P2_ST00443" HPOS="2281" VPOS="661" WIDTH="101" HEIGHT="47" CONTENT="dass" WC="0.91" CC="0003"/>
						<SP ID="P2_SP00387" HPOS="2382" VPOS="714" WIDTH="38"/>
						<String ID="P2_ST00444" HPOS="2420" VPOS="662" WIDTH="151" HEIGHT="48" CONTENT="bisher" WC="0.97" CC="707634"/>
						<SP ID="P2_SP00388" HPOS="2571" VPOS="714" WIDTH="37"/>
						<String ID="P2_ST00445" HPOS="2608" VPOS="665" WIDTH="157" HEIGHT="63" CONTENT="irgend" WC="0.99" CC="060080"/>
						<SP ID="P2_SP00389" HPOS="2765" VPOS="728" WIDTH="40"/>
						<String ID="P2_ST00446" HPOS="2805" VPOS="666" WIDTH="69" HEIGHT="47" CONTENT="ein" WC="0.96" CC="307"/>
						<SP ID="P2_SP00390" HPOS="2874" VPOS="728" WIDTH="32"/>
						<String ID="P2_ST00447" HPOS="2906" VPOS="667" WIDTH="255" HEIGHT="48" CONTENT="Anzeichen" WC="0.99" CC="056000005"/>
						<SP ID="P2_SP00391" HPOS="3161" VPOS="728" WIDTH="44"/>
						<String ID="P2_ST00448" HPOS="3205" VPOS="670" WIDTH="71" HEIGHT="48" CONTENT="die" WC="0.96" CC="035"/>
					</TextLine>
					<TextLine ID="P2_TL00058" HPOS="1764" VPOS="733" WIDTH="1070" HEIGHT="73">
						<String ID="P2_ST00449" HPOS="1764" VPOS="733" WIDTH="190" HEIGHT="47" CONTENT="Absicht" WC="0.99" CC="0640004"/>
						<SP ID="P2_SP00392" HPOS="1954" VPOS="780" WIDTH="28"/>
						<String ID="P2_ST00450" HPOS="1982" VPOS="734" WIDTH="236" HEIGHT="55" CONTENT="verriethe," WC="0.75" CC="6000406700"/>
						<SP ID="P2_SP00393" HPOS="2218" VPOS="789" WIDTH="29"/>
						<String ID="P2_ST00451" HPOS="2247" VPOS="736" WIDTH="119" HEIGHT="48" CONTENT="diese" WC="1.00" CC="00000"/>
						<SP ID="P2_SP00394" HPOS="2366" VPOS="789" WIDTH="30"/>
						<String ID="P2_ST00452" HPOS="2396" VPOS="740" WIDTH="177" HEIGHT="63" CONTENT="Mängel" WC="0.98" CC="058044"/>
						<SP ID="P2_SP00395" HPOS="2573" VPOS="803" WIDTH="28"/>
						<String ID="P2_ST00453" HPOS="2601" VPOS="759" WIDTH="54" HEIGHT="29" CONTENT="zu" WC="0.45" CC="46"/>
						<SP ID="P2_SP00396" HPOS="2655" VPOS="803" WIDTH="29"/>
						<String ID="P2_ST00454" HPOS="2684" VPOS="742" WIDTH="150" HEIGHT="64" CONTENT="tilgen." WC="0.99" CC="0060150"/>
					</TextLine>
					<TextLine ID="P2_TL00059" HPOS="1879" VPOS="811" WIDTH="1393" HEIGHT="67">
						<String ID="P2_ST00455" HPOS="1879" VPOS="811" WIDTH="51" HEIGHT="45" CONTENT="In" WC="0.70" CC="05"/>
						<SP ID="P2_SP00397" HPOS="1930" VPOS="856" WIDTH="26"/>
						<String ID="P2_ST00456" HPOS="1956" VPOS="811" WIDTH="334" HEIGHT="47" CONTENT="musicalischer" WC="0.71" CC="0500044560605"/>
						<SP ID="P2_SP00398" HPOS="2290" VPOS="858" WIDTH="28"/>
						<String ID="P2_ST00457" HPOS="2318" VPOS="814" WIDTH="258" HEIGHT="64" CONTENT="Beziehung" WC="0.99" CC="706157070"/>
						<SP ID="P2_SP00399" HPOS="2576" VPOS="878" WIDTH="43"/>
						<String ID="P2_ST00458" HPOS="2619" VPOS="834" WIDTH="154" HEIGHT="31" CONTENT="waren" WC="0.97" CC="68301"/>
						<SP ID="P2_SP00400" HPOS="2773" VPOS="878" WIDTH="42"/>
						<String ID="P2_ST00459" HPOS="2815" VPOS="818" WIDTH="71" HEIGHT="47" CONTENT="die" WC="0.99" CC="003"/>
						<SP ID="P2_SP00401" HPOS="2886" VPOS="878" WIDTH="29"/>
						<String ID="P2_ST00460" HPOS="2915" VPOS="820" WIDTH="236" HEIGHT="47" CONTENT="Novitäten" WC="0.99" CC="564065004"/>
						<SP ID="P2_SP00402" HPOS="3151" VPOS="878" WIDTH="42"/>
						<String ID="P2_ST00461" HPOS="3193" VPOS="822" WIDTH="79" HEIGHT="46" CONTENT="mit" WC="0.98" CC="060"/>
					</TextLine>
					<TextLine ID="P2_TL00060" HPOS="1764" VPOS="883" WIDTH="1500" HEIGHT="71">
						<String ID="P2_ST00462" HPOS="1764" VPOS="883" WIDTH="360" HEIGHT="50" CONTENT="lobenswerther" WC="0.80" CC="0160050064000"/>
						<SP ID="P2_SP00403" HPOS="2124" VPOS="933" WIDTH="23"/>
						<String ID="P2_ST00463" HPOS="2147" VPOS="888" WIDTH="299" HEIGHT="65" CONTENT="Genauigkeit" WC="0.99" CC="65055003026"/>
						<SP ID="P2_SP00404" HPOS="2446" VPOS="953" WIDTH="22"/>
						<String ID="P2_ST00464" HPOS="2468" VPOS="891" WIDTH="226" HEIGHT="63" CONTENT="eingeübt." WC="0.99" CC="106050603"/>
						<SP ID="P2_SP00405" HPOS="2694" VPOS="954" WIDTH="32"/>
						<String ID="P2_ST00465" HPOS="2726" VPOS="893" WIDTH="284" HEIGHT="48" CONTENT="Namentlich" WC="0.99" CC="6095761000"/>
						<SP ID="P2_SP00406" HPOS="3010" VPOS="954" WIDTH="31"/>
						<String ID="P2_ST00466" HPOS="3041" VPOS="894" WIDTH="106" HEIGHT="49" CONTENT="hielt" WC="0.99" CC="00034"/>
						<SP ID="P2_SP00407" HPOS="3147" VPOS="954" WIDTH="27"/>
						<String ID="P2_ST00467" HPOS="3174" VPOS="896" WIDTH="90" HEIGHT="48" CONTENT="sich" WC="0.97" CC="7007"/>
					</TextLine>
					<TextLine ID="P2_TL00061" HPOS="1763" VPOS="959" WIDTH="1505" HEIGHT="76">
						<String ID="P2_ST00468" HPOS="1763" VPOS="959" WIDTH="78" HEIGHT="48" CONTENT="das" WC="0.92" CC="954"/>
						<SP ID="P2_SP00408" HPOS="1841" VPOS="1007" WIDTH="30"/>
						<String ID="P2_ST00469" HPOS="1871" VPOS="961" WIDTH="246" HEIGHT="48" CONTENT="Orchester" WC="0.98" CC="790072730"/>
						<SP ID="P2_SP00409" HPOS="2117" VPOS="1009" WIDTH="30"/>
						<String ID="P2_ST00470" HPOS="2147" VPOS="963" WIDTH="207" HEIGHT="48" CONTENT="meistens" WC="0.99" CC="04235180"/>
						<SP ID="P2_SP00410" HPOS="2354" VPOS="1011" WIDTH="28"/>
						<String ID="P2_ST00471" HPOS="2382" VPOS="966" WIDTH="104" HEIGHT="47" CONTENT="sehr" WC="0.98" CC="6005"/>
						<SP ID="P2_SP00411" HPOS="2486" VPOS="1013" WIDTH="26"/>
						<String ID="P2_ST00472" HPOS="2512" VPOS="964" WIDTH="94" HEIGHT="66" CONTENT="guf." WC="0.66" CC="0570"/>
						<SP ID="P2_SP00412" HPOS="2606" VPOS="1030" WIDTH="50"/>
						<String ID="P2_ST00473" HPOS="2656" VPOS="968" WIDTH="85" HEIGHT="48" CONTENT="Die" WC="0.96" CC="533"/>
						<SP ID="P2_SP00413" HPOS="2741" VPOS="1030" WIDTH="29"/>
						<String ID="P2_ST00474" HPOS="2770" VPOS="971" WIDTH="135" HEIGHT="54" CONTENT="alten," WC="0.97" CC="724774"/>
						<SP ID="P2_SP00414" HPOS="2905" VPOS="1030" WIDTH="43"/>
						<String ID="P2_ST00475" HPOS="2948" VPOS="971" WIDTH="65" HEIGHT="47" CONTENT="oft" WC="0.97" CC="403"/>
						<SP ID="P2_SP00415" HPOS="3013" VPOS="1030" WIDTH="34"/>
						<String ID="P2_ST00476" HPOS="3047" VPOS="976" WIDTH="221" HEIGHT="59" CONTENT="gerügten" WC="0.97" CC="94409666"/>
					</TextLine>
					<TextLine ID="P2_TL00062" HPOS="1763" VPOS="1035" WIDTH="1508" HEIGHT="74">
						<String ID="P2_ST00477" HPOS="1763" VPOS="1035" WIDTH="167" HEIGHT="47" CONTENT="Fehler" WC="0.98" CC="907205"/>
						<SP ID="P2_SP00416" HPOS="1930" VPOS="1082" WIDTH="41"/>
						<String ID="P2_ST00478" HPOS="1971" VPOS="1035" WIDTH="80" HEIGHT="49" CONTENT="der" WC="0.97" CC="006"/>
						<SP ID="P2_SP00417" HPOS="2051" VPOS="1084" WIDTH="40"/>
						<String ID="P2_ST00479" HPOS="2091" VPOS="1054" WIDTH="54" HEIGHT="30" CONTENT="zu" WC="0.56" CC="53"/>
						<SP ID="P2_SP00418" HPOS="2145" VPOS="1084" WIDTH="41"/>
						<String ID="P2_ST00480" HPOS="2186" VPOS="1039" WIDTH="182" HEIGHT="49" CONTENT="starken" WC="0.99" CC="0326016"/>
						<SP ID="P2_SP00419" HPOS="2368" VPOS="1088" WIDTH="28"/>
						<String ID="P2_ST00481" HPOS="2396" VPOS="1042" WIDTH="270" HEIGHT="65" CONTENT="Begleitung" WC="0.99" CC="6003605660"/>
						<SP ID="P2_SP00420" HPOS="2666" VPOS="1107" WIDTH="41"/>
						<String ID="P2_ST00482" HPOS="2707" VPOS="1043" WIDTH="75" HEIGHT="48" CONTENT="des" WC="0.94" CC="960"/>
						<SP ID="P2_SP00421" HPOS="2782" VPOS="1107" WIDTH="31"/>
						<String ID="P2_ST00483" HPOS="2813" VPOS="1046" WIDTH="246" HEIGHT="63" CONTENT="Gesanges," WC="0.99" CC="405060340"/>
						<SP ID="P2_SP00422" HPOS="3059" VPOS="1109" WIDTH="45"/>
						<String ID="P2_ST00484" HPOS="3104" VPOS="1046" WIDTH="76" HEIGHT="48" CONTENT="des" WC="0.99" CC="003"/>
						<SP ID="P2_SP00423" HPOS="3180" VPOS="1109" WIDTH="35"/>
						<String ID="P2_ST00485" HPOS="3215" VPOS="1065" WIDTH="56" HEIGHT="30" CONTENT="zu" WC="0.64" CC="06"/>
					</TextLine>
					<TextLine ID="P2_TL00063" HPOS="1761" VPOS="1112" WIDTH="1508" HEIGHT="66">
						<String ID="P2_ST00486" HPOS="1761" VPOS="1113" WIDTH="186" HEIGHT="61" CONTENT="grellen," WC="0.99" CC="06024160"/>
						<SP ID="P2_SP00424" HPOS="1947" VPOS="1174" WIDTH="30"/>
						<String ID="P2_ST00487" HPOS="1977" VPOS="1112" WIDTH="248" HEIGHT="49" CONTENT="ruckweise" WC="0.99" CC="404700760"/>
						<SP ID="P2_SP00425" HPOS="2225" VPOS="1174" WIDTH="26"/>
						<String ID="P2_ST00488" HPOS="2251" VPOS="1123" WIDTH="108" HEIGHT="41" CONTENT="statt" WC="0.99" CC="20007"/>
						<SP ID="P2_SP00426" HPOS="2359" VPOS="1174" WIDTH="29"/>
						<String ID="P2_ST00489" HPOS="2388" VPOS="1118" WIDTH="253" HEIGHT="48" CONTENT="allmählich" WC="0.99" CC="0568040606"/>
						<SP ID="P2_SP00427" HPOS="2641" VPOS="1174" WIDTH="25"/>
						<String ID="P2_ST00490" HPOS="2666" VPOS="1119" WIDTH="310" HEIGHT="49" CONTENT="eintretenden" WC="0.99" CC="728200006026"/>
						<SP ID="P2_SP00428" HPOS="2976" VPOS="1174" WIDTH="23"/>
						<String ID="P2_ST00491" HPOS="2999" VPOS="1122" WIDTH="270" HEIGHT="56" CONTENT="Crescendo," WC="0.99" CC="7500668050"/>
					</TextLine>
					<TextLine ID="P2_TL00064" HPOS="1759" VPOS="1188" WIDTH="1510" HEIGHT="73">
						<String ID="P2_ST00492" HPOS="1759" VPOS="1188" WIDTH="80" HEIGHT="47" CONTENT="der" WC="0.93" CC="845"/>
						<SP ID="P2_SP00429" HPOS="1839" VPOS="1235" WIDTH="37"/>
						<String ID="P2_ST00493" HPOS="1876" VPOS="1189" WIDTH="267" HEIGHT="62" CONTENT="ungleichen" WC="0.99" CC="2303200223"/>
						<SP ID="P2_SP00430" HPOS="2143" VPOS="1251" WIDTH="43"/>
						<String ID="P2_ST00494" HPOS="2186" VPOS="1192" WIDTH="305" HEIGHT="66" CONTENT="Ausführung" WC="0.99" CC="2360074580"/>
						<SP ID="P2_SP00431" HPOS="2491" VPOS="1258" WIDTH="49"/>
						<String ID="P2_ST00495" HPOS="2540" VPOS="1195" WIDTH="214" HEIGHT="49" CONTENT="mancher" WC="1.00" CC="0000014"/>
						<SP ID="P2_SP00432" HPOS="2754" VPOS="1258" WIDTH="39"/>
						<String ID="P2_ST00496" HPOS="2793" VPOS="1198" WIDTH="212" HEIGHT="63" CONTENT="Passage," WC="0.98" CC="70665042"/>
						<SP ID="P2_SP00433" HPOS="3005" VPOS="1261" WIDTH="51"/>
						<String ID="P2_ST00497" HPOS="3056" VPOS="1198" WIDTH="213" HEIGHT="50" CONTENT="kommen" WC="0.98" CC="040937"/>
					</TextLine>
					<TextLine ID="P2_TL00065" HPOS="1752" VPOS="1264" WIDTH="1514" HEIGHT="74">
						<String ID="P2_ST00498" HPOS="1752" VPOS="1264" WIDTH="108" HEIGHT="64" CONTENT="jetzt" WC="0.98" CC="31507"/>
						<SP ID="P2_SP00434" HPOS="1860" VPOS="1328" WIDTH="26"/>
						<String ID="P2_ST00499" HPOS="1886" VPOS="1265" WIDTH="193" HEIGHT="47" CONTENT="seltener" WC="0.99" CC="00053826"/>
						<SP ID="P2_SP00435" HPOS="2079" VPOS="1328" WIDTH="22"/>
						<String ID="P2_ST00500" HPOS="2101" VPOS="1282" WIDTH="79" HEIGHT="32" CONTENT="vor" WC="0.97" CC="206"/>
						<SP ID="P2_SP00436" HPOS="2180" VPOS="1328" WIDTH="28"/>
						<String ID="P2_ST00501" HPOS="2208" VPOS="1267" WIDTH="91" HEIGHT="48" CONTENT="und" WC="0.94" CC="680"/>
						<SP ID="P2_SP00437" HPOS="2299" VPOS="1328" WIDTH="23"/>
						<String ID="P2_ST00502" HPOS="2322" VPOS="1269" WIDTH="182" HEIGHT="48" CONTENT="werden" WC="0.98" CC="016007"/>
						<SP ID="P2_SP00438" HPOS="2504" VPOS="1328" WIDTH="24"/>
						<String ID="P2_ST00503" HPOS="2528" VPOS="1270" WIDTH="237" HEIGHT="65" CONTENT="jedenfalls" WC="0.99" CC="5606800206"/>
						<SP ID="P2_SP00439" HPOS="2765" VPOS="1335" WIDTH="29"/>
						<String ID="P2_ST00504" HPOS="2794" VPOS="1274" WIDTH="301" HEIGHT="64" CONTENT="aufgewogen" WC="0.99" CC="6000244054"/>
						<SP ID="P2_SP00440" HPOS="3095" VPOS="1338" WIDTH="30"/>
						<String ID="P2_ST00505" HPOS="3125" VPOS="1274" WIDTH="141" HEIGHT="48" CONTENT="durch" WC="0.99" CC="03007"/>
					</TextLine>
					<TextLine ID="P2_TL00066" HPOS="1758" VPOS="1339" WIDTH="1510" HEIGHT="61">
						<String ID="P2_ST00506" HPOS="1758" VPOS="1339" WIDTH="71" HEIGHT="47" CONTENT="die" WC="0.98" CC="021"/>
						<SP ID="P2_SP00441" HPOS="1829" VPOS="1386" WIDTH="31"/>
						<String ID="P2_ST00507" HPOS="1860" VPOS="1339" WIDTH="249" HEIGHT="48" CONTENT="felsenfeste" WC="1.00" CC="00200700062"/>
						<SP ID="P2_SP00442" HPOS="2109" VPOS="1387" WIDTH="29"/>
						<String ID="P2_ST00508" HPOS="2138" VPOS="1342" WIDTH="265" HEIGHT="58" CONTENT="Sicherheit," WC="0.99" CC="62660550003"/>
						<SP ID="P2_SP00443" HPOS="2403" VPOS="1400" WIDTH="40"/>
						<String ID="P2_ST00509" HPOS="2443" VPOS="1347" WIDTH="80" HEIGHT="45" CONTENT="mit" WC="1.00" CC="000"/>
						<SP ID="P2_SP00444" HPOS="2523" VPOS="1400" WIDTH="40"/>
						<String ID="P2_ST00510" HPOS="2563" VPOS="1347" WIDTH="195" HEIGHT="48" CONTENT="welcher" WC="0.99" CC="0000562"/>
						<SP ID="P2_SP00445" HPOS="2758" VPOS="1400" WIDTH="39"/>
						<String ID="P2_ST00511" HPOS="2797" VPOS="1348" WIDTH="80" HEIGHT="48" CONTENT="das" WC="0.96" CC="900"/>
						<SP ID="P2_SP00446" HPOS="2877" VPOS="1400" WIDTH="29"/>
						<String ID="P2_ST00512" HPOS="2906" VPOS="1349" WIDTH="248" HEIGHT="48" CONTENT="Orchester" WC="0.99" CC="636622040"/>
						<SP ID="P2_SP00447" HPOS="3154" VPOS="1400" WIDTH="28"/>
						<String ID="P2_ST00513" HPOS="3182" VPOS="1350" WIDTH="86" HEIGHT="47" CONTENT="den" WC="0.95" CC="038"/>
					</TextLine>
					<TextLine ID="P2_TL00067" HPOS="1757" VPOS="1415" WIDTH="1509" HEIGHT="73">
						<String ID="P2_ST00514" HPOS="1757" VPOS="1416" WIDTH="203" HEIGHT="63" CONTENT="Sängern" WC="0.98" CC="6079036"/>
						<SP ID="P2_SP00448" HPOS="1960" VPOS="1479" WIDTH="20"/>
						<String ID="P2_ST00515" HPOS="1980" VPOS="1415" WIDTH="70" HEIGHT="48" CONTENT="bei" WC="0.97" CC="601"/>
						<SP ID="P2_SP00449" HPOS="2050" VPOS="1479" WIDTH="18"/>
						<String ID="P2_ST00516" HPOS="2068" VPOS="1418" WIDTH="221" HEIGHT="64" CONTENT="etwaigen" WC="0.99" CC="63067020"/>
						<SP ID="P2_SP00450" HPOS="2289" VPOS="1482" WIDTH="14"/>
						<String ID="P2_ST00517" HPOS="2303" VPOS="1420" WIDTH="382" HEIGHT="68" CONTENT="Schwankungen" WC="0.99" CC="006006937975"/>
						<SP ID="P2_SP00451" HPOS="2685" VPOS="1488" WIDTH="15"/>
						<String ID="P2_ST00518" HPOS="2700" VPOS="1441" WIDTH="79" HEIGHT="30" CONTENT="zur" WC="0.95" CC="273"/>
						<SP ID="P2_SP00452" HPOS="2779" VPOS="1488" WIDTH="15"/>
						<String ID="P2_ST00519" HPOS="2794" VPOS="1427" WIDTH="152" HEIGHT="47" CONTENT="Stütze" WC="0.99" CC="400160"/>
						<SP ID="P2_SP00453" HPOS="2946" VPOS="1488" WIDTH="16"/>
						<String ID="P2_ST00520" HPOS="2962" VPOS="1425" WIDTH="138" HEIGHT="57" CONTENT="dient," WC="0.98" CC="007604"/>
						<SP ID="P2_SP00454" HPOS="3100" VPOS="1488" WIDTH="23"/>
						<String ID="P2_ST00521" HPOS="3123" VPOS="1425" WIDTH="143" HEIGHT="49" CONTENT="durch" WC="0.98" CC="00056"/>
					</TextLine>
					<TextLine ID="P2_TL00068" HPOS="1757" VPOS="1491" WIDTH="1511" HEIGHT="71">
						<String ID="P2_ST00522" HPOS="1757" VPOS="1491" WIDTH="79" HEIGHT="49" CONTENT="das" WC="0.99" CC="030"/>
						<SP ID="P2_SP00455" HPOS="1836" VPOS="1540" WIDTH="22"/>
						<String ID="P2_ST00523" HPOS="1858" VPOS="1494" WIDTH="165" HEIGHT="55" CONTENT="Feuer," WC="1.00" CC="000003"/>
						<SP ID="P2_SP00456" HPOS="2023" VPOS="1549" WIDTH="31"/>
						<String ID="P2_ST00524" HPOS="2054" VPOS="1493" WIDTH="70" HEIGHT="48" CONTENT="die" WC="0.98" CC="050"/>
						<SP ID="P2_SP00457" HPOS="2124" VPOS="1549" WIDTH="24"/>
						<String ID="P2_ST00525" HPOS="2148" VPOS="1495" WIDTH="149" HEIGHT="57" CONTENT="Kraft," WC="0.98" CC="631060"/>
						<SP ID="P2_SP00458" HPOS="2297" VPOS="1552" WIDTH="27"/>
						<String ID="P2_ST00526" HPOS="2324" VPOS="1496" WIDTH="87" HEIGHT="49" CONTENT="den" WC="0.98" CC="023"/>
						<SP ID="P2_SP00459" HPOS="2411" VPOS="1552" WIDTH="21"/>
						<String ID="P2_ST00527" HPOS="2432" VPOS="1499" WIDTH="248" HEIGHT="63" CONTENT="Schwung," WC="0.99" CC="50700800"/>
						<SP ID="P2_SP00460" HPOS="2680" VPOS="1562" WIDTH="31"/>
						<String ID="P2_ST00528" HPOS="2711" VPOS="1500" WIDTH="85" HEIGHT="47" CONTENT="den" WC="1.00" CC="000"/>
						<SP ID="P2_SP00461" HPOS="2796" VPOS="1562" WIDTH="30"/>
						<String ID="P2_ST00529" HPOS="2826" VPOS="1518" WIDTH="46" HEIGHT="31" CONTENT="es" WC="1.00" CC="00"/>
						<SP ID="P2_SP00462" HPOS="2872" VPOS="1562" WIDTH="24"/>
						<String ID="P2_ST00530" HPOS="2896" VPOS="1502" WIDTH="71" HEIGHT="48" CONTENT="bei" WC="0.95" CC="705"/>
						<SP ID="P2_SP00463" HPOS="2967" VPOS="1562" WIDTH="24"/>
						<String ID="P2_ST00531" HPOS="2991" VPOS="1503" WIDTH="117" HEIGHT="47" CONTENT="allen" WC="0.98" CC="60361"/>
						<SP ID="P2_SP00464" HPOS="3108" VPOS="1562" WIDTH="23"/>
						<String ID="P2_ST00532" HPOS="3131" VPOS="1503" WIDTH="110" HEIGHT="48" CONTENT="wich" SUBS_TYPE="HypPart1" SUBS_CONTENT="wichtigen" WC="0.99" CC="0007"/>
						<HYP HPOS="3241" VPOS="1503" WIDTH="27" CONTENT="-"/>
					</TextLine>
					<TextLine ID="P2_TL00069" HPOS="1757" VPOS="1568" WIDTH="1510" HEIGHT="73">
						<String ID="P2_ST00533" HPOS="1757" VPOS="1568" WIDTH="122" HEIGHT="63" CONTENT="tigen" SUBS_TYPE="HypPart2" SUBS_CONTENT="wichtigen" WC="0.98" CC="70007"/>
						<SP ID="P2_SP00465" HPOS="1879" VPOS="1631" WIDTH="30"/>
						<String ID="P2_ST00534" HPOS="1909" VPOS="1568" WIDTH="351" HEIGHT="64" CONTENT="Gelegenheiten" WC="0.99" CC="0003908506006"/>
						<SP ID="P2_SP00466" HPOS="2260" VPOS="1632" WIDTH="38"/>
						<String ID="P2_ST00535" HPOS="2298" VPOS="1574" WIDTH="268" HEIGHT="48" CONTENT="entwickelt." WC="0.99" CC="03004200552"/>
						<SP ID="P2_SP00467" HPOS="2566" VPOS="1632" WIDTH="54"/>
						<String ID="P2_ST00536" HPOS="2620" VPOS="1576" WIDTH="88" HEIGHT="46" CONTENT="Die" WC="0.97" CC="052"/>
						<SP ID="P2_SP00468" HPOS="2708" VPOS="1632" WIDTH="42"/>
						<String ID="P2_ST00537" HPOS="2750" VPOS="1578" WIDTH="293" HEIGHT="63" CONTENT="wohlthätige" WC="0.49" CC="03550797394"/>
						<SP ID="P2_SP00469" HPOS="3043" VPOS="1641" WIDTH="30"/>
						<String ID="P2_ST00538" HPOS="3073" VPOS="1579" WIDTH="167" HEIGHT="47" CONTENT="Einwir" SUBS_TYPE="HypPart1" SUBS_CONTENT="Einwirkung" WC="0.98" CC="648001"/>
						<HYP HPOS="3240" VPOS="1579" WIDTH="27" CONTENT="-"/>
					</TextLine>
					<TextLine ID="P2_TL00070" HPOS="1756" VPOS="1644" WIDTH="1511" HEIGHT="67">
						<String ID="P2_ST00539" HPOS="1756" VPOS="1644" WIDTH="124" HEIGHT="62" CONTENT="kung" SUBS_TYPE="HypPart2" SUBS_CONTENT="Einwirkung" WC="0.98" CC="0350"/>
						<SP ID="P2_SP00470" HPOS="1880" VPOS="1706" WIDTH="42"/>
						<String ID="P2_ST00540" HPOS="1922" VPOS="1644" WIDTH="76" HEIGHT="47" CONTENT="des" WC="1.00" CC="000"/>
						<SP ID="P2_SP00471" HPOS="1998" VPOS="1706" WIDTH="45"/>
						<String ID="P2_ST00541" HPOS="2043" VPOS="1645" WIDTH="455" HEIGHT="65" CONTENT="Capeilmeist?rs" WC="0.99" CC="70304070473830"/>
						<SP ID="P2_SP00472" HPOS="2498" VPOS="1710" WIDTH="45"/>
						<String ID="P2_ST00542" HPOS="2543" VPOS="1651" WIDTH="105" HEIGHT="47" CONTENT="und" WC="0.93" CC="169"/>
						<SP ID="P2_SP00473" HPOS="2648" VPOS="1710" WIDTH="40"/>
						<String ID="P2_ST00543" HPOS="2688" VPOS="1653" WIDTH="301" HEIGHT="48" CONTENT="Directors" WC="0.70" CC="045040605"/>
						<SP ID="P2_SP00474" HPOS="2989" VPOS="1710" WIDTH="49"/>
						<String ID="P2_ST00544" HPOS="3038" VPOS="1654" WIDTH="229" HEIGHT="57" CONTENT="Eckert," WC="1.00" CC="0002000"/>
					</TextLine>
					<TextLine ID="P2_TL00071" HPOS="1754" VPOS="1719" WIDTH="1513" HEIGHT="68">
						<String ID="P2_ST00545" HPOS="1754" VPOS="1735" WIDTH="49" HEIGHT="32" CONTENT="so" WC="0.87" CC="01"/>
						<SP ID="P2_SP00475" HPOS="1803" VPOS="1767" WIDTH="24"/>
						<String ID="P2_ST00546" HPOS="1827" VPOS="1720" WIDTH="85" HEIGHT="47" CONTENT="wie" WC="0.97" CC="053"/>
						<SP ID="P2_SP00476" HPOS="1912" VPOS="1767" WIDTH="25"/>
						<String ID="P2_ST00547" HPOS="1937" VPOS="1719" WIDTH="76" HEIGHT="48" CONTENT="des" WC="1.00" CC="000"/>
						<SP ID="P2_SP00477" HPOS="2013" VPOS="1767" WIDTH="27"/>
						<String ID="P2_ST00548" HPOS="2040" VPOS="1738" WIDTH="90" HEIGHT="30" CONTENT="neu" WC="0.96" CC="820"/>
						<SP ID="P2_SP00478" HPOS="2130" VPOS="1768" WIDTH="29"/>
						<String ID="P2_ST00549" HPOS="2159" VPOS="1725" WIDTH="788" HEIGHT="62" CONTENT="engagirtenOrchester-Directors" WC="0.76" CC="00000760005260025060005400535"/>
						<SP ID="P2_SP00479" HPOS="2947" VPOS="1787" WIDTH="30"/>
						<String ID="P2_ST00550" HPOS="2977" VPOS="1731" WIDTH="109" HEIGHT="47" CONTENT="Jos." WC="0.98" CC="0421"/>
						<SP ID="P2_SP00480" HPOS="3086" VPOS="1787" WIDTH="28"/>
						<String ID="P2_ST00551" HPOS="3114" VPOS="1731" WIDTH="128" HEIGHT="49" CONTENT="Ilell" SUBS_TYPE="HypPart1" SUBS_CONTENT="Ilellmesberger" WC="0.52" CC="72527"/>
						<HYP HPOS="3242" VPOS="1731" WIDTH="25" CONTENT="-"/>
					</TextLine>
					<TextLine ID="P2_TL00072" HPOS="1756" VPOS="1795" WIDTH="1508" HEIGHT="66">
						<String ID="P2_ST00552" HPOS="1756" VPOS="1795" WIDTH="330" HEIGHT="66" CONTENT="mesberger" SUBS_TYPE="HypPart2" SUBS_CONTENT="Ilellmesberger" WC="0.71" CC="505615000"/>
						<SP ID="P2_SP00481" HPOS="2086" VPOS="1861" WIDTH="29"/>
						<String ID="P2_ST00553" HPOS="2115" VPOS="1799" WIDTH="103" HEIGHT="48" CONTENT="lässt" WC="0.50" CC="18625"/>
						<SP ID="P2_SP00482" HPOS="2218" VPOS="1861" WIDTH="26"/>
						<String ID="P2_ST00554" HPOS="2244" VPOS="1800" WIDTH="91" HEIGHT="47" CONTENT="sich" WC="0.97" CC="0056"/>
						<SP ID="P2_SP00483" HPOS="2335" VPOS="1861" WIDTH="30"/>
						<String ID="P2_ST00555" HPOS="2365" VPOS="1801" WIDTH="57" HEIGHT="49" CONTENT="da" WC="1.00" CC="00"/>
						<SP ID="P2_SP00484" HPOS="2422" VPOS="1861" WIDTH="28"/>
						<String ID="P2_ST00556" HPOS="2450" VPOS="1803" WIDTH="123" HEIGHT="48" CONTENT="nicht" WC="0.96" CC="71574"/>
						<SP ID="P2_SP00485" HPOS="2573" VPOS="1861" WIDTH="28"/>
						<String ID="P2_ST00557" HPOS="2601" VPOS="1805" WIDTH="271" HEIGHT="50" CONTENT="verkennen." WC="0.99" CC="0049057084"/>
						<SP ID="P2_SP00486" HPOS="2872" VPOS="1861" WIDTH="30"/>
						<String ID="P2_ST00558" HPOS="2902" VPOS="1808" WIDTH="111" HEIGHT="47" CONTENT="Wie" WC="0.95" CC="445"/>
						<SP ID="P2_SP00487" HPOS="3013" VPOS="1861" WIDTH="28"/>
						<String ID="P2_ST00559" HPOS="3041" VPOS="1808" WIDTH="105" HEIGHT="45" CONTENT="sehr" WC="0.97" CC="5054"/>
						<SP ID="P2_SP00488" HPOS="3146" VPOS="1861" WIDTH="27"/>
						<String ID="P2_ST00560" HPOS="3173" VPOS="1809" WIDTH="91" HEIGHT="47" CONTENT="sich" WC="0.99" CC="0300"/>
					</TextLine>
					<TextLine ID="P2_TL00073" HPOS="1756" VPOS="1874" WIDTH="1513" HEIGHT="73">
						<String ID="P2_ST00561" HPOS="1756" VPOS="1874" WIDTH="119" HEIGHT="45" CONTENT="Herr" WC="0.95" CC="8525"/>
						<SP ID="P2_SP00489" HPOS="1875" VPOS="1919" WIDTH="34"/>
						<String ID="P2_ST00562" HPOS="1909" VPOS="1874" WIDTH="173" HEIGHT="47" CONTENT="Esser" WC="0.97" CC="30754"/>
						<SP ID="P2_SP00490" HPOS="2082" VPOS="1921" WIDTH="41"/>
						<String ID="P2_ST00563" HPOS="2123" VPOS="1876" WIDTH="64" HEIGHT="46" CONTENT="als" WC="0.95" CC="940"/>
						<SP ID="P2_SP00491" HPOS="2187" VPOS="1922" WIDTH="28"/>
						<String ID="P2_ST00564" HPOS="2215" VPOS="1876" WIDTH="211" HEIGHT="65" CONTENT="Dirigent" WC="0.99" CC="05000052"/>
						<SP ID="P2_SP00492" HPOS="2426" VPOS="1941" WIDTH="27"/>
						<String ID="P2_ST00565" HPOS="2453" VPOS="1879" WIDTH="77" HEIGHT="48" CONTENT="des" WC="0.97" CC="026"/>
						<SP ID="P2_SP00493" HPOS="2530" VPOS="1941" WIDTH="41"/>
						<String ID="P2_ST00566" HPOS="2571" VPOS="1881" WIDTH="315" HEIGHT="65" CONTENT='„Lohengrin"' WC="0.75" CC="20670500004"/>
						<SP ID="P2_SP00494" HPOS="2886" VPOS="1946" WIDTH="40"/>
						<String ID="P2_ST00567" HPOS="2926" VPOS="1884" WIDTH="343" HEIGHT="63" CONTENT="ausgezeichnet" WC="0.99" CC="7699060207137"/>
					</TextLine>
					<TextLine ID="P2_TL00074" HPOS="1753" VPOS="1949" WIDTH="1109" HEIGHT="71">
						<String ID="P2_ST00568" HPOS="1753" VPOS="1949" WIDTH="93" HEIGHT="57" CONTENT="hat," WC="0.97" CC="5053"/>
						<SP ID="P2_SP00495" HPOS="1846" VPOS="2006" WIDTH="29"/>
						<String ID="P2_ST00569" HPOS="1875" VPOS="1950" WIDTH="55" HEIGHT="47" CONTENT="ist" WC="0.95" CC="245"/>
						<SP ID="P2_SP00496" HPOS="1930" VPOS="2006" WIDTH="26"/>
						<String ID="P2_ST00570" HPOS="1956" VPOS="1950" WIDTH="148" HEIGHT="48" CONTENT="seiner" WC="0.99" CC="000603"/>
						<SP ID="P2_SP00497" HPOS="2104" VPOS="2006" WIDTH="26"/>
						<String ID="P2_ST00571" HPOS="2130" VPOS="1952" WIDTH="98" HEIGHT="47" CONTENT="Zeit" WC="1.00" CC="0000"/>
						<SP ID="P2_SP00498" HPOS="2228" VPOS="2006" WIDTH="28"/>
						<String ID="P2_ST00572" HPOS="2256" VPOS="1954" WIDTH="376" HEIGHT="66" CONTENT="hervorgehoben" WC="0.99" CC="6030430706738"/>
						<SP ID="P2_SP00499" HPOS="2632" VPOS="2020" WIDTH="30"/>
						<String ID="P2_ST00573" HPOS="2662" VPOS="1959" WIDTH="200" HEIGHT="48" CONTENT="worden." WC="0.98" CC="0750681"/>
					</TextLine>
					<TextLine ID="P2_TL00075" HPOS="1863" VPOS="2026" WIDTH="1404" HEIGHT="75">
						<String ID="P2_ST00574" HPOS="1863" VPOS="2027" WIDTH="51" HEIGHT="46" CONTENT="In" WC="0.85" CC="20"/>
						<SP ID="P2_SP00500" HPOS="1914" VPOS="2073" WIDTH="28"/>
						<String ID="P2_ST00575" HPOS="1942" VPOS="2026" WIDTH="153" HEIGHT="65" CONTENT="Bezug" WC="0.98" CC="70430"/>
						<SP ID="P2_SP00501" HPOS="2095" VPOS="2091" WIDTH="28"/>
						<String ID="P2_ST00576" HPOS="2123" VPOS="2030" WIDTH="82" HEIGHT="46" CONTENT="auf" WC="0.94" CC="616"/>
						<SP ID="P2_SP00502" HPOS="2205" VPOS="2091" WIDTH="23"/>
						<String ID="P2_ST00577" HPOS="2228" VPOS="2029" WIDTH="94" HEIGHT="58" CONTENT="das," WC="0.98" CC="0054"/>
						<SP ID="P2_SP00503" HPOS="2322" VPOS="2091" WIDTH="44"/>
						<String ID="P2_ST00578" HPOS="2366" VPOS="2049" WIDTH="92" HEIGHT="30" CONTENT="was" WC="0.97" CC="062"/>
						<SP ID="P2_SP00504" HPOS="2458" VPOS="2091" WIDTH="30"/>
						<String ID="P2_ST00579" HPOS="2488" VPOS="2034" WIDTH="70" HEIGHT="47" CONTENT="die" WC="0.99" CC="010"/>
						<SP ID="P2_SP00505" HPOS="2558" VPOS="2091" WIDTH="27"/>
						<String ID="P2_ST00580" HPOS="2585" VPOS="2035" WIDTH="302" HEIGHT="66" CONTENT="Aufführung" WC="0.99" CC="0688060600"/>
						<SP ID="P2_SP00506" HPOS="2887" VPOS="2101" WIDTH="29"/>
						<String ID="P2_ST00581" HPOS="2916" VPOS="2037" WIDTH="163" HEIGHT="47" CONTENT="älterer" WC="0.99" CC="0540000"/>
						<SP ID="P2_SP00507" HPOS="3079" VPOS="2101" WIDTH="29"/>
						<String ID="P2_ST00582" HPOS="3108" VPOS="2036" WIDTH="159" HEIGHT="65" CONTENT="Opern" WC="0.99" CC="40006"/>
					</TextLine>
					<TextLine ID="P2_TL00076" HPOS="1748" VPOS="2104" WIDTH="1512" HEIGHT="66">
						<String ID="P2_ST00583" HPOS="1748" VPOS="2117" WIDTH="53" HEIGHT="31" CONTENT="zu" WC="0.75" CC="04"/>
						<SP ID="P2_SP00508" HPOS="1801" VPOS="2148" WIDTH="24"/>
						<String ID="P2_ST00584" HPOS="1825" VPOS="2104" WIDTH="245" HEIGHT="46" CONTENT="wünschen" WC="0.99" CC="00800627"/>
						<SP ID="P2_SP00509" HPOS="2070" VPOS="2150" WIDTH="28"/>
						<String ID="P2_ST00585" HPOS="2098" VPOS="2104" WIDTH="136" HEIGHT="66" CONTENT="übrig" WC="0.99" CC="01200"/>
						<SP ID="P2_SP00510" HPOS="2234" VPOS="2170" WIDTH="28"/>
						<String ID="P2_ST00586" HPOS="2262" VPOS="2106" WIDTH="117" HEIGHT="58" CONTENT="liess," WC="0.77" CC="206004"/>
						<SP ID="P2_SP00511" HPOS="2379" VPOS="2170" WIDTH="29"/>
						<String ID="P2_ST00587" HPOS="2408" VPOS="2107" WIDTH="150" HEIGHT="50" CONTENT="haben" WC="0.97" CC="40607"/>
						<SP ID="P2_SP00512" HPOS="2558" VPOS="2170" WIDTH="24"/>
						<String ID="P2_ST00588" HPOS="2582" VPOS="2111" WIDTH="82" HEIGHT="46" CONTENT="wir" WC="1.00" CC="000"/>
						<SP ID="P2_SP00513" HPOS="2664" VPOS="2170" WIDTH="28"/>
						<String ID="P2_ST00589" HPOS="2692" VPOS="2129" WIDTH="52" HEIGHT="29" CONTENT="zu" WC="0.34" CC="66"/>
						<SP ID="P2_SP00514" HPOS="2744" VPOS="2170" WIDTH="31"/>
						<String ID="P2_ST00590" HPOS="2775" VPOS="2111" WIDTH="256" HEIGHT="59" CONTENT="bedenken," WC="0.99" CC="600670173"/>
						<SP ID="P2_SP00515" HPOS="3031" VPOS="2170" WIDTH="29"/>
						<String ID="P2_ST00591" HPOS="3060" VPOS="2112" WIDTH="100" HEIGHT="49" CONTENT="dass" WC="0.57" CC="6036"/>
						<SP ID="P2_SP00516" HPOS="3160" VPOS="2170" WIDTH="29"/>
						<String ID="P2_ST00592" HPOS="3189" VPOS="2115" WIDTH="71" HEIGHT="47" CONTENT="ein" WC="0.96" CC="406"/>
					</TextLine>
					<TextLine ID="P2_TL00077" HPOS="1750" VPOS="2177" WIDTH="1513" HEIGHT="66">
						<String ID="P2_ST00593" HPOS="1750" VPOS="2177" WIDTH="162" HEIGHT="64" CONTENT="täglich" WC="0.98" CC="5906006"/>
						<SP ID="P2_SP00517" HPOS="1912" VPOS="2241" WIDTH="43"/>
						<String ID="P2_ST00594" HPOS="1955" VPOS="2180" WIDTH="249" HEIGHT="63" CONTENT="spielendes" WC="0.99" CC="0016063050"/>
						<SP ID="P2_SP00518" HPOS="2204" VPOS="2243" WIDTH="30"/>
						<String ID="P2_ST00595" HPOS="2234" VPOS="2182" WIDTH="214" HEIGHT="57" CONTENT="Theater," WC="0.99" CC="65005022"/>
						<SP ID="P2_SP00519" HPOS="2448" VPOS="2243" WIDTH="43"/>
						<String ID="P2_ST00596" HPOS="2491" VPOS="2185" WIDTH="157" HEIGHT="48" CONTENT="dessen" WC="0.99" CC="026001"/>
						<SP ID="P2_SP00520" HPOS="2648" VPOS="2243" WIDTH="30"/>
						<String ID="P2_ST00597" HPOS="2678" VPOS="2187" WIDTH="250" HEIGHT="49" CONTENT="Orchester" WC="0.99" CC="300656605"/>
						<SP ID="P2_SP00521" HPOS="2928" VPOS="2243" WIDTH="42"/>
						<String ID="P2_ST00598" HPOS="2970" VPOS="2189" WIDTH="139" HEIGHT="48" CONTENT="leider" WC="0.99" CC="100054"/>
						<SP ID="P2_SP00522" HPOS="3109" VPOS="2243" WIDTH="37"/>
						<String ID="P2_ST00599" HPOS="3146" VPOS="2191" WIDTH="117" HEIGHT="47" CONTENT="auch" WC="0.96" CC="3507"/>
					</TextLine>
					<TextLine ID="P2_TL00078" HPOS="1747" VPOS="2256" WIDTH="1513" HEIGHT="75">
						<String ID="P2_ST00600" HPOS="1747" VPOS="2271" WIDTH="80" HEIGHT="29" CONTENT="zur" WC="0.97" CC="602"/>
						<SP ID="P2_SP00523" HPOS="1827" VPOS="2300" WIDTH="29"/>
						<String ID="P2_ST00601" HPOS="1856" VPOS="2256" WIDTH="439" HEIGHT="67" CONTENT="Ballet-Begleitung" WC="0.63" CC="90004510007348680"/>
						<SP ID="P2_SP00524" HPOS="2295" VPOS="2323" WIDTH="27"/>
						<String ID="P2_ST00602" HPOS="2322" VPOS="2261" WIDTH="234" HEIGHT="48" CONTENT="verwandt" WC="0.99" CC="00500005"/>
						<SP ID="P2_SP00525" HPOS="2556" VPOS="2323" WIDTH="29"/>
						<String ID="P2_ST00603" HPOS="2585" VPOS="2262" WIDTH="128" HEIGHT="59" CONTENT="wird," WC="0.98" CC="01504"/>
						<SP ID="P2_SP00526" HPOS="2713" VPOS="2323" WIDTH="42"/>
						<String ID="P2_ST00604" HPOS="2755" VPOS="2265" WIDTH="122" HEIGHT="47" CONTENT="nicht" WC="0.98" CC="70011"/>
						<SP ID="P2_SP00527" HPOS="2877" VPOS="2323" WIDTH="37"/>
						<String ID="P2_ST00605" HPOS="2914" VPOS="2265" WIDTH="161" HEIGHT="48" CONTENT="immer" WC="0.98" CC="00906"/>
						<SP ID="P2_SP00528" HPOS="3075" VPOS="2323" WIDTH="42"/>
						<String ID="P2_ST00606" HPOS="3117" VPOS="2266" WIDTH="143" HEIGHT="65" CONTENT="gleich" WC="0.98" CC="930007"/>
					</TextLine>
					<TextLine ID="P2_TL00079" HPOS="1747" VPOS="2331" WIDTH="1519" HEIGHT="76">
						<String ID="P2_ST00607" HPOS="1747" VPOS="2331" WIDTH="320" HEIGHT="49" CONTENT="Musterhaftes" WC="0.99" CC="020005650820"/>
						<SP ID="P2_SP00529" HPOS="2067" VPOS="2380" WIDTH="29"/>
						<String ID="P2_ST00608" HPOS="2096" VPOS="2333" WIDTH="155" HEIGHT="50" CONTENT="leisten" WC="0.99" CC="0012007"/>
						<SP ID="P2_SP00530" HPOS="2251" VPOS="2383" WIDTH="29"/>
						<String ID="P2_ST00609" HPOS="2280" VPOS="2336" WIDTH="135" HEIGHT="49" CONTENT="kann." WC="0.97" CC="04674"/>
						<SP ID="P2_SP00531" HPOS="2415" VPOS="2385" WIDTH="28"/>
						<String ID="P2_ST00610" HPOS="2443" VPOS="2338" WIDTH="195" HEIGHT="49" CONTENT="Freilich" WC="0.99" CC="64000072"/>
						<SP ID="P2_SP00532" HPOS="2638" VPOS="2387" WIDTH="29"/>
						<String ID="P2_ST00611" HPOS="2667" VPOS="2356" WIDTH="122" HEIGHT="32" CONTENT="muss" WC="0.56" CC="0655"/>
						<SP ID="P2_SP00533" HPOS="2789" VPOS="2388" WIDTH="28"/>
						<String ID="P2_ST00612" HPOS="2817" VPOS="2341" WIDTH="117" HEIGHT="48" CONTENT="auch" WC="0.98" CC="6201"/>
						<SP ID="P2_SP00534" HPOS="2934" VPOS="2389" WIDTH="31"/>
						<String ID="P2_ST00613" HPOS="2965" VPOS="2342" WIDTH="301" HEIGHT="65" CONTENT="hinzugefügt" WC="0.99" CC="75656900073"/>
					</TextLine>
					<TextLine ID="P2_TL00080" HPOS="1747" VPOS="2407" WIDTH="1516" HEIGHT="62">
						<String ID="P2_ST00614" HPOS="1747" VPOS="2407" WIDTH="200" HEIGHT="58" CONTENT="werden," WC="0.99" CC="0230061"/>
						<SP ID="P2_SP00535" HPOS="1947" VPOS="2465" WIDTH="43"/>
						<String ID="P2_ST00615" HPOS="1990" VPOS="2410" WIDTH="102" HEIGHT="49" CONTENT="dass" WC="0.97" CC="0001"/>
						<SP ID="P2_SP00536" HPOS="2092" VPOS="2465" WIDTH="36"/>
						<String ID="P2_ST00616" HPOS="2128" VPOS="2430" WIDTH="35" HEIGHT="29" CONTENT="z." WC="0.66" CC="24"/>
						<SP ID="P2_SP00537" HPOS="2163" VPOS="2465" WIDTH="31"/>
						<String ID="P2_ST00617" HPOS="2194" VPOS="2413" WIDTH="48" HEIGHT="47" CONTENT="B." WC="0.42" CC="64"/>
						<SP ID="P2_SP00538" HPOS="2242" VPOS="2465" WIDTH="37"/>
						<String ID="P2_ST00618" HPOS="2279" VPOS="2413" WIDTH="44" HEIGHT="47" CONTENT="in" WC="0.78" CC="04"/>
						<SP ID="P2_SP00539" HPOS="2323" VPOS="2465" WIDTH="42"/>
						<String ID="P2_ST00619" HPOS="2365" VPOS="2415" WIDTH="264" HEIGHT="49" CONTENT="classischen" WC="0.77" CC="06032700004"/>
						<SP ID="P2_SP00540" HPOS="2629" VPOS="2465" WIDTH="33"/>
						<String ID="P2_ST00620" HPOS="2662" VPOS="2417" WIDTH="207" HEIGHT="50" CONTENT="Werken" WC="0.98" CC="802007"/>
						<SP ID="P2_SP00541" HPOS="2869" VPOS="2467" WIDTH="49"/>
						<String ID="P2_ST00621" HPOS="2918" VPOS="2420" WIDTH="229" HEIGHT="47" CONTENT="einerseits" WC="1.00" CC="0520000220"/>
						<SP ID="P2_SP00542" HPOS="3147" VPOS="2467" WIDTH="45"/>
						<String ID="P2_ST00622" HPOS="3192" VPOS="2420" WIDTH="71" HEIGHT="49" CONTENT="die" WC="0.98" CC="041"/>
					</TextLine>
					<TextLine ID="P2_TL00081" HPOS="1745" VPOS="2485" WIDTH="1518" HEIGHT="77">
						<String ID="P2_ST00623" HPOS="1745" VPOS="2485" WIDTH="278" HEIGHT="66" CONTENT="Auffassung" WC="0.99" CC="0150000770"/>
						<SP ID="P2_SP00543" HPOS="2023" VPOS="2551" WIDTH="30"/>
						<String ID="P2_ST00624" HPOS="2053" VPOS="2486" WIDTH="99" HEIGHT="65" CONTENT="(der" WC="0.97" CC="7005"/>
						<SP ID="P2_SP00544" HPOS="2152" VPOS="2551" WIDTH="28"/>
						<String ID="P2_ST00625" HPOS="2180" VPOS="2491" WIDTH="175" HEIGHT="63" CONTENT="Tempi," WC="0.99" CC="500040"/>
						<SP ID="P2_SP00545" HPOS="2355" VPOS="2554" WIDTH="30"/>
						<String ID="P2_ST00626" HPOS="2385" VPOS="2492" WIDTH="80" HEIGHT="47" CONTENT="der" WC="0.97" CC="017"/>
						<SP ID="P2_SP00546" HPOS="2465" VPOS="2554" WIDTH="30"/>
						<String ID="P2_ST00627" HPOS="2495" VPOS="2493" WIDTH="359" HEIGHT="65" CONTENT="Vortragsweise" WC="0.99" CC="5506469302300"/>
						<SP ID="P2_SP00547" HPOS="2854" VPOS="2558" WIDTH="32"/>
						<String ID="P2_ST00628" HPOS="2886" VPOS="2514" WIDTH="40" HEIGHT="30" CONTENT="u." WC="0.89" CC="01"/>
						<SP ID="P2_SP00548" HPOS="2926" VPOS="2558" WIDTH="25"/>
						<String ID="P2_ST00629" HPOS="2951" VPOS="2511" WIDTH="33" HEIGHT="32" CONTENT="s." WC="0.80" CC="04"/>
						<SP ID="P2_SP00549" HPOS="2984" VPOS="2558" WIDTH="20"/>
						<String ID="P2_ST00630" HPOS="3004" VPOS="2497" WIDTH="74" HEIGHT="64" CONTENT="w.)" WC="0.58" CC="048"/>
						<SP ID="P2_SP00550" HPOS="3078" VPOS="2561" WIDTH="31"/>
						<String ID="P2_ST00631" HPOS="3109" VPOS="2497" WIDTH="129" HEIGHT="65" CONTENT="geeig" SUBS_TYPE="HypPart1" SUBS_CONTENT="geeignet" WC="0.98" CC="94009"/>
						<HYP HPOS="3238" VPOS="2497" WIDTH="25" CONTENT="-"/>
					</TextLine>
					<TextLine ID="P2_TL00082" HPOS="1745" VPOS="2562" WIDTH="1517" HEIGHT="71">
						<String ID="P2_ST00632" HPOS="1745" VPOS="2568" WIDTH="75" HEIGHT="40" CONTENT="net" SUBS_TYPE="HypPart2" SUBS_CONTENT="geeignet" WC="0.98" CC="004"/>
						<SP ID="P2_SP00551" HPOS="1820" VPOS="2608" WIDTH="30"/>
						<String ID="P2_ST00633" HPOS="1850" VPOS="2562" WIDTH="69" HEIGHT="56" CONTENT="ist," WC="0.98" CC="2313"/>
						<SP ID="P2_SP00552" HPOS="1919" VPOS="2618" WIDTH="30"/>
						<String ID="P2_ST00634" HPOS="1949" VPOS="2565" WIDTH="190" HEIGHT="47" CONTENT="manche" WC="0.99" CC="008070"/>
						<SP ID="P2_SP00553" HPOS="2139" VPOS="2618" WIDTH="29"/>
						<String ID="P2_ST00635" HPOS="2168" VPOS="2566" WIDTH="319" HEIGHT="67" CONTENT="Einwendung" WC="0.99" CC="6080079480"/>
						<SP ID="P2_SP00554" HPOS="2487" VPOS="2633" WIDTH="38"/>
						<String ID="P2_ST00636" HPOS="2525" VPOS="2568" WIDTH="371" HEIGHT="61" CONTENT="hervorzurufen," WC="0.99" CC="61505004450043"/>
						<SP ID="P2_SP00555" HPOS="2896" VPOS="2633" WIDTH="39"/>
						<String ID="P2_ST00637" HPOS="2935" VPOS="2572" WIDTH="219" HEIGHT="48" CONTENT="während" WC="0.99" CC="0054030"/>
						<SP ID="P2_SP00556" HPOS="3154" VPOS="2633" WIDTH="29"/>
						<String ID="P2_ST00638" HPOS="3183" VPOS="2590" WIDTH="53" HEIGHT="32" CONTENT="an" SUBS_TYPE="HypPart1" SUBS_CONTENT="andererseits" WC="0.94" CC="97"/>
						<HYP HPOS="3236" VPOS="2590" WIDTH="26" CONTENT="-"/>
					</TextLine>
					<TextLine ID="P2_TL00083" HPOS="1747" VPOS="2637" WIDTH="1516" HEIGHT="76">
						<String ID="P2_ST00639" HPOS="1747" VPOS="2637" WIDTH="237" HEIGHT="49" CONTENT="dererseits" SUBS_TYPE="HypPart2" SUBS_CONTENT="andererseits" WC="1.00" CC="0002302040"/>
						<SP ID="P2_SP00557" HPOS="1984" VPOS="2686" WIDTH="38"/>
						<String ID="P2_ST00640" HPOS="2022" VPOS="2641" WIDTH="82" HEIGHT="48" CONTENT="der" WC="1.00" CC="000"/>
						<SP ID="P2_SP00558" HPOS="2104" VPOS="2689" WIDTH="27"/>
						<String ID="P2_ST00641" HPOS="2131" VPOS="2642" WIDTH="201" HEIGHT="66" CONTENT="Abgang" WC="0.98" CC="069080"/>
						<SP ID="P2_SP00559" HPOS="2332" VPOS="2708" WIDTH="39"/>
						<String ID="P2_ST00642" HPOS="2371" VPOS="2645" WIDTH="125" HEIGHT="48" CONTENT="einer" WC="0.99" CC="01601"/>
						<SP ID="P2_SP00560" HPOS="2496" VPOS="2708" WIDTH="34"/>
						<String ID="P2_ST00643" HPOS="2530" VPOS="2653" WIDTH="139" HEIGHT="58" CONTENT="guten" WC="0.98" CC="96010"/>
						<SP ID="P2_SP00561" HPOS="2669" VPOS="2711" WIDTH="29"/>
						<String ID="P2_ST00644" HPOS="2698" VPOS="2650" WIDTH="143" HEIGHT="63" CONTENT="Regie" WC="0.97" CC="80940"/>
						<SP ID="P2_SP00562" HPOS="2841" VPOS="2713" WIDTH="41"/>
						<String ID="P2_ST00645" HPOS="2882" VPOS="2648" WIDTH="138" HEIGHT="50" CONTENT="selbst" WC="0.98" CC="022605"/>
						<SP ID="P2_SP00563" HPOS="3020" VPOS="2713" WIDTH="37"/>
						<String ID="P2_ST00646" HPOS="3057" VPOS="2650" WIDTH="83" HEIGHT="49" CONTENT="auf" WC="0.98" CC="005"/>
						<SP ID="P2_SP00564" HPOS="3140" VPOS="2713" WIDTH="35"/>
						<String ID="P2_ST00647" HPOS="3175" VPOS="2651" WIDTH="88" HEIGHT="48" CONTENT="den" WC="0.97" CC="007"/>
					</TextLine>
					<TextLine ID="P2_TL00084" HPOS="1744" VPOS="2714" WIDTH="1026" HEIGHT="59">
						<String ID="P2_ST00648" HPOS="1744" VPOS="2714" WIDTH="342" HEIGHT="51" CONTENT="musicalischen" WC="1.00" CC="0000000000503"/>
						<SP ID="P2_SP00565" HPOS="2086" VPOS="2765" WIDTH="30"/>
						<String ID="P2_ST00649" HPOS="2116" VPOS="2718" WIDTH="127" HEIGHT="48" CONTENT="Theil" WC="0.65" CC="03067"/>
						<SP ID="P2_SP00566" HPOS="2243" VPOS="2766" WIDTH="31"/>
						<String ID="P2_ST00650" HPOS="2274" VPOS="2719" WIDTH="244" HEIGHT="51" CONTENT="hemmend" WC="1.00" CC="6000000"/>
						<SP ID="P2_SP00567" HPOS="2518" VPOS="2770" WIDTH="29"/>
						<String ID="P2_ST00651" HPOS="2547" VPOS="2723" WIDTH="223" HEIGHT="50" CONTENT="einwirkt." WC="0.99" CC="307030034"/>
					</TextLine>
					<TextLine ID="P2_TL00085" HPOS="1858" VPOS="2791" WIDTH="1400" HEIGHT="68">
						<String ID="P2_ST00652" HPOS="1858" VPOS="2791" WIDTH="84" HEIGHT="66" CONTENT="(Im" WC="0.96" CC="053"/>
						<SP ID="P2_SP00568" HPOS="1942" VPOS="2857" WIDTH="29"/>
						<String ID="P2_ST00653" HPOS="1971" VPOS="2794" WIDTH="266" HEIGHT="65" CONTENT="Folgenden" WC="0.99" CC="306907004"/>
						<SP ID="P2_SP00569" HPOS="2237" VPOS="2859" WIDTH="37"/>
						<String ID="P2_ST00654" HPOS="2274" VPOS="2797" WIDTH="242" HEIGHT="51" CONTENT="verbreitet" WC="0.99" CC="0256400535"/>
						<SP ID="P2_SP00570" HPOS="2516" VPOS="2859" WIDTH="37"/>
						<String ID="P2_ST00655" HPOS="2553" VPOS="2801" WIDTH="92" HEIGHT="48" CONTENT="sich" WC="0.98" CC="0405"/>
						<SP ID="P2_SP00571" HPOS="2645" VPOS="2859" WIDTH="39"/>
						<String ID="P2_ST00656" HPOS="2684" VPOS="2801" WIDTH="81" HEIGHT="48" CONTENT="der" WC="1.00" CC="000"/>
						<SP ID="P2_SP00572" HPOS="2765" VPOS="2859" WIDTH="27"/>
						<String ID="P2_ST00657" HPOS="2792" VPOS="2802" WIDTH="185" HEIGHT="50" CONTENT="Aufsatz" WC="0.99" CC="0304043"/>
						<SP ID="P2_SP00573" HPOS="2977" VPOS="2859" WIDTH="42"/>
						<String ID="P2_ST00658" HPOS="3019" VPOS="2803" WIDTH="117" HEIGHT="50" CONTENT="über" WC="0.98" CC="0620"/>
						<SP ID="P2_SP00574" HPOS="3136" VPOS="2859" WIDTH="43"/>
						<String ID="P2_ST00659" HPOS="3179" VPOS="2805" WIDTH="79" HEIGHT="48" CONTENT="das" WC="0.95" CC="048"/>
					</TextLine>
					<TextLine ID="P2_TL00086" HPOS="1743" VPOS="2868" WIDTH="1517" HEIGHT="76">
						<String ID="P2_ST00660" HPOS="1743" VPOS="2868" WIDTH="400" HEIGHT="64" CONTENT="Opern-Personal" WC="1.00" CC="70020060000000"/>
						<SP ID="P2_SP00575" HPOS="2143" VPOS="2932" WIDTH="32"/>
						<String ID="P2_ST00661" HPOS="2175" VPOS="2890" WIDTH="43" HEIGHT="31" CONTENT="u." WC="0.70" CC="14"/>
						<SP ID="P2_SP00576" HPOS="2218" VPOS="2932" WIDTH="21"/>
						<String ID="P2_ST00662" HPOS="2239" VPOS="2890" WIDTH="33" HEIGHT="31" CONTENT="s." WC="1.00" CC="00"/>
						<SP ID="P2_SP00577" HPOS="2272" VPOS="2932" WIDTH="25"/>
						<String ID="P2_ST00663" HPOS="2297" VPOS="2891" WIDTH="78" HEIGHT="39" CONTENT="w.;" WC="0.58" CC="830"/>
						<SP ID="P2_SP00578" HPOS="2375" VPOS="2932" WIDTH="32"/>
						<String ID="P2_ST00664" HPOS="2407" VPOS="2876" WIDTH="118" HEIGHT="48" CONTENT="dann" WC="0.99" CC="0060"/>
						<SP ID="P2_SP00579" HPOS="2525" VPOS="2932" WIDTH="32"/>
						<String ID="P2_ST00665" HPOS="2557" VPOS="2878" WIDTH="107" HEIGHT="47" CONTENT="weis" WC="0.99" CC="0005"/>
						<SP ID="P2_SP00580" HPOS="2664" VPOS="2932" WIDTH="19"/>
						<String ID="P2_ST00666" HPOS="2683" VPOS="2886" WIDTH="16" HEIGHT="39" CONTENT="t" WC="1.00" CC="0"/>
						<SP ID="P2_SP00581" HPOS="2699" VPOS="2932" WIDTH="28"/>
						<String ID="P2_ST00667" HPOS="2727" VPOS="2895" WIDTH="50" HEIGHT="31" CONTENT="er" WC="0.77" CC="04"/>
						<SP ID="P2_SP00582" HPOS="2777" VPOS="2932" WIDTH="28"/>
						<String ID="P2_ST00668" HPOS="2805" VPOS="2878" WIDTH="86" HEIGHT="48" CONTENT="den" WC="0.97" CC="032"/>
						<SP ID="P2_SP00583" HPOS="2891" VPOS="2932" WIDTH="29"/>
						<String ID="P2_ST00669" HPOS="2920" VPOS="2881" WIDTH="184" HEIGHT="63" CONTENT="Mangel" WC="0.98" CC="004943"/>
						<SP ID="P2_SP00584" HPOS="3104" VPOS="2944" WIDTH="32"/>
						<String ID="P2_ST00670" HPOS="3136" VPOS="2882" WIDTH="124" HEIGHT="48" CONTENT="einer" WC="0.97" CC="05544"/>
					</TextLine>
					<TextLine ID="P2_TL00087" HPOS="1742" VPOS="2947" WIDTH="1380" HEIGHT="75">
						<String ID="P2_ST00671" HPOS="1742" VPOS="2947" WIDTH="311" HEIGHT="65" CONTENT="verständigen" WC="1.00" CC="061010481000"/>
						<SP ID="P2_SP00585" HPOS="2053" VPOS="3012" WIDTH="30"/>
						<String ID="P2_ST00672" HPOS="2083" VPOS="2951" WIDTH="141" HEIGHT="63" CONTENT="Regie" WC="0.98" CC="01920"/>
						<SP ID="P2_SP00586" HPOS="2224" VPOS="3014" WIDTH="29"/>
						<String ID="P2_ST00673" HPOS="2253" VPOS="2951" WIDTH="143" HEIGHT="49" CONTENT="durch" WC="1.00" CC="00000"/>
						<SP ID="P2_SP00587" HPOS="2396" VPOS="3014" WIDTH="29"/>
						<String ID="P2_ST00674" HPOS="2425" VPOS="2953" WIDTH="274" HEIGHT="66" CONTENT="schlagende" WC="0.99" CC="3043003700"/>
						<SP ID="P2_SP00588" HPOS="2699" VPOS="3019" WIDTH="28"/>
						<String ID="P2_ST00675" HPOS="2727" VPOS="2956" WIDTH="220" HEIGHT="66" CONTENT="Beispiele" WC="0.99" CC="603100426"/>
						<SP ID="P2_SP00589" HPOS="2947" VPOS="3022" WIDTH="28"/>
						<String ID="P2_ST00676" HPOS="2975" VPOS="2958" WIDTH="147" HEIGHT="55" CONTENT="nach.;" WC="1.00" CC="000500"/>
					</TextLine>
					<TextLine ID="P2_TL00088" HPOS="1855" VPOS="3024" WIDTH="1392" HEIGHT="70">
						<String ID="P2_ST00677" HPOS="1855" VPOS="3024" WIDTH="82" HEIGHT="47" CONTENT="Mit" WC="1.00" CC="000"/>
						<SP ID="P2_SP00590" HPOS="1937" VPOS="3071" WIDTH="33"/>
						<String ID="P2_ST00678" HPOS="1970" VPOS="3027" WIDTH="131" HEIGHT="53" CONTENT="„Don" WC="0.99" CC="2003"/>
						<SP ID="P2_SP00591" HPOS="2101" VPOS="3080" WIDTH="22"/>
						<String ID="P2_ST00679" HPOS="2123" VPOS="3028" WIDTH="176" HEIGHT="56" CONTENT='Juan",' WC="0.98" CC="033363"/>
						<SP ID="P2_SP00592" HPOS="2299" VPOS="3084" WIDTH="41"/>
						<String ID="P2_ST00680" HPOS="2340" VPOS="3029" WIDTH="251" HEIGHT="65" CONTENT='„Figaro",' WC="0.99" CC="470000030"/>
						<SP ID="P2_SP00593" HPOS="2591" VPOS="3094" WIDTH="34"/>
						<String ID="P2_ST00681" HPOS="2625" VPOS="3032" WIDTH="343" HEIGHT="60" CONTENT='„Freischütz",' WC="0.99" CC="4040000605544"/>
						<SP ID="P2_SP00594" HPOS="2968" VPOS="3094" WIDTH="35"/>
						<String ID="P2_ST00682" HPOS="3003" VPOS="3034" WIDTH="244" HEIGHT="56" CONTENT='„Oberon"' WC="0.67" CC="37600411"/>
					</TextLine>
					<TextLine ID="P2_TL00089" HPOS="1739" VPOS="3099" WIDTH="1519" HEIGHT="78">
						<String ID="P2_ST00683" HPOS="1739" VPOS="3099" WIDTH="53" HEIGHT="47" CONTENT="ist" WC="0.97" CC="034"/>
						<SP ID="P2_SP00595" HPOS="1792" VPOS="3146" WIDTH="37"/>
						<String ID="P2_ST00684" HPOS="1829" VPOS="3100" WIDTH="114" HEIGHT="49" CONTENT="auch" WC="0.99" CC="0105"/>
						<SP ID="P2_SP00596" HPOS="1943" VPOS="3149" WIDTH="40"/>
						<String ID="P2_ST00685" HPOS="1983" VPOS="3102" WIDTH="123" HEIGHT="48" CONTENT="nicht" WC="0.99" CC="60040"/>
						<SP ID="P2_SP00597" HPOS="2106" VPOS="3150" WIDTH="29"/>
						<String ID="P2_ST00686" HPOS="2135" VPOS="3103" WIDTH="80" HEIGHT="48" CONTENT="der" WC="0.99" CC="003"/>
						<SP ID="P2_SP00598" HPOS="2215" VPOS="3151" WIDTH="28"/>
						<String ID="P2_ST00687" HPOS="2243" VPOS="3106" WIDTH="228" HEIGHT="66" CONTENT="geringste" WC="0.99" CC="025067010"/>
						<SP ID="P2_SP00599" HPOS="2471" VPOS="3172" WIDTH="30"/>
						<String ID="P2_ST00688" HPOS="2501" VPOS="3108" WIDTH="202" HEIGHT="48" CONTENT="Versuch" WC="0.98" CC="4680045"/>
						<SP ID="P2_SP00600" HPOS="2703" VPOS="3172" WIDTH="32"/>
						<String ID="P2_ST00689" HPOS="2735" VPOS="3111" WIDTH="124" HEIGHT="47" CONTENT="einer" WC="0.99" CC="10025"/>
						<SP ID="P2_SP00601" HPOS="2859" VPOS="3172" WIDTH="28"/>
						<String ID="P2_ST00690" HPOS="2887" VPOS="3111" WIDTH="282" HEIGHT="66" CONTENT="Aenderung" WC="0.76" CC="017002009"/>
						<SP ID="P2_SP00602" HPOS="3169" VPOS="3177" WIDTH="28"/>
						<String ID="P2_ST00691" HPOS="3197" VPOS="3113" WIDTH="61" HEIGHT="47" CONTENT="im" WC="0.36" CC="39"/>
					</TextLine>
					<TextLine ID="P2_TL00090" HPOS="1738" VPOS="3175" WIDTH="1517" HEIGHT="77">
						<String ID="P2_ST00692" HPOS="1738" VPOS="3175" WIDTH="160" HEIGHT="58" CONTENT="lexte," WC="0.71" CC="740400"/>
						<SP ID="P2_SP00603" HPOS="1898" VPOS="3233" WIDTH="29"/>
						<String ID="P2_ST00693" HPOS="1927" VPOS="3178" WIDTH="43" HEIGHT="47" CONTENT="in" WC="0.70" CC="05"/>
						<SP ID="P2_SP00604" HPOS="1970" VPOS="3233" WIDTH="31"/>
						<String ID="P2_ST00694" HPOS="2001" VPOS="3178" WIDTH="80" HEIGHT="48" CONTENT="der" WC="0.98" CC="005"/>
						<SP ID="P2_SP00605" HPOS="2081" VPOS="3233" WIDTH="29"/>
						<String ID="P2_ST00695" HPOS="2110" VPOS="3180" WIDTH="255" HEIGHT="67" CONTENT="Scenirung" WC="0.85" CC="000006060"/>
						<SP ID="P2_SP00606" HPOS="2365" VPOS="3247" WIDTH="23"/>
						<String ID="P2_ST00696" HPOS="2388" VPOS="3183" WIDTH="90" HEIGHT="48" CONTENT="und" WC="1.00" CC="000"/>
						<SP ID="P2_SP00607" HPOS="2478" VPOS="3247" WIDTH="23"/>
						<String ID="P2_ST00697" HPOS="2501" VPOS="3186" WIDTH="295" HEIGHT="64" CONTENT="Darstellung" WC="0.99" CC="09026005660"/>
						<SP ID="P2_SP00608" HPOS="2796" VPOS="3250" WIDTH="23"/>
						<String ID="P2_ST00698" HPOS="2819" VPOS="3188" WIDTH="213" HEIGHT="64" CONTENT="gemacht" WC="0.98" CC="9409040"/>
						<SP ID="P2_SP00609" HPOS="3032" VPOS="3252" WIDTH="21"/>
						<String ID="P2_ST00699" HPOS="3053" VPOS="3188" WIDTH="202" HEIGHT="50" CONTENT="worden." WC="0.99" CC="7100060"/>
					</TextLine>
					<TextLine ID="P2_TL00091" HPOS="1738" VPOS="3252" WIDTH="1520" HEIGHT="72">
						<String ID="P2_ST00700" HPOS="1738" VPOS="3252" WIDTH="85" HEIGHT="48" CONTENT="Die" WC="1.00" CC="000"/>
						<SP ID="P2_SP00610" HPOS="1823" VPOS="3300" WIDTH="29"/>
						<String ID="P2_ST00701" HPOS="1852" VPOS="3254" WIDTH="182" HEIGHT="50" CONTENT="Herren" WC="0.97" CC="853307"/>
						<SP ID="P2_SP00611" HPOS="2034" VPOS="3304" WIDTH="36"/>
						<String ID="P2_ST00702" HPOS="2070" VPOS="3257" WIDTH="211" HEIGHT="49" CONTENT="scheinen" WC="0.99" CC="00600006"/>
						<SP ID="P2_SP00612" HPOS="2281" VPOS="3306" WIDTH="42"/>
						<String ID="P2_ST00703" HPOS="2323" VPOS="3276" WIDTH="83" HEIGHT="48" CONTENT="gar" WC="0.95" CC="903"/>
						<SP ID="P2_SP00613" HPOS="2406" VPOS="3324" WIDTH="42"/>
						<String ID="P2_ST00704" HPOS="2448" VPOS="3260" WIDTH="122" HEIGHT="50" CONTENT="nicht" WC="0.97" CC="64325"/>
						<SP ID="P2_SP00614" HPOS="2570" VPOS="3324" WIDTH="35"/>
						<String ID="P2_ST00705" HPOS="2605" VPOS="3263" WIDTH="188" HEIGHT="48" CONTENT="merken" WC="1.00" CC="005000"/>
						<SP ID="P2_SP00615" HPOS="2793" VPOS="3324" WIDTH="41"/>
						<String ID="P2_ST00706" HPOS="2834" VPOS="3280" WIDTH="53" HEIGHT="31" CONTENT="zu" WC="0.65" CC="60"/>
						<SP ID="P2_SP00616" HPOS="2887" VPOS="3324" WIDTH="46"/>
						<String ID="P2_ST00707" HPOS="2933" VPOS="3266" WIDTH="179" HEIGHT="57" CONTENT="wollen," WC="0.99" CC="0251020"/>
						<SP ID="P2_SP00617" HPOS="3112" VPOS="3324" WIDTH="44"/>
						<String ID="P2_ST00708" HPOS="3156" VPOS="3266" WIDTH="102" HEIGHT="49" CONTENT="dass" WC="0.77" CC="0017"/>
					</TextLine>
					<TextLine ID="P2_TL00092" HPOS="1738" VPOS="3329" WIDTH="632" HEIGHT="57">
						<String ID="P2_ST00709" HPOS="1738" VPOS="3329" WIDTH="141" HEIGHT="50" CONTENT="hierin" WC="0.99" CC="600300"/>
						<SP ID="P2_SP00618" HPOS="1879" VPOS="3379" WIDTH="31"/>
						<String ID="P2_ST00710" HPOS="1910" VPOS="3339" WIDTH="140" HEIGHT="42" CONTENT="etwas" WC="1.00" CC="03000"/>
						<SP ID="P2_SP00619" HPOS="2050" VPOS="3381" WIDTH="28"/>
						<String ID="P2_ST00711" HPOS="2078" VPOS="3352" WIDTH="53" HEIGHT="29" CONTENT="zu" WC="0.69" CC="60"/>
						<SP ID="P2_SP00620" HPOS="2131" VPOS="3381" WIDTH="31"/>
						<String ID="P2_ST00712" HPOS="2162" VPOS="3335" WIDTH="112" HEIGHT="49" CONTENT="thun" WC="0.40" CC="4577"/>
						<SP ID="P2_SP00621" HPOS="2274" VPOS="3384" WIDTH="30"/>
						<String ID="P2_ST00713" HPOS="2304" VPOS="3337" WIDTH="66" HEIGHT="49" CONTENT="ist." WC="0.99" CC="1004"/>
					</TextLine>
					<TextLine ID="P2_TL00093" HPOS="1850" VPOS="3410" WIDTH="1407" HEIGHT="73">
						<String ID="P2_ST00714" HPOS="1850" VPOS="3410" WIDTH="105" HEIGHT="46" CONTENT="&gt;\un" WC="0.22" CC="8768"/>
						<SP ID="P2_SP00622" HPOS="1955" VPOS="3456" WIDTH="32"/>
						<String ID="P2_ST00715" HPOS="1987" VPOS="3410" WIDTH="156" HEIGHT="65" CONTENT="fragen" WC="0.99" CC="045031"/>
						<SP ID="P2_SP00623" HPOS="2143" VPOS="3475" WIDTH="32"/>
						<String ID="P2_ST00716" HPOS="2175" VPOS="3414" WIDTH="83" HEIGHT="46" CONTENT="wir" WC="0.97" CC="026"/>
						<SP ID="P2_SP00624" HPOS="2258" VPOS="3475" WIDTH="28"/>
						<String ID="P2_ST00717" HPOS="2286" VPOS="3414" WIDTH="127" HEIGHT="57" CONTENT="aber," WC="0.98" CC="31044"/>
						<SP ID="P2_SP00625" HPOS="2413" VPOS="3475" WIDTH="26"/>
						<String ID="P2_ST00718" HPOS="2439" VPOS="3432" WIDTH="131" HEIGHT="33" CONTENT="wenn" WC="0.97" CC="0077"/>
						<SP ID="P2_SP00626" HPOS="2570" VPOS="3475" WIDTH="33"/>
						<String ID="P2_ST00719" HPOS="2603" VPOS="3417" WIDTH="355" HEIGHT="66" CONTENT="handgreifliche" WC="0.99" CC="79889101600471"/>
						<SP ID="P2_SP00627" HPOS="2958" VPOS="3483" WIDTH="22"/>
						<String ID="P2_ST00720" HPOS="2980" VPOS="3420" WIDTH="250" HEIGHT="50" CONTENT="Albernhei" SUBS_TYPE="HypPart1" SUBS_CONTENT="Albernheiten" WC="0.98" CC="087408617"/>
						<HYP HPOS="3230" VPOS="3420" WIDTH="27" CONTENT="-"/>
					</TextLine>
					<TextLine ID="P2_TL00094" HPOS="1735" VPOS="3485" WIDTH="1520" HEIGHT="75">
						<String ID="P2_ST00721" HPOS="1735" VPOS="3492" WIDTH="70" HEIGHT="39" CONTENT="ten" SUBS_TYPE="HypPart2" SUBS_CONTENT="Albernheiten" WC="0.94" CC="637"/>
						<SP ID="P2_SP00628" HPOS="1805" VPOS="3531" WIDTH="32"/>
						<String ID="P2_ST00722" HPOS="1837" VPOS="3485" WIDTH="312" HEIGHT="61" CONTENT="vorkommen," WC="0.99" CC="4090000573"/>
						<SP ID="P2_SP00629" HPOS="2149" VPOS="3546" WIDTH="41"/>
						<String ID="P2_ST00723" HPOS="2190" VPOS="3490" WIDTH="91" HEIGHT="47" CONTENT="und" WC="0.97" CC="150"/>
						<SP ID="P2_SP00630" HPOS="2281" VPOS="3546" WIDTH="41"/>
						<String ID="P2_ST00724" HPOS="2322" VPOS="3508" WIDTH="104" HEIGHT="32" CONTENT="man" WC="0.99" CC="030"/>
						<SP ID="P2_SP00631" HPOS="2426" VPOS="3546" WIDTH="39"/>
						<String ID="P2_ST00725" HPOS="2465" VPOS="3493" WIDTH="246" HEIGHT="65" CONTENT="beantragt" WC="0.99" CC="700875700"/>
						<SP ID="P2_SP00632" HPOS="2711" VPOS="3558" WIDTH="36"/>
						<String ID="P2_ST00726" HPOS="2747" VPOS="3495" WIDTH="99" HEIGHT="49" CONTENT="eine" WC="0.97" CC="0166"/>
						<SP ID="P2_SP00633" HPOS="2846" VPOS="3558" WIDTH="32"/>
						<String ID="P2_ST00727" HPOS="2878" VPOS="3497" WIDTH="225" HEIGHT="63" CONTENT="mögliche" WC="0.99" CC="08750000"/>
						<SP ID="P2_SP00634" HPOS="3103" VPOS="3560" WIDTH="29"/>
						<String ID="P2_ST00728" HPOS="3132" VPOS="3498" WIDTH="93" HEIGHT="48" CONTENT="Aen" SUBS_TYPE="HypPart1" SUBS_CONTENT="Aenderung," WC="0.76" CC="006"/>
						<HYP HPOS="3225" VPOS="3498" WIDTH="30" CONTENT="-"/>
					</TextLine>
					<TextLine ID="P2_TL00095" HPOS="1733" VPOS="3561" WIDTH="1524" HEIGHT="67">
						<String ID="P2_ST00729" HPOS="1733" VPOS="3561" WIDTH="191" HEIGHT="67" CONTENT="derung," SUBS_TYPE="HypPart2" SUBS_CONTENT="Aenderung," WC="0.89" CC="0000700"/>
						<SP ID="P2_SP00635" HPOS="1924" VPOS="3628" WIDTH="25"/>
						<String ID="P2_ST00730" HPOS="1949" VPOS="3564" WIDTH="53" HEIGHT="48" CONTENT="ist" WC="0.96" CC="064"/>
						<SP ID="P2_SP00636" HPOS="2002" VPOS="3628" WIDTH="21"/>
						<String ID="P2_ST00731" HPOS="2023" VPOS="3565" WIDTH="79" HEIGHT="49" CONTENT="das" WC="0.99" CC="001"/>
						<SP ID="P2_SP00637" HPOS="2102" VPOS="3628" WIDTH="23"/>
						<String ID="P2_ST00732" HPOS="2125" VPOS="3567" WIDTH="71" HEIGHT="48" CONTENT="ein" WC="0.98" CC="004"/>
						<SP ID="P2_SP00638" HPOS="2196" VPOS="3628" WIDTH="24"/>
						<String ID="P2_ST00733" HPOS="2220" VPOS="3568" WIDTH="171" HEIGHT="49" CONTENT="idealer" WC="1.00" CC="0000004"/>
						<SP ID="P2_SP00639" HPOS="2391" VPOS="3628" WIDTH="19"/>
						<String ID="P2_ST00734" HPOS="2410" VPOS="3570" WIDTH="242" HEIGHT="49" CONTENT="Wunsch?" WC="1.00" CC="0001004"/>
						<SP ID="P2_SP00640" HPOS="2652" VPOS="3628" WIDTH="33"/>
						<String ID="P2_ST00735" HPOS="2685" VPOS="3573" WIDTH="94" HEIGHT="47" CONTENT="Wo" WC="0.85" CC="02"/>
						<SP ID="P2_SP00641" HPOS="2779" VPOS="3628" WIDTH="26"/>
						<String ID="P2_ST00736" HPOS="2805" VPOS="3573" WIDTH="151" HEIGHT="48" CONTENT="finden" WC="0.97" CC="806808"/>
						<SP ID="P2_SP00642" HPOS="2956" VPOS="3628" WIDTH="24"/>
						<String ID="P2_ST00737" HPOS="2980" VPOS="3574" WIDTH="70" HEIGHT="48" CONTENT="die" WC="0.99" CC="011"/>
						<SP ID="P2_SP00643" HPOS="3050" VPOS="3628" WIDTH="24"/>
						<String ID="P2_ST00738" HPOS="3074" VPOS="3577" WIDTH="183" HEIGHT="48" CONTENT="Herren" WC="0.98" CC="820044"/>
					</TextLine>
					<TextLine ID="P2_TL00096" HPOS="1733" VPOS="3639" WIDTH="1525" HEIGHT="76">
						<String ID="P2_ST00739" HPOS="1733" VPOS="3639" WIDTH="86" HEIGHT="48" CONTENT="den" WC="0.98" CC="004"/>
						<SP ID="P2_SP00644" HPOS="1819" VPOS="3687" WIDTH="28"/>
						<String ID="P2_ST00740" HPOS="1847" VPOS="3641" WIDTH="190" HEIGHT="58" CONTENT="Beweis," WC="0.98" CC="9702021"/>
						<SP ID="P2_SP00645" HPOS="2037" VPOS="3699" WIDTH="31"/>
						<String ID="P2_ST00741" HPOS="2068" VPOS="3643" WIDTH="100" HEIGHT="49" CONTENT="dass" WC="0.74" CC="0028"/>
						<SP ID="P2_SP00646" HPOS="2168" VPOS="3699" WIDTH="29"/>
						<String ID="P2_ST00742" HPOS="2197" VPOS="3645" WIDTH="45" HEIGHT="47" CONTENT="in" WC="0.70" CC="05"/>
						<SP ID="P2_SP00647" HPOS="2242" VPOS="3699" WIDTH="28"/>
						<String ID="P2_ST00743" HPOS="2270" VPOS="3647" WIDTH="394" HEIGHT="58" CONTENT="Meisterwerken," WC="1.00" CC="00045150300074"/>
						<SP ID="P2_SP00648" HPOS="2664" VPOS="3705" WIDTH="40"/>
						<String ID="P2_ST00744" HPOS="2704" VPOS="3650" WIDTH="172" HEIGHT="49" CONTENT="welche" WC="0.98" CC="060840"/>
						<SP ID="P2_SP00649" HPOS="2876" VPOS="3705" WIDTH="36"/>
						<String ID="P2_ST00745" HPOS="2912" VPOS="3652" WIDTH="44" HEIGHT="47" CONTENT="in" WC="0.69" CC="06"/>
						<SP ID="P2_SP00650" HPOS="2956" VPOS="3705" WIDTH="24"/>
						<String ID="P2_ST00746" HPOS="2980" VPOS="3650" WIDTH="131" HEIGHT="65" CONTENT="jeder" WC="0.98" CC="20840"/>
						<SP ID="P2_SP00651" HPOS="3111" VPOS="3715" WIDTH="26"/>
						<String ID="P2_ST00747" HPOS="3137" VPOS="3654" WIDTH="121" HEIGHT="48" CONTENT="Note" WC="0.96" CC="0766"/>
					</TextLine>
					<TextLine ID="P2_TL00097" HPOS="1731" VPOS="3716" WIDTH="1523" HEIGHT="74">
						<String ID="P2_ST00748" HPOS="1731" VPOS="3716" WIDTH="83" HEIGHT="47" CONTENT="auf" WC="0.98" CC="060"/>
						<SP ID="P2_SP00652" HPOS="1814" VPOS="3763" WIDTH="23"/>
						<String ID="P2_ST00749" HPOS="1837" VPOS="3718" WIDTH="423" HEIGHT="52" CONTENT="charakteristische" WC="1.00" CC="24000050405601230"/>
						<SP ID="P2_SP00653" HPOS="2260" VPOS="3770" WIDTH="29"/>
						<String ID="P2_ST00750" HPOS="2289" VPOS="3723" WIDTH="254" HEIGHT="49" CONTENT="Wahrheit" WC="1.00" CC="01000000"/>
						<SP ID="P2_SP00654" HPOS="2543" VPOS="3772" WIDTH="28"/>
						<String ID="P2_ST00751" HPOS="2571" VPOS="3725" WIDTH="258" HEIGHT="65" CONTENT="gegründet" WC="0.99" CC="009307050"/>
						<SP ID="P2_SP00655" HPOS="2829" VPOS="3790" WIDTH="26"/>
						<String ID="P2_ST00752" HPOS="2855" VPOS="3728" WIDTH="115" HEIGHT="57" CONTENT="sind," WC="0.98" CC="30800"/>
						<SP ID="P2_SP00656" HPOS="2970" VPOS="3790" WIDTH="30"/>
						<String ID="P2_ST00753" HPOS="3000" VPOS="3728" WIDTH="71" HEIGHT="48" CONTENT="die" WC="0.95" CC="920"/>
						<SP ID="P2_SP00657" HPOS="3071" VPOS="3790" WIDTH="29"/>
						<String ID="P2_ST00754" HPOS="3100" VPOS="3730" WIDTH="129" HEIGHT="47" CONTENT="Sceni" SUBS_TYPE="HypPart1" SUBS_CONTENT="Scenirung" WC="0.67" CC="50380"/>
						<HYP HPOS="3229" VPOS="3730" WIDTH="25" CONTENT="-"/>
					</TextLine>
					<TextLine ID="P2_TL00098" HPOS="1730" VPOS="3798" WIDTH="1525" HEIGHT="70">
						<String ID="P2_ST00755" HPOS="1730" VPOS="3812" WIDTH="118" HEIGHT="48" CONTENT="rung" SUBS_TYPE="HypPart2" SUBS_CONTENT="Scenirung" WC="0.53" CC="0529"/>
						<SP ID="P2_SP00658" HPOS="1848" VPOS="3860" WIDTH="38"/>
						<String ID="P2_ST00756" HPOS="1886" VPOS="3798" WIDTH="456" HEIGHT="58" CONTENT="unwahrscheinlich," WC="0.99" CC="56036010600850052"/>
						<SP ID="P2_SP00659" HPOS="2342" VPOS="3860" WIDTH="36"/>
						<String ID="P2_ST00757" HPOS="2378" VPOS="3800" WIDTH="65" HEIGHT="65" CONTENT="ja," WC="0.99" CC="300"/>
						<SP ID="P2_SP00660" HPOS="2443" VPOS="3865" WIDTH="57"/>
						<String ID="P2_ST00758" HPOS="2500" VPOS="3803" WIDTH="62" HEIGHT="47" CONTENT="oft" WC="0.96" CC="406"/>
						<SP ID="P2_SP00661" HPOS="2562" VPOS="3865" WIDTH="43"/>
						<String ID="P2_ST00759" HPOS="2605" VPOS="3803" WIDTH="224" HEIGHT="65" CONTENT="geradezu" WC="0.99" CC="00500596"/>
						<SP ID="P2_SP00662" HPOS="2829" VPOS="3868" WIDTH="39"/>
						<String ID="P2_ST00760" HPOS="2868" VPOS="3807" WIDTH="252" HEIGHT="48" CONTENT="verletzend" WC="0.99" CC="0215665050"/>
						<SP ID="P2_SP00663" HPOS="3120" VPOS="3868" WIDTH="44"/>
						<String ID="P2_ST00761" HPOS="3164" VPOS="3808" WIDTH="91" HEIGHT="48" CONTENT="und" WC="0.94" CC="079"/>
					</TextLine>
					<TextLine ID="P2_TL00099" HPOS="1728" VPOS="3873" WIDTH="497" HEIGHT="50">
						<String ID="P2_ST00762" HPOS="1728" VPOS="3873" WIDTH="182" HEIGHT="48" CONTENT="störend" WC="0.99" CC="4500050"/>
						<SP ID="P2_SP00664" HPOS="1910" VPOS="3921" WIDTH="30"/>
						<String ID="P2_ST00763" HPOS="1940" VPOS="3875" WIDTH="94" HEIGHT="47" CONTENT="sein" WC="0.98" CC="0047"/>
						<SP ID="P2_SP00665" HPOS="2034" VPOS="3922" WIDTH="29"/>
						<String ID="P2_ST00764" HPOS="2063" VPOS="3874" WIDTH="162" HEIGHT="49" CONTENT="dürfe?" WC="0.99" CC="082001"/>
					</TextLine>
					<TextLine ID="P2_TL00100" HPOS="1844" VPOS="3950" WIDTH="1408" HEIGHT="76">
						<String ID="P2_ST00765" HPOS="1844" VPOS="3950" WIDTH="86" HEIGHT="47" CONTENT="Ein" WC="0.97" CC="008"/>
						<SP ID="P2_SP00666" HPOS="1930" VPOS="3997" WIDTH="40"/>
						<String ID="P2_ST00766" HPOS="1970" VPOS="3951" WIDTH="292" HEIGHT="50" CONTENT="unfehlbares" WC="0.99" CC="06035640600"/>
						<SP ID="P2_SP00667" HPOS="2262" VPOS="4001" WIDTH="29"/>
						<String ID="P2_ST00767" HPOS="2291" VPOS="3954" WIDTH="160" HEIGHT="57" CONTENT="Mittel," WC="0.99" CC="0005021"/>
						<SP ID="P2_SP00668" HPOS="2451" VPOS="4011" WIDTH="41"/>
						<String ID="P2_ST00768" HPOS="2492" VPOS="3954" WIDTH="71" HEIGHT="49" CONTENT="die" WC="0.98" CC="022"/>
						<SP ID="P2_SP00669" HPOS="2563" VPOS="4011" WIDTH="40"/>
						<String ID="P2_ST00769" HPOS="2603" VPOS="3973" WIDTH="55" HEIGHT="32" CONTENT="an" WC="1.00" CC="00"/>
						<SP ID="P2_SP00670" HPOS="2658" VPOS="4011" WIDTH="40"/>
						<String ID="P2_ST00770" HPOS="2698" VPOS="3956" WIDTH="86" HEIGHT="49" CONTENT="den" WC="0.95" CC="058"/>
						<SP ID="P2_SP00671" HPOS="2784" VPOS="4011" WIDTH="43"/>
						<String ID="P2_ST00771" HPOS="2827" VPOS="3959" WIDTH="300" HEIGHT="50" CONTENT="Schlendrian" WC="0.99" CC="00633400306"/>
						<SP ID="P2_SP00672" HPOS="3127" VPOS="4011" WIDTH="45"/>
						<String ID="P2_ST00772" HPOS="3172" VPOS="3978" WIDTH="54" HEIGHT="48" CONTENT="ge" SUBS_TYPE="HypPart1" SUBS_CONTENT="gewöhnten" WC="0.98" CC="01"/>
						<HYP HPOS="3226" VPOS="3978" WIDTH="26" CONTENT="-"/>
					</TextLine>
					<TextLine ID="P2_TL00101" HPOS="1730" VPOS="4026" WIDTH="1522" HEIGHT="62">
						<String ID="P2_ST00773" HPOS="1730" VPOS="4026" WIDTH="212" HEIGHT="50" CONTENT="wöhnten" SUBS_TYPE="HypPart2" SUBS_CONTENT="gewöhnten" WC="0.99" CC="0005605"/>
						<SP ID="P2_SP00673" HPOS="1942" VPOS="4076" WIDTH="32"/>
						<String ID="P2_ST00774" HPOS="1974" VPOS="4028" WIDTH="91" HEIGHT="49" CONTENT="und" WC="0.96" CC="370"/>
						<SP ID="P2_SP00674" HPOS="2065" VPOS="4077" WIDTH="30"/>
						<String ID="P2_ST00775" HPOS="2095" VPOS="4029" WIDTH="142" HEIGHT="49" CONTENT="durch" WC="0.98" CC="01661"/>
						<SP ID="P2_SP00675" HPOS="2237" VPOS="4078" WIDTH="29"/>
						<String ID="P2_ST00776" HPOS="2266" VPOS="4029" WIDTH="71" HEIGHT="49" CONTENT="die" WC="0.98" CC="004"/>
						<SP ID="P2_SP00676" HPOS="2337" VPOS="4078" WIDTH="31"/>
						<String ID="P2_ST00777" HPOS="2368" VPOS="4033" WIDTH="146" HEIGHT="48" CONTENT="Gunst" WC="0.97" CC="36803"/>
						<SP ID="P2_SP00677" HPOS="2514" VPOS="4081" WIDTH="30"/>
						<String ID="P2_ST00778" HPOS="2544" VPOS="4031" WIDTH="76" HEIGHT="51" CONTENT="des" WC="0.95" CC="813"/>
						<SP ID="P2_SP00678" HPOS="2620" VPOS="4082" WIDTH="32"/>
						<String ID="P2_ST00779" HPOS="2652" VPOS="4034" WIDTH="263" HEIGHT="51" CONTENT="Publicums" WC="0.65" CC="005500666"/>
						<SP ID="P2_SP00679" HPOS="2915" VPOS="4085" WIDTH="37"/>
						<String ID="P2_ST00780" HPOS="2952" VPOS="4038" WIDTH="300" HEIGHT="50" CONTENT="verwöhnten" WC="0.99" CC="0200903011"/>
					</TextLine>
				</TextBlock>
			</PrintSpace>
		</Page>
	</Layout>
</alto>
