3444 4335
1673 183 101 49 124

195 318 117 49 land.
353 318 179 50 Darauf
570 317 145 48 haben
753 317 82 47 wir
875 317 131 48 mehr
1056 321 63 46 als
1163 320 111 47 Eine
1314 322 221 46 Antwort.
1578 321 107 48 Wir

192 395 217 63 sprechen
437 395 119 45 nicht
583 410 81 29 von
683 392 211 64 Wagner
917 393 90 47 und
1028 396 279 65 Meyerbeer.
1337 397 89 46 Des
1450 397 234 46 Letzteren

190 476 203 41 neuestes
423 468 146 47 Werk
597 467 181 47 werden
809 468 81 46 wir
926 470 158 62 gewiss
1114 470 102 47 bald
1244 487 51 30 zu
1327 471 140 47 hören
1497 470 154 48 bekom-

192 562 116 37 men,
339 543 89 48 und
457 543 110 47 nach
598 543 102 47 dem
730 543 278 64 glücklichen
1037 546 185 63 Erfolge
1249 546 77 47 des

188 621 175 45 dürften
400 619 245 63 Wagner's
686 619 155 64 Opern
890 621 117 45 wohl
1037 621 79 48 der
1145 622 141 47 Reihe
1323 622 114 47 nach
1478 622 205 63 gegeben

188 693 199 48 werden.
414 693 128 48 Aber
571 710 46 31 es
644 693 152 48 stände
824 694 202 50 schlimm
1055 697 80 47 mit
1164 712 187 32 unserer
1378 697 143 63 Oper,
1552 713 131 31 wenn

184 771 69 45 die
280 769 350 49 zeitraubenden
660 769 390 65 Vorbereitungen
1088 791 54 29 zu
1177 772 147 48 diesen
1354 773 327 64 Effect-Opern

189 844 170 48 Werke
382 845 363 64 anspruchsloser
759 847 87 47 Art
866 847 196 62 gänzlich
1081 849 311 63 verdrängten,
1415 848 109 48 oder
1538 849 143 47 nichts

181 920 205 49 daneben
416 920 212 64 geduldet
656 920 157 49 würde
842 923 61 46 als
933 923 198 48 Thomas
1162 923 89 48 und
1279 924 137 47 Balfe.
1446 924 135 48 Ohne
1610 924 70 48 die

183 995 270 49 Production
482 995 80 47 der
590 997 277 63 Gegenwart
908 998 112 47 allzu
1050 999 114 48 hoch
1202 1000 342 63 anzuschlagen,
1582 999 98 48 sind

180 1073 81 44 wir
289 1072 115 48 doch
433 1072 261 64 überzeugt,
724 1073 99 47 dass
852 1089 103 32 man
976 1075 210 49 Besseres
1210 1075 147 49 finden
1384 1075 178 49 konnte.
1591 1078 58 46 Er-

176 1154 117 39 stens
321 1146 55 49 ist
402 1163 46 32 es
477 1148 212 56 bekannt,
738 1148 99 48 dass
866 1150 260 47 Marschner
1164 1150 92 49 sein
1294 1158 203 41 neuestes
1526 1152 151 48 Werk

180 1238 186 32 unserer
393 1223 409 63 Opern-Direction
832 1225 259 62 eingesandt
1119 1226 90 47 hat.
1239 1228 107 47 Wir
1375 1228 144 63 hegen
1549 1226 128 49 keine

179 1298 211 48 Vorliebe
420 1299 75 46 für
522 1299 381 48 Marschner'sche
929 1301 148 47 Musik
1112 1301 90 47 und
1243 1301 174 50 kennen
1454 1303 77 47 das
1561 1320 114 31 neue

183 1374 144 47 Werk
354 1374 142 56 nicht;
531 1374 235 65 jedenfalls
808 1379 118 43 wäre
964 1393 44 30 es
1058 1378 151 47 besser
1247 1395 207 46 gewesen
1498 1379 64 47 als
1604 1379 71 48 die

188 1453 145 52 „Rose
349 1464 83 33 von
726 1451 90 47 und
833 1453 58 45 im
908 1453 301 49 schlimmsten
1227 1456 123 46 Falle
1373 1455 53 47 ist
1446 1472 45 30 es
1514 1456 132 47 ehren-

178 1525 149 53 voller,
359 1525 78 47 mit
463 1525 263 48 Marschner
754 1526 352 56 durchzufallen,
1134 1531 62 46 als
1225 1531 80 46 mit
1332 1531 140 47 Balfe.
1503 1533 171 45 Ferner

176 1602 207 46 erinnern
414 1602 81 46 wir
523 1601 160 59 daran,
725 1602 99 49 dass
861 1604 42 47 in
932 1605 223 65 Stuttgart
1182 1606 149 48 diesen
1361 1607 186 49 Winter
1573 1609 98 47 eine

173 1693 114 31 neue
316 1677 140 64 Oper,
498 1679 157 54 „Anna
683 1695 83 32 von
1144 1699 83 30 von
1256 1684 175 47 Abert
1470 1682 201 66 beifällig

173 1752 345 65 aufgenommen
548 1754 171 47 wurde.
762 1755 108 48 Wir
896 1757 139 47 sollen
1063 1757 61 49 sie
1154 1759 42 47 in
1225 1759 79 47 der
1332 1759 212 47 nächsten
1573 1760 73 47 Sai-

174 1846 77 29 son
287 1830 155 47 hören.
491 1830 118 47 Wer
646 1830 54 48 ist
738 1831 110 48 aber
876 1834 121 45 Herr
1025 1834 175 49 Abert?
1248 1836 87 47 Ein
1363 1836 190 47 Schüler
1592 1836 78 48 des

173 1921 163 47 prager
366 1906 425 48 Conservatoriums.
847 1908 58 47 Ist
946 1910 225 65 Stuttgart
1211 1911 82 47 der
1332 1912 103 56 Ort,
1478 1929 70 30 wo
1590 1912 80 49 das

241 1981 76 47 erk
349 1981 118 48 eines
495 1997 164 49 prager
686 1983 209 65 Zöglings
936 1986 119 47 seine
1084 1995 116 39 erste
1227 1987 299 65 Aufführung
1556 1990 91 47 erle-

175 2057 84 47 ben
287 2058 109 46 soll?
425 2060 170 45 Ferner
623 2058 121 49 hatte
773 2077 102 31 man
905 2061 78 48 das
1004 2062 151 48 Werk
1183 2065 121 47 eines
1333 2066 169 46 wiener
1533 2067 102 46 Com-

175 2133 217 62 ponisten,
658 2151 82 32 von
771 2137 94 47 Th.
894 2138 180 55 Löwe,
1102 2156 79 31 zur
1209 2141 292 63 Darstellung
1530 2159 110 45 ange-

175 2225 230 39 nommen;
447 2208 70 48 die
557 2212 323 62 versprochene
907 2215 298 64 Aufführung
1244 2216 111 47 aber
1397 2217 270 57 unterblieb,

171 2284 97 47 weil
289 2283 82 48 der
393 2284 211 49 Contract
623 2286 77 48 des
722 2288 150 47 Herrn
900 2289 205 64 Steger
1133 2291 69 47 die
1230 2291 277 49 sonderbare
1531 2293 108 49 Clau-

167 2361 63 45 sel
258 2359 195 57 enthielt,
482 2362 120 47 Herr
622 2363 160 64 Steger
811 2363 197 50 brauche
1037 2383 85 31 nur
1149 2368 139 47 Eine
1317 2385 114 30 neue
1455 2369 127 49 Rolle
1610 2389 53 29 zu

167 2437 214 56 studiren,
428 2437 91 48 und
554 2439 100 47 weil
691 2457 105 31 man
830 2457 49 32 so
921 2444 174 46 tactvoll
1126 2461 111 39 war,
1279 2444 96 49 eine
1403 2446 262 49 Verdi'sche

169 2513 146 47 Partie
343 2513 62 48 als
434 2513 117 48 diese
580 2514 210 65 einzige
818 2519 325 47 auszuerlesen.
1175 2521 171 48 Ferner
1366 2521 172 49 scheint
1559 2540 103 30 man

169 2606 230 47 vergessen
419 2606 53 31 zu
495 2590 164 58 haben,
687 2592 99 48 dass
808 2610 78 31 vor
907 2594 68 47 ein
1001 2612 108 47 paar
1128 2597 171 47 Jahren
1321 2597 80 48 der
1422 2598 240 50 berühmte

171 2664 494 66 Balladen-Componist
691 2669 129 47 Karl
849 2670 162 47 Löwe
1035 2672 77 47 mit
1134 2672 165 48 seinem
1322 2665 218 74 Antrage,
1564 2676 98 47 eine

169 2745 123 60 Oper
334 2743 75 46 für
449 2743 138 48 Wien
632 2762 54 29 zu
724 2747 306 63 componiren,
1075 2750 394 63 zurückgewiesen
1519 2752 139 49 ward.

171 2818 167 47 Ferner
362 2818 170 48 scheint
552 2837 104 32 man
678 2822 121 47 nicht
824 2839 53 31 zu
907 2824 174 57 wissen,
1111 2824 99 48 dass
1238 2828 279 47 Dessauer
1545 2829 85 47 min-

167 2893 173 48 destens
377 2894 112 47 Eine
517 2895 127 64 Oper
675 2897 131 64 fertig
843 2898 57 47 im
931 2900 128 47 Pulte
1097 2902 144 63 liegen
1281 2903 90 48 hat.
1418 2904 94 47 Hat
1553 2921 103 31 man

167 2969 89 47 sich
284 2969 140 48 dieses
444 2971 148 49 Werk
618 2989 79 31 zur
716 2974 273 50 Durchsicht
1015 2975 214 50 erbeten?
1257 2979 93 48 Hat
1374 2997 102 30 man
1498 2980 159 64 irgend

167 3046 126 47 einen
321 3046 165 47 Schritt
513 3049 180 62 gethan,
722 3067 74 30 um
827 3051 157 64 irgend
1012 3053 130 48 einen
1172 3054 318 65 Componisten
1521 3057 134 63 (denn

167 3121 80 47 wir
265 3121 136 49 reden
419 3121 173 50 keinem
620 3125 240 48 Einzelnen
876 3126 78 49 das
970 3128 155 64 Wort)
1155 3148 93 29 zur
1279 3131 376 65 Composition

166 3199 316 65 einerOper
510 3217 306 49 anzuregen
838 3204 131 48 oder
988 3223 90 29 zur
1098 3206 379 66 Einreichung
1503 3210 150 48 eines

169 3274 236 64 fertigen
429 3276 229 49 Werkes
684 3295 60 30 zu
768 3278 353 52 bestimmen?
1144 3283 100 48 Und
1261 3284 203 48 dennoch
1482 3285 173 50 kommt

171 3365 99 32 man
297 3366 80 31 uns
411 3351 162 48 immer
601 3352 91 49 und
725 3355 159 47 immer
912 3358 167 47 wieder
1109 3359 77 47 mit
1214 3359 80 48 der
1322 3360 304 65 abgedrosche-

169 3441 86 35 nen
283 3426 185 48 Phrase:
496 3429 61 47 Es
584 3430 97 63 gibt
711 3430 127 49 keine
867 3449 145 32 neuen
1042 3435 180 64 Opern!

283 3501 130 48 Nicht
434 3504 158 48 einmal
613 3506 247 65 Singspiele
882 3509 155 48 wissen
1065 3511 92 47 sich
1181 3511 68 47 die
1272 3514 177 47 Herren
1478 3532 52 29 zu
1558 3532 73 30 ver-

171 3576 210 48 schaffen.
444 3580 164 48 Ausser
647 3582 101 49 dem
790 3585 118 47 alten
1219 3587 77 49 des
1337 3591 319 48 verstorbenen

173 3651 165 48 Adam
392 3653 89 47 und
522 3655 96 48 dem
659 3660 372 51 Mozart'schen
1073 3664 246 55 Quodlibet
1360 3674 194 40 wussten
1595 3669 62 47 sie

171 3727 142 47 nichts
340 3745 52 29 zu
423 3728 160 50 finden.
630 3733 110 47 Dass
768 3736 70 47 die
866 3736 194 50 beliebte
1089 3740 216 63 Operette
1335 3758 83 31 von
1448 3744 208 56 Hoven,

183 3803 110 56 „Ein
322 3803 261 50 Abenteuer
609 3808 144 49 Karl's
915 3815 78 47 mit
1020 3816 106 47 zwei
1155 3817 180 49 Proben
1366 3819 168 48 wieder
1561 3821 72 47 auf-

171 3896 271 47 genommen
470 3882 181 47 werden
679 3883 178 59 konnte,
896 3890 150 48 schien
1082 3909 104 31 man
1215 3910 84 47 gar
1327 3895 121 47 nicht
1473 3914 53 29 zu
1557 3897 75 46 wis-

170 3973 90 31 sen.
288 3957 131 47 Eben
442 3973 48 32 so
514 3958 163 65 wenig,
700 3960 99 49 dass
820 3963 381 54 Mendelssohn
1225 3971 69 47 ein
1318 3972 207 64 gewisses
1549 3972 87 48 klei-

169 4048 94 40 i«9S,
291 4041 142 42 nettes
453 4033 137 66 Ding,
630 4036 111 54 „Die
1089 4047 249 62 componirt
1365 4048 132 49 habe.
1526 4050 132 48 Eben

1756 339 48 30 so
1848 322 147 64 wenig
2032 324 211 47 scheinen
2283 324 70 48 die
2392 326 216 64 geehrten
2640 327 177 46 Herren
2851 341 84 33 von
2964 327 124 49 einer
3129 330 102 53 „Pia-

1951 398 283 55 Flotow's,
2274 416 83 31 von
2412 400 120 56 „List
2561 419 74 29 um
2837 419 81 30 von
2961 404 297 57 Schimon,

1766 473 135 55 „List,
1931 473 164 47 Scherz
2123 475 93 47 und
2479 494 84 30 von
2592 477 58 47 M.
2682 477 207 56 Bruch,
2940 481 120 53 „Der
3087 482 140 47 Nacht-

2003 551 250 63 vonKrug
2273 567 45 31 u.
2342 552 54 46 A.
2419 551 47 63 je
2494 560 139 39 etwas
2660 552 163 64 gehört
2850 571 52 29 zu
2932 555 163 48 haben.
3124 558 131 46 Auch

1754 623 147 47 ahnen
1920 625 61 46 sie
1999 625 118 48 wohl
2135 625 136 57 nicht,
2292 625 100 49 dass
2413 627 218 47 vielleicht
2653 628 212 47 Manches
2889 646 81 31 von
2994 631 264 52 Lortzine

3231 680 25 17 o

1754 699 183 49 benutzt
1964 701 182 48 werden
2175 701 183 57 könnte,
2399 702 99 48 dass
2536 703 357 49 Dittersdorf
2913 722 87 30 nur
3026 707 125 47 einer
3179 725 52 47 ge-

1752 776 226 47 schickten
2008 777 217 63 Sichtung
2255 777 174 55 bedarf,
2471 778 101 48 dass
2610 779 42 47 in
2690 781 122 47 einer
2840 782 163 62 Menge
3043 782 189 50 französi-

1750 851 129 47 scher
1907 852 248 62 Operetten
2198 853 168 47 älteren
2405 854 214 63 Schlages
2659 856 183 47 Schätze
2885 856 195 48 heiterer
3106 859 148 47 Musik

1751 927 360 65 aufgespeichert
2149 928 160 64 liegen.
2361 931 72 54 Ja,
2472 931 121 47 nicht
2629 932 164 47 einmal
2823 948 83 31 von
2936 932 79 48 der
3044 934 207 49 Existenz

1751 1002 120 47 eines
1911 1003 220 62 gewissen
2170 1004 309 48 Offenbach
2522 1006 152 48 halten
2716 1006 70 46 die
2828 1008 217 62 geehrten
3073 1011 181 48 Herren

1751 1079 255 56 Kenntniss,
2051 1079 90 47 und
2175 1096 49 31 so
2255 1097 97 32 war
2380 1098 44 31 es
2453 1082 101 47 dem
2587 1082 327 49 Carl-Theater
2941 1084 310 56 vorbehalten,

1749 1154 116 47 ohne
1905 1155 188 63 Sänger,
2141 1154 84 50 fast
2272 1157 117 48 ohne
2431 1158 261 55 Orchester,
2739 1158 150 48 diesen
2931 1160 321 50 Offenbach

1749 1230 96 47 hier
1873 1230 315 57 einzuführen,
2216 1233 113 47 volle
2357 1234 179 47 Häuser
2564 1234 140 48 damit
2730 1253 52 29 zu
2813 1235 188 49 machen
3034 1238 91 47 und
3153 1239 99 47 eine

1746 1305 171 48 Anzahl
1942 1305 238 50 deutscher
2202 1308 270 49 Hoftheater
2495 1310 79 46 mit
2602 1309 80 48 der

1745 1381 286 49 nachhinken
2058 1400 53 30 zu
2140 1383 152 48 sehen.

1857 1458 133 56 Nein,
2029 1459 71 46 ihr
2128 1460 196 56 Herren,
2365 1461 81 47 auf
2475 1460 99 48 dem
2607 1463 153 64 Wege
2801 1463 82 48 der
2909 1464 212 57 Routine,
3163 1465 88 50 den

1746 1534 67 46 ihr
1843 1534 209 57 wandelt,
2081 1535 59 48 da
2166 1536 97 64 gibt
2291 1553 44 30 es
2366 1538 166 47 freilich
2564 1539 142 47 nichts
2729 1541 165 55 Neues,
2925 1541 55 46 da
3011 1541 140 49 findet
3177 1543 71 47 ihr

1745 1610 253 56 höchstens,
2039 1628 92 32 was
2160 1629 71 31 am
2260 1613 162 48 Rande
2450 1613 80 48 der
2559 1615 236 64 gemeinen
2826 1618 288 48 Heerstrasse
3144 1619 106 47 wild

1746 1685 169 48 wächst
1956 1685 110 48 oder
2098 1704 93 30 was
2226 1687 90 47 sich
2354 1690 113 46 euch
2498 1691 333 64 anspruchsvoll
2861 1693 202 47 lärmend
3092 1694 42 47 in
3163 1694 88 48 den

1747 1761 125 65 Weg
1895 1761 175 65 drängt.
2099 1762 127 49 Aber
2248 1765 115 63 zeigt
2384 1783 85 29 nur
2490 1766 181 57 einmal,
2700 1766 100 50 dass
2829 1769 70 47 ihr
2921 1770 80 47 mit
3024 1770 198 48 Bewusst-

1746 1837 93 47 sein
1867 1854 56 30 an
1953 1854 109 33 eure
2090 1840 214 63 Aufgabe
2333 1841 120 64 geht.
2481 1842 182 49 Erklärt
2692 1860 46 31 es
2767 1845 184 47 officiel:
2993 1846 76 46 Ihr
3099 1845 149 48 wollet

1742 1912 43 47 in
1816 1914 131 63 jeder
1976 1915 156 48 Saison
2175 1916 271 48 mindestens
2484 1920 107 46 zwei
2631 1936 153 46 grosse
2814 1921 156 64 Opern
3012 1921 90 47 und
3139 1924 108 47 zwei

1742 1990 247 63 Singspiele
2019 1991 164 65 geben,
2217 1992 47 64 je
2293 1992 69 49 ein
2394 1994 147 48 Werk
2579 1996 231 64 specifisch
2850 1997 396 50 österreichischen

1742 2066 92 47 und
1857 2067 118 47 eines
1999 2068 258 65 überhaupt
2278 2068 244 51 deutschen
2539 2074 275 63 Ursprungs,
2837 2075 171 47 welche
3031 2076 115 47 noch
3171 2077 83 46 auf

1744 2141 153 48 keiner
1939 2143 197 47 anderen
2180 2145 160 48 Bühne
2382 2146 267 63 aufgeführt
2697 2149 214 57 wurden;
2960 2151 142 47 leistet
3154 2150 87 48 den

1742 2217 318 65 Componisten
2084 2220 226 48 öffentlich
2335 2222 97 47 eine
2455 2223 270 64 Bürgschaft
2748 2225 152 57 dafür,
2923 2226 101 48 dass
3052 2226 69 48 die
3152 2227 70 47 ein-

1740 2295 246 63 gesandten
2004 2296 175 48 Werke
2201 2297 167 47 reiflich
2387 2300 179 63 geprüft
2591 2300 199 57 werden,
2813 2301 141 49 durch
2972 2303 274 65 Einsetzung

1738 2372 119 47 eines
1888 2372 230 57 Comite's,
2161 2373 245 50 bestehend
2446 2392 81 32 aus
2561 2376 103 48 dem
2702 2378 280 49 artistischen
3016 2381 227 56 Director,

1737 2447 85 48 den
1854 2448 370 65 Capellmeistern
2253 2451 91 47 und
2373 2452 319 64 Regisseuren,
2719 2455 108 47 zwei
2856 2456 287 63 Mitgliedern
3166 2456 77 51 des

1737 2524 438 64 Sänger-Personals
2206 2526 89 48 und
2324 2527 115 47 noch
2467 2530 108 45 zwei
2605 2528 110 48 oder
2744 2530 93 48 drei
2867 2532 265 48 ausserhalb
3161 2532 82 50 der

1735 2599 464 50 Bühnen-Interessen
2230 2603 244 47 stehenden
2497 2606 430 48 Personen—dann
2956 2616 92 41 erst
3074 2608 168 50 könnte

1732 2677 92 47 sich
1853 2677 113 47 nach
1999 2678 90 47 und
2117 2679 113 47 nach
2255 2681 69 47 ein
2347 2682 175 47 Urtheil
2546 2681 149 49 bilden
2723 2683 114 47 über
2859 2684 69 47 die
2950 2686 291 64 Befähigung

1732 2753 81 47 der
1843 2753 226 65 jüngeren
2099 2756 640 64 Componisten-Generation,
2781 2759 92 49 und
2900 2761 139 48 selbst
3067 2762 58 48 im
3156 2780 56 30 un-

1732 2829 278 64 günstigsten
2039 2832 144 54 Falle,
2225 2848 132 32 wenn
2398 2833 190 48 nämlich
2633 2836 114 47 auch
2786 2834 102 49 kein
2917 2837 190 65 einziges
3137 2838 78 48 her-

1728 2905 304 65 vorragendes
2061 2908 161 47 Talent
2260 2909 92 47 sich
2394 2909 43 47 in
2474 2911 86 46 den
2598 2919 148 41 ersten
2773 2913 172 48 Jahren
2973 2914 126 49 kund
3127 2916 111 64 gibt,

1728 2983 122 47 hätte
1890 2998 105 32 man
2036 2983 114 48 doch
2191 2984 213 48 allerseits
2432 2985 119 49 seine
2580 2988 310 65 Schuldigkeit
2917 2991 184 64 gethan,
3144 2992 93 48 und

1728 3059 79 48 das
1835 3060 265 63 Repertoire
2144 3064 121 46 wäre
2306 3062 114 48 doch
2465 3063 160 48 immer
2669 3065 268 66 wenigstens
2975 3076 262 42 momentan

1730 3135 252 49 bereichert
2013 3137 198 48 worden.

2126 3382 83 59 Ein
2246 3384 134 57 Brief
2407 3401 96 41 von
2543 3386 280 58 Mosewius.

1958 3521 414 65 Hochgeehrtester
2400 3526 146 46 Herr!

1843 3595 108 48 Wie
1998 3596 133 66 lange
2173 3599 138 48 schon
2358 3608 130 57 trage
2528 3601 70 47 ich
2649 3601 116 49 mich
2809 3604 79 48 mit
2930 3604 80 49 der
3045 3606 188 51 Absicht

1730 3670 175 55 herum,
1934 3673 140 49 Ihnen
2103 3675 146 64 einige
2277 3676 151 47 Zeilen
2456 3694 52 31 zu
2537 3676 184 57 senden,
2761 3679 118 49 ohne
2906 3681 62 49 sie
2996 3684 156 48 erfüllt
3177 3704 55 29 zu

1730 3746 171 48 haben!
1956 3751 85 47 Die
2080 3768 56 30 an
2166 3753 99 63 Tag
2295 3753 91 47 und
2414 3754 173 48 Stunde
2627 3755 93 48 sich
2760 3758 283 50 anlehnende
3071 3763 135 48 Schul-

1730 3822 238 60 meisterei,
2009 3826 260 50 verbunden
2301 3830 76 46 mit
2406 3830 125 47 einer
2556 3831 165 64 Menge
2751 3833 356 62 Schreibereien,
3148 3839 85 47 wie

1727 3900 62 47 sie
1820 3902 190 49 meinem
2032 3904 167 48 Berufe
2229 3906 256 65 anhangen,
2514 3907 78 49 hat
2620 3909 115 48 mich
2765 3910 71 48 die
2864 3911 113 49 dazu
3005 3914 201 49 erforder-

1728 3976 112 48 liche
1871 3979 158 64 ruhige
2057 3981 174 48 Minute
2269 3981 123 50 nicht
2432 3982 151 50 finden
2613 3985 143 48 lassen
2782 4003 82 33 vor
2890 3987 104 50 dem
3021 3990 211 51 Eintritte

1728 4052 80 48 der
1836 4055 175 49 Ferien.
2046 4057 81 47 Mit
2156 4057 135 49 ihnen
2320 4059 102 49 lässt
2451 4061 115 48 auch
2596 4061 70 50 die
2695 4062 101 49 dem
2828 4065 405 66 Wirkungskreise
