2303 3802
711 263 142 28 NOTES
889 261 87 26 SUR
1010 259 51 25 LA
1093 256 202 31 MUSIQUE
1330 254 252 27 ORIENTALE

2075 250 72 41 191

191 367 175 42 Chants
392 362 161 43 arabes
571 360 59 41 du
653 354 238 53 Maghreb,
910 348 155 44 Etude
1081 360 84 28 sur
1187 347 41 39 le
1261 344 199 41 dialecte
1482 353 42 32 et
1551 344 42 39 la
1613 340 155 56 poésie
1781 341 265 54 populaire,

131 435 56 44 C.
298 430 259 54 Sommeck,
540 425 206 56 t.ll,fasc.
1425 437 21 28 i
807 456 10 20 ,
1557 419 599 52 Guilmoto,ig

187 551 74 42 En
294 544 302 60 préparation
620 554 8 27 :

192 646 147 43 Etude
361 656 78 28 sur
460 641 38 41 la
520 639 208 50 musique
748 639 23 36 à
795 634 101 49 Fez,
916 641 90 45 par
1038 627 96 41 Ben
1162 621 199 46 Ghabrit
1381 626 43 35 et
1466 618 65 42 M.
1552 620 167 48 Blanc,
1761 617 248 55 drogmans
2032 616 55 40 de
2111 616 43 40 la

140 712 226 59 Légation
384 710 53 42 de
458 707 195 42 France.

195 785 44 42 Il
254 782 118 52 faut,
395 780 97 40 bien
512 773 211 52 entendu,
732 771 193 57 joindre
948 771 25 39 à
993 773 116 36 cette
1132 764 104 44 liste
1261 764 39 41 le
1324 778 20 26 «
1380 758 276 58 Répertoire
1688 757 55 40 de
1764 768 207 42 musique
2012 755 142 40 arabe

136 861 45 34 et
202 865 155 29 maure
394 863 20 26 »
433 847 117 42 dont
564 843 68 43 M.
649 843 211 42 Rouanet
877 835 226 60 poursuit
1129 837 45 39 la
1207 832 306 57 publication,
1537 828 27 40 à
1606 828 149 53 Alger
1778 832 41 35 et
1843 827 26 39 à
1923 825 140 40 Pans
2096 824 38 41 si-

136 919 341 47 multanément,
503 921 42 35 et
574 913 108 41 dont
708 912 42 40 la
775 910 154 44 Revue
947 905 214 45 musicale
1185 917 24 28 a
1244 902 104 57 déjà
1373 896 149 46 donné
1543 896 78 42 des
1660 895 235 51 analyses.

369 1016 170 46 Veuille
543 1029 21 41 \
586 1012 188 60 agréer,
800 1018 119 36 etc...

1512 1094 185 42 MAXIME
1733 1091 188 42 ALI.IER.

190 1293 224 43 OCÉANIE.
513 1287 67 42 M.
606 1284 146 43 l'abbé
773 1284 66 40 H.
869 1281 190 48 Trilles,
1085 1277 338 49 missionnaire,
1445 1275 80 53 qui
1547 1278 67 35 est
1631 1269 162 43 rentré
1817 1282 50 28 en
1891 1268 181 40 France
2099 1269 57 38 où

134 1362 34 41 il
191 1360 191 42 rétablit
396 1371 51 28 sa
469 1355 130 43 santé
612 1353 223 56 éprouvée
851 1364 88 42 par
952 1364 58 28 un
1032 1348 160 56 séjour
1204 1349 54 39 de
1442 1341 167 43 années
1627 1340 111 41 dans
1764 1341 10 39 l
1792 1339 32 40 A
1832 1337 162 55 frique
2016 1349 111 41 equa-

134 1431 184 47 toriale,
344 1441 112 28 nous
474 1425 173 50 envoie,
672 1423 55 41 de
757 1422 165 48 Tours,
949 1433 55 27 un
1029 1419 196 40 curieux
1245 1415 239 41 document
1503 1424 85 43 que
1608 1409 64 42 lui
1693 1413 223 36 transmet
1936 1420 60 26 un
2020 1411 96 34 auti
2135 1420 21 24 e

132 1497 340 52 missionnaire,
505 1509 52 27 e/z
599 1507 48 27 ce
690 1498 192 35 moment
926 1491 103 53 che%
1069 1488 61 40 les
1167 1486 231 54 Baïnings
1427 1482 55 41 de
1521 1482 43 40 la
1614 1479 221 41 Nouvelle
1878 1472 279 45 Poméranie

134 1567 253 56 {Océanie).
411 1568 85 39 Les
518 1562 232 55 Baïnings
787 1559 121 42 n'ont
934 1559 160 54 qu'une
1138 1554 327 43 connaissance
1503 1553 95 39 très
1635 1546 342 44 rudimentaire
2016 1543 53 42 de
2114 1543 43 40 la

134 1637 218 55 musique,
381 1636 57 40 ils
461 1636 42 39 la
529 1634 291 41 connaissent
832 1633 245 51 pourtant.
1111 1625 129 42 Voici
1263 1637 56 28 un
1339 1622 227 55 spécimen
1587 1618 54 42 de
1663 1619 101 39 leur
1793 1618 136 39 chant
1956 1647 8 9 ,

191 2100 86 40 Les
301 2098 247 52 Bainings,
571 2098 24 38 à
619 2108 53 28 en
687 2094 148 56 juger
847 2106 87 42 par
950 2105 47 28 ce
1025 2091 257 51 document,
1326 2088 392 55 n'emploieraient
1753 2098 85 42 que
1875 2083 115 41 trois
2027 2089 129 34 notes

137 2169 269 55 {analogues
428 2180 51 26 en
502 2166 112 49 cela,
642 2163 255 52 d'ailleurs,
919 2161 25 40 à
963 2161 208 41 d'autres
1187 2157 270 56 primitifs).
1485 2158 67 39 De
1572 2155 158 49 même,
1757 2155 31 39 il
1797 2167 50 41 y
1860 2166 26 28 a
1904 2152 78 40 des
2008 2152 149 40 tribus

131 2249 225 42 sauvages
372 2236 55 41 où
443 2248 53 27 on
512 2248 53 27 ne
577 2234 93 41 sait
691 2239 202 47 compter
915 2243 84 42 que
1009 2229 188 57 jusqu'à
1214 2230 108 40 trois
1337 2228 6 39 !
1377 2225 127 42 Mais
1517 2238 48 29 ce
1578 2224 70 55 qu'
1656 2225 33 39 il
1698 2235 89 44 ya
1803 2221 54 41 de
1872 2225 95 37 très
1980 2234 145 26 remar-

132 2307 179 55 quable,
338 2304 105 42 c'est
463 2316 83 43 que
571 2305 61 39 les
668 2302 115 41 trois
802 2309 126 32 notes
946 2299 61 41 du
1028 2300 138 39 chant
1195 2297 222 41 ci-dessus
1455 2295 205 53 forment
1706 2291 199 42 Vaccord
1933 2288 186 56 parfait
2140 2307 14 33 ;

133 2383 43 33 et
193 2376 41 40 si
257 2376 44 39 la
324 2373 336 54 transcription
699 2378 65 33 est
783 2375 163 36 exacte
1040 2380 169 29 comme
1249 2378 113 29 nous
1398 2376 189 29 sommes
1611 2362 233 40 autorises
1879 2362 25 38 à
1940 2361 37 38 le
2000 2371 154 27 croire

125 2444 166 54 puisqu
310 2444 85 40 elle
418 2443 90 39 ala
531 2441 217 55 garantie
768 2439 53 41 de
840 2446 131 34 notre
991 2437 250 41 honorable
1260 2432 366 56 correspondant
1720 2444 21 26 c
1760 2437 64 34 est
1844 2442 84 28 une
1949 2429 205 40 nouvelle

125 2526 173 42 preuve
315 2510 111 57 qu'il
433 2524 92 43 ya
566 2524 50 27 en
640 2510 204 54 musique
878 2510 202 39 certains
1105 2506 237 54 principes
1377 2502 271 41 universels.
1669 2525 53 4 —
1766 2499 228 54 Quelques
2034 2509 90 27 mor-

131 2596 147 28 ceaux
301 2582 53 40 de
385 2580 202 54 musique
611 2579 278 42 océanienne
912 2583 76 35 ont
1009 2577 70 39 été
1101 2574 167 42 donnés
1291 2573 115 41 dans
1429 2586 59 27 un
1508 2572 118 40 livre
1649 2569 122 42 édité
1794 2569 34 40 il
1850 2582 48 42 y
1933 2580 26 28 a
1989 2572 164 50 quatre

133 2665 80 27 ans
237 2653 208 49 (Raïatéa
465 2652 40 39 la
530 2650 169 50 sacrée)
717 2660 83 28 sur
821 2646 147 55 lequel
985 2658 114 28 nous
1112 2643 275 56 publierons
1405 2639 378 57 prochainement
1822 2650 85 28 une
1946 2643 119 40 note,
2110 2640 44 34 et

132 2720 111 41 dans
262 2721 43 39 la
327 2721 124 39 thèse
472 2731 118 41 pour
610 2719 40 38 le
679 2717 212 40 doctorat
915 2714 53 41 de
992 2714 189 54 Hagen,
1207 2714 81 40 Die
1312 2712 153 42 Musik
1488 2713 174 49 einiger
1681 2708 306 42 Naturvôlker
2009 2720 9 34 ;
2044 2705 85 52 l'ap-

133 2788 194 54 pendice
350 2788 54 41 de
428 2800 48 27 ce
498 2787 130 49 livre,
649 2790 240 36 contenant
911 2786 62 38 les
991 2783 267 40 documents
1273 2780 262 49 musicaux,
1559 2779 113 40 n'est
1688 2778 103 54 plus
1826 2775 112 41 dans
1962 2775 37 39 le
2034 2785 88 28 com-

134 2870 164 37 merce,
321 2858 112 40 mais
461 2856 34 41 il
512 2869 47 29 se
583 2862 160 34 trouve
765 2856 25 39 à
814 2855 43 39 la
880 2851 320 55 Bibliothèque
1224 2851 239 40 nationale
1486 2849 55 40 de
1568 2848 157 40 Paris.

190 3021 284 42 TERRITOIRE
500 3035 58 26 DU
579 3019 176 41 TCHAD.
856 3017 127 40 Nous
1007 3027 218 28 accusons
1249 3011 237 55 réception
1512 3009 51 41 de
1589 3010 42 39 la
1651 3008 139 40 lettre
1822 3005 76 54 qui
1938 3016 110 28 nous
2081 3008 69 35 est

132 3090 199 56 envoyée
354 3089 58 41 du
435 3104 19 24 «
475 3089 259 41 Territoire
750 3086 60 40 du
833 3084 169 51 Tchad,
1025 3085 137 39 Poste
1178 3083 54 40 de
1254 3081 412 48 Fort-Bretonnet,
1685 3089 60 28 2o
1753 3074 191 57 janvier
1959 3084 90 44 Igo
2062 3072 23 40 6
2108 3085 38 34 »,

127 3173 87 41 par
240 3161 76 38 «le
337 3157 232 42 maréchal
600 3156 77 41 des
702 3156 120 55 logis
841 3152 279 42 d'artillerie
1160 3151 214 49 Grenier,
1401 3146 320 44 commandant
1741 3147 39 38 le
1804 3144 137 40 Poste
1956 3142 52 39 de
2030 3142 83 38 L<JÏ
2131 3147 11 32 t

130 3229 257 40 Bretonnet
412 3242 20 25 »
457 3228 78 54 qui
557 3239 112 28 nous
699 3237 200 28 annonce
922 3224 77 40 des
1014 3221 363 55 photographies
1398 3232 81 27 sur
1499 3219 61 39 les
1583 3215 239 42 musiciens
1858 3218 43 34 et
1925 3210 222 41 danseurs

133 3295 182 42 locaux.

192 3426 129 41 Nous
342 3426 331 41 accueillerons
706 3424 223 57 toujours,
954 3436 106 28 avec
1083 3424 393 47 reconnaissance,
1502 3419 64 40 les
1597 3417 264 41 documents
1888 3412 189 41 sérieux
2106 3415 42 35 et

135 3494 314 54 authentiques
469 3495 195 53 envoyés
680 3507 93 41 par
796 3507 80 28 nos
900 3494 195 40 lecteurs
1120 3490 53 41 de
1194 3497 97 34 tout
1308 3502 141 43 pays.
