2303 3802
472 220 305 43 L'ORCHESTRE
809 237 24 25 A
866 220 218 47 L'ÉPOQUE
1118 233 55 27 DE
1205 232 100 34 j.-s.
1341 231 113 27 BACH
1490 231 51 26 ET
1574 230 57 25 DE
1662 220 188 34 H^ENDÈL

163 235 78 39 204

164 337 141 44 temps
329 334 127 48 après
475 329 120 40 Bach
619 337 40 32 et
685 328 189 41 Hândel.
912 327 274 48 Seulement,
1214 330 21 37 à
1258 325 203 54 l'époque
1482 325 53 39 de
1558 323 187 48 Mozart,
1771 320 83 40 elle
1874 318 62 41 fut
1961 317 168 43 définiti-

163 407 176 31 vement
358 397 161 41 établie
548 411 171 27 comme
743 412 58 26 un
825 398 189 39 élément
1035 397 241 51 important
1298 395 58 40 du
1377 394 117 52 plein
1515 392 239 40 orchestre.
1780 388 87 40 Les
1892 388 190 52 qualités
2102 389 52 40 de

164 480 80 28 son
266 466 58 41 du
344 465 211 42 hautbois
576 475 40 31 et
636 466 52 40 de
715 466 38 40 la
776 466 104 40 flûte
919 473 99 33 sont
1038 468 260 36 énumérées
1322 464 112 38 ainsi
1458 461 112 40 dans
1594 475 56 25 un
1675 471 192 40 passage
1889 458 267 40 intéressant

164 536 52 39 de
252 534 133 54 Essay
410 550 54 24 on
488 534 176 40 musical
698 534 240 56 expression
948 564 7 17 ,
997 534 54 39 de
1072 533 168 39 Avison
1260 530 59 53 (i)
1339 543 8 26 :

221 617 19 24 «
264 603 61 41 Le
345 602 209 41 hautbois
578 605 243 50 exprimera
859 605 145 37 mieux
1028 602 38 39 le
1087 614 19 24 «
1133 599 219 41 cantabile
1378 614 17 19 »
1422 612 55 26 ou
1503 598 37 39 le
1569 609 138 38 genre
1733 595 58 40 du
1815 595 148 49 chant,
1989 604 41 31 et
2053 604 103 43 peut

165 684 20 26 ((
209 676 88 35 être
317 671 205 52 employé
551 671 110 40 dans
703 671 190 53 quelque
917 677 283 33 mouvement
1225 682 84 38 que
1342 681 46 26 ce
1419 668 84 39 soit
1527 679 106 27 sous
1656 673 110 32 cette
1799 664 355 50 dénomination,

165 753 18 23 ((
218 739 314 52 spécialement
555 739 111 40 dans
705 739 62 40 les
790 746 308 33 mouvements
1136 738 247 51 exprimant
1407 736 39 39 la
1486 736 147 49 gaieté
1656 742 40 31 et
1718 733 37 39 la
1794 733 100 52 joie.
1934 732 122 40 Dans
2094 732 62 41 les

164 821 19 24 «
209 809 320 50 compositions
553 821 112 38 pour
687 808 38 39 la
752 808 104 40 flûte
889 805 248 42 allemande
1160 819 56 26 on
1240 804 191 52 emploie
1455 804 38 40 la
1532 806 144 36 même
1700 800 207 41 méthode
1932 800 53 40 de
2005 806 124 46 procé-

164 889 19 24 «
208 876 76 39 der
300 890 79 37 par
403 889 18 24 «
456 876 158 50 degrés
638 877 218 51 conjoints
881 888 18 24 »
926 888 55 27 ou
1009 875 80 40 tels
1111 882 147 32 autres
1281 872 254 40 intervalles
1573 870 198 40 naturels
1792 871 92 51 qui,
1917 869 175 52 d'après
2117 870 38 39 la

164 957 19 24 «
207 953 155 32 nature
386 945 56 39 du
466 957 96 35 son,
598 946 297 51 exprimeront
931 943 38 40 le
990 944 143 39 mieux
1154 942 39 39 la
1224 941 219 51 langueur
1465 953 54 27 ou
1555 939 39 40 la
1619 939 279 40 mélancolie.
1926 937 122 41 Pour
2084 952 71 26 ces

164 1026 19 24 «
206 1013 112 40 deux
341 1015 291 38 instruments
654 1012 10 39 l
684 1012 162 52 emploi
869 1011 76 40 des
973 1024 19 24 «
1016 1009 104 41 clefs
1159 1013 214 37 extrêmes
1399 1022 38 37 »,
1467 1009 112 40 celui
1604 1008 76 40 des
1715 1021 20 24 «
1761 1016 191 31 staccato
1988 1019 19 24 »
2033 1019 56 28 ou
2113 1007 37 39 la

165 1094 18 25 «
209 1083 251 50 séparation
497 1082 203 38 distincte
732 1081 77 39 des
833 1089 141 38 notes,
1009 1079 53 40 de
1086 1082 142 36 même
1251 1092 84 38 que
1369 1087 99 31 tous
1501 1077 63 40 les
1588 1086 124 31 sauts
1736 1076 258 51 irréguliers
2023 1084 40 31 et
2093 1075 62 41 les

164 1162 19 24 «
207 1149 251 41 intervalles
482 1150 190 49 inégaux
705 1158 39 31 et
777 1148 140 40 brisés
940 1148 177 39 doivent
1139 1151 88 36 être
1251 1148 136 38 évités
1407 1162 7 33 ;
1451 1145 103 41 c'est
1578 1159 112 40 pour
1709 1154 111 32 cette
1860 1146 148 39 raison
2033 1145 123 39 seule

162 1230 19 24 «
207 1230 84 39 que
310 1230 69 27 ces
401 1218 290 38 instruments
715 1230 52 26 ne
790 1217 224 39 devraient
1039 1217 156 51 jamais
1214 1219 91 36 être
1324 1214 229 53 employés
1578 1215 111 39 dans
1719 1214 62 40 les
1801 1214 163 52 parties
1984 1212 168 55 ripieno

162 1299 18 23 «
205 1284 136 53 (tutti)
383 1284 76 41 des
498 1286 189 40 concerti
730 1299 111 38 pour
880 1286 190 47 violons,
1106 1286 113 38 mais
1261 1285 246 39 seulement
1549 1284 111 40 dans
1702 1284 63 40 les
1802 1296 237 27 morceaux
2079 1283 76 50 qui

162 1367 19 23 «
205 1362 99 31 sont
324 1357 231 48 composés
575 1367 112 39 pour
710 1367 80 26 eux
807 1369 8 32 ;
851 1362 40 31 et
911 1366 70 27 ces
1005 1355 289 37 instruments
1317 1354 258 50 pourraient
1599 1357 91 35 être
1711 1352 241 40 introduits
1976 1363 176 27 comme

162 1435 19 24 «
207 1423 255 50 principaux
482 1421 111 40 dans
614 1421 214 53 quelques
853 1429 307 32 mouvements
1183 1421 352 40 intermédiaires
1557 1421 57 39 du
1640 1429 220 36 concerto,
1883 1427 41 31 et
1945 1433 27 37 y
1995 1431 135 39 appor-

162 1503 18 23 «
204 1498 64 31 ter
285 1491 129 45 ainsi,
439 1503 88 26 non
543 1489 245 40 seulement
812 1501 84 27 une
912 1489 164 38 variété
1091 1488 219 50 agréable,
1331 1490 112 38 mais
1468 1490 119 38 aussi
1605 1503 26 37 y
1649 1496 197 31 montrer
1865 1487 95 40 leur
1979 1500 150 38 expres-

162 1571 18 23 «
207 1559 97 38 sion
326 1556 248 48 différente,
597 1555 84 42 fort
703 1564 440 42 avantageusement.
1168 1569 19 23 »

216 1624 78 41 Cet
317 1627 154 38 extrait
499 1638 113 26 nous
635 1625 146 39 donne
800 1637 86 26 une
921 1637 162 38 preuve
1122 1621 226 42 définitive
1370 1637 86 37 que
1479 1623 38 40 la
1558 1632 209 31 coutume
1790 1623 57 41 du
1872 1639 106 25 xvm
1984 1629 15 17 e
2022 1624 134 41 siècle

158 1693 53 39 de
235 1692 86 39 s'en
349 1693 112 38 tenir
487 1696 21 34 à
532 1691 77 40 des
632 1693 291 38 instruments
939 1693 220 50 spéciaux,
1186 1704 113 39 pour
1313 1693 189 38 certains
1524 1701 327 39 mouvements,
1877 1694 105 39 était
2005 1694 125 39 consi-

158 1761 127 38 dérée
306 1759 228 40 suffisante
557 1773 111 38 pour
684 1761 142 38 varier
847 1759 61 40 les
926 1771 208 35 nuances,
1148 1768 40 31 et
1209 1773 85 38 que
1317 1759 127 40 l'idée
1463 1761 52 40 de
1542 1761 173 40 donner
1736 1774 81 27 aux
1842 1761 127 41 flûtes
1991 1775 57 26 ou
2072 1775 82 27 aux

158 1827 206 40 hautbois
385 1827 78 40 des
483 1829 164 50 parties
670 1827 311 40 individuelles
1012 1832 21 35 à
1069 1829 113 38 tenir
1212 1828 111 40 dans
1366 1827 269 50 l'orchestre,
1668 1831 164 51 parties
1865 1830 100 51 plus
1989 1842 137 40 appro-

157 1897 141 50 priées
323 1899 21 36 à
369 1895 95 40 leur
486 1901 219 35 caractère
745 1910 85 37 que
872 1896 94 40 leur
989 1896 159 40 servile
1172 1907 428 41 accompagnement
1623 1898 58 40 du
1716 1898 167 49 violon,
1911 1900 105 38 était
2056 1898 101 51 plus

160 1978 55 26 ou
240 1965 145 38 moins
405 1963 201 51 éloignée
628 1964 53 40 de
702 1964 165 52 l'esprit
885 1964 77 40 des
979 1966 242 38 musiciens
1245 1964 53 40 de
1320 1965 218 52 l'époque.

214 2031 144 41 Avant
381 2032 52 39 de
454 2046 112 26 nous
608 2037 163 36 arrêter
800 2047 82 26 aux
905 2034 118 38 vrais
1047 2034 292 40 instruments
1362 2034 54 39 de
1438 2035 163 47 cuivre,
1635 2034 27 38 il
1684 2034 269 40 conviendra
1975 2034 54 41 de
2049 2048 78 39 par-

160 2100 62 40 ler
256 2100 56 40 du
355 2109 162 40 cornet,
545 2114 56 27 ou
637 2100 120 40 zinkè
765 2132 7 17 ,
816 2100 166 40 famille
1014 2102 334 40 d'instruments
1370 2102 107 40 dont
1513 2102 10 39 l
1543 2115 140 37 usage
1710 2102 309 52 disparaissait
2042 2105 90 51 rapi-

160 2168 178 40 dement
355 2168 56 40 du
430 2177 142 43 temps
590 2169 52 39 de
659 2168 136 50 Bach,
815 2173 143 36 même
974 2182 51 27 en
1042 2168 278 52 Allemagne,
1343 2176 55 34 oû
1414 2171 53 38 ils
1484 2170 208 41 durèrent
1710 2171 38 39 le
1766 2171 99 52 plus
1881 2171 271 53 longtemps.

162 2235 269 51 Mattheson,
457 2237 111 39 dans
609 2237 88 39 Der
726 2237 251 41 vollkomme
1008 2237 328 54 Kapellmeister
1340 2270 10 16 ,
1392 2241 258 38 mentionne
1677 2239 38 40 le
1750 2239 78 40 fait
1871 2239 133 52 qu'ils
2027 2241 104 40 deve-

162 2306 149 38 naient
336 2310 231 45 surannés,
591 2309 20 35 à
649 2319 130 26 cause
802 2306 53 39 de
888 2306 38 39 la
950 2305 118 41 force
1102 2307 53 39 de
1196 2320 221 38 poumons
1456 2309 176 50 requise
1672 2321 111 39 pour
1821 2322 53 26 en
1919 2309 137 51 jouer.
2099 2309 55 40 Ils

163 2375 175 38 avaient
357 2377 67 36 été
447 2378 85 35 très
556 2373 255 52 populaires
829 2374 111 39 dans
960 2373 258 42 l'exécution
1233 2375 53 39 de
1310 2375 38 40 la
1365 2378 206 49 musique
1588 2376 200 51 d'église,
1806 2390 174 27 comme
2004 2387 153 31 tenant

165 2442 37 39 le
224 2441 158 40 dessus
401 2443 141 50 parmi
566 2442 62 39 les
650 2441 274 49 trombones,
950 2443 91 40 leur
1063 2451 156 32 nature
1249 2447 119 36 étant
1392 2444 193 52 quelque
1608 2458 84 38 peu
1717 2444 249 42 semblable
1990 2450 21 35 à
2046 2446 108 40 celle

164 2509 57 40 du
244 2508 248 41 trombone.
532 2509 56 40 Ils
611 2510 161 40 étaient
809 2508 102 42 faits
934 2511 52 39 de
1011 2510 113 47 bois,
1166 2521 251 31 recouverts
1453 2512 53 40 de
1529 2515 108 48 cuir,
1663 2523 40 31 et
1743 2516 174 38 avaient
1942 2516 61 38 six
2030 2524 122 31 trous

164 2590 111 39 pour
298 2577 62 40 les
378 2578 161 49 doigts,
559 2586 40 32 et
622 2592 57 26 un
703 2592 111 38 pour
833 2579 39 39 le
903 2592 154 38 pouce,
1083 2592 76 28 sur
1186 2580 39 39 le
1253 2583 95 37 côté
1367 2580 211 42 inférieur
1604 2597 7 32 ;
1649 2597 59 25 un
1748 2582 199 40 membre
1970 2583 53 40 de
2044 2592 110 31 cette

164 2645 181 49 famille,
370 2646 38 39 le
428 2651 167 49 serpent
600 2677 9 16 ,
636 2655 64 31 est
733 2651 113 35 resté
870 2660 54 26 en
944 2661 139 37 usage
1123 2662 53 26 en
1201 2648 279 52 Angleterre,
1519 2652 120 38 aussi
1673 2651 256 52 longtemps
1969 2665 84 39 que
2077 2652 78 40 des

163 2715 238 38 musiciens
422 2714 327 51 campagnards
771 2724 153 32 eurent
943 2729 112 39 pour
1071 2716 220 41 fonctions
1315 2717 371 54 d'accompagner
1709 2720 38 39 le
1770 2720 154 40 chœur
1943 2720 110 41 dans
2091 2721 63 40 les

162 2782 162 50 églises
344 2782 53 40 de
433 2782 179 50 village.
657 2782 81 41 Cet
770 2785 265 40 instrument
1068 2789 141 48 paraît
1252 2787 122 39 avoir
1406 2791 67 36 été
1496 2787 99 52 plus
1619 2801 145 27 connu
1800 2802 53 26 en
1887 2789 265 50 Angleterre

164 2851 130 51 qu'en
317 2850 280 51 Allemagne,
619 2865 72 26 car
710 2865 56 26 on
800 2862 175 31 raconte
1008 2851 56 54 (2)
1087 2867 100 38 que,
1214 2855 178 51 lorsque
1417 2855 171 41 Hàndel
1610 2855 228 42 l'entendit
1862 2870 112 39 pour
1994 2857 38 40 la
2058 2871 71 39 pre-

165 2919 136 39 mière
322 2917 99 51 fois,
445 2924 127 47 après
608 2933 79 26 son
725 2919 334 42 établissement
1087 2935 54 28 en
1178 2922 278 51 Angleterre,
1498 2924 28 39 il
1550 2924 221 40 demanda
1799 2940 6 24 :
1835 2938 19 25 «
1881 2924 99 53 Que
2002 2925 152 41 diable

164 2995 140 32 est-ce
326 2987 113 40 donc
462 2987 72 40 là?
559 2996 75 32 »et
658 2987 228 54 lorsqu'on
910 2990 59 39 lui
1002 2999 71 32 eut
1103 2991 63 40 dit
1201 3005 84 39 que
1308 3001 63 31 cet
1401 2994 268 39 instrument
1695 2994 233 52 s'appelait
1969 3000 183 49 serpent,

165 3055 29 40 il
218 3057 203 50 répondit
444 3067 7 27 :
482 3069 19 24 «
524 3055 86 41 Oui
629 3071 9 33 ;
676 3058 112 39 mais
808 3060 314 40 certainement
1158 3074 45 26 ce
1239 3061 110 41 n'est
1369 3074 80 39 pas
1473 3062 39 40 là
1550 3062 38 40 le
1622 3071 177 43 serpent
1843 3064 74 50 qui
1952 3077 21 25 a
2009 3062 147 42 séduit

168 3122 91 42 Eve
278 3126 8 36 I
314 3136 19 23 »

221 3191 85 41 Les
329 3192 99 52 plus
451 3194 130 51 petits
605 3192 221 42 membres
846 3194 51 41 de
931 3194 38 41 la
1002 3194 181 51 famille,
1210 3197 62 41 les
1296 3209 188 39 cornets,
1508 3212 46 28 se
1577 3209 281 32 rencontrent
1896 3201 111 40 dans
2031 3199 101 54 quel-

168 3274 109 38 ques
294 3262 235 50 partitions
547 3262 53 40 de
623 3262 118 41 Bach
765 3272 40 32 et
840 3273 98 31 sont
962 3273 171 33 surtout
1155 3267 227 52 employés
1406 3271 21 37 à
1468 3278 236 43 supporter
1739 3269 62 40 les
1824 3271 100 39 voix
1950 3281 9 38 ;
1985 3270 113 40 dans
2121 3267 39 42 le

168 3330 177 40 curieux
369 3330 223 41 orchestre
614 3331 25 39 d
659 3333 289 40 instruments
973 3338 21 35 à
1032 3344 116 39 vent,
1188 3338 73 50 qui
1296 3335 76 42 fait
1403 3335 37 42 le
1465 3338 94 40 seul
1593 3347 427 42 accompagnement
2045 3338 53 40 de
2119 3338 39 40 la

212 3490 53 42 (1)
288 3491 99 43 Page
409 3499 59 36 95.

211 3539 47 44 (2)
280 3541 187 39 Rockstro,
487 3539 66 35 Vie
569 3542 42 33 de
635 3543 136 33 Handel
791 3538 88 49 (Uje
900 3545 41 38 of
950 3541 153 47 Hahdèl,
1128 3559 36 30 p;
1185 3542 79 48 294Î
