2303 3802
1020 223 210 26 THAMARA

2071 229 70 40 195

559 376 303 41 Thamara.
986 370 125 42 Une
1144 370 227 53 reprise
1405 370 295 45 attendue.

1446 494 28 31 A
1504 493 50 33 M.
1580 493 415 43 Dujardin-Beaumetz,

1336 550 310 33 Sous-Secrétaire
1669 552 21 32 d
1706 551 84 32 Etat
1812 562 74 21 aux
1893 552 247 36 Beaux-Arts.

176 658 31 41 Il
227 674 26 37 y
280 674 21 25 a
320 657 192 53 quelque
537 663 159 42 temps,
713 650 235 41 Monsieur
971 650 38 40 le
1029 649 224 48 Ministre,
1272 662 111 27 vous
1403 647 175 42 vouliez
1604 647 103 42 bien
1724 649 249 41 demander
1987 655 22 36 à
2032 651 8 40 1
2065 666 52 27 au-

120 739 96 30 teur
238 729 53 39 de
311 741 70 26 ces
405 727 160 49 lignes,
585 724 113 39 dans
722 736 59 26 un
799 720 127 40 salon
948 720 88 40 ami
1054 729 7 28 :
1089 733 18 24 «
1133 718 100 54 Que
1257 731 304 40 pensez-vous
1585 717 108 54 qu'il
1707 733 26 38 y
1758 721 145 39 aurait
1928 724 22 36 à
1969 719 127 54 faire,
2122 726 21 36 à

121 797 211 53 l'Opéra?
364 809 19 24 »
406 795 48 54 Je
478 807 54 27 ne
562 794 89 39 sais
673 791 101 53 plus
798 805 54 26 au
875 791 115 52 juste
1013 802 46 28 ce
1098 791 75 51 qui
1213 788 64 42 fut
1294 788 79 49 dit,
1402 792 21 36 à
1445 797 112 31 cette
1601 790 213 51 question
1858 790 220 42 soudaine
2103 801 41 32 et

121 866 337 46 bienveillante;
481 865 38 51 je
543 875 69 27 me
626 869 195 45 permets
845 860 72 53 d'y
940 859 222 53 répondre
1183 860 70 46 ici,
1280 864 131 47 après
1437 863 125 35 mûre
1581 858 226 47 réflexion,
1836 861 295 41 connaissant

119 945 123 32 votre
259 935 119 40 désir
397 934 244 52 passionné
664 929 136 42 d'être
825 929 107 41 utile
956 944 84 25 aux
1063 930 119 39 vrais
1208 930 194 44 artistes,
1423 936 42 32 et
1486 928 38 40 la
1552 928 242 52 simplicité
1815 941 104 27 avec
1940 929 195 52 laquelle

116 1018 111 28 vous
259 1003 234 42 accueillez
531 1002 119 40 leurs
685 1014 147 27 vœux.
870 997 71 44 On
983 999 123 53 parle
1145 1000 54 39 de
1240 999 39 40 la
1305 999 171 52 reprise
1512 997 55 41 de
1603 995 239 48 Thamara,
1863 996 186 43 l'œuvre
2082 999 54 40 de

120 1075 61 42 M.
204 1070 548 54 Bourgault-Ducoudray
768 1082 8 37 ;
802 1083 57 27 on
883 1069 39 41 la
948 1069 209 41 souhaite
1176 1070 227 39 vivement
1421 1068 53 40 de
1495 1067 227 53 plusieurs
1747 1069 121 39 côtés
1896 1081 7 26 :
1931 1081 108 27 ceux
2065 1070 75 51 qui

122 1154 76 32 ont
216 1143 167 54 qualité
406 1156 114 39 pour
543 1140 109 42 faire
677 1140 213 40 entendre
908 1153 86 26 une
1018 1138 155 53 parole
1190 1139 215 39 influente
1427 1151 54 27 ne
1495 1146 195 44 peuvent
1715 1151 223 39 manquer
1961 1138 54 40 de
2036 1138 89 40 s'as-

123 1216 142 40 socier
286 1217 20 36 à
344 1227 47 26 ce
423 1213 134 49 désir,
583 1220 40 31 et
659 1223 87 28 une
769 1209 172 51 grande
984 1213 241 49 espérance
1251 1222 47 26 se
1322 1216 160 33 tourne
1505 1221 54 27 en
1583 1222 47 26 ce
1652 1217 203 32 moment
1880 1222 101 27 vers
2014 1222 130 28 vous.

127 1283 216 41 Thamara
372 1290 66 32 est
456 1295 87 27 une
564 1293 153 29 œuvre
750 1278 265 52 admirable,
1042 1279 148 52 pleine
1223 1279 54 40 de
1303 1278 160 41 choses
1494 1276 236 43 brillantes
1766 1287 42 32 et
1848 1279 298 40 séduisantes.

120 1352 127 43 Nous
270 1353 61 40 lui
363 1365 138 27 avons
525 1350 96 53 déjà
646 1353 211 37 consacré
886 1362 87 28 une
1009 1349 133 40 étude
1163 1349 113 40 dans
1317 1349 40 41 le
1390 1348 181 41 dernier
1611 1353 188 36 numéro
1830 1349 54 40 de
1928 1349 40 39 la
2006 1348 144 41 Revue

121 1422 227 41 musicale:
377 1434 114 28 nous
516 1420 145 41 allons
686 1428 200 32 montrer
925 1418 189 54 aujourd
1134 1418 77 40 hui
1252 1432 87 38 que
1373 1427 128 31 notre
1534 1419 187 52 opinion
1754 1416 112 42 n'est
1890 1431 80 39 pas
1995 1418 153 40 isolée.

181 1492 61 41 M.
266 1489 546 53 Bourgault-Ducoudray
828 1498 66 31 est
918 1503 59 26 un
1009 1491 153 38 artiste
1188 1488 122 53 plein
1350 1488 53 40 de
1437 1488 154 48 talent,
1636 1488 54 40 de
1714 1487 61 41 foi
1808 1496 41 32 et
1886 1488 54 40 de
1973 1489 174 47 savoir;

132 1562 240 53 reprendre
402 1574 87 27 une
521 1560 53 40 de
598 1573 70 27 ses
704 1560 100 51 plus
827 1558 140 41 belles
988 1572 193 34 œuvres,
1208 1559 109 41 dont
1341 1571 56 28 on
1423 1567 104 44 peut
1551 1571 194 40 presque
1769 1558 96 40 dire
1889 1557 163 52 qu'elle
2079 1558 69 41 n'a

126 1645 81 39 pas
231 1636 68 36 été
317 1634 297 49 représentée,
640 1637 42 32 et
702 1631 75 50 qui
802 1630 134 39 serait
959 1630 147 39 mieux
1124 1630 224 51 comprise
1369 1626 287 55 aujourd'hui
1682 1627 106 53 qu'il
1819 1643 27 37 y
1879 1642 21 25 a
1928 1628 221 52 quelques

126 1705 184 42 années,
338 1702 134 39 serait
496 1713 88 27 une
604 1700 247 51 entreprise
875 1697 87 41 fort
985 1700 313 48 intéressante,
1322 1707 40 31 et
1384 1697 150 41 bonne
1554 1698 54 39 de
1644 1706 122 32 toute
1805 1696 146 52 façon,
1994 1698 154 51 quand

125 1783 56 27 on
204 1782 140 38 songe
367 1773 21 35 à
414 1770 39 39 la
476 1770 190 40 carrière
689 1768 97 53 déjà
804 1768 167 52 longue
993 1768 54 41 de
1071 1767 206 50 l'auteur,
1301 1776 123 32 toute
1441 1767 53 41 de
1510 1768 301 40 dévouement
1836 1771 22 35 à
1879 1766 38 40 la
1941 1780 135 28 cause
2096 1768 54 40 de

124 1838 97 42 l'art
246 1838 206 41 musical.

179 1908 125 42 Voici
329 1915 226 34 comment
578 1907 40 40 la
642 1920 151 39 presse
818 1907 169 51 jugeait
1011 1903 184 44 l'œuvre
1237 1912 130 48 après
1387 1907 38 40 la
1451 1909 221 51 première
1696 1907 358 52 représentation
2078 1917 7 28 :

210 2003 126 31 ARTUR
372 2003 138 31 POUGIN
536 1999 41 43 (le
593 1998 204 38 Ménestrel,
820 2008 6 22 :

170 2060 66 32 Les
254 2072 14 16 «
287 2062 176 29 chœurs»
484 2057 259 33 sontécritsde
767 2057 95 31 main
886 2056 22 31 d
924 2055 160 42 ouvrier,
1108 2055 280 35 d'unesonorité
1411 2057 158 41 superbe
1580 2064 32 26 et
1624 2056 354 34 merveilleusement
1999 2057 89 33 dans
2100 2058 50 30 les

121 2111 82 31 voix
228 2121 6 29 ;
256 2117 82 25 tous
376 2119 88 23 ceux
491 2109 46 31 du
562 2119 9 20 i
581 2114 28 16 er
640 2115 77 25 acte
737 2114 82 25 sont
837 2107 117 40 pleins
978 2107 21 31 d
1014 2107 92 32 éclat
1130 2114 33 25 et
1184 2108 83 31 d'un
1291 2107 119 42 grand
1433 2107 96 33 effet.
1548 2108 227 32 L'orchestre
1797 2115 52 25 est
1866 2111 192 33 excellent,
2081 2109 70 30 très

121 2161 98 33 varié
242 2161 43 32 de
307 2163 151 29 couleur
480 2167 47 32 et,
555 2157 164 44 quoique
742 2160 70 31 très
837 2158 104 37 corsé,
966 2156 215 34 n'étouffant
1204 2157 129 43 jamais
1355 2161 33 30 la
1414 2157 82 34 voix
1538 2159 46 32 du
1619 2161 190 30 chanteur.
1848 2158 215 33 L'entr'acte
2087 2157 62 41 qui

120 2222 111 22 ouvre
254 2213 32 30 le
328 2216 36 27 2°
388 2211 143 32 tableau
556 2217 53 25 est
635 2208 106 32 d'une
762 2211 151 30 couleur
936 2207 240 43 mystérieuse
1197 2216 34 25 et
1267 2208 187 42 poétique.
1481 2210 97 32 Tout
1602 2219 40 22 ce
1658 2210 144 31 tableau
1820 2216 52 25 est
1896 2207 255 43 remarquable

120 2262 82 33 d'un
224 2263 89 31 bout
343 2264 19 30 à
389 2260 137 34 l'autre.
548 2260 64 32 Les
635 2267 143 25 stances
800 2260 91 31 dans
913 2261 195 39 lesquelles
1127 2259 247 32 Nour-Eddin
1392 2267 150 25 raconte
1583 2270 65 21 son
1679 2262 83 29 rêve
1794 2267 81 24 sont
1896 2259 85 32 d'un
1999 2258 147 32 charme

121 2312 133 33 délicat
269 2321 32 24 et
325 2319 184 26 caressant
525 2322 7 29 ;
550 2318 115 34 quant
676 2321 43 21 au
741 2312 127 30 chœur
895 2312 18 30 à
938 2319 12 32 5
973 2316 116 34 temps
1113 2310 63 41 qui
1191 2310 98 32 vient
1314 2310 156 38 ensuite,
1501 2311 21 30 il
1547 2318 52 24 est
1624 2317 77 25 tout
1720 2312 17 30 à
1762 2309 61 33 fait
1856 2309 141 42 exquis.
2034 2309 117 33 Toute

119 2366 32 30 la
168 2365 106 31 scène
298 2373 215 22 amoureuse
538 2362 43 32 de
598 2362 180 32 Thamara
800 2368 34 25 et
851 2361 43 32 de
920 2359 103 33 Nour
1046 2360 117 32 Eddin
1187 2371 52 22 est
1265 2361 205 41 empreinte
1492 2361 108 32 d'une
1641 2360 149 41 passion
1823 2361 171 31 brûlante
2016 2370 7 29 ;
2060 2358 85 33 bien

117 2413 215 40 construire,
356 2415 70 30 très
451 2412 237 41 développée,
716 2413 68 30 elle
802 2418 54 25 est
872 2410 121 33 variée
1016 2411 44 32 de
1096 2418 81 25 tons
1212 2418 34 26 et
1266 2411 44 32 de
1342 2413 182 39 couleurs,
1550 2415 117 29 tantôt
1714 2411 126 32 tendre
1863 2418 33 26 et
1934 2409 213 37 touchante,

119 2469 117 28 tantôt
258 2463 241 42 dramatique,
524 2462 202 42 puissante,
749 2465 117 29 tantôt
889 2460 150 33 ardente
1061 2469 33 26 et
1119 2461 232 43 pathétique.

211 2532 163 33 CHARLES
411 2533 191 32 DARCOURS
632 2531 43 41 (le
717 2531 157 41 Figaro)
896 2543 9 21 ;

165 2590 47 31 Le
228 2589 189 33 deuxième
436 2596 77 24 acte
532 2589 45 31 de
626 2588 176 32 Thamara
832 2596 52 24 est
906 2588 107 32 d'une
1031 2588 199 32 étonnante
1258 2588 158 34 richesse
1436 2588 226 34 d'invention
1687 2596 34 25 et
1744 2587 152 33 d'effets.
1918 2587 25 32 Il
1968 2586 73 33 faut
2060 2586 90 33 citer

122 2639 20 32 d
160 2639 113 32 abord
297 2650 47 21 un
365 2638 152 31 Prélude
555 2638 254 33 instrumental
842 2638 87 32 d'un
952 2639 177 32 étonnant
1149 2639 147 38 coloris,
1331 2639 83 40 puis
1435 2652 47 19 un
1509 2639 181 33 délicieux
1722 2641 129 30 chœur
1874 2637 44 34 de
1940 2637 165 39 femmes,
2131 2639 19 30 à

124 2688 191 33 l'unisson.
359 2689 48 32 Le
442 2688 87 33 récit
551 2690 44 32 de
638 2689 254 37 Nour-Eddin,
917 2697 192 25 racontant
1133 2700 64 21 son
1219 2693 95 35 rêve,
1337 2698 53 25 est
1414 2700 70 23 une
1505 2690 61 33 des
1584 2690 197 33 heureuses
1814 2687 213 34 trouvailles
2051 2688 44 31 de
2118 2690 32 29 la

125 2739 190 41 partition.

169 2789 55 33 Un
251 2789 189 35 deuxième
474 2794 128 30 chœur
619 2792 44 32 de
696 2791 147 32 femmes
867 2792 17 31 à
906 2801 12 32 5
959 2798 116 34 temps
1110 2799 52 25 est
1195 2792 21 31 d
1234 2802 69 22 une
1323 2791 216 33 mélancolie
1574 2792 250 39 voluptueuse
1849 2796 32 25 et
1921 2788 228 41 pénétrante.

167 2839 49 34 Le
243 2846 36 26 2°
303 2841 142 33 tableau
471 2841 43 33 de
550 2841 174 32 Thamara
745 2848 97 30 vaut,
880 2843 18 31 à
922 2839 50 33 lui
996 2842 89 37 seul,
1110 2841 151 33 nombre
1284 2842 167 41 d'opéras
1475 2845 240 39 longuement
1748 2839 127 33 vantés
1914 2841 17 29 à
1956 2841 8 28 1
1982 2847 167 24 avance..

122 2890 102 33 Nous
260 2901 159 32 croyons
459 2901 72 32 que
562 2893 31 30 le
626 2890 177 35 musicien
826 2892 28 32 si
895 2891 172 32 moderne
1091 2890 63 43 qui
1193 2891 98 34 vient
1326 2892 44 33 de
1406 2892 139 33 l'écrire
1581 2899 52 24 est
1661 2894 80 28 mûr
1780 2900 94 30 pour
1915 2898 70 22 une
2011 2887 139 43 grande

123 2951 140 23 œuvre.

214 3011 192 33 FOURCAUD
430 3010 43 44 (le
494 3011 161 44 Gaulois)
673 3024 6 21 :

164 3067 169 33 L'auteur
357 3068 43 32 de
428 3069 176 31 Thamara
636 3080 18 22 a
678 3069 61 33 fait
763 3070 46 32 du
839 3080 17 20 2
864 3076 12 16 e
902 3070 143 32 tableau
1068 3071 32 31 le
1126 3069 103 41 point
1265 3068 188 34 lumineux
1475 3069 44 32 de
1542 3079 64 21 son
1630 3076 141 24 œuvre.
1802 3067 29 31 A
1858 3076 84 22 mon
1964 3064 89 38 avis,
2078 3064 22 31 il
2128 3075 22 31 y

122 3135 17 21 a
159 3120 32 30 là
214 3121 82 37 plus
318 3120 44 31 de
378 3122 151 30 charme
553 3127 33 26 et
613 3120 44 32 de
679 3120 98 33 vraie
797 3120 169 42 musique
988 3130 70 32 que
1077 3120 89 32 dans
1190 3120 183 41 plusieurs
1395 3130 83 30 gros
1508 3128 181 33 ouvrages
1713 3117 228 42 représentés
1972 3127 43 22 au
2043 3125 107 22 cours

121 3169 62 32 des
204 3170 186 33 dernières
409 3171 183 33 saisons...

166 3220 48 32 Ce
247 3220 62 42 qui
351 3232 33 20 m
400 3220 175 35 intéresse
614 3234 42 21 au
698 3226 82 38 plus
816 3223 87 32 haut
936 3222 118 42 point,
1089 3222 91 32 dans
1213 3222 176 31 Thamara
1396 3215 4 49 ,
1429 3220 88 34 c'est
1552 3219 162 41 l'emploi
1754 3219 62 31 des
1841 3220 139 30 thèmes
2024 3224 32 25 et
2088 3215 62 33 des

124 3279 18 23 «
165 3271 122 33 modes
312 3281 20 23 ))
357 3272 223 41 populaires.
598 3276 127 30 Aucun
746 3274 43 32 de
818 3284 58 22 ces
912 3274 138 32 thèmes
1089 3275 204 38 n'apparaît
1317 3272 90 32 dans
1430 3272 163 36 l'œuvre,
1618 3271 286 41 intégralement
1928 3266 196 42 reproduit
2143 3276 7 28 ;

125 3320 89 31 mais
244 3331 45 21 on
313 3331 42 22 en
379 3321 92 33 croit
491 3323 176 33 entendre
705 3321 114 35 l'écho
840 3334 84 22 sans
957 3333 111 29 cesse,
1090 3330 34 24 et
1147 3322 24 32 il
1213 3333 44 21 en
1284 3323 134 31 résulte
1446 3331 69 22 une
1552 3320 186 33 fraîcheur
1781 3321 70 30 très
1874 3318 214 32 inattendue
2108 3316 41 31 de

125 3370 207 33 sentiment.
364 3372 39 38 Je
427 3372 198 43 signalerai
649 3376 17 29 à
687 3382 55 25 cet
767 3374 112 42 égard
906 3377 31 29 le
964 3373 180 33 délicieux
1166 3372 154 42 prélude
1343 3382 131 31 persan
1503 3370 64 41 sic)
1592 3371 47 32 du
1662 3381 17 20 2
1685 3377 11 16 e
1717 3378 78 25 acte
1818 3377 34 24 et
1872 3371 32 29 la
1924 3366 225 34 déclaration

125 3419 21 31 d
162 3429 126 23 amour
331 3421 42 32 de
401 3422 248 40 Nour-Eddin,
682 3425 272 42 accompagnée
992 3435 64 29 par
1101 3427 32 29 le
1169 3422 329 33 violoncelle-so/o.
1537 3422 46 30 M.
1617 3417 457 45 Bourgault-Ducoudray
2113 3425 37 22 se

125 3477 72 25 sert
219 3480 84 22 avec
326 3471 167 33 bonheur
510 3474 62 32 des
596 3474 274 33 combinaisons
893 3475 44 32 de
960 3477 144 39 rythme
1127 3473 134 33 usitées
1280 3473 89 32 dans
1393 3475 32 30 le
1447 3474 110 30 chant
1585 3471 45 31 du
1653 3473 145 38 peuple.

178 3520 175 31 Thamara
385 3529 52 25 est
475 3532 43 22 en
547 3534 138 22 somme
720 3535 70 22 une
812 3535 125 23 œuvre
960 3524 173 33 musicale
1150 3524 108 32 d'une
1280 3525 125 31 valeur
1431 3522 281 37 incontestable,
1736 3528 33 25 et
1794 3521 45 31 où
1863 3530 15 21 s
1895 3523 168 28 attestent
2086 3515 63 33 des

126 3569 218 42 aspirations
367 3572 193 33 théâtrales
586 3575 152 32 élevées.
