3487 4394
1765 145 110 51 324

271 287 71 48 die
371 284 191 50 Melodie
591 299 112 49 ganz
733 283 224 49 dieselben
998 284 92 48 und
1122 284 177 64 folglich
1331 284 130 50 beide
1489 285 181 64 Zweige
1701 284 79 48 der

269 360 238 50 Tonkunst
535 360 355 47 unzertrennlich
921 359 110 48 sind.

382 438 67 46 Im
492 437 156 47 Monat
690 435 254 49 December
991 435 140 50 1813
1184 435 136 47 nahm
1367 437 119 47 Fetis
1528 435 70 49 die
1640 437 137 48 Stelle

267 514 119 46 eines
423 511 274 64 Organisten
741 529 56 31 an
838 513 80 47 der
962 511 377 64 Collegiatkirche
1381 513 137 47 Sanct
1559 514 133 46 Peter
1732 514 44 46 in

264 589 152 47 Douai
446 604 72 40 an,
563 589 153 47 womit
746 588 77 48 das
854 592 108 44 Amt
1000 589 118 47 eines
1147 589 203 62 Gesang-
1382 588 90 48 und
1504 589 270 47 Harmonie-

264 665 197 48 Lehrers
503 682 56 30 an
589 665 124 47 einer
741 664 266 48 städtischen
1038 664 305 49 Musikschule
1371 665 261 48 verbunden
1665 683 108 30 war.

262 740 67 48 Er
358 741 122 47 hatte
518 741 63 47 als
612 740 215 64 Organist
869 740 154 47 früher
1064 741 130 47 einen
1237 740 219 65 gewissen
1499 741 96 47 Ruf
1631 740 141 48 durch

263 818 100 48 eine
390 820 86 46 Art
501 818 255 49 Wettstreit
784 818 190 63 erlangt,
1006 816 85 50 den
1123 834 48 31 er
1199 834 51 31 zu
1277 819 124 46 Paris
1429 818 43 47 in
1501 818 80 48 der
1605 818 167 48 Kirche

262 894 66 48 St.
358 894 178 63 Sulpice
567 892 80 46 mit
672 892 171 49 Wölfle
873 892 90 49 und
992 894 158 48 Nicolo
1179 892 189 49 Isouard
1400 894 208 54 bestand;
1640 894 132 48 allein

259 970 84 48 seit
370 970 138 47 vielen
537 969 171 47 Jahren
737 969 123 48 hatte
889 986 47 31 er
967 970 119 47 nicht
1117 970 128 47 mehr
1274 970 144 63 Orgel
1447 970 200 63 gespielt.
1687 970 84 48 Die

261 1046 142 64 Orgel
432 1046 44 46 in
506 1045 148 47 Douai
686 1061 95 32 war
810 1047 69 46 ein
904 1046 182 48 vortreff
1097 1046 135 47 liches
1255 1046 276 47 Instrument
1553 1063 83 31 von
1660 1046 82 48 Dal-

257 1122 115 66 lery:
402 1122 62 47 sie
493 1122 122 49 hatte
644 1124 376 62 sechundlunfzig
1049 1125 238 53 Stimmen,
1317 1124 90 47 vier
1434 1124 213 48 Manuale
1679 1124 92 47 und

258 1200 70 47 ein
357 1199 155 48 Pedal.
569 1199 118 47 Felis
729 1200 207 47 benutzte
976 1200 71 47 die
1086 1200 258 47 trefflichen
1374 1200 295 57 Hülfsmittel,
1698 1199 71 49 die

255 1276 64 47 sie
348 1276 90 47 ihm
470 1275 93 56 bot,
592 1291 78 29 zur
699 1275 227 63 eifrigsten
948 1275 198 65 Uebung
1175 1275 90 48 und
1293 1293 100 30 zum
1425 1293 207 47 genauen
1663 1277 78 46 Stu-

257 1351 123 48 dium
409 1351 80 47 der
518 1350 177 48 Werke
738 1351 80 48 der
845 1352 306 48 italiänischen
1186 1351 92 48 und
1308 1351 245 49 deutschen
1584 1352 184 48 Meister

258 1427 75 50 des
361 1428 295 64 Orgelspiels,
694 1428 91 47 und
813 1430 211 48 verfasste
1054 1430 69 47 ein
1155 1428 147 49 Werk
1331 1436 134 41 unter
1492 1430 103 48 dem
1627 1431 140 47 Titel:

254 1503 75 50 La
349 1501 187 53 Science
556 1503 56 50 de
639 1502 272 70 l'orgariiste,
935 1522 157 31 wovon
1118 1505 207 48 mehrere
1341 1506 157 63 Bogen
1523 1506 243 65 gestochen

254 1581 115 57 sind,
398 1581 78 48 das
506 1581 110 48 aber
644 1582 116 48 noch
790 1583 121 47 nicht
940 1582 222 48 vollendet
1191 1582 67 48 ist.

367 1658 80 47 Als
478 1658 332 64 Gesanglehrer
852 1660 79 48 sah
962 1676 48 31 er
1040 1658 103 49 bald
1174 1658 87 57 ein,
1305 1657 100 50 dass
1434 1658 71 49 die
1536 1657 231 57 Methode,

253 1735 79 48 das
353 1736 291 56 Notenlesen,
673 1737 327 64 Tactschlagen
1031 1735 92 49 und
1147 1736 182 48 Treffen
1358 1736 202 66 zugleich
1590 1754 51 30 zu
1672 1736 71 48 leh-

249 1827 99 41 ren,
376 1811 122 48 nicht
526 1812 42 46 in
598 1812 262 63 geeigneter
880 1813 162 49 Weise
1070 1830 100 30 zum
1193 1813 120 47 Ziele
1345 1813 153 55 führe,
1528 1812 91 48 und
1650 1812 93 48 rich-

250 1893 91 43 tete
369 1887 86 48 den
483 1888 263 48 Unterricht
790 1891 42 48 in
873 1889 80 49 der
981 1889 166 49 Schule
1175 1907 53 31 zu
1259 1891 148 47 Douai
1447 1907 48 31 so
1536 1891 86 57 ein,
1665 1889 99 49 dass

252 1982 49 32 er
329 1972 210 57 getrennt
568 1967 204 63 gegeben
803 1967 175 56 wurde,
1023 1983 180 33 woraus
1240 1972 148 60 später
1429 1968 93 47 sein
1552 1968 182 48 Elemen-

247 2042 195 49 tarbuch
461 2061 10 29 :
798 2041 203 68 Solfeges
1283 2042 300 70 progressifs,

245 2116 242 71 principes
779 2118 57 50 de
837 2117 180 67 musique,
1018 2122 144 62 hervorging.

363 2197 87 47 Die
496 2204 246 41 ernstesten
786 2198 327 65 Forschungen
1164 2197 114 48 über
1326 2197 71 48 die
1440 2197 195 48 Theorie
1684 2197 82 48 der

247 2273 255 48 Harmonie
544 2274 185 47 führten
769 2276 76 47 ihn
883 2276 80 48 auf
987 2274 359 65 Entdeckungen
1376 2274 115 49 über
1519 2274 70 49 die
1618 2276 148 47 Natur

248 2349 82 48 der
353 2349 205 48 Accorde
588 2367 40 30 u.
650 2367 31 30 s.
709 2368 71 38 w.,
810 2353 171 46 welche
1011 2368 145 47 gegen
1186 2350 70 49 die
1287 2350 256 66 bisherigen
1574 2352 158 47 Annah-

247 2441 104 33 men
381 2442 81 32 von
493 2427 225 57 Rameau,
747 2428 284 63 Kirnberger
1059 2427 91 48 und
1176 2428 125 47 Catel
1331 2444 87 31 neu
1451 2444 168 31 waren.
1650 2428 114 48 Eine

244 2503 293 65 vollständige
584 2521 116 30 neue
743 2505 381 49 Harmonielehre
1174 2504 157 48 wurde
1379 2504 240 59 vollendet,
1669 2505 93 47 und

244 2580 122 49 Fetis
404 2588 90 41 trat
535 2580 201 50 darüber
776 2583 42 47 in
859 2582 369 64 Correspondenz
1273 2583 80 46 mit
1400 2582 80 47 der
1514 2580 250 51 Academie

244 2657 79 49 des
349 2657 144 49 beaux
520 2655 114 51 Arts
662 2658 42 47 in
734 2658 144 48 Paris.
921 2660 102 46 Den
1053 2658 323 65 gewünschten
1406 2658 159 48 Druck
1595 2659 144 47 dersel-

244 2735 93 49 ben
381 2735 107 47 hielt
530 2752 48 30 er
614 2735 162 65 jedoch
823 2752 79 32 aus
931 2737 215 63 Achtung
1189 2735 89 50 und
1325 2735 320 50 Dankbarkeit
1687 2738 75 46 für

247 2811 143 58 Catel,
419 2810 80 50 der
527 2811 93 49 ihm
653 2813 305 48 fortwährend
988 2814 69 48 ein
1082 2814 181 48 wahrer
1285 2813 185 48 Freund
1501 2813 259 65 geblieben,

242 2888 186 57 zurück,
471 2888 93 48 und
605 2889 63 47 sie
706 2889 204 48 erschien
948 2897 89 40 erst
1064 2890 58 47 im
1152 2890 139 48 Jahre
1327 2889 159 49 1844.
1541 2891 66 47 Im
1637 2891 122 47 März

248 2964 143 49 1824
422 2965 90 65 gab
543 2982 46 31 er
612 2966 167 64 jedoch
813 2966 83 49 auf
918 2966 265 64 Andringen
1214 2968 121 47 eines
1363 2968 244 63 Verlegers
1637 2968 122 48 seine

250 3039 218 52 Methode
791 3041 289 51 elementaire
1467 3041 291 52 d'harmonie

239 3119 185 56 heraus,
455 3120 169 48 welche
652 3121 114 47 nach
798 3120 90 48 und
917 3121 116 49 nach
1063 3120 79 50 das
1171 3120 310 51 verbreitetste
1512 3121 247 49 Lehrbuch

236 3196 47 49 in
315 3196 280 50 Frankreich
638 3198 91 48 und
757 3199 186 63 Belgien
987 3199 175 56 wurde,
1207 3200 115 48 auch
1354 3199 403 67 Uebersetzungen

236 3275 69 48 ins
334 3274 282 49 Italiänische
647 3275 90 47 und
765 3276 244 63 Englische
1039 3276 191 50 erlebte.

353 3351 150 48 Schon
534 3351 58 47 im
623 3351 142 48 Jahre
800 3351 141 48 1806
974 3352 123 49 hatte
1127 3354 120 48 Fetis
1278 3351 70 50 die
1372 3352 302 50 Vorarbeiten
1703 3370 54 32 zu

236 3427 148 50 seiner
412 3426 283 70 Biographie
722 3427 80 51 des
828 3426 253 52 Musiciens
1122 3430 257 65 begonnen,
1423 3430 138 48 deren
1599 3431 158 48 zweite

235 3505 200 66 Auflage
464 3523 48 31 er
535 3506 108 65 jetzt
666 3505 188 66 (1862)
880 3506 278 66 herausgibt.
1188 3509 49 47 In
1268 3509 148 48 Douai
1448 3509 137 48 nahm
1616 3525 49 31 er
1693 3509 64 48 sie

235 3584 173 48 wieder
437 3584 88 48 auf.
555 3585 65 47 Er
642 3584 177 48 schrieb
852 3584 149 49 ferner
1024 3585 70 48 ein
1119 3586 220 65 Requiem
1363 3604 77 30 zur
1465 3586 293 48 Todtenfeier

234 3660 235 67 Ludwig's
498 3661 123 48 XVI.
650 3662 42 47 in
724 3662 149 49 Douai
904 3679 72 32 am
1010 3661 86 50 20.
1125 3662 129 65 April
1291 3662 158 60 1814,
1480 3664 70 48 ein
1580 3664 178 48 Sextett

236 3737 78 49 für
342 3739 261 48 Pianoforte
645 3756 52 31 zu
742 3740 90 47 vier
869 3739 212 58 Händen,
1124 3740 111 48 zwei
1278 3741 225 59 Violinen,
1545 3741 77 48 Alt
1664 3741 90 48 und

235 3813 111 50 Bass
388 3815 106 67 (Op.
525 3815 48 58 5,
617 3816 143 57 Paris,
804 3816 69 48 bei
906 3817 160 49 Michel
1097 3819 112 64 Ozy,
1258 3819 156 47 zweite
1443 3819 197 63 Auflage
1684 3819 70 48 bei

236 3891 224 60 Brandus,
489 3891 181 67 1858),
701 3894 111 48 viele
836 3894 359 66 mehrstimmige
1219 3895 342 65 Gesangstücke
1586 3896 75 47 für
1684 3896 71 50 die

235 3967 165 50 Schule
429 3970 41 47 in
503 3971 146 47 Douai
683 3970 92 48 und
805 3971 99 47 eine
934 3972 163 65 Menge
1127 3989 85 32 von
1244 3972 348 65 Orgelstücken.
1632 3974 123 48 Alles

235 4042 80 51 das
355 4045 215 49 arbeitete
610 4064 48 31 er
700 4047 166 50 binnen
912 4048 92 49 vier
1045 4048 91 49 und
1167 4050 146 48 einem
1346 4050 166 48 halben
1539 4050 143 48 Jahre
1711 4051 42 47 in

1855 283 167 55 Douai,
2054 283 212 48 während
2298 299 49 32 er
2374 284 140 47 zehn
2544 284 252 49 Stunden
2828 287 208 63 täglich
3066 289 65 47 als
3154 289 218 63 Organist

1851 360 44 47 in
1926 360 80 47 der
2036 360 182 57 Kirche,
2247 360 175 48 Lehrer
2450 360 42 48 in
2516 360 82 48 der
2620 361 307 51 Musikschule
2953 364 93 48 und
3069 366 303 48 Privatlehrer

1851 435 42 47 in
1923 435 80 47 der
2032 435 131 48 Stadt
2194 435 266 64 beschäftigt
2490 453 109 31 war.
2657 439 84 47 Um
2774 437 79 49 das
2895 440 155 47 leisten
3088 459 52 29 zu
3170 441 200 57 können,

1850 512 243 64 gewöhnte
2121 512 93 47 sich
2245 512 120 47 Fetis
2394 513 41 46 in
2468 513 168 55 Douai,
2680 515 164 63 täglich
2874 517 242 47 secbszehn
3146 517 66 47 bis
3242 519 100 48 acht-

1847 588 111 46 zehn
1988 587 205 48 Stunden
2220 606 53 29 zu
2303 588 224 59 arbeiten,
2566 588 90 49 und
2687 590 185 49 seitdem
2905 592 77 48 hat
3010 610 50 30 er
3088 593 94 47 sein
3210 593 159 50 Leben

1847 663 43 47 in
1921 663 236 49 derselben
2187 665 262 63 Thätigkeit
2486 665 317 64 hingebracht,
2854 668 118 49 ohne
3014 670 64 47 sie
3116 671 46 63 je
3203 670 163 48 anders

1847 740 64 47 als
1941 738 141 50 durch
2114 741 162 47 Reisen
2314 757 54 31 zu
2397 741 352 49 unterbrechen.

2185 987 98 55 Das
2325 987 260 57 Musikfest
2623 991 52 55 in
2716 991 305 56 Gloucester.

1957 1124 49 47 In
2045 1122 80 50 der
2155 1125 185 48 Woche
2381 1143 101 31 vom
2524 1126 45 50 8.
2582 1127 158 51 —l3.
2771 1129 271 64 September
3084 1130 156 48 feierte
3282 1131 81 49 der

1843 1200 310 48 musicalische
2181 1201 132 48 Bund
2345 1202 80 49 der
2453 1204 95 47 drei
2578 1205 157 48 Städte
2780 1206 358 57 Worcester,
3180 1209 146 48 Here-

1843 1276 127 48 ford
2002 1277 90 47 und
2125 1277 347 50 Gloucester
2511 1280 94 48 sein
2637 1281 197 48 hundert
2862 1282 501 66 neununddreissigstes

1842 1354 237 46 Musikfest
2122 1355 44 47 in
2206 1355 358 63 letztgenannter
2592 1357 153 56 Stadt;
2787 1357 71 50 die
2887 1360 246 48 Oratorien
3173 1361 189 48 wurden

1839 1430 45 47 in
1914 1428 81 49 der
2031 1430 263 64 prächtigen
2326 1431 297 56 Kathedrale,
2663 1434 72 48 die
2764 1435 416 49 Abend-Concerte
3210 1437 43 47 in
3283 1437 81 49 der

1840 1506 402 49 Grafschaftshalle
2272 1508 283 64 aufgeführt.

1959 1583 108 49 Wie
2094 1600 49 32 so
2176 1585 146 48 Vieles
2352 1585 176 49 überall
2558 1586 43 48 in
2630 1586 83 48 der
2740 1587 144 59 Welt,
2912 1604 50 33 so
2992 1590 149 48 haben
3171 1591 116 48 auch
3317 1591 44 48 in

1840 1661 211 63 England
2080 1660 72 48 die
2176 1661 263 49 Musikfeste
2468 1663 96 47 ihre
2590 1665 204 63 Gegner;
2825 1666 115 47 auch
2971 1665 142 50 dieses
3137 1668 89 47 Mal
3259 1685 78 47 pre-

1839 1736 122 66 digte
1992 1737 168 48 wieder
2191 1737 84 48 wie
2305 1740 254 62 gewöblich
2599 1741 69 48 ein
2713 1742 350 65 hochgestellter
3095 1745 268 48 Geistlicher

1838 1815 44 47 in
1924 1815 80 48 der
2049 1815 341 49 benachbarten
2431 1816 132 49 Stadt
2605 1818 300 50 Cheltenham
2954 1821 46 48 in
3047 1821 314 49 donnerndem

1838 1893 148 46 Zorne
2030 1908 146 49 gegen
2219 1892 71 50 die
2329 1895 310 64 Entweihung
2681 1895 81 49 der
2792 1897 181 48 Kirche.
3033 1900 94 47 Der
3168 1898 194 50 leitende

1837 1968 255 48 Ausschuss
2134 1969 117 49 wich
2295 1971 375 49 wahrscheinlich
2724 1972 211 50 desshalb
2990 1991 85 32 von
3118 1973 81 50 der
3240 1976 122 48 alten

1838 2046 128 57 Sitte,
2009 2044 85 50 den
2138 2047 224 63 täglichen
2393 2048 306 50 Gottesdienst
2736 2051 81 48 auf
2854 2051 71 48 die
2954 2052 324 50 Frübstunden
3307 2070 55 32 zu

1837 2124 228 63 verlegen,
2096 2122 142 49 dieses
2268 2126 91 47 Mal
2390 2124 59 50 ab
2491 2126 92 48 und
2619 2127 98 48 liess
2748 2145 73 31 am
2853 2136 147 40 ersten
3030 2131 215 63 Festtage
3273 2129 88 50 den

1838 2199 322 65 vollständigen
2191 2201 350 49 Kirchendienst
2571 2203 78 48 mit
2676 2204 224 64 Liturgie,
2929 2206 188 64 Predigt
3146 2206 93 49 und
3269 2207 62 49 Ge-

1837 2281 167 59 sängen
2031 2295 74 30 um
2133 2278 105 47 halb
2261 2279 77 47 eilf
2360 2279 94 49 Uhr
2477 2279 244 65 beginnen,
2751 2282 218 48 welchem
3000 2282 119 49 dann
3150 2301 76 32 um
3253 2284 106 49 halb

1837 2354 108 47 zwei
1970 2353 79 48 das
2073 2354 267 49 Oratorium
2376 2356 115 55 „Die
2846 2358 150 65 folgte.
3028 2361 94 47 Das
3151 2361 210 49 Resultat

1837 2432 158 62 zeigte,
2027 2430 102 49 dass
2158 2430 93 49 dies
2280 2433 70 47 ein
2380 2433 348 64 Missgriff'war.
2759 2436 259 63 Allerdings
3043 2453 94 32 war
3160 2437 70 48 die
3253 2438 78 47 Kir-

1837 2508 82 47 che
1950 2508 217 48 während
2197 2507 77 50 des
2305 2510 353 49 Gottesdienstes
2688 2512 101 54 voll,
2832 2514 101 47 weil
2963 2513 80 48 der
3071 2514 165 49 Zutritt
3274 2532 56 32 un-

1838 2584 258 64 entgeltlich
2143 2602 110 39 war,
2304 2587 208 47 wiewohl
2558 2588 142 56 Viele,
2751 2589 170 48 welche
2963 2590 153 47 Billets
3159 2592 77 47 für
3278 2590 80 51 das

1837 2663 265 47 Oratorium
2135 2663 172 56 hatten,
2337 2664 137 48 schon
2506 2665 96 49 ihre
2632 2667 147 48 Plätze
2808 2668 42 47 in
2882 2668 143 47 Besitz
3055 2686 302 47 genommen;

1834 2739 132 47 allein
1999 2738 117 49 beim
2148 2740 202 64 Beginne
2379 2740 77 49 des
2487 2742 292 49 Oratoriums
2817 2761 152 31 waren
3009 2762 141 47 ganze
3180 2747 176 48 Reihen

1834 2815 80 49 der
1936 2817 266 48 reservirten
2228 2818 147 47 Plätze
2399 2819 106 47 leer.
2535 2820 127 49 Nach
2688 2820 86 49 den
2799 2822 221 57 Gebeten,
3051 2823 301 65 Evangelien-

1834 2893 92 48 und
1955 2894 453 67 Epistel-Vorlesung
2445 2895 141 50 durch
2625 2898 94 49 drei
2761 2899 320 50 verschiedene
3110 2900 246 51 Geistliche

1834 2970 150 50 betrat
2020 2971 80 49 der
2127 2971 338 51 Lord-Bischof
2498 2974 69 50 die
2596 2977 172 48 Kanzel
2812 2977 90 49 und
2942 2978 109 48 hielt
3091 2978 99 48 eine
3220 2979 133 65 lange

1830 3046 190 66 Predigt
2061 3048 113 48 über
2218 3050 128 48 einen
2388 3050 165 65 langen
2595 3054 117 47 Text
2752 3071 80 31 aus
2881 3053 81 49 der
3004 3054 350 67 Offenbarung:

1843 3125 130 57 „Und
2003 3125 67 48 ich
2101 3126 98 58 sah,
2230 3128 89 48 und
2350 3129 70 47 ich
2451 3129 131 49 hörte
2613 3130 71 48 die
2707 3132 191 48 Stimme
2920 3149 85 32 von
3030 3133 177 65 Engeln
3232 3135 122 64 rings

1832 3220 74 31 um
1940 3203 83 48 den
2050 3204 174 56 Thron,
2253 3204 90 49 und
2375 3205 70 48 die
2469 3206 166 50 Thiere
2666 3208 90 48 und
2787 3208 71 48 die
2882 3209 249 56 Aeltesten,
3163 3210 88 49 und
3276 3210 52 49 de-

1832 3297 78 31 ren
1942 3297 152 33 waren
2124 3281 311 50 zehntausend
2458 3285 89 48 Mal
2571 3285 325 57 zehntausend,
2919 3286 91 49 und
3034 3288 99 47 Alle
3157 3304 197 50 sangen:

1834 3358 202 64 Würdig
2064 3358 56 48 ist
2148 3359 79 48 das
2251 3360 160 48 Lamm
2445 3378 42 30 u.
2516 3378 33 32 s.
2582 3379 53 31 w.
2721 3363 91 48 und
2841 3363 71 49 die
2942 3364 91 48 vier
3056 3365 167 48 Thiere
3251 3382 80 48 sag-

1829 3443 98 40 ten:
1955 3436 172 47 Amen!
2155 3438 93 48 und
2279 3438 71 48 die
2371 3439 393 67 vierundzwanzig
2785 3443 231 48 Aeltesten
3043 3443 132 48 fielen
3199 3443 159 49 nieder

1832 3513 90 48 und
1953 3511 180 51 beteten
2324 3515 74 48 Ich
2432 3516 230 50 überlasse
2691 3535 46 31 es
2766 3518 85 49 den
2882 3519 189 56 Lesern,
3102 3519 71 48 die
3201 3520 126 48 Bezie-

1830 3590 183 65 hungen
2059 3591 82 49 auf
2176 3591 80 50 das
2286 3594 332 66 nachfolgende
2647 3596 269 50 Oratorium
2958 3598 398 49 herauszufinden.

1832 3667 83 49 Die
1947 3667 344 68 Chorgesänge,
2336 3671 115 49 auch
2496 3673 71 48 ein
2895 3674 91 48 und
3030 3674 69 48 ein

1830 3745 190 48 wurden
2050 3763 84 33 von
2166 3747 146 49 einem
2340 3749 123 48 Chor
2486 3767 83 31 von
2600 3759 119 41 etwa
2745 3751 70 50 50
2826 3750 143 50 —6O
2994 3753 228 49 Personen
3253 3770 78 32 aus-

1828 3822 203 65 geführt.

1947 3900 123 48 Kurz
2100 3900 114 49 nach
2246 3901 108 50 halb
2393 3902 109 49 zwei
2535 3904 97 48 Uhr
2668 3902 181 68 begann
2889 3906 115 56 „Die

1826 3977 68 47 Zu
1936 3976 85 50 den
2051 3979 484 50 Monster-Concerten
2578 3982 43 49 in
2665 3982 191 50 London
2900 3985 92 48 und
3033 3986 60 47 im
3135 3985 218 66 Krystall-

1828 4054 179 49 Palaste
2039 4055 163 49 bildete
2233 4057 70 49 die
2331 4059 111 48 Zahl
2474 4059 76 48 des
2581 4060 343 49 ausführenden
2957 4064 237 46 Personals
3223 4062 133 48 einen
