3485 4394
1648 129 108 51 253

153 272 164 49 hinein.
385 268 107 49 Man
524 268 103 49 hört
665 270 91 48 also
799 268 174 50 danach
1024 268 71 49 die
1133 267 239 51 Obertöne
1413 286 86 32 nur
1546 268 118 51 dann

150 346 197 51 deutlich
376 347 83 46 mit
488 346 102 48 dem
621 345 258 57 Grundton,
909 345 90 48 und
1028 346 63 47 sie
1121 352 158 57 tragen
1310 364 86 30 nur
1424 346 120 49 dann
1588 347 52 48 be-

148 422 188 51 sonders
364 439 53 31 zu
445 423 168 47 seinem
637 422 407 65 Klangreichthum
1075 421 86 56 bei,
1190 439 130 31 wenn
1350 422 70 48 die
1450 422 101 50 dem
1578 425 60 47 Vo-

149 501 97 48 cale
275 498 357 65 entsprechende
661 500 117 48 Note
807 516 52 31 zu
903 498 86 49 den
1020 497 268 50 Obertönen
1328 498 77 49 des
1437 500 200 48 Grundto-

149 594 78 33 nes
256 576 176 63 gehört.

276 653 152 55 „Ganz
458 667 148 51 genau
637 652 95 48 sind
757 651 165 66 jedoch
953 651 70 48 die
1052 651 85 48 den
1166 653 159 47 Tönen
1354 653 190 64 eigenen
1575 653 62 49 Vo-

148 731 96 48 cale
274 729 121 49 nicht
422 746 52 30 zu
507 729 285 56 bestimmen,
821 728 57 48 da
907 728 228 48 dieselben
1179 728 141 47 durch
1352 729 317 49 verschiedene

152 807 200 48 Dialecte
383 804 89 49 und
502 804 343 65 Sprachweisen
877 804 316 49 verschiedene
1218 806 273 63 Färbungen
1522 806 125 48 erhal-

149 891 75 40 ten
251 882 89 48 und
370 882 211 47 desshalb
606 881 102 48 bald
741 897 54 32 an
821 881 220 54 höheren,
1072 881 103 48 bald
1206 897 54 32 an
1284 882 186 48 tieferen
1500 883 167 47 Stellen

148 961 72 48 die
249 959 239 50 Obertöne
519 959 141 47 hören
689 958 160 50 lassen.
902 959 73 47 Da
1005 958 335 65 hauptsächlich
1385 958 71 48 die
1485 961 157 47 Ausbil-

149 1037 126 65 dung
303 1036 80 49 der
413 1034 365 49 Frauenstimme
807 1036 43 47 in
881 1034 165 49 diesem
1077 1033 280 50 Schriftchen
1390 1034 278 65 besprochen

149 1114 131 55 wird,
309 1113 152 50 werde
492 1113 69 47 ich
591 1112 122 48 diese
747 1112 388 62 Beobachtungen
1164 1128 56 32 an
1259 1110 103 50 dem
1401 1113 266 48 weiblichen

149 1192 192 63 Organe
369 1189 142 48 näher
540 1188 313 49 beschreiben.

275 1274 263 56 „Nachdem
568 1276 69 47 ich
670 1276 117 47 mich
817 1274 144 49 durch
991 1274 71 50 die
1093 1273 277 50 freundliche
1391 1274 281 66 Anweisung

149 1352 78 48 des
257 1353 151 47 Herrn
440 1352 232 48 Professor
702 1352 299 48 Helmholz
1033 1353 161 47 mittels
1223 1353 147 47 seiner
1390 1352 281 49 künstlichen

149 1429 235 65 Apparate
413 1446 79 30 zur
521 1428 254 65 Schärfung
806 1428 75 48 des
912 1429 177 48 Gehörs
1123 1446 84 30 von
1237 1428 102 48 dem
1372 1428 268 48 Vorhanden-

149 1507 94 48 sein
274 1505 80 49 der
371 1505 238 50 Obertöne
639 1505 248 65 überzeugt
916 1505 140 58 hatte,
1081 1505 167 49 konnte
1272 1507 68 47 ich
1370 1505 138 49 schon
1538 1507 134 47 leicht

153 1601 56 31 an
239 1583 103 52 dem
376 1583 209 66 ungleich
624 1583 194 48 volleren
864 1583 90 47 und
992 1583 233 48 stärkeren
1268 1584 166 64 Klang,
1476 1583 81 48 der
1598 1584 71 48 bei

150 1662 223 64 gleichem
404 1660 380 50 Kraltaufwande
813 1660 198 65 sogleich
1041 1660 221 58 entstand,
1290 1660 157 50 sobald
1477 1678 88 31 nur
1594 1660 80 49 der

149 1738 103 49 dem
284 1740 127 47 Tone
437 1738 322 65 zugehörende
790 1738 138 48 Vocal
952 1754 232 49 gesungen
1203 1738 173 57 wurde,
1405 1738 116 47 auch
1552 1739 120 47 ohne

150 1815 252 50 künstliche
434 1815 401 65 Gehörschärfung
874 1815 71 47 die
985 1814 85 50 den
1110 1817 158 47 Tönen
1307 1815 240 64 günstigen
1582 1817 58 48 Vo-

149 1893 95 49 cale
275 1891 166 51 finden.

276 1979 108 56 „Bei
413 1979 146 48 einem
590 1978 164 65 richtig
783 1978 256 65 gebildeten
1072 1979 262 64 Gesangton
1362 1977 80 48 mit
1471 1984 175 59 entspre-

149 2055 221 50 chendem
404 2055 168 50 Vocale
600 2055 104 49 hört
733 2072 103 32 man
867 2055 287 64 gewöhnlich
1185 2057 130 47 einen
1347 2054 81 48 der
1474 2053 96 49 drei
1601 2072 47 32 er-

147 2142 97 40 sten
261 2134 270 48 Nebentöne
559 2132 196 49 deutlich
780 2133 283 65 mitklingen,
1088 2134 88 47 und
1208 2149 45 32 es
1283 2148 106 48 mag
1419 2132 119 49 wohl
1555 2134 114 47 auch

152 2212 80 47 mit
260 2227 55 33 an
343 2210 82 49 der
453 2210 293 61 Bildungsart
774 2209 77 46 des
891 2210 150 46 Tones
1077 2210 163 62 liegen,
1283 2209 197 47 welcher
1526 2209 146 48 dieser

149 2286 276 51 Nebentöne
472 2285 176 50 stärker
676 2284 226 65 vorklingt
939 2285 93 48 und
1079 2302 48 31 so
1176 2286 87 47 den
1293 2284 256 49 Charakter
1596 2285 77 50 des

150 2365 164 50 Vocals
343 2363 174 50 ändert.
561 2361 256 66 Folgendes
845 2361 98 50 sind
972 2363 72 48 die
1058 2364 235 48 Resultate
1324 2363 171 49 meiner
1524 2364 120 49 Beob-

150 2444 259 65 achtungen
440 2457 54 34 an
525 2440 124 48 einer
679 2440 376 64 Sopranstimme.

277 2568 113 59 „Die
421 2567 127 48 Töne
577 2563 245 50 unterhalb
850 2563 79 50 des
957 2581 24 32 c

1279 2563 99 49 sind
1417 2565 81 48 auf
1582 2566 90 48 und

154 2702 117 33 oam
304 2683 326 66 klangvollsten
662 2679 92 49 und
783 2680 71 48 ein
883 2679 169 49 darauf
1088 2678 266 67 eingeübtes
1405 2679 103 49 Ohr
1550 2681 119 49 kann

150 2802 116 51 auch
296 2801 120 48 ohne
445 2796 253 52 künstliche
737 2794 279 50 Hülfsmittel
1060 2794 81 50 auf
1184 2794 102 50 dem

150 2920 80 50 mit
258 2919 148 49 einem
436 2919 198 44 dunkeln
662 2930 26 32 o
717 2919 71 42 die
817 2919 240 42 Obertöne
1095 2919 159 49 hören,
1284 2929 83 32 von
1404 2919 146 42 denen
1601 2919 71 43 die

149 2999 173 48 Octave
351 2993 91 49 und
472 2991 81 50 der
582 2989 135 49 dritte
745 2990 100 47 Ton
887 2988 80 49 der
1016 2989 287 48 akustischen
1340 2990 228 48 Tonreihe
1598 3005 73 33 am

149 3113 260 51 leichtesten
439 3122 294 36 vernommen
770 3103 127 50 wird.
966 3106 82 47 Mit
1089 3104 103 50 dem
1221 3121 24 32 c

1569 3106 103 49 hört

147 3247 106 33 man
308 3228 71 48 die
416 3224 241 51 Obertöne
704 3238 88 33 nur
845 3220 81 48 auf
976 3219 147 49 einem
1174 3219 199 49 dunkeln
1437 3236 46 44 a,
1535 3222 78 46 mit
1640 3221 36 50 d

933 3281 23 13 e\

1234 3335 81 50 auf
1362 3335 217 50 dunklem
1622 3341 49 57 ä,

150 3346 82 50 auf
256 3344 146 50 einem
432 3341 217 54 helleren,
680 3337 81 49 mit

721 3508 80 50 mit
829 3508 170 50 reinem

152 3520 72 52 bei
347 3536 15 50 g

148 3675 99 50 sind
277 3673 77 49 für
383 3671 85 49 alle
497 3666 170 49 Vocale
695 3662 200 66 günstig,
938 3662 217 49 während

150 3791 83 51 mit
257 3786 20 52 i
301 3804 74 33 am
404 3784 240 49 schönsten
676 3779 158 63 klingt,
863 3776 93 50 und
985 3776 71 51 die
1084 3779 167 49 darauf
1277 3779 236 66 folgenden
1545 3781 128 49 Töne

150 3927 83 49 mit
258 3941 42 33 a.
357 3921 101 49 Von
500 3934 22 33 e

975 3931 55 32 an
1053 3915 54 48 ist
1128 3931 46 32 es
1198 3913 260 66 überhaupt
1479 3913 193 57 schwer,

148 4050 132 51 einen
309 4047 201 52 anderen
541 4043 140 49 Vocal
710 4043 65 49 als
797 4058 30 33 a
854 4058 52 32 zu
928 4040 174 65 singen,
1131 4039 58 50 da
1220 4039 68 50 ein
1312 4038 132 66 jeder
1472 4038 82 49 auf
1577 4038 69 49 die-

1738 285 76 32 sen
1845 268 148 50 hohen
2026 272 158 49 Tönen
2213 272 71 50 die
2316 271 216 66 Färbung
2573 272 77 50 des
2736 276 232 50 annimmt.
3036 279 208 50 Daselbst

1740 346 179 63 klingen
1949 347 115 48 auch
2093 348 82 49 auf
2186 348 165 49 diesem
2383 350 165 47 Vocale
2571 348 71 50 die
2664 350 236 51 Obertöne
2927 355 317 59 vernehmbar,

2488 482 166 48 wieder
2671 483 80 48 auf
2761 481 20 50 i
2796 483 323 52 bemerkbarer
3132 504 116 32 wer-

1740 477 65 48 bis
1833 478 62 47 sie
1921 479 78 47 mit

1739 600 113 56 den;
1883 601 111 48 doch
2026 604 55 47 ist
2109 619 44 30 es
2184 604 78 45 mit
2290 604 99 47 dem
2434 604 343 48 Höherwerden
2815 605 80 48 der
2932 608 125 47 Töne
3088 609 159 48 immer

1739 679 243 56 schwerer,
2012 680 76 47 mit
2121 679 191 48 blossem
2342 680 101 48 Ohr
2472 680 118 48 diese
2620 680 143 48 feinen
2796 682 320 50 Unterschiede
3145 685 78 48 her-

1740 755 309 57 auszufinden,
2078 756 114 48 auch
2220 773 131 31 wenn
2383 774 102 30 man
2515 756 116 48 noch
2660 773 47 33 so
2732 759 104 47 sehr
2864 757 140 50 daran
3034 762 214 61 gewöhnt

1740 887 70 55 ist,
1841 888 166 48 darauf
2030 906 52 30 zu
2120 889 174 49 achten.
2366 889 106 49 Wie
2502 889 115 49 über
2659 889 100 47 dem

1742 1013 83 47 alle
1857 1013 165 47 Vocale
2052 1013 69 47 die
2153 1011 215 65 Färbung
2398 1013 76 47 des
2553 1013 271 53 annehmen,
2852 1029 48 32 so
2932 1014 202 48 erhalten
3158 1014 68 48 die-

2322 1074 22 9 f\

2560 1126 69 47 die
2659 1124 77 49 des
2960 1141 40 43 o,
2827 1126 88 48 und
2946 1127 69 47 die
3038 1128 211 64 gewand-

1740 1126 154 48 selben
1926 1135 129 39 unter
2096 1126 102 48 dem

1743 1248 142 40 testen
1914 1240 310 65 Sängerinnen
2253 1239 96 48 sind
2380 1240 120 47 nicht
2528 1240 57 47 im
2624 1239 184 57 Stande,
2855 1241 84 47 alle
2970 1240 166 51 Vocale
3178 1244 80 47 auf

1744 1317 114 49 allen
1890 1317 149 47 diesen
2071 1319 158 47 Tönen
2259 1316 143 65 gleich
2441 1316 87 47 hell
2570 1316 90 47 und
2702 1317 94 47 rein
2844 1335 52 29 zu
2942 1319 170 63 singen.
3172 1319 81 48 Die

1745 1394 234 49 weibliche
2010 1395 189 47 Stimme
2231 1392 76 50 hat
2335 1394 92 48 also
2452 1409 85 32 nur
2558 1394 173 63 wenige
2756 1395 127 47 Töne
2913 1395 127 47 mehr
3069 1396 62 47 als
3154 1396 99 48 eine

1744 1471 188 56 Octave,
1961 1471 82 48 auf
2059 1471 200 48 welchen
2278 1469 129 66 jeder
2431 1469 137 48 Vocal
2593 1469 191 49 deutlich
2811 1488 229 47 gesungen
3069 1471 183 50 werden

1747 1550 136 54 kann,
1913 1549 89 47 und
2036 1547 169 49 wieder
2233 1564 86 32 nur
2361 1547 176 64 wenige
2577 1547 144 56 Töne,
2769 1549 80 47 auf
2886 1549 199 48 welchen
3125 1550 128 63 jeder

1747 1626 137 47 Vocal
1916 1626 128 47 einen
2076 1625 142 65 gleich
2250 1624 279 64 klangvollen
2560 1625 97 46 Ton
2687 1631 223 56 gestattet.

1870 1701 260 56 „Professor
2170 1702 166 47 Helm
2354 1701 124 48 holz
2528 1698 103 50 fand
2678 1700 163 58 ferner,
2885 1700 99 49 dass
3022 1701 113 50 auch
3175 1702 79 49 das

1744 1780 102 48 Ohr
1874 1780 82 48 auf
1979 1780 128 48 einen
2138 1778 286 50 bestimmten
2446 1780 98 45 Ton
2573 1777 229 65 gestimmt
2822 1778 79 56 sei,
2932 1778 89 49 und
3045 1780 123 63 giebt
3191 1781 62 47 als

1743 1857 182 47 solchen
1955 1856 77 48 das
2053 1855 373 64 viergestrichene
2570 1855 689 64 eßsan.
2675 1855 99 47 Alle
2792 1856 142 55 Töne,
2957 1855 80 48 auf
3055 1856 199 48 welchen

1744 1933 231 65 derjenige
1992 1935 115 53 Ton,
2137 1935 42 45 in
2201 1932 216 48 welchem
2446 1932 78 48 das
2540 1932 102 48 Ohr
2671 1932 228 64 gestimmt
2920 1933 70 56 ist,
3014 1932 240 66 mitklingt,

1743 2011 211 48 scheinen
1973 2011 136 47 voller
2126 2010 92 48 und
2239 2008 209 57 schöner,
2463 2008 138 49 selbst
2620 2008 78 47 mit
2720 2008 303 65 ungünstigen
3042 2010 213 57 Vocalen,

1745 2087 89 48 und
1865 2105 48 32 so
1942 2088 103 47 lässt
2073 2104 46 31 es
2159 2087 92 48 sich
2281 2086 218 48 vielleicht
2532 2085 223 55 erklären,
2797 2102 173 32 warum
3010 2085 78 48 das
3122 2086 80 48 ab
3228 2086 29 49 h

1744 2166 80 47 mit
1865 2166 114 47 allen
2013 2165 196 48 Vocalen
2253 2163 144 65 gleich
2438 2163 138 49 schön
2618 2179 231 48 gesungen
2895 2162 180 48 werden
3120 2163 132 49 kann.

1744 2242 81 48 Oft
1855 2243 176 47 machte
2062 2242 67 48 ich
2171 2241 70 48 die
2270 2241 311 63 Bemerkung,
2617 2239 100 49 dass
2745 2239 244 49 Menschen
3029 2239 80 47 mit
3146 2242 87 46 reiz-

1744 2318 159 50 barem
1927 2321 344 63 Nervensystem
2300 2317 79 48 das
2401 2316 374 66 viergestrichene
2801 2332 23 32 e
2840 2317 45 62 f
2902 2316 111 48 oder
3024 2317 68 63 fis
3121 2317 134 48 kaum

1743 2403 212 57 ertragen
1985 2396 215 56 konnten,
2232 2393 90 50 und
2350 2393 102 48 dass
2472 2392 184 57 Hunde,
2685 2392 170 48 welche
2876 2401 123 40 sonst
3021 2392 68 48 bei
3107 2393 150 48 Musik

1743 2490 113 48 ganz
1885 2473 133 65 ruhig
2045 2472 196 56 blieben,
2270 2469 193 50 heulend
2495 2469 142 50 davon
2662 2469 145 56 liefen,
2835 2486 132 32 wenn
2993 2469 77 49 das
3093 2471 119 48 hohe

1743 2551 82 48 auf
1847 2551 80 48 der
1955 2551 178 48 Violine
2162 2548 314 66 angestrichen
2505 2547 173 48 wurde.

1871 2638 106 56 „Als
2003 2637 70 48 ich
2104 2653 45 32 es
2179 2636 251 56 versuchte,
2459 2634 145 65 einige
2632 2632 251 66 Uehungen
2913 2648 47 32 so
2989 2651 51 30 zu
3071 2650 153 48 compo-

1743 2716 146 57 niren,
1918 2714 100 50 dass
2046 2714 69 47 ich
2145 2713 84 48 den
2261 2714 156 47 Tönen
2446 2711 153 49 Silben
2642 2711 79 48 mit
2759 2711 85 47 den
2882 2711 135 47 ihnen
3054 2711 168 64 zugehö-

1742 2793 171 48 renden
1944 2792 198 48 Vocalen
2172 2789 268 64 unterlegte,
2469 2805 96 33 war
2593 2788 69 47 ich
2692 2787 135 49 selbst
2857 2787 282 58 überrascht,
3169 2787 83 49 wie

1743 2871 135 48 leicht
1903 2869 91 49 sich
2024 2877 120 41 sonst
2170 2867 266 65 schwierige
2454 2864 442 65 Tonverbindungen
2919 2864 154 65 singen
3095 2864 159 50 liessen

1745 2947 91 48 und
1872 2947 84 48 wie
1997 2946 138 48 schön
2179 2943 133 50 dabei
2346 2942 131 66 jeder
2514 2944 98 47 Ton
2647 2960 78 30 zur
2767 2942 196 63 Geltung
3003 2941 119 49 kam.
3174 2941 81 49 Bei

1743 3024 146 49 einem
1928 3022 238 65 Vergleich
2203 3027 304 58 sogenannter
2546 3018 473 65 ungesangsmässiger
3059 3018 163 65 Compo-

1742 3103 190 48 sitionen
1963 3102 80 47 mit
2069 3098 437 67 gesangsmässigen,
2547 3097 270 48 namentlich
2847 3098 168 47 älteren
3048 3097 206 48 Werken

1743 3179 80 50 der
1853 3181 226 57 Italiäner,
2110 3177 103 49 fand
2242 3177 88 56 ich,
2363 3175 100 49 dass
2491 3174 179 48 letztere
2706 3174 114 47 auch
2859 3174 97 47 hier
2994 3172 263 49 unbewusst

1744 3257 71 49 die
1848 3255 88 50 den
1972 3258 157 47 Tönen
2171 3253 239 66 günstigen
2448 3252 170 48 Vocale
2664 3252 78 47 mit
2783 3249 86 50 den
2911 3250 344 50 Textesworten

1743 3335 86 50 fast
1856 3334 162 48 immer
2045 3351 57 30 an
2130 3330 71 50 die
2229 3330 188 64 richtige
2444 3329 137 48 Stelle
2610 3335 168 58 gesetzt
2806 3328 168 48 hatten.
3008 3328 152 48 Wenn
3184 3328 69 48 ich

1743 3413 225 63 hingegen
1987 3410 137 65 jenen
2147 3407 484 66 ungesangsmässigen
2650 3405 364 64 Compositionen
3038 3404 113 48 nach
3175 3403 82 49 der

1744 3489 263 48 erwähnten
2026 3485 161 51 Weise
2215 3484 168 50 andere
2405 3484 168 48 Worte
2601 3483 268 63 unterlegte,
2900 3482 156 48 liessen
3079 3480 62 49 sie
3161 3480 92 49 sich

1743 3565 218 51 ebenfalls
1988 3564 135 50 leicht
2152 3563 90 48 und
2272 3560 257 66 angenehm
2571 3560 156 65 singen
2758 3559 90 48 und
2877 3567 267 57 gestatteten
3174 3558 79 48 der

1743 3645 190 49 Stimme
1961 3644 99 47 eine
2090 3642 105 49 weit
2223 3640 382 49 vollkommenere
2634 3638 279 63 Entfaltung.

1870 3728 112 56 „Die
2024 3725 302 65 Entdeckung
2366 3723 77 49 des
2483 3723 153 48 Herrn
2679 3722 232 48 Professor
2952 3720 166 49 Helm
3137 3720 118 49 holz

1744 3805 137 58 kann,
1911 3822 130 32 wenn
2069 3804 64 48 sie
2162 3809 90 43 erst
2280 3802 200 49 bekannt
2510 3799 89 48 und
2622 3816 84 31 von
2730 3798 85 49 den
2834 3798 319 65 Componisten
3175 3795 52 51 be-

1743 3883 296 65 rücksichtigt
2064 3882 95 49 sein
2189 3880 129 56 wird,
2346 3896 99 31 vom
2476 3877 383 67 segensreichsten
2882 3877 175 46 Nutzen
3088 3875 75 47 für
3183 3874 70 48 die

1744 3960 343 65 Gesangskunst
2128 3957 198 49 werden.
2392 3955 297 64 Wenigstens
2731 3951 112 50 wird
2885 3968 45 33 es
2972 3951 118 50 dann
3134 3950 121 50 nicht

1745 4039 130 48 mehr
1921 4038 320 56 vorkommen,
2289 4034 100 51 dass
2436 4034 44 48 in
2523 4033 439 63 Gesangvorträgen,
3009 4045 132 33 wenn
3183 4028 70 49 die
