2796 4175
124 214 135 26 saaledes
288 214 123 33 opstaar
441 212 34 27 de
506 212 140 27 dobbelte
670 211 168 32 Skillerum,
870 220 63 17 som
963 210 67 26 ikke
1061 209 94 27 findes
1187 209 57 27 ved
1274 209 87 27 Store

124 260 177 27 Mariendal.
342 259 67 27 Den
436 259 97 27 anden
555 259 136 34 Løsning-
719 257 196 28 forudsætter
938 257 158 30 Forløbets
1117 256 151 34 Netlinjer
1288 256 74 26 midt

124 309 7 24 i
165 308 54 26 alle
253 307 86 26 Mure
372 306 75 35 (Fig.
475 307 40 33 5),
546 306 58 26 den
635 307 84 33 giver
751 304 159 27 Skillerum
941 317 37 8 =
1008 303 153 27 Ydermur
1193 312 37 25 og
1261 312 102 17 svarer

125 355 96 26 altsaa
251 354 34 25 til
315 353 32 26 E.
370 353 141 35 Dyggves
534 352 186 35 Opmaaling.
761 351 38 26 Vi
830 352 58 26 kan
919 351 113 26 anskue
1054 360 32 17 os
1109 349 97 28 denne
1228 350 136 34 Løsning

125 401 124 34 derved,
280 403 31 24 at
338 402 29 24 vi
393 400 109 34 skyder
529 400 36 26 de
588 400 122 26 omtalte
732 398 124 35 færdige
877 397 193 27 kvadratiske
1093 397 78 26 R,um
1194 407 50 17 saa
1265 400 99 31 meget

127 457 71 18 over
226 447 162 33 hinanden,
415 450 30 23 at
466 447 86 26 deres
574 446 92 27 fælles
690 445 87 27 Sider
798 445 63 26 faar
883 445 92 26 fælles
996 443 78 27 Mur.
1115 443 39 27 Vi
1175 444 54 27 har
1251 443 112 28 derved

124 495 76 34 {Fig.
223 496 29 33 5)
274 495 130 26 bestemt
425 503 36 17 en
483 493 138 34 Bygning
642 492 68 26 med
732 494 34 24 10
786 491 193 27 kvadratiske
1002 490 88 34 Hum,
1120 490 68 27 med
1212 491 152 27 Ydermur

125 554 37 11 =
170 542 158 27 Skillerum
369 550 38 25 og
446 541 8 25 i
477 540 144 30 Forløbet
651 540 129 26 bestemt
810 539 56 26 ved
908 540 15 25 3
957 539 57 33 lige
1054 540 80 24 store
1170 537 194 36 Fremspring

125 598 58 25 paa
205 589 58 26 den
284 598 54 16 ene
360 588 64 26 Led
445 596 39 26 og
505 586 146 35 Delingen
675 587 24 33 1,
721 587 24 32 2,
768 587 25 32 3,
815 587 25 32 2,
865 587 10 25 1
899 595 58 24 paa
978 585 57 27 den
1058 584 97 27 anden
1177 584 72 26 Led.

204 635 45 26 En
270 635 102 26 videre
393 633 224 35 Undersøgelse
640 633 32 26 af
690 632 114 27 Planen
827 632 76 34 (Fig.
927 633 28 32 6)
981 631 104 27 skulde
1107 642 41 15 nu
1170 633 65 34 give
1258 643 32 16 os
1313 633 51 27 det

130 683 126 34 System,
277 682 155 26 hvorefter
453 680 176 27 Vinduerne
652 689 32 17 er
705 680 135 34 anbragt.
868 679 38 26 Vi
929 689 48 16 ser
999 679 47 33 da,
1067 681 31 24 at
1117 679 67 27 ide
1207 680 156 35 særskilte,

125 729 193 27 kvadratiske
341 728 78 27 Rum
451 737 31 18 er
504 727 176 26 Vinduerne
712 727 128 34 anbragt
872 727 144 32 saaledes,
1047 729 28 24 at
1107 726 53 27 der
1181 727 106 27 udefra
1310 730 53 32 set,

125 777 96 27 bliver
242 776 58 35 lige
323 778 81 24 store
420 774 91 27 Piller
533 774 116 26 overalt
670 773 182 35 (Stykkerne
864 774 42 33 b),
928 783 38 25 og
988 773 81 27 dette
1085 774 82 30 fører
1181 774 42 33 til,
1246 777 29 23 at
1291 784 73 17 naar

126 823 57 27 ved
195 823 36 27 de
244 823 191 26 kvadratiske
449 822 78 26 Rum
540 821 262 35 Murtykkelserne
818 821 107 34 skydes
940 820 52 26 ind
1008 830 71 17 over
1093 821 161 35 hinanden,
1270 822 94 26 bliver

125 870 59 28 den
199 869 229 35 indadgaaende
441 868 192 34 Hjørnepille
645 867 228 35 Murtykkelsen
886 866 115 27 mindre
1014 866 58 27 end
1085 866 35 27 de
1134 867 101 27 andre.
1258 867 104 27 Denne

128 918 17 25 A
146 917 9 16 r
158 917 300 34 induesanbringelse
480 916 38 25 vil
539 916 28 25 vi
593 915 121 26 kassere
737 924 63 17 som
821 914 112 35 ganske
955 913 180 35 umetodisk,
1166 914 43 26 thi
1232 914 57 27 den
1311 915 52 26 har

129 974 57 24 paa
207 964 106 26 Grund
346 964 31 26 af
404 964 62 26 sine
497 963 58 34 lige
587 965 81 24 store
691 962 90 26 Piller
811 963 9 25 i
851 962 87 26 hvert
967 962 100 26 enkelt
1088 961 175 27 kvadratisk
1285 961 78 26 Rum

128 1011 140 27 dobbelte
292 1010 89 27 Piller
411 1011 75 25 hvor
510 1009 165 27 Rummene
707 1009 104 30 støder
842 1018 141 24 sammen,
1015 1018 37 25 og
1081 1009 94 26 altsaa
1202 1008 67 27 ikke
1291 1009 57 26 fort-

127 1058 129 31 løbende
278 1058 62 34 Fag
362 1057 143 35 (jævnfør
525 1056 63 35 Fig.
609 1058 39 33 4).

201 1105 39 26 Et
261 1105 159 33 Eksempel
441 1113 57 25 paa
520 1104 35 26 de
578 1107 31 23 to
630 1104 109 34 rigtige
762 1103 124 26 Former
906 1103 47 26 for
976 1103 169 34 Løsninger
1167 1111 30 18 er
1220 1103 57 26 vist
1299 1102 62 36 Fig.

125 1155 26 31 5,
184 1154 121 24 venstre
336 1151 129 26 Halvdel
496 1152 79 24 viser
607 1150 145 35 Opgaven
782 1150 104 29 udført
920 1159 62 17 som
1015 1149 226 35 Søjlebygning,
1275 1150 87 34 højre

128 1198 129 27 Halvdel
287 1208 62 17 som
371 1197 219 35 Pillebygning,
621 1197 75 26 hvor
721 1197 293 35 Underfagdelingen
1038 1206 31 17 er
1091 1197 129 26 bestemt
1241 1207 63 16 som
1326 1206 36 17 en

125 1246 149 34 4-Deling.
315 1245 37 26 Vi
385 1245 53 27 har
469 1245 82 34 valgt
571 1244 192 35 4-Delingen,
793 1244 64 27 blot
878 1244 77 26 fordi
978 1244 142 26 Arkitekt
1141 1243 125 35 Dyggve
1287 1245 7 25 i
1319 1245 44 25 sin

129 1292 261 28 Rekonstruktion
412 1292 75 35 (Fig.
505 1294 28 31 6)
556 1292 53 26 har
630 1291 83 34 valgt
735 1291 97 27 denne
854 1291 218 34 Underdeling,
1094 1299 67 18 men
1184 1291 48 26 det
1255 1291 78 26 vilde
1354 1292 9 25 i

127 1350 38 25 og
196 1341 46 26 for
273 1341 44 33 sig
348 1349 80 18 være
459 1341 153 33 rigtigere,
645 1339 37 27 da
703 1339 193 26 Vinduernes
919 1338 113 26 Midter
1060 1348 31 17 er
1113 1339 129 26 bestemt
1263 1338 31 26 af
1314 1338 50 27 det

124 1388 80 26 store
226 1387 120 34 Forløb,
374 1396 50 17 saa
445 1387 63 26 blot
529 1390 31 23 at
580 1386 123 26 fastslaa
724 1396 36 16 en
782 1386 149 34 passende
953 1385 264 34 Vinduesbredde,
1246 1386 41 25 thi
1310 1385 53 27 der

126 1444 33 17 er
186 1436 79 25 intet
292 1435 9 24 i
331 1433 51 28 det
404 1437 80 23 store
506 1433 127 31 Forløbs
657 1434 35 33 1-,
715 1434 27 25 2-
765 1442 37 26 og
824 1432 149 35 3-Deling,
1005 1442 62 17 som
1089 1433 165 33 berettiger
1277 1442 31 17 os
1330 1433 33 25 til

129 1484 29 24 at
181 1482 90 26 slutte
294 1482 32 24 til
350 1491 36 17 en
407 1480 248 35 4-Underdeling.

201 1528 39 26 Vi
262 1529 61 27 skal
346 1529 76 26 efter
451 1528 82 27 dette
555 1537 186 25 gennemgaa
764 1527 140 27 Arkitekt
925 1527 140 35 Dyggves
1089 1526 167 35 Opfattelse
1287 1526 76 35 (Fig.

126 1577 40 33 6),
187 1576 64 26 idet
271 1577 28 25 vi
320 1576 93 34 tillige
435 1576 139 26 henviser
596 1576 32 24 til
645 1574 272 35 Reproduktionen
940 1574 31 26 af
992 1574 58 26 den
1066 1574 143 34 originale
1227 1573 137 35 Tegning

126 1624 8 25 i
158 1623 89 26 Arch.
260 1622 86 34 XXI,
370 1623 41 26 16.
444 1622 125 34 Dyggve
592 1632 33 17 er
646 1623 31 24 til
701 1632 36 16 en
759 1621 63 27 hvis
846 1621 81 26 Grad
950 1621 63 26 klar
1037 1630 81 24 over,
1140 1622 30 25 at
1192 1620 172 27 Problemet

126 1679 32 17 er
180 1670 36 26 de
237 1669 192 27 kvadratiske
446 1669 88 34 Rum,
555 1678 66 18 men
643 1669 59 26 han
724 1675 130 28 opsøger
876 1668 110 26 aldeles
1007 1668 68 26 ikke
1098 1668 55 26 den
1175 1667 188 35 almindelige

129 1715 143 36 Løsning.
305 1715 69 27 Han
396 1725 72 25 gaar
489 1715 145 27 ekstatisk
656 1715 93 26 rundt
771 1725 45 16 om
840 1715 100 26 Huset
960 1715 68 26 med
1050 1716 44 25 sin
1112 1714 193 27 Tommestok
1327 1724 37 25 og

128 1764 144 34 opdager,
304 1766 29 23 at
365 1763 82 26 dette
470 1762 79 26 Maal
580 1772 31 17 er
643 1762 123 27 dobbelt
793 1772 50 16 saa
865 1764 78 24 stort
965 1771 61 17 som
1049 1762 73 33 hint,
1155 1771 37 25 og
1214 1761 82 27 dette
1319 1765 43 23 tre

126 1810 105 35 Gange
254 1820 50 17 saa
326 1812 85 24 stort.
452 1809 71 27 Men
544 1809 150 35 pludselig
715 1818 31 17 er
769 1809 52 26 der
843 1812 101 31 noget,
967 1809 53 26 der
1040 1809 67 26 ikke
1131 1811 149 31 stemmer,
1311 1809 53 26 der

127 1867 31 17 er
190 1856 101 28 blevet
321 1866 41 17 ca.
480 1856 47 26 for
557 1858 108 32 meget,
698 1856 88 26 nuvel
808 1865 50 17 saa
879 1855 166 34 indlægges
1068 1856 36 26 de
1201 1865 58 24 paa
1279 1856 85 35 langs

125 1905 139 34 igennem
285 1903 119 27 Midten
430 1903 31 26 af
478 1903 100 26 Huset
605 1912 37 25 og
668 1902 102 27 kaldes
793 1912 16 17 a
830 1902 75 34 (Fig.
929 1903 38 33 6),
1000 1912 37 25 og
1064 1903 37 26 da
1124 1903 51 26 det
1195 1903 168 35 yderligere

127 1953 78 25 viser
227 1952 53 33 sig,
306 1954 29 23 at
433 1960 31 17 er
494 1967 26 1 ~
552 1950 31 26 af
600 1952 17 24 4
633 1949 86 34 Alen,
742 1959 50 17 saa
813 1950 139 26 afstribes
974 1949 100 28 Huset
1094 1950 68 26 med
1185 1954 28 23 et
1237 1952 10 24 1
1272 1950 92 27 Alens

126 1998 61 27 Net
208 2007 58 25 paa
286 1998 92 34 kryds
401 2007 37 25 og
459 2000 101 31 tværs,
590 1997 128 26 foruden
741 1997 50 26 det
813 2007 58 25 paa
891 1999 17 24 4
929 1997 86 26 Alen.
1056 1997 61 28 Det
1138 2007 103 25 passer
1263 2007 50 17 saa
1335 2000 31 25 at

127 2046 61 33 sige
209 2046 91 33 ingen
323 2044 117 35 Steder,
462 2054 67 17 men
551 2044 164 28 udnævnes
738 2045 59 35 dog
819 2046 32 25 til
873 2044 221 36 Underdeling!

200 2091 49 27 Nu
278 2092 56 26 ved
361 2092 51 34 jeg
440 2094 99 32 meget
568 2092 82 34 godt,
682 2094 30 24 at
734 2092 50 27 det
807 2101 31 18 er
860 2101 37 18 en
919 2093 31 25 af
967 2092 142 27 Arkitekt
1130 2092 141 35 Dyggves
1294 2092 53 27 For-

128 2139 147 34 tjenester
297 2138 87 36 Gang
404 2148 58 25 j3aa
484 2139 87 34 Gang
593 2141 30 24 at
643 2139 75 27 have
741 2139 139 30 fremført
902 2140 151 34 Begrebet
1073 2139 218 35 Underdeling,
1322 2140 40 26 thi

127 2185 113 27 derved
272 2186 52 26 har
354 2186 59 26 han
445 2186 124 34 ligesom
601 2186 93 27 slaaet
716 2186 59 26 Bro
806 2186 44 26 fra
872 2186 52 27 det
945 2186 188 34 almindelige
1156 2187 208 34 systematiske

126 2232 105 35 Vrøvl,
263 2242 62 17 som
353 2234 121 26 bestaar
499 2234 8 24 i
530 2242 36 17 en
588 2234 43 25 vis
652 2232 158 28 kildrende
833 2233 289 34 Arkitekturglæde,
1152 2234 155 35 hvergang
1329 2244 35 17 en

127 2279 146 28 Skorsten
302 2290 31 17 er
353 2296 28 2 ~
410 2281 8 25 i
442 2280 141 27 Bredden
605 2281 37 33 af,
664 2280 79 27 hvad
766 2290 36 17 en
819 2280 144 31 Gadedør
985 2290 32 17 er
1037 2282 9 25 i
1061 2281 124 35 Højden
1265 2291 71 17 over
1356 2283 7 24 i

127 2327 52 27 det
209 2328 167 26 metodiske
398 2328 68 33 Net,
496 2328 31 34 ja
558 2328 58 26 han
643 2328 55 26 har
719 2328 125 34 virkelig
865 2328 68 27 med
956 2328 220 30 Fremførelsen
1200 2329 32 26 af
1249 2329 96 27 Under-

127 2374 139 35 delingen
288 2376 69 33 søgt
379 2378 29 23 at
429 2375 123 26 fastslaa
573 2385 36 16 en
632 2375 170 35 almindelig
825 2375 73 29 Lov,
925 2385 67 17 men
1014 2376 52 26 det
1088 2376 100 34 tjener
1211 2376 64 26 ham
1298 2376 66 26 ikke

126 2422 31 25 til
180 2422 80 30 Ære,
292 2424 30 24 at
350 2422 59 26 han
438 2422 90 31 kører
550 2432 36 16 en
608 2422 208 35 Underdeling
836 2423 138 34 igennem
997 2432 57 24 paa
1077 2422 87 27 Store
1187 2423 178 35 Mariendal,

127 2478 63 17 som
216 2471 7 24 i
249 2468 89 35 Følge
362 2470 62 25 sine
446 2468 212 35 Pilledelinger
690 2470 51 33 (og
762 2469 150 34 forøvrigt
934 2479 91 25 ogsaa
1045 2471 8 24 i
1077 2469 90 36 Følge
1191 2470 35 26 de
1249 2470 31 26 af
1298 2471 66 26 ham

127 2516 63 26 selv
210 2515 215 27 konstaterede
448 2518 80 24 store
550 2515 195 28 Variationer
766 2517 6 25 i
796 2516 287 36 Vinduesmaalene)
1107 2516 104 35 aldrig
1232 2517 60 26 har
1312 2518 53 34 ejet

125 2562 87 34 noget
242 2560 281 37 Underdelingsnet,
555 2573 38 25 og
625 2563 50 27 det
706 2573 32 17 er
769 2563 167 35 yderligere
969 2564 197 34 graverende,
1197 2565 77 26 fordi
1306 2565 59 26 han

125 2610 66 27 ikke
215 2620 117 25 engang
353 2610 54 27 har
428 2611 97 26 klaret
539 2610 297 35 Hoveddelingerne,
858 2620 68 17 men
946 2611 54 26 har
1021 2614 127 24 maattet
1169 2613 82 33 gribe
1274 2613 33 25 til
1329 2612 35 27 de

230 2658 66 27 Hør
325 2657 145 35 engang!:
508 2657 27 33 „I
568 2660 65 24 vest
656 2667 37 25 og
715 2660 47 28 øst
790 2658 164 34 indskydes
977 2668 16 16 a
1014 2658 46 26 for
1082 2661 30 24 at
1133 2660 66 33 give
1221 2659 126 27 siderum-

127 2714 84 17 mene
233 2705 136 34 praktisk
390 2708 83 32 taget
494 2705 175 26 kvadratisk
691 2705 85 33 form,
799 2714 37 25 og
858 2705 217 35 udbygningen
1096 2707 112 33 vægtig

202 2751 40 26 Er
274 2752 50 26 det
355 2761 41 16 nu
418 2751 96 34 Philip
538 2752 111 35 Lange,
683 2752 90 26 deri
809 2753 70 25 1759
910 2752 133 30 ønskede
1065 2752 222 35 Udbygningen
1312 2763 52 24 „en

127 2800 111 33 vægtig
461 2798 68 36 Nej,
562 2799 51 26 det
635 2808 31 17 er
691 2799 141 35 Dyggves
856 2799 202 34 Tommestok,
1091 2799 53 27 der
1174 2800 54 26 har
1259 2801 107 27 fundet

128 2855 57 24 paa
207 2845 58 27 det.

204 2892 44 35 Og
276 2893 81 26 dette
380 2893 166 34 Materiale,
577 2903 62 16 som
662 2893 96 35 aldrig
780 2894 95 26 burde
897 2903 79 18 være
1000 2893 227 37 offentliggjort,
1256 2905 91 17 anven-

127 2940 54 26 der
202 2949 68 17 man
292 2949 50 17 saa
373 2939 46 34 (O.
445 2939 176 27 Valentiner
643 2939 89 27 Arch.
755 2939 87 34 XXI,
865 2940 46 34 18)
941 2940 33 25 til
996 2943 29 23 at
1048 2941 71 33 vise,
1151 2943 30 24 at
1203 2941 35 27 de
1260 2942 105 34 gamle,

127 2996 63 17 som
219 2987 32 34 jo
282 2996 54 17 var
367 2989 80 24 store
471 2986 244 35 Systematikere,
745 2987 68 26 ikke
845 2987 152 26 betænkte
1027 2989 44 33 sig
1097 2997 57 25 paa
1176 2990 30 24 at
1227 2988 79 34 fylde
1329 2998 36 17 en

127 3033 178 27 Haandfuld
336 3033 139 27 Tommer
506 3036 8 23 i
545 3034 147 27 Hullerne
723 3034 60 26 hist
814 3043 37 25 og
882 3034 53 26 her
966 3034 46 26 for
1044 3034 197 31 Skønhedens
1265 3035 100 35 Skyld.

127 3081 108 34 Logik:
277 3080 44 27 De
355 3081 94 35 gamle
473 3081 232 34 Systematikere
736 3090 52 17 var
811 3083 90 31 store,
934 3081 35 26 de
992 3083 262 33 systematiserede
1277 3083 89 34 skidt,

127 3137 72 25 ergo
223 3137 30 17 er
277 3127 180 34 Systematik
479 3130 92 33 noget
594 3128 95 26 Skidt.
731 3128 135 35 Logiken
889 3137 37 26 og
948 3128 190 35 Grundlaget
1160 3138 102 18 svarer
1283 3133 84 31 pænt

129 3184 140 17 sammen.

199 3241 276 32 Konklusionen
503 3253 36 20 er
567 3243 44 30 da
639 3243 132 32 denne:
807 3244 355 32 Rekonstruktørens
1189 3245 153 31 alminde-

131 3298 98 40 ligste
257 3298 71 40 Fejl
358 3309 35 21 er
419 3299 82 33 den,
543 3304 33 26 at
604 3300 71 31 han
706 3301 183 31 anvender
916 3302 311 30 Tommestokken
1254 3302 10 30 i
1293 3302 54 31 Ste-

129 3355 58 31 det
214 3356 54 30 for
296 3356 173 31 Hovedet.
517 3356 77 31 Vær
621 3357 86 30 altid
736 3357 251 32 mistænksom
1018 3358 141 31 overfor
1185 3359 43 30 de
1256 3359 106 34 Maal,

129 3412 61 31 der
216 3422 134 31 passer,
378 3412 51 31 thi
450 3412 554 43 Sandsynlighedsberegningen
1033 3415 99 30 lærer
1159 3425 50 27 os,
1240 3419 34 27 at
1296 3426 68 31 paa

129 3469 66 30 alle
224 3468 204 32 Genstande
456 3470 71 30 kan
555 3470 62 30 der
644 3471 125 40 lægges
797 3474 33 28 et
857 3472 140 40 System
1111 3481 42 31 og
1180 3472 108 40 husk,
1330 3476 34 28 at

131 3525 457 32 Uoverensstemmelserne
628 3526 8 31 i
673 3527 291 41 Almindelighed
1005 3531 107 38 netop
1152 3528 213 32 indeholder

129 3582 136 40 Nøglen
294 3582 37 31 til
360 3582 218 41 Løsningen.

202 3655 59 27 Det
289 3658 80 25 staar
390 3657 60 33 mig
478 3657 87 33 klart,
597 3660 31 24 at
649 3657 35 27 de
706 3660 32 24 to
760 3661 80 24 s.tore
865 3658 78 27 Rum
965 3658 56 27 ved
1045 3658 42 27 St.
1110 3658 169 27 Mariendal
1299 3659 67 27 ikke

1422 218 32 17 er
1474 208 62 26 helt
1557 206 193 28 kvadratiske
1773 206 75 27 efter
1870 206 32 26 E.
1925 205 140 35 Dyggves
2089 204 178 35 Opmaaling
2288 213 37 26 og
2347 203 259 27 Rekonstruktion

1421 265 54 17 var
1496 255 36 26 de
1555 255 60 33 det,
1637 256 111 25 maatte
1771 253 141 27 Arkitekt
1926 252 126 35 Dyggve
2073 251 150 35 indlægge
2246 254 30 25 et
2298 251 93 27 Bælte
2414 253 161 32 paatværs,
2597 260 63 17 som

1422 303 58 26 han
1501 303 54 25 har
1577 302 82 35 gjort
1681 300 50 28 det
1753 301 154 34 paalangs,
1938 309 66 17 men
2026 300 76 26 hvor
2123 308 107 26 megen
2252 298 182 35 Betydning,
2465 307 68 17 man
2555 298 39 25 vil
2615 298 34 26 til-

1421 349 96 35 lægge
1540 348 97 27 denne
1660 348 73 35 Fejl,
1756 357 31 18 er
1809 357 37 17 en
1869 347 154 36 Skønssag
2044 347 65 34 (det
2129 347 59 26 kan
2210 345 128 28 foruden
2361 345 57 27 den
2440 345 220 35 Tillæmpning,

1423 405 63 17 som
1508 395 73 26 altid
1610 395 97 34 følger
1728 394 66 27 med
1818 404 36 17 en
1877 394 271 33 Rekonstruktion,
2180 403 79 17 være
2281 392 285 27 Haandværkernes
2589 392 71 35 Feil,

1422 442 154 34 praktiske
1599 441 124 28 Grunde
1746 443 79 33 etc.).
1867 441 41 26 Er
1936 441 51 27 det
2007 441 120 27 bevidst
2150 441 31 26 af
2199 440 97 34 Philip
2320 440 112 34 Lange,
2465 442 29 24 at
2517 439 125 35 Sidebyg-

1421 491 146 33 ningerne
1590 489 105 26 skulde
1716 489 74 26 have
1815 490 128 34 „vægtig
2126 488 122 26 medens
2263 487 271 34 Midtebygningen
2549 490 110 23 maatte

1422 537 87 34 nøjes
1531 536 68 26 med
1630 535 58 27 den
1709 536 140 34 fattigere
1872 536 129 34 Bredde,
2034 545 62 17 som
2120 535 150 35 Systemet
2292 544 57 25 gav
2371 534 58 27 den
2504 534 32 34 ja
2558 544 50 17 saa
2629 544 31 16 er

1423 583 51 27 det
1494 583 65 27 hele
1582 582 106 35 Vrøvl,
1710 592 38 25 og
1769 582 98 35 Philip
1889 583 103 34 Lange
2013 583 54 27 har
2088 582 67 27 ikke
2177 584 93 33 noget
2291 582 67 26 med
2380 581 123 27 Metode
2526 584 30 24 at
2578 587 80 29 gøre.

1422 630 39 26 Vi
1483 630 62 27 skal
1573 630 54 27 her
1647 629 115 35 indføje
1784 630 224 35 Motiveringen
2029 631 55 33 for,
2116 632 31 25 at
2168 631 28 25 vi
2218 632 77 25 satte
2317 629 174 27 Problemet
2512 629 33 26 til
2568 629 35 26 de
2627 631 33 24 10

1422 677 193 27 kvadratiske
1636 676 87 35 Rum,
1754 677 110 34 nemlig
1895 677 92 33 dette,
2018 681 31 23 at
2080 678 46 26 det
2156 678 78 26 store
2255 677 110 27 Forlob
2389 684 28 18 o:
2441 676 35 27 de
2498 677 58 34 lige
2579 678 80 25 store

1423 724 195 35 Fremspring
1638 725 10 25 i
1663 724 253 35 Tværretningen
1938 734 37 25 og
1999 726 35 32 1-,
2051 726 37 32 2-,
2104 726 37 33 3-,
2157 726 37 30 2-,
2212 724 178 34 1-Delingen
2406 724 153 34 paalangs,
2582 725 78 26 viser

1421 771 193 27 kvadratiske
1637 771 89 33 Rum,
1748 771 50 27 det
1820 781 31 17 er
1873 772 77 30 først
1969 773 7 24 i
1999 771 244 35 Underdelingen
2266 780 27 18 o:
2316 773 8 25 i
2340 770 320 35 Dimensioneringen,

1423 822 29 24 at
1484 818 383 28 Uoverensstemmelserne
1899 818 58 27 kan
1989 823 114 30 opstaa.
2145 818 111 28 Derom
2283 829 32 17 er
2343 820 27 25 vi
2403 820 94 33 enige,
2530 828 38 25 og
2598 819 59 26 kun

1423 866 82 27 dette
1527 865 208 35 begrænsede,
1762 868 30 24 at
1813 865 51 27 det
1887 868 81 24 store
1990 865 110 31 Forløb
2123 867 78 26 viser
2222 866 192 27 kvadratiske
2437 866 87 34 Rum,
2551 866 58 27 kan
2632 867 25 25 vi

1421 913 169 30 indrømme
1613 912 142 27 Arkitekt
1775 912 135 35 Dyggve,
1943 922 31 17 er
2008 913 191 34 „indlysende
2230 914 7 24 i
2267 915 43 33 sig
2457 914 65 26 hele
2545 912 113 28 Resten

1422 970 66 16 maa
1510 961 26 24 vi
1559 969 76 25 pure
1658 960 101 26 afvise.
1801 960 59 26 For
1881 970 40 15 nu
1942 960 163 27 imidlertid
2127 960 67 27 ikke
2217 963 29 24 at
2267 961 165 33 forplumre
2456 961 108 35 Sagen,
2596 970 61 17 som

1421 1007 47 26 for
1491 1016 31 17 os
1545 1016 31 17 er
1599 1006 49 27 det
1671 1007 175 34 afgørende,
1868 1007 56 27 ved
1947 1011 30 22 at
1999 1007 91 34 drage
2114 1006 96 35 Philip
2227 1008 116 35 Langes
2366 1008 109 34 mulige
2491 1008 167 35 Meninger,

1423 1054 239 27 Fornemmelser
1695 1063 38 26 og
1754 1055 186 26 Anskuelser
1969 1055 52 26 ind
2049 1055 72 33 deri,
2154 1064 49 17 saa
2224 1055 119 27 tillader
2364 1057 28 24 vi
2415 1065 31 17 os
2469 1059 29 23 at
2518 1056 66 26 lade
2609 1055 49 27 det

1421 1100 162 28 historiske
1615 1110 38 25 og
1674 1100 97 35 Philip
1794 1102 112 34 Lange,
1938 1111 63 17 som
2032 1102 77 27 efter
2141 1102 81 26 dette
2248 1102 86 27 korte
2361 1103 208 27 Bekendtskab
2591 1103 66 27 ikke

1420 1149 200 26 interesserer
1649 1158 31 17 os
1708 1149 242 33 overvældende,
1980 1149 78 26 hvile
2081 1158 38 25 og
2140 1149 94 26 stiller
2256 1150 110 34 ganske
2389 1151 118 33 simpelt
2530 1151 109 35 Bygnin-

1421 1205 58 25 gen
1501 1195 61 35 Fig.
1585 1197 16 25 5
1624 1205 37 24 op
1683 1196 79 26 imod
1787 1196 175 35 Bygningen
1987 1196 61 35 Fig.
2072 1198 15 24 6
2116 1205 37 26 og
2184 1196 93 26 beder
2298 1196 203 28 Æstetikerne
2523 1206 134 26 paapege

1423 1252 37 17 en
1482 1246 101 23 eneste
1608 1242 64 36 Fejl
1694 1243 72 27 eller
1782 1243 233 34 Skønhedsplet,
2037 1253 63 16 som
2123 1243 104 27 skulde
2250 1250 71 28 gøre
2345 1243 58 28 den
2423 1244 94 30 første
2538 1246 118 33 ringere

1423 1290 58 26 end
1510 1290 58 27 den
1590 1290 101 33 sidste,
1721 1290 31 35 ja
1773 1291 28 25 vi
1823 1290 120 33 haaber,
1975 1295 30 21 at
2027 1290 35 26 de
2084 1291 40 25 vil
2145 1290 171 27 anerkende
2340 1290 57 27 den
2418 1291 93 30 første
2535 1301 62 17 som
2619 1292 26 26 af-

1423 1337 134 35 gørende
1581 1337 103 27 bedre.
1726 1339 40 24 At
1788 1337 56 27 den
1867 1337 67 27 ikke
1957 1347 31 17 er
2011 1337 101 26 endnu
2133 1337 92 27 bedre
2248 1337 118 35 skyldes
2389 1337 221 35 Barnligheden
2632 1339 29 26 af

1423 1384 51 26 det
1495 1384 149 34 Problem,
1676 1384 45 26 fra
1749 1384 113 27 hvilket
1891 1386 27 24 vi
1947 1387 111 24 maatte
2081 1394 55 25 gaa
2158 1384 52 26 ud:
2255 1384 242 35 Fremstillingen
2518 1384 31 27 af
2568 1385 35 26 de
2629 1387 30 24 10

1422 1431 193 27 kvadratiske
1639 1431 85 28 Rum.

2021 1556 41 30 II

1727 1622 95 31 DEN
1852 1622 126 30 RENE
2006 1622 358 33 SØJLEBYGNING

1496 1726 131 33 Maalet
1660 1726 80 30 med
1776 1725 95 32 disse
1900 1727 271 41 Betragtninger
2203 1727 65 30 har
2294 1727 173 41 foreløbig
2494 1731 107 27 været
2629 1730 33 27 at

1423 1784 147 42 paavise
1599 1783 298 41 Midtedelingens
1918 1785 105 40 Nytte
2051 1793 42 31 og
2119 1783 300 42 Nødvendighed,
2449 1787 34 27 at
2510 1783 151 32 adskille

1425 1841 220 41 Begreberne
1675 1840 107 32 Plads
1809 1849 42 33 og
1879 1840 120 32 Form.
2054 1841 65 31 Det
2154 1841 66 30 har
2245 1840 112 32 altsaa
2386 1840 110 42 drejet
2523 1840 50 42 sig
2601 1851 57 21 om

1428 1898 297 36 Definitionerne,
1754 1908 58 20 om
1834 1898 94 31 selve
1949 1896 341 42 Grundopfattelsen
2312 1896 37 31 af
2366 1897 171 41 Tingene.
2580 1897 60 32 Saa-

1424 1955 96 30 ledes
1553 1954 115 31 skulle
1700 1954 33 31 vi
1762 1954 134 41 opfatte
1924 1954 66 30 alle
2018 1954 104 40 Ting,
2161 1963 41 21 en
2232 1954 195 41 Urtepotte,
2465 1964 44 21 en
2538 1954 102 41 Lygte-

1425 2011 79 41 pæl,
1544 2014 32 27 et
1604 2011 89 30 Træ.
1737 2011 148 38 (Træets
1914 2009 115 42 Højde
2056 2019 125 32 regnes
2208 2010 37 31 til
2276 2010 135 31 Midten
2441 2011 37 30 af
2502 2011 156 38 Kronen,

1425 2067 184 31 Træernes
1636 2067 151 31 Afstand
1820 2066 157 31 imellem
2007 2066 135 31 Midten
2175 2067 37 30 af
2236 2067 196 38 Kronerne,
2472 2067 186 31 Stammen

1425 2134 35 20 er
1487 2134 43 20 en
1559 2122 332 33 Underdimension
1919 2123 38 30 af
1980 2123 157 39 Kronen,
2168 2123 287 41 Underdelingen
2486 2134 36 20 er
2549 2124 111 31 altsaa

1425 2181 73 35 her,
1540 2190 79 21 som
1660 2179 98 39 altid,
1799 2180 58 30 det
1896 2180 178 31 bærende.
2140 2178 266 43 (Sammenlign
2447 2180 147 32 Charles
2635 2181 24 30 I.

1427 2237 131 38 Schou,
1589 2236 415 41 Banegaardsterrænets
2032 2236 217 41 Bebyggelse
2277 2237 104 31 Arch.
2411 2237 75 37 XX,
2516 2238 55 39 36,
2605 2237 57 31 det

1425 2293 243 40 meningsløse
1706 2293 22 38 i,
1766 2296 35 28 at
1837 2296 105 37 noget
1978 2303 62 21 saa
2077 2293 244 31 udefinerbart
2349 2304 75 20 som
2458 2294 203 31 »Træernes

1425 2350 252 41 Væksthøjde«
1700 2359 101 31 gøres
1822 2349 35 31 til
1880 2349 183 31 Genstand
2084 2350 52 31 for
2155 2348 506 45 Arkitekturbetragtninger.)

1426 2408 42 30 Et
1510 2407 120 41 typisk
1672 2407 193 41 Eksempel
1906 2417 36 20 er
1980 2406 68 31 den
2089 2407 198 40 hængende
2329 2408 208 40 Buelampe,
2582 2406 80 32 hvis

1427 2463 115 41 Højde
1580 2464 74 30 kun
1694 2463 71 31 kan
1804 2463 218 32 bestemmes
2049 2463 172 42 entydigt,
2260 2474 88 21 naar
2375 2464 68 31 den
2470 2473 126 32 regnes
2624 2463 37 31 til

1425 2521 160 40 Kuplens
1614 2520 182 32 Centrum.
1851 2520 140 41 Kuplen
2027 2530 35 21 er
2096 2523 89 28 atter
2218 2521 170 41 ophængt
2422 2520 8 31 i
2464 2531 43 21 en
2538 2521 104 31 Behol-

1425 2576 72 40 der,
1536 2587 79 20 som
1653 2587 35 21 er
1724 2587 44 21 en
1804 2576 334 32 Underdimension
2175 2577 38 31 af
2245 2578 152 40 Kuplen,
2437 2578 224 31 Beholderen

1427 2634 144 40 hænger
1596 2633 10 30 i
1634 2634 169 36 Trossen,
1833 2643 77 21 som
1940 2637 89 27 atter
2055 2643 35 21 er
2117 2643 40 20 en
2190 2634 342 31 Underdimension.
2581 2634 61 31 Saa-

1425 2690 96 31 ledes
1559 2691 92 30 løses
1689 2690 267 41 Spørgsmaalet
1992 2700 59 20 om
2089 2689 170 32 Grænsen
2298 2690 142 31 mellem
2475 2690 187 41 Tyskland

1425 2756 42 31 og
1496 2747 188 30 Danmark
1710 2757 35 21 o:
1776 2757 77 21 som
1892 2757 41 20 en
1963 2747 107 42 Linje,
2109 2746 231 41 derigennem
2380 2747 90 31 hvor
2505 2747 82 42 tysk
2621 2756 41 32 og

1425 2803 117 31 dansk
1571 2807 96 27 staar
1694 2802 82 43 50°/
1797 2802 20 43 o
1838 2802 61 43 mod
1927 2802 69 43 50°/
1996 2802 35 43 o,
2067 2803 93 31 dette
2187 2813 36 21 er
2250 2803 189 31 Grænsens
2469 2804 105 31 Plads
2580 2830 5 13 ,
2620 2813 42 31 og

1425 2869 78 21 som
1533 2870 42 20 en
1604 2860 131 31 Bredde
1764 2860 37 31 til
1827 2860 82 31 huer
1928 2860 77 31 Side
2033 2860 51 31 fra
2113 2860 141 40 Linjen,
2284 2860 54 31 for
2365 2861 193 41 Eksempel
2587 2861 57 30 ind-

1425 2916 36 30 til
1499 2916 42 31 de
1578 2916 211 42 reciprokke
1822 2916 159 31 Forhold
2018 2926 37 21 er
2090 2917 43 31 25
2149 2916 43 43 °/o
2231 2927 32 21 c:
2303 2917 79 31 skal
2419 2917 116 31 anden
2566 2918 96 30 Zone

1426 2972 368 32 internationaliseres
1832 2983 82 21 maa
1950 2973 107 31 første
2085 2975 123 38 ogsaa!
2329 2984 31 21 o.
2390 2984 89 20 s.v.
2510 2984 31 21 o.
2571 2985 89 20 s.v.

1427 3029 126 31 Denne
1581 3030 248 41 Opfattettelse
1857 3029 141 31 berører
2025 3029 83 31 ikke
2136 3030 180 41 Tingenes
2344 3031 298 42 Forholdsmæssig-

1425 3086 74 38 hed,
1541 3097 80 20 men
1660 3086 205 42 analyserer
1902 3086 74 31 kun
2012 3086 100 31 deres
2149 3087 105 31 Plads
2290 3096 41 32 og
2364 3088 120 37 Form,
2525 3097 62 31 gør
2624 3098 38 20 os

1425 3142 58 31 det
1510 3143 128 41 muligt
1665 3146 35 27 at
1726 3143 132 41 opfatte
1891 3143 94 30 dem.
2038 3143 104 32 Først
2169 3154 89 21 naar
2284 3143 33 31 vi
2345 3143 147 42 angiver
2519 3145 118 30 harmo-

1427 3199 102 31 niske
1558 3199 124 41 Regler
1715 3199 53 31 for
1796 3200 264 30 Fastsættelsen
2093 3200 38 30 af
2163 3201 107 30 Plads
2303 3210 42 31 og
2373 3201 106 31 Form
2519 3201 86 30 efter
2631 3204 32 27 et

1424 3255 152 32 bestemt
1612 3256 156 41 Princip,
1804 3256 226 41 beskæftiger
2065 3257 33 31 vi
2136 3267 39 21 os
2212 3257 81 31 med
2322 3257 318 41 Forholdsmæssig-

1425 3312 128 32 heden.

1496 3369 41 30 Vi
1578 3370 64 30 har
1681 3370 112 31 altsaa
1832 3374 168 38 opnaaet,
2042 3375 34 27 at
2114 3371 35 32 vi
2185 3371 73 31 kan
2296 3371 117 30 maale
2450 3379 42 32 og
2530 3370 133 41 opfatte

1425 3425 172 42 Tingene,
1639 3436 82 21 men
1760 3426 33 31 vi
1830 3427 66 31 har
1932 3427 79 41 igen
2049 3431 34 27 at
2110 3427 159 42 paavise,
2310 3427 191 31 hvorledes
2528 3426 35 31 vi
2591 3427 72 30 kan

1425 3492 118 31 opnaa
1564 3483 130 30 Enhed
1721 3491 43 32 og
1788 3484 177 30 Harmoni
1993 3494 84 22 over
2104 3484 69 40 det,
2203 3484 33 31 vi
2265 3484 135 31 maaler
2427 3493 42 31 og
2497 3485 164 41 opfatter,

1425 3538 82 32 med
1544 3537 112 33 andre
1691 3538 87 42 Ord,
1818 3539 222 32 Indførelsen
2079 3541 38 30 af
2150 3540 323 42 Ordensbegrebet,
2512 3542 58 30 det
2606 3541 38 31 be-

1426 3598 126 28 stemte
1573 3595 158 43 Princip,
1761 3606 81 21 men
1871 3597 33 30 vi
1931 3606 63 31 gør
2020 3598 117 31 straks
2165 3599 245 40 opmærksom
2439 3608 80 31 paa,
2550 3603 34 26 at
2606 3598 57 31 det

1427 3652 172 31 bestemte
1621 3652 143 42 Princip
1794 3654 199 40 paalægger
2020 3664 38 21 os
2086 3664 42 21 en
2151 3654 102 40 Pligt,
2281 3655 254 31 indskrænker
2561 3665 102 22 vores
