2964 4102
1023 307 135 67 LE
1229 307 275 67 MOIS

2342 328 154 68 959

76 470 98 80 plus
222 459 65 57 de
319 451 208 61 mérite
579 473 114 58 que
748 452 53 56 le
834 451 208 59 hasard
1097 451 71 57 de
1222 452 54 56 la
1309 454 329 56 trouvaille.
1677 454 116 56 Son
1850 454 394 77 imagination
2279 452 139 58 dans
2450 452 53 56 le

76 549 156 67 détail,
259 558 54 43 et
345 563 102 37 son
480 554 86 43 art
599 539 71 58 de
697 540 142 56 tirer
870 540 54 56 le
957 540 131 79 plus
1125 539 250 80 possible
1409 538 70 58 de
1515 540 113 57 très
1660 562 118 57 peu
1812 554 285 44 resteront
2131 540 265 78 toujours
2422 560 81 36 un

75 639 122 71 objet
245 628 576 61 d'émerveillement.
874 628 67 75 Je
976 626 422 58 recommande
1431 625 32 57 à
1496 640 93 44 cet
1637 625 178 80 égard
1848 649 115 36 une
2018 626 175 59 étude
2251 648 78 36 un
2387 648 118 57 peu

73 718 346 86 approfondie
473 717 98 55 des
625 714 386 81 symphonies
1046 715 26 56 I
1107 729 59 43 et
1200 715 108 57 IV.
1368 715 428 57 Evidemment
1853 717 40 55 il
1948 737 72 35 ne
2053 717 168 77 s'agit
2269 717 131 77 plus
2434 714 70 57 de

73 813 136 83 génie
256 804 424 83 primesautier,
716 803 147 56 mais
914 803 139 56 d'un
1102 816 86 43 art
1223 802 70 57 de
1349 823 251 59 penseur
1655 817 57 43 et
1764 803 429 69 d'esthéticien,
2229 803 137 57 d'un
2419 816 86 43 art

73 897 277 66 conscient,
386 905 198 44 savant
617 905 58 43 et
708 891 420 78 autocritique.
1166 891 202 62 Qu'on
1425 892 136 54 n'en
1608 891 219 77 jouisse
1860 912 101 57 pas
1995 892 69 56 de
2097 892 194 77 prime
2324 889 183 59 abord

72 992 106 57 c'est
207 979 247 61 entendu
486 1004 13 45 ;
553 979 181 78 qu'on
769 978 132 56 n'en
948 978 223 78 jouisse
1204 979 198 55 même
1437 978 181 79 qu'au
1665 979 136 78 prix
1834 978 70 57 de
1938 978 211 79 grands
2197 978 222 69 efforts,
2453 978 54 56 le

73 1079 116 55 beau
235 1067 264 60 malheur
534 1066 11 57 !
606 1067 175 56 Nous
834 1066 178 56 lisons
1067 1065 135 57 bien
1261 1065 98 57 des
1413 1086 289 57 ouvrages
1736 1065 70 57 de
1864 1065 396 80 philosophie,
2298 1086 77 36 ou
2409 1063 99 59 des

73 1178 220 45 sermons
324 1156 10 57 !
369 1156 79 57 Et
481 1155 465 78 appelons-nous
978 1153 247 80 pédants
1256 1155 221 77 Joseph
1512 1153 70 58 de
1618 1155 254 56 Maistre
1906 1175 79 36 ou
2019 1155 312 56 Massillon
2366 1155 19 54 ?

207 1246 63 76 Je
320 1244 119 56 vais
472 1241 123 57 dire
647 1255 131 43 tout
814 1241 70 57 de
941 1242 150 56 suite
1125 1241 98 69 ici,
1258 1240 32 57 à
1323 1263 217 57 propos
1591 1241 79 57 du
2285 1261 64 36 ce
2401 1240 106 79 qui

73 1334 346 81 s'appliquera
472 1350 214 37 encore
719 1350 72 36 au
1615 1330 188 57 Chant
2042 1329 90 57 des
2290 1331 228 76 Parques
1468 1329 254 57 demain.
1777 1330 86 56 La
1909 1327 83 59 foi
2042 1326 344 60 chrétienne
2436 1327 71 58 de

77 1423 206 59 Brahms
307 1433 83 43 est
423 1419 254 57 absolue.
706 1419 164 56 Mais
895 1419 108 56 elle
1037 1416 240 59 connaît
1300 1416 98 59 des
1431 1416 210 59 heures
1674 1418 71 56 de
1779 1416 179 58 doute
1985 1430 56 44 et
2074 1418 53 56 la
2154 1415 351 57 méditation

75 1513 72 57 des
188 1505 409 82 inexplicables
631 1504 239 58 misères
903 1504 71 58 de
1023 1507 55 54 la
1108 1507 96 55 vie
1235 1507 54 55 le
1322 1519 212 43 trouve
1566 1519 396 42 murmurant.
2000 1505 269 56 Aussitôt
2305 1526 114 57 que
2452 1504 55 56 la

75 1597 247 59 tentation
358 1594 70 57 de
460 1593 374 80 blasphemer
872 1592 363 81 l'approche,
1271 1593 147 79 qu'il
1464 1592 260 80 éprouve
1756 1594 54 55 le
1843 1592 201 57 besoin
2095 1592 70 57 de
2199 1593 219 56 clamer
2450 1611 57 37 sa

75 1686 226 66 détresse,
325 1682 145 79 qu'il
491 1683 55 56 la
573 1696 209 43 trouve
809 1679 336 59 imméritée
1172 1702 77 36 ou
1272 1678 574 81 disproportionnée,
1870 1681 41 55 il
1934 1694 234 42 recourt
2189 1700 116 35 aux
2328 1679 180 56 dieux

76 1781 178 71 païens,
288 1769 29 59 à
348 1772 53 56 la
433 1767 225 60 fatalité
692 1771 263 77 antique.
995 1768 157 57 C'est
1186 1790 116 35 aux
1671 1768 70 57 de
1774 1787 103 37 son
1911 1768 121 55 ami
2074 1768 252 76 Klinger
2359 1766 150 78 qu'il

73 1861 89 57 s'en
208 1857 260 80 prendra,
504 1872 57 42 et
595 1857 145 57 dont
776 1858 40 55 il
849 1857 125 56 dira
1006 1857 53 56 la
1092 1856 175 57 haine
1302 1856 97 57 des
1432 1856 240 57 mortels
1707 1877 76 35 ou
1837 1856 55 56 la
1925 1855 144 57 dure
2102 1852 402 58 indifférence.

76 1947 272 57 Pense-t-il
404 1945 298 80 peut-être
736 1959 134 43 tout
924 1945 381 78 simplement
1338 1965 118 36 aux
1511 1943 212 79 grands
1756 1943 71 56 de
1877 1943 54 56 la
1984 1956 168 55 terre,
2188 1941 30 57 à
2251 1956 133 42 tous
2415 1961 94 37 ces

73 2035 192 77 princes
297 2034 69 57 de
399 2046 241 66 partout
673 2032 146 57 dont
852 2032 42 56 il
927 2032 156 56 avait
1119 2053 80 57 pu
1232 2029 313 59 découvrir
1576 2032 53 55 la
1662 2029 324 58 sécheresse
2022 2029 189 57 d'âme
2248 2029 10 57 !
2315 2029 157 63 Quoi-

76 2122 114 79 qu'il
221 2143 66 35 en
320 2124 132 67 soit,
479 2121 138 59 c'est
651 2142 104 58 par
788 2140 94 37 ces
915 2119 247 80 grandes
1188 2134 260 43 cantates
1479 2119 491 80 mythologiques
1996 2116 516 81 philosophiques,

77 2229 88 57 que
193 2229 52 37 se
277 2206 104 59 fait
435 2210 54 55 la
520 2209 254 57 soudure
807 2222 164 43 entre
1004 2205 411 71 l'Université,
1449 2208 54 55 la
1538 2208 244 55 Science
1815 2205 325 57 allemande
2175 2219 56 42 et
2264 2224 104 37 son
2403 2218 105 43 art.

76 2296 88 56 Art
192 2296 431 70 d'intellectuel,
659 2316 249 60 presque
943 2295 286 70 toujours,
1263 2316 70 35 en
1370 2294 213 57 dehors
1616 2294 72 57 de
1719 2295 55 55 la
1796 2294 257 77 majeure
2086 2293 187 78 partie
2307 2291 71 58 de
2429 2310 84 39 ses

75 2383 132 57 lieder
228 2408 18 43 ;
278 2385 145 56 mais
456 2406 100 58 pas
589 2384 79 57 du
702 2398 132 43 tout
860 2397 87 43 art
980 2382 219 81 pédant
1233 2383 71 57 de
1337 2403 66 38 ce
1436 2382 126 58 fait.
1601 2384 108 56 Pas
1742 2403 116 36 une
1890 2383 232 54 minute
2158 2379 248 58 Brahms
2441 2401 72 35 ne

75 2486 110 43 veut
216 2493 142 36 nous
391 2487 264 43 montrer
687 2492 58 38 sa
777 2473 249 67 science,
1061 2492 74 36 ne
1186 2492 176 57 pense
1396 2469 29 59 à
1459 2491 147 37 nous
1638 2491 72 35 en
1743 2468 230 58 éblouir
2004 2490 11 36 :
2071 2469 291 56 n'est-elle
2413 2487 101 58 pas

76 2557 32 56 si
134 2558 271 79 profonde
439 2581 116 58 que
588 2581 84 37 ses
705 2561 155 78 pairs
891 2575 132 42 sont
1056 2561 80 54 les
1169 2561 149 56 seuls
1352 2557 31 58 à
1415 2559 54 56 la
1502 2559 257 78 pouvoir
1790 2559 328 55 sainement
2152 2553 306 81 apprécier
2489 2556 20 57 ?

77 2644 57 58 Et
162 2647 35 56 il
228 2667 54 37 se
306 2646 171 59 fâche
512 2650 44 55 si
592 2669 73 36 on
693 2661 141 43 veut
867 2648 55 56 la
955 2646 341 58 démontrer
1329 2667 74 36 au
1436 2666 309 37 commun.
1777 2646 49 56 Il
1849 2658 82 44 est
1958 2657 220 55 savant,
2202 2643 137 57 c'est
2366 2642 145 68 vrai,

76 2733 117 56 mais
242 2735 51 56 la
348 2737 166 78 point
550 2735 70 57 de
654 2733 206 80 départ
895 2735 69 56 de
1020 2735 245 56 l'œuvre
1299 2747 85 44 est
1439 2733 265 78 toujours
1738 2754 115 35 une
1886 2730 268 58 émotion
2188 2731 212 54 intime
2434 2750 77 35 ou

76 2837 88 39 une
193 2821 340 80 impression
570 2822 70 57 de
674 2836 225 43 nature.
938 2820 333 71 Là-dessus,
1309 2821 41 56 il
1382 2821 313 77 l'exprime
1730 2818 30 59 à
1793 2840 57 37 sa
1882 2817 195 80 façon,
2114 2818 104 78 qui
2251 2830 83 43 est
2368 2817 144 56 celle

76 2905 112 58 d'un
239 2930 148 59 sage,
423 2911 186 56 vieilli
660 2909 140 58 dans
853 2911 81 56 les
1002 2929 329 60 paperasses
1380 2921 57 43 et
1496 2909 103 77 qui
1655 2906 240 58 connaît
1947 2906 70 57 de
2048 2906 179 57 vieux
2283 2918 229 43 secrets.

77 2991 235 62 L'erreur
362 2998 96 57 des
491 3019 127 48 uns,
654 2999 141 56 c'est
830 2998 70 55 de
934 3019 73 34 ne
1039 2998 130 55 voir
1204 3017 114 57 que
1349 2996 55 56 le
1437 3009 220 55 savant,
1693 2996 238 56 l'erreur
1964 2994 97 57 des
2113 3006 189 44 autres
2337 2991 69 56 de
2442 3011 71 36 ne

75 3083 101 54 voir
207 3104 109 59 que
369 3086 52 56 le
454 3086 395 56 sentimental.
907 3085 179 56 Est-il
1120 3083 154 57 donc
1308 3081 256 59 défendu
1616 3081 70 59 de
1719 3103 58 37 se
1804 3080 366 81 représenter
2203 3100 78 36 un
2338 3078 174 80 poète

77 3169 82 74 qui
186 3173 106 54 soit
325 3194 77 36 un
437 3173 279 57 chartiste
745 3174 19 56 ?
802 3173 98 57 On
936 3193 72 36 en
1041 3173 127 56 voit
1202 3170 134 57 bien
1374 3173 103 76 qui
1511 3184 131 43 sont
1675 3172 314 54 ministres.

222 3259 312 59 L'histoire
567 3260 72 58 de
1275 3259 391 60 Schicksallied
1105 3273 57 43 et
1206 3258 80 57 du
2124 3257 54 54 la
2212 3255 130 56 voir
2375 3254 139 57 dans

77 3338 38 56 le
155 3363 367 61 programme
571 3347 489 58 Gutmann-Istel
1122 3359 235 44 montre
1390 3344 136 57 bien
1562 3359 93 42 cet
1689 3344 480 57 acheminemant
2202 3340 71 58 de
2305 3339 176 59 l'émo-

79 3427 100 58 tion
203 3431 29 57 à
264 3447 215 45 travers
503 3436 80 56 les
614 3437 163 55 voies
797 3433 71 59 de
894 3436 53 56 la
969 3436 228 56 science
1224 3447 57 42 et
1315 3433 78 56 du
1427 3432 403 79 symbolisme,
1859 3451 103 58 par
1994 3451 80 35 un
2108 3428 240 57 chemin
2385 3442 129 42 tout

77 3531 23 35 a
126 3513 92 62 fait
249 3521 110 58 aisé
393 3537 56 42 et
485 3523 246 69 naturel,
768 3522 200 79 quand
1001 3542 72 37 on
1112 3536 83 43 est
1224 3519 265 59 Brahms.
1531 3522 111 55 Cet
1676 3517 319 60 Allemand
2028 3519 119 55 vise
2169 3516 32 57 à
2232 3517 284 77 l'antique

79 3617 111 42 avec
219 3607 51 56 la
302 3610 255 57 candeur
590 3608 143 59 d'un
767 3611 199 56 artiste
1001 3608 69 58 de
1091 3610 53 54 le
1181 3608 408 56 Renaissance.
1615 3608 116 56 Son
1756 3626 93 37 cas
1881 3620 57 42 et
1972 3605 152 55 celui
2159 3605 70 55 de
2265 3605 253 74 Klinger
