2964 4102
931 299 192 66 LES
1187 299 409 67 LIVRES

2337 320 153 68 975

184 446 219 66 Signalons
427 459 164 30 encore
614 457 10 30 :
646 457 64 29 un
788 440 39 46 L
830 440 70 45 'ted
908 450 110 51 pour
1037 440 233 45 violoncelle
1294 451 39 33 et
1341 440 130 60 piano
1540 441 54 45 de
1616 440 75 47 M.
1713 440 207 47 EUGENE
1942 440 156 46 COOLS
2114 437 14 27 1
2145 461 13 37 ;
2177 438 42 47 la
2237 439 196 45 Chanson
2449 440 50 44 de

81 530 28 44 la
130 525 100 53 Rost,
254 531 101 31 avec
378 520 440 51 accompagnement
844 509 54 45 de
924 508 116 47 viole
1068 508 223 59 d'amour,
1320 525 76 43 par
1422 509 61 46 A.
1514 509 224 46 HARMEL
1756 507 14 21 9
1794 520 47 34 et
1860 526 64 29 un
1945 508 213 47 fascicule
2179 509 76 45 des
2274 510 226 44 chansons

80 597 38 45 de
139 591 140 46 France
303 580 192 64 publiées
520 581 115 43 chez
663 578 191 59 Rouart,
881 578 115 45 suite
1023 578 55 45 de
1105 577 42 46 la
1171 577 112 46 série
1308 589 139 50 ayant
1472 578 104 45 trait
1601 595 89 28 aux
1715 577 284 47 enlèvements.

183 652 128 51 Enfin
336 648 158 48 l'ltalie
520 665 115 27 nous
658 647 154 45 donne
837 645 245 61 l'exemple
1108 645 140 46 d'une
1274 647 220 44 initiative
1519 647 234 45 heureuse.
1782 646 139 46 MM.
1954 645 187 47 Ricordi
2163 646 54 45 de
2244 644 153 46 Milan
2416 656 84 35 ont

80 724 127 62 chargé
240 720 69 47 M.
336 719 249 45 UMBERTO
612 714 275 49 GIORDANO
925 715 54 44 de
1016 714 165 46 récrire
1218 732 58 27 en
1314 715 209 44 notation
1561 715 236 59 moderne,
1828 714 185 61 (emploi
2051 714 197 46 exclusif
2277 714 77 45 des
2390 713 110 47 clefs

81 801 37 43 de
148 795 34 44 fa
213 802 40 35 et
288 790 50 43 de
373 786 95 60 sol),
507 785 62 45 les
606 785 236 59 partitions
879 783 275 46 d'orchestre
1192 783 77 45 des
1303 783 296 62 symphonies
1623 783 55 45 de
1705 783 239 45 Beethoven
1966 805 12 35 ;
2018 782 51 46 ils
2093 800 44 28 se
2165 793 283 50 promettent
2472 781 27 47 à

80 864 141 55 présent
256 859 50 44 de
352 866 162 34 mettre
553 852 25 46 à
630 852 42 46 la
710 851 156 62 portée
908 852 56 45 de
1004 863 117 47 tous,
1175 868 77 44 par
1289 851 41 45 le
1370 851 152 45 même
1561 851 209 60 procédé,
1809 852 41 45 le
1886 852 245 60 répertoire
2182 851 217 61 classique
2437 851 63 45 du

80 929 116 51 XVII
197 931 16 20 E
233 924 146 50 Siècle.

2253 945 70 46 M.
2361 943 67 49 O.

895 1092 422 53 OUVRAGES
1362 1092 267 78 REÇUS.

279 1265 248 49 HOEPLI
569 1265 218 61 (Ulrico).
931 1263 82 50 Gli
1061 1266 245 44 strumenti
1356 1263 205 47 musicali
1599 1263 75 46 nel
1717 1280 159 29 museo
1928 1262 73 46 del
2059 1261 353 48 Conservatorio
2454 1261 45 45 di

82 1340 156 47 Milano.
262 1334 194 63 (Milano
484 1334 46 45 in
559 1333 50 46 8°
634 1334 53 45 de
722 1347 94 32 no
841 1350 73 43 pp.
941 1334 121 59 prix:
1093 1332 28 47 6
1149 1332 114 62 lire).

263 1428 239 49 ZAMPA
529 1427 287 62 (Giovanni).
924 1426 179 47 Violini
1128 1427 189 47 antichi.
1340 1426 224 62 (Sassuolo
1590 1440 144 48 1909,
1753 1426 46 44 in
1822 1425 49 47 8°
1897 1426 54 44 de
1975 1423 94 60 246
2093 1442 73 42 pp.
2187 1425 120 58 prix:
2331 1435 25 48 5
2385 1422 115 62 lire).

265 1520 453 51 FROMAGEOT
746 1520 86 62 (P.)
953 1522 81 45 Un
1071 1520 185 62 disciple
1282 1521 56 45 de
1364 1520 143 60 Bach,
1535 1520 395 58 Pierre-François
1955 1517 161 64 Boely,
2153 1516 346 64 (1785-1858).

81 1594 213 63 (Versailles
322 1606 139 47 1909,
489 1592 46 45 in
566 1590 48 45 8°
639 1591 55 44 de
727 1602 54 46 15
812 1590 93 61 pp.)

268 1682 364 49 MAUCLAIR
675 1682 249 63 (Camille).
1074 1682 71 46 La
1187 1682 191 61 religion
1428 1681 55 46 de
1516 1681 43 46 la
1607 1680 236 62 Musique.
1894 1680 320 61 (Fischbacher
2270 1691 143 49 1909,
2454 1677 48 46 in

87 1759 58 43 12*
166 1755 128 62 3,50).

267 1846 471 55 WOTQUENNE
764 1846 99 61 (A.)
981 1845 154 47 Etude
1174 1845 404 62 Bibliographique
1601 1860 75 31 sur
1714 1842 138 63 Luigi
1881 1842 145 47 Rossi.
2064 1841 258 62 (Bruxelles
2358 1854 146 49 1909»

83 1919 33 43 in
138 1916 39 47 8°
207 1917 49 45 de
293 1930 57 46 54
376 1917 91 60 pp.)

267 2009 216 48 GUIDE
508 2010 56 46 de
590 2009 240 46 l'amateur
861 2009 265 59 d'ouvrages
1150 2024 75 31 sur
1262 2008 43 45 la
1340 2008 226 60 musique,
1592 2005 63 47 les
1688 2006 245 46 musiciens
1957 2016 46 35 et
2040 2004 42 45 le
2106 2002 192 60 théâtre,
2325 2001 180 61 préface

82 2079 39 44 de
143 2079 61 47 M.
228 2079 174 47 Brenet.
428 2080 324 61 (Fischbacher
784 2093 144 47 1909,
957 2080 49 43 2°
1042 2076 244 61 fascicule),
1314 2076 322 62 (Fischbacher
1668 2089 145 48 1909,
1841 2076 45 43 in
1914 2072 51 49 8°
1991 2074 54 45 de
2073 2072 61 46 68
2165 2090 72 42 pp.
2271 2088 18 29 1
2321 2071 78 62 fc.)

268 2171 280 47 REYHER
592 2170 163 62 (Paul).
910 2170 90 46 Les
1044 2170 223 62 Masques
1303 2169 187 62 anglais,
1532 2168 136 47 étude
1706 2184 74 29 sur
1828 2166 63 47 les
1940 2165 172 60 ballets,
2157 2162 345 65 (1512-1640).

83 2240 204 58 (Hachette
318 2256 138 47 1909,
486 2242 44 45 in
560 2240 50 47 8°
635 2242 55 44 de
721 2239 96 61 560
842 2241 94 60 pp.)

268 2335 256 48 SCOTTI
567 2335 107 61 (Dr.
719 2334 286 61 Cristoforo).
1160 2333 39 47 Il
1240 2334 76 60 pio
1363 2333 217 45 Instituto
1625 2329 217 48 musicale
1886 2329 244 47 Donizetti
2175 2330 45 43 in
2262 2328 243 61 Bergamo.

83 2400 202 63 (Bergamo
314 2418 139 48 1901,
480 2405 46 44 in
552 2404 63 45 fol
642 2404 54 44 de
726 2418 96 31 200
849 2403 92 60 pp.)

272 2496 344 49 CHABRIER
660 2496 334 63 (Emmanuel).
1131 2495 181 46 Lettres
1354 2495 26 46 à
1419 2495 203 59 Nanine,
1667 2493 202 61 publiées
1911 2508 77 44 par
2026 2489 480 63 Legrand-Chabrier.

86 2561 231 59 (Collection
342 2568 53 44 de
414 2566 41 46 la
482 2566 190 49 Grande
700 2566 175 46 Revue,
905 2566 45 45 in
981 2564 48 47 8°
1055 2565 54 45 de
1131 2563 63 47 66
1222 2582 42 43 p.
1300 2579 17 31 1
1350 2565 73 60 fr.)

273 2659 227 47 REYER
526 2660 215 61 (Ernest).
848 2659 241 55 Quarante
1109 2674 80 29 ans
1215 2659 54 44 de
1289 2659 227 60 musique,
1543 2654 174 63 publiés
1743 2672 76 43 par
1841 2653 153 48 Emile
2016 2653 213 45 Henriot.
2253 2650 253 62 (Calmann

86 2720 114 66 Lévjr,
224 2726 41 45 in
295 2731 76 44 12°
395 2729 55 46 de
475 2743 99 48 430
600 2747 61 43 p.,
690 2729 132 62 350.)

177 3527 6 21 1
214 3533 94 39 Chez
329 3537 100 37 Max
450 3539 185 48 Esching,
658 3552 67 25 rue
747 3537 165 39 Laffitte.

178 3594 11 19 2
218 3601 94 39 Chez
341 3606 168 46 Demets,
544 3622 35 30 2,
611 3620 68 26 rue
709 3607 48 38 de
787 3606 183 38 LOUYOÎS.
