2964 4102
299 306 129 68 LA
491 303 452 83 MUSIQUE
1007 303 180 73 DES
1252 304 222 70 ROIS
1536 303 785 73 D'ANGLETERRE

2389 329 149 69 931

99 461 214 75 l'espace
316 485 103 35 —,
459 449 352 60 rechercher
838 449 96 60 des
960 447 147 61 états
1133 450 292 58 inconnus
1451 449 140 59 dans
1615 450 80 58 les
1721 448 236 82 sphères
1990 450 71 58 de
2093 452 456 77 l'imagination,

100 547 215 60 n'est-ce
363 560 102 58 pas
518 560 72 35 en
649 558 228 37 somme
929 538 193 57 suivre
1178 538 80 57 les
1314 537 226 58 mêmes
1591 538 335 71 tendances,
1976 539 49 69 je
2081 539 146 58 dirai
2281 560 268 59 presque,

100 631 277 62 s'adonner
410 649 72 35 au
512 626 196 57 même
744 638 179 68 sport.

251 716 50 57 Il
332 729 83 44 est
449 715 97 58 des
581 715 342 57 maladroits
945 715 102 77 qui
1082 712 353 59 voudraient
1470 735 252 57 opposer
1746 715 132 57 l'art
1906 715 29 58 à
1968 713 360 61 l'érudition.
2359 716 192 63 Qu'ils

101 804 268 85 préfèrent
406 801 219 80 Pégase
658 802 30 57 à
722 807 52 52 la
1526 801 146 60 Série
985 804 70 67 JT,
1102 802 136 57 c'est
1274 804 127 55 leur
1449 802 174 57 droit.
1677 802 182 71 Mais,
1898 805 171 77 qu'ils
2116 804 434 58 reconnaissent

101 894 124 61 aussi
256 890 29 58 à
318 891 157 57 deux
531 891 203 56 modes
768 890 177 57 d'une
980 890 198 57 même
1227 887 242 60 activité
1505 889 485 81 physiologique,
2025 891 98 59 des
2159 892 162 58 titres
2354 891 195 79 égaux

101 983 22 57 à
150 994 155 44 notre
338 979 227 56 estime.
625 979 47 56 Il
706 998 71 37 en
813 990 82 45 est
945 978 275 69 d'autres,
1270 999 71 36 au
1378 979 313 68 contraire,
1742 979 106 79 qui
1882 978 331 58 s'efforcent
2263 978 71 58 de
2366 979 185 56 voiler

101 1069 337 58 habilement
470 1065 341 59 l'érudition
862 1087 132 37 sous
1045 1066 80 58 les
1158 1065 212 59 dehors
1404 1066 70 58 de
1507 1066 54 58 la
1611 1064 351 62 littérature.
2016 1066 254 61 Ceux-là
2307 1080 131 46 sont
2472 1068 79 58 les

101 1158 271 76 critiques.
411 1155 159 57 Leur
604 1168 118 44 sort
749 1154 145 57 n'est
929 1153 182 79 guère
1145 1154 285 57 enviable.

250 1243 303 77 Quelques
580 1262 127 50 uns,
743 1238 177 74 enfin,
946 1239 283 81 profitent
1252 1240 29 59 à
1314 1243 54 56 la
1401 1239 111 60 fois
1547 1242 96 57 des
1677 1240 353 60 documents
2070 1256 56 43 et
2160 1242 71 57 de
2263 1243 54 56 la
2352 1239 168 60 rhéto-

101 1333 143 78 rique
268 1352 151 57 pour
453 1345 267 64 tromper
745 1343 132 45 tout
910 1332 54 56 le
999 1331 219 57 monde
1249 1352 12 34 :
1299 1351 65 37 ce
1398 1345 131 43 sont
1563 1331 79 57 les
1676 1332 438 77 musicologues
2150 1331 68 57 de
2245 1328 203 60 l'école
2483 1329 69 57 de

103 1418 151 69 Fétis,
302 1417 204 81 espèce
541 1419 360 78 dangereuse
936 1432 165 43 entre
1135 1432 194 43 toutes
1369 1432 57 43 et
1470 1418 145 57 dont
1649 1418 42 56 il
1742 1432 85 46 est
1863 1419 265 77 toujours
2177 1419 271 78 glorieux
2483 1417 70 58 de

100 1506 302 60 combattre
435 1507 54 57 le
523 1507 199 57 venin.
755 1506 89 58 Ici
880 1505 324 69 l'écrivain,
1229 1505 301 61 médiocre
1558 1506 312 70 d'ailleurs,
1901 1506 251 57 s'exerce
2187 1527 115 36 aux
2337 1503 216 82 dépens

100 1595 55 57 de
183 1592 296 60 l'histoire.
533 1593 50 60 Il
616 1615 57 37 se
707 1593 139 59 hâte
894 1592 415 80 d'interpréter
1342 1595 78 57 les
1467 1592 135 59 faits
1637 1595 104 78 qui
1778 1595 282 57 viennent
2113 1592 29 59 à
2190 1615 58 38 sa
2281 1593 238 58 connais-

100 1703 160 49 sance,
311 1684 133 78 puis
491 1684 42 57 il
584 1680 269 82 présente
899 1682 339 58 hardiment
1288 1703 92 37 ces
1432 1681 451 80 interprétation
1933 1703 238 38 comme
2220 1703 114 37 une
2367 1679 185 61 vérité

100 1770 279 77 objective.
430 1771 168 57 Tout
631 1771 82 57 lui
764 1784 83 43 est
884 1771 138 69 bon,
1074 1792 154 57 pour
1272 1767 146 60 faire
1453 1769 334 80 triompher
1820 1783 155 44 cette
2025 1767 333 72 confusion,
2409 1769 143 57 dont

100 1859 29 56 il
157 1859 99 57 tire
291 1855 195 83 profit.
527 1859 49 57 Il
603 1859 302 58 dissimule
938 1879 85 37 ses
1056 1878 252 49 sources,
1345 1859 241 79 remplit
1620 1858 70 57 de
1724 1858 447 58 vraisemblable
2204 1859 82 56 les
2317 1859 236 58 lacunes

99 1947 59 57 du
188 1948 137 68 vrai,
360 1949 209 78 ignore
603 1948 70 57 de
707 1948 154 79 parti
895 1948 119 79 pris
1047 1947 286 58 certaines
1366 1947 520 57 documentations
1912 1961 155 44 etc...

249 2035 143 58 Bien
451 2032 482 82 qu'aujourd'hui
987 2048 154 45 cette
1176 2033 268 58 dernière
1477 2032 204 81 espèce
1714 2035 113 56 soit
1876 2032 30 59 à
1942 2054 114 59 peu
2098 2030 129 83 près
2260 2032 291 80 disparue,

98 2142 121 37 nous
251 2122 309 72 subissons,
589 2122 179 71 hélas,
804 2123 142 57 dans
971 2123 54 57 la
1059 2123 391 78 musicologie
1484 2119 285 80 française
1796 2122 80 57 les
1909 2122 167 57 effets
2102 2121 69 58 de
2206 2142 57 37 sa
2284 2119 236 82 déplora-

98 2208 72 59 ble
199 2209 300 73 méthode,
537 2209 309 83 appliqués
880 2212 214 57 durant
1129 2225 132 43 tout
1295 2212 52 56 le
1383 2211 151 57 XIX
1538 2212 52 20 me
1622 2208 190 60 siècle.

247 2300 58 57 Si
340 2321 147 36 nous
520 2321 181 37 avons
734 2314 126 43 tant
896 2300 71 57 de
1002 2300 172 77 peine
1209 2297 30 58 à
1288 2297 346 60 réhabiliter
1666 2297 287 58 l'histoire
1989 2298 69 57 de
2093 2300 52 55 la
2189 2298 299 78 musique,
2523 2296 30 58 à

95 2383 66 59 lui
200 2385 140 59 faire
378 2409 112 35 une
541 2389 167 78 place
741 2386 31 60 à
806 2385 134 59 côté
974 2386 99 57 des
1129 2400 193 43 autres
1370 2383 429 82 représentants
1850 2385 78 58 du
1978 2386 192 57 savoir
2202 2383 270 72 humain,
2507 2386 44 56 si

96 2491 123 40 nous
252 2495 143 38 nous
428 2475 284 58 heurtons
746 2476 46 57 si
826 2489 251 43 souvent
1110 2472 30 59 à
1176 2495 114 36 une
1324 2489 153 42 sorte
1512 2471 446 58 d'indifférence
1992 2474 364 68 instinctive,
2392 2471 31 58 à
2472 2494 79 35 un

95 2562 292 59 sentiment
415 2562 70 58 de
519 2565 273 78 surprise,
829 2560 347 81 inexpliqué
1201 2562 197 56 même
1432 2561 149 57 chez
1608 2583 151 35 ceux
1783 2561 103 79 qui
1920 2559 391 81 l'éprouvent,
2347 2561 44 57 si
2425 2560 127 57 l'art

95 2646 39 56 le
165 2651 119 75 plus
327 2651 243 79 capable
618 2651 310 79 d'inspirer
979 2650 482 57 l'enthousiasme
1497 2663 311 43 rencontre
1842 2651 188 77 parmi
2069 2650 80 56 les
2197 2646 241 73 érudits,
2472 2649 81 56 les

96 2734 383 75 intellectuels,
533 2761 113 36 une
697 2738 265 59 froideur
997 2736 218 82 parfois
1265 2736 461 80 désobligeante,
1779 2736 138 59 c'est
1983 2758 116 58 que
2163 2758 148 36 nous
2376 2757 177 37 avons

95 2820 227 64 derrière
368 2848 149 37 nous
552 2850 78 35 un
665 2827 172 58 siècle
889 2824 335 60 malfaisant
1275 2823 76 60 où
1407 2828 52 55 le
1496 2825 324 58 document
1873 2846 30 35 a
1935 2822 93 59 été
2083 2825 111 58 mis
2230 2846 71 35 au
2338 2825 215 77 pillage

96 2930 83 54 par
208 2914 52 56 la
291 2913 217 60 vanité.
548 2916 98 57 On
683 2937 29 34 a
748 2937 101 36 cru
886 2913 144 58 faire
1068 2936 75 34 un
1168 2916 149 55 beau
1351 2914 191 57 calcul
1575 2935 68 34 en
1684 2914 231 76 plaçant
1950 2912 286 57 l'histoire
2273 2913 279 56 musicale

94 2993 21 57 à
143 2999 47 56 la
221 3001 200 78 portée
456 3003 71 57 de
562 3017 148 43 tous.
750 3004 97 56 On
885 3003 70 56 l'a
988 3003 382 78 simplement
1420 2998 348 60 discréditée
1802 3021 117 36 aux
1952 3020 156 58 yeux
2141 2999 71 56 de
2246 3020 153 37 ceux
2448 2999 101 78 qui

94 3083 148 62 lisent
277 3105 55 42 et
358 3091 234 77 jugent.
632 3092 97 56 On
766 3091 127 57 s'est
928 3088 220 59 adressé
1183 3111 73 34 au
1293 3090 185 77 grand
1511 3087 206 80 public
1751 3102 56 43 et
1844 3110 73 34 on
1953 3088 84 56 lui
2074 3109 28 34 a
2137 3087 86 56 dit
2260 3107 10 36 :
2376 3084 176 59 Voilà

92 3190 54 38 ce
176 3196 109 57 que
335 3199 146 37 vous
515 3178 186 58 devez
755 3180 210 66 savoir,
1003 3176 155 58 voilà
1207 3197 67 36 ce
1309 3197 114 58 que
1470 3197 146 36 vous
1665 3176 181 57 devez
1882 3196 222 57 penser.
2145 3175 49 57 Il
2229 3189 82 42 est
2339 3175 212 56 inutile

94 3278 96 57 que
221 3285 143 37 vous
397 3265 319 58 cherchiez
750 3266 348 78 davantage.
1136 3266 196 67 Nous,
1368 3265 105 77 qui
1506 3284 255 37 sommes
1796 3261 135 58 allés
1966 3283 115 36 aux
2114 3283 253 48 sources,
2404 3283 148 35 nous

94 3364 156 43 avons
282 3349 115 59 fixé
433 3368 169 42 notre
637 3354 249 77 opinion

249 3439 203 71 Hélas,
485 3443 52 55 le
572 3443 191 55 calcul
797 3440 136 58 c'est
984 3438 208 59 trouvé
1227 3438 158 58 faux.
1427 3440 84 56 Le
1544 3439 206 79 public
1784 3453 84 42 est
1902 3459 78 36 un
2016 3435 200 58 enfant
2260 3458 12 35 :
2312 3438 129 77 plus
2475 3457 74 35 on

92 3518 41 57 le
162 3524 263 81 ménage,
449 3530 130 76 plus
612 3530 41 55 il
687 3529 242 56 devient
957 3530 295 76 exigeant.
1284 3525 161 59 Fétis
1478 3526 131 58 n'en
1639 3528 229 76 impose
1895 3526 148 78 plus,
2080 3545 84 37 ses
2190 3544 361 38 successeurs

92 3624 86 41 ont
209 3615 183 77 perdu
425 3618 126 56 leur
583 3614 207 60 crédit.
830 3617 164 57 Mais
1026 3637 104 57 par
1155 3629 224 56 contre,
1415 3615 52 56 la
1497 3612 279 59 véritable
1809 3610 324 73 érudition,
2169 3613 143 56 celle
2347 3632 117 58 que
2497 3612 53 55 le
