2964 4102
693 288 542 68 EUTERPE
1298 286 550 72 AMBIGUA

2349 310 152 71 929

64 460 41 45 et
134 442 35 57 il
200 458 66 38 ne
300 437 169 57 serait
503 456 99 58 pas
646 435 344 79 impossible
1036 456 114 58 que
1183 435 54 56 la
1264 432 230 59 théorie
1594 434 304 57 rationiste
2013 431 93 60 fût
2139 453 155 38 assez
2327 432 144 80 géné-

64 534 248 60 ralement
375 526 293 77 comprise
726 538 57 43 et
835 522 249 80 adoptée
1128 523 140 57 dans
1324 545 79 35 un
1466 523 151 78 petit
1668 523 248 57 nombre
1980 522 70 57 de
2112 521 390 80 générations.

61 612 296 70 Toutefois,
412 613 39 56 il
502 615 173 55 serait
732 634 118 58 peu
888 611 254 80 prudent
1192 611 71 57 de
1297 612 226 77 risquer
1580 632 78 35 un
1716 612 303 77 pronostic
2063 631 96 37 sur
2209 631 65 37 ce
2309 612 191 77 point,

63 728 73 39 car
164 705 49 56 la
251 697 197 61 Vérité
599 721 71 37 en
1354 698 195 59 théorie
933 700 299 67 musicale,
1269 712 132 43 tout
1436 720 71 34 au
1545 698 192 57 moins
1900 697 279 58 chemine
2213 719 141 35 avec
2388 719 116 35 une

64 791 229 64 extrême
324 790 245 56 lenteur.
609 788 171 58 Ainsi
816 788 261 56 Gevaert
1118 785 366 80 (Problèmes
1518 787 309 56 musicaux
1862 786 342 70 d'Aristote,
2255 806 56 59 p.
2359 786 138 77 143)

61 882 82 61 fait
174 879 263 57 observer
472 898 114 58 que
633 879 52 56 la
743 877 181 58 tierce
958 876 287 56 naturelle
1296 882 117 75 5/4,
1441 875 136 56 bien
1615 895 114 59 que
1763 872 226 60 révélée
2024 895 115 37 aux
2187 876 318 55 musiciens

65 989 76 61 par
180 964 308 80 Archytas,
525 965 94 56 n'a
653 962 92 60 été
779 964 222 57 admise
1037 960 477 60 définitivement
1555 961 107 76 (??)
1704 983 102 58 par
1858 983 116 35 eux
2008 961 134 79 qu'à
2198 961 184 80 partir
2433 961 71 57 de

63 1055 184 69 Zarlin,
282 1051 359 59 c'est-à-dire
674 1050 165 80 après
888 1072 79 37 un
1003 1065 160 64 stage
1197 1050 71 57 de
1305 1070 79 39 20
1419 1048 201 59 siècles
1650 1074 13 46 ;
1715 1070 212 36 encore
1964 1050 258 57 Gevaert
2273 1069 71 37 en
2378 1049 124 57 ceci

64 1143 254 61 flatte-t-il
348 1140 290 60 l'histoire
670 1162 11 37 :
718 1142 80 57 les
832 1139 205 60 choses
1070 1153 104 44 ont
1207 1136 91 60 été
1323 1139 309 79 beaucoup
1668 1139 192 57 moins
1894 1140 122 55 vite
2050 1162 14 46 ;
2101 1138 70 57 de
2205 1158 103 37 nos
2321 1136 184 79 jours,

63 1255 52 38 en
158 1229 151 70 effet,
361 1229 135 59 bien
550 1229 98 57 des
698 1227 358 59 théoriciens
1107 1229 351 56 continuent
1494 1225 70 59 de
1616 1228 126 56 nier
1789 1227 264 78 l'emploi
2105 1225 71 58 de
2223 1227 53 56 la
2327 1225 180 56 tierce

64 1319 264 68 naturelle,
383 1333 57 42 et
473 1317 330 58 admettent
836 1316 31 59 à
917 1337 59 38 sa
1008 1317 163 79 place
1206 1317 54 56 la
1315 1317 182 56 tierce
1531 1314 532 82 pythagoricienne
2097 1335 78 36 ou
2209 1313 197 57 même
2452 1313 53 58 la

67 1410 147 55 tierce
239 1404 315 80 tempérée.

218 1515 86 38 11.
401 1495 314 78 Quoiqu'il
768 1515 69 35 en
891 1492 174 58 doive
1119 1492 143 70 être,
1300 1512 114 59 que
1465 1512 67 36 ce
1565 1491 113 57 soit
1733 1490 139 58 dans
1907 1511 78 36 un
2035 1487 174 60 siècle
2242 1510 76 37 ou
2369 1487 140 58 dans

65 1582 269 80 plusieurs,
369 1584 79 55 les
503 1582 319 59 musiciens
856 1601 72 36 ne
961 1594 259 66 peuvent
1255 1600 289 57 manquer
1578 1578 68 58 de
1681 1577 391 79 comprendre
2121 1597 75 36 un
2223 1576 138 77 jour
2394 1596 116 57 que

64 1672 98 56 leur
191 1684 83 43 art
328 1670 144 57 n'est
507 1690 98 59 pas
660 1683 317 66 purement
1025 1669 357 78 empirique,
1437 1688 115 57 que
1585 1688 58 35 sa
1693 1664 229 59 théorie
1955 1677 144 67 peut
2147 1662 235 59 s'élever
2436 1684 73 35 au

67 1779 114 57 rang
225 1759 68 57 de
355 1760 230 56 science
648 1758 305 57 rationelle
986 1760 34 66 \
1074 1770 57 43 et
1165 1777 116 58 que
1314 1756 53 57 la
1399 1752 208 60 liberté
1643 1754 69 57 de
1763 1754 240 57 l'artiste
2038 1752 132 58 n'en
2208 1766 147 44 reste
2411 1771 100 59 pas

65 1848 160 56 moins
258 1845 417 80 parfaitement
727 1843 242 72 entière,
1028 1844 71 57 de
1133 1844 197 56 même
1366 1863 115 58 que
1513 1844 53 54 la
1617 1839 208 59 liberté
1861 1840 77 57 du
1997 1841 229 79 peintre
2260 1853 56 44 et
2365 1839 145 58 celle

65 1934 59 57 du
166 1934 240 58 danseur
461 1935 163 57 n'ont
661 1935 328 56 nullement
1044 1930 91 60 été
1170 1929 240 60 altérées
1460 1931 53 56 le
1537 1930 139 78 jour
1726 1926 77 61 où
1851 1930 121 56 l'on
2025 1951 30 35 a
2088 1926 320 59 découvert
2459 1928 52 56 la

67 2020 193 60 théorie
294 2023 70 57 de
397 2024 53 56 la
483 2023 368 79 perspective
887 2036 56 43 et
977 2020 144 58 celle
1155 2019 70 59 de
1273 2018 337 81 l'équilibre
1645 2018 97 57 des
1791 2038 170 59 corps
1996 2038 68 36 en
2101 2028 408 46 mouvement.

213 2111 82 55 Ce
319 2109 239 80 progrès
581 2109 316 79 accompli,
921 2130 73 35 on
1020 2128 234 59 pourra,
1283 2127 125 38 sans
1434 2121 342 42 rencontrer
1796 2105 79 56 les
1899 2104 222 57 mêmes
2144 2103 369 80 oppositions

67 2198 471 78 qu'aujourd'hui,
575 2198 123 57 dire
733 2219 115 58 que
879 2198 54 56 la
966 2194 476 80 mathématique
1477 2193 227 80 préside
1738 2215 115 35 aux
1885 2191 135 59 faits
2054 2192 326 67 musicaux,
2417 2211 97 37 car

65 2286 97 56 cela
191 2288 222 55 revient
465 2286 31 58 à
529 2285 258 58 énoncer
818 2299 157 43 cette
1032 2285 369 78 proposition
1436 2281 294 70 évidente,
1789 2301 114 57 que
1936 2282 81 55 les
2064 2279 167 56 effets
2265 2292 104 43 ont
2416 2277 98 57 des

64 2391 165 40 causes
262 2389 57 42 et
354 2395 133 58 que,
524 2375 70 56 de
628 2375 281 67 celles-ci,
945 2394 77 35 on
1056 2386 142 65 peut
1234 2370 242 58 déduire
1511 2367 257 71 ceux-là,
1938 2368 81 56 du
2053 2368 193 56 moins
2279 2367 234 76 lorsque

67 2459 38 57 la
122 2464 176 56 raison
333 2462 97 58 des
464 2461 203 57 choses
702 2484 30 34 a
765 2457 157 61 enfin
956 2459 91 58 été
1081 2480 271 59 aperçue.

155 2596 10 23 1
194 2600 53 36 La
268 2599 179 51 musique
479 2596 269 54 accomplirait
781 2598 96 36 ainsi
910 2595 37 40 la
979 2596 128 38 même
1138 2594 202 40 évolution
1372 2609 76 38 que
1479 2592 268 40 l'astronomie
1782 2602 37 30 et
1852 2592 90 39 bien
1977 2593 169 37 d'autres
2181 2591 189 38 branches
2401 2590 47 37 de
2478 2588 38 40 la

68 2653 132 40 Science
220 2657 201 51 physique.
