2964 4102
1482 289 74 69 S.
1622 288 67 71 I.
1755 286 116 70 M.

452 315 153 71 932

446 439 202 79 public
682 435 200 60 révère
915 457 172 58 parce
1120 434 211 80 qu'elle
1365 456 72 35 ne
1470 435 83 58 lui
1586 433 107 58 fait
1729 452 226 38 aucune
1989 433 362 67 concession,
2374 432 53 55 la
2460 430 226 59 science
2719 432 138 66 histo-

447 527 168 76 rique
649 524 277 57 hautaine
974 537 56 43 et
1063 520 332 82 spécialisée
1444 523 128 56 s'est
1614 536 174 43 tenue
1823 520 30 58 à
1887 519 258 57 distance
2197 518 70 57 de
2319 538 92 37 ces
2460 519 427 76 vulgarisations

447 613 244 57 hâtives.
729 612 79 57 Et
838 613 80 56 les
953 632 139 57 gens
1125 611 70 57 de
1228 612 198 56 lettres
1459 609 390 69 eux-mêmes,
1879 628 151 59 pour
2061 608 249 78 lesquels
2354 608 52 55 la
2439 607 255 77 critique
2728 617 128 55 musi-

449 702 121 56 cale
605 713 82 44 est
723 720 77 35 un
836 697 212 58 métier
1080 698 133 56 bien
1250 696 199 71 défini,
1484 712 102 43 ont
1621 697 157 57 souri
1812 696 72 57 de
1918 716 91 37 ces
2046 692 238 60 Protées
2310 694 70 56 de
2413 694 54 56 la
2500 694 384 83 musicologie.

620 788 86 55 Le
739 785 239 58 résultat
1029 786 79 57 du
1144 787 46 56 F
1948 786 224 57 étisisme
1447 785 90 58 fut
1589 785 309 78 d'inspirer
1947 804 113 35 une
2112 780 261 59 défiance
2425 778 284 80 générale.
2745 785 142 63 Tous

446 894 151 37 ceux
630 875 103 76 qui
767 887 103 42 ont
904 894 197 35 connu
1134 871 159 58 l'état
1329 872 69 57 de
1431 894 105 37 nos
1590 870 224 71 études,
1842 872 42 56 il
1915 891 38 57 y
1997 891 29 36 a
2061 870 171 76 vingt
2266 889 99 37 ans
2408 889 56 37 se
2500 870 317 76 rappellent
2846 877 41 57 la

446 959 244 81 réponse
741 961 229 78 simple,
1017 961 243 78 unique,
1315 974 54 43 et
1405 957 148 60 aisée
1589 961 104 78 qui
1729 959 330 57 accueillait
2094 971 133 42 tous
2275 976 104 37 nos
2411 955 202 57 efforts
2643 976 12 36 :

447 1047 115 59 bien
977 1049 93 63 Qu'il
1091 1049 167 77 s'agit
1292 1049 138 56 d'un
1458 1069 134 57 gros
1612 1050 167 67 livre,
1815 1068 75 35 ou
1914 1046 174 56 d'une
2122 1042 371 72 conférence,
2529 1044 172 57 d'une
2735 1067 152 41 revue

445 1136 279 56 musicale
775 1157 77 35 ou
915 1136 176 56 d'une
1143 1136 369 78 publication
1570 1135 70 57 de
1692 1148 180 56 texte,
1929 1135 52 55 le
2035 1130 214 62 refrain
2308 1153 71 35 ne
2432 1130 310 79 changeait
2789 1155 97 56 pas.

595 1223 146 57 C'est
944 1221 113 59 bien
1233 1223 219 77 spécial,
1137 1223 171 57 disait
1341 1221 325 70 l'amateur,
1702 1235 57 42 et
1793 1221 41 56 il
1856 1220 301 57 entendait
2192 1242 103 57 par
2326 1218 53 58 là
2413 1239 115 59 que
2562 1239 103 37 son
2700 1219 188 63 intérêt

446 1308 231 81 présent
727 1310 156 58 allait
918 1312 248 56 ailleurs.
2144 1310 149 59 C'est
2494 1309 115 59 bien
2785 1310 118 78 spéc
1924 1308 247 79 ajoutait
2204 1308 52 57 le
2289 1305 349 70 littérateur,
2674 1305 215 64 habitué

445 1395 30 59 à
509 1398 192 56 suivre
734 1399 52 55 le
819 1398 206 79 public
1058 1398 140 57 dans
1231 1418 84 37 ses
1348 1397 174 78 goûts
1555 1412 56 43 et
1646 1399 139 57 dans
1818 1418 82 36 ses
1933 1398 277 76 caprices.

447 1483 308 81 répondait
790 1483 156 61 enfin
1002 1488 52 56 le
1103 1500 217 44 savant.
1379 1487 79 56 Et
1492 1487 124 56 cela
1665 1487 228 56 voulait
1927 1484 124 58 dire
2087 1506 11 34 :
2343 1483 113 57 n'ai
2496 1483 212 78 jamais
2752 1505 71 37 vu
2851 1487 41 58 la

446 1575 389 77 musicologie
871 1576 190 76 parmi
1094 1595 104 37 nos
1232 1595 424 58 programmes.
1696 1576 134 62 Que
1852 1573 311 57 veut-elle?
2206 1573 186 63 Quels
2414 1585 131 44 sont
2578 1591 83 37 ses
2686 1589 206 59 garants

446 1657 397 83 scientifiques
877 1663 17 55 ?
923 1662 70 75 Je
1028 1682 72 36 ne
1133 1662 55 56 la
1222 1662 239 56 connais
1495 1681 118 59 pas.

621 1749 426 77 Aujourd'hui,
1101 1751 41 56 il
1176 1750 130 57 n'en
1341 1766 84 41 est
1481 1750 131 79 plus
1644 1750 144 57 ainsi
1832 1769 12 37 :
1903 1750 54 57 la
1989 1746 314 60 confusion
2338 1747 98 57 des
2487 1746 296 80 pouvoirs,
2816 1747 77 60 des

446 1836 380 57 attributions
860 1851 55 42 et
950 1836 97 59 des
1080 1835 241 58 intérêts
1354 1858 31 35 a
1406 1836 239 79 disparu
1679 1836 70 57 de
1782 1851 169 42 notre
1976 1836 277 56 domaine
2285 1860 13 46 ;
2336 1856 75 36 on
2449 1848 141 66 peut
2623 1835 52 56 le
2709 1835 183 71 croire,

445 1924 78 56 du
579 1925 210 57 moins.
846 1923 372 59 L'érudition
1283 1925 127 57 s'est
1462 1924 330 58 constituée
1847 1924 371 58 solidement.
2272 1924 87 57 La
2421 1924 256 77 critique
2726 1943 28 35 a
2812 1943 81 38 son

445 2013 265 64 syndicat
744 2011 441 80 professionnel.
1241 2014 48 56 Il
1324 2014 146 56 n'est
1506 2034 97 57 pas
1640 2011 232 82 jusqu'à
1904 2013 309 57 l'amateur
2247 2013 99 78 qui
2402 2011 141 58 n'ait
2574 2011 181 56 voulu
2789 2010 81 80 pré-

443 2100 148 56 ciser
624 2121 100 36 son
776 2099 125 58 zèle
949 2116 56 41 et
1061 2122 101 35 son
1216 2102 122 57 rôle
2299 2100 53 57 ci
2356 2100 144 59 Ami
2774 2102 66 57 de
2105 2122 71 35 en
2224 2099 262 57 formant
2538 2121 115 35 une
2704 2098 192 58 société

443 2188 370 76 vigoureuse.
869 2187 354 71 L'écrivain,
1275 2189 52 57 le
1362 2202 259 43 metteur
1670 2210 71 35 en
1777 2187 169 59 scène
1981 2202 56 43 et
2089 2210 73 35 en
2195 2189 147 56 livre
2399 2187 98 57 des
2530 2184 158 60 idées
2733 2201 54 42 et
2818 2187 78 58 des

442 2272 153 71 faits,
630 2276 293 57 collabore
958 2276 70 57 de
1062 2297 102 36 son
1199 2276 132 58 côté
1365 2276 31 57 à
1445 2290 155 44 cette
1635 2277 255 57 division
1924 2276 78 57 du
2039 2278 205 55 travail
2286 2301 13 44 ;
2351 2277 41 56 il
2427 2273 323 80 interprète
2794 2273 29 58 à
2851 2296 45 37 sa

442 2361 194 80 façon,
689 2364 40 56 il
763 2363 348 80 paraphrase
1146 2386 70 36 en
1252 2366 197 56 artiste
1484 2366 78 56 les
1597 2363 255 60 données
1886 2364 70 58 de
1990 2364 286 58 l'histoire
2308 2389 12 45 ;
2373 2377 57 45 et
2464 2364 137 58 c'est
2635 2385 75 35 on
2746 2362 147 58 droit.

446 2451 160 57 Dans
640 2466 153 42 cette
850 2452 148 59 belle
1033 2453 374 58 ordonnance
1442 2450 78 59 où
1567 2452 233 59 chacun
1834 2452 305 59 reconnaît
2195 2474 101 37 son
2332 2452 157 70 bien,
2539 2452 53 56 le
2627 2451 270 57 brouillon

443 2537 430 80 incompétent,
908 2541 52 55 le
995 2541 151 56 serin
1181 2541 103 77 qui
1320 2540 132 57 abat
1487 2540 97 57 des
1618 2541 163 70 noix,
1818 2561 72 36 ne
1923 2561 122 36 sera
2096 2541 148 79 plus,
2280 2538 381 82 espérons-le,
2699 2538 198 80 qu'une

442 2622 187 82 figure
685 2626 70 57 de
789 2627 231 58 dernier
1067 2629 154 77 plan.
1283 2626 225 59 Parfois
1556 2650 77 35 un
1670 2630 269 56 ministre
1995 2626 31 59 à
2059 2630 52 56 la
2145 2630 163 56 main
2364 2626 428 70 malheureuse,
2837 2648 60 35 un

442 2735 170 37 cours
647 2715 69 57 de
741 2715 207 77 jeunes
995 2712 143 60 filles
1172 2715 244 71 attardé,
1452 2714 255 59 révélera
1758 2719 53 56 la
1846 2719 346 56 survivance
2240 2716 143 59 d'un
2420 2716 69 59 de
2541 2738 93 37 ces
2681 2714 217 68 fossiles,

443 2822 266 58 organes,
744 2801 256 59 témoins
1034 2803 177 57 d'une
1244 2801 270 60 fonction
1551 2804 211 58 abolie.

617 2892 166 57 Tous
816 2912 152 37 ceux
1001 2893 105 77 qui
1139 2893 234 56 suivent
1401 2892 70 57 de
1498 2892 129 80 près
1660 2894 52 56 le
1748 2892 305 81 triomphe
2087 2893 96 58 des
2207 2892 310 59 méthodes
2552 2892 349 58 rationnelles

445 2977 138 58 dans
615 2979 52 56 le
701 2979 126 56 clan
864 2979 70 57 de
967 2980 54 56 la
1054 2982 294 76 musique,
1382 2994 240 44 verront
1656 2980 140 59 dans
1823 3003 77 36 un
1937 3002 259 58 ouvrage
2230 2983 104 77 qui
2367 2983 166 56 vient
2568 2980 70 58 de
2672 2978 228 82 paraître

443 3086 131 37 sous
628 3067 52 56 la
734 3068 299 76 signature
1084 3067 71 57 de
1208 3069 95 56 M.
1344 3068 68 57 C.
1449 3068 71 56 de
1555 3067 354 59 Lafontaine
1931 3064 14 27 1
1995 3091 77 35 un
2122 3072 341 77 symptôme
2515 3068 283 58 heureux.
2834 3068 66 56 Le

446 3151 465 81 dépouillement
957 3153 421 81 systématique
1414 3156 137 57 d'un
1608 3154 171 60 fonds
1814 3156 325 59 d'archives
2173 3160 295 55 constitue
2521 3179 78 35 un
2635 3157 266 57 excellent

445 3255 176 63 agent
656 3241 69 57 de
758 3242 416 81 prophyllaxie
1208 3245 495 78 musicologique.
1743 3246 49 56 Il
1826 3246 187 57 arrête
2046 3245 168 58 l'élan
2251 3246 96 57 des
2383 3243 471 80 généralisateurs
2879 3240 23 58 à

443 3341 133 43 tout
609 3327 162 73 faire,
808 3331 137 56 c'est
979 3353 78 34 un
1096 3331 206 79 plomb
1336 3331 140 57 dans
1528 3332 151 57 l'aile
1713 3332 72 57 de
1818 3354 92 37 ces
1945 3333 240 58 canards
2219 3333 263 78 toujours
2515 3332 157 80 prêts
2712 3332 29 57 à
2774 3332 128 57 s'en-

555 3454 8 19 1
598 3452 90 38 The
711 3453 145 47 King's
892 3452 155 47 Musik,
1082 3467 22 24 a
1136 3454 207 52 transcript
1364 3454 46 38 of
1424 3455 154 37 records
1600 3454 167 50 relating
1800 3464 40 30 to
1872 3456 124 38 music
2030 3457 76 37 and
2141 3457 211 38 musicians
2387 3458 290 48 (1460-1700).
2712 3455 122 39 edited
2862 3453 40 49 by

447 3508 139 50 Henry
617 3509 92 36 Cart
730 3509 46 37 de
798 3508 244 48 Lafontaine,
1079 3511 64 36 M.
1176 3512 52 35 A.
1256 3512 184 47 (London
1465 3511 165 39 Novello
1662 3521 37 29 et
1728 3514 57 36 C*.
1826 3527 115 35 1909,
1972 3514 40 36 in
2035 3518 40 43 4*
2091 3514 47 37 de
2164 3527 76 35 500
2274 3515 146 50 pages).
2455 3516 45 47 Je
2536 3527 61 24 me
2628 3513 70 38 fais
2722 3527 51 23 un
2794 3510 108 55 plaisir

442 3563 191 49 d'ajouter
654 3579 75 36 que
762 3564 33 39 le
817 3579 94 24 nom
934 3567 46 37 de
1002 3575 110 30 notre
1146 3565 176 50 collègue
1344 3568 102 37 Miss
1470 3568 113 39 Cécie
1607 3570 148 37 Stainer
1777 3569 83 39 doit
1887 3570 91 46 être,
2002 3570 46 37 de
2081 3568 37 40 la
2140 3568 156 40 volonté
2319 3570 127 38 même
2468 3570 47 39 de
2536 3568 179 49 l'auteur,
2739 3568 130 39 associé
2884 3567 16 36 à

443 3629 99 30 cette
562 3621 270 52 remarquable
853 3621 244 54 publication
1126 3624 47 38 de
1195 3633 131 30 textes.
