<?xml version="1.0" encoding="UTF-8"?>
<alto xmlns:xsi="http://www.w3.org/2001/XMLSchema-instance" xmlns="http://www.loc.gov/standards/alto/ns-v2#" xsi:schemaLocation="http://www.loc.gov/standards/alto/ns-v2# http://www.loc.gov/standards/alto/alto-v2.0.xsd" xmlns:xlink="http://www.w3.org/1999/xlink">
	<Description>
		<MeasurementUnit>mm10</MeasurementUnit>
		<sourceImageInformation>
			<fileName>//fileserver7/IN2/Princeton/Batch3/bmtnabh/1909/11/15_01/00000135.tif</fileName>
		</sourceImageInformation>
		<OCRProcessing ID="OCRPROCESSING_1">
			<preProcessingStep>
				<processingSoftware>
					<softwareCreator>CCS Content Conversion Specialists GmbH, Germany</softwareCreator>
					<softwareName>CCS docWORKS</softwareName>
					<softwareVersion>6.6-1.18</softwareVersion>
				</processingSoftware>
			</preProcessingStep>
			<ocrProcessingStep>
				<processingSoftware>
					<softwareCreator>ABBYY (BIT Software), Russia</softwareCreator>
					<softwareName>FineReader</softwareName>
					<softwareVersion>10.0</softwareVersion>
				</processingSoftware>
			</ocrProcessingStep>
		</OCRProcessing>
	</Description>
	<Styles>
		<TextStyle ID="TXT_0" FONTSIZE="27" FONTFAMILY="Times New Roman"/>
		<TextStyle ID="TXT_1" FONTSIZE="21" FONTFAMILY="Times New Roman"/>
		<TextStyle ID="TXT_2" FONTSIZE="21" FONTFAMILY="Times New Roman" FONTSTYLE="italics"/>
		<TextStyle ID="TXT_3" FONTSIZE="14" FONTFAMILY="Times New Roman"/>
		<TextStyle ID="TXT_4" FONTSIZE="14" FONTFAMILY="Times New Roman" FONTSTYLE="italics"/>
		<ParagraphStyle ID="PAR_LEFT" ALIGN="Left"/>
		<ParagraphStyle ID="PAR_RIGHT" ALIGN="Right"/>
		<ParagraphStyle ID="PAR_BLOCK" ALIGN="Block"/>
	</Styles>
	<Layout>
		<Page ID="P32" PHYSICAL_IMG_NR="32" HEIGHT="4102" WIDTH="2964" PC="0.920">
			<TopMargin ID="P32_TM00001" HPOS="0" VPOS="0" WIDTH="2964" HEIGHT="312"/>
			<LeftMargin ID="P32_LM00001" HPOS="0" VPOS="312" WIDTH="55" HEIGHT="3359"/>
			<RightMargin ID="P32_RM00001" HPOS="2512" VPOS="312" WIDTH="452" HEIGHT="3359"/>
			<BottomMargin ID="P32_BM00001" HPOS="0" VPOS="3671" WIDTH="2964" HEIGHT="431"/>
			<PrintSpace ID="P32_PS00001" HPOS="55" VPOS="312" WIDTH="2457" HEIGHT="3359">
				<TextBlock ID="P32_TB00001" HPOS="672" VPOS="312" WIDTH="1155" HEIGHT="71" STYLEREFS="TXT_0 PAR_LEFT">
					<TextLine ID="P32_TL00001" HPOS="672" VPOS="313" WIDTH="1155" HEIGHT="70">
						<String ID="P32_ST00001" HPOS="672" VPOS="313" WIDTH="542" HEIGHT="67" CONTENT="EUTERPE" WC="0.77" CC="2002361"/>
						<SP ID="P32_SP00001" HPOS="1214" VPOS="380" WIDTH="63"/>
						<String ID="P32_ST00002" HPOS="1277" VPOS="314" WIDTH="550" HEIGHT="69" CONTENT="AMBIGUA" WC="0.88" CC="0060001"/>
						<SP ID="P32_SP00002" HPOS="1827" VPOS="383" WIDTH="0"/>
					</TextLine>
				</TextBlock>
				<TextBlock ID="P32_TB00002" HPOS="2325" VPOS="342" WIDTH="151" HEIGHT="69" STYLEREFS="TXT_1 PAR_RIGHT">
					<TextLine ID="P32_TL00002" HPOS="2327" VPOS="344" WIDTH="149" HEIGHT="66">
						<String ID="P32_ST00003" HPOS="2327" VPOS="344" WIDTH="94" HEIGHT="66" CONTENT="92" WC="0.25" CC="59"/>
						<String ID="P32_ST00004" HPOS="2446" VPOS="346" WIDTH="30" HEIGHT="42" CONTENT="1" WC="1.00" CC="0"/>
					</TextLine>
				</TextBlock>
				<TextBlock ID="P32_TB00003" HPOS="55" VPOS="455" WIDTH="2457" HEIGHT="2919" STYLEREFS="TXT_1 PAR_BLOCK">
					<TextLine ID="P32_TL00003" HPOS="65" VPOS="455" WIDTH="2422" HEIGHT="88">
						<String ID="P32_ST00005" HPOS="65" VPOS="489" WIDTH="66" HEIGHT="42" CONTENT="son" WC="0.96" CC="730"/>
						<SP ID="P32_SP00003" HPOS="131" VPOS="531" WIDTH="42"/>
						<String ID="P32_ST00006" HPOS="173" VPOS="471" WIDTH="184" HEIGHT="68" CONTENT="aspect" WC="0.99" CC="005004"/>
						<SP ID="P32_SP00004" HPOS="357" VPOS="539" WIDTH="48"/>
						<String ID="P32_ST00007" HPOS="405" VPOS="455" WIDTH="356" HEIGHT="58" CONTENT="discontinu." WC="1.00" CC="03000302630"/>
						<SP ID="P32_SP00005" HPOS="761" VPOS="539" WIDTH="39"/>
						<String ID="P32_ST00008" HPOS="800" VPOS="457" WIDTH="85" HEIGHT="56" CONTENT="Le" WC="1.00" CC="00"/>
						<SP ID="P32_SP00006" HPOS="885" VPOS="539" WIDTH="49"/>
						<String ID="P32_ST00009" HPOS="934" VPOS="457" WIDTH="85" HEIGHT="56" CONTENT="cri" WC="1.00" CC="000"/>
						<SP ID="P32_SP00007" HPOS="1019" VPOS="539" WIDTH="48"/>
						<String ID="P32_ST00010" HPOS="1067" VPOS="457" WIDTH="71" HEIGHT="56" CONTENT="de" WC="0.95" CC="00"/>
						<SP ID="P32_SP00008" HPOS="1138" VPOS="539" WIDTH="38"/>
						<String ID="P32_ST00011" HPOS="1176" VPOS="457" WIDTH="125" HEIGHT="78" CONTENT="joie" WC="0.98" CC="3103"/>
						<SP ID="P32_SP00009" HPOS="1301" VPOS="539" WIDTH="34"/>
						<String ID="P32_ST00012" HPOS="1335" VPOS="480" WIDTH="76" HEIGHT="35" CONTENT="ou" WC="0.82" CC="11"/>
						<SP ID="P32_SP00010" HPOS="1411" VPOS="539" WIDTH="35"/>
						<String ID="P32_ST00013" HPOS="1446" VPOS="457" WIDTH="69" HEIGHT="59" CONTENT="de" WC="0.93" CC="01"/>
						<SP ID="P32_SP00011" HPOS="1515" VPOS="539" WIDTH="35"/>
						<String ID="P32_ST00014" HPOS="1550" VPOS="459" WIDTH="268" HEIGHT="72" CONTENT="douleur," WC="0.99" CC="00450052"/>
						<SP ID="P32_SP00012" HPOS="1818" VPOS="539" WIDTH="36"/>
						<String ID="P32_ST00015" HPOS="1854" VPOS="461" WIDTH="163" HEIGHT="57" CONTENT="dit-il" WC="0.99" CC="023160"/>
						<SP ID="P32_SP00013" HPOS="2017" VPOS="539" WIDTH="39"/>
						<String ID="P32_ST00016" HPOS="2056" VPOS="463" WIDTH="79" HEIGHT="80" CONTENT="(p." WC="0.97" CC="250"/>
						<SP ID="P32_SP00014" HPOS="2135" VPOS="543" WIDTH="41"/>
						<String ID="P32_ST00017" HPOS="2176" VPOS="464" WIDTH="131" HEIGHT="77" CONTENT="93)," WC="0.65" CC="4630"/>
						<SP ID="P32_SP00015" HPOS="2307" VPOS="543" WIDTH="35"/>
						<String ID="P32_ST00018" HPOS="2342" VPOS="466" WIDTH="145" HEIGHT="58" CONTENT="n'est" WC="1.00" CC="00000"/>
					</TextLine>
					<TextLine ID="P32_TL00004" HPOS="65" VPOS="544" WIDTH="2423" HEIGHT="93">
						<String ID="P32_ST00019" HPOS="65" VPOS="574" WIDTH="78" HEIGHT="63" CONTENT="que" WC="0.96" CC="451"/>
						<SP ID="P32_SP00016" HPOS="143" VPOS="637" WIDTH="30"/>
						<String ID="P32_ST00020" HPOS="173" VPOS="557" WIDTH="30" HEIGHT="22" CONTENT='"' WC="1.00" CC="0"/>
						<SP ID="P32_SP00017" HPOS="203" VPOS="637" WIDTH="25"/>
						<String ID="P32_ST00021" HPOS="228" VPOS="544" WIDTH="370" HEIGHT="77" CONTENT="l'expression" WC="1.00" CC="013000000000"/>
						<SP ID="P32_SP00018" HPOS="598" VPOS="637" WIDTH="58"/>
						<String ID="P32_ST00022" HPOS="656" VPOS="564" WIDTH="146" HEIGHT="57" CONTENT="pure" WC="0.99" CC="0303"/>
						<SP ID="P32_SP00019" HPOS="802" VPOS="637" WIDTH="50"/>
						<String ID="P32_ST00023" HPOS="852" VPOS="558" WIDTH="58" HEIGHT="43" CONTENT="et" WC="0.87" CC="02"/>
						<SP ID="P32_SP00020" HPOS="910" VPOS="637" WIDTH="50"/>
						<String ID="P32_ST00024" HPOS="960" VPOS="545" WIDTH="211" HEIGHT="78" CONTENT="simple" WC="1.00" CC="022000"/>
						<SP ID="P32_SP00021" HPOS="1171" VPOS="637" WIDTH="51"/>
						<String ID="P32_ST00025" HPOS="1222" VPOS="545" WIDTH="212" HEIGHT="79" CONTENT="simple" WC="1.00" CC="001030"/>
						<SP ID="P32_SP00022" HPOS="1434" VPOS="637" WIDTH="51"/>
						<String ID="P32_ST00026" HPOS="1485" VPOS="545" WIDTH="174" HEIGHT="59" CONTENT="d'une" WC="0.99" CC="00400"/>
						<SP ID="P32_SP00023" HPOS="1659" VPOS="637" WIDTH="55"/>
						<String ID="P32_ST00027" HPOS="1714" VPOS="550" WIDTH="290" HEIGHT="56" CONTENT="sensation" WC="0.99" CC="010035441"/>
						<SP ID="P32_SP00024" HPOS="2004" VPOS="637" WIDTH="129"/>
						<String ID="P32_ST00028" HPOS="2133" VPOS="551" WIDTH="158" HEIGHT="58" CONTENT="Pour" WC="0.99" CC="0060"/>
						<SP ID="P32_SP00025" HPOS="2291" VPOS="637" WIDTH="51"/>
						<String ID="P32_ST00029" HPOS="2342" VPOS="553" WIDTH="146" HEIGHT="77" CONTENT="qu'il" WC="0.99" CC="54000"/>
					</TextLine>
					<TextLine ID="P32_TL00005" HPOS="64" VPOS="629" WIDTH="2423" HEIGHT="95">
						<String ID="P32_ST00030" HPOS="64" VPOS="659" WIDTH="115" HEIGHT="65" CONTENT="passe" WC="0.99" CC="72000"/>
						<SP ID="P32_SP00026" HPOS="179" VPOS="724" WIDTH="31"/>
						<String ID="P32_ST00031" HPOS="210" VPOS="634" WIDTH="27" HEIGHT="57" CONTENT="à" WC="0.51" CC="4"/>
						<SP ID="P32_SP00027" HPOS="237" VPOS="724" WIDTH="30"/>
						<String ID="P32_ST00032" HPOS="267" VPOS="629" WIDTH="160" HEIGHT="60" CONTENT="l'état" WC="0.99" CC="007002"/>
						<SP ID="P32_SP00028" HPOS="427" VPOS="724" WIDTH="36"/>
						<String ID="P32_ST00033" HPOS="463" VPOS="629" WIDTH="69" HEIGHT="58" CONTENT="de" WC="1.00" CC="00"/>
						<SP ID="P32_SP00029" HPOS="532" VPOS="724" WIDTH="35"/>
						<String ID="P32_ST00034" HPOS="567" VPOS="629" WIDTH="180" HEIGHT="58" CONTENT="chant" WC="0.98" CC="06044"/>
						<SP ID="P32_SP00030" HPOS="747" VPOS="724" WIDTH="33"/>
						<String ID="P32_ST00035" HPOS="780" VPOS="647" WIDTH="386" HEIGHT="63" CONTENT="proprement" WC="1.00" CC="0000300020"/>
						<SP ID="P32_SP00031" HPOS="1166" VPOS="724" WIDTH="34"/>
						<String ID="P32_ST00036" HPOS="1200" VPOS="631" WIDTH="107" HEIGHT="70" CONTENT="dit," WC="0.98" CC="0241"/>
						<SP ID="P32_SP00032" HPOS="1307" VPOS="724" WIDTH="34"/>
						<String ID="P32_ST00037" HPOS="1341" VPOS="654" WIDTH="154" HEIGHT="57" CONTENT="pour" WC="1.00" CC="0002"/>
						<SP ID="P32_SP00033" HPOS="1495" VPOS="724" WIDTH="33"/>
						<String ID="P32_ST00038" HPOS="1528" VPOS="634" WIDTH="145" HEIGHT="77" CONTENT="qu'il" WC="0.99" CC="35200"/>
						<SP ID="P32_SP00034" HPOS="1673" VPOS="724" WIDTH="33"/>
						<String ID="P32_ST00039" HPOS="1706" VPOS="656" WIDTH="37" HEIGHT="58" CONTENT="y" WC="0.43" CC="5"/>
						<SP ID="P32_SP00035" HPOS="1743" VPOS="724" WIDTH="49"/>
						<String ID="P32_ST00040" HPOS="1792" VPOS="638" WIDTH="82" HEIGHT="54" CONTENT="ait" WC="0.97" CC="502"/>
						<SP ID="P32_SP00036" HPOS="1874" VPOS="724" WIDTH="49"/>
						<String ID="P32_ST00041" HPOS="1923" VPOS="644" WIDTH="36" HEIGHT="23" CONTENT='"' WC="0.85" CC="1"/>
						<SP ID="P32_SP00037" HPOS="1959" VPOS="724" WIDTH="26"/>
						<String ID="P32_ST00042" HPOS="1985" VPOS="635" WIDTH="325" HEIGHT="60" CONTENT="formation" WC="0.99" CC="502080005"/>
						<SP ID="P32_SP00038" HPOS="2310" VPOS="724" WIDTH="36"/>
						<String ID="P32_ST00043" HPOS="2346" VPOS="642" WIDTH="113" HEIGHT="55" CONTENT="arti" SUBS_TYPE="HypPart1" SUBS_CONTENT="artistique" WC="0.99" CC="6002"/>
						<HYP HPOS="2459" VPOS="642" WIDTH="28" CONTENT="-"/>
					</TextLine>
					<TextLine ID="P32_TL00006" HPOS="64" VPOS="717" WIDTH="2422" HEIGHT="87">
						<String ID="P32_ST00044" HPOS="64" VPOS="731" WIDTH="145" HEIGHT="73" CONTENT="stique" SUBS_TYPE="HypPart2" SUBS_CONTENT="artistique" WC="0.99" CC="006350"/>
						<SP ID="P32_SP00039" HPOS="209" VPOS="804" WIDTH="21"/>
						<String ID="P32_ST00045" HPOS="230" VPOS="722" WIDTH="29" HEIGHT="19" CONTENT='"' WC="0.51" CC="4"/>
						<SP ID="P32_SP00040" HPOS="259" VPOS="804" WIDTH="37"/>
						<String ID="P32_ST00046" HPOS="296" VPOS="719" WIDTH="40" HEIGHT="56" CONTENT="il" WC="0.85" CC="20"/>
						<SP ID="P32_SP00041" HPOS="336" VPOS="804" WIDTH="31"/>
						<String ID="P32_ST00047" HPOS="367" VPOS="717" WIDTH="127" HEIGHT="57" CONTENT="faut" WC="0.96" CC="7603"/>
						<SP ID="P32_SP00042" HPOS="494" VPOS="804" WIDTH="27"/>
						<String ID="P32_ST00048" HPOS="521" VPOS="739" WIDTH="251" HEIGHT="58" CONTENT="opposer" WC="1.00" CC="3000000"/>
						<SP ID="P32_SP00043" HPOS="772" VPOS="804" WIDTH="32"/>
						<String ID="P32_ST00049" HPOS="804" VPOS="720" WIDTH="79" HEIGHT="55" CONTENT="les" WC="1.00" CC="000"/>
						<SP ID="P32_SP00044" HPOS="883" VPOS="804" WIDTH="34"/>
						<String ID="P32_ST00050" HPOS="917" VPOS="739" WIDTH="107" HEIGHT="36" CONTENT="uns" WC="0.99" CC="020"/>
						<SP ID="P32_SP00045" HPOS="1024" VPOS="804" WIDTH="25"/>
						<String ID="P32_ST00051" HPOS="1049" VPOS="741" WIDTH="117" HEIGHT="35" CONTENT="aux" WC="1.00" CC="000"/>
						<SP ID="P32_SP00046" HPOS="1166" VPOS="804" WIDTH="26"/>
						<String ID="P32_ST00052" HPOS="1192" VPOS="736" WIDTH="191" HEIGHT="42" CONTENT="autres" WC="1.00" CC="040000"/>
						<SP ID="P32_SP00047" HPOS="1383" VPOS="804" WIDTH="28"/>
						<String ID="P32_ST00053" HPOS="1411" VPOS="728" WIDTH="36" HEIGHT="23" CONTENT='"' WC="1.00" CC="0"/>
						<SP ID="P32_SP00048" HPOS="1447" VPOS="804" WIDTH="28"/>
						<String ID="P32_ST00054" HPOS="1475" VPOS="720" WIDTH="98" HEIGHT="58" CONTENT="des" WC="1.00" CC="000"/>
						<SP ID="P32_SP00049" HPOS="1573" VPOS="804" WIDTH="25"/>
						<String ID="P32_ST00055" HPOS="1598" VPOS="742" WIDTH="131" HEIGHT="37" CONTENT="sons" WC="0.99" CC="0020"/>
						<SP ID="P32_SP00050" HPOS="1729" VPOS="804" WIDTH="26"/>
						<String ID="P32_ST00056" HPOS="1755" VPOS="722" WIDTH="394" HEIGHT="61" CONTENT="d'intonation" WC="1.00" CC="000000104001"/>
						<SP ID="P32_SP00051" HPOS="2149" VPOS="804" WIDTH="28"/>
						<String ID="P32_ST00057" HPOS="2177" VPOS="725" WIDTH="309" HEIGHT="59" CONTENT="différente" WC="0.99" CC="0078801140"/>
					</TextLine>
					<TextLine ID="P32_TL00007" HPOS="65" VPOS="804" WIDTH="2422" HEIGHT="80">
						<String ID="P32_ST00058" HPOS="65" VPOS="832" WIDTH="34" HEIGHT="43" CONTENT="et" WC="0.52" CC="63"/>
						<SP ID="P32_SP00052" HPOS="99" VPOS="875" WIDTH="26"/>
						<String ID="P32_ST00059" HPOS="125" VPOS="819" WIDTH="307" HEIGHT="50" CONTENT="nettement" WC="0.99" CC="023000055"/>
						<SP ID="P32_SP00053" HPOS="432" VPOS="875" WIDTH="34"/>
						<String ID="P32_ST00060" HPOS="466" VPOS="804" WIDTH="372" HEIGHT="80" CONTENT="appréciable" WC="1.00" CC="00020020000"/>
						<SP ID="P32_SP00054" HPOS="838" VPOS="884" WIDTH="27"/>
						<String ID="P32_ST00061" HPOS="865" VPOS="807" WIDTH="51" HEIGHT="70" CONTENT='",' WC="0.96" CC="00"/>
						<SP ID="P32_SP00055" HPOS="916" VPOS="884" WIDTH="37"/>
						<String ID="P32_ST00062" HPOS="953" VPOS="805" WIDTH="479" HEIGHT="60" CONTENT="conformément" WC="1.00" CC="000000000030"/>
						<SP ID="P32_SP00056" HPOS="1432" VPOS="884" WIDTH="33"/>
						<String ID="P32_ST00063" HPOS="1465" VPOS="807" WIDTH="30" HEIGHT="57" CONTENT="à" WC="0.31" CC="6"/>
						<SP ID="P32_SP00057" HPOS="1495" VPOS="884" WIDTH="46"/>
						<String ID="P32_ST00064" HPOS="1541" VPOS="817" WIDTH="37" HEIGHT="21" CONTENT='"' WC="0.64" CC="3"/>
						<SP ID="P32_SP00058" HPOS="1578" VPOS="884" WIDTH="22"/>
						<String ID="P32_ST00065" HPOS="1600" VPOS="812" WIDTH="286" HEIGHT="56" CONTENT="certaines" WC="1.00" CC="000503000"/>
						<SP ID="P32_SP00059" HPOS="1886" VPOS="884" WIDTH="531"/>
						<String ID="P32_ST00066" HPOS="2417" VPOS="814" WIDTH="70" HEIGHT="59" CONTENT="de" WC="0.92" CC="01"/>
					</TextLine>
					<TextLine ID="P32_TL00008" HPOS="65" VPOS="894" WIDTH="556" HEIGHT="68">
						<String ID="P32_ST00067" HPOS="65" VPOS="908" WIDTH="32" HEIGHT="54" CONTENT="la" WC="0.69" CC="06"/>
						<SP ID="P32_SP00060" HPOS="97" VPOS="962" WIDTH="23"/>
						<String ID="P32_ST00068" HPOS="120" VPOS="913" WIDTH="181" HEIGHT="45" CONTENT="nature" WC="0.98" CC="266110"/>
						<SP ID="P32_SP00061" HPOS="301" VPOS="962" WIDTH="35"/>
						<String ID="P32_ST00069" HPOS="336" VPOS="894" WIDTH="285" HEIGHT="57" CONTENT="humaine" WC="0.99" CC="3000060"/>
					</TextLine>
					<TextLine ID="P32_TL00009" HPOS="193" VPOS="993" WIDTH="2294" HEIGHT="82">
						<String ID="P32_ST00070" HPOS="193" VPOS="996" WIDTH="78" HEIGHT="56" CONTENT="La" WC="0.68" CC="60"/>
						<SP ID="P32_SP00062" HPOS="271" VPOS="1052" WIDTH="25"/>
						<String ID="P32_ST00071" HPOS="296" VPOS="995" WIDTH="197" HEIGHT="56" CONTENT="même" WC="0.99" CC="0104"/>
						<SP ID="P32_SP00063" HPOS="493" VPOS="1052" WIDTH="27"/>
						<String ID="P32_ST00072" HPOS="520" VPOS="995" WIDTH="247" HEIGHT="77" CONTENT="opinion" WC="1.00" CC="0006000"/>
						<SP ID="P32_SP00064" HPOS="767" VPOS="1072" WIDTH="27"/>
						<String ID="P32_ST00073" HPOS="794" VPOS="993" WIDTH="251" HEIGHT="79" CONTENT="reparaît" WC="1.00" CC="00700020"/>
						<SP ID="P32_SP00065" HPOS="1045" VPOS="1072" WIDTH="26"/>
						<String ID="P32_ST00074" HPOS="1071" VPOS="996" WIDTH="236" HEIGHT="77" CONTENT="lorsque" WC="1.00" CC="0000000"/>
						<SP ID="P32_SP00066" HPOS="1307" VPOS="1073" WIDTH="28"/>
						<String ID="P32_ST00075" HPOS="1335" VPOS="996" WIDTH="97" HEIGHT="57" CONTENT="M." WC="0.79" CC="04"/>
						<SP ID="P32_SP00067" HPOS="1432" VPOS="1073" WIDTH="33"/>
						<String ID="P32_ST00076" HPOS="1465" VPOS="996" WIDTH="298" HEIGHT="57" CONTENT="Riemann" WC="0.89" CC="4000020"/>
						<SP ID="P32_SP00068" HPOS="1763" VPOS="1073" WIDTH="18"/>
						<String ID="P32_ST00077" HPOS="1781" VPOS="996" WIDTH="223" HEIGHT="79" CONTENT="justifie" WC="0.98" CC="49000670"/>
						<SP ID="P32_SP00069" HPOS="2004" VPOS="1075" WIDTH="24"/>
						<String ID="P32_ST00078" HPOS="2028" VPOS="1000" WIDTH="459" HEIGHT="59" CONTENT="l'instantanéité" WC="1.00" CC="000503044008300"/>
					</TextLine>
					<TextLine ID="P32_TL00010" HPOS="64" VPOS="1081" WIDTH="2424" HEIGHT="80">
						<String ID="P32_ST00079" HPOS="64" VPOS="1106" WIDTH="96" HEIGHT="41" CONTENT="avec" WC="0.98" CC="3420"/>
						<SP ID="P32_SP00070" HPOS="160" VPOS="1147" WIDTH="28"/>
						<String ID="P32_ST00080" HPOS="188" VPOS="1082" WIDTH="243" HEIGHT="79" CONTENT="laquelle" WC="0.99" CC="04900013"/>
						<SP ID="P32_SP00071" HPOS="431" VPOS="1161" WIDTH="32"/>
						<String ID="P32_ST00081" HPOS="463" VPOS="1082" WIDTH="53" HEIGHT="56" CONTENT="le" WC="0.94" CC="10"/>
						<SP ID="P32_SP00072" HPOS="516" VPOS="1161" WIDTH="35"/>
						<String ID="P32_ST00082" HPOS="551" VPOS="1082" WIDTH="287" HEIGHT="56" CONTENT="musicien" WC="1.00" CC="00000306"/>
						<SP ID="P32_SP00073" HPOS="838" VPOS="1161" WIDTH="49"/>
						<String ID="P32_ST00083" HPOS="887" VPOS="1089" WIDTH="35" HEIGHT="23" CONTENT='"' WC="0.74" CC="2"/>
						<SP ID="P32_SP00074" HPOS="922" VPOS="1161" WIDTH="28"/>
						<String ID="P32_ST00084" HPOS="950" VPOS="1081" WIDTH="327" HEIGHT="80" CONTENT="comprend" WC="1.00" CC="00000000"/>
						<SP ID="P32_SP00075" HPOS="1277" VPOS="1161" WIDTH="49"/>
						<String ID="P32_ST00085" HPOS="1326" VPOS="1081" WIDTH="343" HEIGHT="60" CONTENT="réellement" WC="1.00" CC="4000100010"/>
						<SP ID="P32_SP00076" HPOS="1669" VPOS="1161" WIDTH="50"/>
						<String ID="P32_ST00086" HPOS="1719" VPOS="1086" WIDTH="80" HEIGHT="56" CONTENT="les" WC="1.00" CC="000"/>
						<SP ID="P32_SP00077" HPOS="1799" VPOS="1161" WIDTH="49"/>
						<String ID="P32_ST00087" HPOS="1848" VPOS="1089" WIDTH="356" HEIGHT="56" CONTENT="successions" WC="1.00" CC="00000003000"/>
						<SP ID="P32_SP00078" HPOS="2204" VPOS="1161" WIDTH="51"/>
						<String ID="P32_ST00088" HPOS="2255" VPOS="1110" WIDTH="233" HEIGHT="37" CONTENT="sonores" WC="1.00" CC="0000300"/>
					</TextLine>
					<TextLine ID="P32_TL00011" HPOS="64" VPOS="1169" WIDTH="2422" HEIGHT="81">
						<String ID="P32_ST00089" HPOS="64" VPOS="1184" WIDTH="21" HEIGHT="23" CONTENT='"' WC="0.94" CC="0"/>
						<SP ID="P32_SP00079" HPOS="85" VPOS="1207" WIDTH="23"/>
						<String ID="P32_ST00090" HPOS="108" VPOS="1176" WIDTH="62" HEIGHT="55" CONTENT="les" WC="0.98" CC="050"/>
						<SP ID="P32_SP00080" HPOS="170" VPOS="1231" WIDTH="22"/>
						<String ID="P32_ST00091" HPOS="192" VPOS="1171" WIDTH="125" HEIGHT="79" CONTENT="plus" WC="0.97" CC="9200"/>
						<SP ID="P32_SP00081" HPOS="317" VPOS="1250" WIDTH="26"/>
						<String ID="P32_ST00092" HPOS="343" VPOS="1169" WIDTH="248" HEIGHT="78" CONTENT="rapides," WC="1.00" CC="00040000"/>
						<SP ID="P32_SP00082" HPOS="591" VPOS="1250" WIDTH="24"/>
						<String ID="P32_ST00093" HPOS="615" VPOS="1183" WIDTH="57" HEIGHT="43" CONTENT="et" WC="0.85" CC="02"/>
						<SP ID="P32_SP00083" HPOS="672" VPOS="1250" WIDTH="27"/>
						<String ID="P32_ST00094" HPOS="699" VPOS="1183" WIDTH="145" HEIGHT="64" CONTENT="peut" WC="0.99" CC="0050"/>
						<SP ID="P32_SP00084" HPOS="844" VPOS="1250" WIDTH="21"/>
						<String ID="P32_ST00095" HPOS="865" VPOS="1170" WIDTH="197" HEIGHT="57" CONTENT="même" WC="1.00" CC="0000"/>
						<SP ID="P32_SP00085" HPOS="1062" VPOS="1250" WIDTH="27"/>
						<String ID="P32_ST00096" HPOS="1089" VPOS="1192" WIDTH="70" HEIGHT="35" CONTENT="en" WC="0.84" CC="03"/>
						<SP ID="P32_SP00086" HPOS="1159" VPOS="1250" WIDTH="27"/>
						<String ID="P32_ST00097" HPOS="1186" VPOS="1171" WIDTH="263" HEIGHT="78" CONTENT="corriger" WC="0.99" CC="20007410"/>
						<SP ID="P32_SP00087" HPOS="1449" VPOS="1250" WIDTH="24"/>
						<String ID="P32_ST00098" HPOS="1473" VPOS="1172" WIDTH="80" HEIGHT="56" CONTENT="les" WC="0.99" CC="200"/>
						<SP ID="P32_SP00088" HPOS="1553" VPOS="1250" WIDTH="26"/>
						<String ID="P32_ST00099" HPOS="1579" VPOS="1172" WIDTH="433" HEIGHT="59" CONTENT="inexactitudes" WC="1.00" CC="0400406004000"/>
						<SP ID="P32_SP00089" HPOS="2012" VPOS="1250" WIDTH="27"/>
						<String ID="P32_ST00100" HPOS="2039" VPOS="1175" WIDTH="396" HEIGHT="60" CONTENT="d'intonation" WC="1.00" CC="004000530002"/>
						<SP ID="P32_SP00090" HPOS="2435" VPOS="1250" WIDTH="19"/>
						<String ID="P32_ST00101" HPOS="2454" VPOS="1178" WIDTH="32" HEIGHT="20" CONTENT='"' WC="1.00" CC="0"/>
					</TextLine>
					<TextLine ID="P32_TL00012" HPOS="68" VPOS="1255" WIDTH="2419" HEIGHT="88">
						<String ID="P32_ST00102" HPOS="68" VPOS="1264" WIDTH="50" HEIGHT="77" CONTENT="(p." WC="0.98" CC="060"/>
						<SP ID="P32_SP00091" HPOS="118" VPOS="1341" WIDTH="28"/>
						<String ID="P32_ST00103" HPOS="146" VPOS="1259" WIDTH="150" HEIGHT="77" CONTENT="103)." WC="0.60" CC="25342"/>
						<SP ID="P32_SP00092" HPOS="296" VPOS="1341" WIDTH="32"/>
						<String ID="P32_ST00104" HPOS="328" VPOS="1258" WIDTH="218" HEIGHT="62" CONTENT="Quand" WC="0.99" CC="50300"/>
						<SP ID="P32_SP00093" HPOS="546" VPOS="1341" WIDTH="32"/>
						<String ID="P32_ST00105" HPOS="578" VPOS="1259" WIDTH="53" HEIGHT="54" CONTENT="la" WC="0.80" CC="40"/>
						<SP ID="P32_SP00094" HPOS="631" VPOS="1341" WIDTH="35"/>
						<String ID="P32_ST00106" HPOS="666" VPOS="1255" WIDTH="244" HEIGHT="58" CONTENT="tonalité" WC="0.99" CC="00301247"/>
						<SP ID="P32_SP00095" HPOS="910" VPOS="1341" WIDTH="34"/>
						<String ID="P32_ST00107" HPOS="944" VPOS="1279" WIDTH="30" HEIGHT="36" CONTENT="a" WC="1.00" CC="0"/>
						<SP ID="P32_SP00096" HPOS="974" VPOS="1341" WIDTH="33"/>
						<String ID="P32_ST00108" HPOS="1007" VPOS="1256" WIDTH="92" HEIGHT="59" CONTENT="été" WC="0.94" CC="727"/>
						<SP ID="P32_SP00097" HPOS="1099" VPOS="1341" WIDTH="34"/>
						<String ID="P32_ST00109" HPOS="1133" VPOS="1258" WIDTH="212" HEIGHT="58" CONTENT="établie" WC="0.99" CC="6050400"/>
						<SP ID="P32_SP00098" HPOS="1345" VPOS="1341" WIDTH="35"/>
						<String ID="P32_ST00110" HPOS="1380" VPOS="1280" WIDTH="104" HEIGHT="58" CONTENT="par" WC="0.98" CC="060"/>
						<SP ID="P32_SP00099" HPOS="1484" VPOS="1341" WIDTH="30"/>
						<String ID="P32_ST00111" HPOS="1514" VPOS="1261" WIDTH="52" HEIGHT="55" CONTENT="le" WC="1.00" CC="00"/>
						<SP ID="P32_SP00100" HPOS="1566" VPOS="1341" WIDTH="28"/>
						<String ID="P32_ST00112" HPOS="1594" VPOS="1259" WIDTH="182" HEIGHT="58" CONTENT="début" WC="0.98" CC="07340"/>
						<SP ID="P32_SP00101" HPOS="1776" VPOS="1341" WIDTH="23"/>
						<String ID="P32_ST00113" HPOS="1799" VPOS="1260" WIDTH="78" HEIGHT="57" CONTENT="du" WC="1.00" CC="00"/>
						<SP ID="P32_SP00102" HPOS="1877" VPOS="1341" WIDTH="27"/>
						<String ID="P32_ST00114" HPOS="1904" VPOS="1283" WIDTH="300" HEIGHT="51" CONTENT="morceau," WC="1.00" CC="00430010"/>
						<SP ID="P32_SP00103" HPOS="2204" VPOS="1341" WIDTH="23"/>
						<String ID="P32_ST00115" HPOS="2227" VPOS="1265" WIDTH="260" HEIGHT="78" CONTENT="l'organe" WC="0.99" CC="03106220"/>
					</TextLine>
					<TextLine ID="P32_TL00013" HPOS="65" VPOS="1344" WIDTH="2422" HEIGHT="86">
						<String ID="P32_ST00116" HPOS="65" VPOS="1344" WIDTH="172" HEIGHT="62" CONTENT="auditif" WC="0.99" CC="7040400"/>
						<SP ID="P32_SP00104" HPOS="237" VPOS="1406" WIDTH="39"/>
						<String ID="P32_ST00117" HPOS="276" VPOS="1344" WIDTH="291" HEIGHT="58" CONTENT="s'accorde" WC="1.00" CC="010000104"/>
						<SP ID="P32_SP00105" HPOS="567" VPOS="1406" WIDTH="54"/>
						<String ID="P32_ST00118" HPOS="621" VPOS="1366" WIDTH="153" HEIGHT="57" CONTENT="pour" WC="1.00" CC="0000"/>
						<SP ID="P32_SP00106" HPOS="774" VPOS="1423" WIDTH="54"/>
						<String ID="P32_ST00119" HPOS="828" VPOS="1346" WIDTH="145" HEIGHT="56" CONTENT="ainsi" WC="0.99" CC="73000"/>
						<SP ID="P32_SP00107" HPOS="973" VPOS="1423" WIDTH="52"/>
						<String ID="P32_ST00120" HPOS="1025" VPOS="1345" WIDTH="123" HEIGHT="56" CONTENT="dire" WC="0.99" CC="0210"/>
						<SP ID="P32_SP00108" HPOS="1148" VPOS="1423" WIDTH="49"/>
						<String ID="P32_ST00121" HPOS="1197" VPOS="1367" WIDTH="95" HEIGHT="37" CONTENT="sur" WC="0.97" CC="034"/>
						<SP ID="P32_SP00109" HPOS="1292" VPOS="1423" WIDTH="48"/>
						<String ID="P32_ST00122" HPOS="1340" VPOS="1348" WIDTH="53" HEIGHT="54" CONTENT="la" WC="1.00" CC="00"/>
						<SP ID="P32_SP00110" HPOS="1393" VPOS="1423" WIDTH="47"/>
						<String ID="P32_ST00123" HPOS="1440" VPOS="1368" WIDTH="240" HEIGHT="57" CONTENT="gamme" WC="1.00" CC="00000"/>
						<SP ID="P32_SP00111" HPOS="1680" VPOS="1425" WIDTH="34"/>
						<String ID="P32_ST00124" HPOS="1714" VPOS="1348" WIDTH="330" HEIGHT="80" CONTENT="employée," WC="0.99" CC="000006751"/>
						<SP ID="P32_SP00112" HPOS="2044" VPOS="1428" WIDTH="35"/>
						<String ID="P32_ST00125" HPOS="2079" VPOS="1372" WIDTH="71" HEIGHT="34" CONTENT="en" WC="0.92" CC="10"/>
						<SP ID="P32_SP00113" HPOS="2150" VPOS="1428" WIDTH="36"/>
						<String ID="P32_ST00126" HPOS="2186" VPOS="1366" WIDTH="151" HEIGHT="41" CONTENT="sorte" WC="0.99" CC="00500"/>
						<SP ID="P32_SP00114" HPOS="2337" VPOS="1428" WIDTH="36"/>
						<String ID="P32_ST00127" HPOS="2373" VPOS="1373" WIDTH="114" HEIGHT="57" CONTENT="que" WC="0.98" CC="050"/>
					</TextLine>
					<TextLine ID="P32_TL00014" HPOS="65" VPOS="1433" WIDTH="2423" HEIGHT="82">
						<String ID="P32_ST00128" HPOS="65" VPOS="1454" WIDTH="103" HEIGHT="39" CONTENT="nous" WC="0.99" CC="6000"/>
						<SP ID="P32_SP00115" HPOS="168" VPOS="1493" WIDTH="30"/>
						<String ID="P32_ST00129" HPOS="198" VPOS="1453" WIDTH="172" HEIGHT="37" CONTENT="avons" WC="0.99" CC="50000"/>
						<SP ID="P32_SP00116" HPOS="370" VPOS="1493" WIDTH="34"/>
						<String ID="P32_ST00130" HPOS="404" VPOS="1433" WIDTH="277" HEIGHT="56" CONTENT="d'avance" WC="1.00" CC="03000600"/>
						<SP ID="P32_SP00117" HPOS="681" VPOS="1493" WIDTH="33"/>
						<String ID="P32_ST00131" HPOS="714" VPOS="1434" WIDTH="52" HEIGHT="55" CONTENT="le" WC="0.93" CC="10"/>
						<SP ID="P32_SP00118" HPOS="766" VPOS="1493" WIDTH="33"/>
						<String ID="P32_ST00132" HPOS="799" VPOS="1434" WIDTH="321" HEIGHT="56" CONTENT="sentiment" WC="0.99" CC="003400045"/>
						<SP ID="P32_SP00119" HPOS="1120" VPOS="1493" WIDTH="35"/>
						<String ID="P32_ST00133" HPOS="1155" VPOS="1433" WIDTH="99" HEIGHT="57" CONTENT="des" WC="0.99" CC="020"/>
						<SP ID="P32_SP00120" HPOS="1254" VPOS="1493" WIDTH="33"/>
						<String ID="P32_ST00134" HPOS="1287" VPOS="1454" WIDTH="131" HEIGHT="37" CONTENT="sons" WC="0.99" CC="0040"/>
						<SP ID="P32_SP00121" HPOS="1418" VPOS="1493" WIDTH="34"/>
						<String ID="P32_ST00135" HPOS="1452" VPOS="1437" WIDTH="103" HEIGHT="76" CONTENT="qui" WC="0.99" CC="020"/>
						<SP ID="P32_SP00122" HPOS="1555" VPOS="1513" WIDTH="34"/>
						<String ID="P32_ST00136" HPOS="1589" VPOS="1449" WIDTH="262" HEIGHT="64" CONTENT="peuvent" WC="1.00" CC="0000010"/>
						<SP ID="P32_SP00123" HPOS="1851" VPOS="1513" WIDTH="34"/>
						<String ID="P32_ST00137" HPOS="1885" VPOS="1457" WIDTH="56" HEIGHT="36" CONTENT="se" WC="0.98" CC="00"/>
						<SP ID="P32_SP00124" HPOS="1941" VPOS="1513" WIDTH="27"/>
						<String ID="P32_ST00138" HPOS="1968" VPOS="1435" WIDTH="299" HEIGHT="80" CONTENT="présenter" WC="0.99" CC="707024003"/>
						<SP ID="P32_SP00125" HPOS="2267" VPOS="1515" WIDTH="35"/>
						<String ID="P32_ST00139" HPOS="2302" VPOS="1465" WIDTH="12" HEIGHT="43" CONTENT=";" WC="0.45" CC="5"/>
						<SP ID="P32_SP00126" HPOS="2314" VPOS="1515" WIDTH="27"/>
						<String ID="P32_ST00140" HPOS="2341" VPOS="1461" WIDTH="147" HEIGHT="37" CONTENT="nous" WC="0.98" CC="6400"/>
					</TextLine>
					<TextLine ID="P32_TL00015" HPOS="63" VPOS="1519" WIDTH="2424" HEIGHT="85">
						<String ID="P32_ST00141" HPOS="63" VPOS="1523" WIDTH="185" HEIGHT="57" CONTENT="n'avons" WC="0.99" CC="0060020"/>
						<SP ID="P32_SP00127" HPOS="248" VPOS="1580" WIDTH="33"/>
						<String ID="P32_ST00142" HPOS="281" VPOS="1520" WIDTH="152" HEIGHT="56" CONTENT="donc" WC="0.99" CC="0030"/>
						<SP ID="P32_SP00128" HPOS="433" VPOS="1580" WIDTH="35"/>
						<String ID="P32_ST00143" HPOS="468" VPOS="1520" WIDTH="129" HEIGHT="78" CONTENT="plus" WC="0.99" CC="0400"/>
						<SP ID="P32_SP00129" HPOS="597" VPOS="1598" WIDTH="32"/>
						<String ID="P32_ST00144" HPOS="629" VPOS="1520" WIDTH="201" HEIGHT="58" CONTENT="besoin" WC="0.99" CC="000312"/>
						<SP ID="P32_SP00130" HPOS="830" VPOS="1598" WIDTH="36"/>
						<String ID="P32_ST00145" HPOS="866" VPOS="1519" WIDTH="301" HEIGHT="59" CONTENT="d'écouter" WC="1.00" CC="006000000"/>
						<SP ID="P32_SP00131" HPOS="1167" VPOS="1598" WIDTH="32"/>
						<String ID="P32_ST00146" HPOS="1199" VPOS="1543" WIDTH="140" HEIGHT="36" CONTENT="avec" WC="1.00" CC="0000"/>
						<SP ID="P32_SP00132" HPOS="1339" VPOS="1598" WIDTH="34"/>
						<String ID="P32_ST00147" HPOS="1373" VPOS="1523" WIDTH="292" HEIGHT="56" CONTENT="attention" WC="0.99" CC="044095300"/>
						<SP ID="P32_SP00133" HPOS="1665" VPOS="1598" WIDTH="46"/>
						<String ID="P32_ST00148" HPOS="1711" VPOS="1522" WIDTH="231" HEIGHT="58" CONTENT="chacun" WC="0.98" CC="054045"/>
						<SP ID="P32_SP00134" HPOS="1942" VPOS="1598" WIDTH="50"/>
						<String ID="P32_ST00149" HPOS="1992" VPOS="1524" WIDTH="177" HEIGHT="57" CONTENT="d'eux" WC="0.99" CC="00060"/>
						<SP ID="P32_SP00135" HPOS="2169" VPOS="1598" WIDTH="47"/>
						<String ID="P32_ST00150" HPOS="2216" VPOS="1547" WIDTH="152" HEIGHT="57" CONTENT="pour" WC="1.00" CC="0000"/>
						<SP ID="P32_SP00136" HPOS="2368" VPOS="1604" WIDTH="47"/>
						<String ID="P32_ST00151" HPOS="2415" VPOS="1548" WIDTH="72" HEIGHT="36" CONTENT="en" WC="0.89" CC="01"/>
					</TextLine>
					<TextLine ID="P32_TL00016" HPOS="61" VPOS="1607" WIDTH="2425" HEIGHT="85">
						<String ID="P32_ST00152" HPOS="61" VPOS="1607" WIDTH="252" HEIGHT="81" CONTENT="apprécier" WC="0.99" CC="452460200"/>
						<SP ID="P32_SP00137" HPOS="313" VPOS="1688" WIDTH="49"/>
						<String ID="P32_ST00153" HPOS="362" VPOS="1608" WIDTH="531" HEIGHT="57" CONTENT="minutieusement" WC="1.00" CC="03630000050040"/>
						<SP ID="P32_SP00138" HPOS="893" VPOS="1688" WIDTH="47"/>
						<String ID="P32_ST00154" HPOS="940" VPOS="1611" WIDTH="53" HEIGHT="54" CONTENT="la" WC="0.84" CC="21"/>
						<SP ID="P32_SP00139" HPOS="993" VPOS="1688" WIDTH="49"/>
						<String ID="P32_ST00155" HPOS="1042" VPOS="1608" WIDTH="254" HEIGHT="59" CONTENT="hauteur" WC="0.99" CC="5050042"/>
						<SP ID="P32_SP00140" HPOS="1296" VPOS="1688" WIDTH="33"/>
						<String ID="P32_ST00156" HPOS="1329" VPOS="1635" WIDTH="12" HEIGHT="44" CONTENT=";" WC="0.60" CC="3"/>
						<SP ID="P32_SP00141" HPOS="1341" VPOS="1688" WIDTH="55"/>
						<String ID="P32_ST00157" HPOS="1396" VPOS="1618" WIDTH="36" HEIGHT="22" CONTENT='"' WC="0.61" CC="3"/>
						<SP ID="P32_SP00142" HPOS="1432" VPOS="1688" WIDTH="29"/>
						<String ID="P32_ST00158" HPOS="1461" VPOS="1609" WIDTH="231" HEIGHT="80" CONTENT="chaque" WC="0.99" CC="052060"/>
						<SP ID="P32_SP00143" HPOS="1692" VPOS="1689" WIDTH="33"/>
						<String ID="P32_ST00159" HPOS="1725" VPOS="1632" WIDTH="103" HEIGHT="36" CONTENT="son" WC="0.99" CC="002"/>
						<SP ID="P32_SP00144" HPOS="1828" VPOS="1689" WIDTH="35"/>
						<String ID="P32_ST00160" HPOS="1863" VPOS="1613" WIDTH="221" HEIGHT="56" CONTENT="semble" WC="0.99" CC="030020"/>
						<SP ID="P32_SP00145" HPOS="2084" VPOS="1689" WIDTH="33"/>
						<String ID="P32_ST00161" HPOS="2117" VPOS="1613" WIDTH="136" HEIGHT="57" CONTENT="bien" WC="0.98" CC="0106"/>
						<SP ID="P32_SP00146" HPOS="2253" VPOS="1689" WIDTH="36"/>
						<String ID="P32_ST00162" HPOS="2289" VPOS="1616" WIDTH="197" HEIGHT="76" CONTENT="plutôt" WC="0.98" CC="503042"/>
					</TextLine>
					<TextLine ID="P32_TL00017" HPOS="63" VPOS="1696" WIDTH="2423" HEIGHT="85">
						<String ID="P32_ST00163" HPOS="63" VPOS="1706" WIDTH="20" HEIGHT="20" CONTENT='"' WC="0.37" CC="6"/>
						<SP ID="P32_SP00147" HPOS="83" VPOS="1726" WIDTH="25"/>
						<String ID="P32_ST00164" HPOS="108" VPOS="1696" WIDTH="207" HEIGHT="57" CONTENT="tomber" WC="0.99" CC="406020"/>
						<SP ID="P32_SP00148" HPOS="315" VPOS="1753" WIDTH="33"/>
						<String ID="P32_ST00165" HPOS="348" VPOS="1696" WIDTH="139" HEIGHT="57" CONTENT="dans" WC="0.98" CC="0260"/>
						<SP ID="P32_SP00149" HPOS="487" VPOS="1753" WIDTH="53"/>
						<String ID="P32_ST00166" HPOS="540" VPOS="1717" WIDTH="114" HEIGHT="35" CONTENT="une" WC="0.98" CC="060"/>
						<SP ID="P32_SP00150" HPOS="654" VPOS="1753" WIDTH="56"/>
						<String ID="P32_ST00167" HPOS="710" VPOS="1712" WIDTH="153" HEIGHT="42" CONTENT="sorte" WC="0.99" CC="00420"/>
						<SP ID="P32_SP00151" HPOS="863" VPOS="1754" WIDTH="55"/>
						<String ID="P32_ST00168" HPOS="918" VPOS="1696" WIDTH="72" HEIGHT="57" CONTENT="de" WC="1.00" CC="00"/>
						<SP ID="P32_SP00152" HPOS="990" VPOS="1754" WIDTH="48"/>
						<String ID="P32_ST00169" HPOS="1038" VPOS="1698" WIDTH="180" HEIGHT="56" CONTENT="casier" WC="0.99" CC="030400"/>
						<SP ID="P32_SP00153" HPOS="1218" VPOS="1754" WIDTH="43"/>
						<String ID="P32_ST00170" HPOS="1261" VPOS="1696" WIDTH="126" HEIGHT="80" CONTENT="déjà" WC="0.98" CC="0046"/>
						<SP ID="P32_SP00154" HPOS="1387" VPOS="1776" WIDTH="34"/>
						<String ID="P32_ST00171" HPOS="1421" VPOS="1697" WIDTH="244" HEIGHT="80" CONTENT="préparé" WC="0.99" CC="0060007"/>
						<SP ID="P32_SP00155" HPOS="1665" VPOS="1777" WIDTH="35"/>
						<String ID="P32_ST00172" HPOS="1700" VPOS="1697" WIDTH="30" HEIGHT="57" CONTENT="à" WC="0.35" CC="6"/>
						<SP ID="P32_SP00156" HPOS="1730" VPOS="1777" WIDTH="33"/>
						<String ID="P32_ST00173" HPOS="1763" VPOS="1700" WIDTH="52" HEIGHT="54" CONTENT="le" WC="0.98" CC="00"/>
						<SP ID="P32_SP00157" HPOS="1815" VPOS="1777" WIDTH="34"/>
						<String ID="P32_ST00174" HPOS="1849" VPOS="1702" WIDTH="266" HEIGHT="55" CONTENT="recevoir" WC="0.99" CC="60000042"/>
						<SP ID="P32_SP00158" HPOS="2115" VPOS="1777" WIDTH="25"/>
						<String ID="P32_ST00175" HPOS="2140" VPOS="1701" WIDTH="31" HEIGHT="20" CONTENT='"' WC="0.64" CC="3"/>
						<SP ID="P32_SP00159" HPOS="2171" VPOS="1777" WIDTH="31"/>
						<String ID="P32_ST00176" HPOS="2202" VPOS="1726" WIDTH="13" HEIGHT="45" CONTENT=";" WC="0.39" CC="6"/>
						<SP ID="P32_SP00160" HPOS="2215" VPOS="1777" WIDTH="38"/>
						<String ID="P32_ST00177" HPOS="2253" VPOS="1702" WIDTH="233" HEIGHT="79" CONTENT="chaque" WC="0.99" CC="061031"/>
					</TextLine>
					<TextLine ID="P32_TL00018" HPOS="60" VPOS="1782" WIDTH="2427" HEIGHT="85">
						<String ID="P32_ST00178" HPOS="60" VPOS="1782" WIDTH="131" HEIGHT="79" CONTENT="degré" WC="0.97" CC="71507"/>
						<SP ID="P32_SP00161" HPOS="191" VPOS="1861" WIDTH="32"/>
						<String ID="P32_ST00179" HPOS="223" VPOS="1783" WIDTH="66" HEIGHT="56" CONTENT="de" WC="1.00" CC="00"/>
						<SP ID="P32_SP00162" HPOS="289" VPOS="1861" WIDTH="33"/>
						<String ID="P32_ST00180" HPOS="322" VPOS="1783" WIDTH="53" HEIGHT="56" CONTENT="la" WC="0.84" CC="02"/>
						<SP ID="P32_SP00163" HPOS="375" VPOS="1861" WIDTH="33"/>
						<String ID="P32_ST00181" HPOS="408" VPOS="1802" WIDTH="240" HEIGHT="59" CONTENT="gamme" WC="0.99" CC="40000"/>
						<SP ID="P32_SP00164" HPOS="648" VPOS="1861" WIDTH="33"/>
						<String ID="P32_ST00182" HPOS="681" VPOS="1805" WIDTH="30" HEIGHT="34" CONTENT="a" WC="1.00" CC="0"/>
						<SP ID="P32_SP00165" HPOS="711" VPOS="1861" WIDTH="36"/>
						<String ID="P32_ST00183" HPOS="747" VPOS="1791" WIDTH="34" HEIGHT="22" CONTENT='"' WC="0.94" CC="0"/>
						<SP ID="P32_SP00166" HPOS="781" VPOS="1861" WIDTH="31"/>
						<String ID="P32_ST00184" HPOS="812" VPOS="1804" WIDTH="114" HEIGHT="35" CONTENT="une" WC="0.95" CC="542"/>
						<SP ID="P32_SP00167" HPOS="926" VPOS="1861" WIDTH="34"/>
						<String ID="P32_ST00185" HPOS="960" VPOS="1785" WIDTH="337" HEIGHT="55" CONTENT="intonation" WC="1.00" CC="0512000001"/>
						<SP ID="P32_SP00168" HPOS="1297" VPOS="1861" WIDTH="33"/>
						<String ID="P32_ST00186" HPOS="1330" VPOS="1785" WIDTH="333" HEIGHT="57" CONTENT='attendue"' WC="0.99" CC="900030435"/>
						<SP ID="P32_SP00169" HPOS="1663" VPOS="1861" WIDTH="42"/>
						<String ID="P32_ST00187" HPOS="1705" VPOS="1785" WIDTH="80" HEIGHT="78" CONTENT="(p." WC="0.94" CC="384"/>
						<SP ID="P32_SP00170" HPOS="1785" VPOS="1863" WIDTH="36"/>
						<String ID="P32_ST00188" HPOS="1821" VPOS="1786" WIDTH="163" HEIGHT="77" CONTENT="105)." WC="0.79" CC="00422"/>
						<SP ID="P32_SP00171" HPOS="1984" VPOS="1863" WIDTH="41"/>
						<String ID="P32_ST00189" HPOS="2025" VPOS="1787" WIDTH="86" HEIGHT="56" CONTENT="Ici" WC="0.99" CC="001"/>
						<SP ID="P32_SP00172" HPOS="2111" VPOS="1863" WIDTH="33"/>
						<String ID="P32_ST00190" HPOS="2144" VPOS="1788" WIDTH="53" HEIGHT="56" CONTENT="la" WC="1.00" CC="00"/>
						<SP ID="P32_SP00173" HPOS="2197" VPOS="1863" WIDTH="33"/>
						<String ID="P32_ST00191" HPOS="2230" VPOS="1810" WIDTH="221" HEIGHT="57" CONTENT="concep" SUBS_TYPE="HypPart1" SUBS_CONTENT="conception" WC="1.00" CC="000006"/>
						<HYP HPOS="2451" VPOS="1810" WIDTH="36" CONTENT="-"/>
					</TextLine>
					<TextLine ID="P32_TL00019" HPOS="60" VPOS="1868" WIDTH="2426" HEIGHT="86">
						<String ID="P32_ST00192" HPOS="60" VPOS="1872" WIDTH="88" HEIGHT="55" CONTENT="tion" SUBS_TYPE="HypPart2" SUBS_CONTENT="conception" WC="0.98" CC="4110"/>
						<SP ID="P32_SP00174" HPOS="148" VPOS="1927" WIDTH="29"/>
						<String ID="P32_ST00193" HPOS="177" VPOS="1871" WIDTH="63" HEIGHT="56" CONTENT="de" WC="0.81" CC="30"/>
						<SP ID="P32_SP00175" HPOS="240" VPOS="1927" WIDTH="32"/>
						<String ID="P32_ST00194" HPOS="272" VPOS="1872" WIDTH="53" HEIGHT="56" CONTENT="la" WC="0.53" CC="09"/>
						<SP ID="P32_SP00176" HPOS="325" VPOS="1928" WIDTH="31"/>
						<String ID="P32_ST00195" HPOS="356" VPOS="1872" WIDTH="161" HEIGHT="78" CONTENT="ligne" WC="0.98" CC="00932"/>
						<SP ID="P32_SP00177" HPOS="517" VPOS="1950" WIDTH="34"/>
						<String ID="P32_ST00196" HPOS="551" VPOS="1872" WIDTH="285" HEIGHT="56" CONTENT="continue" WC="0.99" CC="04044740"/>
						<SP ID="P32_SP00178" HPOS="836" VPOS="1950" WIDTH="42"/>
						<String ID="P32_ST00197" HPOS="878" VPOS="1868" WIDTH="119" HEIGHT="80" CONTENT="(fig." WC="0.52" CC="08780"/>
						<SP ID="P32_SP00179" HPOS="997" VPOS="1950" WIDTH="43"/>
						<String ID="P32_ST00198" HPOS="1040" VPOS="1872" WIDTH="58" HEIGHT="76" CONTENT="2)" WC="0.82" CC="02"/>
						<SP ID="P32_SP00180" HPOS="1098" VPOS="1950" WIDTH="50"/>
						<String ID="P32_ST00199" HPOS="1148" VPOS="1886" WIDTH="84" HEIGHT="43" CONTENT="est" WC="0.98" CC="302"/>
						<SP ID="P32_SP00181" HPOS="1232" VPOS="1950" WIDTH="51"/>
						<String ID="P32_ST00200" HPOS="1283" VPOS="1871" WIDTH="479" HEIGHT="58" CONTENT="manifestement" WC="1.00" CC="0034030000005"/>
						<SP ID="P32_SP00182" HPOS="1762" VPOS="1950" WIDTH="48"/>
						<String ID="P32_ST00201" HPOS="1810" VPOS="1874" WIDTH="332" HEIGHT="78" CONTENT="remplacée" WC="0.99" CC="000041082"/>
						<SP ID="P32_SP00183" HPOS="2142" VPOS="1952" WIDTH="48"/>
						<String ID="P32_ST00202" HPOS="2190" VPOS="1898" WIDTH="104" HEIGHT="56" CONTENT="par" WC="0.97" CC="304"/>
						<SP ID="P32_SP00184" HPOS="2294" VPOS="1954" WIDTH="48"/>
						<String ID="P32_ST00203" HPOS="2342" VPOS="1879" WIDTH="144" HEIGHT="54" CONTENT="celle" WC="0.99" CC="01060"/>
					</TextLine>
					<TextLine ID="P32_TL00020" HPOS="60" VPOS="1957" WIDTH="2309" HEIGHT="84">
						<String ID="P32_ST00204" HPOS="60" VPOS="1959" WIDTH="44" HEIGHT="55" CONTENT="de" WC="0.74" CC="22"/>
						<SP ID="P32_SP00185" HPOS="104" VPOS="2014" WIDTH="36"/>
						<String ID="P32_ST00205" HPOS="140" VPOS="1957" WIDTH="250" HEIGHT="57" CONTENT="l'échelle" WC="0.99" CC="046060630"/>
						<SP ID="P32_SP00186" HPOS="390" VPOS="2014" WIDTH="34"/>
						<String ID="P32_ST00206" HPOS="424" VPOS="1959" WIDTH="395" HEIGHT="69" CONTENT="discontinue," WC="1.00" CC="030006340200"/>
						<SP ID="P32_SP00187" HPOS="819" VPOS="2028" WIDTH="35"/>
						<String ID="P32_ST00207" HPOS="854" VPOS="1960" WIDTH="161" HEIGHT="76" CONTENT="ligne" WC="0.98" CC="34060"/>
						<SP ID="P32_SP00188" HPOS="1015" VPOS="2036" WIDTH="33"/>
						<String ID="P32_ST00208" HPOS="1048" VPOS="1960" WIDTH="394" HEIGHT="57" CONTENT="n'admettant" WC="1.00" CC="00600001060"/>
						<SP ID="P32_SP00189" HPOS="1442" VPOS="2036" WIDTH="35"/>
						<String ID="P32_ST00209" HPOS="1477" VPOS="1981" WIDTH="116" HEIGHT="58" CONTENT="que" WC="0.99" CC="020"/>
						<SP ID="P32_SP00190" HPOS="1593" VPOS="2039" WIDTH="34"/>
						<String ID="P32_ST00210" HPOS="1627" VPOS="1962" WIDTH="285" HEIGHT="78" CONTENT="quelques" WC="1.00" CC="05000000"/>
						<SP ID="P32_SP00191" HPOS="1912" VPOS="2040" WIDTH="25"/>
						<String ID="P32_ST00211" HPOS="1937" VPOS="1964" WIDTH="198" HEIGHT="76" CONTENT="points" WC="0.99" CC="004240"/>
						<SP ID="P32_SP00192" HPOS="2135" VPOS="2040" WIDTH="29"/>
						<String ID="P32_ST00212" HPOS="2164" VPOS="1961" WIDTH="121" HEIGHT="80" CONTENT="(fig." WC="0.62" CC="46304"/>
						<SP ID="P32_SP00193" HPOS="2285" VPOS="2041" WIDTH="33"/>
						<String ID="P32_ST00213" HPOS="2318" VPOS="1964" WIDTH="51" HEIGHT="76" CONTENT="I)" WC="0.84" CC="03"/>
						<SP ID="P32_SP00194" HPOS="2369" VPOS="2041" WIDTH="0"/>
					</TextLine>
					<TextLine ID="P32_TL00021" HPOS="60" VPOS="2046" WIDTH="1797" HEIGHT="80">
						<String ID="P32_ST00214" HPOS="60" VPOS="2065" WIDTH="50" HEIGHT="37" CONTENT="ou" WC="0.46" CC="46"/>
						<SP ID="P32_SP00195" HPOS="110" VPOS="2102" WIDTH="26"/>
						<String ID="P32_ST00215" HPOS="136" VPOS="2067" WIDTH="196" HEIGHT="35" CONTENT="encore" WC="1.00" CC="030000"/>
						<SP ID="P32_SP00196" HPOS="332" VPOS="2102" WIDTH="34"/>
						<String ID="P32_ST00216" HPOS="366" VPOS="2054" WIDTH="37" HEIGHT="21" CONTENT='"' WC="0.62" CC="3"/>
						<SP ID="P32_SP00197" HPOS="403" VPOS="2102" WIDTH="24"/>
						<String ID="P32_ST00217" HPOS="427" VPOS="2048" WIDTH="182" HEIGHT="55" CONTENT="casier" WC="0.99" CC="040300"/>
						<SP ID="P32_SP00198" HPOS="609" VPOS="2103" WIDTH="22"/>
						<String ID="P32_ST00218" HPOS="631" VPOS="2046" WIDTH="30" HEIGHT="22" CONTENT='"' WC="0.39" CC="6"/>
						<SP ID="P32_SP00199" HPOS="661" VPOS="2103" WIDTH="35"/>
						<String ID="P32_ST00219" HPOS="696" VPOS="2068" WIDTH="71" HEIGHT="35" CONTENT="ne" WC="1.00" CC="00"/>
						<SP ID="P32_SP00200" HPOS="767" VPOS="2103" WIDTH="35"/>
						<String ID="P32_ST00220" HPOS="802" VPOS="2061" WIDTH="381" HEIGHT="65" CONTENT="comportant" WC="1.00" CC="0000050005"/>
						<SP ID="P32_SP00201" HPOS="1183" VPOS="2126" WIDTH="34"/>
						<String ID="P32_ST00221" HPOS="1217" VPOS="2069" WIDTH="114" HEIGHT="57" CONTENT="que" WC="0.99" CC="020"/>
						<SP ID="P32_SP00202" HPOS="1331" VPOS="2126" WIDTH="36"/>
						<String ID="P32_ST00222" HPOS="1367" VPOS="2050" WIDTH="287" HEIGHT="76" CONTENT="quelques" WC="0.99" CC="04030500"/>
						<SP ID="P32_SP00203" HPOS="1654" VPOS="2126" WIDTH="32"/>
						<String ID="P32_ST00223" HPOS="1686" VPOS="2069" WIDTH="171" HEIGHT="38" CONTENT="cases." WC="0.99" CC="200104"/>
					</TextLine>
					<TextLine ID="P32_TL00022" HPOS="191" VPOS="2147" WIDTH="2291" HEIGHT="81">
						<String ID="P32_ST00224" HPOS="191" VPOS="2147" WIDTH="80" HEIGHT="55" CONTENT="La" WC="1.00" CC="00"/>
						<SP ID="P32_SP00204" HPOS="271" VPOS="2202" WIDTH="33"/>
						<String ID="P32_ST00225" HPOS="304" VPOS="2148" WIDTH="197" HEIGHT="54" CONTENT="même" WC="0.99" CC="0002"/>
						<SP ID="P32_SP00205" HPOS="501" VPOS="2202" WIDTH="34"/>
						<String ID="P32_ST00226" HPOS="535" VPOS="2148" WIDTH="246" HEIGHT="77" CONTENT="opinion" WC="1.00" CC="0020002"/>
						<SP ID="P32_SP00206" HPOS="781" VPOS="2225" WIDTH="37"/>
						<String ID="P32_ST00227" HPOS="818" VPOS="2147" WIDTH="249" HEIGHT="80" CONTENT="reparaît" WC="0.99" CC="00056350"/>
						<SP ID="P32_SP00207" HPOS="1067" VPOS="2227" WIDTH="36"/>
						<String ID="P32_ST00228" HPOS="1103" VPOS="2169" WIDTH="115" HEIGHT="36" CONTENT="une" WC="0.98" CC="600"/>
						<SP ID="P32_SP00208" HPOS="1218" VPOS="2227" WIDTH="32"/>
						<String ID="P32_ST00229" HPOS="1250" VPOS="2147" WIDTH="113" HEIGHT="58" CONTENT="fois" WC="0.98" CC="0330"/>
						<SP ID="P32_SP00209" HPOS="1363" VPOS="2227" WIDTH="48"/>
						<String ID="P32_ST00230" HPOS="1411" VPOS="2148" WIDTH="70" HEIGHT="57" CONTENT="de" WC="1.00" CC="00"/>
						<SP ID="P32_SP00210" HPOS="1481" VPOS="2227" WIDTH="48"/>
						<String ID="P32_ST00231" HPOS="1529" VPOS="2149" WIDTH="131" HEIGHT="79" CONTENT="plus" WC="0.99" CC="0500"/>
						<SP ID="P32_SP00211" HPOS="1660" VPOS="2228" WIDTH="48"/>
						<String ID="P32_ST00232" HPOS="1708" VPOS="2148" WIDTH="140" HEIGHT="58" CONTENT="dans" WC="0.99" CC="0030"/>
						<SP ID="P32_SP00212" HPOS="1848" VPOS="2228" WIDTH="32"/>
						<String ID="P32_ST00233" HPOS="1880" VPOS="2150" WIDTH="52" HEIGHT="55" CONTENT="le" WC="0.83" CC="30"/>
						<SP ID="P32_SP00213" HPOS="1932" VPOS="2228" WIDTH="34"/>
						<String ID="P32_ST00234" HPOS="1966" VPOS="2171" WIDTH="236" HEIGHT="57" CONTENT="passage" WC="1.00" CC="0100001"/>
						<SP ID="P32_SP00214" HPOS="2202" VPOS="2228" WIDTH="45"/>
						<String ID="P32_ST00235" HPOS="2247" VPOS="2152" WIDTH="235" HEIGHT="57" CONTENT="suivant" WC="0.99" CC="0000950"/>
					</TextLine>
					<TextLine ID="P32_TL00023" HPOS="63" VPOS="2230" WIDTH="2420" HEIGHT="87">
						<String ID="P32_ST00236" HPOS="63" VPOS="2230" WIDTH="52" HEIGHT="78" CONTENT="(p." WC="0.98" CC="013"/>
						<SP ID="P32_SP00215" HPOS="115" VPOS="2308" WIDTH="39"/>
						<String ID="P32_ST00237" HPOS="154" VPOS="2234" WIDTH="127" HEIGHT="78" CONTENT="107)" WC="0.59" CC="0096"/>
						<SP ID="P32_SP00216" HPOS="281" VPOS="2312" WIDTH="22"/>
						<String ID="P32_ST00238" HPOS="303" VPOS="2256" WIDTH="11" HEIGHT="35" CONTENT=":" WC="0.50" CC="4"/>
						<SP ID="P32_SP00217" HPOS="314" VPOS="2312" WIDTH="38"/>
						<String ID="P32_ST00239" HPOS="352" VPOS="2242" WIDTH="36" HEIGHT="21" CONTENT='"' WC="0.96" CC="0"/>
						<SP ID="P32_SP00218" HPOS="388" VPOS="2312" WIDTH="30"/>
						<String ID="P32_ST00240" HPOS="418" VPOS="2235" WIDTH="86" HEIGHT="56" CONTENT="La" WC="1.00" CC="00"/>
						<SP ID="P32_SP00219" HPOS="504" VPOS="2312" WIDTH="32"/>
						<String ID="P32_ST00241" HPOS="536" VPOS="2256" WIDTH="240" HEIGHT="57" CONTENT="gamme" WC="0.99" CC="90000"/>
						<SP ID="P32_SP00220" HPOS="776" VPOS="2313" WIDTH="28"/>
						<String ID="P32_ST00242" HPOS="804" VPOS="2256" WIDTH="114" HEIGHT="57" CONTENT="que" WC="0.98" CC="040"/>
						<SP ID="P32_SP00221" HPOS="918" VPOS="2313" WIDTH="34"/>
						<String ID="P32_ST00243" HPOS="952" VPOS="2249" WIDTH="132" HEIGHT="44" CONTENT="tous" WC="0.99" CC="3000"/>
						<SP ID="P32_SP00222" HPOS="1084" VPOS="2313" WIDTH="31"/>
						<String ID="P32_ST00244" HPOS="1115" VPOS="2237" WIDTH="82" HEIGHT="56" CONTENT="les" WC="0.98" CC="400"/>
						<SP ID="P32_SP00223" HPOS="1197" VPOS="2313" WIDTH="33"/>
						<String ID="P32_ST00245" HPOS="1230" VPOS="2237" WIDTH="261" HEIGHT="77" CONTENT="peuples," WC="1.00" CC="00500000"/>
						<SP ID="P32_SP00224" HPOS="1491" VPOS="2314" WIDTH="29"/>
						<String ID="P32_ST00246" HPOS="1520" VPOS="2257" WIDTH="78" HEIGHT="38" CONTENT="en" WC="0.54" CC="08"/>
						<SP ID="P32_SP00225" HPOS="1598" VPOS="2314" WIDTH="23"/>
						<String ID="P32_ST00247" HPOS="1621" VPOS="2251" WIDTH="131" HEIGHT="42" CONTENT="tous" WC="0.98" CC="3040"/>
						<SP ID="P32_SP00226" HPOS="1752" VPOS="2314" WIDTH="25"/>
						<String ID="P32_ST00248" HPOS="1777" VPOS="2251" WIDTH="212" HEIGHT="64" CONTENT="temps," WC="0.99" CC="200500"/>
						<SP ID="P32_SP00227" HPOS="1989" VPOS="2315" WIDTH="29"/>
						<String ID="P32_ST00249" HPOS="2018" VPOS="2252" WIDTH="104" HEIGHT="42" CONTENT="ont" WC="0.98" CC="400"/>
						<SP ID="P32_SP00228" HPOS="2122" VPOS="2315" WIDTH="26"/>
						<String ID="P32_ST00250" HPOS="2148" VPOS="2237" WIDTH="335" HEIGHT="80" CONTENT="également" WC="0.99" CC="695000000"/>
					</TextLine>
					<TextLine ID="P32_TL00024" HPOS="59" VPOS="2321" WIDTH="2428" HEIGHT="81">
						<String ID="P32_ST00251" HPOS="59" VPOS="2326" WIDTH="20" HEIGHT="20" CONTENT='"' WC="0.26" CC="7"/>
						<SP ID="P32_SP00229" HPOS="79" VPOS="2346" WIDTH="37"/>
						<String ID="P32_ST00252" HPOS="116" VPOS="2321" WIDTH="244" HEIGHT="71" CONTENT="trouvée," WC="1.00" CC="14030000"/>
						<SP ID="P32_SP00230" HPOS="360" VPOS="2392" WIDTH="58"/>
						<String ID="P32_ST00253" HPOS="418" VPOS="2343" WIDTH="97" HEIGHT="49" CONTENT="ou," WC="0.99" CC="020"/>
						<SP ID="P32_SP00231" HPOS="515" VPOS="2392" WIDTH="54"/>
						<String ID="P32_ST00254" HPOS="569" VPOS="2324" WIDTH="207" HEIGHT="55" CONTENT="mieux" WC="1.00" CC="03000"/>
						<SP ID="P32_SP00232" HPOS="776" VPOS="2392" WIDTH="56"/>
						<String ID="P32_ST00255" HPOS="832" VPOS="2345" WIDTH="234" HEIGHT="48" CONTENT="encore," WC="0.99" CC="0000602"/>
						<SP ID="P32_SP00233" HPOS="1066" VPOS="2393" WIDTH="57"/>
						<String ID="P32_ST00256" HPOS="1123" VPOS="2345" WIDTH="116" HEIGHT="57" CONTENT="que" WC="0.96" CC="090"/>
						<SP ID="P32_SP00234" HPOS="1239" VPOS="2402" WIDTH="54"/>
						<String ID="P32_ST00257" HPOS="1293" VPOS="2324" WIDTH="55" HEIGHT="56" CONTENT="la" WC="1.00" CC="00"/>
						<SP ID="P32_SP00235" HPOS="1348" VPOS="2402" WIDTH="49"/>
						<String ID="P32_ST00258" HPOS="1397" VPOS="2338" WIDTH="207" HEIGHT="42" CONTENT="nature" WC="0.98" CC="645500"/>
						<SP ID="P32_SP00236" HPOS="1604" VPOS="2402" WIDTH="56"/>
						<String ID="P32_ST00259" HPOS="1660" VPOS="2345" WIDTH="31" HEIGHT="35" CONTENT="a" WC="0.80" CC="1"/>
						<SP ID="P32_SP00237" HPOS="1691" VPOS="2402" WIDTH="56"/>
						<String ID="P32_ST00260" HPOS="1747" VPOS="2322" WIDTH="228" HEIGHT="58" CONTENT="donnée" WC="0.99" CC="002360"/>
						<SP ID="P32_SP00238" HPOS="1975" VPOS="2402" WIDTH="50"/>
						<String ID="P32_ST00261" HPOS="2025" VPOS="2324" WIDTH="391" HEIGHT="59" CONTENT="directement" WC="1.00" CC="06020000013"/>
						<SP ID="P32_SP00239" HPOS="2416" VPOS="2402" WIDTH="39"/>
						<String ID="P32_ST00262" HPOS="2455" VPOS="2326" WIDTH="32" HEIGHT="58" CONTENT="à" WC="0.34" CC="6"/>
					</TextLine>
					<TextLine ID="P32_TL00025" HPOS="59" VPOS="2407" WIDTH="2427" HEIGHT="82">
						<String ID="P32_ST00263" HPOS="59" VPOS="2412" WIDTH="21" HEIGHT="22" CONTENT='"' WC="1.00" CC="0"/>
						<SP ID="P32_SP00240" HPOS="80" VPOS="2434" WIDTH="36"/>
						<String ID="P32_ST00264" HPOS="116" VPOS="2407" WIDTH="286" HEIGHT="71" CONTENT="l'homme," WC="0.98" CC="40609430"/>
						<SP ID="P32_SP00241" HPOS="402" VPOS="2478" WIDTH="58"/>
						<String ID="P32_ST00265" HPOS="460" VPOS="2423" WIDTH="155" HEIGHT="44" CONTENT="cette" WC="1.00" CC="00200"/>
						<SP ID="P32_SP00242" HPOS="615" VPOS="2478" WIDTH="57"/>
						<String ID="P32_ST00266" HPOS="672" VPOS="2431" WIDTH="238" HEIGHT="57" CONTENT="gamme" WC="0.99" CC="09000"/>
						<SP ID="P32_SP00243" HPOS="910" VPOS="2488" WIDTH="181"/>
						<String ID="P32_ST00267" HPOS="1091" VPOS="2408" WIDTH="315" HEIGHT="81" CONTENT="composée" WC="1.00" CC="00000070"/>
						<SP ID="P32_SP00244" HPOS="1406" VPOS="2489" WIDTH="62"/>
						<String ID="P32_ST00268" HPOS="1468" VPOS="2411" WIDTH="72" HEIGHT="57" CONTENT="de" WC="1.00" CC="00"/>
						<SP ID="P32_SP00245" HPOS="1540" VPOS="2489" WIDTH="63"/>
						<String ID="P32_ST00269" HPOS="1603" VPOS="2426" WIDTH="130" HEIGHT="42" CONTENT="tons" WC="0.99" CC="0030"/>
						<SP ID="P32_SP00246" HPOS="1733" VPOS="2489" WIDTH="62"/>
						<String ID="P32_ST00270" HPOS="1795" VPOS="2426" WIDTH="57" HEIGHT="42" CONTENT="et" WC="0.81" CC="03"/>
						<SP ID="P32_SP00247" HPOS="1852" VPOS="2489" WIDTH="65"/>
						<String ID="P32_ST00271" HPOS="1917" VPOS="2412" WIDTH="70" HEIGHT="56" CONTENT="de" WC="1.00" CC="00"/>
						<SP ID="P32_SP00248" HPOS="1987" VPOS="2489" WIDTH="64"/>
						<String ID="P32_ST00272" HPOS="2051" VPOS="2412" WIDTH="327" HEIGHT="58" CONTENT="demi-tons" WC="1.00" CC="000200020"/>
						<SP ID="P32_SP00249" HPOS="2378" VPOS="2489" WIDTH="52"/>
						<String ID="P32_ST00273" HPOS="2430" VPOS="2435" WIDTH="56" HEIGHT="37" CONTENT="se" WC="1.00" CC="00"/>
					</TextLine>
					<TextLine ID="P32_TL00026" HPOS="59" VPOS="2495" WIDTH="2427" HEIGHT="82">
						<String ID="P32_ST00274" HPOS="59" VPOS="2498" WIDTH="21" HEIGHT="22" CONTENT='"' WC="1.00" CC="0"/>
						<SP ID="P32_SP00250" HPOS="80" VPOS="2520" WIDTH="37"/>
						<String ID="P32_ST00275" HPOS="117" VPOS="2495" WIDTH="297" HEIGHT="58" CONTENT="succédant" WC="0.99" CC="000070243"/>
						<SP ID="P32_SP00251" HPOS="414" VPOS="2553" WIDTH="49"/>
						<String ID="P32_ST00276" HPOS="463" VPOS="2497" WIDTH="139" HEIGHT="57" CONTENT="dans" WC="0.97" CC="7090"/>
						<SP ID="P32_SP00252" HPOS="602" VPOS="2554" WIDTH="50"/>
						<String ID="P32_ST00277" HPOS="652" VPOS="2519" WIDTH="79" HEIGHT="35" CONTENT="un" WC="0.28" CC="68"/>
						<SP ID="P32_SP00253" HPOS="731" VPOS="2554" WIDTH="50"/>
						<String ID="P32_ST00278" HPOS="781" VPOS="2497" WIDTH="169" HEIGHT="57" CONTENT="ordre" WC="1.00" CC="21000"/>
						<SP ID="P32_SP00254" HPOS="950" VPOS="2554" WIDTH="50"/>
						<String ID="P32_ST00279" HPOS="1000" VPOS="2496" WIDTH="327" HEIGHT="58" CONTENT="déterminé" WC="0.99" CC="000000567"/>
						<SP ID="P32_SP00255" HPOS="1327" VPOS="2554" WIDTH="153"/>
						<String ID="P32_ST00280" HPOS="1480" VPOS="2512" WIDTH="82" HEIGHT="44" CONTENT="est" WC="0.98" CC="005"/>
						<SP ID="P32_SP00256" HPOS="1562" VPOS="2556" WIDTH="50"/>
						<String ID="P32_ST00281" HPOS="1612" VPOS="2512" WIDTH="165" HEIGHT="44" CONTENT="toute" WC="0.99" CC="50400"/>
						<SP ID="P32_SP00257" HPOS="1777" VPOS="2556" WIDTH="50"/>
						<String ID="P32_ST00282" HPOS="1827" VPOS="2512" WIDTH="165" HEIGHT="42" CONTENT="autre" WC="1.00" CC="00301"/>
						<SP ID="P32_SP00258" HPOS="1992" VPOS="2556" WIDTH="48"/>
						<String ID="P32_ST00283" HPOS="2040" VPOS="2498" WIDTH="178" HEIGHT="59" CONTENT="chose" WC="0.99" CC="05200"/>
						<SP ID="P32_SP00259" HPOS="2218" VPOS="2557" WIDTH="48"/>
						<String ID="P32_ST00284" HPOS="2266" VPOS="2501" WIDTH="220" HEIGHT="76" CONTENT="qu'une" WC="0.99" CC="050500"/>
					</TextLine>
					<TextLine ID="P32_TL00027" HPOS="59" VPOS="2583" WIDTH="2427" HEIGHT="79">
						<String ID="P32_ST00285" HPOS="59" VPOS="2585" WIDTH="21" HEIGHT="23" CONTENT='"' WC="0.47" CC="5"/>
						<SP ID="P32_SP00260" HPOS="80" VPOS="2608" WIDTH="37"/>
						<String ID="P32_ST00286" HPOS="117" VPOS="2597" WIDTH="136" HEIGHT="42" CONTENT="sorte" WC="0.99" CC="01020"/>
						<SP ID="P32_SP00261" HPOS="253" VPOS="2639" WIDTH="51"/>
						<String ID="P32_ST00287" HPOS="304" VPOS="2583" WIDTH="70" HEIGHT="58" CONTENT="de" WC="1.00" CC="00"/>
						<SP ID="P32_SP00262" HPOS="374" VPOS="2641" WIDTH="49"/>
						<String ID="P32_ST00288" HPOS="423" VPOS="2590" WIDTH="164" HEIGHT="51" CONTENT="mètre" WC="0.99" CC="06000" STYLEREFS="TXT_2"/>
						<SP ID="P32_SP00263" HPOS="587" VPOS="2641" WIDTH="50"/>
						<String ID="P32_ST00289" HPOS="637" VPOS="2583" WIDTH="30" HEIGHT="58" CONTENT="à" WC="0.28" CC="7"/>
						<SP ID="P32_SP00264" HPOS="667" VPOS="2641" WIDTH="55"/>
						<String ID="P32_ST00290" HPOS="722" VPOS="2586" WIDTH="221" HEIGHT="76" CONTENT="l'usage" WC="0.99" CC="1100401"/>
						<SP ID="P32_SP00265" HPOS="943" VPOS="2662" WIDTH="49"/>
						<String ID="P32_ST00291" HPOS="992" VPOS="2586" WIDTH="97" HEIGHT="57" CONTENT="des" WC="1.00" CC="000"/>
						<SP ID="P32_SP00266" HPOS="1089" VPOS="2662" WIDTH="48"/>
						<String ID="P32_ST00292" HPOS="1137" VPOS="2587" WIDTH="334" HEIGHT="55" CONTENT="intervalles" WC="0.99" CC="51603022500"/>
						<SP ID="P32_SP00267" HPOS="1471" VPOS="2662" WIDTH="33"/>
						<String ID="P32_ST00293" HPOS="1504" VPOS="2606" WIDTH="251" HEIGHT="37" CONTENT="sonores." WC="1.00" CC="00004004"/>
						<SP ID="P32_SP00268" HPOS="1755" VPOS="2662" WIDTH="40"/>
						<String ID="P32_ST00294" HPOS="1795" VPOS="2587" WIDTH="129" HEIGHT="56" CONTENT="Elle" WC="0.98" CC="4300"/>
						<SP ID="P32_SP00269" HPOS="1924" VPOS="2662" WIDTH="35"/>
						<String ID="P32_ST00295" HPOS="1959" VPOS="2601" WIDTH="83" HEIGHT="42" CONTENT="est" WC="1.00" CC="000"/>
						<SP ID="P32_SP00270" HPOS="2042" VPOS="2662" WIDTH="33"/>
						<String ID="P32_ST00296" HPOS="2075" VPOS="2587" WIDTH="55" HEIGHT="56" CONTENT="la" WC="1.00" CC="00"/>
						<SP ID="P32_SP00271" HPOS="2130" VPOS="2662" WIDTH="32"/>
						<String ID="P32_ST00297" HPOS="2162" VPOS="2585" WIDTH="324" HEIGHT="59" CONTENT="révélation" WC="0.99" CC="0005545402"/>
					</TextLine>
					<TextLine ID="P32_TL00028" HPOS="57" VPOS="2669" WIDTH="2429" HEIGHT="83">
						<String ID="P32_ST00298" HPOS="57" VPOS="2672" WIDTH="22" HEIGHT="22" CONTENT='"' WC="0.70" CC="2"/>
						<SP ID="P32_SP00272" HPOS="79" VPOS="2694" WIDTH="37"/>
						<String ID="P32_ST00299" HPOS="116" VPOS="2669" WIDTH="157" HEIGHT="59" CONTENT="d'une" WC="0.98" CC="62050"/>
						<SP ID="P32_SP00273" HPOS="273" VPOS="2728" WIDTH="289"/>
						<String ID="P32_ST00300" HPOS="562" VPOS="2672" WIDTH="73" HEIGHT="55" CONTENT="loi" WC="0.98" CC="060" STYLEREFS="TXT_2"/>
						<SP ID="P32_SP00274" HPOS="635" VPOS="2728" WIDTH="115"/>
						<String ID="P32_ST00301" HPOS="750" VPOS="2672" WIDTH="58" HEIGHT="56" CONTENT="immanente" WC="0.99" CC="004650000" STYLEREFS="TXT_2"/>
						<SP ID="P32_SP00275" HPOS="808" VPOS="2728" WIDTH="1"/>
						<String ID="P32_ST00302" HPOS="809" VPOS="2672" WIDTH="80" HEIGHT="57" CONTENT="de" WC="0.89" CC="02"/>
						<SP ID="P32_SP00276" HPOS="889" VPOS="2729" WIDTH="1"/>
						<String ID="P32_ST00303" HPOS="890" VPOS="2671" WIDTH="244" HEIGHT="58" CONTENT="l'activité" WC="1.00" CC="0200000607"/>
						<SP ID="P32_SP00277" HPOS="1134" VPOS="2729" WIDTH="36"/>
						<String ID="P32_ST00304" HPOS="1170" VPOS="2672" WIDTH="71" HEIGHT="57" CONTENT="de" WC="1.00" CC="00"/>
						<SP ID="P32_SP00278" HPOS="1241" VPOS="2729" WIDTH="33"/>
						<String ID="P32_ST00305" HPOS="1274" VPOS="2674" WIDTH="222" HEIGHT="77" CONTENT="l'esprit" WC="1.00" CC="00000312"/>
						<SP ID="P32_SP00279" HPOS="1496" VPOS="2751" WIDTH="35"/>
						<String ID="P32_ST00306" HPOS="1531" VPOS="2688" WIDTH="75" HEIGHT="55" CONTENT="et," WC="0.98" CC="420"/>
						<SP ID="P32_SP00280" HPOS="1606" VPOS="2751" WIDTH="26"/>
						<String ID="P32_ST00307" HPOS="1632" VPOS="2694" WIDTH="70" HEIGHT="35" CONTENT="en" WC="1.00" CC="00"/>
						<SP ID="P32_SP00281" HPOS="1702" VPOS="2751" WIDTH="37"/>
						<String ID="P32_ST00308" HPOS="1739" VPOS="2675" WIDTH="361" HEIGHT="77" CONTENT="particulier," WC="1.00" CC="000310021000"/>
						<SP ID="P32_SP00282" HPOS="2100" VPOS="2752" WIDTH="29"/>
						<String ID="P32_ST00309" HPOS="2129" VPOS="2674" WIDTH="70" HEIGHT="57" CONTENT="de" WC="1.00" CC="00"/>
						<SP ID="P32_SP00283" HPOS="2199" VPOS="2752" WIDTH="26"/>
						<String ID="P32_ST00310" HPOS="2225" VPOS="2675" WIDTH="229" HEIGHT="77" CONTENT="l'imagi" SUBS_TYPE="HypPart1" SUBS_CONTENT="l'imagination" WC="0.99" CC="0360007"/>
						<HYP HPOS="2454" VPOS="2675" WIDTH="32" CONTENT="-"/>
					</TextLine>
					<TextLine ID="P32_TL00029" HPOS="118" VPOS="2760" WIDTH="2369" HEIGHT="80">
						<String ID="P32_ST00311" HPOS="118" VPOS="2760" WIDTH="185" HEIGHT="56" CONTENT="nation" SUBS_TYPE="HypPart2" SUBS_CONTENT="l'imagination" WC="0.98" CC="240425"/>
						<SP ID="P32_SP00284" HPOS="303" VPOS="2816" WIDTH="35"/>
						<String ID="P32_ST00312" HPOS="338" VPOS="2761" WIDTH="329" HEIGHT="78" CONTENT="artistique," WC="1.00" CC="02200000200"/>
						<SP ID="P32_SP00285" HPOS="667" VPOS="2839" WIDTH="36"/>
						<String ID="P32_ST00313" HPOS="703" VPOS="2761" WIDTH="80" HEIGHT="56" CONTENT="loi" WC="0.99" CC="200"/>
						<SP ID="P32_SP00286" HPOS="783" VPOS="2839" WIDTH="35"/>
						<String ID="P32_ST00314" HPOS="818" VPOS="2763" WIDTH="104" HEIGHT="77" CONTENT="qui" WC="1.00" CC="000"/>
						<SP ID="P32_SP00287" HPOS="922" VPOS="2840" WIDTH="35"/>
						<String ID="P32_ST00315" HPOS="957" VPOS="2775" WIDTH="83" HEIGHT="43" CONTENT="est" WC="0.99" CC="003"/>
						<SP ID="P32_SP00288" HPOS="1040" VPOS="2840" WIDTH="36"/>
						<String ID="P32_ST00316" HPOS="1076" VPOS="2763" WIDTH="417" HEIGHT="55" CONTENT="actuellement" WC="1.00" CC="000010200060"/>
						<SP ID="P32_SP00289" HPOS="1493" VPOS="2840" WIDTH="34"/>
						<String ID="P32_ST00317" HPOS="1527" VPOS="2775" WIDTH="57" HEIGHT="43" CONTENT="et" WC="0.92" CC="10"/>
						<SP ID="P32_SP00290" HPOS="1584" VPOS="2840" WIDTH="34"/>
						<String ID="P32_ST00318" HPOS="1618" VPOS="2775" WIDTH="212" HEIGHT="43" CONTENT="restera" WC="1.00" CC="0002000"/>
						<SP ID="P32_SP00291" HPOS="1830" VPOS="2840" WIDTH="49"/>
						<String ID="P32_ST00319" HPOS="1879" VPOS="2763" WIDTH="299" HEIGHT="77" CONTENT="peut-être" WC="0.99" CC="020020262"/>
						<SP ID="P32_SP00292" HPOS="2178" VPOS="2840" WIDTH="45"/>
						<String ID="P32_ST00320" HPOS="2223" VPOS="2763" WIDTH="264" HEIGHT="77" CONTENT="toujours" WC="1.00" CC="00040400"/>
					</TextLine>
					<TextLine ID="P32_TL00030" HPOS="118" VPOS="2846" WIDTH="911" HEIGHT="79">
						<String ID="P32_ST00321" HPOS="118" VPOS="2864" WIDTH="66" HEIGHT="37" CONTENT="un" WC="0.67" CC="51"/>
						<SP ID="P32_SP00293" HPOS="184" VPOS="2901" WIDTH="33"/>
						<String ID="P32_ST00322" HPOS="217" VPOS="2846" WIDTH="251" HEIGHT="79" CONTENT="mystère" WC="0.99" CC="0704800"/>
						<SP ID="P32_SP00294" HPOS="468" VPOS="2925" WIDTH="24"/>
						<String ID="P32_ST00323" HPOS="492" VPOS="2848" WIDTH="48" HEIGHT="57" CONTENT='".' WC="0.82" CC="30"/>
						<SP ID="P32_SP00295" HPOS="540" VPOS="2925" WIDTH="28"/>
						<String ID="P32_ST00324" HPOS="568" VPOS="2850" WIDTH="11" HEIGHT="26" CONTENT="1" STYLE="superscript" WC="0.61" CC="3"/>
						<SP ID="P32_SP00296" HPOS="579" VPOS="2925" WIDTH="445"/>
						<String ID="P32_ST00325" HPOS="1024" VPOS="2901" WIDTH="5" HEIGHT="4" CONTENT="." WC="1.00" CC="0"/>
					</TextLine>
					<TextLine ID="P32_TL00031" HPOS="197" VPOS="2947" WIDTH="2286" HEIGHT="80">
						<String ID="P32_ST00326" HPOS="197" VPOS="2966" WIDTH="50" HEIGHT="56" CONTENT="3." WC="0.47" CC="64"/>
						<SP ID="P32_SP00297" HPOS="247" VPOS="3022" WIDTH="95"/>
						<String ID="P32_ST00327" HPOS="342" VPOS="2949" WIDTH="112" HEIGHT="55" CONTENT="Ces" WC="0.98" CC="500"/>
						<SP ID="P32_SP00298" HPOS="454" VPOS="3022" WIDTH="33"/>
						<String ID="P32_ST00328" HPOS="487" VPOS="2949" WIDTH="275" HEIGHT="56" CONTENT="citations" WC="1.00" CC="001123000"/>
						<SP ID="P32_SP00299" HPOS="762" VPOS="3022" WIDTH="32"/>
						<String ID="P32_ST00329" HPOS="794" VPOS="2948" WIDTH="262" HEIGHT="57" CONTENT="suffisent" WC="1.00" CC="041110010"/>
						<SP ID="P32_SP00300" HPOS="1056" VPOS="3022" WIDTH="43"/>
						<String ID="P32_ST00330" HPOS="1099" VPOS="2950" WIDTH="364" HEIGHT="77" CONTENT="amplement" WC="1.00" CC="000000131"/>
						<SP ID="P32_SP00301" HPOS="1463" VPOS="3027" WIDTH="49"/>
						<String ID="P32_ST00331" HPOS="1512" VPOS="2948" WIDTH="30" HEIGHT="57" CONTENT="à" WC="0.52" CC="4"/>
						<SP ID="P32_SP00302" HPOS="1542" VPOS="3027" WIDTH="48"/>
						<String ID="P32_ST00332" HPOS="1590" VPOS="2963" WIDTH="266" HEIGHT="42" CONTENT="montrer" WC="1.00" CC="0100000"/>
						<SP ID="P32_SP00303" HPOS="1856" VPOS="3027" WIDTH="32"/>
						<String ID="P32_ST00333" HPOS="1888" VPOS="2949" WIDTH="78" HEIGHT="56" CONTENT="les" WC="1.00" CC="000"/>
						<SP ID="P32_SP00304" HPOS="1966" VPOS="3027" WIDTH="35"/>
						<String ID="P32_ST00334" HPOS="2001" VPOS="2949" WIDTH="154" HEIGHT="56" CONTENT="deux" WC="0.97" CC="8041"/>
						<SP ID="P32_SP00305" HPOS="2155" VPOS="3027" WIDTH="49"/>
						<String ID="P32_ST00335" HPOS="2204" VPOS="2947" WIDTH="200" HEIGHT="80" CONTENT="façons" WC="0.99" CC="072030"/>
						<SP ID="P32_SP00306" HPOS="2404" VPOS="3027" WIDTH="35"/>
						<String ID="P32_ST00336" HPOS="2439" VPOS="2950" WIDTH="44" HEIGHT="56" CONTENT="si" WC="0.85" CC="02"/>
					</TextLine>
					<TextLine ID="P32_TL00032" HPOS="56" VPOS="3024" WIDTH="2423" HEIGHT="90">
						<String ID="P32_ST00337" HPOS="56" VPOS="3024" WIDTH="294" HEIGHT="67" CONTENT="différentes" WC="0.99" CC="70777002000"/>
						<SP ID="P32_SP00307" HPOS="350" VPOS="3091" WIDTH="55"/>
						<String ID="P32_ST00338" HPOS="405" VPOS="3034" WIDTH="144" HEIGHT="56" CONTENT="dont" WC="1.00" CC="0000"/>
						<SP ID="P32_SP00308" HPOS="549" VPOS="3091" WIDTH="52"/>
						<String ID="P32_ST00339" HPOS="601" VPOS="3056" WIDTH="75" HEIGHT="35" CONTENT="on" WC="1.00" CC="00"/>
						<SP ID="P32_SP00309" HPOS="676" VPOS="3091" WIDTH="57"/>
						<String ID="P32_ST00340" HPOS="733" VPOS="3051" WIDTH="142" HEIGHT="63" CONTENT="peut" WC="1.00" CC="0000"/>
						<SP ID="P32_SP00310" HPOS="875" VPOS="3114" WIDTH="35"/>
						<String ID="P32_ST00341" HPOS="910" VPOS="3036" WIDTH="120" HEIGHT="55" CONTENT="être" WC="0.98" CC="0510"/>
						<SP ID="P32_SP00311" HPOS="1030" VPOS="3114" WIDTH="57"/>
						<String ID="P32_ST00342" HPOS="1087" VPOS="3033" WIDTH="159" HEIGHT="58" CONTENT="tenté" WC="0.98" CC="01506"/>
						<SP ID="P32_SP00312" HPOS="1246" VPOS="3114" WIDTH="53"/>
						<String ID="P32_ST00343" HPOS="1299" VPOS="3034" WIDTH="70" HEIGHT="56" CONTENT="de" WC="1.00" CC="00"/>
						<SP ID="P32_SP00313" HPOS="1369" VPOS="3114" WIDTH="55"/>
						<String ID="P32_ST00344" HPOS="1424" VPOS="3033" WIDTH="291" HEIGHT="80" CONTENT="répondre" WC="0.99" CC="45003030"/>
						<SP ID="P32_SP00314" HPOS="1715" VPOS="3114" WIDTH="54"/>
						<String ID="P32_ST00345" HPOS="1769" VPOS="3034" WIDTH="32" HEIGHT="57" CONTENT="à" WC="0.30" CC="6"/>
						<SP ID="P32_SP00315" HPOS="1801" VPOS="3114" WIDTH="47"/>
						<String ID="P32_ST00346" HPOS="1848" VPOS="3037" WIDTH="52" HEIGHT="54" CONTENT="la" WC="0.70" CC="41"/>
						<SP ID="P32_SP00316" HPOS="1900" VPOS="3114" WIDTH="45"/>
						<String ID="P32_ST00347" HPOS="1945" VPOS="3038" WIDTH="273" HEIGHT="75" CONTENT="question" WC="1.00" CC="00000200"/>
						<SP ID="P32_SP00317" HPOS="2218" VPOS="3114" WIDTH="44"/>
						<String ID="P32_ST00348" HPOS="2262" VPOS="3034" WIDTH="174" HEIGHT="80" CONTENT="posée" WC="1.00" CC="00000"/>
						<SP ID="P32_SP00318" HPOS="2436" VPOS="3114" WIDTH="31"/>
						<String ID="P32_ST00349" HPOS="2467" VPOS="3057" WIDTH="12" HEIGHT="36" CONTENT=":" WC="0.32" CC="6"/>
					</TextLine>
					<TextLine ID="P32_TL00033" HPOS="57" VPOS="3119" WIDTH="2427" HEIGHT="82">
						<String ID="P32_ST00350" HPOS="57" VPOS="3119" WIDTH="153" HEIGHT="56" CONTENT="tantôt" WC="0.97" CC="763360"/>
						<SP ID="P32_SP00319" HPOS="210" VPOS="3175" WIDTH="30"/>
						<String ID="P32_ST00351" HPOS="240" VPOS="3122" WIDTH="51" HEIGHT="55" CONTENT="le" WC="1.00" CC="00"/>
						<SP ID="P32_SP00320" HPOS="291" VPOS="3177" WIDTH="36"/>
						<String ID="P32_ST00352" HPOS="327" VPOS="3123" WIDTH="270" HEIGHT="78" CONTENT="principe" WC="1.00" CC="00130100"/>
						<SP ID="P32_SP00321" HPOS="597" VPOS="3201" WIDTH="34"/>
						<String ID="P32_ST00353" HPOS="631" VPOS="3123" WIDTH="197" HEIGHT="56" CONTENT="même" WC="1.00" CC="0000"/>
						<SP ID="P32_SP00322" HPOS="828" VPOS="3201" WIDTH="35"/>
						<String ID="P32_ST00354" HPOS="863" VPOS="3123" WIDTH="69" HEIGHT="56" CONTENT="de" WC="1.00" CC="00"/>
						<SP ID="P32_SP00323" HPOS="932" VPOS="3201" WIDTH="33"/>
						<String ID="P32_ST00355" HPOS="965" VPOS="3124" WIDTH="53" HEIGHT="55" CONTENT="la" WC="0.96" CC="00"/>
						<SP ID="P32_SP00324" HPOS="1018" VPOS="3201" WIDTH="34"/>
						<String ID="P32_ST00356" HPOS="1052" VPOS="3121" WIDTH="256" HEIGHT="58" CONTENT="mélodie" WC="0.99" CC="0531052"/>
						<SP ID="P32_SP00325" HPOS="1308" VPOS="3201" WIDTH="33"/>
						<String ID="P32_ST00357" HPOS="1341" VPOS="3137" WIDTH="309" HEIGHT="64" CONTENT="comporte" WC="1.00" CC="01000420"/>
						<SP ID="P32_SP00326" HPOS="1650" VPOS="3201" WIDTH="48"/>
						<String ID="P32_ST00358" HPOS="1698" VPOS="3144" WIDTH="116" HEIGHT="35" CONTENT="une" WC="0.96" CC="650"/>
						<SP ID="P32_SP00327" HPOS="1814" VPOS="3201" WIDTH="47"/>
						<String ID="P32_ST00359" HPOS="1861" VPOS="3124" WIDTH="291" HEIGHT="55" CONTENT="variation" WC="1.00" CC="000005210"/>
						<SP ID="P32_SP00328" HPOS="2152" VPOS="3201" WIDTH="49"/>
						<String ID="P32_ST00360" HPOS="2201" VPOS="3124" WIDTH="283" HEIGHT="55" CONTENT="continue" WC="1.00" CC="00500310"/>
					</TextLine>
					<TextLine ID="P32_TL00034" HPOS="56" VPOS="3198" WIDTH="2427" HEIGHT="90">
						<String ID="P32_ST00361" HPOS="56" VPOS="3198" WIDTH="48" HEIGHT="59" CONTENT="de" WC="0.28" CC="94"/>
						<SP ID="P32_SP00329" HPOS="104" VPOS="3257" WIDTH="45"/>
						<String ID="P32_ST00362" HPOS="149" VPOS="3206" WIDTH="366" HEIGHT="61" CONTENT="l'intonation" WC="1.00" CC="404100004005"/>
						<SP ID="P32_SP00330" HPOS="515" VPOS="3267" WIDTH="66"/>
						<String ID="P32_ST00363" HPOS="581" VPOS="3207" WIDTH="120" HEIGHT="80" CONTENT="(fig." WC="0.61" CC="08703"/>
						<SP ID="P32_SP00331" HPOS="701" VPOS="3287" WIDTH="42"/>
						<String ID="P32_ST00364" HPOS="743" VPOS="3211" WIDTH="84" HEIGHT="76" CONTENT="2)," WC="1.00" CC="000"/>
						<SP ID="P32_SP00332" HPOS="827" VPOS="3287" WIDTH="61"/>
						<String ID="P32_ST00365" HPOS="888" VPOS="3212" WIDTH="192" HEIGHT="55" CONTENT="tantôt" WC="0.99" CC="302400"/>
						<SP ID="P32_SP00333" HPOS="1080" VPOS="3287" WIDTH="54"/>
						<String ID="P32_ST00366" HPOS="1134" VPOS="3212" WIDTH="54" HEIGHT="55" CONTENT="la" WC="0.95" CC="00"/>
						<SP ID="P32_SP00334" HPOS="1188" VPOS="3287" WIDTH="54"/>
						<String ID="P32_ST00367" HPOS="1242" VPOS="3231" WIDTH="239" HEIGHT="57" CONTENT="gamme" WC="1.00" CC="00000"/>
						<SP ID="P32_SP00335" HPOS="1481" VPOS="3288" WIDTH="57"/>
						<String ID="P32_ST00368" HPOS="1538" VPOS="3225" WIDTH="83" HEIGHT="43" CONTENT="est" WC="0.99" CC="001"/>
						<SP ID="P32_SP00336" HPOS="1621" VPOS="3288" WIDTH="49"/>
						<String ID="P32_ST00369" HPOS="1670" VPOS="3231" WIDTH="115" HEIGHT="36" CONTENT="une" WC="0.98" CC="410"/>
						<SP ID="P32_SP00337" HPOS="1785" VPOS="3288" WIDTH="47"/>
						<String ID="P32_ST00370" HPOS="1832" VPOS="3208" WIDTH="223" HEIGHT="59" CONTENT="échelle" WC="0.99" CC="6150000"/>
						<SP ID="P32_SP00338" HPOS="2055" VPOS="3288" WIDTH="52"/>
						<String ID="P32_ST00371" HPOS="2107" VPOS="3210" WIDTH="376" HEIGHT="58" CONTENT="discontinue" WC="1.00" CC="03000020240"/>
					</TextLine>
					<TextLine ID="P32_TL00035" HPOS="61" VPOS="3284" WIDTH="1773" HEIGHT="90">
						<String ID="P32_ST00372" HPOS="61" VPOS="3284" WIDTH="90" HEIGHT="82" CONTENT="(%•" WC="0.36" CC="692"/>
						<SP ID="P32_SP00339" HPOS="151" VPOS="3366" WIDTH="155"/>
						<String ID="P32_ST00373" HPOS="306" VPOS="3318" WIDTH="115" HEIGHT="56" CONTENT="que" WC="0.91" CC="888"/>
						<SP ID="P32_SP00340" HPOS="421" VPOS="3374" WIDTH="33"/>
						<String ID="P32_ST00374" HPOS="454" VPOS="3296" WIDTH="287" HEIGHT="58" CONTENT="l'homme" WC="0.99" CC="6160000"/>
						<SP ID="P32_SP00341" HPOS="741" VPOS="3374" WIDTH="34"/>
						<String ID="P32_ST00375" HPOS="775" VPOS="3319" WIDTH="30" HEIGHT="35" CONTENT="a" WC="1.00" CC="0"/>
						<SP ID="P32_SP00342" HPOS="805" VPOS="3374" WIDTH="32"/>
						<String ID="P32_ST00376" HPOS="837" VPOS="3319" WIDTH="173" HEIGHT="55" CONTENT="reçue" WC="0.99" CC="00400"/>
						<SP ID="P32_SP00343" HPOS="1010" VPOS="3374" WIDTH="35"/>
						<String ID="P32_ST00377" HPOS="1045" VPOS="3311" WIDTH="167" HEIGHT="43" CONTENT="toute" WC="0.99" CC="00502"/>
						<SP ID="P32_SP00344" HPOS="1212" VPOS="3374" WIDTH="32"/>
						<String ID="P32_ST00378" HPOS="1244" VPOS="3296" WIDTH="142" HEIGHT="58" CONTENT="faite" WC="1.00" CC="00003"/>
						<SP ID="P32_SP00345" HPOS="1386" VPOS="3374" WIDTH="33"/>
						<String ID="P32_ST00379" HPOS="1419" VPOS="3297" WIDTH="71" HEIGHT="57" CONTENT="de" WC="1.00" CC="00"/>
						<SP ID="P32_SP00346" HPOS="1490" VPOS="3374" WIDTH="33"/>
						<String ID="P32_ST00380" HPOS="1523" VPOS="3300" WIDTH="53" HEIGHT="54" CONTENT="la" WC="0.97" CC="00"/>
						<SP ID="P32_SP00347" HPOS="1576" VPOS="3374" WIDTH="32"/>
						<String ID="P32_ST00381" HPOS="1608" VPOS="3312" WIDTH="226" HEIGHT="44" CONTENT="nature." WC="0.99" CC="2400104"/>
					</TextLine>
				</TextBlock>
				<TextBlock ID="P32_TB00004" HPOS="56" VPOS="3501" WIDTH="2427" HEIGHT="170" STYLEREFS="TXT_3 PAR_LEFT">
					<TextLine ID="P32_TL00036" HPOS="140" VPOS="3503" WIDTH="2343" HEIGHT="57">
						<String ID="P32_ST00382" HPOS="140" VPOS="3503" WIDTH="7" HEIGHT="21" CONTENT="1" STYLE="superscript" WC="0.36" CC="6"/>
						<SP ID="P32_SP00348" HPOS="147" VPOS="3524" WIDTH="23"/>
						<String ID="P32_ST00383" HPOS="170" VPOS="3505" WIDTH="104" HEIGHT="38" CONTENT="Cette" WC="0.98" CC="10054"/>
						<SP ID="P32_SP00349" HPOS="274" VPOS="3543" WIDTH="20"/>
						<String ID="P32_ST00384" HPOS="294" VPOS="3507" WIDTH="49" HEIGHT="37" CONTENT="loi" WC="0.98" CC="060" STYLEREFS="TXT_4"/>
						<SP ID="P32_SP00350" HPOS="343" VPOS="3544" WIDTH="21"/>
						<String ID="P32_ST00385" HPOS="364" VPOS="3507" WIDTH="225" HEIGHT="38" CONTENT="immanente" WC="0.98" CC="024644666" STYLEREFS="TXT_4"/>
						<SP ID="P32_SP00351" HPOS="589" VPOS="3545" WIDTH="20"/>
						<String ID="P32_ST00386" HPOS="609" VPOS="3517" WIDTH="54" HEIGHT="29" CONTENT="est" WC="0.98" CC="220"/>
						<SP ID="P32_SP00352" HPOS="663" VPOS="3546" WIDTH="22"/>
						<String ID="P32_ST00387" HPOS="685" VPOS="3507" WIDTH="93" HEIGHT="38" CONTENT="celle" WC="1.00" CC="00010"/>
						<SP ID="P32_SP00353" HPOS="778" VPOS="3546" WIDTH="22"/>
						<String ID="P32_ST00388" HPOS="800" VPOS="3508" WIDTH="98" HEIGHT="37" CONTENT="dont" WC="0.99" CC="0300"/>
						<SP ID="P32_SP00354" HPOS="898" VPOS="3546" WIDTH="21"/>
						<String ID="P32_ST00389" HPOS="919" VPOS="3506" WIDTH="140" HEIGHT="54" CONTENT="parlait" WC="0.99" CC="3340050"/>
						<SP ID="P32_SP00355" HPOS="1059" VPOS="3560" WIDTH="21"/>
						<String ID="P32_ST00390" HPOS="1080" VPOS="3508" WIDTH="85" HEIGHT="49" CONTENT="déjà" WC="0.98" CC="0034"/>
						<SP ID="P32_SP00356" HPOS="1165" VPOS="3560" WIDTH="21"/>
						<String ID="P32_ST00391" HPOS="1186" VPOS="3508" WIDTH="65" HEIGHT="37" CONTENT="M." WC="0.79" CC="04"/>
						<SP ID="P32_SP00357" HPOS="1251" VPOS="3560" WIDTH="24"/>
						<String ID="P32_ST00392" HPOS="1275" VPOS="3508" WIDTH="197" HEIGHT="38" CONTENT="Riemann" WC="0.75" CC="6711000"/>
						<SP ID="P32_SP00358" HPOS="1472" VPOS="3560" WIDTH="31"/>
						<String ID="P32_ST00393" HPOS="1503" VPOS="3508" WIDTH="95" HEIGHT="37" CONTENT="dans" WC="1.00" CC="0000"/>
						<SP ID="P32_SP00359" HPOS="1598" VPOS="3560" WIDTH="29"/>
						<String ID="P32_ST00394" HPOS="1627" VPOS="3507" WIDTH="106" HEIGHT="38" CONTENT="Tune" WC="0.98" CC="8000"/>
						<SP ID="P32_SP00360" HPOS="1733" VPOS="3560" WIDTH="21"/>
						<String ID="P32_ST00395" HPOS="1754" VPOS="3508" WIDTH="65" HEIGHT="37" CONTENT="des" WC="1.00" CC="000"/>
						<SP ID="P32_SP00361" HPOS="1819" VPOS="3560" WIDTH="22"/>
						<String ID="P32_ST00396" HPOS="1841" VPOS="3508" WIDTH="180" HEIGHT="37" CONTENT="citations" WC="0.99" CC="070004300"/>
						<SP ID="P32_SP00362" HPOS="2021" VPOS="3560" WIDTH="30"/>
						<String ID="P32_ST00397" HPOS="2051" VPOS="3508" WIDTH="247" HEIGHT="52" CONTENT="précédentes" WC="1.00" CC="06400000000"/>
						<SP ID="P32_SP00363" HPOS="2298" VPOS="3560" WIDTH="22"/>
						<String ID="P32_ST00398" HPOS="2320" VPOS="3525" WIDTH="9" HEIGHT="31" CONTENT=";" WC="0.28" CC="7"/>
						<SP ID="P32_SP00364" HPOS="2329" VPOS="3560" WIDTH="32"/>
						<String ID="P32_ST00399" HPOS="2361" VPOS="3515" WIDTH="122" HEIGHT="43" CONTENT="quant" WC="0.99" CC="30001"/>
					</TextLine>
					<TextLine ID="P32_TL00037" HPOS="57" VPOS="3561" WIDTH="2426" HEIGHT="55">
						<String ID="P32_ST00400" HPOS="57" VPOS="3561" WIDTH="32" HEIGHT="26" CONTENT="au" STYLE="superscript" WC="0.23" CC="77"/>
						<SP ID="P32_SP00365" HPOS="89" VPOS="3587" WIDTH="18"/>
						<String ID="P32_ST00401" HPOS="107" VPOS="3562" WIDTH="147" HEIGHT="45" CONTENT="mystère" WC="0.98" CC="8046430"/>
						<SP ID="P32_SP00366" HPOS="254" VPOS="3607" WIDTH="21"/>
						<String ID="P32_ST00402" HPOS="275" VPOS="3564" WIDTH="66" HEIGHT="48" CONTENT="qui" WC="0.95" CC="543"/>
						<SP ID="P32_SP00367" HPOS="341" VPOS="3612" WIDTH="22"/>
						<String ID="P32_ST00403" HPOS="363" VPOS="3562" WIDTH="253" HEIGHT="54" CONTENT="l'enveloppe," WC="1.00" CC="420000060032"/>
						<SP ID="P32_SP00368" HPOS="616" VPOS="3616" WIDTH="23"/>
						<String ID="P32_ST00404" HPOS="639" VPOS="3562" WIDTH="28" HEIGHT="39" CONTENT="il" WC="0.90" CC="20"/>
						<SP ID="P32_SP00369" HPOS="667" VPOS="3616" WIDTH="20"/>
						<String ID="P32_ST00405" HPOS="687" VPOS="3573" WIDTH="54" HEIGHT="29" CONTENT="est" WC="1.00" CC="000"/>
						<SP ID="P32_SP00370" HPOS="741" VPOS="3616" WIDTH="20"/>
						<String ID="P32_ST00406" HPOS="761" VPOS="3563" WIDTH="224" HEIGHT="39" CONTENT="facilement" WC="1.00" CC="4004300000"/>
						<SP ID="P32_SP00371" HPOS="985" VPOS="3616" WIDTH="30"/>
						<String ID="P32_ST00407" HPOS="1015" VPOS="3562" WIDTH="153" HEIGHT="40" CONTENT="ëclairci" WC="0.71" CC="61003613"/>
						<SP ID="P32_SP00372" HPOS="1168" VPOS="3616" WIDTH="21"/>
						<String ID="P32_ST00408" HPOS="1189" VPOS="3578" WIDTH="70" HEIGHT="38" CONTENT="par" WC="0.97" CC="007"/>
						<SP ID="P32_SP00373" HPOS="1259" VPOS="3616" WIDTH="20"/>
						<String ID="P32_ST00409" HPOS="1279" VPOS="3562" WIDTH="37" HEIGHT="40" CONTENT="la" WC="1.00" CC="00"/>
						<SP ID="P32_SP00374" HPOS="1316" VPOS="3616" WIDTH="20"/>
						<String ID="P32_ST00410" HPOS="1336" VPOS="3565" WIDTH="148" HEIGHT="37" CONTENT="théorie" WC="0.99" CC="0400043"/>
						<SP ID="P32_SP00375" HPOS="1484" VPOS="3616" WIDTH="23"/>
						<String ID="P32_ST00411" HPOS="1507" VPOS="3564" WIDTH="188" HEIGHT="38" CONTENT="rationiste" WC="0.77" CC="2200560400" STYLEREFS="TXT_4"/>
						<SP ID="P32_SP00376" HPOS="1695" VPOS="3616" WIDTH="20"/>
						<String ID="P32_ST00412" HPOS="1715" VPOS="3565" WIDTH="98" HEIGHT="37" CONTENT="dont" WC="0.99" CC="0400"/>
						<SP ID="P32_SP00377" HPOS="1813" VPOS="3616" WIDTH="21"/>
						<String ID="P32_ST00413" HPOS="1834" VPOS="3562" WIDTH="33" HEIGHT="40" CONTENT="le" WC="1.00" CC="00"/>
						<SP ID="P32_SP00378" HPOS="1867" VPOS="3616" WIDTH="22"/>
						<String ID="P32_ST00414" HPOS="1889" VPOS="3564" WIDTH="176" HEIGHT="52" CONTENT="principe" WC="1.00" CC="03300002"/>
						<SP ID="P32_SP00379" HPOS="2065" VPOS="3616" WIDTH="16"/>
						<String ID="P32_ST00415" HPOS="2081" VPOS="3578" WIDTH="47" HEIGHT="24" CONTENT="va" WC="1.00" CC="00"/>
						<SP ID="P32_SP00380" HPOS="2128" VPOS="3616" WIDTH="20"/>
						<String ID="P32_ST00416" HPOS="2148" VPOS="3565" WIDTH="78" HEIGHT="37" CONTENT="être" WC="0.97" CC="2461"/>
						<SP ID="P32_SP00381" HPOS="2226" VPOS="3616" WIDTH="29"/>
						<String ID="P32_ST00417" HPOS="2255" VPOS="3565" WIDTH="203" HEIGHT="37" CONTENT="sommaire" SUBS_TYPE="HypPart1" SUBS_CONTENT="sommairement" WC="0.99" CC="06000672"/>
						<HYP HPOS="2458" VPOS="3565" WIDTH="25" CONTENT="-"/>
					</TextLine>
					<TextLine ID="P32_TL00038" HPOS="59" VPOS="3616" WIDTH="438" HEIGHT="55">
						<String ID="P32_ST00418" HPOS="59" VPOS="3616" WIDTH="79" HEIGHT="32" CONTENT="ment" SUBS_TYPE="HypPart2" SUBS_CONTENT="sommairement" WC="0.93" CC="8869"/>
						<SP ID="P32_SP00382" HPOS="138" VPOS="3648" WIDTH="18"/>
						<String ID="P32_ST00419" HPOS="156" VPOS="3616" WIDTH="145" HEIGHT="53" CONTENT="rappelé" WC="0.98" CC="6890045"/>
						<SP ID="P32_SP00383" HPOS="301" VPOS="3669" WIDTH="21"/>
						<String ID="P32_ST00420" HPOS="322" VPOS="3619" WIDTH="175" HEIGHT="52" CONTENT="ci-après." WC="0.99" CC="043000403"/>
					</TextLine>
				</TextBlock>
			</PrintSpace>
		</Page>
	</Layout>
</alto>
