2964 4102
679 364 0 0 950

1547 282 75 69 S.
1688 285 65 69 I.
1825 285 118 69 M.

516 418 199 56 classes
750 417 274 79 spéciales
1057 442 151 56 pour
1240 423 79 56 les
1349 422 191 61 élèves
1564 427 297 59 auditeurs
1894 444 56 43 et
1978 451 152 57 pour
2154 453 151 36 ceux
2332 434 98 58 des
2454 435 189 60 écoles
2670 456 225 58 normale

519 503 83 56 Le
637 524 169 37 cours
842 507 287 78 principal
1178 530 30 34 a
1255 530 153 57 pour
1439 511 156 78 objet
1628 515 51 56 la
1715 516 272 78 pratique
2035 519 201 56 vocale
2270 534 54 42 et
2361 521 437 66 instrumentale
2827 555 44 41 et
2895 549 9 53 l
2907 572 14 34 a

517 592 398 75 composition
946 614 12 34 :
1011 596 41 53 il
1100 595 142 57 dure
1291 597 156 58 deux
1495 620 116 38 ans.
1662 602 165 56 Tous
1872 604 80 56 les
2001 605 383 60 instruments
2434 611 304 61 modernes
2777 639 30 57 y
2836 644 84 49 sont

515 675 301 77 enseignés
842 699 70 36 en
941 681 196 56 même
1165 695 192 66 temps
1382 705 116 57 que
1524 688 79 55 les
1630 689 128 76 plus
1780 691 302 77 pratiques
2107 691 97 58 des
2230 694 384 60 instruments
2647 699 271 83 indigènes'

513 764 285 76 quelques
860 787 107 36 uns
1030 768 69 55 de
1162 790 94 37 ces
1317 771 277 72 derniers,
1658 774 421 80 spécialement
2130 780 53 55 le
2450 798 103 42 ont
2610 790 197 58 trouvé
2849 820 70 44 une

513 851 407 77 remarquable
954 855 304 75 puissance
1291 862 348 74 expressive,
1663 882 131 38 sous
1819 864 389 79 l'inspiration
2238 869 300 59 moderne.
2576 872 343 78 L'Académie

512 939 324 75 comprend
872 942 246 57 environ
1154 963 81 55 40
1269 945 353 78 professeurs
1670 964 58 42 et
1781 968 121 59 500
1950 950 192 60 élèves
2171 978 14 45 ;
2236 953 161 60 faute
2431 958 70 56 de
2535 961 182 76 place,
2761 967 92 58 elle
2878 997 37 37 et;

511 1020 188 59 refuse
732 1023 30 57 à
795 1046 116 57 peu
945 1027 130 77 près
1108 1044 219 45 autant.
1366 1034 91 55 En
1493 1034 210 59 dehors
1736 1036 72 58 de
1841 1052 156 43 cette
2046 1042 337 57 institution
2436 1065 75 35 un
2564 1046 115 57 bon
2730 1057 186 64 nombre

510 1109 35 55 d
572 1124 296 65 étrangers
939 1113 207 60 établis
1179 1138 30 35 a
1241 1118 201 57 Tokio
1463 1123 345 76 enseignent
1841 1127 52 55 la
1919 1127 275 77 musique
2228 1128 30 56 à
2291 1131 136 56 titre
2455 1131 164 79 privé
2647 1147 56 43 et
2730 1157 162 47 rencon-

508 1210 154 43 trent
698 1218 77 36 un
808 1198 97 57 vif
929 1199 212 60 intérêt
1176 1207 190 75 parmi
1400 1208 52 55 la
1484 1211 353 76 population
1872 1212 70 56 de
1975 1213 54 56 la
2062 1217 268 75 capitale.

2045 1388 77 57 Dr
2156 1391 66 56 F.
2261 1391 527 65 Ingram-Bryan.

732 1615 418 71 BRAHMS
1236 1624 128 66 ET
1444 1625 165 68 LES
1706 1606 297 92 FÊTES
2089 1634 131 66 DE
2307 1635 415 70 MUNICH

672 1820 88 56 La
793 1825 321 56 révélation
1150 1828 70 56 de
1254 1832 250 57 certains
1531 1832 236 60 maîtres
1800 1857 30 35 a
1863 1839 258 78 quelque
2148 1839 175 59 chose
2357 1842 70 56 de
2460 1841 367 84 foudroyant.
2853 1852 59 59 On

493 1919 83 42 est
610 1907 290 79 subjugue
935 1911 97 57 des
1065 1913 16 55 1
1107 1913 195 60 abord.
1343 1917 225 60 Parfois
1601 1921 52 56 le
1686 1942 156 59 coup
1877 1925 70 55 de
1980 1926 210 57 foudre
2223 1949 57 35 se
2312 1927 108 59 fait
2454 1932 282 57 attendre.
2761 1935 85 58 On
2873 1960 41 37 ne

492 1994 126 55 voit
653 1996 145 70 rien,
833 2019 74 35 on
944 2020 32 34 n
1004 2003 212 55 entend
1254 2005 141 57 rien.
1425 2007 165 57 Tout
1623 2008 31 58 à
1688 2031 156 59 coup
1877 2013 52 55 la
1965 2034 113 37 nue
2112 2035 56 37 se
2201 2015 242 59 déchire
2477 2032 56 44 et
2566 2017 218 61 l'éclair
2813 2025 101 60 n'est

493 2100 116 57 que
644 2083 127 76 plus
806 2085 340 61 redoutable
1178 2110 10 36 :
1245 2111 74 37 on
1354 2107 84 42 est
1472 2095 135 57 Saul
1658 2116 96 37 sur
1786 2099 52 54 le
1871 2099 240 58 chemin
2148 2101 70 57 de
2253 2104 239 58 Damas.
2554 2107 157 58 C'est
2749 2130 61 36 ce
2839 2133 75 57 que

479 2166 23 77 j
530 2168 52 55 ai
618 2167 259 79 éprouve
911 2194 140 37 avec
1087 2176 262 60 Mahler.
1388 2181 163 59 Mais
1584 2184 41 54 il
1659 2199 83 42 est
1777 2206 75 36 un
1890 2201 164 44 autre
2088 2190 178 57 mode
2299 2193 130 76 plus
2469 2191 273 80 fatigant,
2769 2201 145 56 moins

489 2253 305 74 décoratif,
831 2261 129 76 plus
993 2264 289 77 poignant
1326 2270 319 75 peut-être,
1681 2273 184 57 d'être
1898 2273 160 59 forcé
2093 2275 31 58 à
2156 2279 53 54 la
2243 2280 371 71 soumission,
2651 2283 157 80 après
2839 2308 75 37 une

488 2340 239 80 longue,
759 2359 110 44 très
903 2349 217 77 longue
1147 2351 249 61 bataille.
1427 2358 48 54 C
1501 2372 84 41 est
1612 2360 147 56 alors
1792 2361 51 55 la
1876 2363 151 56 lutte
2054 2363 70 57 de
2138 2365 186 76 Jacob
2347 2388 140 37 avec
2520 2369 189 80 l'ange
2736 2372 9 57 !
2783 2373 129 58 Voici

484 2429 346 82 vingt-cinq
887 2457 98 34 ans
1042 2458 113 57 que
1212 2440 249 60 Brahms
1504 2464 97 37 me
1658 2448 254 57 rebutait
1962 2464 56 42 et
2076 2472 95 35 me
2225 2452 291 72 fascinait,
2570 2478 115 57 que
2708 2459 61 76 je
2799 2460 111 58 m'en

484 2515 357 74 détournais,
892 2543 349 61 découragé,
1277 2543 56 43 et
1368 2551 114 58 que
1505 2532 61 77 je
1601 2537 210 56 sentais
1844 2535 135 59 bien
2027 2554 281 63 pourtant
2343 2563 115 58 que
2492 2546 52 55 le
2577 2546 203 58 devoir
2810 2547 100 58 était

484 2603 36 54 d
548 2626 35 55 y
618 2609 252 69 revenir,
897 2631 114 57 que
1028 2612 61 77 je
1115 2634 61 36 m
1200 2617 270 77 efforçais
1491 2619 35 56 d
1550 2623 219 56 arriver
1790 2645 95 35 sur
1907 2640 156 43 cette
2086 2629 275 78 musique
2384 2629 29 58 à
2436 2631 97 58 des
2557 2632 155 60 idées
2736 2637 174 67 claires,

480 2688 31 57 à
545 2712 79 36 un
659 2708 119 42 état
806 2698 101 76 qui
931 2702 219 73 permit
1178 2723 113 36 aux
1325 2706 376 77 impressions
1728 2709 334 82 d'acquérir
2083 2730 154 42 cette
2262 2718 266 70 lucidité,
2557 2741 126 38 sans
2707 2723 204 79 laquelle

479 2778 41 55 il
554 2778 147 58 n'est
738 2803 150 56 pour
921 2806 78 35 un
1034 2791 180 76 esprit
1249 2791 70 57 de
1353 2794 230 56 culture
1616 2797 179 57 latine
1829 2820 229 38 aucune
2092 2803 297 79 complète
2413 2806 346 77 jouissance.
2791 2811 120 56 Mais

478 2885 237 39 comme
750 2890 29 35 c
807 2873 142 55 était
985 2873 284 61 décevant
1303 2900 141 37 avec
1479 2896 91 43 cet
1606 2899 86 42 art
1726 2886 191 58 divers
1950 2902 57 42 et
2054 2887 230 81 fuyant,
2319 2894 44 55 si
2399 2897 446 58 contradictoire
2874 2913 35 42 et

478 2952 189 58 denue
703 2956 68 56 de
807 2960 305 58 séduction
1141 2981 164 41 autre
1333 2988 114 57 que
1474 2989 101 37 son
1603 2991 216 60 propre
1846 2975 273 80 mystère.
2144 2979 299 69 Toujours
2468 3003 66 37 ce
2556 2985 184 76 grand
2761 3005 149 57 nuage

474 3059 117 57 gns
625 3043 299 59 au-dessus
957 3048 70 55 de
1063 3069 103 38 nos
1202 3065 161 46 tetes.
1405 3055 155 57 Mon
1585 3078 165 38 cœur
1782 3061 207 59 n'était
2022 3084 101 58 pas
2156 3064 30 57 à
2219 3066 159 57 l'aise
2404 3090 140 37 avec
2578 3087 92 40 cet
2704 3073 203 56 homme

477 3127 141 56 lude
653 3145 55 41 et
742 3130 206 73 fermé,
985 3137 101 75 qui
1123 3159 71 34 ne
1228 3140 195 57 donne
1446 3142 212 77 jamais
1689 3148 53 54 le
1776 3149 120 57 sien
1932 3150 310 60 d'emblée.
2280 3155 80 56 Et
2394 3158 263 77 toujours
2683 3160 58 76 je
2779 3159 109 57 l'étu-

473 3214 162 59 diais.
676 3219 265 59 Maintes
996 3221 112 60 fois
1133 3225 101 76 jai
1268 3249 159 56 passe
1461 3230 140 60 dans
1651 3256 102 35 son
1804 3238 221 77 sillage,
2067 3240 61 76 je
2170 3240 93 57 l'ai
2316 3245 318 78 approché.
2681 3247 187 77 J'étais
2890 3245 17 56 à

474 3301 231 60 Vienne
739 3306 139 59 dans
913 3323 166 44 toute
1112 3314 50 56 la
1197 3319 233 55 ferveur
1465 3319 463 80 Wagnérienne,
1962 3341 60 42 et
2055 3329 132 76 puis
2220 3349 66 37 ce
2321 3352 114 57 que
2457 3333 78 57 les
2562 3337 272 75 partisans
2860 3333 46 57 de

579 3473 9 21 '
615 3478 108 37 Nous
743 3492 149 38 voyons
913 3496 77 25 une
1013 3483 72 39 fois
1105 3485 47 38 de
1174 3484 85 55 plus
1275 3488 183 39 combien
1490 3488 36 41 la
1559 3493 148 39 France
1728 3506 54 26 est
1805 3496 77 39 mal
1905 3502 238 49 représentée
2172 3503 23 36 à
2225 3501 220 52 l'étranger.
2481 3507 81 37 Nos
2591 3508 158 46 artistes,
2780 3507 84 38 dont
2882 3502 23 39 la

465 3543 263 29 concurrence
748 3537 96 36 rend
866 3537 92 39 chez
980 3553 97 25 nous
1099 3539 35 40 la
1155 3541 213 54 profession
1390 3559 29 24 si
1441 3546 167 52 pénible,
1637 3550 201 40 devraient
1860 3555 279 40 certainement
2161 3558 144 49 diriger
2326 3558 100 40 leurs
2446 3563 157 47 regards
2624 3578 81 24 vers
2724 3562 181 40 l'extrême-

465 3592 139 33 Orient
625 3603 67 36 qui
713 3592 165 39 cherche
900 3609 20 23 a
942 3610 17 23 s
975 3598 181 38 instruire
1176 3608 38 29 et
1235 3601 21 37 à
1277 3614 37 24 se
1335 3604 179 48 pénétrer
1535 3605 45 37 de
1604 3616 111 29 notre
1736 3608 164 40 culture.
