2964 4102
1561 307 74 66 S.
1702 305 64 65 I.
1840 305 116 65 M.

534 337 151 69 952

526 472 225 42 nature.
790 456 112 54 Les
934 450 145 58 fêtes
1114 448 248 58 Brahms
1395 462 103 42 ont
1522 447 119 78 jeté
1693 468 97 36 sur
1821 448 246 55 l'œuvre
2125 466 113 35 une
2276 442 250 58 lumière
2559 448 276 60 nouvelle.
2867 458 50 62 Ur

518 544 246 58 homme
795 541 130 56 s'est
960 536 225 68 trouvé,
1222 536 95 57 élu
1350 556 104 58 par
1487 534 248 57 Brahms
1757 533 207 77 depuis
1995 533 360 76 longtemps,
2384 530 104 78 qui
2522 529 195 59 devait
2751 534 145 83 dispen-

521 652 88 37 ser
640 630 31 55 à
704 650 103 35 son
863 646 202 37 œuvre
1120 646 65 34 ce
1217 623 104 56 flot
1357 623 69 56 de
1480 622 269 68 lumière,
1806 622 55 55 la
1910 633 215 44 mettre
2181 618 140 57 dans
2371 638 105 36 son
2530 619 125 55 vrai
2702 619 127 77 jour
2855 650 64 44 non

520 718 292 58 seulemen
823 729 41 53 t,
883 713 145 56 mais
1061 731 146 36 nous
1227 711 259 77 imposer
1517 711 52 54 le
1595 710 171 77 point
1790 707 70 57 de
1874 729 114 35 vue
2022 708 51 55 le
2100 707 130 77 plus
2252 703 315 59 favorable.
2608 706 110 56 Cet
2743 706 177 75 homm;

520 817 82 44 est
649 802 95 56 M.
784 801 165 56 Fritz
982 796 335 58 Steinbach.
1367 797 123 62 Qui
1524 797 92 55 n'a
1647 815 101 58 pas
1782 815 139 57 reçu
1946 792 70 57 de
2041 793 85 56 lui
2161 812 71 37 en
2267 792 195 78 pleine
2483 791 257 77 poitrine
2770 795 48 56 le
2845 798 75 69 bloc

521 891 70 56 de
623 891 53 55 la
733 889 27 55 lerI
764 899 34 20 er
830 901 55 42 et
948 887 52 55 le
1035 886 88 55 IV
1127 890 16 19 e
1192 884 356 80 symphonie
1580 904 74 35 ne
1687 884 80 55 les
1800 881 239 57 connait
2082 901 118 57 pas.
2238 881 174 55 Nous
2459 898 180 36 avons
2674 887 236 63 entendue

517 979 81 54 les
633 974 385 80 symphonies
1038 972 70 56 de
1132 971 247 56 Brahms
1401 970 29 56 à
1452 966 223 72 satiété,
1711 969 30 57 à
1768 970 253 66 Vienne,
2045 966 32 57 à
2106 967 178 68 Paris,
2307 965 31 57 à
2374 967 250 75 Prague,
2641 964 30 57 à
2707 966 204 70 Munich

521 1064 69 57 de
626 1061 271 68 Richter,
932 1060 72 56 de
1042 1060 438 75 Weingartner,
1515 1056 70 57 de
1621 1059 225 65 Lœwe,
1881 1055 73 56 de
1988 1055 385 56 Lamoureux
2406 1074 77 34 ou
2531 1051 70 57 de
2632 1051 280 71 Chevillard

521 1152 71 57 de
630 1153 352 72 Hausegger
1014 1160 57 44 et
1106 1146 70 56 de
1212 1144 420 77 Schnéevoigt,
1668 1144 71 56 de
1776 1141 233 59 Nedbal
2044 1157 57 40 et
2136 1141 70 56 de
2239 1139 327 70 Zemanek,
2592 1140 205 76 jamais
2839 1167 84 45 nouç

521 1238 293 57 n'aurions
847 1257 82 56 pu
962 1235 188 55 croire
1183 1232 30 57 à
1249 1253 113 36 une
1418 1229 476 80 transfiguration
1929 1228 378 78 comparable
2355 1228 29 57 à
2434 1229 143 55 celle
2610 1226 98 58 des
2752 1228 23 56 I
2808 1247 46 42 et
2879 1237 42 55 IV

520 1346 132 37 sous
684 1325 53 54 la
770 1322 291 57 direction
1086 1318 337 58 Steinbach.
1463 1319 141 56 Cela
1637 1318 239 56 devient
1903 1338 77 34 un
2017 1315 225 80 hymne
2276 1315 31 56 à
2337 1314 300 78 l'énergie,
2662 1314 168 60 d'une
2848 1325 76 60 telle

520 1413 305 78 puissance
860 1408 296 56 maîtresse
1190 1406 421 68 d'elle-même,
1649 1406 143 77 qu'il
1825 1402 126 58 faut
1985 1404 137 56 bien
2178 1402 393 78 comprendre
2605 1402 97 57 dès
2733 1403 104 58 lors
2864 1431 61 56 que

517 1499 398 75 l'Allemagne
948 1496 193 77 puisse
1166 1507 216 43 mettre
1415 1513 70 36 en
1520 1491 272 80 parallèle
1827 1491 71 57 de
1932 1492 163 56 telles
2128 1511 231 37 œuvres
2380 1511 139 35 avec
2542 1489 53 56 la
2618 1491 54 54 V
2708 1505 55 41 et
2782 1492 48 56 la
2857 1496 67 61 VII

524 1586 80 56 du
638 1581 446 59 Grand-Sourd.

700 1673 85 54 Ce
818 1668 92 59 fut
945 1668 29 58 à
1010 1670 77 56 tel
1119 1668 172 79 point
1326 1689 134 57 que,
1496 1666 98 57 dès
1641 1667 53 56 le
1730 1665 292 80 première
2055 1663 342 80 répétition,
2431 1666 53 54 le
2519 1665 117 57 soir
2669 1665 77 55 du
2780 1686 31 56 9
2844 1668 62 82 Sep-

518 1760 251 67 tembre,
802 1759 54 54 la
911 1757 272 78 question
1247 1755 251 56 Brahms
1551 1753 190 58 s'était
1804 1751 519 58 immédiatement
2379 1750 380 81 compliquée
2817 1753 109 64 d'une

520 1847 271 79 question
828 1842 341 69 Steinbach,
1203 1841 270 59 soulevée
1506 1855 232 43 surtout
1771 1861 106 59 par
1908 1842 80 55 les
2021 1839 301 58 auditeurs
2349 1840 297 68 berlinois,
2674 1839 224 61 formant
2916 1846 10 57 à

518 1955 117 58 peu
690 1931 131 80 près
863 1933 54 54 la
949 1927 208 60 moitié
1214 1929 72 57 de
1331 1930 367 56 l'assistance.
1755 1929 112 56 Ces
1899 1925 185 60 écarts
2131 1926 393 80 dynamiques
2578 1940 105 43 ont
2738 1926 75 57 du
2843 1947 85 41 reste

518 2042 266 38 encouru
832 2020 53 56 le
938 2018 400 78 réprobation,
1379 2037 141 37 avec
1571 2018 172 56 celles
1776 2015 98 57 des
1926 2035 142 59 gens
2101 2014 71 58 de
2229 2014 117 57 bon
2411 2029 104 42 ton
2567 2028 56 43 et
2686 2014 70 57 de
2815 2015 111 61 belle;

521 2107 306 68 manières,
845 2107 316 68 justement
1184 2104 70 56 de
1270 2118 131 42 tous
1424 2124 91 37 ces
1542 2103 238 57 timides
1801 2115 57 45 et
1881 2123 93 37 ces
1990 2101 230 58 tendres
2238 2103 126 77 qui,
2392 2123 71 36 en
2489 2101 267 69 Brahms,
2774 2104 154 58 aiment

517 2208 233 45 surtout
781 2194 381 78 l'expression
1195 2190 71 58 de
1310 2192 127 56 leur
1470 2189 280 70 timidité,
1804 2189 71 57 de
1908 2190 127 56 leur
2069 2189 292 57 tendresse
2394 2203 57 43 et
2509 2189 69 57 de
2610 2190 126 55 leur
2784 2190 144 59 intime

517 2283 338 79 persuasion
879 2302 114 56 que
1026 2293 131 43 tout
1192 2278 71 57 de
1296 2279 198 56 même
1528 2279 67 56 ils
1628 2279 266 56 auraient
1929 2298 79 57 pu
2054 2292 57 42 et
2145 2277 79 57 du
2257 2277 373 57 bouleverser
2671 2278 53 56 le
2759 2278 169 57 monde,

521 2371 164 57 Mais
738 2390 147 35 nous
941 2369 124 77 qui,
1122 2368 45 55 si
1217 2368 361 76 longtemps,
1612 2387 179 36 avons
1841 2364 213 80 cotoyé
2102 2367 340 56 l'existence
2493 2364 79 58 du
2620 2364 205 58 maître
2867 2355 80 89 peu!

517 2456 273 68 sociable,
821 2477 114 56 que
968 2456 53 54 la
1048 2456 325 56 caricature
1407 2455 139 55 d'un
1581 2455 271 77 spirituel
1879 2455 311 67 Viennois,
2215 2455 106 77 qui
2347 2474 32 35 a
2411 2474 58 35 sa
2495 2452 219 57 monde
2749 2455 179 54 musical

518 2566 73 36 au
630 2546 141 55 bout
807 2542 98 57 des
939 2542 214 78 doigts,
1188 2540 332 80 représente
1542 2540 257 80 épanoui
1825 2561 71 37 en
1924 2538 365 80 grossièreté,
2326 2555 165 43 entre
2524 2561 101 37 son
2662 2542 188 76 cigare
2876 2561 53 56 qui

517 2634 54 54 le
604 2630 248 80 précède
887 2644 56 42 et
978 2650 79 36 un
1091 2630 150 77 petit
1274 2626 263 58 hérisson
1571 2629 104 77 qui
1696 2629 53 55 le
1771 2629 137 68 suit,
1943 2648 206 36 savons
2176 2648 155 36 assez
2364 2627 278 57 combien
2679 2629 94 55 M.
2804 2629 105 55 Stein-

518 2719 152 58 bach
705 2731 83 44 est
823 2717 140 56 dans
995 2717 53 56 le
1081 2717 123 56 vrai
1242 2716 9 57 !
1354 2717 177 56 Point
1564 2715 71 57 de
1667 2736 160 59 pose,
1862 2717 173 78 point
2068 2715 71 58 de
2173 2715 289 58 manières
2495 2715 31 57 à
2559 2715 186 70 effets,
2779 2716 48 56 le
2855 2729 75 42 tout

520 2827 78 35 un
633 2827 117 57 peu
784 2805 268 76 grossier,
1076 2801 333 80 bourgeois,
2336 2803 136 55 mais
2671 2801 240 78 toujours
2369 2804 86 57 dit
2491 2804 96 56 M.
2627 2804 101 57 W.
2751 2801 179 78 Junker.

520 2893 94 56 Eh
653 2891 10 58 !
703 2893 101 56 oui
836 2891 10 58 !
885 2893 155 54 C'est
1075 2889 136 57 bien
1245 2890 141 69 cela,
1415 2904 57 42 et
1498 2891 142 56 c'est
1665 2891 123 56 cela
1816 2891 145 77 qu'il
1983 2889 124 58 faut
2130 2912 72 35 au
2229 2891 259 78 premier
2514 2903 370 44 mouvement
2898 2886 33 57 de

517 2983 54 54 la
623 2980 26 56 I
653 2984 18 19 e
701 2979 379 80 symphonie,
1115 2999 238 36 comme
1404 2976 30 59 à
1466 2979 54 55 la
1552 2979 334 78 passacaille
1937 2978 70 57 de
2050 2980 56 55 la
2141 2979 107 57 IV.
2288 2980 78 55 Et
2418 2979 158 56 voici
2628 2979 95 57 M.
2763 2975 171 60 Marcel

522 3065 384 59 Montandon
941 3067 104 77 qui
1079 3087 72 34 en
1185 3065 281 56 convient
1496 3087 12 34 :
1612 3067 157 56 C'est
1802 3064 32 59 à
1866 3067 53 56 la
1970 3064 112 59 fois
2115 3079 132 44 tout
2282 3065 251 58 Brahms
2566 3079 56 44 et
2658 3062 276 66 Steinbach,

518 3156 82 55 tel
633 3156 148 77 qu'il
814 3167 103 56 est,
945 3175 238 35 comme
1209 3152 322 80 interprète
1557 3152 80 58 du
1669 3154 311 68 musicien,
1998 3153 145 57 dont
2169 3156 41 54 il
2235 3154 130 57 s'est
2390 3153 107 57 fait
2517 3156 54 54 le

522 3243 144 68 Oui,
703 3255 130 43 tout
866 3241 31 57 à
930 3239 105 59 fait
1086 3242 52 55 le
1174 3239 249 59 Brahms
1456 3239 70 59 de
1559 3262 94 36 ces
1686 3255 299 43 moments
2027 3241 319 57 d'humeur
2379 3239 98 72 où,
2512 3243 71 57 de
2632 3262 134 57 rage
2799 3239 63 58 de
2887 3250 48 44 cet

518 3327 296 58 héroïsme
866 3327 303 70 intérieur,
1221 3328 216 78 auquel
1487 3330 41 54 il
1561 3327 142 58 était
1748 3327 333 58 condamné
2136 3342 56 43 et
2228 3328 143 57 dont
2422 3330 85 55 lui
2540 3331 122 56 seul
2705 3328 168 57 savait
2896 3324 38 56 le;

521 3436 222 57 grosses
798 3415 372 57 défaillances
1202 3413 369 71 matérielles,
1628 3417 42 56 il
1702 3436 57 37 se
1794 3417 152 56 ruait
1994 3417 141 57 dans
2185 3417 53 56 la
2281 3418 296 77 musique,
2630 3435 229 38 comme
2896 3429 37 38 ur

521 3516 241 42 taureau
797 3504 104 77 qui
932 3504 126 55 voit
1092 3523 185 57 rouge
1308 3516 59 42 et
1400 3523 56 35 se
1500 3502 247 57 donnait
1780 3504 97 55 des
1910 3504 266 55 illusions
2209 3502 306 80 d'épopée.
2556 3504 162 57 Mais
2750 3524 63 35 ce
2844 3500 91 57 n'est

521 3610 102 58 pas
654 3604 132 42 tout
844 3589 248 57 Brahms
1143 3591 292 56 vraiment
1472 3590 12 57 !
1541 3591 108 56 Pas
1679 3591 134 77 plus
1856 3611 115 57 que
2022 3592 145 55 n'est
2218 3605 132 42 tout
2385 3590 271 70 Brahms,
2708 3590 227 57 l'homme
