2964 4102
559 281 526 68 LETTRES
1155 281 147 66 DE
1374 280 643 67 BOIELDIEU

2369 302 152 68 9°i

74 427 138 57 l'Etat
240 433 52 41 et
320 422 127 53 elles
494 435 201 40 restent
723 422 331 67 conservées,
1085 422 251 71 espérons
1364 421 131 73 qu'il
1523 440 66 34 en
1618 440 113 33 sera
1758 421 67 52 de
1854 421 174 52 même
2074 440 136 52 pour
2238 421 127 53 celle
2393 421 69 52 de
2488 419 49 54 la

73 506 90 53 liste
191 497 150 53 civile
369 498 129 51 mais
527 517 71 33 on
628 498 122 52 n'en
779 509 79 41 est
885 516 92 52 pas
1005 516 192 33 encore
1226 497 82 52 là..

192 573 76 52 Le
297 573 202 52 théâtre
527 592 68 34 va
621 573 245 72 toujours
894 572 122 67 mal,
1045 583 55 41 et
1129 573 43 51 si
1211 570 55 73 je
1296 570 100 52 n'ai
1428 589 92 53 pas
1551 589 107 33 une
1705 572 143 71 place
1876 572 92 71 qui
1995 589 286 53 compense
2310 570 50 52 la
2388 582 147 60 perte

71 668 78 57 que
168 648 53 72 je
244 645 95 54 fais
367 647 66 53 de
456 648 127 53 celle
606 648 67 52 de
701 648 49 51 la
778 648 247 71 musique
1048 647 67 53 de
1146 647 48 50 la
1214 645 247 54 chambre
1489 644 67 53 de
1587 645 234 52 l'ex-Roi
1843 645 56 73 je
1929 645 129 52 serai
2087 647 105 52 très
2223 644 311 69 embarassé,

71 725 112 57 enfin
211 723 285 53 attendons
524 736 52 40 et
605 724 250 70 espérons
883 734 122 41 tout
1033 722 76 53 du
1152 722 103 52 Roi
1298 720 247 73 Philippe
1574 722 93 72 qui
1694 741 30 31 a
1750 722 66 52 de
1844 722 106 52 très
1978 722 204 53 bonnes
2224 722 310 66 intentions,

70 803 164 62 dit-on,
263 818 140 51 pour
430 798 74 52 les
532 810 121 41 arts.

193 871 281 54 Formules
503 873 68 53 de
598 873 270 53 souvenir.

247 948 205 53 Adrien
493 962 80 39 est
600 950 138 51 aussi
785 948 170 71 grand
983 967 106 53 que
1118 948 109 52 moi
1255 959 53 41 et
1350 944 106 54 fort
1484 965 67 35 en
1593 946 330 73 proportion.
1976 946 44 52 Il
2048 958 78 40 est
2154 945 245 72 toujours
2427 946 106 51 bon

210 1113 178 39 Nombre
409 1114 66 37 des
497 1112 327 54 représentations
1150 1113 137 37 Droits
1308 1112 183 38 d'auteur
1514 1111 216 52 (Feydeau)
2218 1112 302 50 Départements

391 1172 22 37 à
443 1171 182 51 Feydeau

69 1246 77 33 iSII
581 1241 118 48 (mars
729 1240 22 37 à
779 1239 110 48 nov.)
1068 1242 191 46 2.435,98

68 1301 81 35 1812
592 1297 119 48 (mars
731 1296 22 38 à
774 1295 101 49 déc.)
1067 1297 194 45 4-607,37

103 1364 113 52 (Jean
233 1366 44 36 de
293 1365 111 38 Paris
419 1365 35 38 le
470 1381 24 32 4
509 1364 126 40 avril.
654 1365 39 38 Il
699 1377 79 38 ya
798 1377 44 24 en
863 1364 120 37 avril
1005 1366 176 48 1691,47
1205 1364 45 38 de
1270 1363 124 46 droits,
1418 1362 96 38 mais
1534 1375 102 25 avec
1656 1376 72 24 une
1748 1371 148 29 retenue
1916 1364 45 36 de
1983 1376 149 36 914,20
2148 1369 98 43 pour
2265 1362 49 37 les
2331 1360 146 49 billets)

68 1438 81 44 1813
355 1447 47 37 95
593 1434 118 49 (janv.
734 1435 23 36 à
776 1433 102 48 déc.)
1070 1436 191 46 6.358,39

802 1502 76 51 (Le
898 1502 193 39 Nouveau
1113 1501 181 50 Seigneur
1313 1503 50 36 du
1385 1501 155 50 village
1560 1501 34 38 le
1618 1516 49 35 29
1677 1500 120 51 juin)

66 1576 85 44 1814
329 1586 77 33 104
595 1572 119 49 (janv.
736 1572 24 38 à
779 1571 102 48 déc.)
1071 1573 191 47 9.076,95

64 1632 85 44 1814
1136 1627 123 38 droits
1279 1627 182 38 d'auteur
1481 1639 102 40 pour
1604 1624 36 41 la
1661 1625 187 53 province
1869 1625 47 39 de

1289 1684 83 37 déc.
1402 1687 102 44 1813
1528 1684 23 37 à
1571 1682 83 40 déc.
1682 1687 105 42 1814
2339 1684 192 48 3.058,99

400 1754 77 51 (12
489 1753 163 48 février
661 1771 14 20 :
694 1753 160 52 Bayard
867 1754 26 36 à
913 1752 218 47 Mé&ières;
1152 1766 47 24 21
1225 1752 106 38 mai.*
1350 1752 127 38 Henri
1497 1752 60 37 IV
1572 1765 44 24 en
1637 1764 148 38 voyage
1795 1769 17 29 ;
1837 1765 45 35 13
1894 1750 94 49 juin
2008 1769 14 20 :
2041 1750 171 52 Angela)

66 1827 84 46 1815
332 1836 75 35 133
597 1823 117 49 (janv.
737 1823 23 38 à
780 1821 102 49 déc.)
1072 1825 190 44 7.344,78

65 1882 87 35 1816
332 1884 75 33 118
596 1880 118 49 (janv.
737 1879 23 38 à
780 1878 102 49 déc.)
1072 1891 193 36 7.745,10

576 1948 47 51 ('5
647 1961 128 25 mars:
794 1948 43 37 la
856 1948 83 37 Fête
960 1948 50 37 du
1032 1946 154 51 village
1207 1946 153 48 voisin;
1385 1950 46 35 18
1443 1946 121 49 juin:
1583 1946 160 39 Charles
1763 1947 46 37 de
1827 1944 172 50 France)

63 2020 87 45 1817
330 2032 75 34 113
1070 2021 197 46 4.845,90

63 2078 86 35 1818
330 2089 75 35 139
1048 2087 219 36 11.394,90

816 2143 127 51 (Dont
962 2146 50 44 48
1037 2143 51 36 du
1113 2142 96 37 Petit
1228 2142 197 51 Chaperon
1447 2154 110 38 rouge
1569 2160 14 19 :
1606 2155 48 33 30
1667 2139 119 51 juin)

330 2227 43 24 I
382 2229 23 31 2*
1073 2214 192 47 8.919,26
1472 2237 102 52 (plus
1599 2252 19 35 3
1642 2239 101 38 mois
1763 2238 48 38 de
1832 2238 123 37 droits
1975 2250 102 39 pour
2098 2235 53 40 les
2442 2276 14 8 -
2482 2265 50 24 s/c

61 2282 10 23 1
104 2283 46 24 20
1102 2281 32 36 -5
1148 2282 59 36 39»
1244 2283 19 22 2
1531 2296 287 52 départements
1858 2308 68 24 ans
1945 2294 137 49 doute)
2343 2277 14 23 1
2367 2264 166 47 *043,86

591 2367 77 51 (29
691 2366 118 38 avril
830 2386 14 19 :
863 2367 65 37 Les
952 2366 165 38 Voitures
1137 2364 169 51 versées)
1316 2365 98 49 joué
1427 2378 45 24 en
1500 2368 101 35 1808
1627 2367 26 35 à
1673 2366 50 36 St.
1746 2364 249 50 Pétersbourg.

60 2437 86 36 1821
330 2448 75 37 123
1074 2448 163 38 7-553>7
1245 2449 21 24 2

939 2505 49 50 (3
1012 2505 80 37 mai
1108 2522 15 21 :
1142 2505 168 38 Blanche
1331 2505 44 36 de
1395 2502 232 50 Provence.)

60 2578 88 35 1822
355 2578 50 35 60
582 2576 189 49 (manque
791 2574 110 49 août)
1082 2578 186 44 3.807,21

59 2634 90 45 1823
355 2635 20 34 8
384 2644 20 33 7
1069 2633 192 44 4.806,18
1343 2627 101 55 (plus
1465 2642 85 25 sans
1571 2628 120 39 doute
1714 2641 53 24 un
1790 2627 101 38 mois
1912 2627 47 38 de
1981 2624 314 55 départements,)
2382 2637 150 37 229,29

61 2690 92 45 1824
1077 2701 19 34 3
1105 2700 107 36 .295,
1221 2701 14 22 1
1247 2700 19 24 2
1700 2686 41 47 (4
1764 2684 115 48 mois)
2342 2684 189 47 2.860,57

969 2757 76 50 (zj
1069 2755 149 38 Avril:
1244 2754 50 38 les
1318 2754 104 38 Trois
1438 2752 169 52 genres.)

60 2828 90 46 1825
274 2839 48 25 10
341 2825 87 49 juin
450 2842 9 21 :
480 2826 251 37 Pharamond
1075 2828 188 42 8.610,71
1657 2820 68 51 (les
1752 2837 45 23 12
1825 2821 115 49 mois)
2342 2831 186 37 3-397>3*

276 2908 47 25 10
345 2895 83 38 déc.
452 2912 9 20 :
482 2895 59 38 La
560 2895 125 37 Dame
706 2894 167 37 Blanche

60 2966 94 36 1826
661 2965 40 47 (4
725 2963 115 48 mois)
1074 2975 191 37 9.439,17
1707 2961 38 48 (5
1771 2959 115 49 mois)
2342 2959 190 47 1.980,56

60 3023 92 43 1827
660 3022 38 46 (3
724 3019 115 48 mois)
1075 3021 189 46 2.603,85
1706 3018 42 47 (4
1771 3016 115 48 mois)
2343 3016 191 44 1,632,70

61 3079 91 35 1828
661 3077 39 48 (9
724 3076 115 47 mois)
1075 3088 189 36 7.150,25
1706 3073 39 48 (8
1771 3072 115 49 mois)
2342 3071 186 48 3.996,21

61 3135 93 47 1829
181 3147 50 24 20
254 3132 79 39 mai
350 3149 9 22 :
375 3133 115 38 Deux
508 3131 110 40 Nuits
634 3134 63 47 (11
725 3132 114 48 mois)
1051 3143 218 35 13.407,34
1662 3128 67 50 (les
1757 3143 45 23 12
1827 3127 116 49 mois)
2341 3128 189 46 5.688,85

60 3191 96 44 1830
516 3202 131 25 aucun
668 3188 314 48 renseignement

61 3248 90 43 1831
1705 3242 42 47 (4
1769 3241 117 47 mois)
2340 3240 190 46 2.169,17

61 3304 94 44 1832
662 3303 39 46 (7
725 3300 115 48 mois)
1075 3303 188 44 2.380,11
1665 3295 68 50 (les
1760 3312 46 23 12
1830 3296 115 48 mois)
2338 3296 191 45 4.362,28

61 3359 94 45 1833
647 3359 14 47 i
670 3372 42 22 ll
739 3357 116 47 mois)
1078 3358 187 44 1.677,48
1666 3352 67 49 (les
1760 3368 46 23 12
1832 3352 114 48 mois)
2340 3353 191 44 4.080,85

61 3416 96 44 1834
649 3416 12 46 (
671 3428 41 22 11
741 3413 115 48 mois)
1076 3415 189 43 2.700,18
1665 3408 68 50 (les
1760 3423 45 24 12
1830 3408 115 48 mois)
2343 3418 190 37 3.947,49

369 3484 62 36 En
459 3486 103 44 1834
585 3480 201 40 Boieldieu
809 3481 179 38 touchait
1009 3493 157 26 comme
1187 3479 182 52 pensions
1393 3479 166 52 (d'après
1580 3476 52 40 les
1654 3488 175 42 comptes
1850 3478 47 37 de
1922 3478 65 38 M.
2012 3474 189 50 Michel).

164 3551 162 37 Institut
342 3568 9 21 :
384 3566 49 35 99
457 3550 47 38 fr.
527 3564 69 39 par
618 3550 99 38 mois
741 3548 103 54 (plus
864 3547 52 41 les
932 3550 144 48 jetons)
1101 3566 10 31 ;
1134 3549 117 37 caisse
1271 3548 47 37 de
1338 3550 202 36 vétérance
1557 3565 8 20 :
1592 3561 73 33 123
1691 3547 45 38 fr.
1759 3561 71 38 par
1850 3547 191 38 trimestre
2061 3563 11 30 ;
2097 3545 109 38 Min.
2229 3544 47 38 de
2293 3542 243 38 l'lntérieur:

60 3618 71 34 500
153 3606 47 38 fr.
223 3620 70 38 par
314 3606 191 38 trimestre
522 3623 9 32 j
553 3604 256 54 Supplément
826 3624 8 20 :
861 3621 14 23 1
886 3608 121 36 66.66
1030 3619 70 39 par
1122 3605 192 38 trimestre
1331 3621 10 31 ;
1364 3604 297 37 Conservatoire
1677 3620 9 21 :
1711 3606 145 47 318.65
1881 3615 71 40 par
1973 3602 203 37 trimestre.
