2964 4102
1135 1916 1141 89 D'ANGLETERRE

1377 2162 77 37 DE
1513 2159 159 59 1500
1723 2161 43 37 A
1826 2160 177 59 1700.

628 2471 244 76 J'avoue
917 2490 141 37 mon
1115 2467 178 60 faible
1345 2490 149 57 pour
1555 2470 82 56 les
1694 2466 500 81 dépouillements
2250 2467 344 61 d'archives.
2659 2471 151 57 Rien
2861 2493 51 34 ne

458 2556 245 60 satisfait
738 2558 205 55 mieux
975 2558 55 57 la
1061 2555 281 60 curiosité
1389 2555 352 80 historique,
1799 2558 54 55 la
1886 2556 240 57 mienne
2176 2555 78 57 du
2291 2558 211 67 moins,
2533 2578 116 58 que
2682 2559 53 56 la
2767 2558 117 57 chro-

461 2647 237 77 nologie
752 2645 96 57 des
901 2647 183 55 vieux
1139 2644 372 71 documents,
1571 2643 292 81 présentés
1928 2660 130 41 tout
2113 2645 295 69 uniment,
2462 2666 127 38 sans
2637 2648 275 67 omission,

459 2753 125 37 sans
640 2732 202 71 choix,
900 2734 106 56 tels
1054 2753 114 59 que
1223 2733 53 56 la
1309 2732 196 57 bonne
1562 2730 241 60 volonté
1854 2732 77 58 du
1989 2732 207 58 hasard
2231 2753 145 37 nous
2424 2734 80 56 les
2538 2756 30 34 a
2616 2732 295 59 conservés.

462 2822 213 61 Quelle
702 2820 122 78 joie
858 2820 70 56 de
956 2834 241 44 trouver
1230 2841 78 35 un
1337 2822 144 56 livre
1516 2818 76 60 où
1627 2822 250 56 l'auteur
1903 2841 72 37 ne
1996 2822 249 77 paraisse
2281 2842 119 57 pas,
2436 2818 76 60 où
2546 2823 52 56 le
2634 2843 240 37 commen-

462 2922 190 43 tateur
675 2922 55 43 et
753 2906 368 82 l'interprète
1144 2908 96 59 des
1263 2907 134 58 faits
1418 2930 56 35 se
1498 2908 309 57 retranche
1831 2909 434 56 modestement
2290 2909 139 58 dans
2452 2911 79 56 les
2566 2911 345 78 appendices.

636 2997 98 57 On
769 2998 112 56 rira
918 2997 297 79 peut-être
1251 2997 68 56 de
1355 3019 66 35 ce
1478 2998 147 76 goût
1660 2997 226 57 bizarre
1921 3019 154 58 pour
2108 2998 52 56 le
2856 2998 57 56 Et

461 3083 350 79 cependant,
865 3081 29 60 à
932 3099 129 42 tout
1089 3085 271 77 prendre,
1413 3099 155 43 cette
1604 3083 219 59 avidité
1874 3105 70 37 ne
1982 3082 208 60 diffère
2240 3106 99 57 pas
2390 3087 415 56 sensiblement
2838 3086 74 56 des

462 3172 222 56 manies
717 3172 79 56 les
844 3174 130 77 plus
1007 3171 312 58 littéraires
1356 3171 9 58 !
1427 3172 280 57 L'œuvre
1742 3174 52 55 la
1827 3174 134 77 plus
1997 3171 270 60 idéalisée
2317 3195 70 36 ne
2424 3195 147 36 nous
2604 3174 308 57 séduit-elle

462 3280 99 56 pas
617 3280 102 57 par
752 3261 52 55 la
857 3259 357 58 découverte
1247 3257 220 60 d'idées
1500 3261 321 70 nouvelles,
1872 3261 70 56 de
1975 3259 221 59 formes
2229 3259 339 82 imprévues
2596 3265 19 55 ?
2654 3265 98 55 Un
2789 3262 120 56 beau

461 3367 127 36 vers
614 3362 56 41 et
706 3369 76 34 un
818 3363 128 42 acte
981 3346 224 59 notarié
1239 3362 151 55 sont,
1441 3348 231 58 chacun
1709 3348 29 58 à
1771 3350 129 56 leur
1934 3348 281 72 manière,
2267 3351 97 56 des
2400 3349 255 60 témoins
2690 3351 69 56 de
2794 3351 94 56 l'ac-

462 3434 168 57 tivité
654 3434 301 58 humaine.
986 3436 78 56 Et
1100 3436 135 56 c'est
1262 3435 394 80 précisément
1682 3459 66 36 ce
1776 3436 383 79 témoignage
2183 3439 68 56 de
2279 3440 115 69 vie,
2422 3454 155 42 cette
2611 3438 296 58 révélation

461 3522 279 57 soudaine
796 3523 70 56 de
919 3524 55 56 la
1030 3522 200 58 réalité
1289 3524 104 78 qui
1447 3544 148 37 nous
1651 3527 236 76 captive
1944 3546 177 57 parce
2174 3527 212 77 qu'elle
2436 3528 281 56 alimente
2767 3541 142 41 notre

461 3609 303 57 insatiable
814 3609 296 60 curiosité.
1150 3610 323 59 Connaître
1522 3614 97 57 des
1662 3612 133 59 faits
1828 3635 318 36 nouveaux
2187 3614 141 59 dans
2361 3616 52 57 le
2462 3629 193 64 temps
2690 3629 57 44 et
2794 3617 115 56 dans
