<?xml version="1.0" encoding="UTF-8"?>
<alto xmlns:xsi="http://www.w3.org/2001/XMLSchema-instance" xmlns="http://www.loc.gov/standards/alto/ns-v2#" xsi:schemaLocation="http://www.loc.gov/standards/alto/ns-v2# http://www.loc.gov/standards/alto/alto-v2.0.xsd" xmlns:xlink="http://www.w3.org/1999/xlink">
	<Description>
		<MeasurementUnit>mm10</MeasurementUnit>
		<sourceImageInformation>
			<fileName>//fileserver7/IN2/Princeton/Batch3/bmtnabh/1909/11/15_01/00000183.tif</fileName>
		</sourceImageInformation>
		<OCRProcessing ID="OCRPROCESSING_1">
			<preProcessingStep>
				<processingSoftware>
					<softwareCreator>CCS Content Conversion Specialists GmbH, Germany</softwareCreator>
					<softwareName>CCS docWORKS</softwareName>
					<softwareVersion>6.6-1.18</softwareVersion>
				</processingSoftware>
			</preProcessingStep>
			<ocrProcessingStep>
				<processingSoftware>
					<softwareCreator>ABBYY (BIT Software), Russia</softwareCreator>
					<softwareName>FineReader</softwareName>
					<softwareVersion>10.0</softwareVersion>
				</processingSoftware>
			</ocrProcessingStep>
		</OCRProcessing>
	</Description>
	<Styles>
		<TextStyle ID="TXT_0" FONTSIZE="28" FONTFAMILY="Times New Roman"/>
		<TextStyle ID="TXT_1" FONTSIZE="27" FONTFAMILY="Times New Roman"/>
		<TextStyle ID="TXT_2" FONTSIZE="21" FONTFAMILY="Times New Roman"/>
		<TextStyle ID="TXT_3" FONTSIZE="15" FONTFAMILY="Unknown"/>
		<TextStyle ID="TXT_4" FONTSIZE="21" FONTFAMILY="Times New Roman" FONTSTYLE="italics"/>
		<TextStyle ID="TXT_5" FONTSIZE="20" FONTFAMILY="Times New Roman" FONTSTYLE="italics"/>
		<TextStyle ID="TXT_6" FONTSIZE="13" FONTFAMILY="Times New Roman"/>
		<ParagraphStyle ID="PAR_RIGHT" ALIGN="Right"/>
		<ParagraphStyle ID="PAR_LEFT" ALIGN="Left"/>
		<ParagraphStyle ID="PAR_BLOCK" ALIGN="Block"/>
	</Styles>
	<Layout>
		<Page ID="P80" PHYSICAL_IMG_NR="80" HEIGHT="4102" WIDTH="2964" PC="0.940">
			<TopMargin ID="P80_TM00001" HPOS="0" VPOS="0" WIDTH="2964" HEIGHT="276"/>
			<LeftMargin ID="P80_LM00001" HPOS="0" VPOS="276" WIDTH="74" HEIGHT="3385"/>
			<RightMargin ID="P80_RM00001" HPOS="2509" VPOS="276" WIDTH="455" HEIGHT="3385"/>
			<BottomMargin ID="P80_BM00001" HPOS="0" VPOS="3661" WIDTH="2964" HEIGHT="441"/>
			<PrintSpace ID="P80_PS00001" HPOS="74" VPOS="276" WIDTH="2435" HEIGHT="3385">
				<TextBlock ID="P80_TB00001" HPOS="2328" VPOS="276" WIDTH="157" HEIGHT="90" STYLEREFS="TXT_0 PAR_RIGHT">
					<TextLine ID="P80_TL00001" HPOS="2331" VPOS="277" WIDTH="154" HEIGHT="89">
						<String ID="P80_ST00001" HPOS="2331" VPOS="300" WIDTH="40" HEIGHT="66" CONTENT="9" WC="0.62" CC="3"/>
						<String ID="P80_ST00002" HPOS="2387" VPOS="277" WIDTH="43" HEIGHT="66" CONTENT="6" STYLE="superscript" WC="0.71" CC="2"/>
						<String ID="P80_ST00003" HPOS="2442" VPOS="300" WIDTH="43" HEIGHT="66" CONTENT="9" WC="1.00" CC="0"/>
					</TextLine>
				</TextBlock>
				<TextBlock ID="P80_TB00002" HPOS="1013" VPOS="279" WIDTH="478" HEIGHT="68" STYLEREFS="TXT_1 PAR_LEFT">
					<TextLine ID="P80_TL00002" HPOS="1014" VPOS="280" WIDTH="477" HEIGHT="67">
						<String ID="P80_ST00004" HPOS="1014" VPOS="282" WIDTH="132" HEIGHT="65" CONTENT="LE" WC="0.97" CC="00"/>
						<SP ID="P80_SP00001" HPOS="1146" VPOS="347" WIDTH="71"/>
						<String ID="P80_ST00005" HPOS="1217" VPOS="280" WIDTH="274" HEIGHT="66" CONTENT="MOIS" WC="1.00" CC="0002"/>
						<SP ID="P80_SP00002" HPOS="1491" VPOS="347" WIDTH="0"/>
					</TextLine>
				</TextBlock>
				<TextBlock ID="P80_TB00003" HPOS="74" VPOS="420" WIDTH="2434" HEIGHT="3065" STYLEREFS="TXT_2 PAR_BLOCK">
					<TextLine ID="P80_TL00003" HPOS="211" VPOS="421" WIDTH="2282" HEIGHT="80">
						<String ID="P80_ST00006" HPOS="211" VPOS="432" WIDTH="290" HEIGHT="62" CONTENT="Présenter" WC="0.99" CC="057000004"/>
						<SP ID="P80_SP00003" HPOS="501" VPOS="494" WIDTH="50"/>
						<String ID="P80_ST00007" HPOS="551" VPOS="428" WIDTH="145" HEIGHT="57" CONTENT="ainsi" WC="1.00" CC="00001"/>
						<SP ID="P80_SP00004" HPOS="696" VPOS="494" WIDTH="52"/>
						<String ID="P80_ST00008" HPOS="748" VPOS="447" WIDTH="141" HEIGHT="36" CONTENT="avec" WC="0.98" CC="4500"/>
						<SP ID="P80_SP00005" HPOS="889" VPOS="494" WIDTH="61"/>
						<String ID="P80_ST00009" HPOS="950" VPOS="427" WIDTH="54" HEIGHT="56" CONTENT="le" WC="0.85" CC="20"/>
						<SP ID="P80_SP00006" HPOS="1004" VPOS="494" WIDTH="55"/>
						<String ID="P80_ST00010" HPOS="1059" VPOS="426" WIDTH="124" HEIGHT="56" CONTENT="seul" WC="0.99" CC="0410"/>
						<SP ID="P80_SP00007" HPOS="1183" VPOS="494" WIDTH="54"/>
						<String ID="P80_ST00011" HPOS="1237" VPOS="444" WIDTH="233" HEIGHT="36" CONTENT="secours" WC="1.00" CC="0200010"/>
						<SP ID="P80_SP00008" HPOS="1470" VPOS="494" WIDTH="54"/>
						<String ID="P80_ST00012" HPOS="1524" VPOS="423" WIDTH="71" HEIGHT="56" CONTENT="de" WC="1.00" CC="00"/>
						<SP ID="P80_SP00009" HPOS="1595" VPOS="494" WIDTH="50"/>
						<String ID="P80_ST00013" HPOS="1645" VPOS="423" WIDTH="54" HEIGHT="56" CONTENT="la" WC="0.90" CC="20"/>
						<SP ID="P80_SP00010" HPOS="1699" VPOS="494" WIDTH="54"/>
						<String ID="P80_ST00014" HPOS="1753" VPOS="423" WIDTH="143" HEIGHT="57" CONTENT="voix" WC="0.99" CC="0003"/>
						<SP ID="P80_SP00011" HPOS="1896" VPOS="494" WIDTH="55"/>
						<String ID="P80_ST00015" HPOS="1951" VPOS="435" WIDTH="57" HEIGHT="43" CONTENT="et" WC="1.00" CC="00"/>
						<SP ID="P80_SP00012" HPOS="2008" VPOS="494" WIDTH="48"/>
						<String ID="P80_ST00016" HPOS="2056" VPOS="421" WIDTH="79" HEIGHT="57" CONTENT="du" WC="0.80" CC="04"/>
						<SP ID="P80_SP00013" HPOS="2135" VPOS="494" WIDTH="48"/>
						<String ID="P80_ST00017" HPOS="2183" VPOS="423" WIDTH="178" HEIGHT="78" CONTENT="piano" WC="0.99" CC="40040"/>
						<SP ID="P80_SP00014" HPOS="2361" VPOS="501" WIDTH="36"/>
						<String ID="P80_ST00018" HPOS="2397" VPOS="422" WIDTH="96" HEIGHT="57" CONTENT="des" WC="1.00" CC="000"/>
					</TextLine>
					<TextLine ID="P80_TL00004" HPOS="76" VPOS="508" WIDTH="2416" HEIGHT="99">
						<String ID="P80_ST00019" HPOS="76" VPOS="536" WIDTH="270" HEIGHT="71" CONTENT="fragments" WC="0.98" CC="704077900" STYLEREFS="TXT_3"/>
						<SP ID="P80_SP00015" HPOS="346" VPOS="607" WIDTH="31"/>
						<String ID="P80_ST00020" HPOS="377" VPOS="518" WIDTH="176" HEIGHT="58" CONTENT="d'une" WC="1.00" CC="00001"/>
						<SP ID="P80_SP00016" HPOS="553" VPOS="607" WIDTH="39"/>
						<String ID="P80_ST00021" HPOS="592" VPOS="536" WIDTH="203" HEIGHT="37" CONTENT="œuvre" WC="0.99" CC="00050"/>
						<SP ID="P80_SP00017" HPOS="795" VPOS="607" WIDTH="45"/>
						<String ID="P80_ST00022" HPOS="840" VPOS="512" WIDTH="114" HEIGHT="60" CONTENT="très" WC="0.97" CC="2570"/>
						<SP ID="P80_SP00018" HPOS="954" VPOS="607" WIDTH="33"/>
						<String ID="P80_ST00023" HPOS="987" VPOS="534" WIDTH="136" HEIGHT="48" CONTENT="une," WC="0.97" CC="5700"/>
						<SP ID="P80_SP00019" HPOS="1123" VPOS="607" WIDTH="35"/>
						<String ID="P80_ST00024" HPOS="1158" VPOS="510" WIDTH="116" HEIGHT="59" CONTENT="très" WC="0.97" CC="2380"/>
						<SP ID="P80_SP00020" HPOS="1274" VPOS="607" WIDTH="32"/>
						<String ID="P80_ST00025" HPOS="1306" VPOS="511" WIDTH="352" HEIGHT="57" CONTENT="solidement" WC="1.00" CC="0002024020"/>
						<SP ID="P80_SP00021" HPOS="1658" VPOS="607" WIDTH="45"/>
						<String ID="P80_ST00026" HPOS="1703" VPOS="511" WIDTH="366" HEIGHT="79" CONTENT="progressive" WC="1.00" CC="50055000000"/>
						<SP ID="P80_SP00022" HPOS="2069" VPOS="607" WIDTH="33"/>
						<String ID="P80_ST00027" HPOS="2102" VPOS="524" WIDTH="57" HEIGHT="41" CONTENT="et" WC="1.00" CC="00"/>
						<SP ID="P80_SP00023" HPOS="2159" VPOS="607" WIDTH="35"/>
						<String ID="P80_ST00028" HPOS="2194" VPOS="508" WIDTH="298" HEIGHT="59" CONTENT="ordonnée" WC="0.99" CC="30002570"/>
					</TextLine>
					<TextLine ID="P80_TL00005" HPOS="76" VPOS="596" WIDTH="2411" HEIGHT="85">
						<String ID="P80_ST00029" HPOS="76" VPOS="620" WIDTH="89" HEIGHT="60" CONTENT="doit" WC="0.96" CC="8424"/>
						<SP ID="P80_SP00024" HPOS="165" VPOS="680" WIDTH="30"/>
						<String ID="P80_ST00030" HPOS="195" VPOS="614" WIDTH="109" HEIGHT="56" CONTENT="être" WC="0.99" CC="2040"/>
						<SP ID="P80_SP00025" HPOS="304" VPOS="680" WIDTH="43"/>
						<String ID="P80_ST00031" HPOS="347" VPOS="607" WIDTH="367" HEIGHT="58" CONTENT="strictement" WC="1.00" CC="00010024000"/>
						<SP ID="P80_SP00026" HPOS="714" VPOS="680" WIDTH="48"/>
						<String ID="P80_ST00032" HPOS="762" VPOS="601" WIDTH="437" HEIGHT="80" CONTENT="repréhensible" WC="0.81" CC="4004650200200"/>
						<SP ID="P80_SP00027" HPOS="1199" VPOS="681" WIDTH="33"/>
						<String ID="P80_ST00033" HPOS="1232" VPOS="600" WIDTH="147" HEIGHT="56" CONTENT="mais" WC="0.99" CC="0020"/>
						<SP ID="P80_SP00028" HPOS="1379" VPOS="681" WIDTH="50"/>
						<String ID="P80_ST00034" HPOS="1429" VPOS="598" WIDTH="288" HEIGHT="58" CONTENT="l'absence" WC="1.00" CC="030000000"/>
						<SP ID="P80_SP00029" HPOS="1717" VPOS="681" WIDTH="33"/>
						<String ID="P80_ST00035" HPOS="1750" VPOS="598" WIDTH="179" HEIGHT="56" CONTENT="totale" WC="0.99" CC="304030"/>
						<SP ID="P80_SP00030" HPOS="1929" VPOS="681" WIDTH="56"/>
						<String ID="P80_ST00036" HPOS="1985" VPOS="597" WIDTH="71" HEIGHT="57" CONTENT="de" WC="0.87" CC="02"/>
						<SP ID="P80_SP00031" HPOS="2056" VPOS="681" WIDTH="47"/>
						<String ID="P80_ST00037" HPOS="2103" VPOS="596" WIDTH="285" HEIGHT="58" CONTENT="mélodies" WC="1.00" CC="05200000"/>
						<SP ID="P80_SP00032" HPOS="2388" VPOS="681" WIDTH="40"/>
						<String ID="P80_ST00038" HPOS="2428" VPOS="597" WIDTH="59" HEIGHT="78" CONTENT="(*)" WC="0.67" CC="090"/>
					</TextLine>
					<TextLine ID="P80_TL00006" HPOS="76" VPOS="684" WIDTH="2416" HEIGHT="82">
						<String ID="P80_ST00039" HPOS="76" VPOS="710" WIDTH="102" HEIGHT="56" CONTENT="dans" WC="0.96" CC="6650"/>
						<SP ID="P80_SP00033" HPOS="178" VPOS="766" WIDTH="27"/>
						<String ID="P80_ST00040" HPOS="205" VPOS="699" WIDTH="230" HEIGHT="57" CONTENT="l'œuvre" WC="0.99" CC="1003030"/>
						<SP ID="P80_SP00034" HPOS="435" VPOS="766" WIDTH="39"/>
						<String ID="P80_ST00041" HPOS="474" VPOS="692" WIDTH="70" HEIGHT="58" CONTENT="de" WC="0.94" CC="01"/>
						<SP ID="P80_SP00035" HPOS="544" VPOS="766" WIDTH="37"/>
						<String ID="P80_ST00042" HPOS="581" VPOS="692" WIDTH="147" HEIGHT="56" CONTENT="Paul" WC="0.99" CC="0060"/>
						<SP ID="P80_SP00036" HPOS="728" VPOS="766" WIDTH="56"/>
						<String ID="P80_ST00043" HPOS="784" VPOS="689" WIDTH="208" HEIGHT="57" CONTENT="Dukas" WC="0.90" CC="05000"/>
						<SP ID="P80_SP00037" HPOS="992" VPOS="766" WIDTH="33"/>
						<String ID="P80_ST00044" HPOS="1025" VPOS="687" WIDTH="305" HEIGHT="58" CONTENT="autorisait" WC="1.00" CC="0600310301"/>
						<SP ID="P80_SP00038" HPOS="1330" VPOS="766" WIDTH="48"/>
						<String ID="P80_ST00045" HPOS="1378" VPOS="699" WIDTH="155" HEIGHT="44" CONTENT="cette" WC="0.99" CC="00400"/>
						<SP ID="P80_SP00039" HPOS="1533" VPOS="766" WIDTH="33"/>
						<String ID="P80_ST00046" HPOS="1566" VPOS="684" WIDTH="399" HEIGHT="80" CONTENT="présentation" WC="1.00" CC="015004000306"/>
						<SP ID="P80_SP00040" HPOS="1965" VPOS="766" WIDTH="52"/>
						<String ID="P80_ST00047" HPOS="2017" VPOS="684" WIDTH="420" HEIGHT="80" CONTENT="fragmentaire" WC="0.99" CC="624400453300"/>
						<SP ID="P80_SP00041" HPOS="2437" VPOS="766" WIDTH="44"/>
						<String ID="P80_ST00048" HPOS="2481" VPOS="706" WIDTH="11" HEIGHT="36" CONTENT=":" WC="0.43" CC="5"/>
					</TextLine>
					<TextLine ID="P80_TL00007" HPOS="75" VPOS="772" WIDTH="2421" HEIGHT="88">
						<String ID="P80_ST00049" HPOS="75" VPOS="789" WIDTH="154" HEIGHT="63" CONTENT="c'était" WC="0.99" CC="5080410" STYLEREFS="TXT_3"/>
						<SP ID="P80_SP00042" HPOS="229" VPOS="852" WIDTH="30"/>
						<String ID="P80_ST00050" HPOS="259" VPOS="786" WIDTH="49" HEIGHT="55" CONTENT="le" WC="0.71" CC="32"/>
						<SP ID="P80_SP00043" HPOS="308" VPOS="852" WIDTH="31"/>
						<String ID="P80_ST00051" HPOS="339" VPOS="800" WIDTH="235" HEIGHT="60" CONTENT="passage" WC="1.00" CC="0000000"/>
						<SP ID="P80_SP00044" HPOS="574" VPOS="860" WIDTH="33"/>
						<String ID="P80_ST00052" HPOS="607" VPOS="778" WIDTH="98" HEIGHT="58" CONTENT="des" WC="1.00" CC="001"/>
						<SP ID="P80_SP00045" HPOS="705" VPOS="860" WIDTH="32"/>
						<String ID="P80_ST00053" HPOS="737" VPOS="776" WIDTH="298" HEIGHT="59" CONTENT="Diamants" WC="0.99" CC="60504003" STYLEREFS="TXT_4"/>
						<SP ID="P80_SP00046" HPOS="1035" VPOS="860" WIDTH="41"/>
						<String ID="P80_ST00054" HPOS="1076" VPOS="778" WIDTH="151" HEIGHT="74" CONTENT="(acte" WC="0.99" CC="40002"/>
						<SP ID="P80_SP00047" HPOS="1227" VPOS="860" WIDTH="36"/>
						<String ID="P80_ST00055" HPOS="1263" VPOS="774" WIDTH="50" HEIGHT="77" CONTENT="I)" WC="1.00" CC="00"/>
						<SP ID="P80_SP00048" HPOS="1313" VPOS="860" WIDTH="33"/>
						<String ID="P80_ST00056" HPOS="1346" VPOS="788" WIDTH="58" HEIGHT="42" CONTENT="et" WC="0.79" CC="21"/>
						<SP ID="P80_SP00049" HPOS="1404" VPOS="860" WIDTH="35"/>
						<String ID="P80_ST00057" HPOS="1439" VPOS="772" WIDTH="158" HEIGHT="58" CONTENT="deux" WC="0.99" CC="0050"/>
						<SP ID="P80_SP00050" HPOS="1597" VPOS="860" WIDTH="31"/>
						<String ID="P80_ST00058" HPOS="1628" VPOS="794" WIDTH="263" HEIGHT="57" CONTENT="passages" WC="1.00" CC="00004000"/>
						<SP ID="P80_SP00051" HPOS="1891" VPOS="860" WIDTH="36"/>
						<String ID="P80_ST00059" HPOS="1927" VPOS="772" WIDTH="68" HEIGHT="58" CONTENT="de" WC="1.00" CC="00"/>
						<SP ID="P80_SP00052" HPOS="1995" VPOS="860" WIDTH="33"/>
						<String ID="P80_ST00060" HPOS="2028" VPOS="774" WIDTH="169" HEIGHT="56" CONTENT="l'acte" WC="0.99" CC="034000"/>
						<SP ID="P80_SP00053" HPOS="2197" VPOS="860" WIDTH="36"/>
						<String ID="P80_ST00061" HPOS="2233" VPOS="774" WIDTH="82" HEIGHT="68" CONTENT="11," WC="0.99" CC="000"/>
						<SP ID="P80_SP00054" HPOS="2315" VPOS="860" WIDTH="36"/>
						<String ID="P80_ST00062" HPOS="2351" VPOS="794" WIDTH="109" HEIGHT="36" CONTENT="aux" SUBS_TYPE="HypPart1" SUBS_CONTENT="auxquelles" WC="0.98" CC="070"/>
						<HYP HPOS="2460" VPOS="794" WIDTH="36" CONTENT="-"/>
					</TextLine>
					<TextLine ID="P80_TL00008" HPOS="75" VPOS="860" WIDTH="2422" HEIGHT="99">
						<String ID="P80_ST00063" HPOS="75" VPOS="875" WIDTH="172" HEIGHT="84" CONTENT="quelles" SUBS_TYPE="HypPart2" SUBS_CONTENT="auxquelles" WC="0.99" CC="6600300" STYLEREFS="TXT_3"/>
						<SP ID="P80_SP00055" HPOS="247" VPOS="959" WIDTH="30"/>
						<String ID="P80_ST00064" HPOS="277" VPOS="889" WIDTH="146" HEIGHT="60" CONTENT="pour" WC="0.99" CC="1050"/>
						<SP ID="P80_SP00056" HPOS="423" VPOS="959" WIDTH="48"/>
						<String ID="P80_ST00065" HPOS="471" VPOS="868" WIDTH="55" HEIGHT="56" CONTENT="la" WC="1.00" CC="00"/>
						<SP ID="P80_SP00057" HPOS="526" VPOS="959" WIDTH="33"/>
						<String ID="P80_ST00066" HPOS="559" VPOS="863" WIDTH="368" HEIGHT="61" CONTENT="commodité" WC="0.99" CC="000400244"/>
						<SP ID="P80_SP00058" HPOS="927" VPOS="959" WIDTH="36"/>
						<String ID="P80_ST00067" HPOS="963" VPOS="864" WIDTH="96" HEIGHT="56" CONTENT="des" WC="1.00" CC="000"/>
						<SP ID="P80_SP00059" HPOS="1059" VPOS="959" WIDTH="51"/>
						<String ID="P80_ST00068" HPOS="1110" VPOS="861" WIDTH="300" HEIGHT="58" CONTENT="auditeurs" WC="1.00" CC="000020300"/>
						<SP ID="P80_SP00060" HPOS="1410" VPOS="959" WIDTH="23"/>
						<String ID="P80_ST00069" HPOS="1433" VPOS="860" WIDTH="206" HEIGHT="78" CONTENT="j'avais" WC="1.00" CC="0000300"/>
						<SP ID="P80_SP00061" HPOS="1639" VPOS="959" WIDTH="50"/>
						<String ID="P80_ST00070" HPOS="1689" VPOS="880" WIDTH="103" HEIGHT="36" CONTENT="cru" WC="1.00" CC="000"/>
						<SP ID="P80_SP00062" HPOS="1792" VPOS="959" WIDTH="50"/>
						<String ID="P80_ST00071" HPOS="1842" VPOS="861" WIDTH="255" HEIGHT="78" CONTENT="pouvoir" WC="1.00" CC="0000300"/>
						<SP ID="P80_SP00063" HPOS="2097" VPOS="959" WIDTH="51"/>
						<String ID="P80_ST00072" HPOS="2148" VPOS="860" WIDTH="223" HEIGHT="56" CONTENT="donner" WC="0.98" CC="004506"/>
						<SP ID="P80_SP00064" HPOS="2371" VPOS="959" WIDTH="33"/>
						<String ID="P80_ST00073" HPOS="2404" VPOS="880" WIDTH="93" HEIGHT="37" CONTENT="ces" WC="0.99" CC="020"/>
					</TextLine>
					<TextLine ID="P80_TL00009" HPOS="76" VPOS="949" WIDTH="1822" HEIGHT="83">
						<String ID="P80_ST00074" HPOS="76" VPOS="969" WIDTH="124" HEIGHT="55" CONTENT="titres" WC="0.99" CC="030200"/>
						<SP ID="P80_SP00065" HPOS="200" VPOS="1024" WIDTH="28"/>
						<String ID="P80_ST00075" HPOS="228" VPOS="960" WIDTH="47" HEIGHT="55" CONTENT="le" WC="0.69" CC="50"/>
						<SP ID="P80_SP00066" HPOS="275" VPOS="1024" WIDTH="270"/>
						<String ID="P80_ST00076" HPOS="545" VPOS="954" WIDTH="175" HEIGHT="78" CONTENT="Printemps," WC="0.99" CC="5104052534" STYLEREFS="TXT_4"/>
						<String ID="P80_ST00077" HPOS="721" VPOS="967" WIDTH="68" HEIGHT="42" CONTENT="et" WC="1.00" CC="00"/>
						<SP ID="P80_SP00067" HPOS="789" VPOS="1032" WIDTH="1"/>
						<String ID="P80_ST00078" HPOS="790" VPOS="954" WIDTH="84" HEIGHT="55" CONTENT="la" WC="1.00" CC="00"/>
						<SP ID="P80_SP00068" HPOS="874" VPOS="1032" WIDTH="753"/>
						<String ID="P80_ST00079" HPOS="1627" VPOS="949" WIDTH="271" HEIGHT="60" CONTENT="Lumière." WC="0.98" CC="02657125" STYLEREFS="TXT_5"/>
					</TextLine>
					<TextLine ID="P80_TL00010" HPOS="207" VPOS="1034" WIDTH="2290" HEIGHT="83">
						<String ID="P80_ST00080" HPOS="207" VPOS="1043" WIDTH="386" HEIGHT="61" CONTENT="L'excellente" WC="1.00" CC="200000000520"/>
						<SP ID="P80_SP00069" HPOS="593" VPOS="1104" WIDTH="56"/>
						<String ID="P80_ST00081" HPOS="649" VPOS="1054" WIDTH="57" HEIGHT="44" CONTENT="et" WC="0.81" CC="03"/>
						<SP ID="P80_SP00070" HPOS="706" VPOS="1104" WIDTH="64"/>
						<String ID="P80_ST00082" HPOS="770" VPOS="1039" WIDTH="371" HEIGHT="78" CONTENT="intelligente" WC="1.00" CC="300200200030"/>
						<SP ID="P80_SP00071" HPOS="1141" VPOS="1117" WIDTH="56"/>
						<String ID="P80_ST00083" HPOS="1197" VPOS="1037" WIDTH="321" HEIGHT="57" CONTENT="cantatrice" WC="1.00" CC="0023014000"/>
						<SP ID="P80_SP00072" HPOS="1518" VPOS="1117" WIDTH="57"/>
						<String ID="P80_ST00084" HPOS="1575" VPOS="1035" WIDTH="187" HEIGHT="78" CONTENT="qu'est" WC="0.99" CC="240002"/>
						<SP ID="P80_SP00073" HPOS="1762" VPOS="1117" WIDTH="59"/>
						<String ID="P80_ST00085" HPOS="1821" VPOS="1035" WIDTH="178" HEIGHT="56" CONTENT="Mme" WC="1.00" CC="000"/>
						<SP ID="P80_SP00074" HPOS="1999" VPOS="1117" WIDTH="36"/>
						<String ID="P80_ST00086" HPOS="2035" VPOS="1035" WIDTH="269" HEIGHT="69" CONTENT="Lacoste," WC="1.00" CC="00000000"/>
						<SP ID="P80_SP00075" HPOS="2304" VPOS="1117" WIDTH="36"/>
						<String ID="P80_ST00087" HPOS="2340" VPOS="1034" WIDTH="71" HEIGHT="56" CONTENT="de" WC="1.00" CC="00"/>
						<SP ID="P80_SP00076" HPOS="2411" VPOS="1117" WIDTH="33"/>
						<String ID="P80_ST00088" HPOS="2444" VPOS="1035" WIDTH="53" HEIGHT="56" CONTENT="la" WC="1.00" CC="00"/>
					</TextLine>
					<TextLine ID="P80_TL00011" HPOS="76" VPOS="1122" WIDTH="2422" HEIGHT="87">
						<String ID="P80_ST00089" HPOS="76" VPOS="1136" WIDTH="166" HEIGHT="62" CONTENT="Schola" WC="0.54" CC="126357"/>
						<SP ID="P80_SP00077" HPOS="242" VPOS="1198" WIDTH="29"/>
						<String ID="P80_ST00090" HPOS="271" VPOS="1128" WIDTH="319" HEIGHT="81" CONTENT="interpréta" WC="0.99" CC="3900400550"/>
						<SP ID="P80_SP00078" HPOS="590" VPOS="1209" WIDTH="33"/>
						<String ID="P80_ST00091" HPOS="623" VPOS="1148" WIDTH="138" HEIGHT="37" CONTENT="avec" WC="0.99" CC="0003"/>
						<SP ID="P80_SP00079" HPOS="761" VPOS="1209" WIDTH="52"/>
						<String ID="P80_ST00092" HPOS="813" VPOS="1148" WIDTH="78" HEIGHT="36" CONTENT="un" WC="0.77" CC="40"/>
						<SP ID="P80_SP00080" HPOS="891" VPOS="1209" WIDTH="35"/>
						<String ID="P80_ST00093" HPOS="926" VPOS="1126" WIDTH="114" HEIGHT="57" CONTENT="très" WC="0.98" CC="1060"/>
						<SP ID="P80_SP00081" HPOS="1040" VPOS="1209" WIDTH="24"/>
						<String ID="P80_ST00094" HPOS="1064" VPOS="1126" WIDTH="158" HEIGHT="77" CONTENT="juste" WC="0.99" CC="06002"/>
						<SP ID="P80_SP00082" HPOS="1222" VPOS="1209" WIDTH="43"/>
						<String ID="P80_ST00095" HPOS="1265" VPOS="1124" WIDTH="321" HEIGHT="57" CONTENT="sentiment" WC="1.00" CC="100430003"/>
						<SP ID="P80_SP00083" HPOS="1586" VPOS="1209" WIDTH="35"/>
						<String ID="P80_ST00096" HPOS="1621" VPOS="1137" WIDTH="56" HEIGHT="42" CONTENT="et" WC="0.89" CC="20"/>
						<SP ID="P80_SP00084" HPOS="1677" VPOS="1209" WIDTH="34"/>
						<String ID="P80_ST00097" HPOS="1711" VPOS="1143" WIDTH="115" HEIGHT="36" CONTENT="une" WC="0.98" CC="302"/>
						<SP ID="P80_SP00085" HPOS="1826" VPOS="1209" WIDTH="32"/>
						<String ID="P80_ST00098" HPOS="1858" VPOS="1122" WIDTH="144" HEIGHT="56" CONTENT="voix" WC="0.99" CC="0020"/>
						<SP ID="P80_SP00086" HPOS="2002" VPOS="1209" WIDTH="32"/>
						<String ID="P80_ST00099" HPOS="2034" VPOS="1143" WIDTH="146" HEIGHT="57" CONTENT="pure" WC="0.99" CC="0120"/>
						<SP ID="P80_SP00087" HPOS="2180" VPOS="1209" WIDTH="40"/>
						<String ID="P80_ST00100" HPOS="2220" VPOS="1143" WIDTH="93" HEIGHT="36" CONTENT="ces" WC="1.00" CC="100"/>
						<SP ID="P80_SP00088" HPOS="2313" VPOS="1209" WIDTH="56"/>
						<String ID="P80_ST00101" HPOS="2369" VPOS="1143" WIDTH="97" HEIGHT="57" CONTENT="pas" SUBS_TYPE="HypPart1" SUBS_CONTENT="passages" WC="1.00" CC="000"/>
						<HYP HPOS="2466" VPOS="1143" WIDTH="32" CONTENT="-"/>
					</TextLine>
					<TextLine ID="P80_TL00012" HPOS="75" VPOS="1209" WIDTH="2423" HEIGHT="94">
						<String ID="P80_ST00102" HPOS="75" VPOS="1244" WIDTH="117" HEIGHT="59" CONTENT="sages" SUBS_TYPE="HypPart2" SUBS_CONTENT="passages" WC="0.98" CC="40620"/>
						<SP ID="P80_SP00089" HPOS="192" VPOS="1303" WIDTH="28"/>
						<String ID="P80_ST00103" HPOS="220" VPOS="1218" WIDTH="425" HEIGHT="59" CONTENT="extrêmement" WC="1.00" CC="05040000000"/>
						<SP ID="P80_SP00090" HPOS="645" VPOS="1303" WIDTH="55"/>
						<String ID="P80_ST00104" HPOS="700" VPOS="1214" WIDTH="229" HEIGHT="59" CONTENT="tendus." WC="0.99" CC="0000404"/>
						<SP ID="P80_SP00091" HPOS="929" VPOS="1303" WIDTH="36"/>
						<String ID="P80_ST00105" HPOS="965" VPOS="1214" WIDTH="131" HEIGHT="56" CONTENT="Elle" WC="0.99" CC="3000"/>
						<SP ID="P80_SP00092" HPOS="1096" VPOS="1303" WIDTH="35"/>
						<String ID="P80_ST00106" HPOS="1131" VPOS="1227" WIDTH="90" HEIGHT="43" CONTENT="est" WC="0.97" CC="009"/>
						<SP ID="P80_SP00093" HPOS="1221" VPOS="1303" WIDTH="37"/>
						<String ID="P80_ST00107" HPOS="1258" VPOS="1209" WIDTH="360" HEIGHT="60" CONTENT="assurément" WC="0.99" CC="0000540044"/>
						<SP ID="P80_SP00094" HPOS="1618" VPOS="1303" WIDTH="32"/>
						<String ID="P80_ST00108" HPOS="1650" VPOS="1209" WIDTH="156" HEIGHT="57" CONTENT="l'une" WC="0.99" CC="00042"/>
						<SP ID="P80_SP00095" HPOS="1806" VPOS="1303" WIDTH="48"/>
						<String ID="P80_ST00109" HPOS="1854" VPOS="1209" WIDTH="98" HEIGHT="57" CONTENT="des" WC="1.00" CC="001"/>
						<SP ID="P80_SP00096" HPOS="1952" VPOS="1303" WIDTH="33"/>
						<String ID="P80_ST00110" HPOS="1985" VPOS="1211" WIDTH="224" HEIGHT="55" CONTENT="artistes" WC="0.99" CC="04500500"/>
						<SP ID="P80_SP00097" HPOS="2209" VPOS="1303" WIDTH="47"/>
						<String ID="P80_ST00111" HPOS="2256" VPOS="1211" WIDTH="80" HEIGHT="55" CONTENT="les" WC="1.00" CC="100"/>
						<SP ID="P80_SP00098" HPOS="2336" VPOS="1303" WIDTH="33"/>
						<String ID="P80_ST00112" HPOS="2369" VPOS="1211" WIDTH="129" HEIGHT="77" CONTENT="plus" WC="0.99" CC="0040"/>
					</TextLine>
					<TextLine ID="P80_TL00013" HPOS="75" VPOS="1296" WIDTH="2425" HEIGHT="96">
						<String ID="P80_ST00113" HPOS="75" VPOS="1327" WIDTH="120" HEIGHT="65" CONTENT="aptes" WC="0.98" CC="65100"/>
						<SP ID="P80_SP00099" HPOS="195" VPOS="1392" WIDTH="27"/>
						<String ID="P80_ST00114" HPOS="222" VPOS="1308" WIDTH="27" HEIGHT="58" CONTENT="à" WC="0.49" CC="5"/>
						<SP ID="P80_SP00100" HPOS="249" VPOS="1392" WIDTH="32"/>
						<String ID="P80_ST00115" HPOS="281" VPOS="1320" WIDTH="151" HEIGHT="44" CONTENT="cette" WC="0.99" CC="03100"/>
						<SP ID="P80_SP00101" HPOS="432" VPOS="1392" WIDTH="33"/>
						<String ID="P80_ST00116" HPOS="465" VPOS="1306" WIDTH="183" HEIGHT="56" CONTENT="heure" WC="0.99" CC="50011"/>
						<SP ID="P80_SP00102" HPOS="648" VPOS="1392" WIDTH="51"/>
						<String ID="P80_ST00117" HPOS="699" VPOS="1303" WIDTH="30" HEIGHT="57" CONTENT="à" WC="0.31" CC="6"/>
						<SP ID="P80_SP00103" HPOS="729" VPOS="1392" WIDTH="33"/>
						<String ID="P80_ST00118" HPOS="762" VPOS="1303" WIDTH="301" HEIGHT="79" CONTENT="exprimer" WC="0.99" CC="00030406"/>
						<SP ID="P80_SP00104" HPOS="1063" VPOS="1392" WIDTH="31"/>
						<String ID="P80_ST00119" HPOS="1094" VPOS="1302" WIDTH="54" HEIGHT="56" CONTENT="le" WC="0.86" CC="20"/>
						<SP ID="P80_SP00105" HPOS="1148" VPOS="1392" WIDTH="54"/>
						<String ID="P80_ST00120" HPOS="1202" VPOS="1302" WIDTH="241" HEIGHT="78" CONTENT="lyrisme" WC="0.99" CC="0350000"/>
						<SP ID="P80_SP00106" HPOS="1443" VPOS="1392" WIDTH="33"/>
						<String ID="P80_ST00121" HPOS="1476" VPOS="1296" WIDTH="316" HEIGHT="59" CONTENT="concentré" WC="0.99" CC="004004036"/>
						<SP ID="P80_SP00107" HPOS="1792" VPOS="1392" WIDTH="54"/>
						<String ID="P80_ST00122" HPOS="1846" VPOS="1298" WIDTH="104" HEIGHT="78" CONTENT="qui" WC="0.97" CC="530"/>
						<SP ID="P80_SP00108" HPOS="1950" VPOS="1392" WIDTH="34"/>
						<String ID="P80_ST00123" HPOS="1984" VPOS="1297" WIDTH="340" HEIGHT="57" CONTENT="caractérise" WC="1.00" CC="00030050200"/>
						<SP ID="P80_SP00109" HPOS="2324" VPOS="1392" WIDTH="41"/>
						<String ID="P80_ST00124" HPOS="2365" VPOS="1298" WIDTH="102" HEIGHT="78" CONTENT="plu" SUBS_TYPE="HypPart1" SUBS_CONTENT="plusieurs" WC="0.98" CC="004"/>
						<HYP HPOS="2467" VPOS="1298" WIDTH="33" CONTENT="-"/>
					</TextLine>
					<TextLine ID="P80_TL00014" HPOS="75" VPOS="1385" WIDTH="2423" HEIGHT="85">
						<String ID="P80_ST00125" HPOS="75" VPOS="1404" WIDTH="135" HEIGHT="54" CONTENT="sieurs" SUBS_TYPE="HypPart2" SUBS_CONTENT="plusieurs" WC="0.99" CC="350300"/>
						<SP ID="P80_SP00110" HPOS="210" VPOS="1458" WIDTH="49"/>
						<String ID="P80_ST00126" HPOS="259" VPOS="1414" WIDTH="223" HEIGHT="38" CONTENT="œuvres" WC="0.99" CC="040300"/>
						<SP ID="P80_SP00111" HPOS="482" VPOS="1458" WIDTH="62"/>
						<String ID="P80_ST00127" HPOS="544" VPOS="1392" WIDTH="399" HEIGHT="78" CONTENT="dramatiques" WC="1.00" CC="00500000600"/>
						<SP ID="P80_SP00112" HPOS="943" VPOS="1470" WIDTH="53"/>
						<String ID="P80_ST00128" HPOS="996" VPOS="1388" WIDTH="330" HEIGHT="70" CONTENT="modernes," WC="1.00" CC="020112000"/>
						<SP ID="P80_SP00113" HPOS="1326" VPOS="1470" WIDTH="65"/>
						<String ID="P80_ST00129" HPOS="1391" VPOS="1387" WIDTH="170" HEIGHT="57" CONTENT="celles" WC="1.00" CC="001000"/>
						<SP ID="P80_SP00114" HPOS="1561" VPOS="1470" WIDTH="64"/>
						<String ID="P80_ST00130" HPOS="1625" VPOS="1386" WIDTH="69" HEIGHT="57" CONTENT="de" WC="0.86" CC="02"/>
						<SP ID="P80_SP00115" HPOS="1694" VPOS="1470" WIDTH="64"/>
						<String ID="P80_ST00131" HPOS="1758" VPOS="1387" WIDTH="260" HEIGHT="55" CONTENT="Vincent" WC="0.99" CC="6010040"/>
						<SP ID="P80_SP00116" HPOS="2018" VPOS="1470" WIDTH="50"/>
						<String ID="P80_ST00132" HPOS="2068" VPOS="1385" WIDTH="211" HEIGHT="78" CONTENT="d'lndy" WC="0.70" CC="013606"/>
						<SP ID="P80_SP00117" HPOS="2279" VPOS="1470" WIDTH="57"/>
						<String ID="P80_ST00133" HPOS="2336" VPOS="1399" WIDTH="162" HEIGHT="43" CONTENT="entre" WC="0.99" CC="00330"/>
					</TextLine>
					<TextLine ID="P80_TL00015" HPOS="76" VPOS="1471" WIDTH="2422" HEIGHT="88">
						<String ID="P80_ST00134" HPOS="76" VPOS="1501" WIDTH="144" HEIGHT="44" CONTENT="autres" WC="1.00" CC="200200"/>
						<SP ID="P80_SP00118" HPOS="220" VPOS="1545" WIDTH="32"/>
						<String ID="P80_ST00135" HPOS="252" VPOS="1504" WIDTH="10" HEIGHT="36" CONTENT=":" WC="0.83" CC="1"/>
						<SP ID="P80_SP00119" HPOS="262" VPOS="1545" WIDTH="35"/>
						<String ID="P80_ST00136" HPOS="297" VPOS="1503" WIDTH="99" HEIGHT="38" CONTENT="son" WC="0.98" CC="105"/>
						<SP ID="P80_SP00120" HPOS="396" VPOS="1545" WIDTH="36"/>
						<String ID="P80_ST00137" HPOS="432" VPOS="1477" WIDTH="453" HEIGHT="82" CONTENT="interprétation" WC="1.00" CC="00302006304000"/>
						<SP ID="P80_SP00121" HPOS="885" VPOS="1559" WIDTH="36"/>
						<String ID="P80_ST00138" HPOS="921" VPOS="1477" WIDTH="79" HEIGHT="57" CONTENT="du" WC="0.90" CC="01"/>
						<SP ID="P80_SP00122" HPOS="1000" VPOS="1559" WIDTH="35"/>
						<String ID="P80_ST00139" HPOS="1035" VPOS="1477" WIDTH="121" HEIGHT="57" CONTENT="rôle" WC="0.99" CC="0500"/>
						<SP ID="P80_SP00123" HPOS="1156" VPOS="1559" WIDTH="33"/>
						<String ID="P80_ST00140" HPOS="1189" VPOS="1476" WIDTH="282" HEIGHT="57" CONTENT="d'Ariane" WC="1.00" CC="01040000"/>
						<SP ID="P80_SP00124" HPOS="1471" VPOS="1559" WIDTH="33"/>
						<String ID="P80_ST00141" HPOS="1504" VPOS="1474" WIDTH="227" HEIGHT="57" CONTENT="affirma" WC="1.00" CC="6000000"/>
						<SP ID="P80_SP00125" HPOS="1731" VPOS="1559" WIDTH="35"/>
						<String ID="P80_ST00142" HPOS="1766" VPOS="1494" WIDTH="151" HEIGHT="58" CONTENT="pour" WC="1.00" CC="0000"/>
						<SP ID="P80_SP00126" HPOS="1917" VPOS="1559" WIDTH="33"/>
						<String ID="P80_ST00143" HPOS="1950" VPOS="1493" WIDTH="147" HEIGHT="36" CONTENT="nous" WC="0.97" CC="6070"/>
						<SP ID="P80_SP00127" HPOS="2097" VPOS="1559" WIDTH="38"/>
						<String ID="P80_ST00144" HPOS="2135" VPOS="1494" WIDTH="116" HEIGHT="35" CONTENT="une" WC="0.95" CC="542"/>
						<SP ID="P80_SP00128" HPOS="2251" VPOS="1559" WIDTH="30"/>
						<String ID="P80_ST00145" HPOS="2281" VPOS="1471" WIDTH="113" HEIGHT="58" CONTENT="fois" WC="0.99" CC="6000"/>
						<SP ID="P80_SP00129" HPOS="2394" VPOS="1559" WIDTH="34"/>
						<String ID="P80_ST00146" HPOS="2428" VPOS="1472" WIDTH="70" HEIGHT="57" CONTENT="de" WC="1.00" CC="00"/>
					</TextLine>
					<TextLine ID="P80_TL00016" HPOS="76" VPOS="1564" WIDTH="1146" HEIGHT="87">
						<String ID="P80_ST00147" HPOS="76" VPOS="1575" WIDTH="93" HEIGHT="76" CONTENT="plus" WC="0.98" CC="4330"/>
						<SP ID="P80_SP00130" HPOS="169" VPOS="1651" WIDTH="27"/>
						<String ID="P80_ST00148" HPOS="196" VPOS="1573" WIDTH="47" HEIGHT="54" CONTENT="la" WC="0.41" CC="38"/>
						<SP ID="P80_SP00131" HPOS="243" VPOS="1651" WIDTH="32"/>
						<String ID="P80_ST00149" HPOS="275" VPOS="1567" WIDTH="215" HEIGHT="82" CONTENT="qualité" WC="0.99" CC="3420035"/>
						<SP ID="P80_SP00132" HPOS="490" VPOS="1651" WIDTH="36"/>
						<String ID="P80_ST00150" HPOS="526" VPOS="1567" WIDTH="71" HEIGHT="58" CONTENT="de" WC="0.92" CC="01"/>
						<SP ID="P80_SP00133" HPOS="597" VPOS="1651" WIDTH="33"/>
						<String ID="P80_ST00151" HPOS="630" VPOS="1588" WIDTH="104" HEIGHT="35" CONTENT="son" WC="1.00" CC="000"/>
						<SP ID="P80_SP00134" HPOS="734" VPOS="1651" WIDTH="33"/>
						<String ID="P80_ST00152" HPOS="767" VPOS="1564" WIDTH="455" HEIGHT="80" CONTENT="tempérament." WC="1.00" CC="600054000033"/>
					</TextLine>
					<TextLine ID="P80_TL00017" HPOS="209" VPOS="1647" WIDTH="2291" HEIGHT="89">
						<String ID="P80_ST00153" HPOS="209" VPOS="1659" WIDTH="44" HEIGHT="56" CONTENT="Il" WC="0.78" CC="04"/>
						<SP ID="P80_SP00135" HPOS="253" VPOS="1715" WIDTH="30"/>
						<String ID="P80_ST00154" HPOS="283" VPOS="1659" WIDTH="93" HEIGHT="77" CONTENT="n'y" WC="1.00" CC="010"/>
						<SP ID="P80_SP00136" HPOS="376" VPOS="1736" WIDTH="36"/>
						<String ID="P80_ST00155" HPOS="412" VPOS="1678" WIDTH="30" HEIGHT="36" CONTENT="a" WC="1.00" CC="0"/>
						<SP ID="P80_SP00137" HPOS="442" VPOS="1736" WIDTH="33"/>
						<String ID="P80_ST00156" HPOS="475" VPOS="1677" WIDTH="99" HEIGHT="58" CONTENT="pas" WC="1.00" CC="000"/>
						<SP ID="P80_SP00138" HPOS="574" VPOS="1736" WIDTH="32"/>
						<String ID="P80_ST00157" HPOS="606" VPOS="1655" WIDTH="311" HEIGHT="78" CONTENT="beaucoup" WC="1.00" CC="00000300"/>
						<SP ID="P80_SP00139" HPOS="917" VPOS="1736" WIDTH="34"/>
						<String ID="P80_ST00158" HPOS="951" VPOS="1653" WIDTH="72" HEIGHT="57" CONTENT="de" WC="0.89" CC="02"/>
						<SP ID="P80_SP00140" HPOS="1023" VPOS="1736" WIDTH="33"/>
						<String ID="P80_ST00159" HPOS="1056" VPOS="1653" WIDTH="339" HEIGHT="67" CONTENT="musiciens," WC="1.00" CC="0001000602"/>
						<SP ID="P80_SP00141" HPOS="1395" VPOS="1736" WIDTH="34"/>
						<String ID="P80_ST00160" HPOS="1429" VPOS="1649" WIDTH="198" HEIGHT="57" CONTENT="même" WC="0.99" CC="0300"/>
						<SP ID="P80_SP00142" HPOS="1627" VPOS="1736" WIDTH="33"/>
						<String ID="P80_ST00161" HPOS="1660" VPOS="1649" WIDTH="193" HEIGHT="79" CONTENT="parmi" WC="1.00" CC="00000"/>
						<SP ID="P80_SP00143" HPOS="1853" VPOS="1736" WIDTH="34"/>
						<String ID="P80_ST00162" HPOS="1887" VPOS="1647" WIDTH="72" HEIGHT="58" CONTENT="de" WC="0.96" CC="00"/>
						<SP ID="P80_SP00144" HPOS="1959" VPOS="1736" WIDTH="33"/>
						<String ID="P80_ST00163" HPOS="1992" VPOS="1649" WIDTH="128" HEIGHT="77" CONTENT="plus" WC="0.99" CC="0050"/>
						<SP ID="P80_SP00145" HPOS="2120" VPOS="1736" WIDTH="23"/>
						<String ID="P80_ST00164" HPOS="2143" VPOS="1647" WIDTH="208" HEIGHT="78" CONTENT="jeunes" WC="1.00" CC="410000"/>
						<SP ID="P80_SP00146" HPOS="2351" VPOS="1736" WIDTH="33"/>
						<String ID="P80_ST00165" HPOS="2384" VPOS="1668" WIDTH="116" HEIGHT="57" CONTENT="que" WC="0.98" CC="050"/>
					</TextLine>
					<TextLine ID="P80_TL00018" HPOS="76" VPOS="1735" WIDTH="2426" HEIGHT="84">
						<String ID="P80_ST00166" HPOS="76" VPOS="1767" WIDTH="108" HEIGHT="35" CONTENT="nous" WC="0.99" CC="3000"/>
						<SP ID="P80_SP00147" HPOS="184" VPOS="1802" WIDTH="27"/>
						<String ID="P80_ST00167" HPOS="211" VPOS="1766" WIDTH="138" HEIGHT="36" CONTENT="nous" WC="0.98" CC="5040"/>
						<SP ID="P80_SP00148" HPOS="349" VPOS="1802" WIDTH="53"/>
						<String ID="P80_ST00168" HPOS="402" VPOS="1743" WIDTH="236" HEIGHT="58" CONTENT="flattons" WC="1.00" CC="22000030"/>
						<SP ID="P80_SP00149" HPOS="638" VPOS="1802" WIDTH="52"/>
						<String ID="P80_ST00169" HPOS="690" VPOS="1741" WIDTH="264" HEIGHT="70" CONTENT="d'aimer," WC="1.00" CC="01010010"/>
						<SP ID="P80_SP00150" HPOS="954" VPOS="1811" WIDTH="36"/>
						<String ID="P80_ST00170" HPOS="990" VPOS="1740" WIDTH="105" HEIGHT="79" CONTENT="qui" WC="0.99" CC="021"/>
						<SP ID="P80_SP00151" HPOS="1095" VPOS="1819" WIDTH="48"/>
						<String ID="P80_ST00171" HPOS="1143" VPOS="1740" WIDTH="264" HEIGHT="78" CONTENT="puissent" WC="1.00" CC="00100000"/>
						<SP ID="P80_SP00152" HPOS="1407" VPOS="1819" WIDTH="56"/>
						<String ID="P80_ST00172" HPOS="1463" VPOS="1736" WIDTH="168" HEIGHT="58" CONTENT="offrir" WC="0.99" CC="000105"/>
						<SP ID="P80_SP00153" HPOS="1631" VPOS="1819" WIDTH="49"/>
						<String ID="P80_ST00173" HPOS="1680" VPOS="1735" WIDTH="157" HEIGHT="57" CONTENT="deux" WC="0.99" CC="0030"/>
						<SP ID="P80_SP00154" HPOS="1837" VPOS="1819" WIDTH="34"/>
						<String ID="P80_ST00174" HPOS="1871" VPOS="1754" WIDTH="229" HEIGHT="37" CONTENT="œuvres" WC="0.99" CC="030400"/>
						<SP ID="P80_SP00155" HPOS="2100" VPOS="1819" WIDTH="52"/>
						<String ID="P80_ST00175" HPOS="2152" VPOS="1735" WIDTH="148" HEIGHT="56" CONTENT="aussi" WC="0.98" CC="54002"/>
						<SP ID="P80_SP00156" HPOS="2300" VPOS="1819" WIDTH="52"/>
						<String ID="P80_ST00176" HPOS="2352" VPOS="1748" WIDTH="120" HEIGHT="42" CONTENT="atta" SUBS_TYPE="HypPart1" SUBS_CONTENT="attachantes," WC="1.00" CC="0030"/>
						<HYP HPOS="2472" VPOS="1748" WIDTH="30" CONTENT="-"/>
					</TextLine>
					<TextLine ID="P80_TL00019" HPOS="75" VPOS="1819" WIDTH="2423" HEIGHT="84">
						<String ID="P80_ST00177" HPOS="75" VPOS="1833" WIDTH="210" HEIGHT="70" CONTENT="chantes," SUBS_TYPE="HypPart2" SUBS_CONTENT="attachantes," WC="0.99" CC="56112000"/>
						<SP ID="P80_SP00157" HPOS="285" VPOS="1903" WIDTH="34"/>
						<String ID="P80_ST00178" HPOS="319" VPOS="1833" WIDTH="147" HEIGHT="56" CONTENT="aussi" WC="0.99" CC="00005"/>
						<SP ID="P80_SP00158" HPOS="466" VPOS="1903" WIDTH="35"/>
						<String ID="P80_ST00179" HPOS="501" VPOS="1832" WIDTH="318" HEIGHT="57" CONTENT="bellement" WC="1.00" CC="000000002"/>
						<SP ID="P80_SP00159" HPOS="819" VPOS="1903" WIDTH="35"/>
						<String ID="P80_ST00180" HPOS="854" VPOS="1828" WIDTH="373" HEIGHT="67" CONTENT="construites," WC="1.00" CC="004002101000"/>
						<SP ID="P80_SP00160" HPOS="1227" VPOS="1903" WIDTH="34"/>
						<String ID="P80_ST00181" HPOS="1261" VPOS="1846" WIDTH="127" HEIGHT="36" CONTENT="sans" WC="0.98" CC="1410"/>
						<SP ID="P80_SP00161" HPOS="1388" VPOS="1903" WIDTH="52"/>
						<String ID="P80_ST00182" HPOS="1440" VPOS="1823" WIDTH="300" HEIGHT="70" CONTENT="lourdeur," WC="0.99" CC="225100022"/>
						<SP ID="P80_SP00162" HPOS="1740" VPOS="1903" WIDTH="36"/>
						<String ID="P80_ST00183" HPOS="1776" VPOS="1823" WIDTH="150" HEIGHT="57" CONTENT="aussi" WC="1.00" CC="00000"/>
						<SP ID="P80_SP00163" HPOS="1926" VPOS="1903" WIDTH="34"/>
						<String ID="P80_ST00184" HPOS="1960" VPOS="1823" WIDTH="221" HEIGHT="78" CONTENT="pleines" WC="1.00" CC="0030000"/>
						<SP ID="P80_SP00164" HPOS="2181" VPOS="1903" WIDTH="56"/>
						<String ID="P80_ST00185" HPOS="2237" VPOS="1820" WIDTH="30" HEIGHT="57" CONTENT="à" WC="1.00" CC="9"/>
						<SP ID="P80_SP00165" HPOS="2267" VPOS="1903" WIDTH="32"/>
						<String ID="P80_ST00186" HPOS="2299" VPOS="1823" WIDTH="55" HEIGHT="54" CONTENT="la" WC="1.00" CC="00"/>
						<SP ID="P80_SP00166" HPOS="2354" VPOS="1903" WIDTH="31"/>
						<String ID="P80_ST00187" HPOS="2385" VPOS="1819" WIDTH="113" HEIGHT="60" CONTENT="fois" WC="0.98" CC="5020"/>
					</TextLine>
					<TextLine ID="P80_TL00020" HPOS="75" VPOS="1909" WIDTH="2427" HEIGHT="90">
						<String ID="P80_ST00188" HPOS="75" VPOS="1935" WIDTH="38" HEIGHT="43" CONTENT="et" WC="0.67" CC="06"/>
						<SP ID="P80_SP00167" HPOS="113" VPOS="1978" WIDTH="24"/>
						<String ID="P80_ST00189" HPOS="137" VPOS="1919" WIDTH="272" HEIGHT="80" CONTENT="agréables" WC="0.99" CC="660800000"/>
						<SP ID="P80_SP00168" HPOS="409" VPOS="1999" WIDTH="33"/>
						<String ID="P80_ST00190" HPOS="442" VPOS="1940" WIDTH="116" HEIGHT="58" CONTENT="que" WC="1.00" CC="000"/>
						<SP ID="P80_SP00169" HPOS="558" VPOS="1999" WIDTH="49"/>
						<String ID="P80_ST00191" HPOS="607" VPOS="1919" WIDTH="54" HEIGHT="56" CONTENT="la" WC="1.00" CC="00"/>
						<SP ID="P80_SP00170" HPOS="661" VPOS="1999" WIDTH="47"/>
						<String ID="P80_ST00192" HPOS="708" VPOS="1921" WIDTH="190" HEIGHT="55" CONTENT="Sonate" WC="0.98" CC="750502" STYLEREFS="TXT_4"/>
						<SP ID="P80_SP00171" HPOS="898" VPOS="1999" WIDTH="28"/>
						<String ID="P80_ST00193" HPOS="926" VPOS="1937" WIDTH="64" HEIGHT="37" CONTENT="en" WC="0.69" CC="60" STYLEREFS="TXT_4"/>
						<SP ID="P80_SP00172" HPOS="990" VPOS="1999" WIDTH="44"/>
						<String ID="P80_ST00194" HPOS="1034" VPOS="1914" WIDTH="79" HEIGHT="59" CONTENT="mi" WC="0.77" CC="13" STYLEREFS="TXT_4"/>
						<SP ID="P80_SP00173" HPOS="1113" VPOS="1999" WIDTH="24"/>
						<String ID="P80_ST00195" HPOS="1137" VPOS="1913" WIDTH="173" HEIGHT="60" CONTENT="bémol" WC="0.98" CC="05060" STYLEREFS="TXT_4"/>
						<SP ID="P80_SP00174" HPOS="1310" VPOS="1999" WIDTH="22"/>
						<String ID="P80_ST00196" HPOS="1332" VPOS="1912" WIDTH="209" HEIGHT="58" CONTENT="mineur" WC="0.99" CC="040301" STYLEREFS="TXT_4"/>
						<SP ID="P80_SP00175" HPOS="1541" VPOS="1999" WIDTH="53"/>
						<String ID="P80_ST00197" HPOS="1594" VPOS="1924" WIDTH="57" HEIGHT="45" CONTENT="et" WC="0.87" CC="20"/>
						<SP ID="P80_SP00176" HPOS="1651" VPOS="1999" WIDTH="32"/>
						<String ID="P80_ST00198" HPOS="1683" VPOS="1912" WIDTH="81" HEIGHT="56" CONTENT="les" WC="1.00" CC="010"/>
						<SP ID="P80_SP00177" HPOS="1764" VPOS="1999" WIDTH="54"/>
						<String ID="P80_ST00199" HPOS="1818" VPOS="1918" WIDTH="36" HEIGHT="23" CONTENT='"' WC="0.81" CC="1"/>
						<SP ID="P80_SP00178" HPOS="1854" VPOS="1999" WIDTH="30"/>
						<String ID="P80_ST00200" HPOS="1884" VPOS="1909" WIDTH="311" HEIGHT="60" CONTENT="Variations" WC="0.99" CC="3000602504" STYLEREFS="TXT_4"/>
						<SP ID="P80_SP00179" HPOS="2195" VPOS="1999" WIDTH="42"/>
						<String ID="P80_ST00201" HPOS="2237" VPOS="1909" WIDTH="265" HEIGHT="57" CONTENT="interlude" WC="1.00" CC="000000000" STYLEREFS="TXT_4"/>
					</TextLine>
					<TextLine ID="P80_TL00021" HPOS="79" VPOS="2008" WIDTH="244" HEIGHT="76">
						<String ID="P80_ST00202" HPOS="79" VPOS="2020" WIDTH="36" HEIGHT="44" CONTENT="et" WC="0.64" CC="70" STYLEREFS="TXT_4"/>
						<SP ID="P80_SP00180" HPOS="115" VPOS="2064" WIDTH="47"/>
						<String ID="P80_ST00203" HPOS="162" VPOS="2008" WIDTH="161" HEIGHT="76" CONTENT='final."' WC="0.99" CC="0003162" STYLEREFS="TXT_4"/>
					</TextLine>
					<TextLine ID="P80_TL00022" HPOS="207" VPOS="2083" WIDTH="2295" HEIGHT="86">
						<String ID="P80_ST00204" HPOS="207" VPOS="2095" WIDTH="92" HEIGHT="58" CONTENT="On" WC="1.00" CC="00"/>
						<SP ID="P80_SP00181" HPOS="299" VPOS="2153" WIDTH="33"/>
						<String ID="P80_ST00205" HPOS="332" VPOS="2115" WIDTH="72" HEIGHT="37" CONTENT="ne" WC="1.00" CC="00"/>
						<SP ID="P80_SP00182" HPOS="404" VPOS="2153" WIDTH="32"/>
						<String ID="P80_ST00206" HPOS="436" VPOS="2093" WIDTH="217" HEIGHT="59" CONTENT="saurait" WC="0.99" CC="0020801"/>
						<SP ID="P80_SP00183" HPOS="653" VPOS="2153" WIDTH="39"/>
						<String ID="P80_ST00207" HPOS="692" VPOS="2092" WIDTH="206" HEIGHT="57" CONTENT="mieux" WC="0.99" CC="02060"/>
						<SP ID="P80_SP00184" HPOS="898" VPOS="2153" WIDTH="48"/>
						<String ID="P80_ST00208" HPOS="946" VPOS="2091" WIDTH="192" HEIGHT="78" CONTENT="parler" WC="1.00" CC="003000"/>
						<SP ID="P80_SP00185" HPOS="1138" VPOS="2169" WIDTH="53"/>
						<String ID="P80_ST00209" HPOS="1191" VPOS="2088" WIDTH="73" HEIGHT="57" CONTENT="de" WC="0.82" CC="12"/>
						<SP ID="P80_SP00186" HPOS="1264" VPOS="2169" WIDTH="47"/>
						<String ID="P80_ST00210" HPOS="1311" VPOS="2101" WIDTH="156" HEIGHT="44" CONTENT="cette" WC="0.99" CC="00350"/>
						<SP ID="P80_SP00187" HPOS="1467" VPOS="2169" WIDTH="47"/>
						<String ID="P80_ST00211" HPOS="1514" VPOS="2098" WIDTH="221" HEIGHT="57" CONTENT="sonate," WC="0.99" CC="0060200"/>
						<SP ID="P80_SP00188" HPOS="1735" VPOS="2169" WIDTH="36"/>
						<String ID="P80_ST00212" HPOS="1771" VPOS="2098" WIDTH="58" HEIGHT="44" CONTENT="et" WC="0.83" CC="03"/>
						<SP ID="P80_SP00189" HPOS="1829" VPOS="2169" WIDTH="38"/>
						<String ID="P80_ST00213" HPOS="1867" VPOS="2084" WIDTH="73" HEIGHT="58" CONTENT="de" WC="1.00" CC="00"/>
						<SP ID="P80_SP00190" HPOS="1940" VPOS="2169" WIDTH="36"/>
						<String ID="P80_ST00214" HPOS="1976" VPOS="2084" WIDTH="97" HEIGHT="58" CONTENT="M." WC="1.00" CC="00"/>
						<SP ID="P80_SP00191" HPOS="2073" VPOS="2169" WIDTH="39"/>
						<String ID="P80_ST00215" HPOS="2112" VPOS="2084" WIDTH="146" HEIGHT="58" CONTENT="Paul" WC="1.00" CC="0000"/>
						<SP ID="P80_SP00192" HPOS="2258" VPOS="2169" WIDTH="36"/>
						<String ID="P80_ST00216" HPOS="2294" VPOS="2083" WIDTH="208" HEIGHT="57" CONTENT="Dukas" WC="0.99" CC="00000"/>
					</TextLine>
					<TextLine ID="P80_TL00023" HPOS="75" VPOS="2172" WIDTH="2430" HEIGHT="89">
						<String ID="P80_ST00217" HPOS="75" VPOS="2182" WIDTH="285" HEIGHT="71" CONTENT="lui-même," WC="0.99" CC="136302003"/>
						<SP ID="P80_SP00193" HPOS="360" VPOS="2253" WIDTH="34"/>
						<String ID="P80_ST00218" HPOS="394" VPOS="2202" WIDTH="117" HEIGHT="59" CONTENT="que" WC="1.00" CC="000"/>
						<SP ID="P80_SP00194" HPOS="511" VPOS="2261" WIDTH="33"/>
						<String ID="P80_ST00219" HPOS="544" VPOS="2201" WIDTH="73" HEIGHT="37" CONTENT="ne" WC="0.90" CC="10"/>
						<SP ID="P80_SP00195" HPOS="617" VPOS="2261" WIDTH="32"/>
						<String ID="P80_ST00220" HPOS="649" VPOS="2181" WIDTH="54" HEIGHT="57" CONTENT="le" WC="1.00" CC="00"/>
						<SP ID="P80_SP00196" HPOS="703" VPOS="2261" WIDTH="31"/>
						<String ID="P80_ST00221" HPOS="734" VPOS="2177" WIDTH="193" HEIGHT="60" CONTENT="faisait" WC="0.99" CC="7010001"/>
						<SP ID="P80_SP00197" HPOS="927" VPOS="2261" WIDTH="32"/>
						<String ID="P80_ST00222" HPOS="959" VPOS="2178" WIDTH="53" HEIGHT="58" CONTENT="le" WC="0.97" CC="00"/>
						<SP ID="P80_SP00198" HPOS="1012" VPOS="2261" WIDTH="44"/>
						<String ID="P80_ST00223" HPOS="1056" VPOS="2195" WIDTH="68" HEIGHT="60" CONTENT="15" WC="0.90" CC="02"/>
						<SP ID="P80_SP00199" HPOS="1124" VPOS="2261" WIDTH="38"/>
						<String ID="P80_ST00224" HPOS="1162" VPOS="2176" WIDTH="148" HEIGHT="58" CONTENT="avril" WC="0.99" CC="00301"/>
						<SP ID="P80_SP00200" HPOS="1310" VPOS="2261" WIDTH="35"/>
						<String ID="P80_ST00225" HPOS="1345" VPOS="2195" WIDTH="183" HEIGHT="57" CONTENT="1901," WC="0.89" CC="01002"/>
						<SP ID="P80_SP00201" HPOS="1528" VPOS="2261" WIDTH="29"/>
						<String ID="P80_ST00226" HPOS="1557" VPOS="2175" WIDTH="96" HEIGHT="57" CONTENT="M." WC="0.81" CC="03"/>
						<SP ID="P80_SP00202" HPOS="1653" VPOS="2261" WIDTH="31"/>
						<String ID="P80_ST00227" HPOS="1684" VPOS="2172" WIDTH="226" HEIGHT="58" CONTENT="Claude" WC="0.99" CC="230004"/>
						<SP ID="P80_SP00203" HPOS="1910" VPOS="2261" WIDTH="36"/>
						<String ID="P80_ST00228" HPOS="1946" VPOS="2172" WIDTH="270" HEIGHT="79" CONTENT="Debussy" WC="1.00" CC="1000000"/>
						<SP ID="P80_SP00204" HPOS="2216" VPOS="2261" WIDTH="35"/>
						<String ID="P80_ST00229" HPOS="2251" VPOS="2172" WIDTH="139" HEIGHT="57" CONTENT="dans" WC="0.98" CC="0630"/>
						<SP ID="P80_SP00205" HPOS="2390" VPOS="2261" WIDTH="33"/>
						<String ID="P80_ST00230" HPOS="2423" VPOS="2191" WIDTH="82" HEIGHT="37" CONTENT="un" WC="0.81" CC="30"/>
					</TextLine>
					<TextLine ID="P80_TL00024" HPOS="76" VPOS="2260" WIDTH="2429" HEIGHT="85">
						<String ID="P80_ST00231" HPOS="76" VPOS="2271" WIDTH="158" HEIGHT="56" CONTENT="article" WC="0.99" CC="4052042"/>
						<SP ID="P80_SP00206" HPOS="234" VPOS="2327" WIDTH="30"/>
						<String ID="P80_ST00232" HPOS="264" VPOS="2270" WIDTH="68" HEIGHT="57" CONTENT="de" WC="1.00" CC="00"/>
						<SP ID="P80_SP00207" HPOS="332" VPOS="2327" WIDTH="24"/>
						<String ID="P80_ST00233" HPOS="356" VPOS="2271" WIDTH="54" HEIGHT="56" CONTENT="la" WC="0.98" CC="00"/>
						<SP ID="P80_SP00208" HPOS="410" VPOS="2327" WIDTH="54"/>
						<String ID="P80_ST00234" HPOS="464" VPOS="2270" WIDTH="208" HEIGHT="57" CONTENT="Revue" WC="1.00" CC="00000"/>
						<SP ID="P80_SP00209" HPOS="672" VPOS="2327" WIDTH="36"/>
						<String ID="P80_ST00235" HPOS="708" VPOS="2266" WIDTH="263" HEIGHT="60" CONTENT="Blanche" WC="0.99" CC="4004040"/>
						<SP ID="P80_SP00210" HPOS="971" VPOS="2327" WIDTH="35"/>
						<String ID="P80_ST00236" HPOS="1006" VPOS="2286" WIDTH="116" HEIGHT="59" CONTENT="que" WC="1.00" CC="000"/>
						<SP ID="P80_SP00211" HPOS="1122" VPOS="2345" WIDTH="31"/>
						<String ID="P80_ST00237" HPOS="1153" VPOS="2266" WIDTH="55" HEIGHT="56" CONTENT="le" WC="0.93" CC="01"/>
						<SP ID="P80_SP00212" HPOS="1208" VPOS="2345" WIDTH="36"/>
						<String ID="P80_ST00238" HPOS="1244" VPOS="2282" WIDTH="382" HEIGHT="61" CONTENT="programme" WC="0.99" CC="032440000"/>
						<SP ID="P80_SP00213" HPOS="1626" VPOS="2345" WIDTH="51"/>
						<String ID="P80_ST00239" HPOS="1677" VPOS="2261" WIDTH="71" HEIGHT="57" CONTENT="de" WC="1.00" CC="00"/>
						<SP ID="P80_SP00214" HPOS="1748" VPOS="2345" WIDTH="34"/>
						<String ID="P80_ST00240" HPOS="1782" VPOS="2274" WIDTH="168" HEIGHT="44" CONTENT="notre" WC="0.99" CC="20010"/>
						<SP ID="P80_SP00215" HPOS="1950" VPOS="2345" WIDTH="48"/>
						<String ID="P80_ST00241" HPOS="1998" VPOS="2260" WIDTH="268" HEIGHT="57" CONTENT="audition" WC="0.99" CC="05033300"/>
						<SP ID="P80_SP00216" HPOS="2266" VPOS="2345" WIDTH="35"/>
						<String ID="P80_ST00242" HPOS="2301" VPOS="2280" WIDTH="170" HEIGHT="58" CONTENT="repro" SUBS_TYPE="HypPart1" SUBS_CONTENT="reproduisait" WC="1.00" CC="00020"/>
						<HYP HPOS="2471" VPOS="2280" WIDTH="34" CONTENT="-"/>
					</TextLine>
					<TextLine ID="P80_TL00025" HPOS="75" VPOS="2343" WIDTH="2430" HEIGHT="89">
						<String ID="P80_ST00243" HPOS="75" VPOS="2355" WIDTH="167" HEIGHT="60" CONTENT="duisait" SUBS_TYPE="HypPart2" SUBS_CONTENT="reproduisait" WC="0.99" CC="6120030"/>
						<SP ID="P80_SP00217" HPOS="242" VPOS="2415" WIDTH="33"/>
						<String ID="P80_ST00244" HPOS="275" VPOS="2380" WIDTH="11" HEIGHT="36" CONTENT=":" WC="0.55" CC="4"/>
						<SP ID="P80_SP00218" HPOS="286" VPOS="2416" WIDTH="38"/>
						<String ID="P80_ST00245" HPOS="324" VPOS="2365" WIDTH="37" HEIGHT="24" CONTENT='"' WC="0.97" CC="0"/>
						<SP ID="P80_SP00219" HPOS="361" VPOS="2416" WIDTH="25"/>
						<String ID="P80_ST00246" HPOS="386" VPOS="2369" WIDTH="131" HEIGHT="47" CONTENT="cette" WC="1.00" CC="00000" STYLEREFS="TXT_4"/>
						<SP ID="P80_SP00220" HPOS="517" VPOS="2416" WIDTH="29"/>
						<String ID="P80_ST00247" HPOS="546" VPOS="2366" WIDTH="140" HEIGHT="47" CONTENT="sorte" WC="0.99" CC="80000" STYLEREFS="TXT_4"/>
						<SP ID="P80_SP00221" HPOS="686" VPOS="2416" WIDTH="29"/>
						<String ID="P80_ST00248" HPOS="715" VPOS="2354" WIDTH="275" HEIGHT="58" CONTENT="d'émotion" WC="0.99" CC="604000260" STYLEREFS="TXT_4"/>
						<SP ID="P80_SP00222" HPOS="990" VPOS="2416" WIDTH="31"/>
						<String ID="P80_ST00249" HPOS="1021" VPOS="2351" WIDTH="324" HEIGHT="81" CONTENT="hermétique" WC="1.00" CC="0000002400" STYLEREFS="TXT_4"/>
						<SP ID="P80_SP00223" HPOS="1345" VPOS="2432" WIDTH="32"/>
						<String ID="P80_ST00250" HPOS="1377" VPOS="2351" WIDTH="30" HEIGHT="22" CONTENT='"' WC="1.00" CC="0" STYLEREFS="TXT_4"/>
						<SP ID="P80_SP00224" HPOS="1407" VPOS="2432" WIDTH="59"/>
						<String ID="P80_ST00251" HPOS="1466" VPOS="2357" WIDTH="120" HEIGHT="51" CONTENT='"ce' WC="0.84" CC="100" STYLEREFS="TXT_4"/>
						<SP ID="P80_SP00225" HPOS="1586" VPOS="2432" WIDTH="31"/>
						<String ID="P80_ST00252" HPOS="1617" VPOS="2349" WIDTH="104" HEIGHT="58" CONTENT="lien" WC="1.00" CC="0200" STYLEREFS="TXT_4"/>
						<SP ID="P80_SP00226" HPOS="1721" VPOS="2432" WIDTH="32"/>
						<String ID="P80_ST00253" HPOS="1753" VPOS="2347" WIDTH="292" HEIGHT="79" CONTENT="rigoureux" WC="1.00" CC="031600002" STYLEREFS="TXT_4"/>
						<SP ID="P80_SP00227" HPOS="2045" VPOS="2432" WIDTH="30"/>
						<String ID="P80_ST00254" HPOS="2075" VPOS="2347" WIDTH="139" HEIGHT="59" CONTENT="dans" WC="1.00" CC="0000" STYLEREFS="TXT_4"/>
						<SP ID="P80_SP00228" HPOS="2214" VPOS="2432" WIDTH="32"/>
						<String ID="P80_ST00255" HPOS="2246" VPOS="2343" WIDTH="231" HEIGHT="60" CONTENT="l'enchaî" SUBS_TYPE="HypPart1" SUBS_CONTENT="l'enchaînement" WC="0.99" CC="07400002" STYLEREFS="TXT_4"/>
						<HYP HPOS="2477" VPOS="2343" WIDTH="28" CONTENT="-"/>
					</TextLine>
					<TextLine ID="P80_TL00026" HPOS="79" VPOS="2440" WIDTH="1970" HEIGHT="80">
						<String ID="P80_ST00256" HPOS="79" VPOS="2458" WIDTH="157" HEIGHT="43" CONTENT="nement" SUBS_TYPE="HypPart2" SUBS_CONTENT="l'enchaînement" WC="0.97" CC="782524" STYLEREFS="TXT_4"/>
						<SP ID="P80_SP00229" HPOS="236" VPOS="2501" WIDTH="206"/>
						<String ID="P80_ST00257" HPOS="442" VPOS="2445" WIDTH="88" HEIGHT="57" CONTENT="des" WC="1.00" CC="000" STYLEREFS="TXT_4"/>
						<SP ID="P80_SP00230" HPOS="530" VPOS="2502" WIDTH="150"/>
						<String ID="P80_ST00258" HPOS="680" VPOS="2445" WIDTH="137" HEIGHT="57" CONTENT="idées" WC="0.98" CC="10709" STYLEREFS="TXT_4"/>
						<String ID="P80_ST00259" HPOS="540" VPOS="2444" WIDTH="32" HEIGHT="23" CONTENT='"' WC="0.82" CC="1"/>
						<SP ID="P80_SP00231" HPOS="817" VPOS="2502" WIDTH="-210"/>
						<String ID="P80_ST00260" HPOS="607" VPOS="2465" WIDTH="66" HEIGHT="36" CONTENT="ce" WC="0.93" CC="01"/>
						<SP ID="P80_SP00232" HPOS="817" VPOS="2502" WIDTH="-109"/>
						<String ID="P80_ST00261" HPOS="708" VPOS="2451" WIDTH="36" HEIGHT="22" CONTENT='"' WC="0.98" CC="0"/>
						<SP ID="P80_SP00233" HPOS="817" VPOS="2502" WIDTH="-45"/>
						<String ID="P80_ST00262" HPOS="772" VPOS="2443" WIDTH="113" HEIGHT="58" CONTENT="côté" WC="0.99" CC="0600" STYLEREFS="TXT_4"/>
						<SP ID="P80_SP00234" HPOS="885" VPOS="2502" WIDTH="345"/>
						<String ID="P80_ST00263" HPOS="1230" VPOS="2440" WIDTH="819" HEIGHT="80" CONTENT="impérieux„" WC="0.99" CC="3060020044" STYLEREFS="TXT_4"/>
						<SP ID="P80_SP00235" HPOS="2049" VPOS="2520" WIDTH="-728"/>
						<String ID="P80_ST00264" HPOS="1321" VPOS="2448" WIDTH="38" HEIGHT="22" CONTENT='"' WC="0.56" CC="4" STYLEREFS="TXT_4"/>
						<SP ID="P80_SP00236" HPOS="2049" VPOS="2520" WIDTH="-657"/>
						<String ID="P80_ST00265" HPOS="1392" VPOS="2459" WIDTH="120" HEIGHT="37" CONTENT="sous" WC="0.98" CC="0900" STYLEREFS="TXT_4"/>
					</TextLine>
					<TextLine ID="P80_TL00027" HPOS="75" VPOS="2521" WIDTH="2431" HEIGHT="92">
						<String ID="P80_ST00266" HPOS="75" VPOS="2549" WIDTH="70" HEIGHT="37" CONTENT="une" WC="0.93" CC="646" STYLEREFS="TXT_4"/>
						<SP ID="P80_SP00237" HPOS="145" VPOS="2586" WIDTH="6"/>
						<String ID="P80_ST00267" HPOS="151" VPOS="2530" WIDTH="150" HEIGHT="78" CONTENT="force" WC="0.99" CC="07000" STYLEREFS="TXT_4"/>
						<SP ID="P80_SP00238" HPOS="301" VPOS="2608" WIDTH="29"/>
						<String ID="P80_ST00268" HPOS="330" VPOS="2533" WIDTH="98" HEIGHT="80" CONTENT="qui" WC="0.99" CC="002" STYLEREFS="TXT_4"/>
						<SP ID="P80_SP00239" HPOS="428" VPOS="2613" WIDTH="24"/>
						<String ID="P80_ST00269" HPOS="452" VPOS="2553" WIDTH="61" HEIGHT="37" CONTENT="en" WC="1.00" CC="00" STYLEREFS="TXT_4"/>
						<SP ID="P80_SP00240" HPOS="513" VPOS="2613" WIDTH="33"/>
						<String ID="P80_ST00270" HPOS="546" VPOS="2530" WIDTH="301" HEIGHT="59" CONTENT="commande" WC="1.00" CC="06000000" STYLEREFS="TXT_4"/>
						<SP ID="P80_SP00241" HPOS="847" VPOS="2613" WIDTH="31"/>
						<String ID="P80_ST00271" HPOS="878" VPOS="2530" WIDTH="58" HEIGHT="57" CONTENT="la" WC="1.00" CC="00" STYLEREFS="TXT_4"/>
						<SP ID="P80_SP00242" HPOS="936" VPOS="2613" WIDTH="3"/>
						<String ID="P80_ST00272" HPOS="939" VPOS="2528" WIDTH="277" HEIGHT="78" CONTENT="fantaisie" WC="1.00" CC="000000020" STYLEREFS="TXT_4"/>
						<SP ID="P80_SP00243" HPOS="1216" VPOS="2613" WIDTH="30"/>
						<String ID="P80_ST00273" HPOS="1246" VPOS="2525" WIDTH="301" HEIGHT="83" CONTENT="rythmique" WC="0.99" CC="640004800" STYLEREFS="TXT_4"/>
						<SP ID="P80_SP00244" HPOS="1547" VPOS="2613" WIDTH="29"/>
						<String ID="P80_ST00274" HPOS="1576" VPOS="2545" WIDTH="135" HEIGHT="37" CONTENT="avec" WC="0.97" CC="7600" STYLEREFS="TXT_4"/>
						<SP ID="P80_SP00245" HPOS="1711" VPOS="2613" WIDTH="32"/>
						<String ID="P80_ST00275" HPOS="1743" VPOS="2525" WIDTH="58" HEIGHT="56" CONTENT="la" WC="1.00" CC="00" STYLEREFS="TXT_4"/>
						<SP ID="P80_SP00246" HPOS="1801" VPOS="2613" WIDTH="31"/>
						<String ID="P80_ST00276" HPOS="1832" VPOS="2521" WIDTH="184" HEIGHT="60" CONTENT="sûreté" WC="1.00" CC="060000" STYLEREFS="TXT_4"/>
						<SP ID="P80_SP00247" HPOS="2016" VPOS="2613" WIDTH="16"/>
						<String ID="P80_ST00277" HPOS="2032" VPOS="2521" WIDTH="131" HEIGHT="59" CONTENT="dun" WC="0.53" CC="400" STYLEREFS="TXT_4"/>
						<SP ID="P80_SP00248" HPOS="2163" VPOS="2613" WIDTH="31"/>
						<String ID="P80_ST00278" HPOS="2194" VPOS="2521" WIDTH="312" HEIGHT="57" CONTENT="mécanisme" WC="1.00" CC="000000030" STYLEREFS="TXT_4"/>
					</TextLine>
					<TextLine ID="P80_TL00028" HPOS="75" VPOS="2609" WIDTH="2425" HEIGHT="86">
						<String ID="P80_ST00279" HPOS="75" VPOS="2615" WIDTH="163" HEIGHT="61" CONTENT="d'acier" WC="0.99" CC="0440000" STYLEREFS="TXT_4"/>
						<SP ID="P80_SP00249" HPOS="238" VPOS="2676" WIDTH="19"/>
						<String ID="P80_ST00280" HPOS="257" VPOS="2620" WIDTH="29" HEIGHT="22" CONTENT='"' WC="1.00" CC="0"/>
						<SP ID="P80_SP00250" HPOS="286" VPOS="2676" WIDTH="32"/>
						<String ID="P80_ST00281" HPOS="318" VPOS="2641" WIDTH="11" HEIGHT="36" CONTENT=":" WC="0.62" CC="3"/>
						<SP ID="P80_SP00251" HPOS="329" VPOS="2677" WIDTH="55"/>
						<String ID="P80_ST00282" HPOS="384" VPOS="2622" WIDTH="133" HEIGHT="55" CONTENT="telle" WC="1.00" CC="00020"/>
						<SP ID="P80_SP00252" HPOS="517" VPOS="2677" WIDTH="33"/>
						<String ID="P80_ST00283" HPOS="550" VPOS="2633" WIDTH="84" HEIGHT="43" CONTENT="est" WC="0.99" CC="200"/>
						<SP ID="P80_SP00253" HPOS="634" VPOS="2677" WIDTH="51"/>
						<String ID="P80_ST00284" HPOS="685" VPOS="2619" WIDTH="138" HEIGHT="57" CONTENT="bien" WC="0.99" CC="0002"/>
						<SP ID="P80_SP00254" HPOS="823" VPOS="2677" WIDTH="33"/>
						<String ID="P80_ST00285" HPOS="856" VPOS="2617" WIDTH="394" HEIGHT="78" CONTENT="l'impression" WC="1.00" CC="024003000020"/>
						<SP ID="P80_SP00255" HPOS="1250" VPOS="2695" WIDTH="34"/>
						<String ID="P80_ST00286" HPOS="1284" VPOS="2615" WIDTH="103" HEIGHT="78" CONTENT="qui" WC="1.00" CC="000"/>
						<SP ID="P80_SP00256" HPOS="1387" VPOS="2695" WIDTH="50"/>
						<String ID="P80_ST00287" HPOS="1437" VPOS="2634" WIDTH="57" HEIGHT="37" CONTENT="se" WC="0.96" CC="00"/>
						<SP ID="P80_SP00257" HPOS="1494" VPOS="2695" WIDTH="43"/>
						<String ID="P80_ST00288" HPOS="1537" VPOS="2611" WIDTH="107" HEIGHT="59" CONTENT="fait" WC="1.00" CC="0001"/>
						<SP ID="P80_SP00258" HPOS="1644" VPOS="2695" WIDTH="34"/>
						<String ID="P80_ST00289" HPOS="1678" VPOS="2613" WIDTH="129" HEIGHT="78" CONTENT="plus" WC="1.00" CC="0000"/>
						<SP ID="P80_SP00259" HPOS="1807" VPOS="2695" WIDTH="53"/>
						<String ID="P80_ST00290" HPOS="1860" VPOS="2624" WIDTH="161" HEIGHT="43" CONTENT="nette" WC="1.00" CC="10010"/>
						<SP ID="P80_SP00260" HPOS="2021" VPOS="2695" WIDTH="33"/>
						<String ID="P80_ST00291" HPOS="2054" VPOS="2609" WIDTH="32" HEIGHT="57" CONTENT="à" WC="0.29" CC="7"/>
						<SP ID="P80_SP00261" HPOS="2086" VPOS="2695" WIDTH="33"/>
						<String ID="P80_ST00292" HPOS="2119" VPOS="2630" WIDTH="229" HEIGHT="36" CONTENT="mesure" WC="1.00" CC="000000"/>
						<SP ID="P80_SP00262" HPOS="2348" VPOS="2695" WIDTH="36"/>
						<String ID="P80_ST00293" HPOS="2384" VPOS="2629" WIDTH="116" HEIGHT="59" CONTENT="que" WC="1.00" CC="000"/>
					</TextLine>
					<TextLine ID="P80_TL00029" HPOS="75" VPOS="2695" WIDTH="2431" HEIGHT="89">
						<String ID="P80_ST00294" HPOS="75" VPOS="2702" WIDTH="84" HEIGHT="59" CONTENT="l'on" WC="0.98" CC="5003"/>
						<SP ID="P80_SP00263" HPOS="159" VPOS="2761" WIDTH="29"/>
						<String ID="P80_ST00295" HPOS="188" VPOS="2705" WIDTH="230" HEIGHT="79" CONTENT="pénètre" WC="1.00" CC="0007000"/>
						<SP ID="P80_SP00264" HPOS="418" VPOS="2784" WIDTH="48"/>
						<String ID="P80_ST00296" HPOS="466" VPOS="2707" WIDTH="205" HEIGHT="57" CONTENT="mieux" WC="0.99" CC="02060"/>
						<SP ID="P80_SP00265" HPOS="671" VPOS="2784" WIDTH="53"/>
						<String ID="P80_ST00297" HPOS="724" VPOS="2705" WIDTH="219" HEIGHT="79" CONTENT="l'esprit" WC="1.00" CC="00000400"/>
						<SP ID="P80_SP00266" HPOS="943" VPOS="2784" WIDTH="26"/>
						<String ID="P80_ST00298" HPOS="969" VPOS="2704" WIDTH="106" HEIGHT="79" CONTENT="qui" WC="0.98" CC="040"/>
						<SP ID="P80_SP00267" HPOS="1075" VPOS="2784" WIDTH="34"/>
						<String ID="P80_ST00299" HPOS="1109" VPOS="2722" WIDTH="301" HEIGHT="60" CONTENT="gouverne" WC="0.99" CC="60204000"/>
						<SP ID="P80_SP00268" HPOS="1410" VPOS="2784" WIDTH="51"/>
						<String ID="P80_ST00300" HPOS="1461" VPOS="2714" WIDTH="58" HEIGHT="43" CONTENT="et" WC="0.85" CC="11"/>
						<SP ID="P80_SP00269" HPOS="1519" VPOS="2784" WIDTH="31"/>
						<String ID="P80_ST00301" HPOS="1550" VPOS="2700" WIDTH="78" HEIGHT="57" CONTENT="lie" WC="0.99" CC="300"/>
						<SP ID="P80_SP00270" HPOS="1628" VPOS="2784" WIDTH="32"/>
						<String ID="P80_ST00302" HPOS="1660" VPOS="2700" WIDTH="81" HEIGHT="56" CONTENT="les" WC="1.00" CC="000"/>
						<SP ID="P80_SP00271" HPOS="1741" VPOS="2784" WIDTH="51"/>
						<String ID="P80_ST00303" HPOS="1792" VPOS="2698" WIDTH="431" HEIGHT="79" CONTENT="compositions" WC="1.00" CC="000000300020"/>
						<SP ID="P80_SP00272" HPOS="2223" VPOS="2784" WIDTH="31"/>
						<String ID="P80_ST00304" HPOS="2254" VPOS="2695" WIDTH="252" HEIGHT="57" CONTENT="diverses" WC="1.00" CC="02014010"/>
					</TextLine>
					<TextLine ID="P80_TL00030" HPOS="76" VPOS="2789" WIDTH="464" HEIGHT="64">
						<String ID="P80_ST00305" HPOS="76" VPOS="2789" WIDTH="49" HEIGHT="57" CONTENT="de" WC="0.63" CC="70"/>
						<SP ID="P80_SP00273" HPOS="125" VPOS="2846" WIDTH="28"/>
						<String ID="P80_ST00306" HPOS="153" VPOS="2793" WIDTH="129" HEIGHT="58" CONTENT="Paul" WC="0.99" CC="0400"/>
						<SP ID="P80_SP00274" HPOS="282" VPOS="2851" WIDTH="34"/>
						<String ID="P80_ST00307" HPOS="316" VPOS="2796" WIDTH="224" HEIGHT="57" CONTENT="Dukas." WC="0.87" CC="003003"/>
					</TextLine>
					<TextLine ID="P80_TL00031" HPOS="211" VPOS="2869" WIDTH="2292" HEIGHT="87">
						<String ID="P80_ST00308" HPOS="211" VPOS="2882" WIDTH="448" HEIGHT="57" CONTENT="Mademoiselle" WC="1.00" CC="000001000200"/>
						<SP ID="P80_SP00275" HPOS="659" VPOS="2939" WIDTH="52"/>
						<String ID="P80_ST00309" HPOS="711" VPOS="2879" WIDTH="262" HEIGHT="59" CONTENT="Veluard" WC="0.80" CC="4002060"/>
						<SP ID="P80_SP00276" HPOS="973" VPOS="2939" WIDTH="34"/>
						<String ID="P80_ST00310" HPOS="1007" VPOS="2878" WIDTH="146" HEIGHT="57" CONTENT="dont" WC="1.00" CC="0000"/>
						<SP ID="P80_SP00277" HPOS="1153" VPOS="2939" WIDTH="26"/>
						<String ID="P80_ST00311" HPOS="1179" VPOS="2878" WIDTH="101" HEIGHT="78" CONTENT="j'ai" WC="0.98" CC="0105"/>
						<SP ID="P80_SP00278" HPOS="1280" VPOS="2956" WIDTH="51"/>
						<String ID="P80_ST00312" HPOS="1331" VPOS="2876" WIDTH="88" HEIGHT="57" CONTENT="dit" WC="1.00" CC="000"/>
						<SP ID="P80_SP00279" HPOS="1419" VPOS="2956" WIDTH="33"/>
						<String ID="P80_ST00313" HPOS="1452" VPOS="2877" WIDTH="79" HEIGHT="56" CONTENT="ici" WC="0.98" CC="400"/>
						<SP ID="P80_SP00280" HPOS="1531" VPOS="2956" WIDTH="55"/>
						<String ID="P80_ST00314" HPOS="1586" VPOS="2872" WIDTH="486" HEIGHT="82" CONTENT="précédemment" WC="1.00" CC="017060000015"/>
						<SP ID="P80_SP00281" HPOS="2072" VPOS="2956" WIDTH="33"/>
						<String ID="P80_ST00315" HPOS="2105" VPOS="2871" WIDTH="31" HEIGHT="58" CONTENT="à" WC="0.25" CC="7"/>
						<SP ID="P80_SP00282" HPOS="2136" VPOS="2956" WIDTH="47"/>
						<String ID="P80_ST00316" HPOS="2183" VPOS="2891" WIDTH="218" HEIGHT="60" CONTENT="propos" WC="1.00" CC="000020"/>
						<SP ID="P80_SP00283" HPOS="2401" VPOS="2956" WIDTH="33"/>
						<String ID="P80_ST00317" HPOS="2434" VPOS="2869" WIDTH="69" HEIGHT="57" CONTENT="de" WC="1.00" CC="00"/>
					</TextLine>
					<TextLine ID="P80_TL00032" HPOS="76" VPOS="2956" WIDTH="2430" HEIGHT="85">
						<String ID="P80_ST00318" HPOS="76" VPOS="2962" WIDTH="36" HEIGHT="57" CONTENT="la" WC="0.64" CC="70"/>
						<SP ID="P80_SP00284" HPOS="112" VPOS="3019" WIDTH="27"/>
						<String ID="P80_ST00319" HPOS="139" VPOS="2966" WIDTH="190" HEIGHT="61" CONTENT="Sonate" WC="0.99" CC="000504"/>
						<SP ID="P80_SP00285" HPOS="329" VPOS="3027" WIDTH="34"/>
						<String ID="P80_ST00320" HPOS="363" VPOS="2970" WIDTH="72" HEIGHT="57" CONTENT="de" WC="1.00" CC="00"/>
						<SP ID="P80_SP00286" HPOS="435" VPOS="3027" WIDTH="36"/>
						<String ID="P80_ST00321" HPOS="471" VPOS="2968" WIDTH="268" HEIGHT="70" CONTENT="Roussel," WC="1.00" CC="20000000"/>
						<SP ID="P80_SP00287" HPOS="739" VPOS="3038" WIDTH="27"/>
						<String ID="P80_ST00322" HPOS="766" VPOS="2966" WIDTH="362" HEIGHT="58" CONTENT="l'étonnante" WC="1.00" CC="00500230000"/>
						<SP ID="P80_SP00288" HPOS="1128" VPOS="3038" WIDTH="33"/>
						<String ID="P80_ST00323" HPOS="1161" VPOS="2961" WIDTH="283" HEIGHT="59" CONTENT="maturité" WC="1.00" CC="00003005"/>
						<SP ID="P80_SP00289" HPOS="1444" VPOS="3038" WIDTH="23"/>
						<String ID="P80_ST00324" HPOS="1467" VPOS="2959" WIDTH="490" HEIGHT="82" CONTENT="compréhensive" WC="0.79" CC="0100266023200"/>
						<SP ID="P80_SP00290" HPOS="1957" VPOS="3041" WIDTH="35"/>
						<String ID="P80_ST00325" HPOS="1992" VPOS="2973" WIDTH="55" HEIGHT="42" CONTENT="et" WC="1.00" CC="00"/>
						<SP ID="P80_SP00291" HPOS="2047" VPOS="3041" WIDTH="33"/>
						<String ID="P80_ST00326" HPOS="2080" VPOS="2959" WIDTH="55" HEIGHT="56" CONTENT="la" WC="0.66" CC="06"/>
						<SP ID="P80_SP00292" HPOS="2135" VPOS="3041" WIDTH="33"/>
						<String ID="P80_ST00327" HPOS="2168" VPOS="2978" WIDTH="125" HEIGHT="37" CONTENT="rare" WC="1.00" CC="0020"/>
						<SP ID="P80_SP00293" HPOS="2293" VPOS="3041" WIDTH="21"/>
						<String ID="P80_ST00328" HPOS="2314" VPOS="2956" WIDTH="192" HEIGHT="58" CONTENT="sûreté" WC="0.99" CC="020005"/>
					</TextLine>
					<TextLine ID="P80_TL00033" HPOS="75" VPOS="3046" WIDTH="2430" HEIGHT="89">
						<String ID="P80_ST00329" HPOS="75" VPOS="3070" WIDTH="114" HEIGHT="55" CONTENT="pour" WC="0.96" CC="5650"/>
						<SP ID="P80_SP00294" HPOS="189" VPOS="3125" WIDTH="44"/>
						<String ID="P80_ST00330" HPOS="233" VPOS="3079" WIDTH="110" HEIGHT="35" CONTENT="une" WC="0.96" CC="560"/>
						<SP ID="P80_SP00295" HPOS="343" VPOS="3125" WIDTH="33"/>
						<String ID="P80_ST00331" HPOS="376" VPOS="3058" WIDTH="150" HEIGHT="56" CONTENT="aussi" WC="1.00" CC="02010"/>
						<SP ID="P80_SP00296" HPOS="526" VPOS="3125" WIDTH="24"/>
						<String ID="P80_ST00332" HPOS="550" VPOS="3057" WIDTH="182" HEIGHT="78" CONTENT="jeune" WC="0.98" CC="32251"/>
						<SP ID="P80_SP00297" HPOS="732" VPOS="3135" WIDTH="51"/>
						<String ID="P80_ST00333" HPOS="783" VPOS="3056" WIDTH="219" HEIGHT="67" CONTENT="artiste," WC="0.99" CC="05100400"/>
						<SP ID="P80_SP00298" HPOS="1002" VPOS="3135" WIDTH="36"/>
						<String ID="P80_ST00334" HPOS="1038" VPOS="3053" WIDTH="195" HEIGHT="58" CONTENT="donna" WC="0.98" CC="01630"/>
						<SP ID="P80_SP00299" HPOS="1233" VPOS="3135" WIDTH="35"/>
						<String ID="P80_ST00335" HPOS="1268" VPOS="3052" WIDTH="70" HEIGHT="56" CONTENT="de" WC="1.00" CC="00"/>
						<SP ID="P80_SP00300" HPOS="1338" VPOS="3135" WIDTH="57"/>
						<String ID="P80_ST00336" HPOS="1395" VPOS="3071" WIDTH="95" HEIGHT="37" CONTENT="ces" WC="1.00" CC="010"/>
						<SP ID="P80_SP00301" HPOS="1490" VPOS="3135" WIDTH="34"/>
						<String ID="P80_ST00337" HPOS="1524" VPOS="3050" WIDTH="156" HEIGHT="58" CONTENT="deux" WC="1.00" CC="0000"/>
						<SP ID="P80_SP00302" HPOS="1680" VPOS="3135" WIDTH="51"/>
						<String ID="P80_ST00338" HPOS="1731" VPOS="3069" WIDTH="231" HEIGHT="36" CONTENT="œuvres" WC="0.99" CC="040400"/>
						<SP ID="P80_SP00303" HPOS="1962" VPOS="3135" WIDTH="40"/>
						<String ID="P80_ST00339" HPOS="2002" VPOS="3067" WIDTH="114" HEIGHT="36" CONTENT="une" WC="0.97" CC="350"/>
						<SP ID="P80_SP00304" HPOS="2116" VPOS="3135" WIDTH="52"/>
						<String ID="P80_ST00340" HPOS="2168" VPOS="3046" WIDTH="337" HEIGHT="57" CONTENT="traduction" WC="1.00" CC="2400402002"/>
					</TextLine>
					<TextLine ID="P80_TL00034" HPOS="76" VPOS="3133" WIDTH="2429" HEIGHT="89">
						<String ID="P80_ST00341" HPOS="76" VPOS="3141" WIDTH="74" HEIGHT="72" CONTENT="qui" WC="0.95" CC="741"/>
						<SP ID="P80_SP00305" HPOS="150" VPOS="3213" WIDTH="29"/>
						<String ID="P80_ST00342" HPOS="179" VPOS="3145" WIDTH="303" HEIGHT="57" CONTENT="contribua" WC="1.00" CC="000000040"/>
						<SP ID="P80_SP00306" HPOS="482" VPOS="3213" WIDTH="25"/>
						<String ID="P80_ST00343" HPOS="507" VPOS="3145" WIDTH="325" HEIGHT="77" CONTENT="justement" WC="1.00" CC="200400002"/>
						<SP ID="P80_SP00307" HPOS="832" VPOS="3222" WIDTH="57"/>
						<String ID="P80_ST00344" HPOS="889" VPOS="3164" WIDTH="73" HEIGHT="34" CONTENT="au" WC="1.00" CC="00"/>
						<SP ID="P80_SP00308" HPOS="962" VPOS="3222" WIDTH="33"/>
						<String ID="P80_ST00345" HPOS="995" VPOS="3140" WIDTH="235" HEIGHT="58" CONTENT="souhait" WC="0.99" CC="0046003"/>
						<SP ID="P80_SP00309" HPOS="1230" VPOS="3222" WIDTH="48"/>
						<String ID="P80_ST00346" HPOS="1278" VPOS="3137" WIDTH="150" HEIGHT="59" CONTENT="émis" WC="0.99" CC="4000"/>
						<SP ID="P80_SP00310" HPOS="1428" VPOS="3222" WIDTH="40"/>
						<String ID="P80_ST00347" HPOS="1468" VPOS="3159" WIDTH="106" HEIGHT="58" CONTENT="par" WC="0.99" CC="001"/>
						<SP ID="P80_SP00311" HPOS="1574" VPOS="3222" WIDTH="32"/>
						<String ID="P80_ST00348" HPOS="1606" VPOS="3137" WIDTH="251" HEIGHT="57" CONTENT="nombre" WC="0.99" CC="300011"/>
						<SP ID="P80_SP00312" HPOS="1857" VPOS="3222" WIDTH="55"/>
						<String ID="P80_ST00349" HPOS="1912" VPOS="3133" WIDTH="359" HEIGHT="59" CONTENT="d'auditeurs" WC="1.00" CC="01040000100"/>
						<SP ID="P80_SP00313" HPOS="2271" VPOS="3222" WIDTH="52"/>
						<String ID="P80_ST00350" HPOS="2323" VPOS="3133" WIDTH="70" HEIGHT="56" CONTENT="de" WC="0.81" CC="03"/>
						<SP ID="P80_SP00314" HPOS="2393" VPOS="3222" WIDTH="32"/>
						<String ID="P80_ST00351" HPOS="2425" VPOS="3135" WIDTH="80" HEIGHT="54" CONTENT="les" WC="1.00" CC="000"/>
					</TextLine>
					<TextLine ID="P80_TL00035" HPOS="75" VPOS="3222" WIDTH="319" HEIGHT="68">
						<String ID="P80_ST00352" HPOS="75" VPOS="3222" WIDTH="319" HEIGHT="68" CONTENT="réentendre." WC="0.99" CC="78293000004"/>
					</TextLine>
					<TextLine ID="P80_TL00036" HPOS="203" VPOS="3307" WIDTH="2303" HEIGHT="89">
						<String ID="P80_ST00353" HPOS="203" VPOS="3319" WIDTH="65" HEIGHT="75" CONTENT="Je" WC="0.85" CC="02"/>
						<SP ID="P80_SP00315" HPOS="268" VPOS="3394" WIDTH="33"/>
						<String ID="P80_ST00354" HPOS="301" VPOS="3321" WIDTH="148" HEIGHT="55" CONTENT="tiens" WC="0.99" CC="02070"/>
						<SP ID="P80_SP00316" HPOS="449" VPOS="3394" WIDTH="33"/>
						<String ID="P80_ST00355" HPOS="482" VPOS="3319" WIDTH="31" HEIGHT="56" CONTENT="à" WC="0.30" CC="6"/>
						<SP ID="P80_SP00317" HPOS="513" VPOS="3394" WIDTH="33"/>
						<String ID="P80_ST00356" HPOS="546" VPOS="3319" WIDTH="252" HEIGHT="77" CONTENT="signaler" WC="1.00" CC="02000300"/>
						<SP ID="P80_SP00318" HPOS="798" VPOS="3396" WIDTH="32"/>
						<String ID="P80_ST00357" HPOS="830" VPOS="3318" WIDTH="149" HEIGHT="55" CONTENT="aussi" WC="0.99" CC="07001"/>
						<SP ID="P80_SP00319" HPOS="979" VPOS="3396" WIDTH="56"/>
						<String ID="P80_ST00358" HPOS="1035" VPOS="3337" WIDTH="79" HEIGHT="35" CONTENT="un" WC="0.55" CC="62"/>
						<SP ID="P80_SP00320" HPOS="1114" VPOS="3396" WIDTH="36"/>
						<String ID="P80_ST00359" HPOS="1150" VPOS="3326" WIDTH="241" HEIGHT="45" CONTENT="concert" WC="1.00" CC="0100000"/>
						<SP ID="P80_SP00321" HPOS="1391" VPOS="3396" WIDTH="47"/>
						<String ID="P80_ST00360" HPOS="1438" VPOS="3311" WIDTH="347" HEIGHT="79" CONTENT="champêtre" WC="1.00" CC="050000020"/>
						<SP ID="P80_SP00322" HPOS="1785" VPOS="3396" WIDTH="54"/>
						<String ID="P80_ST00361" HPOS="1839" VPOS="3307" WIDTH="195" HEIGHT="59" CONTENT="donné" WC="0.98" CC="01255"/>
						<SP ID="P80_SP00323" HPOS="2034" VPOS="3396" WIDTH="35"/>
						<String ID="P80_ST00362" HPOS="2069" VPOS="3329" WIDTH="116" HEIGHT="36" CONTENT="aux" WC="1.00" CC="000"/>
						<SP ID="P80_SP00324" HPOS="2185" VPOS="3396" WIDTH="47"/>
						<String ID="P80_ST00363" HPOS="2232" VPOS="3309" WIDTH="274" HEIGHT="54" CONTENT="environs" WC="0.99" CC="00052640"/>
					</TextLine>
					<TextLine ID="P80_TL00037" HPOS="75" VPOS="3395" WIDTH="2432" HEIGHT="90">
						<String ID="P80_ST00364" HPOS="75" VPOS="3395" WIDTH="55" HEIGHT="60" CONTENT="du" WC="0.02" CC="99"/>
						<SP ID="P80_SP00325" HPOS="130" VPOS="3455" WIDTH="48"/>
						<String ID="P80_ST00365" HPOS="178" VPOS="3404" WIDTH="215" HEIGHT="72" CONTENT="Havre," WC="1.00" CC="030000"/>
						<SP ID="P80_SP00326" HPOS="393" VPOS="3476" WIDTH="52"/>
						<String ID="P80_ST00366" HPOS="445" VPOS="3428" WIDTH="72" HEIGHT="36" CONTENT="en" WC="0.73" CC="31"/>
						<SP ID="P80_SP00327" HPOS="517" VPOS="3476" WIDTH="52"/>
						<String ID="P80_ST00367" HPOS="569" VPOS="3406" WIDTH="158" HEIGHT="79" CONTENT="plein" WC="0.99" CC="01004"/>
						<SP ID="P80_SP00328" HPOS="727" VPOS="3485" WIDTH="35"/>
						<String ID="P80_ST00368" HPOS="762" VPOS="3406" WIDTH="103" HEIGHT="68" CONTENT="air," WC="0.98" CC="0240"/>
						<SP ID="P80_SP00329" HPOS="865" VPOS="3485" WIDTH="37"/>
						<String ID="P80_ST00369" HPOS="902" VPOS="3404" WIDTH="216" HEIGHT="56" CONTENT="devant" WC="1.00" CC="000003"/>
						<SP ID="P80_SP00330" HPOS="1118" VPOS="3485" WIDTH="51"/>
						<String ID="P80_ST00370" HPOS="1169" VPOS="3422" WIDTH="116" HEIGHT="37" CONTENT="une" WC="1.00" CC="000"/>
						<SP ID="P80_SP00331" HPOS="1285" VPOS="3485" WIDTH="55"/>
						<String ID="P80_ST00371" HPOS="1340" VPOS="3401" WIDTH="269" HEIGHT="56" CONTENT="centaine" WC="1.00" CC="00050000"/>
						<SP ID="P80_SP00332" HPOS="1609" VPOS="3485" WIDTH="56"/>
						<String ID="P80_ST00372" HPOS="1665" VPOS="3399" WIDTH="70" HEIGHT="57" CONTENT="de" WC="1.00" CC="00"/>
						<SP ID="P80_SP00333" HPOS="1735" VPOS="3485" WIDTH="56"/>
						<String ID="P80_ST00373" HPOS="1791" VPOS="3417" WIDTH="334" HEIGHT="59" CONTENT="personnes," WC="1.00" CC="0030000000"/>
						<SP ID="P80_SP00334" HPOS="2125" VPOS="3485" WIDTH="57"/>
						<String ID="P80_ST00374" HPOS="2182" VPOS="3417" WIDTH="103" HEIGHT="57" CONTENT="par" WC="0.98" CC="031"/>
						<SP ID="P80_SP00335" HPOS="2285" VPOS="3485" WIDTH="66"/>
						<String ID="P80_ST00375" HPOS="2351" VPOS="3396" WIDTH="156" HEIGHT="55" CONTENT="Mlle" WC="0.99" CC="0003"/>
					</TextLine>
				</TextBlock>
				<TextBlock ID="P80_TB00004" HPOS="75" VPOS="3540" WIDTH="2434" HEIGHT="121" STYLEREFS="TXT_6 PAR_LEFT">
					<TextLine ID="P80_TL00038" HPOS="160" VPOS="3542" WIDTH="2349" HEIGHT="64">
						<String ID="P80_ST00376" HPOS="160" VPOS="3549" WIDTH="8" HEIGHT="21" CONTENT="1" STYLE="superscript" WC="0.26" CC="7"/>
						<SP ID="P80_SP00336" HPOS="168" VPOS="3570" WIDTH="31"/>
						<String ID="P80_ST00377" HPOS="199" VPOS="3550" WIDTH="30" HEIGHT="39" CONTENT="II" WC="0.55" CC="53"/>
						<SP ID="P80_SP00337" HPOS="229" VPOS="3589" WIDTH="20"/>
						<String ID="P80_ST00378" HPOS="249" VPOS="3551" WIDTH="81" HEIGHT="39" CONTENT="faut" WC="0.97" CC="6340"/>
						<SP ID="P80_SP00338" HPOS="330" VPOS="3590" WIDTH="21"/>
						<String ID="P80_ST00379" HPOS="351" VPOS="3554" WIDTH="82" HEIGHT="37" CONTENT="dire" WC="0.97" CC="0650"/>
						<SP ID="P80_SP00339" HPOS="433" VPOS="3591" WIDTH="21"/>
						<String ID="P80_ST00380" HPOS="454" VPOS="3567" WIDTH="101" HEIGHT="39" CONTENT="pour" WC="0.97" CC="6152"/>
						<SP ID="P80_SP00340" HPOS="555" VPOS="3606" WIDTH="30"/>
						<String ID="P80_ST00381" HPOS="585" VPOS="3552" WIDTH="251" HEIGHT="39" CONTENT="l'exactitude" WC="1.00" CC="040040040050"/>
						<SP ID="P80_SP00341" HPOS="836" VPOS="3606" WIDTH="21"/>
						<String ID="P80_ST00382" HPOS="857" VPOS="3550" WIDTH="296" HEIGHT="39" CONTENT="documentaire" WC="1.00" CC="000001000663"/>
						<SP ID="P80_SP00342" HPOS="1153" VPOS="3606" WIDTH="21"/>
						<String ID="P80_ST00383" HPOS="1174" VPOS="3563" WIDTH="75" HEIGHT="37" CONTENT="que" WC="0.98" CC="600"/>
						<SP ID="P80_SP00343" HPOS="1249" VPOS="3606" WIDTH="25"/>
						<String ID="P80_ST00384" HPOS="1274" VPOS="3551" WIDTH="65" HEIGHT="36" CONTENT="M." WC="1.00" CC="00"/>
						<SP ID="P80_SP00344" HPOS="1339" VPOS="3606" WIDTH="25"/>
						<String ID="P80_ST00385" HPOS="1364" VPOS="3546" WIDTH="98" HEIGHT="40" CONTENT="Paul" WC="0.98" CC="6004"/>
						<SP ID="P80_SP00345" HPOS="1462" VPOS="3606" WIDTH="21"/>
						<String ID="P80_ST00386" HPOS="1483" VPOS="3547" WIDTH="139" HEIGHT="39" CONTENT="Dukas" WC="0.80" CC="60300"/>
						<SP ID="P80_SP00346" HPOS="1622" VPOS="3606" WIDTH="20"/>
						<String ID="P80_ST00387" HPOS="1642" VPOS="3561" WIDTH="22" HEIGHT="25" CONTENT="a" WC="0.86" CC="1"/>
						<SP ID="P80_SP00347" HPOS="1664" VPOS="3606" WIDTH="21"/>
						<String ID="P80_ST00388" HPOS="1685" VPOS="3546" WIDTH="95" HEIGHT="40" CONTENT="écrit" WC="0.98" CC="50630"/>
						<SP ID="P80_SP00348" HPOS="1780" VPOS="3606" WIDTH="20"/>
						<String ID="P80_ST00389" HPOS="1800" VPOS="3544" WIDTH="184" HEIGHT="40" CONTENT="autrefois" WC="0.99" CC="000506560"/>
						<SP ID="P80_SP00349" HPOS="1984" VPOS="3606" WIDTH="20"/>
						<String ID="P80_ST00390" HPOS="2004" VPOS="3545" WIDTH="64" HEIGHT="37" CONTENT="des" WC="0.99" CC="030"/>
						<SP ID="P80_SP00350" HPOS="2068" VPOS="3606" WIDTH="22"/>
						<String ID="P80_ST00391" HPOS="2090" VPOS="3542" WIDTH="184" HEIGHT="39" CONTENT="mélodies" WC="1.00" CC="00030300"/>
						<SP ID="P80_SP00351" HPOS="2274" VPOS="3606" WIDTH="20"/>
						<String ID="P80_ST00392" HPOS="2294" VPOS="3546" WIDTH="134" HEIGHT="34" CONTENT="restées" WC="1.00" CC="1300000"/>
						<SP ID="P80_SP00352" HPOS="2428" VPOS="3606" WIDTH="21"/>
						<String ID="P80_ST00393" HPOS="2449" VPOS="3542" WIDTH="40" HEIGHT="36" CONTENT="in" SUBS_TYPE="HypPart1" SUBS_CONTENT="inédites" WC="0.97" CC="40"/>
						<HYP HPOS="2489" VPOS="3542" WIDTH="20" CONTENT="-"/>
					</TextLine>
					<TextLine ID="P80_TL00039" HPOS="78" VPOS="3598" WIDTH="1453" HEIGHT="62">
						<String ID="P80_ST00394" HPOS="78" VPOS="3598" WIDTH="86" HEIGHT="42" CONTENT="édites" SUBS_TYPE="HypPart2" SUBS_CONTENT="inédites" WC="0.98" CC="753400"/>
						<SP ID="P80_SP00353" HPOS="164" VPOS="3640" WIDTH="18"/>
						<String ID="P80_ST00395" HPOS="182" VPOS="3616" WIDTH="32" HEIGHT="27" CONTENT="et" WC="0.56" CC="26"/>
						<SP ID="P80_SP00354" HPOS="214" VPOS="3643" WIDTH="21"/>
						<String ID="P80_ST00396" HPOS="235" VPOS="3608" WIDTH="92" HEIGHT="51" CONTENT="qu'il" WC="0.97" CC="49320"/>
						<SP ID="P80_SP00355" HPOS="327" VPOS="3659" WIDTH="21"/>
						<String ID="P80_ST00397" HPOS="348" VPOS="3624" WIDTH="36" HEIGHT="24" CONTENT="se" WC="1.00" CC="00"/>
						<SP ID="P80_SP00356" HPOS="384" VPOS="3659" WIDTH="22"/>
						<String ID="P80_ST00398" HPOS="406" VPOS="3609" WIDTH="123" HEIGHT="39" CONTENT="refuse" WC="0.99" CC="128000"/>
						<SP ID="P80_SP00357" HPOS="529" VPOS="3659" WIDTH="21"/>
						<String ID="P80_ST00399" HPOS="550" VPOS="3610" WIDTH="254" HEIGHT="48" CONTENT="aujourd'hui" WC="0.99" CC="00520103603"/>
						<SP ID="P80_SP00358" HPOS="804" VPOS="3659" WIDTH="22"/>
						<String ID="P80_ST00400" HPOS="826" VPOS="3611" WIDTH="21" HEIGHT="35" CONTENT="à" WC="0.36" CC="6"/>
						<SP ID="P80_SP00359" HPOS="847" VPOS="3659" WIDTH="20"/>
						<String ID="P80_ST00401" HPOS="867" VPOS="3606" WIDTH="164" HEIGHT="54" CONTENT="publier," WC="0.99" CC="50012036"/>
						<SP ID="P80_SP00360" HPOS="1031" VPOS="3660" WIDTH="24"/>
						<String ID="P80_ST00402" HPOS="1055" VPOS="3605" WIDTH="52" HEIGHT="40" CONTENT="les" WC="0.99" CC="030"/>
						<SP ID="P80_SP00361" HPOS="1107" VPOS="3660" WIDTH="22"/>
						<String ID="P80_ST00403" HPOS="1129" VPOS="3614" WIDTH="184" HEIGHT="30" CONTENT="trouvant" WC="0.99" CC="03401004"/>
						<SP ID="P80_SP00362" HPOS="1313" VPOS="3660" WIDTH="18"/>
						<String ID="P80_ST00404" HPOS="1331" VPOS="3603" WIDTH="200" HEIGHT="51" CONTENT="juvéniles." WC="1.00" CC="3000020301"/>
					</TextLine>
				</TextBlock>
			</PrintSpace>
		</Page>
	</Layout>
</alto>
