2964 4102
1485 311 76 67 s.
1627 311 64 66 I.
1759 308 120 66 M.

462 352 42 66 9
522 330 95 64 80

457 469 141 46 schina
623 468 55 44 de
703 461 317 61 Moussorgski
1042 479 13 38 ;
1083 457 184 47 Prélude
1293 456 25 45 à
1346 454 35 45 F
1387 451 251 62 après-midi
1661 449 110 47 d'un
1785 450 140 62 faune
1953 447 55 45 de
2034 445 214 61 Debussy
2270 461 14 37 ;
2312 438 325 47 Recueillement
2663 437 53 45 de
2739 436 158 68 Doret;

465 536 130 46 Herr
617 534 121 61 Olaf
749 532 25 45 à
779 550 25 27 e
832 529 203 47 Pfitzner
1058 548 12 35 ;
1754 525 198 45 Thamar
1327 523 56 45 de
1408 520 273 58 Balakirew,
1708 529 87 34 etc.

595 603 159 46 Solistes
778 617 14 28 :
834 598 140 46 MM.
1012 597 197 60 Jacques
1250 591 239 58 Thibaud,
1534 590 136 59 Serge
1714 585 265 62 Barjansky,
2026 583 58 44 R.
2125 579 156 59 Ganz,
2321 577 63 47 G.
2425 576 196 57 Enesco,
2667 576 57 42 R.
2765 576 133 66 Vinès,

460 675 116 57 Jean
604 671 193 56 Reader,
825 680 86 32 etc.
2122 717 7 8 #

596 739 324 45 NEUCHATEL.
1063 732 77 46 Six
1184 729 227 46 Concerts
1453 726 362 45 d'abonnement
1860 722 54 43 de
1958 720 41 45 la
2042 717 148 47 Société
2232 717 50 43 de
2323 730 182 44 musique
2548 717 112 39 dont
2704 727 101 44 cinq
2844 732 21 42 p
2869 735 29 28 ar

459 809 261 45 l'orchestre
759 805 55 44 de
849 803 244 46 Lausanne
1125 816 102 28 sous
1265 798 42 44 la
1345 796 223 45 direction
1609 793 104 45 d'E.
1743 791 161 44 Bloch.
1949 788 67 45 Le
2055 787 189 45 sixième
2284 800 108 28 aura
2432 782 91 44 lieu
2562 796 102 28 sous
2698 779 138 45 forme
2864 786 37 45 de

461 877 161 46 séance
647 876 55 43 de
728 888 210 44 musique
964 870 54 45 de
1044 868 218 46 chambre
1287 866 15 60 (
1311 865 104 45 Trio
1444 857 592 60 Cortot-Thibaud-Casals}.

599 944 220 44 ZURICH.
969 937 97 46 Dix
1111 936 227 47 Concerts
1380 932 361 45 d'abonnement
1764 950 12 34 ;
1817 929 107 58 cinq
1968 935 208 35 concerts
2219 920 255 61 populaires
2497 939 11 34 ;
2549 918 66 43 six
2655 932 176 29 séances
2866 922 36 45 de

463 1014 209 58 musique
698 1012 54 43 de
777 1009 231 45 chambre.

601 1081 110 44 Aux
738 1091 309 47 programmes
1075 1072 288 46 intéressants
1388 1082 44 32 et
1458 1067 188 61 chargés
1672 1066 76 44 des
1774 1064 227 46 Concerts
2027 1060 362 46 d'abonnement
2415 1065 200 51 figurent
2641 1064 127 33 entie
2789 1067 116 37 autres

462 1165 178 29 œuvres
664 1165 9 28 :
715 1147 42 44 la
797 1143 243 63 Symphonie
1080 1158 72 28 sur
1194 1158 57 27 un
1291 1138 132 45 thème
1462 1136 288 58 montagnard
1781 1134 54 44 de
1876 1131 166 61 d'lndy
2077 1142 44 32 et
2161 1129 63 43 les
2264 1127 27 47 P
2306 1125 208 46 aviations
2546 1121 295 63 symphoniques
2869 1127 35 45 de

463 1218 182 45 Franck
668 1215 94 60 (M.
790 1213 56 46 E.
875 1212 165 59 Risler)
1064 1231 12 35 ;
1104 1209 41 45 la
1169 1210 116 44 suite
1312 1208 54 44 de
1404 1205 163 45 Pellèas
1605 1215 39 32 et
1681 1201 253 46 Mèlisande
1973 1200 54 44 de
2069 1197 147 45 Fauré
2240 1217 11 35 ;
2280 1195 194 45 Phaèton
2515 1193 54 44 de
2613 1190 269 48 Saint-Saëns
2897 1217 6 34 ;

468 1285 167 48 Vltava
640 1322 11 21 ,
679 1283 163 60 poème
866 1280 340 63 symphonique
1232 1277 54 44 de
1312 1275 216 46 Smetana
1550 1294 12 35 ;
1593 1273 199 44 Concerto
1828 1270 56 43 de
1921 1268 152 45 violon
2110 1267 53 44 de
2192 1266 152 59 Reger
2371 1263 82 61 (H.
2483 1259 235 59 Marteau)
2742 1279 11 34 ;
2783 1258 123 64 Œdipe

466 1354 54 45 de
546 1352 242 60 Schillings
811 1371 10 35 ;
851 1348 219 46 Fantaisie
1094 1345 287 62 symphonique
1406 1343 54 45 de
1480 1343 84 44 W.
1593 1340 232 57 Andreae,
1852 1350 87 33 etc.

605 1487 224 48 ROME.
949 1483 330 48 L'association
1306 1482 76 44 des
1407 1477 337 61 musicologues
1771 1475 191 57 italiens,
1990 1474 77 60 qui
2096 1473 147 44 forme
2269 1487 92 27 une
2385 1468 176 46 section
2604 1467 54 43 de
2698 1465 42 44 la
2765 1464 142 49 Société

470 1555 358 49 Internationale
864 1555 54 44 de
953 1553 225 59 musique,
1213 1567 26 28 a
1277 1562 113 32 tenu
1426 1565 82 29 son
1543 1545 268 47 Assemblée
1849 1542 211 63 generale
2098 1560 24 25 a
2157 1541 153 44 Rome
2336 1538 63 45 les
2425 1552 28 46 9
2481 1548 46 33 et
2561 1550 57 30 10
2646 1535 193 44 octobre.
2864 1534 43 49 Le

465 1627 226 60 président
718 1625 75 45 M.
822 1622 160 48 Guido
1009 1620 244 60 Gasperini
1279 1618 126 60 après
1430 1617 124 44 avoir
1587 1613 165 61 exposé
1792 1612 127 46 l'état
1958 1611 182 61 présent
2180 1609 54 45 de
2274 1606 343 56 l'Association,
2643 1621 25 27 a
2711 1604 196 46 vivement

466 1694 174 62 engagé
691 1693 61 45 les
802 1690 233 46 différents
1072 1705 193 44 groupes
1308 1686 176 45 italiens
1521 1685 24 44 à
1587 1683 264 61 poursuivre
1896 1680 117 46 leurs
2056 1691 188 33 travaux
2289 1677 27 44 d
2336 1675 254 45 inventaire
2634 1673 53 43 de
2732 1672 178 47 lichesses

468 1762 237 47 musicales
724 1762 54 44 de
795 1760 42 45 la
861 1757 252 62 péninsule.
1143 1759 78 43 Au
1242 1773 112 27 nom
1380 1755 61 44 du
1463 1753 256 46 Professeur
1740 1750 160 48 Guido
1926 1749 144 45 Adler
2091 1748 53 44 de
2162 1747 202 57 Vienne,
2386 1761 64 27 un
2469 1743 130 45 ordre
2627 1743 55 43 de
2703 1741 100 61 jour
2827 1758 22 27 a
2864 1741 46 45 été

469 1831 207 61 présenté
701 1829 280 46 demandant
1006 1827 24 45 à
1056 1826 323 45 l'Association
1408 1824 53 44 de
1487 1823 194 59 prendre
1708 1832 97 47 part
1841 1836 88 28 aux
1972 1832 189 30 travaux
2202 1816 61 44 du
2356 1814 181 58 Corpus
2578 1821 267 49 scnptoium
2877 1811 34 44 de

470 1902 173 45 musica
668 1899 165 45 maedii
859 1898 97 44 aevi
1047 1894 222 59 entrepris
1294 1910 78 43 par
1399 1892 42 46 la
1466 1890 178 48 Société
1670 1886 363 48 Internationale
2060 1886 55 44 de
2153 1885 210 59 musique
2398 1882 159 58 depuis
2592 1896 66 28 un
2696 1895 56 28 an
2780 1889 41 33 et
2845 1878 67 62 déjà

468 1987 59 27 en
553 1969 90 45 fort
669 1969 152 44 bonne
846 1966 101 45 voie
973 1962 309 47 d'exécution.
1312 1960 75 47 En
1420 1975 87 46 191
1524 1975 16 29 1
1574 1958 322 46 l'Association
1923 1956 180 44 tiendra
2127 1971 64 27 un
2219 1951 192 62 congrès
2437 1949 166 47 officiel
2629 1948 26 45 à
2683 1947 158 45 Rome.

701 2108 85 48 On
828 2109 84 45 sait
953 2124 89 44 que
1086 2119 130 32 notre
1260 2104 207 62 collègue
1507 2103 74 45 M.
1626 2102 93 61 J.J.
1772 2101 98 44 Nin
1915 2100 126 45 vient
2079 2097 143 46 d'être
2264 2095 158 60 appelé
2461 2112 24 26 a
2523 2093 41 45 la
2603 2093 190 44 Havane
2833 2108 80 42 pour

473 2180 165 59 diriger
680 2178 42 45 le
748 2177 350 47 Conservatoire
1136 2187 45 33 et
1218 2174 42 46 la
1294 2174 71 44 vie
1404 2171 216 47 musicale
1661 2172 54 43 de
1761 2170 148 46 Cuba.
1949 2169 67 45 Le
2058 2167 158 59 départ
2260 2166 54 43 de
2357 2164 214 61 Joachim
2617 2161 99 45 Nin
2757 2176 103 43 pour
2890 2159 24 45 la

475 2248 191 45 Havane
691 2264 55 28 va
771 2247 146 59 priver
944 2245 218 58 l'Europe
1189 2242 218 46 musicale
1433 2242 110 44 d'un
1570 2241 77 44 des
1672 2240 157 59 esprits
1854 2239 79 59 qui
1961 2235 307 47 l'honoraient
2296 2234 40 45 le
2363 2233 100 59 plus
2500 2242 45 34 et
2582 2230 43 45 la
2660 2230 212 45 servaient
2890 2228 22 45 le

474 2317 171 57 mieux,
673 2327 46 33 et
743 2316 78 60 qui
849 2315 251 44 donnaient
1125 2313 25 45 à
1176 2312 41 45 la
1242 2312 84 45 fois
1350 2328 90 28 aux
1467 2309 369 60 musicographes
1875 2319 46 32 et
1963 2323 90 27 aux
2093 2306 221 43 virtuoses
2338 2319 64 28 un
2429 2300 210 60 exemple
2677 2296 193 47 vivifiant
2888 2310 26 31 et

473 2395 339 50 encourageant
838 2384 54 44 de
918 2382 190 61 dignité,
1136 2382 54 45 de
1214 2379 213 48 sincérité
1453 2391 46 33 et
1525 2378 403 45 d'enthousiasme.

613 2453 142 45 Nulle
782 2463 98 49 part
906 2451 75 45 des
1006 2451 156 59 esprits
1187 2449 83 45 tels
1295 2466 89 44 que
1410 2448 41 45 le
1477 2448 96 45 sien
1600 2463 58 28 ne
1685 2457 199 48 peuvent
1912 2445 94 44 être
2034 2442 184 46 inutiles
2243 2458 60 28 ou
2324 2440 120 45 oisifs
2464 2449 45 35 et
2529 2438 190 60 puisque
2740 2435 174 62 Joachim

475 2523 99 45 Nin
600 2534 215 33 retourne
852 2520 25 45 à
915 2520 135 46 Cuba
1084 2519 26 45 à
1147 2519 41 45 la
1225 2518 83 44 fois
1333 2534 184 28 comme
1548 2515 227 45 directeur
1801 2513 140 46 d'une
1968 2512 143 45 Ecole
2138 2512 54 44 de
2220 2510 224 59 Musique
2470 2519 46 34 et
2542 2506 140 45 d'une
2708 2503 156 47 société
2884 2504 32 43 de

475 2603 224 46 concerts,
727 2606 114 28 nous
865 2605 201 29 sommes
1090 2587 171 46 assurés
1285 2603 89 43 que
1399 2602 82 28 son
1507 2583 184 47 activité
1736 2595 44 33 et
1822 2600 46 28 sa
1912 2582 271 45 conscience
2210 2588 271 37 trouveront
2507 2594 64 27 un
2599 2576 120 59 large
2746 2574 168 54 aliment,

475 2673 46 32 et
545 2676 90 44 que
659 2675 82 28 son
766 2675 157 28 œuvre
948 2674 96 29 sera
1069 2656 156 59 là-bas,
1253 2672 182 28 comme
1479 2653 85 45 elle
1604 2653 40 45 le
1684 2654 71 44 fut
1800 2653 74 58 ici,
1918 2651 262 45 fructueuse
2218 2665 115 43 pour
2371 2659 103 33 tous
2511 2662 118 29 ceux
2666 2644 78 61 qui
2781 2643 135 45 aiment

477 2726 355 63 profondément
858 2726 41 45 la
926 2727 209 58 musique

616 2796 138 46 Cette
797 2794 163 61 pensée
1004 2793 238 46 n'atténue
1286 2809 88 44 que
1418 2808 88 43 peu
1548 2790 274 46 néanmoins
1865 2799 131 35 notre
2042 2798 148 50 regret
2234 2787 56 44 de
2333 2786 96 44 voir
2478 2783 243 61 s'éloigner
2768 2797 61 28 un
2871 2778 47 44 des

479 2865 230 61 étrangers
733 2865 95 59 qui,
856 2864 110 45 dans
990 2862 43 46 le
1059 2862 159 45 milieu
1255 2860 206 59 musical,
1500 2872 83 33 ont
1620 2860 40 44 le
1699 2859 100 60 plus
1830 2858 256 63 justement
2122 2855 171 61 prouvé
2321 2855 96 44 leur
2443 2851 217 47 affection
2688 2867 111 44 pour
2824 2860 94 32 notre

478 2932 247 48 sensibilité
751 2944 46 34 et
823 2933 61 45 les
902 2949 251 29 ressources
1178 2931 54 44 de
1261 2941 130 34 notre
1418 2928 147 62 génie.
1594 2928 136 45 Tous
1756 2944 116 29 ceux
1912 2927 79 61 qui
2032 2926 41 44 le
2114 2926 293 44 connaissent
2435 2933 157 35 savent
2630 2921 25 45 à
2691 2918 105 63 quel
2822 2917 96 59 degre

481 3003 30 45 il
560 3015 65 33 est
673 3002 193 57 français
913 3001 56 44 de
1018 3000 179 45 culture
1246 3011 47 33 et
1340 2997 184 61 d'esprit
1547 3014 10 29 :
1604 3009 45 33 et
1689 2996 265 46 l'influence
1997 2994 218 45 musicale
2259 2994 220 56 française
2528 3006 164 45 pourra
2739 2987 179 46 s'exercer

480 3069 377 63 équitablement,
901 3069 218 45 conduite
1165 3084 76 44 par
1284 3084 64 28 un
1390 3066 247 60 interprète
1681 3067 78 60 qui
1801 3083 57 27 ne
1902 3064 105 46 s'est
2047 3080 76 43 pas
2164 3062 259 46 seulement
2448 3059 153 47 soucié
2628 3057 217 46 d'étudier
2868 3067 50 31 nos

480 3156 195 41 œuvres,
703 3140 112 43 mais
839 3138 78 61 qui
943 3156 25 27 a
992 3155 52 28 su
1070 3137 209 60 pénétrer
1305 3135 172 61 l'esprit
1503 3136 75 44 des
1604 3135 198 60 époques
1827 3134 269 45 successives
2121 3133 79 59 qui
2228 3131 62 46 les
2314 3131 151 46 virent
2492 3129 160 46 naître.

621 3208 208 45 Pendant
855 3207 62 45 les
941 3207 66 45 six
1033 3206 168 45 années
1226 3204 114 62 qu'il
1365 3222 25 27 a
1415 3204 172 60 passées
1612 3222 58 26 en
1702 3204 177 44 France
1917 3203 30 44 il
1985 3201 77 45 n'a
2098 3201 120 45 cessé
2253 3217 77 43 par
2364 3211 103 33 tous
2493 3200 61 44 les
2580 3213 192 47 moyens
2796 3211 52 28 en
2869 3205 49 31 son

484 3277 189 60 pouvoir
712 3277 55 44 de
809 3277 163 44 rendre
1008 3276 248 60 hommage
1299 3274 25 45 à
1366 3273 42 44 la
1449 3272 217 46 véritable
1692 3272 217 45 tradition
1936 3271 240 57 française:
2223 3281 45 33 et
2311 3269 150 45 tandis
2503 3266 114 62 qu'il
2661 3265 232 59 enseignait
2909 3274 9 26 a

485 3347 234 57 beaucoup
746 3345 54 44 de
828 3361 80 29 nos
933 3345 324 58 compatriotes
1283 3342 62 45 les
1369 3354 153 33 vertus
1548 3342 54 45 de
1629 3356 132 31 notre
1788 3340 137 61 passé,
1955 3340 27 45 il
2009 3339 237 60 répandait
2272 3338 110 46 dans
2408 3338 62 44 les
2495 3353 109 46 pays
2630 3331 238 64 espagnols,
2896 3337 22 34 et

485 3414 100 60 plus
604 3414 285 44 récemment
910 3430 56 28 en
988 3412 280 60 Allemagne
1293 3411 42 46 la
1360 3410 214 46 curiosité
1599 3424 45 31 et
1669 3409 351 46 l'attachement
2041 3425 113 44 pour
2180 3408 43 45 la
2248 3408 212 59 musique
2481 3404 219 58 française
2727 3401 191 46 moderne.

623 3482 126 46 Mais
787 3500 58 26 au
889 3481 99 45 delà
1014 3481 61 45 du
1115 3482 129 58 point
1272 3480 54 45 de
1351 3497 86 27 vue
1474 3480 194 57 français
1705 3479 30 45 il
1771 3497 30 45 y
1838 3496 26 28 a
1901 3479 42 44 la
1980 3478 224 60 Musique
2244 3476 282 45 elle-même.
2566 3473 99 46 Nul
2704 3490 57 27 ne
2798 3471 37 44 la
2865 3474 53 37 sert

485 3568 109 29 avec
620 3550 99 60 plus
745 3550 208 45 d'amour
979 3561 46 33 et
1051 3550 54 44 de
1133 3549 224 45 noblesse:
1385 3559 46 34 et
1457 3547 63 46 les
1545 3565 135 45 pages
1705 3548 54 45 de
1787 3547 41 45 la
1853 3548 141 59 petite
2022 3547 224 45 brochure
2274 3548 29 22 u
2324 3544 121 45 Pour
2674 3538 180 65 aujourd
2872 3536 46 42 hui

487 3618 193 59 célèbre,
707 3636 57 28 en
790 3630 104 34 sont
919 3636 65 28 un
1011 3618 184 46 durable
1223 3618 306 59 témoignage.
