3477 4381
1650 155 66 50 77

144 304 109 47 titur
282 300 92 50 und
402 300 127 50 Buch
558 299 80 49 mit
664 296 324 68 einliegendem
1014 296 147 50 Briefe
1190 296 79 49 mit
1297 303 141 42 erster
1467 295 155 50 fahren-

144 380 80 47 der
250 380 107 46 Post
385 394 56 33 an
469 378 85 47 den
586 376 166 49 Grafen
781 375 143 48 Brühl
954 372 297 50 abzusenden.

254 455 80 47 Bei
374 454 101 47 dem
515 452 251 49 herrlichen
797 451 406 64 Frühlingswetter
1244 450 163 63 fangen
1435 447 84 49 wir
1557 464 92 30 nun

145 548 72 39 an,
245 530 312 48 Excursionen
598 529 44 45 in
673 527 91 47 und
798 544 75 29 um
903 526 188 48 London
1129 543 54 30 zu
1226 526 204 55 machen,
1472 540 76 31 um
1579 522 70 49 die

141 604 463 64 Merkwürdigkeiten
620 621 51 30 zu
689 604 151 47 sehen.
869 604 60 45 So
953 619 151 32 waren
1122 602 81 49 wir
1225 619 72 30 am
1320 602 160 56 letzten
1503 601 117 46 Sonn-

144 691 101 55 tage
273 682 45 46 in
346 679 270 57 Richmond,
652 679 63 49 13
747 679 226 63 englische
1000 679 164 48 Meilen
1192 695 83 31 von
1306 677 113 56 hier,
1453 677 43 47 in
1526 676 124 47 einer

143 756 226 50 wahrhaft
397 755 358 64 paradiesischen
785 755 202 64 Gegend.
1029 756 75 47 Ich
1134 755 121 48 kann
1283 770 46 30 es
1357 753 139 47 Ihnen
1527 751 123 48 nicht

143 831 311 56 beschreiben,
485 831 83 47 wie
597 831 118 48 wohl
747 847 44 31 es
823 847 80 31 uns
930 831 112 56 that,
1066 831 77 48 das
1172 836 116 42 erste
1312 830 126 47 Grün
1462 827 93 48 und
1578 827 71 47 die

139 916 150 39 ersten
327 907 340 48 Baumblüthen
706 925 54 30 zu
799 908 137 47 sehen
978 907 93 47 und
1112 906 162 49 einmal
1315 905 169 49 wieder
1524 903 125 50 reine

140 983 108 49 Luft
285 982 118 48 ohne
432 982 88 48 den
549 983 361 65 unerträglichen
940 981 456 65 Steinkohlendampf
1418 980 203 49 einzuath-

140 1077 117 31 men.
299 1061 87 47 Um
422 1076 48 32 so
506 1061 230 47 schwerer
764 1061 72 46 fiel
865 1075 46 32 es
940 1075 81 30 uns
1052 1058 110 49 aber
1190 1058 82 47 auf
1293 1058 71 47 die
1392 1060 151 54 Brust,
1584 1057 63 48 als

141 1136 83 47 wir
253 1152 80 31 uns
361 1134 102 49 dem
493 1152 184 47 grossen
706 1133 295 48 Steinhaufen
1030 1132 170 48 wieder
1235 1133 232 48 näherten.
1585 1133 62 46 Es

140 1212 112 48 wird
276 1213 108 64 jetzt
412 1212 162 63 täglich
604 1211 223 48 lebhafter
854 1211 44 47 in
927 1209 80 49 der
1035 1209 145 58 Stadt,
1223 1208 92 48 und
1343 1208 71 48 die
1446 1208 203 50 Winter-

139 1289 160 49 Saison
327 1287 114 48 wird
468 1305 92 30 nun
591 1287 77 47 mit
690 1287 80 47 der
793 1286 305 48 Baumblüthe
1120 1286 176 47 endlich
1320 1286 127 47 ihren
1468 1284 182 64 Anfang

140 1364 208 47 nehmen.
391 1364 134 47 Kann
553 1380 44 31 es
628 1363 118 48 wohl
775 1366 207 61 grössere
1009 1362 324 48 Verkehrtheit
1367 1362 62 47 als
1457 1361 43 46 in
1528 1362 92 47 Lon-

146 1441 88 47 don
264 1438 177 65 geben?

253 1517 67 45 Im
348 1515 214 47 nächsten
588 1513 149 48 Briefe
766 1513 152 49 werde
946 1513 70 48 ich
1045 1513 141 48 Ihnen
1218 1513 310 56 beschreiben,
1565 1513 85 48 wie

143 1608 104 32 man
289 1592 96 47 hier
426 1593 42 46 in
511 1592 85 48 den
630 1592 187 47 meisten
845 1592 347 47 Privathäusern
1221 1590 148 49 Musik
1396 1589 150 48 treibt.
1589 1590 61 46 Es

140 1668 53 47 ist
221 1667 142 48 dieses
393 1668 115 48 auch
537 1684 114 47 ganz
680 1667 213 63 englisch,
931 1665 114 50 doch
1077 1667 189 48 machen
1296 1665 144 65 einige
1468 1667 181 47 Häuser

141 1744 250 48 rühmliche
421 1745 307 47 Ausnahmen.
770 1744 60 47 So
860 1743 118 48 habe
1005 1743 72 47 ich
1106 1750 180 58 gestern
1313 1740 187 50 Abends
1531 1742 119 46 beim

139 1822 181 63 Herzog
348 1837 85 30 von
461 1822 234 47 Hamilton
723 1820 203 64 gespielt,
957 1835 69 32 wo
1056 1819 80 48 der
1164 1820 182 62 Herzog
1374 1834 84 32 von
1484 1819 168 47 Sussex

139 1896 91 47 und
258 1898 99 47 eine
385 1898 104 45 sehr
517 1896 244 49 vornehme
790 1895 294 48 Gesellschaft
1119 1912 205 47 zugegen
1358 1912 175 38 waren;
1578 1894 71 48 ich

139 1973 119 47 kann
286 1973 112 48 aber
419 1973 121 47 nicht
560 1989 153 48 genug
734 1971 71 49 die
827 1973 125 47 Stille
973 1971 90 47 und
1086 1970 418 53 Aufmerksamkeit
1526 1971 93 47 wäh-

137 2049 113 49 rend
277 2049 81 48 der
385 2050 165 56 Musik,
578 2067 48 30 so
656 2050 83 47 wie
766 2048 79 49 das
873 2049 143 63 artige
1045 2050 228 62 Betragen
1301 2048 78 48 der
1402 2050 217 46 Anwesen-

139 2126 86 47 den
247 2143 148 47 gegen
417 2143 81 30 uns
518 2126 218 46 Künstler
757 2125 207 51 rühmen.
993 2125 87 46 Die
1101 2124 280 65 Engländer,
1404 2124 246 48 besonders

140 2201 71 49 die
236 2201 182 65 gereis't
444 2200 113 57 sind,
586 2201 180 47 können
794 2200 114 48 auch
939 2199 128 48 recht
1094 2199 353 63 liebenswürdig
1475 2199 108 47 sein.

250 2277 158 50 Leben
435 2279 73 48 Sie
537 2279 134 47 wohl.
713 2277 86 47 Die
828 2276 294 48 herzlichsten
1151 2277 169 49 Grüsse
1349 2291 56 33 an
1435 2275 71 48 die
1533 2275 93 48 Ihri-

139 2370 100 48 gen.
267 2354 227 48 Erfreuen
521 2354 74 48 Sie
625 2369 80 33 uns
734 2351 107 50 bald
870 2352 79 47 mit
977 2352 146 49 einem
1152 2351 163 48 Briefe.

257 2431 106 50 Wie
391 2432 177 56 immer,
597 2448 112 47 ganz
737 2429 81 48 der
846 2429 166 64 Ihrige.

1124 2503 170 49 Louis
1334 2505 200 64 Spohr.

483 2698 67 53 Zu
591 2696 235 54 Cramer’s
866 2695 438 56 Clavier-Studien.

252 2820 52 45 In
332 2816 81 48 der
432 2813 456 51 Niederrheinischen
910 2813 368 64 Musik-Zeitung
1306 2813 54 47 ist
1387 2812 164 48 einmal
1580 2811 71 48 die

140 2893 126 49 Rede
281 2893 143 47 davon
441 2907 226 49 gewesen,
696 2890 101 48 dass
826 2906 45 32 es
899 2890 166 48 schade
1092 2890 79 55 sei,
1195 2888 101 49 dass
1321 2890 189 47 Cramer
1531 2887 120 48 seine

141 2971 272 48 berühmten
450 2967 181 50 Etüden
672 2967 123 47 nicht
836 2967 77 47 mit
957 2966 315 48 erläuternden
1301 2965 352 63 Bemerkungen

140 3048 114 47 über
282 3047 127 47 ihren
432 3046 236 65 speciellen
689 3043 165 50 Zweck
884 3043 94 49 und
993 3043 193 65 Angabe
1211 3043 80 47 der
1311 3042 312 63 zweckmässig-

138 3132 96 41 sten
263 3126 85 46 Art
376 3122 92 48 und
501 3122 172 57 Weise,
706 3121 85 47 wie
831 3119 150 47 solche
1009 3137 52 29 zu
1090 3118 218 55 studiren,
1348 3136 75 29 um
1460 3117 77 48 des
1565 3118 58 47 Er-

139 3201 147 63 folges
314 3199 124 47 desto
468 3199 213 64 gewisser
706 3215 54 29 zu
788 3197 110 56 sein,
931 3196 215 48 versehen
1181 3196 136 56 habe,
1359 3194 84 49 wie
1470 3196 40 45 J.
1541 3196 75 45 Mo-

143 3293 52 32 se
210 3277 84 47 hei
306 3292 51 31 es
384 3277 173 46 solches
586 3274 70 49 bei
684 3274 168 47 seinem
877 3272 350 57 Etudenwerke,
1250 3272 89 65 Op.
1363 3271 86 57 70,
1472 3271 181 64 gethan.

141 3352 233 51 Nachdem
404 3353 70 46 ich
502 3352 108 47 viele
637 3351 142 48 Jahre
818 3349 222 49 hindurch
1070 3348 69 50 die
1169 3348 183 48 Etüden
1382 3348 272 48 Gramer's

143 3431 78 47 mit
257 3429 199 64 Sorgfalt
494 3427 158 66 geübt,
686 3428 65 64 ja,
793 3427 61 47 sie
897 3427 62 48 als
1000 3424 218 66 „tägliche

140 3507 263 47 sanetionirt
424 3506 139 55 hatte,
595 3504 103 49 kam
728 3504 85 47 mir
842 3503 115 48 nach
979 3503 153 65 jenem
1156 3502 170 48 Winke
1348 3500 198 65 sogleich
1575 3500 81 47 der

143 3584 234 56 Gedanke,
419 3582 70 48 die
532 3580 237 49 fehlenden
811 3580 353 65 Bemerkungen
1204 3578 92 48 und
1333 3578 322 63 Rathschläge,

143 3659 170 48 welche
334 3659 79 48 das
435 3658 209 48 Studium
667 3657 239 48 derselben
927 3657 268 48 erleichtern
1225 3655 196 56 können,
1449 3671 54 30 zu
1526 3654 130 65 jeder

141 3724 149 62 Etüde
311 3734 465 50 niederzuschreiben.
805 3735 74 47 Da
908 3752 93 30 nun
1023 3733 276 48 didaktische
1320 3732 193 48 Zwecke
1533 3730 123 49 nicht

139 3814 71 46 die
240 3814 158 46 letzten
426 3812 113 57 sind,
581 3812 172 48 welche
781 3812 104 47 Ihre
912 3809 255 50 Zeitschrift
1199 3809 61 48 im
1299 3809 134 64 Auge
1471 3808 93 57 hat,
1606 3824 48 31 so

140 3889 187 50 erlaube
353 3889 71 48 ich
454 3889 100 56 mir,
584 3889 100 47 eine
710 3888 151 48 Probe
889 3888 146 49 davon
1062 3887 317 49 mitzutheilen.

254 3968 75 47 Zu
370 3964 180 50 Etüde
591 3965 33 46 I.
670 3964 345 65 Ausgleichung
1051 3963 81 49 der
1167 3964 92 47 vier
1286 3969 147 42 ersten
1461 3961 192 65 Finger;

140 4044 277 64 geschicktes
468 4041 430 50 Zusammenziehen
955 4040 327 66 (Contraction)
1338 4039 78 49 der
1467 4038 184 66 Finger.

1721 296 183 49 Grösste
1922 296 131 49 Ruhe
2070 295 80 48 der
2166 294 151 49 Hand.
2347 294 225 58 Gleicher,
2596 310 180 50 grosser
2794 296 115 56 Ton,
2929 294 86 49 den
3029 295 200 67 Vortrag

1721 371 328 66 anbelangend.
2077 372 278 63 Langsames
2378 371 343 64 Durchspielen,
2750 379 91 40 erst
2862 371 80 47 mit
2963 379 262 57 getrennten

1722 447 207 59 Händen,
1959 449 115 47 dann
2105 447 180 49 vereint.
2317 447 155 49 Hohes
2498 447 249 49 Aufheben
2776 447 82 49 der
2886 447 169 65 Finger
3083 449 53 47 ist
3163 451 62 45 als

1720 524 79 48 das
1828 525 324 47 wesentlichste
2180 524 435 64 Förderungsmittel
2644 524 80 48 der
2759 524 263 48 wirklichen
3050 525 150 63 Fertig-

1720 600 90 47 keit
1838 600 91 48 und
1950 618 78 30 zur
2049 601 269 62 Erlangung
2340 600 119 47 eines
2482 615 201 48 grossen,
2704 600 197 48 schönen
2919 602 148 47 Tones
3089 601 110 48 nach-

1719 676 273 48 drücklichst
2017 694 53 30 zu
2100 676 266 63 empfehlen.
2395 677 107 46 Fast
2529 676 311 65 durchgängig
2864 677 117 49 kann
3004 677 80 49 das
3107 685 118 41 erste

1719 752 313 47 Sechszehntel
2055 751 132 66 jeder
2213 751 482 63 Sechszehntel-Figur
2723 752 62 47 als
2807 752 169 48 Viertel
3005 753 189 65 angehal-

1719 836 75 41 ten
1824 828 197 51 werden.

1833 934 75 46 Zu
1945 931 177 49 Etüde
2164 933 55 47 11.
2533 929 272 64 (E-moll).
2806 931 88 64 Kräftigung
2895 931 73 50 des
2969 933 140 48 vierten
3137 934 90 47 und

1720 1009 176 48 fünften
1924 1009 212 64 Fingers,
2168 1006 244 50 besonders
2441 1006 76 48 des
2545 1007 181 49 vierten.
2771 1009 218 47 Grössere
3015 1009 183 63 Ausglei-

1719 1085 151 65 chung
1898 1085 77 48 des
2002 1085 204 56 zweiten,
2235 1082 164 50 dritten
2430 1082 90 47 und
2548 1084 166 47 vierten
2743 1084 202 64 Fingers.
2975 1085 252 63 Strengstes

1719 1162 188 64 Legato.
1937 1161 197 65 Uebung
2161 1161 45 47 in
2234 1159 80 49 der
2341 1160 339 63 Ausspannung
2710 1157 280 66 (Extension)
3020 1160 80 48 der
3121 1162 79 46 Fin-

1721 1254 80 47 ger
1829 1237 80 49 der
1937 1237 184 49 rechten
2150 1236 152 50 Hand.
2356 1236 88 47 Die
2479 1235 92 48 vier
2613 1242 147 42 ersten
2790 1236 138 47 Tacte
2968 1236 113 48 lasse
3124 1253 103 31 man

1722 1314 190 48 unisono
1941 1314 80 48 mit
2048 1314 160 48 beiden
2237 1312 193 50 Händen
2469 1311 135 50 üben.
2653 1314 51 45 In
2735 1312 110 47 Tact
2876 1312 29 49 9
2937 1311 67 48 bis
3038 1312 66 49 14
3132 1312 99 49 incl.

1724 1390 120 48 halte
1874 1406 105 31 man
2006 1390 44 47 in
2079 1388 80 49 der
2187 1388 183 47 rechten
2398 1388 135 49 Hand
2563 1388 79 49 das
2671 1396 117 39 erste
2811 1388 160 49 Achtel
3004 1387 86 50 den
3119 1405 83 48 gan-

1721 1482 80 31 zen
1824 1467 112 47 Tact
1964 1465 222 48 hindurch
2215 1481 70 31 an.
2315 1466 159 62 Später
2503 1465 102 48 lässt
2632 1465 91 47 sich
2755 1465 84 48 fast
2864 1465 165 48 immer
3057 1465 80 48 das
3174 1465 57 57 1.,

1724 1542 66 57 4.,
1820 1541 46 49 7.
1896 1542 93 48 und
2023 1542 80 48 10.
2135 1541 160 48 Achtel
2333 1541 64 47 als
2425 1541 169 47 Viertel
2628 1541 225 48 anhalten.
2895 1542 62 47 Es
2999 1541 54 48 ist
3090 1540 142 49 dieses

1722 1618 70 47 ein
1815 1618 315 65 zuverlässiges
2153 1617 160 56 Mittel,
2343 1616 86 47 den
2454 1616 154 47 besten
2630 1617 228 64 Anschlag
2886 1617 241 48 vermittels
3156 1617 76 48 des

1721 1695 384 64 Fingergelenkes
2128 1693 132 50 allein
2284 1692 90 48 und
2398 1692 70 48 die
2491 1696 172 61 grösste
2686 1693 132 47 Ruhe
2839 1692 80 50 der
2940 1693 136 49 Hand
3098 1693 137 49 selbst

1721 1788 53 31 zu
1802 1773 204 47 erzielen.
2055 1772 84 47 Die
2167 1769 275 64 Kräftigung
2472 1768 81 48 der
2580 1769 169 64 Finger
2788 1768 118 50 kann
2945 1769 160 49 zudem
3144 1787 86 31 nur

1722 1848 82 47 auf
1820 1849 168 47 diesem
2009 1848 155 64 Wege
2187 1847 179 63 erlangt
2387 1844 198 50 werden.
2614 1846 132 47 Auch
2770 1844 113 49 wird
2910 1861 48 32 so
2987 1844 79 50 das
3089 1847 114 63 Span-

1721 1927 434 63 nungs-Vermögen
2178 1923 80 48 der
2279 1922 137 48 Hand
2445 1921 93 48 und
2566 1922 80 48 der
2666 1922 170 65 Finger
2863 1921 178 49 erhöht.
3067 1923 52 46 In
3149 1921 86 48 den

1722 2003 169 47 Tacten
1926 2002 24 46 7
1984 2001 94 48 und
2108 2001 30 48 8
2181 1998 117 66 (vom
2327 1998 128 48 Ende
2484 1997 191 66 gezählt)
2718 1998 119 48 kann
2876 1997 78 49 das
2997 1998 60 58 1.,
3086 1998 66 57 4.,
3185 1998 46 47 7.

1724 2077 91 49 und
1851 2078 80 48 10.
1957 2077 163 48 Achtel
2157 2076 81 48 mit
2266 2074 103 49 dem
2397 2076 169 47 vierten
2595 2074 168 64 Finger
2790 2089 290 50 genommen,
3117 2074 117 47 auch

1721 2401 282 48 besonderen
2031 2399 274 65 Kräftigung
2333 2397 249 49 desselben.

1835 2505 77 45 Zu
1951 2502 183 48 Etüde
2181 2504 77 46 111.
2305 2501 13 65 (
2324 2501 165 49 D-dur
2491 2501 29 66 ).
2576 2501 336 51 Wesentlicher
2953 2501 283 66 praktischer

1722 2581 197 47 Nutzen:
1947 2580 250 64 Spannung
2220 2578 80 49 der
2321 2578 168 64 Finger
2510 2577 81 48 der
2614 2577 185 48 rechten
2822 2577 154 57 Hand,
3001 2577 208 50 insbeson-

1724 2655 106 49 dere
1860 2656 76 48 des
1962 2656 188 47 zweiten
2173 2655 93 48 und
2288 2655 167 47 vierten
2479 2655 205 64 Fingers.
2713 2655 86 47 Die
2827 2653 151 49 Etüde
3006 2653 56 50 ist
3090 2655 145 48 einem

1722 2735 168 47 Duette
1917 2750 51 30 zu
1998 2733 281 64 vergleichen
2323 2732 75 47 für
2426 2732 151 48 Tenor
2616 2731 91 48 und
2735 2732 127 57 Bass,
2902 2731 215 65 begleitet
3151 2749 83 31 von

1722 2811 124 47 einer
1872 2810 159 64 Figur,
2074 2810 170 48 welche
2274 2825 105 32 man
2413 2808 92 47 sich
2547 2808 63 49 als
2646 2824 82 31 von
2769 2808 124 47 einer
2923 2808 175 49 Violine
3126 2808 110 49 oder

1725 2887 212 48 Guitarre
1973 2886 188 65 gespielt
2194 2885 179 48 denken
2407 2901 118 48 mag.
2576 2885 171 64 (Vergl.
2778 2883 79 50 das
2886 2885 255 48 Ständchen
3171 2887 58 44 im

1724 3001 104 47 Don
1854 3000 152 64 Juan.)
2036 3001 94 46 Das
2159 3008 116 39 erste
2374 2999 81 48 der
2482 2999 355 63 Discant-Figur
2879 3015 120 31 muss
3036 2999 78 48 mit
3155 2999 80 47 der

1724 3113 346 56 Bass-Melodie,
2100 3112 71 48 die
2200 3112 259 48 ausserdem
2488 3112 115 48 noch
2627 3112 141 47 durch
2792 3112 129 48 einen
2943 3119 107 41 stets
3072 3128 136 49 ausge-

1725 3192 211 48 haltenen
1965 3193 98 46 Ton
2095 3193 262 45 unterstützt
2397 3188 92 48 und
2517 3188 210 65 gehoben
2757 3188 131 56 wird,
2930 3189 64 49 als
3023 3188 115 50 eben
3168 3189 70 49 die

1724 3269 109 47 zwei
1862 3268 320 65 Singstimmen
2211 3264 378 66 repräsentirend,
2630 3266 72 46 ein
2745 3267 150 63 wenig
2930 3264 280 68 hervorgeho-

1727 3346 87 47 ben
1844 3343 207 56 werden;
2095 3343 71 47 die
2194 3342 199 48 anderen
2421 3342 151 48 Noten
2601 3340 82 49 der
2710 3340 144 65 Figur
2896 3344 179 46 müssen
3118 3342 120 48 diese

1725 3420 404 63 Melodieführung
2144 3418 211 48 tändelnd
2373 3418 264 65 umspielen,
2653 3417 164 64 jedoch
2843 3434 120 31 muss
2985 3418 119 48 diese
3122 3419 85 47 Gar-

1725 3500 122 46 nitur
1876 3498 132 48 leicht
2037 3497 91 47 und
2148 3497 174 64 graziös
2346 3495 273 65 ausgeführt
2642 3494 198 48 werden.
2868 3497 160 47 Zuerst
3053 3495 55 47 ist
3135 3498 75 44 äus-

1725 3582 113 42 serst
1875 3575 254 63 langsames
2168 3572 156 49 Ueben
2366 3572 82 48 mit
2487 3570 386 66 gleichmässigem
2916 3572 158 47 vollem
3111 3572 127 47 Tone

1725 3650 307 65 nothwendig.
2074 3652 95 45 Das
2199 3649 271 65 geschickte,
2498 3649 80 48 das
2606 3648 174 48 Binden
2808 3648 121 48 nicht
2957 3648 256 48 beeinträch-

1725 3728 182 66 tigende
1933 3728 294 48 Untersetzen
2255 3727 54 47 ist
2336 3725 117 49 auch
2482 3725 119 49 wohl
2630 3742 54 30 zu
2713 3724 231 48 beachten.
2972 3724 86 48 Die
3088 3724 152 48 linke

1726 3807 159 48 Hand
1921 3805 54 47 ist
2004 3805 77 46 für
2108 3804 92 47 sich
2232 3804 132 48 allein
2393 3818 272 49 genommen
2693 3801 137 49 schon
2858 3801 99 49 eine
2986 3800 253 50 lehrreiche

1726 3883 210 63 Uebung.
1965 3883 113 47 Tact
2112 3879 64 51 13
2208 3880 94 48 und
2336 3880 66 48 14
2439 3880 44 47 in
2512 3878 233 49 derselben
2787 3876 237 50 erfordern
3062 3878 71 49 ein
3161 3895 52 47 ge-

1725 3959 218 49 schicktes
1970 3956 290 66 Ueberlegen
2299 3956 76 49 des
2416 3956 185 47 zweiten
2632 3955 189 65 Fingers
2849 3955 115 50 über
2994 3954 87 49 den
3109 3956 126 50 Dau'

1727 4054 120 40 men,
1876 4036 80 49 der
1983 4043 155 57 streng
2166 4035 122 48 seine
2315 4035 119 50 Note
2462 4031 198 50 aushält:
