3487 4348
1702 146 66 51 37

291 282 100 52 Viel
441 282 298 66 gewichtiger
788 280 111 50 aber
948 283 97 48 sind
1101 283 73 48 die
1228 284 234 62 positiven,
1517 286 186 49 inneren

179 360 192 51 Gründe
419 360 157 56 dafür,
623 359 101 48 dass
769 358 72 48 die
888 359 312 65 Bearbeitung
1249 359 80 50 der
1369 360 110 49 Arie
1526 363 179 48 Hiller's

178 438 149 51 Werk
357 438 67 47 ist.

294 532 110 48 Wie
433 531 177 48 Mozart
650 529 70 49 bei
750 531 149 47 seiner
929 528 523 66 Messias-Bearbeitung
1480 531 91 48 sich
1603 550 98 31 zum

176 609 238 65 Originale
443 607 233 48 verhalten
708 607 94 54 hat,
832 607 164 48 bedarf
1021 607 155 48 keiner
1205 607 216 48 weiteren
1451 608 224 50 Auseinan-

178 687 293 63 dersetzung;
502 701 46 32 es
578 686 55 45 ist
661 684 59 47 im
755 684 312 63 Allgemeinen
1091 684 201 47 bekannt
1316 684 89 47 und
1430 686 273 67 neuerdings

176 764 118 49 auch
327 780 83 31 von
440 762 119 48 Jahn
592 760 208 63 (Mozart,
830 760 95 55 IV.,
955 760 110 53 459
1096 777 45 30 u.
1170 760 63 64 ff.)
1273 764 194 45 erörtert
1505 763 200 48 worden.

177 842 77 48 Ich
286 841 118 48 hebe
436 839 99 47 hier
564 854 88 32 nur
692 837 80 49 das
809 854 205 49 genauer
1054 838 179 56 hervor,
1274 854 94 32 was
1411 839 76 47 für
1529 842 177 47 meinen

179 918 165 50 Zweck
376 932 87 33 von
493 915 274 64 Bedeutung
797 915 71 56 ist,
898 915 92 49 und
1020 914 203 50 dadurch
1249 914 113 48 wird
1392 915 90 47 sich
1514 917 169 49 hoffent-

181 995 87 49 lich
305 994 240 56 erweisen,
587 993 123 48 dass
737 993 234 55 Mozart,
1014 1008 152 32 wenn
1205 993 83 47 die
1325 993 382 67 Bearbeitung

179 1072 104 49 der
314 1072 133 49 Arie
477 1087 102 32 von
610 1070 107 47 ihm
746 1075 291 49 stammte,
1073 1068 113 48 sich
1217 1069 178 47 selbst
1424 1070 103 49 und
1559 1073 148 47 allen

178 1150 197 49 seinen
432 1145 399 51 Grundsätzen
894 1145 176 65 völlig
1136 1154 207 41 untreu
1400 1148 306 65 geworden

172 1229 167 46 wäre.

290 1328 90 50 Die
413 1326 418 64 Instrumentirung
859 1324 218 50 Händel's
1113 1326 79 49 hat
1230 1342 49 33 er
1307 1327 213 49 zunächst
1547 1346 88 32 nur
1663 1328 44 50 in

173 1422 50 33 so
254 1406 98 49 fern
383 1403 326 59 verändert,
743 1403 65 48 als
845 1402 94 49 dies
974 1418 82 33 aus
1085 1402 81 51 der
1193 1404 294 66 Ergänzung,
1515 1406 164 48 Ausfül-

173 1484 112 64 lung
309 1482 93 49 und
424 1481 317 63 Verstärkung
765 1479 239 51 derselben
1026 1496 86 33 von
1133 1481 140 48 selbst
1301 1481 136 66 folgt;
1466 1483 99 48 eine
1586 1484 90 47 Aus-

174 1559 169 51 nahme
374 1559 194 50 machen
604 1576 88 32 nur
720 1557 73 49 die
827 1557 83 48 der
935 1558 207 48 verloren
1172 1575 300 49 gegangenen
1503 1561 202 48 Technik

174 1655 164 48 wegen
391 1637 166 49 anders
610 1643 227 59 gesetzten
891 1636 295 64 Trompeten.
1255 1638 94 47 Das
1404 1637 302 49 Händel'sche

173 1716 442 57 Streich-Quartett,
657 1712 80 49 das
771 1713 51 65 ja
861 1712 88 49 den
992 1712 73 49 bei
1094 1713 205 50 Weitem
1339 1719 204 60 grössten
1574 1714 129 49 Theil

172 1793 78 48 des
281 1793 295 50 Oratoriums
605 1808 113 47 ganz
755 1790 133 49 allein
924 1790 232 65 begleitet,
1198 1790 82 50 hat
1308 1807 49 33 er
1387 1793 85 48 fast
1499 1808 175 50 unange-

170 1877 135 44 tastet
327 1869 252 68 gelassen*)
611 1868 93 49 und
731 1886 88 33 nur
847 1886 57 31 an
927 1869 188 57 Stellen,
1143 1886 74 31 wo
1247 1869 82 48 auf
1354 1868 71 51 die
1449 1870 144 65 Orgel
1623 1888 52 47 ge-

169 1949 192 48 rechnet
380 1950 71 56 ist,
479 1945 362 52 Mittelstimmen
863 1947 113 48 oder
1000 1947 526 67 Begleitungs-Figuren
1550 1948 130 48 hinzu-

170 2027 183 66 gefügt,
381 2025 131 50 theils
536 2027 78 45 für
637 2024 78 50 das
741 2024 232 59 Quartett,
1001 2024 132 48 theils
1162 2024 117 50 auch
1305 2025 74 47 für
1401 2027 277 47 Blas-Instru-

172 2112 166 42 mente.
384 2104 204 48 Niemals
617 2102 112 49 aber
758 2102 79 49 hat
866 2119 50 31 er
944 2102 70 49 ein
1044 2103 409 48 Blas-Inslrument
1481 2104 196 47 concerli-

172 2180 114 50 rend
309 2180 315 49 hervortreten
648 2179 163 56 lassen,
838 2180 87 47 wie
953 2178 81 49 das
1062 2179 43 47 in
1136 2179 147 48 dieser
1303 2180 111 47 Arie
1443 2180 255 64 geschehen

170 2259 79 55 ist;
297 2258 191 48 niemals
529 2257 115 48 auch
689 2255 80 49 hat
811 2273 67 39 er,
918 2255 88 49 wie
1044 2255 120 57 hier,
1207 2257 303 48 Händel'sche
1539 2258 167 48 Motive

170 2335 225 49 zwischen
426 2334 231 50 Streicher
686 2331 94 50 und
808 2333 156 49 Bläser
993 2334 220 48 vertheilt.
1272 2335 96 47 Das
1404 2334 171 66 einzige
1602 2334 78 48 Bei-

170 2413 111 66 spiel
327 2413 147 48 dieser
504 2414 87 47 Art
630 2410 122 48 habe
793 2410 71 48 ich
906 2411 44 49 in
993 2411 84 49 der
1104 2411 110 49 Arie
1258 2411 252 65 gefunden:
1566 2411 140 56 „Wie

172 2490 181 50 lieblich
383 2490 55 48 ist
466 2488 82 50 der
577 2490 146 48 Boten
1009 2489 100 66 (Nr.
1133 2488 106 66 32).
1269 2489 119 49 Was
1412 2489 98 48 hier
1532 2490 176 47 Mozart

174 2569 73 48 bei
292 2566 82 51 der
402 2569 275 65 Begleitung
717 2566 81 49 der
836 2566 295 65 Singstimme
1169 2565 81 50 der
1292 2568 132 48 Flöte
1465 2566 243 66 zugetheilt

174 2645 95 57 hat,
297 2644 120 49 steht
440 2644 72 51 bei
537 2644 181 49 Händel
747 2644 44 49 in
816 2643 86 50 den
927 2644 192 66 Geigen,
1148 2643 113 50 aber
1283 2644 119 48 ohne
1425 2644 282 66 Aenderung

172 2724 124 48 einer
327 2723 138 58 Note,
507 2739 50 32 so
600 2721 103 50 dass
732 2720 71 51 die
832 2721 357 66 Uebertragung
1230 2721 80 50 mit
1338 2720 80 50 der
1446 2723 43 48 in
1519 2739 189 32 unserer

172 2801 110 49 Arie
310 2817 423 49 vorgenommenen
764 2798 402 67 Ueberarbeitung
1197 2799 396 65 augenscheinlich
1623 2817 84 48 gar

174 2879 125 48 nicht
320 2897 54 29 zu
398 2878 287 66 vergleichen
708 2878 68 49 ist.
805 2876 88 50 Die
921 2879 260 63 englischen
1203 2876 330 65 Herausgeber
1556 2876 150 50 haben

170 2956 96 50 dies
295 2956 223 50 bemerkt.
574 2958 85 47 Die
690 2958 108 47 Arie
841 2956 140 49 selbst
1023 2956 141 50 bietet
1198 2956 46 49 in
1274 2956 118 47 Text
1433 2955 90 48 und
1553 2955 149 48 Musik

172 3035 124 48 nicht
324 3034 71 49 die
426 3035 231 65 geringste
689 3034 341 65 Veranlassung
1065 3052 53 31 zu
1160 3033 80 49 der
1270 3033 320 64 Behandlung,
1635 3033 71 48 die

170 3113 64 48 sie
264 3111 214 50 erfahren
518 3113 103 57 hat;
659 3111 60 49 im
755 3111 271 65 Gegentheil
1067 3111 119 49 steht
1213 3110 81 48 der
1331 3110 175 48 einfach
1537 3110 169 65 innige,

170 3190 310 50 demuthvolle
510 3190 215 66 Hingabe
758 3190 365 66 aussprechende
1147 3190 183 64 Gesang
1354 3189 80 48 mit
1456 3187 101 49 dem
1585 3189 89 48 Con-

170 3267 322 67 cert-Aufputz
523 3267 79 49 des
629 3270 192 64 Fagotls
849 3269 44 47 in
924 3267 365 50 entschiedenem
1322 3265 384 66 Widerspruche,

172 3344 92 49 und
292 3345 178 49 Mozart
512 3346 79 48 hat
631 3345 216 65 nirgends
883 3345 61 48 im
976 3345 186 49 Messias
1192 3345 128 48 einen
1360 3342 345 50 musicalischen

169 3421 149 50 Effect
363 3422 83 50 auf
478 3424 171 48 Rosten
692 3422 82 50 der
817 3422 260 66 poetischen
1109 3420 251 52 Wahrheit
1390 3419 313 67 geschrieben.

170 3501 162 48 Wenn
362 3518 106 33 man
496 3501 132 57 sieht,
658 3502 85 47 wie
774 3509 81 57 gut
883 3518 49 31 er
960 3502 45 47 in
1034 3500 203 51 anderen
1265 3500 200 48 Stücken
1486 3499 219 49 Händel's

169 3577 194 50 Absicht
391 3579 270 48 verstanden
691 3579 94 56 hat,
814 3579 117 48 auch
962 3579 76 58 da,
1076 3595 71 32 wo
1179 3579 71 47 die
1278 3577 343 63 Veranlassung
1649 3594 53 30 zu

169 3656 308 48 vermehrtem
527 3660 215 46 äusseren
784 3656 184 50 Zierath
1018 3657 142 49 näher
1198 3656 74 65 lag
1315 3654 90 48 und
1456 3671 73 32 am
1573 3654 130 49 Ende

169 3732 132 49 einen
332 3732 212 51 besseren
576 3735 109 48 Sinn
728 3735 175 65 gehabt
939 3735 139 57 hätte,
1120 3734 87 48 wie
1236 3751 34 31 z.
1301 3734 48 48 B.
1379 3734 42 47 in
1453 3731 81 50 der
1564 3732 138 49 Arie:

182 3811 240 56 „Erwach'
450 3830 53 31 zu
535 3814 194 48 Liedern
760 3814 81 48 der
1151 3811 98 66 (Nr.
1282 3810 84 65 16)
1404 3810 111 49 oder
1543 3811 43 48 in
1617 3810 86 49 der

168 3887 141 50 schon
348 3891 290 48 erwähnten:
691 3892 141 56 „Wie
875 3891 179 50 lieblich
1094 3891 53 48 ist
1188 3890 80 49 der
1298 3890 142 48 Boten

234 4032 39 50 *)
303 4034 49 35 So
389 4034 178 36 manches
604 4037 191 46 Einzelne,
838 4050 78 24 was
960 4037 82 36 sich
1084 4036 82 37 hier
1201 4034 135 38 anders
1377 4032 199 47 vorfindet,
1616 4043 88 36 mag

297 4095 100 36 wohl
424 4107 69 25 aus
522 4096 174 37 Schreib-
724 4098 89 36 oder
839 4097 284 37 Druckfehlern
1152 4095 223 38 entstanden
1404 4094 91 38 sein.

1778 306 49 30 so
1858 289 110 47 wird
2012 306 46 32 es
2092 306 112 48 ganz
2244 291 310 66 unglaublich,
2595 293 99 50 dass
2731 310 49 33 er
2818 294 98 50 hier
2944 293 86 50 den
3060 296 106 47 Sinn
3206 294 76 49 des

1774 366 191 48 Stückes
1993 382 48 32 so
2070 383 83 49 arg
2181 369 126 47 sollte
2335 369 186 47 verfehlt
2553 369 160 49 haben.

2336 444 200 65 (Schluss
2567 447 138 64 folgt.)

2345 677 94 55 Aus
2470 677 248 55 Münster.

2645 812 100 35 Den
2782 810 62 39 21.
2877 812 187 36 Januar
3100 810 109 39 18G2.

1894 893 151 48 Schon
2087 892 72 49 die
2200 908 140 48 ganze
2376 895 153 64 vorige
2555 896 185 49 Woche
2769 913 154 33 waren
2958 898 72 48 die
3063 898 200 48 musicali-

1780 968 134 49 schen
1943 969 162 48 Kreise
2134 985 187 32 unserer
2348 971 131 47 Stadt
2514 973 41 47 in
2594 973 228 64 freudiger
2849 975 287 64 Aufregung.
3189 975 98 48 Wo

1777 1046 345 50 Musikfreunde
2143 1048 89 47 sich
2260 1046 301 68 begegneten,
2591 1049 265 65 begrüssten
2883 1053 62 47 sie
2967 1053 90 47 sich
3083 1054 80 46 mit
3182 1053 104 48 dem

1776 1124 191 48 Zurufe:
2002 1124 90 57 „Er
2115 1122 77 50 hat
2214 1133 231 54 zugesagt,
2463 1141 49 31 er
2535 1125 112 48 wird
2959 1129 75 46 Ihr
3057 1129 227 63 Gespräch

1777 1201 210 65 bewegte
2014 1201 92 47 sich
2134 1218 87 30 nur
2251 1219 73 29 um
2356 1201 142 48 dieses
2534 1204 204 48 einfache
2775 1204 89 48 und
2903 1204 115 48 doch
3048 1220 49 32 so
3127 1205 138 48 inhalt-

1777 1279 151 48 reiche
1959 1277 190 49 Thema.
2182 1277 118 49 Wer
2328 1294 97 32 war
2453 1280 115 48 denn
2597 1296 92 32 nun
2719 1280 80 48 der
2826 1296 48 32 so
2907 1280 176 65 freudig
3104 1281 156 48 Erwar-

1777 1355 293 49 tete?-Wer
2098 1354 163 49 anders
2289 1355 63 48 als
2380 1356 285 57 Joachim,
2700 1356 82 48 der
2809 1359 83 47 auf
2915 1359 146 47 Bitten
3091 1357 78 49 des
3196 1357 94 49 ihm

1778 1432 325 50 befreundeten
2134 1432 197 64 hiesigen
2357 1434 407 48 Musik-Directors
2790 1436 41 47 J.
2855 1436 59 47 0.
2938 1436 172 47 Grimm
3140 1436 43 47 in
3212 1436 59 48 lie-

1777 1510 347 65 benswürdiger
2153 1510 369 49 Freundlichkeit
2549 1511 92 48 sich
2672 1512 150 49 wollte
2851 1511 144 50 bereit
3024 1511 150 50 finden
3202 1512 66 49 las-

1776 1605 95 39 sen,
1903 1604 81 30 uns
2012 1587 165 47 einmal
2208 1586 154 48 mitten
2393 1589 58 47 im
2484 1589 150 48 kalten
2661 1589 183 49 Winter
2872 1589 129 48 einen
3025 1587 263 50 wirklichen

1777 1663 436 65 Frühlings-Abend
2243 1663 80 49 mit
2350 1665 320 63 Lerchensang
2700 1665 90 48 und
2818 1665 470 65 Nachtigallenschlag

1778 1741 436 49 hervorzuzaubern.
2243 1742 60 47 So
2326 1757 97 33 war
2444 1760 51 30 er
2516 1743 117 47 denn
2656 1751 179 55 gestern
2856 1743 289 64 gekommen,
3168 1743 122 49 nicht

1776 1820 150 57 allein,
1955 1817 194 50 sondern
2178 1835 51 32 er
2258 1817 121 50 hatte
2407 1820 91 47 sich
2529 1836 51 31 zu
2610 1820 166 47 seinem
2806 1818 339 50 Zauberwerke
3173 1820 115 48 noch

1776 1897 129 48 einen
1934 1895 408 64 Bundesgenossen
2373 1896 317 65 mitgebracht,
2731 1896 85 48 den
2846 1896 444 49 Ciavier-Virtuosen

1776 1975 285 48 Johannes
2102 1973 231 49 Brahms
2374 1990 80 32 aus
2483 1973 262 65 Hamburg,
2785 1973 82 49 der
2895 1972 167 66 gerade
3090 1973 43 49 in
3164 1975 95 47 Han-

1776 2069 137 31 nover
1936 2052 242 47 verweilte.
2208 2052 93 47 Das
2324 2052 211 56 Concert,
2563 2052 111 47 oder
2703 2051 152 48 besser
2876 2058 179 58 gesagt:
3084 2051 79 49 das
3184 2052 106 47 Fest

1777 2130 103 48 fand
1910 2136 179 57 gestern
2120 2127 188 50 Abends
2336 2130 117 47 Stall
2481 2130 58 47 im
2572 2127 403 50 Gerbaulet'schen
3004 2128 146 49 Saale.
3190 2128 98 49 Der

1776 2208 104 47 Saal
1912 2222 95 32 war
2037 2206 221 47 überlullt
2293 2222 85 31 von
2409 2206 362 47 Einheimischen
2816 2204 91 49 und
2935 2204 245 58 Fremden,
3217 2204 71 49 die

1777 2301 81 32 aus
1886 2284 188 55 Hamm,
2112 2283 148 56 Soest,
2294 2282 261 49 Dortmund
2597 2282 477 63 herübergekommen
3117 2298 173 41 waren,

1778 2378 75 31 um
1898 2359 71 50 die
2011 2359 271 50 berühmten
2313 2361 217 47 Künstler
2569 2377 53 31 zu
2665 2359 158 50 hören.
2881 2358 142 48 Wohl
3065 2359 115 49 noch
3217 2359 73 49 nie

1780 2439 123 49 hatte
1943 2438 80 47 der
2059 2438 104 47 Saal
2206 2437 99 48 eine
2348 2453 49 32 so
2439 2437 269 57 zahlreiche,
2742 2436 245 66 glänzende
3027 2437 227 48 Versamm-

1778 2517 108 63 lung
1915 2516 42 47 in
1988 2514 91 49 sich
2111 2514 216 64 vereinigt
2354 2513 184 65 gehabt.

1893 2592 127 49 Nach
2044 2592 78 48 der
2144 2610 79 30 zur
2243 2592 260 63 Einleitung
2528 2591 348 64 ausgeführten,
2905 2591 80 47 mil
3005 2591 156 47 Beifall
3192 2592 72 47 auf-

1780 2686 332 49 genommenen
2143 2669 260 49 Ouvertüre
2431 2686 50 29 zu
2512 2669 248 49 Anakreon
2788 2683 85 32 von
2905 2665 264 61 Cherubini,
3208 2685 56 30 un-

1781 2757 70 39 ter
1877 2748 197 65 Leitung
2103 2747 77 48 des
2209 2747 233 48 Directors
2472 2747 193 56 Grimm,
2703 2746 187 64 spielten
2919 2744 251 50 Joachim
3199 2744 92 50 und

1780 2826 237 49 Brahms
2049 2826 70 48 die
2148 2827 170 47 Sonate
2350 2826 73 47 für
2453 2824 176 49 Violine
2658 2823 92 48 und
2782 2823 172 48 Ciavier
2982 2824 89 64 Op.
3102 2823 64 48 47
3207 2839 84 32 von

1778 2903 273 48 Beethoven.
2108 2902 191 48 Danach
2342 2902 156 64 spielte
2540 2902 123 48 Herr
2705 2899 226 50 Brahms
2973 2899 79 48 das
3095 2899 195 48 Clavier-

1781 2982 194 47 Concert
2006 2980 41 49 in
2072 2978 179 51 A-moll
2274 2994 83 33 von
2380 2979 262 48 Schumann
2674 2977 87 48 und
2783 2978 123 48 Herr
2931 2977 249 48 Joachim
3211 2975 79 50 das

1780 3059 194 48 Concert
2003 3059 76 47 für
2108 3058 72 48 die
2209 3058 176 48 Violine
2415 3073 83 32 von
2530 3055 269 49 Beethoven.

1891 3137 51 48 In
1984 3135 274 49 athemloser
2299 3135 126 47 Stille
2472 3134 200 48 lauschte
2710 3133 122 48 Alles
2874 3130 103 49 dem
3017 3132 275 49 wunderbar

1778 3213 254 48 herrlichen
2063 3213 138 63 Spiel,
2242 3212 43 48 in
2327 3210 101 49 dem
2472 3210 71 49 die
2583 3209 216 48 deutsche
2829 3209 147 47 Kunst
3013 3209 129 48 einen
3171 3209 122 48 ihrer

1776 3292 238 48 schönsten
2046 3289 253 64 Triumphe
2331 3289 166 47 leierte.
2553 3287 306 48 Stürmischer
2888 3285 154 49 Beifall
3081 3287 112 48 nach
3225 3287 44 63 je-

1777 3368 102 48 dem
1912 3369 129 47 Satze
2073 3367 258 48 bekundete
2360 3365 85 49 den
2477 3363 419 66 überwältigenden
2933 3364 246 53 Eindruck,
3226 3364 66 47 bis

1776 3464 72 32 am
1879 3447 208 48 Schlüsse
2126 3445 78 47 des
2243 3461 185 48 grossen
2460 3443 422 48 Violin-Concertes
2921 3457 84 31 von
3036 3443 254 47 Beethoven

1776 3524 81 50 der
1886 3524 272 65 begeisterte
2186 3521 260 49 Hervorruf
2472 3529 132 39 unter
2633 3521 298 63 Trompeten-
2962 3518 89 49 und
3081 3519 178 49 Pauken-

1776 3601 157 50 wirbel
1964 3603 164 47 immer
2157 3600 96 48 aufs
2281 3600 132 48 Neue
2444 3596 167 50 wieder
2641 3596 223 50 ausbrach
2890 3595 90 48 und
3003 3596 121 49 nicht
3145 3595 142 50 enden

1774 3680 163 48 wollte.

1890 3756 79 49 Bei
1997 3755 249 50 Joachim's
2274 3754 119 66 Spiel
2423 3753 187 64 vergisst
2638 3769 104 32 man
2769 3750 321 67 Composition,
3119 3750 140 47 Künst-

1774 3836 65 49 ler
1870 3835 90 48 und
1989 3835 295 56 Instrument,
2314 3849 103 32 man
2449 3833 194 64 geniesst
2671 3830 80 50 der
2780 3830 151 50 reinen
2954 3828 163 54 Musik,
3146 3825 114 51 unbe-

1777 3920 141 42 wusst
1946 3911 80 50 der
2055 3911 142 50 Mittel
2228 3911 123 49 ihrer
2378 3909 249 49 sinnlichen
2656 3908 326 62 Erscheinung.
3042 3905 138 55 „Wie
3208 3904 82 48 der

1777 3991 136 59 Quell
1957 4007 82 31 aus
2082 3989 313 65 verborgenen
2690 4003 47 30 so
2775 3984 158 48 schallt
2972 3998 46 33 es
3047 3981 116 50 auch
3193 3981 98 50 hier

1777 4087 80 31 aus
1887 4068 103 50 dem
2023 4069 181 57 Innern,
2258 4065 121 60 „und
2409 4065 174 50 wecket
2624 4064 80 49 der
2745 4061 198 51 dunkeln
2973 4060 198 49 Gelühle
3201 4060 58 48 Ge-
