3688 4493
1799 134 92 56 350

220 276 84 53 mit
345 276 161 61 Recht,
559 275 102 51 weil
715 294 50 32 es
808 276 123 51 nicht
985 276 70 53 die
1109 276 132 53 echte
1282 276 162 61 Farbe,
1486 275 200 54 sondern
1729 276 72 53 die

223 360 245 52 Schminke
493 360 84 52 der
597 360 325 54 Leidenschaft
952 363 70 52 ist.
1056 364 67 50 Im
1149 363 212 66 Gesänge
1386 368 147 44 artete
1557 379 94 35 nun
1678 360 125 54 diese

220 445 308 52 Gewohnheit
568 445 206 52 vollends
821 448 42 49 in
912 447 237 52 Caricatur
1189 464 98 42 aus,
1340 447 93 52 und
1477 447 72 50 die
1588 447 217 52 Italiäner

221 533 158 48 hatten
407 530 124 51 nicht
544 532 225 59 Unrecht,
795 549 134 35 wenn
958 532 64 49 sie
1046 548 87 33 von
1170 532 371 58 „französischen

220 614 248 70 sprachen.

351 702 160 51 Durch
555 702 78 58 sie,
688 702 69 49 die
798 701 226 61 Italiäner,
1077 701 94 52 und
1223 702 127 51 ihren
1394 703 189 51 Meister
1624 702 182 53 Rossini

232 786 162 52 wurde
426 805 93 33 nun
553 802 121 33 zwar
704 784 81 51 der
811 786 285 51 Geschmack
1128 803 55 34 an
1208 786 134 68 jener
1375 787 313 70 pathetischen
1714 788 62 50 De-

229 872 240 50 clamation
522 870 220 67 siegreich
784 868 253 71 bekämpft,
1091 871 112 51 aber
1245 871 221 63 dadurch,
1519 873 105 51 dass
1678 872 130 51 ihre

228 956 164 51 Weise
423 971 82 33 zur
536 953 272 51 Herrschaft
840 955 121 62 kam,
1005 956 109 68 ging
1145 957 115 51 auch
1295 957 82 51 der
1406 958 139 51 letzte
1575 960 115 48 Rest
1719 975 89 33 von

224 1041 84 50 der
347 1038 348 70 Berechtigung
736 1040 81 52 des
859 1041 201 52 Wortes
1100 1041 60 52 im
1204 1042 213 69 Gesänge
1458 1044 226 59 verloren,
1737 1042 72 51 die

223 1122 164 52 Poesie
411 1122 80 52 des
516 1125 211 49 Drama's
764 1125 92 52 und
891 1126 82 52 der
997 1126 426 51 charakteristische
1448 1127 205 66 Vortrag
1684 1144 93 32 wur-

229 1209 88 49 den
329 1207 318 63 Nebensache,
672 1209 63 67 ja,
768 1210 62 51 sie
855 1210 356 51 verschwanden
1237 1210 86 51 fast
1347 1229 114 49 ganz
1493 1228 82 33 vor
1599 1210 83 51 der
1711 1211 95 50 rein

227 1294 360 59 musicalischen,
620 1295 83 50 wir
731 1294 216 52 möchten
976 1313 167 49 sagen:
1171 1295 398 61 instrumentalen,
1596 1295 182 53 Behand-

228 1379 109 67 lung
379 1379 82 49 der
503 1379 207 51 Stimme.
766 1379 88 49 Die
896 1379 377 68 Compositionen
1315 1379 326 70 begünstigten
1684 1380 125 51 diese

225 1463 247 67 Richtung,
506 1463 62 67 ja,
611 1463 64 49 sie
705 1463 141 49 riefen
879 1463 64 50 sie
976 1482 103 33 zum
1110 1464 130 51 Theil
1273 1464 117 52 auch
1422 1464 54 51 da
1508 1464 182 62 hervor,
1731 1482 77 34 wo

225 1548 64 49 sie
318 1548 119 51 noch
467 1548 125 51 nicht
621 1548 197 52 Wurzel
862 1549 171 67 gefasst
1063 1549 155 61 hatte;
1262 1550 69 51 die
1363 1550 316 69 Opernmusik
1710 1549 96 52 und

224 1633 83 49 der
337 1633 340 68 Operngesang
708 1632 192 52 büssten
936 1633 139 67 jeden
1116 1634 266 70 poetischen
1415 1635 150 51 Inhalt
1596 1635 86 60 ein,
1726 1635 80 50 das

224 1715 142 51 Reich
406 1715 82 52 der
519 1717 263 61 Coloratur,
825 1717 82 52 der
938 1718 165 51 Triller
1142 1719 95 51 und
1268 1719 348 69 Verzierungen
1646 1719 136 51 trium-

225 1800 169 69 phirte,
435 1802 72 51 die
536 1800 253 54 Wahrheit
830 1803 91 51 und
954 1803 83 51 der
1069 1803 303 52 dramatische
1401 1804 252 52 Ausdruck
1682 1822 95 33 wur-

225 1887 90 49 den
347 1886 83 50 der
460 1886 297 52 Sinnlichkeit
788 1888 81 50 des
903 1888 327 52 Ohrenkitzels
1263 1889 225 70 geopfert.

352 1971 118 50 Dass
502 1972 71 49 die
606 1972 337 52 französischen
973 1972 347 70 Componisten,
1357 1973 275 52 namentlich
1663 1973 147 51 durch

230 2057 87 50 den
346 2054 202 53 Einfluss
581 2056 84 49 der
693 2057 256 50 deutschen
980 2058 167 57 Musik,
1194 2057 181 52 endlich
1405 2076 57 32 zu
1493 2058 82 50 der
1603 2056 207 53 Einsicht

227 2140 261 68 gelangten,
531 2140 104 50 dass
682 2141 79 49 das
804 2141 192 67 lyrische
1025 2143 172 49 Drama
1240 2142 132 51 mehr
1413 2143 94 50 sein
1546 2147 155 45 müsse
1742 2142 67 50 als

227 2225 99 49 eine
356 2223 144 50 Reihe
531 2241 88 34 von
652 2225 409 61 Concerlstücken,
1107 2226 170 51 konnte
1320 2225 72 52 bei
1424 2226 126 51 einer
1580 2244 51 33 so
1665 2223 120 69 gebil-

227 2310 135 49 deten
375 2308 166 51 Nation
566 2308 124 51 nicht
710 2308 281 60 ausbleiben,
1018 2311 91 50 und
1136 2311 71 50 die
1220 2311 357 69 Bestrebungen
1590 2310 216 58 Auber's,

234 2392 325 70 Meyerbeer's,
583 2394 228 68 Halevy's,
837 2395 61 66 ja,
925 2395 220 51 Rossini's
1169 2396 145 51 selbst
1342 2395 77 70 (im
1443 2395 222 53 Wilhelm
1691 2395 117 68 Teil)

233 2477 96 51 sind
362 2476 214 51 bekannt.
620 2479 51 48 In
703 2479 86 49 wie
820 2480 96 51 fern
944 2480 65 49 sie
1038 2479 42 50 in
1112 2480 84 51 der
1225 2480 396 68 Verschmelzung
1650 2479 159 50 beider

227 2564 257 57 Elemente,
517 2562 83 50 des
623 2562 247 51 sinnlichen
892 2564 95 51 und
1013 2564 78 51 des
1118 2565 238 69 geistigen,
1387 2565 223 67 glücklich
1636 2581 172 42 waren,

228 2646 166 51 wollen
437 2646 84 50 wir
563 2646 98 50 hier
701 2648 125 49 nicht
867 2649 326 51 untersuchen.
1254 2648 95 52 Uns
1391 2650 59 50 ist
1489 2667 89 33 nur
1608 2649 80 49 das
1719 2667 89 31 von

228 2731 320 68 Wichtigkeit,
595 2731 103 51 dass
741 2731 81 52 der
865 2734 263 51 Grundsatz
1173 2753 82 32 zur
1296 2734 349 67 Anerkennung
1687 2733 118 52 kam.

230 2818 85 48 Die
348 2818 181 64 Sänger
557 2815 260 70 adoptirten
848 2816 91 58 ihn,
971 2818 92 51 und
1094 2835 95 34 was
1220 2818 73 51 die
1324 2818 330 70 Componisten
1686 2816 122 51 ihrer

230 2902 167 50 Nation
421 2900 123 51 nicht
568 2900 274 69 vollständig
864 2902 273 59 erreichten,
1170 2903 79 49 das
1276 2902 180 50 führten
1481 2903 71 51 die
1577 2900 203 52 ausüben-

235 2987 87 50 den
351 2985 221 51 Künstler
601 2985 45 51 in
676 2985 144 52 ihrem
850 2987 163 50 Kreise
1041 2988 81 49 mit
1152 2988 131 49 mehr
1315 2988 146 52 Glück
1490 3006 104 33 zum
1626 2987 136 53 Ziele.

361 3070 86 50 Die
478 3088 190 48 grossen
700 3072 272 49 Tenoristen
1002 3072 270 58 Nourrit,
1302 3073 243 69 Duprez
1578 3073 94 51 und
1700 3073 71 50 Ro-

238 3172 103 50 ger
370 3153 297 52 verschafften
699 3154 102 51 dem
835 3154 221 69 geistigen
1081 3157 242 51 Elemente
1352 3157 59 49 im
1439 3157 214 67 Gesänge
1683 3156 125 50 seine

237 3239 117 51 volle
375 3239 276 68 Bedeutung
690 3241 187 59 wieder,
921 3242 120 49 ohne
1076 3242 43 49 in
1152 3242 89 51 den
1281 3242 167 52 Fehler
1490 3260 57 31 zu
1578 3242 230 58 verfallen,

237 3324 70 50 die
338 3322 206 52 Technik
586 3323 159 67 gering
787 3343 54 31 zu
886 3324 214 51 schätzen
1143 3326 116 52 oder
1297 3343 56 34 zu
1396 3326 410 67 vernachlässigen.

233 3411 68 48 Im
327 3407 289 69 Gegentheil,
648 3410 62 48 sie
742 3407 216 53 brachten
983 3410 215 59 dieselbe,
1229 3410 152 52 indem
1413 3410 63 52 sie
1507 3410 94 52 sich
1632 3412 80 50 auf
1737 3411 69 49 die

234 3493 121 50 allen
394 3492 318 51 Traditionen*
738 3492 82 52 der
858 3493 209 51 Italiäner
1110 3500 219 53 stützten,
1383 3514 56 31 zu
1484 3495 126 50 einer
1654 3495 152 52 hohen

234 3578 310 66 Vollendung,
585 3595 90 32 nur
714 3577 85 51 mit
837 3577 105 50 dem
973 3596 190 48 grossen
1192 3578 331 53 Unterschiede
1554 3596 148 51 gegen
1735 3580 73 51 die

235 3679 202 35 neueren
478 3661 229 61 Italiäner,
754 3662 104 51 dass
901 3661 80 57 sie,
1027 3661 69 52 die
1127 3665 276 58 Franzosen,
1447 3664 126 52 diese
1602 3665 203 51 Technik

235 3747 125 51 nicht
389 3765 79 32 um
497 3746 123 50 ihrer
651 3745 143 52 selbst
826 3745 150 51 willen
1008 3746 268 60 cultivirten,
1307 3747 201 51 sondern
1537 3766 80 33 um
1648 3749 63 50 sie
1742 3749 64 49 als

238 3832 147 51 Mittel
416 3850 53 32 zu
498 3831 148 51 einem
677 3831 205 51 höheren
914 3830 200 52 Zwecke
1143 3831 42 50 in
1215 3830 128 51 ihren
1366 3832 109 53 Sold
1505 3851 55 32 zu
1592 3834 214 57 nehmen,

238 3937 77 30 um
346 3918 63 49 sie
442 3915 84 52 der
548 3915 176 60 Poesie,
754 3916 105 50 dem
886 3914 180 61 Gefühl,
1098 3914 82 52 der
1211 3914 331 54 dramatischen
1559 3916 249 54 Wahrheit

240 4001 232 52 dienstbar
498 4020 56 32 zu
586 4000 206 52 machen.

362 4088 107 49 Von
510 4084 155 52 diesen
707 4084 95 51 drei
831 4086 201 50 Fürsten
1075 4084 80 52 des
1201 4080 337 56 französischen
1571 4084 235 70 Gesanges

240 4172 77 50 hat
355 4172 157 65 Roger
555 4170 72 51 die
668 4170 157 52 Kunst
882 4170 79 51 des
1006 4170 334 52 dramatischen
1387 4168 273 53 Ausdrucks
1705 4172 96 50 aufs

1900 279 210 53 Höchste
2140 280 247 70 gebracht;
2430 282 93 50 sein
2556 282 186 68 Gesang
2784 283 78 51 hat
2891 284 124 51 nicht
3045 283 124 53 bloss
3202 284 184 61 Schule,
3429 303 53 33 er

1900 363 80 52 hat
2010 365 100 61 Stil,
2140 367 82 50 das
2252 365 168 52 heisst:
2460 383 51 32 er
2552 365 58 52 ist
2651 365 320 68 dargestelltes
3001 368 173 52 Leben.
3234 369 160 67 Roger
3426 370 58 51 ist

1902 449 82 51 der
2015 450 247 52 Ausdruck
2294 452 81 50 der
2407 452 376 68 gegenwärtigen
2812 452 192 68 Epoche
3034 454 82 51 des
3146 456 337 49 dramatischen

1902 534 252 70 Gesanges.
2198 538 108 51 Man
2349 537 119 51 kann
2509 537 91 51 ihm
2642 536 224 50 vielleicht
2897 537 320 67 glänzendere,
3250 539 211 51 auffallen-

1902 618 110 52 dere
2053 621 383 53 Berühmtheiten
2478 629 230 60 entgegen
2746 619 178 59 stellen,
2972 619 111 52 aber
3125 623 100 50 eine
3266 624 195 51 vollkom-

1902 721 204 42 menere,
2148 704 441 68 abgeschlossenere
2640 706 93 50 und
2778 706 331 50 anziehendere
3156 707 333 52 künstlerische

1903 788 315 52 Individualiät
2259 791 116 51 wird
2420 810 48 32 es
2514 792 136 51 kaum
2693 791 166 70 geben.
2924 792 98 50 Der
3052 792 189 50 Mensch
3273 792 112 67 geht
3415 793 72 50 bei

1903 873 91 52 ihm
2026 873 45 52 in
2102 872 87 52 den
2215 875 224 49 Künstler
2468 877 81 48 auf
2573 877 93 50 und
2695 876 291 68 umgekehrt,
3017 876 92 51 und
3137 894 104 33 man
3268 876 120 52 kann
3413 878 81 50 auf

1903 960 77 50 ihn
2012 958 271 61 anwenden,
2326 976 94 33 was
2454 958 249 61 Quintilian
2746 980 88 32 von
2878 961 103 51 dem
3014 961 121 52 Ideal
3167 961 80 51 des
3277 962 212 51 Redners

1905 1050 127 62 sagt:
2079 1045 157 51 Pcctus
2266 1055 61 41 est
2358 1046 124 66 quod
2509 1045 223 51 discrtum
2758 1045 151 68 facit
2999 1045 31 68 „
3060 1045 90 68 Das
3182 1047 123 51 Herz
3338 1047 154 51 macht

1905 1130 88 51 den
2025 1130 209 67 Vortrag

2032 1215 205 65 Roger
2267 1212 59 51 ist
2355 1212 43 51 in
2430 1214 127 49 Paris
2589 1211 219 69 geboren.
2869 1214 51 49 In
2953 1214 150 49 seiner
3132 1215 217 51 Kindheit
3381 1216 104 51 lies?

1905 1298 148 50 nichts
2081 1298 166 59 ahnen,
2289 1298 105 50 dass
2425 1315 51 33 er
2506 1298 202 49 dereinst
2747 1298 127 49 einer
2905 1298 81 50 der
3017 1301 214 65 grössten
3264 1301 225 50 Künstler

1907 1383 148 50 seiner
2085 1383 101 50 Zeit
2215 1383 192 52 werden
2439 1383 184 59 würde;
2665 1400 49 32 er
2758 1383 194 68 gehörte
2984 1383 288 68 keineswegs
3302 1404 58 32 zu
3391 1386 89 50 den

1904 1466 432 63 Wunderkindern,
2378 1485 57 33 an
2477 1468 142 49 deren
2650 1466 175 69 Wiege
2863 1466 94 52 sich
2989 1468 99 50 eine
3118 1469 94 49 Fee
3241 1469 122 51 stellt
3394 1472 94 49 und

1904 1552 98 50 ihre
2018 1550 336 70 Zaubergaben
2378 1550 117 52 über
2519 1552 63 50 sie
2605 1552 304 59 ausschüttet,
2942 1569 90 33 von
3059 1552 146 50 denen
3233 1553 119 51 dann
3377 1553 111 51 aber

1907 1637 115 50 auch
2054 1637 67 50 oft
2151 1643 163 62 gesagt
2345 1637 188 50 werden
2565 1637 146 50 kann:
2753 1677 17 19 „
2787 1637 109 52 Wie
2918 1654 274 50 gewonnen,
3224 1654 51 35 so
3300 1656 161 33 zerron-

2110 1722 108 50 Sein
2261 1723 145 51 Vater
2452 1738 96 34 war
2591 1723 160 58 Notar,
2796 1722 124 50 seine
2958 1723 178 49 Mutler
3181 1723 71 49 die
3282 1723 205 51 Tochter

1905 1807 122 51 eines
2058 1807 156 49 Herrn
2246 1807 203 58 Corse,
2491 1806 201 50 welcher
2733 1806 125 52 einer
2900 1807 82 49 der
3026 1814 153 42 ersten
3211 1807 274 52 Directoren

1907 1891 80 50 des
2027 1891 224 50 Theaters
2292 1894 53 49 de
2374 1893 239 66 l'Ambigu
2656 1908 123 41 war;
2826 1891 79 50 das
2937 1891 303 50 dramatische
3269 1892 215 51 Element

1904 1976 106 50 kam
2040 1976 97 52 also
2167 1993 90 33 von
2295 1976 315 52 mütterlicher
2641 1976 124 49 Seite
2803 1976 45 50 in
2887 1974 89 51 den
3008 1976 141 50 Sohn.
3195 1977 129 49 Beim
3355 1977 130 49 Tode

1905 2061 82 49 des
2018 2061 298 49 Grossvaters
2359 2077 96 33 war
2502 2060 83 50 der
2614 2060 281 68 achtjährige
2925 2060 164 50 Knabe
3121 2079 223 49 zugegen,
3388 2061 97 51 und

1904 2145 236 67 späterhin
2170 2148 210 47 äusserte
2421 2162 51 32 er
2514 2145 92 49 sich
2652 2146 137 58 wohl,
2831 2162 135 33 wenn
2998 2161 52 33 er
3080 2146 92 51 sich
3205 2146 80 49 der
3315 2146 170 51 letzten

1904 2227 290 67 Umarmung
2224 2227 242 51 desselben
2509 2228 259 50 erinnerte:
2825 2228 109 59 „Ich
2968 2227 119 51 habe
3117 2228 257 51 manchmal
3405 2247 53 49 ge-

1903 2311 176 70 glaubt,
2110 2312 105 51 dass
2246 2311 129 52 dabei
2408 2312 71 50 die
2497 2312 134 50 Seele
2662 2311 80 52 des
2774 2311 258 52 trefflichen
3062 2312 121 51 alten
3210 2311 247 71 Schauspie-

1904 2397 89 50 lers
2025 2396 44 51 in
2102 2396 116 51 mich
2251 2396 221 69 gefahren

2027 2484 160 66 Roger
2218 2481 151 51 verlor
2399 2481 102 51 früh
2533 2481 122 51 seine
2678 2481 158 51 Eltern
2871 2481 91 52 und
2987 2481 103 50 kam
3122 2490 136 42 unter
3282 2482 71 51 die
3382 2482 68 51 Ob-

1903 2565 84 52 hut
2017 2566 123 50 eines
2172 2566 207 59 Oheims,
2425 2565 81 51 der
2547 2565 90 51 ihm
2679 2565 221 69 diejenige
2941 2565 196 67 Bildung
3181 2565 148 67 geben
3361 2566 119 57 liess,

1904 2650 71 51 die
2001 2650 75 50 ihn
2109 2650 43 50 in
2184 2650 143 51 Stand
2359 2658 155 43 setzen
2548 2650 185 60 konnte,
2764 2650 89 51 den
2882 2650 149 51 Beruf
3054 2650 146 51 seines
3228 2653 163 48 Vaters
3424 2670 56 31 zu

1903 2735 240 69 ergreifen.
2175 2735 148 51 Allein
2354 2735 80 51 das
2459 2735 214 51 Studium
2698 2735 82 50 der
2806 2735 267 51 Pandekten
3097 2735 202 51 stimmte
3329 2736 151 68 wenig

1904 2819 83 51 mit
2017 2819 81 51 der
2126 2820 214 68 Neigung
2366 2819 82 51 des
2483 2819 176 66 jungen
2689 2820 192 50 Mannes
2914 2818 203 59 überein,
3161 2818 82 52 der
3267 2819 117 67 jetzt
3414 2820 42 50 al-

1902 2905 199 66 lerdings
2129 2904 98 51 eine
2256 2905 194 68 gewisse
2474 2903 218 52 Vorliebe
2716 2905 71 50 für
2803 2904 202 51 Theater
3034 2903 92 52 und
3158 2904 322 51 theatralische

1902 2988 415 68 Beschäftigungen
2349 2988 176 51 blicken
2557 2989 118 50 liess.
2735 2989 94 50 Das
2874 2989 201 50 stimmte
3118 2988 125 51 nicht
3272 2989 81 51 mit
3385 2988 88 51 den

1900 3074 187 60 Planen,
2120 3073 70 52 die
2210 3073 84 52 der
2317 3073 166 51 Oheim
2509 3073 82 51 mit
2614 3073 104 51 dem
2741 3073 161 51 Neffen
2928 3073 152 67 hegte,
3112 3072 93 52 und
3236 3073 119 51 noch
3384 3091 64 33 we-

1899 3159 130 66 niger
2059 3157 81 51 mit
2171 3158 88 51 den
2284 3157 267 58 Ansichten,
2582 3157 174 51 welche
2787 3175 65 41 er,
2882 3164 118 44 trotz
3033 3157 149 49 seiner
3200 3158 244 50 Verwandt-

1900 3243 145 51 schaft
2086 3243 81 50 mit
2196 3243 148 50 einem
2377 3242 444 57 Bühnen-Director,
2867 3261 86 32 von
2996 3242 83 51 der
3120 3242 351 51 theatralischen

1899 3327 240 51 Laufbahn
2168 3328 172 68 gefasst
2370 3327 139 52 hatte.
2542 3327 227 51 Desshalb
2800 3327 161 51 sandte
2991 3343 51 34 er
3070 3327 173 67 Roger,
3276 3345 76 32 um
3382 3327 93 50 ihm

1894 3412 107 67 jene
2031 3413 117 49 Lust
2189 3431 54 32 zu
2285 3412 276 57 vertreiben,
2606 3430 55 32 zu
2706 3412 146 50 einem
2882 3412 146 50 Notar
3070 3411 42 49 in
3154 3411 82 49 der
3271 3411 204 51 Provinz.

1902 3495 128 52 Aber
2059 3496 83 51 der
2175 3495 275 52 Kunsttrieb
2482 3512 97 33 war
2608 3496 42 49 in
2681 3496 103 51 dem
2815 3495 221 67 Jüngling
3066 3514 55 31 zu
3154 3495 126 50 stark
3310 3511 140 50 ausge-

1902 3585 137 65 prägt
2068 3580 94 51 und
2194 3581 103 50 fand
2333 3581 45 50 in
2410 3581 103 51 dem
2554 3580 176 51 kleinen
2763 3581 118 50 Orte
2913 3597 76 34 um
3023 3597 50 34 so
3106 3584 213 63 grössere
3347 3578 93 51 Nah-

1899 3683 136 48 rung,
2077 3664 63 50 als
2172 3681 48 33 er
2253 3664 92 50 sich
2377 3683 81 31 aus
2488 3664 96 50 sich
2614 3664 144 52 selbst
2788 3664 272 50 entwickeln
3085 3669 174 44 musste
3283 3661 93 51 und
3396 3680 52 50 ge-

1902 3765 226 51 zwungen
2175 3766 110 41 war,
2331 3750 93 49 sich
2469 3768 56 31 zu
2570 3750 150 49 seiner
2750 3750 326 66 Befriedigung
3120 3746 354 51 selbstwirkend

1902 3834 78 51 das
2018 3851 55 32 zu
2106 3832 213 59 schaffen,
2361 3850 96 33 was
2499 3834 90 49 ihm
2633 3834 45 51 in
2708 3832 126 51 Paris
2877 3831 144 52 durch
3050 3829 186 52 Andere
3273 3830 205 67 geboten

1900 3918 178 54 wurde,
2109 3916 193 51 nämlich
2333 3918 72 50 ein
2435 3918 215 52 Theater.
2703 3919 98 48 Der
2824 3916 146 68 junge
2999 3914 474 68 Notariats-Lehrling

1899 4000 335 60 versammelte,
2260 4019 136 33 wenn
2421 4001 70 51 die
2509 4000 387 53 Bureaustunden
2920 3998 156 50 vorbei
3102 3999 94 52 und
3221 4000 71 50 die
3315 4000 128 51 Amts-

1900 4085 139 54 stube
2068 4085 291 69 geschlossen
2391 4104 110 41 war,
2544 4086 71 51 die
2646 4083 245 54 Schreiber
2921 4083 145 52 seines
3099 4084 247 70 Principals
3381 4086 93 50 und

1902 4172 147 65 einige
2091 4169 204 53 hübsche
2326 4172 226 50 Mädchen
2594 4187 81 34 aus
2720 4169 85 51 der
2848 4168 136 52 Stadt
3024 4187 56 33 zu
3122 4169 353 52 theatralischen
