3688 4493
1779 108 92 55 351

184 259 259 68 Lebungen
470 259 94 51 und
590 258 375 69 Vorstellungen,
990 258 148 52 wobei
1162 274 51 35 er
1236 257 216 51 Director
1477 253 95 52 und
1589 254 144 51 Schau-

185 346 166 69 spieler
381 345 45 52 in
456 345 139 50 Einer
629 345 174 50 Person
835 362 110 33 war.

310 432 97 48 Der
439 430 166 50 Oheim
638 429 80 50 sah
758 429 87 60 ein,
888 429 147 51 zumal
1077 428 54 51 da
1165 427 93 51 sich
1292 425 71 50 die
1397 423 367 52 wunderschöne

183 516 342 50 Tenorslinirae
557 515 79 50 des
665 515 159 51 Neffen
852 515 117 66 jetzt
998 512 264 53 entwickelt
1294 512 141 54 hatte,
1479 510 102 49 dass
1614 527 48 32 er
1689 510 75 49 ihn

184 600 174 51 seinem
395 600 144 51 bösen
565 600 250 51 Geschicke
851 600 268 50 überlassen
1157 601 168 46 müsse.
1369 596 96 49 Das
1498 594 266 52 Vorurtheil

184 694 138 57 guter
348 686 233 59 Familien,
619 686 79 50 das
734 686 92 50 sich
863 686 105 49 dem
990 681 320 59 Entschlüsse,
1339 680 146 50 Einen
1527 696 82 35 aus
1643 681 121 49 ihrer

183 769 133 51 Mitte
340 772 74 49 auf
439 771 71 50 die
522 771 163 50 Bühne
711 771 149 66 gehen
886 788 55 30 zu
970 767 163 58 lassen,
1160 765 371 70 entgegenstellt,
1558 766 58 50 ist
1641 783 123 32 zwar

184 856 321 68 gegenwärtig
541 856 123 50 nicht
698 854 131 49 mehr
864 871 51 32 so
958 852 294 58 herrschend,
1289 853 64 50 als
1393 851 173 59 früher,
1594 851 169 67 jedoch

181 941 120 49 noch
332 940 285 66 keineswegs
647 956 113 50 ganz
787 938 380 57 verschwunden,
1186 937 94 52 und
1304 955 49 33 es
1379 937 112 50 lässt
1520 936 93 51 sich
1639 935 125 50 nicht

183 1026 215 67 läugnen,
437 1025 119 57 dass,
591 1042 51 32 so
674 1022 85 51 wie
784 1022 70 52 die
879 1023 234 51 Zustände
1138 1041 193 33 unserer
1355 1021 194 51 Bühnen
1578 1021 43 50 in
1647 1021 117 50 allen

180 1109 217 52 Ländern
443 1128 93 31 nun
580 1108 163 51 einmal
779 1108 114 60 sind,
940 1108 72 51 die
1047 1108 322 51 theatralische
1393 1106 241 51 Laufbahn
1682 1122 82 50 gar

183 1194 113 50 viele
320 1194 197 69 Klippen
555 1194 92 59 hat,
691 1211 57 33 an
794 1194 148 52 denen
980 1195 66 51 oft
1080 1194 70 50 die
1186 1193 249 51 schönsten
1462 1191 300 67 Hoffnungen

183 1278 241 54 scheitern.
466 1279 81 50 Als
584 1279 110 51 aber
715 1281 160 66 Roger
908 1279 95 50 sich
1037 1279 60 50 im
1120 1278 142 51 Jahre
1302 1274 152 52 1837
1489 1276 80 51 mit
1593 1275 169 69 vierzig

183 1364 201 51 anderen
408 1364 280 51 Bewerbern
725 1383 81 32 um
840 1364 71 54 die
946 1364 143 50 Stelle
1119 1363 125 50 eines
1272 1362 219 67 Zöglings
1533 1361 80 50 des
1639 1361 90 50 Con-

180 1449 272 51 servatoires
478 1449 44 51 in
545 1449 127 51 Paris
699 1448 190 52 bewarb
924 1449 94 51 und
1044 1448 116 52 nach
1195 1448 84 50 der
1305 1448 208 66 Prüfung
1548 1455 209 42 zuerst

178 1552 83 33 vor
288 1534 117 51 allen
423 1535 349 50 Concurrenten
789 1533 71 51 für
887 1533 179 68 würdig
1087 1534 173 49 erklärt
1286 1531 179 61 wurde,
1481 1532 239 67 aufgenom-

181 1637 106 33 men
311 1639 54 31 zu
391 1620 202 60 werden,
622 1620 55 50 da
702 1636 96 34 war
821 1619 125 51 seine
973 1618 238 52 Laufbahn
1237 1617 296 52 entschieden
1561 1616 93 51 und
1682 1616 70 50 die

181 1705 187 67 Gegner
392 1705 241 50 derselben
664 1704 143 50 schon
831 1703 106 51 halb
961 1705 232 51 versöhnt.

303 1790 127 51 Nach
455 1790 147 49 einem
627 1790 140 49 Jahre
791 1796 110 61 trug
924 1807 50 32 er
1000 1789 88 50 den
1114 1797 154 42 ersten
1294 1787 129 51 Preis
1459 1787 58 49 im
1545 1787 214 67 Gesänge

179 1875 96 49 und
310 1875 43 49 in
389 1875 81 49 der
504 1874 315 50 Declamation
856 1874 163 57 davon,
1055 1874 93 50 und
1185 1891 95 32 nun
1316 1890 97 33 war
1447 1890 105 31 man
1590 1870 170 51 freilich

177 1959 202 51 darüber
393 1960 57 49 im
465 1960 187 55 Riaren,
676 1957 104 51 dass
806 1976 104 32 man
933 1976 49 32 es
1007 1957 98 50 hier
1131 1958 80 50 mit
1234 1957 149 50 einem
1397 1955 363 51 künstlerischen

182 2043 143 51 Genie
354 2060 53 33 zu
435 2043 115 50 thun
575 2043 140 49 hatte.
750 2043 97 49 Der
869 2042 216 50 Director
1110 2043 82 49 der
1218 2041 264 51 komischen
1508 2040 131 69 Oper
1666 2058 95 32 war

184 2146 51 32 so
261 2128 249 68 gescheidt,
526 2146 51 32 so
602 2126 170 51 schnell
799 2126 85 51 wie
913 2127 195 67 möglich
1135 2128 146 49 davon
1296 2128 182 49 Nutzen
1503 2144 54 31 zu
1585 2125 174 58 ziehen,

177 2213 96 51 und
307 2231 71 32 am
425 2211 85 53 16.
546 2211 212 53 Februar
801 2210 151 52 1838
993 2220 91 41 trat
1119 2213 175 67 Roger,
1332 2211 136 49 kaum
1510 2210 73 50 20
1618 2210 141 50 Jahre

177 2299 77 57 alt,
285 2315 105 32 zum
424 2305 153 42 ersten
612 2297 121 50 Male
763 2297 42 49 in
843 2296 81 49 der
947 2297 133 49 Rolle
1120 2297 79 50 des
1226 2297 209 66 Georges
1477 2295 43 49 in
1546 2295 214 67 Halevy's

179 2383 131 67 Oper
356 2383 127 56 „Der
518 2382 113 49 Blitz
647 2390 16 18 *
708 2380 89 51 auf.

301 2467 196 66 Roger's
533 2465 290 67 zehnjährige
851 2464 331 52 Wirksamkeit
1219 2483 54 32 an
1315 2464 104 51 dem
1444 2464 202 50 Theater
1672 2464 83 50 der

178 2551 262 50 komischen
466 2552 131 67 Oper
622 2550 266 50 bezeichnet
923 2549 98 50 eine
1057 2549 81 50 der
1174 2549 329 67 glänzendsten
1529 2549 228 50 Perioden

177 2636 150 50 dieser
348 2636 162 50 Bühne
535 2636 91 49 und
653 2652 95 33 war
770 2635 117 49 auch
914 2636 80 48 auf
1013 2633 71 50 die
1111 2634 346 68 Componisten,
1483 2634 173 49 welche
1683 2633 71 50 für

181 2719 200 52 dieselbe
419 2719 254 58 schrieben,
710 2737 86 33 von
835 2719 104 51 dem
966 2723 212 63 grössten
1203 2719 215 51 Einiluss.
1465 2718 113 50 Eine
1603 2718 154 50 solche

178 2806 353 57 Tenorstimme,
570 2805 173 50 welche
781 2804 71 49 die
880 2803 267 57 Schönheit,
1186 2803 185 52 Frische
1397 2803 94 51 und
1515 2804 134 49 Kraft
1674 2803 80 50 des

176 2891 283 51 Naturtones
496 2891 78 49 des
600 2890 185 67 Organs
831 2888 80 50 mit
957 2888 81 49 der
1083 2889 198 50 Weiche
1327 2888 95 52 und
1446 2888 309 67 Biegsamkeit

179 2975 240 51 desselben
443 2975 248 68 vereinigte
715 2974 92 50 und
833 2973 144 50 durch
1003 2973 70 49 ein
1103 2973 328 68 Spiel-Talent,
1459 2973 198 50 welches
1684 2973 69 50 die

178 3060 335 68 Forderungen
560 3060 81 49 der
685 3057 335 51 dramatischen
1045 3057 202 50 Einsicht
1292 3058 187 50 niemals
1526 3058 59 49 im
1627 3057 127 50 Stich

179 3146 119 57 liess,
323 3149 282 47 unterstützt
630 3143 175 57 wurde,
840 3161 96 31 war
970 3142 80 52 auf
1068 3142 153 50 diesen
1247 3143 214 50 Brettern
1491 3142 115 50 noch
1633 3142 124 51 nicht

179 3229 281 50 erschienen.
496 3229 120 51 Was
643 3227 231 58 Wunder,
911 3245 134 31 wenn
1072 3227 69 51 die
1165 3227 190 49 Dichter
1381 3227 91 50 und
1498 3229 256 48 Tonsetzer

178 3314 72 49 für
289 3314 146 50 dieses
473 3314 199 49 Theater
718 3312 92 50 sich
848 3330 86 31 von
972 3311 80 50 der
1092 3312 300 66 eigentlichen
1430 3313 207 66 Gattung
1674 3312 83 50 der

179 3398 264 52 komischen
489 3400 130 66 Oper
663 3405 142 42 etwas
851 3397 260 49 entfernten
1156 3396 91 50 und
1296 3398 180 49 Werke
1519 3398 80 48 auf
1633 3397 123 50 diese

179 3484 163 50 Bühne
377 3482 237 59 brachten,
652 3481 173 51 welche
851 3480 114 50 auch
993 3481 275 67 gefühlvolle
1295 3481 93 51 und
1423 3489 155 43 ernste
1604 3481 126 51 Situa-

183 3569 154 51 tionen
363 3567 320 57 behandelten,
720 3567 55 52 da
800 3566 65 49 sie
889 3567 71 48 für
984 3565 124 50 diese
1131 3566 43 49 in
1197 3567 159 67 Roger
1381 3567 129 50 einen
1546 3565 180 54 Dolmet-

182 3654 133 50 scher
353 3653 90 50 und
484 3654 238 48 Vertreter
758 3650 179 59 fanden,
979 3650 86 50 wie
1101 3650 64 51 sie
1199 3651 76 50 ihn
1314 3650 92 51 sich
1442 3650 122 52 nicht
1600 3651 158 50 besser

182 3737 250 50 wünschen
470 3738 238 49 konnten?

776 3820 207 67 (Schluss
1018 3819 143 68 folgt.)

360 4029 244 60 Tages-
638 4033 140 45 und
809 4031 764 57 Unterhaltungs-Blatt.

261 4124 174 38 I4tfln.
466 4123 88 39 Auf
578 4124 92 39 dem
700 4123 267 40 Stadttheater
995 4127 96 34 setzt
1120 4121 172 51 Roger
1320 4120 85 40 sein
1437 4120 196 52 Gastspiel
1665 4119 93 44 fort;

183 4198 76 30 rou
289 4186 109 40 einer
427 4198 43 28 so
510 4184 269 44 anhaltenden
810 4184 263 46 Theilnahrae
1112 4184 71 40 des
1223 4182 180 53 hiesigen
1434 4184 233 43 Publicums
1698 4183 60 39 für

1864 247 279 41 theatralische
2174 247 328 53 Vorstellungen,
2550 249 82 40 und
2674 250 104 41 noch
2823 251 99 40 dazu
2963 264 47 27 zu
3050 249 197 42 erhöhten
3279 249 175 45 Presen,

1861 310 160 41 kennen
2052 311 74 41 wir
2155 311 91 41 kein
2278 311 188 53 Beispiel.
2524 311 54 40 Er
2620 312 64 40 hat
2714 326 136 29 ausser
2887 315 77 40 den
3007 315 37 40 in
3075 315 159 52 voriger
3259 313 195 42 Nummer

1860 380 229 44 genannten
2121 375 144 40 Rollen
2310 374 105 41 noch
2458 375 78 39 den
2582 374 316 42 Masaniello
2942 378 38 40 in
3024 378 71 40 der
3125 378 210 40 Stummen
3379 390 75 27 von

1863 437 146 40 Portici
2039 438 102 52 (hier
2171 437 82 41 und
2283 437 39 40 in
2354 437 155 49 Bonn)
2555 437 81 40 und
2681 437 79 40 den
2790 439 225 41 Eleazar
3053 441 40 39 in
3133 440 71 40 der
3234 441 124 41 Jüdin
3389 454 44 39 ge-

1861 512 165 40 sungen,
2066 500 82 41 und
2180 503 78 40 den
2290 502 205 53 George
2528 502 182 39 Brown
2754 501 85 40 hier
2879 504 78 38 und
2989 503 38 40 in
3060 505 113 40 Bonn
3208 505 246 42 wiederholt.

1861 563 75 39 Die
1966 564 313 54 Bewunderung
2307 566 131 40 seines
2471 564 392 41 unnachahmlichen
2895 566 160 40 Talents
3095 567 115 53 steigt
3240 568 71 40 mit
3337 568 116 52 jeder

1861 625 275 54 Vorstellung.

1941 697 107 41 Herr
2095 698 338 43 Wiedeinann
2477 713 74 27 von
2585 701 174 53 Leipzig,
2804 702 79 39 den
2917 701 72 40 wir
3020 715 63 26 am
3114 703 156 41 Rheine
3300 705 148 40 bereits

1861 773 77 26 von
1982 772 173 29 unseren
2197 762 263 40 Musikfesten
2500 764 73 39 her
2615 776 48 27 zu
2709 762 154 42 seinem
2904 764 184 41 Vortheil
3137 764 171 47 kennen,
3352 767 99 39 wird

1860 823 194 40 ebenfalls
2086 823 39 38 in
2156 823 111 40 einer
2298 824 126 41 Reihe
2456 838 75 27 von
2562 826 430 54 Gast-Darstellungen
3035 828 211 46 auftreten,
3284 840 42 27 so
3364 830 89 38 das*

1860 886 73 40 wir
1958 886 97 52 jetzt
2084 886 117 40 einen
2232 886 163 41 wahren
2426 888 243 40 Reichthum
2701 902 50 26 an
2783 890 187 40 Tenören
3000 891 145 40 haben.
3189 890 108 41 Herr
3327 893 95 38 Wie-

1860 952 221 37 demann
2123 954 74 34 trat
2225 961 64 27 am
2317 949 165 52 Montag
2513 951 55 38 als
2602 951 149 39 Robert
2782 951 41 39 in
2853 953 152 40 Robert
3035 954 71 40 der
3136 954 141 40 Teufel
3308 955 74 39 auf

1859 1011 145 53 gewiss
2049 1011 90 40 eine
2181 1010 240 53 schwierige
2450 1012 187 51 Aufgabe
2681 1015 62 39 für
2790 1015 77 38 den
2899 1015 208 42 wackeren
3138 1017 197 41 Künstler
3363 1018 69 39 zwi-

1859 1074 124 40 schen
2023 1074 77 40 den
2148 1073 98 41 zwei
2278 1074 313 50 Vorstellungen
2618 1074 165 52 Roger's
2813 1089 63 26 am
2906 1077 178 53 Sonntag
3114 1080 80 39 und
3224 1080 229 41 Mittwoch!

1858 1136 137 40 Allein
2024 1136 131 51 gleich
2185 1136 111 40 seine
2326 1137 245 52 Leistungeu
2601 1136 55 40 im
2688 1144 131 33 ersten
2848 1138 101 40 Acte
2979 1147 183 45 erregten
3192 1142 77 40 den
3301 1143 130 40 lebhal-

1859 1204 122 36 testen
2013 1200 193 52 Applaus,
2250 1201 72 40 der
2351 1200 83 40 sich
2467 1201 40 40 in
2538 1201 78 39 den
2648 1201 225 51 folgenden,
2920 1202 217 40 besonders
3183 1204 54 40 im
3283 1206 168 46 fünften,

1857 1262 103 41 noch
1990 1263 198 53 steigerte.
2220 1263 91 42 Und
2346 1264 72 39 mit
2446 1263 150 47 Recht;
2635 1264 107 41 denn
2774 1277 43 26 er
2846 1263 49 41 ist
2926 1264 54 41 im
3011 1265 130 40 Besitz
3173 1267 110 40 einer
3312 1269 115 40 kräfti-

1855 1340 76 38 gen
1964 1326 136 41 Brust-
2131 1328 81 39 und
2245 1329 281 50 Kopfstimme,
2572 1329 153 40 welche
2766 1342 45 26 er
2850 1329 57 40 als
2937 1329 156 53 Sänger
3132 1343 48 26 zu
3224 1331 226 40 behandeln

1857 1390 128 47 weiss,
2016 1392 81 38 und
2129 1392 86 39 sein
2244 1391 110 53 Spiel
2385 1393 47 40 ist
2462 1394 202 39 durchaus
2694 1394 284 40 lobenswerth.
3027 1394 75 40 Die
3132 1394 112 52 Oper
3272 1394 96 52 ging
3396 1396 55 39 im

1857 1454 164 39 Ganzen
2051 1460 89 45 gut;
2197 1455 133 40 Fräul.
2360 1455 334 41 Rochlitzist
2729 1469 108 27 zwar
2865 1456 72 40 der
2965 1456 297 41 dramatischen
3290 1456 138 42 Auffas-

1856 1528 103 40 sung
1989 1517 71 39 der
2089 1516 115 41 Alice
2235 1519 103 38 noch
2369 1518 110 40 nicht
2507 1518 251 52 gewachsen,
2802 1519 120 40 allein
2963 1519 57 40 sie
3060 1520 68 39 hat
3154 1520 170 42 Stimme
3366 1522 82 39 und

1857 1580 142 39 Talent
2045 1580 81 40 und
2158 1581 181 40 verdient
2368 1593 141 41 wegen
2548 1582 107 40 ihres
2694 1582 325 40 lobenswerthen
3050 1583 171 42 Fleisses
3250 1585 174 40 anerken-

1856 1643 132 39 nende
2018 1644 341 54 Aufmunterung,
2413 1658 136 27 worein
2590 1658 42 28 es
2672 1646 108 40 denn
2820 1646 102 40 auch
2967 1647 69 39 das
3079 1648 215 40 Publicum
3338 1648 109 42 nicht

1855 1705 133 40 fehlen
2018 1707 110 40 lässt.

1934 1778 49 39 In
2025 1778 186 42 nächster
2241 1780 156 40 Woche
2445 1780 100 40 wird
2585 1794 144 28 unsere
2761 1782 111 51 Oper
2923 1782 82 40 vier
3044 1782 317 52 Vorstellungen
3407 1782 40 39 in

1856 1841 325 52 Antwerpen
2213 1844 143 50 geben,
2387 1844 81 39 und
2493 1844 73 40 wir
2588 1845 161 40 werden
2771 1846 181 51 dagegen
2982 1846 64 40 die
3078 1844 369 40 französische

1863 1904 425 51 Opern-Gesellschaft
2325 1914 117 33 unter
2472 1909 71 38 der
2571 1909 208 40 Direction
2805 1910 71 39 des
2905 1910 135 39 Herrn
3072 1909 125 50 Naej
3241 1921 77 26 von
3359 1908 89 39 dort

1857 1968 71 38 auf
1953 1979 185 29 unserem
2166 1969 266 41 Stadttheater
2460 1971 135 40 sehen.
2629 1972 118 39 Diese
2778 1971 99 40 wird
2907 1973 25 37 4
2957 1971 138 53 Opern
3124 1972 145 52 geben,
3300 1971 150 40 welche

1857 2031 114 40 theils
2014 2044 77 27 neu
2122 2033 102 48 sind,
2269 2035 73 41 wie
2387 2037 50 37 Le
2464 2050 112 35 songe
2606 2039 111 34 dune
2747 2039 83 34 nuit
2858 2037 93 37 d'ete
2994 2048 75 27 von
3112 2036 159 40 Ambr
3321 2036 94 39 Tho-

1856 2106 118 31 mas,
2017 2094 118 41 theils
2165 2097 87 40 hier
2281 2098 103 40 noch
2415 2111 71 38 gar
2516 2098 109 40 nicht
2663 2099 181 52 gegeben
2877 2098 177 47 worden,
3099 2098 76 39 wie
3213 2098 197 52 Halevy
3432 2111 15 25 *

1854 2160 70 36 Les
1952 2159 296 51 Mousquetaires
2275 2163 44 36 de
2347 2164 38 35 la
2416 2164 118 35 Reine
2537 2191 8 15 ,
2576 2163 218 39 Auber's
3232 2162 80 39 lind
3336 2163 88 47 Haij-

1855 2222 74 41 dee.
1959 2222 244 42 Interessant
2232 2224 99 40 wird
2363 2225 84 40 dies
2472 2225 211 52 jedenfalls
2714 2225 97 40 sein.
2870 2225 100 39 Was
3010 2224 168 41 machen
3210 2225 65 39 die
3305 2224 118 41 Eisen-

1860 2286 161 40 bahnen
2053 2286 108 40 nicht
2191 2288 95 39 alles
2315 2288 198 52 möglich!

1934 2420 307 44 fldaiisbitrg-,
2288 2418 112 39 Stadt
2429 2419 71 40 mit
2535 2420 140 40 10.000
2703 2420 158 47 Seelen,
2906 2433 64 27 am
3008 2422 248 38 tonlosen
3285 2420 135 40 Zusam-

1856 2480 216 41 menflüsse
2100 2480 69 39 des
2199 2479 151 41 Rhein-
2379 2483 82 38 und
2492 2483 295 47 Ruhr-Canals,
2832 2483 120 41 treibt
2995 2485 160 38 starken
3187 2483 158 40 Handel
3377 2483 71 40 mit

1855 2543 154 41 Zucker
2037 2543 84 39 und
2140 2543 151 44 Tabak,
2321 2544 104 40 steht
2453 2545 97 41 aber
2580 2545 63 41 bei
2674 2546 73 39 der
2778 2546 275 41 FrauMusica
3084 2546 40 39 in
3154 2545 158 41 keinem
3342 2549 78 36 süs-

1854 2619 89 27 sen
1982 2606 253 40 Gerüche.
2291 2606 133 40 Schon
2456 2608 73 40 seit
2562 2609 232 39 Decennien
2827 2622 82 27 war
2939 2610 39 38 in
3009 2609 62 40 ihr
3100 2621 76 27 von
3206 2609 130 40 einem
3369 2609 51 40 Ge-

1854 2681 115 40 sang-
2011 2669 80 38 und
2137 2668 388 42 Orchester-Verein
2569 2671 118 40 keine
2719 2672 111 39 Rede
2871 2672 126 46 mehr,
3040 2671 250 52 geschweige
3333 2672 107 40 denn

1856 2745 75 27 von
1988 2731 237 41 Concerlen.
2337 2733 160 39 Diesem
2543 2733 124 41 Uebel
2712 2734 109 39 ward
2862 2735 96 38 aber
3003 2747 70 27 vor
3128 2734 98 39 zwei
3277 2735 163 44 Jahren,

1854 2796 57 40 als
1940 2795 108 40 Herr
2076 2795 50 39 A.
2157 2807 93 27 zur
2279 2794 200 42 Nieden
2526 2809 74 27 von
2635 2798 114 38 Bonn
2797 2797 140 40 hieher
2979 2797 91 40 kam
3116 2798 83 38 und
3229 2797 125 41 Beide
3384 2799 61 39 ins

1854 2859 138 40 Leben
2023 2858 83 46 rief,
2136 2857 96 40 Halt
2260 2859 185 50 geboten,
2475 2859 81 39 und
2585 2859 131 40 seiner
2738 2860 217 52 tüchtigen,
2985 2859 267 52 umsichtigen
3276 2860 170 50 Leitung

1855 2920 230 41 verdanken
2115 2920 73 40 wir
2217 2932 85 28 nun
2332 2920 98 41 viele
2461 2921 279 40 musicalische
2764 2921 198 41 Genüsse.
2992 2922 114 39 Doch
3137 2922 77 39 wie
3243 2928 71 45 gut
3342 2923 105 39 auch

1856 2984 71 39 der
1957 2983 135 46 Wille,
2135 2982 65 41 die
2230 2983 142 39 Kräfte
2408 2983 161 40 blieben
2608 2984 211 47 schwach;
2868 2998 40 26 es
2939 2998 83 26 war
3061 2984 126 41 daher
3215 2985 64 39 ein
3310 2985 115 51 glück-

1854 3046 126 41 licher
2009 3045 206 47 Gedanke,
2246 3045 71 40 mit
2348 3045 93 40 dem
2470 3047 300 40 benachbarten
2810 3048 250 39 Mülheim
3091 3059 60 28 an
3181 3048 93 39 der
3303 3048 145 40 Ruhr

1854 3108 121 41 Hand
2005 3107 41 40 in
2079 3108 118 39 Hand
2228 3120 46 26 zu
2304 3107 130 52 gehen
2479 3108 80 39 und
2600 3109 391 52 gemeinschaftliche
3022 3109 196 41 Concerte
3247 3123 48 27 zu
3327 3114 96 48 grün-

1853 3174 92 38 den.
1989 3172 80 41 Das
2098 3177 103 35 erste
2232 3172 92 39 fand
2355 3172 173 40 daselbst
2569 3186 63 26 am
2665 3175 35 37 3.
2730 3174 238 50 September
2998 3173 102 40 Statt
3140 3174 86 40 und
3266 3175 81 51 galt
3376 3175 72 40 der

1853 3236 266 50 „Zerstörung
2157 3234 245 41 Jerusalems
2406 3239 21 15 44
2458 3247 76 27 von
2565 3236 43 38 F.
2639 3235 143 41 Hiller.
2811 3236 74 39 Die
2907 3236 270 52 Ausführung
3208 3243 116 33 unter
3354 3237 89 40 dem

1853 3299 182 52 dortigen
2066 3298 247 53 Dirigenten,
2358 3298 91 39 dem
2481 3299 247 40 excellenten
2758 3298 139 40 Violin
2919 3299 220 40 Virtuosen
3171 3299 134 40 Herrn
3334 3301 109 39 Hub.

1853 3361 218 51 Engels,
2112 3361 143 52 gelang
2292 3360 259 47 vortrefflich,
2597 3373 112 27 wozu
2740 3360 71 40 der
2843 3361 215 40 berühmte
3087 3361 140 42 kölner
3256 3362 184 41 Tenorist

1854 3426 107 39 Herr
1989 3424 147 40 Koch
2165 3437 70 39 gar
2265 3424 74 40 viel
2369 3423 170 52 beitrug.
2596 3424 80 40 Das
2707 3424 140 40 zweite
2878 3424 184 48 Concert,
3093 3430 114 34 unter
3237 3425 199 41 Direction

1854 3489 69 39 des
1954 3488 135 40 Herrn
2120 3501 88 26 zur
2237 3487 212 47 Nieden,
2489 3487 135 40 hatten
2656 3487 73 40 wir
2758 3500 64 27 am
2852 3488 38 40 8.
2921 3487 174 41 October
3124 3487 125 47 hier,
3288 3488 82 40 und
3400 3488 41 40 in

1854 3551 71 41 der
1954 3550 167 41 zweiten
2152 3550 135 41 Hälfte
2315 3550 213 39 desselben
2557 3549 79 40 den
2667 3549 137 41 hohen
2834 3549 156 42 Genuss
3020 3551 69 38 des
3117 3554 131 35 ersten
3280 3549 161 40 Theiles

1854 3615 69 39 des
2177 3625 76 27 von
2283 3612 233 41 Mendels
2531 3612 473 52 sohn-Bartholdy.
3033 3613 274 45 Accuratesse,
3324 3613 94 39 Fein-

1855 3678 82 40 heit
1964 3678 82 38 und
2077 3677 114 39 Kraft
2233 3676 42 40 in
2313 3676 78 40 den
2423 3675 177 48 Chören,
2647 3676 259 40 seelenvoller
2938 3675 168 52 Vortrag
3152 3675 73 39 der
3253 3675 83 40 Soli
3374 3676 65 40 bei

1854 3741 180 40 schönen
2054 3739 300 40 Stimmmitteln
2467 3739 41 39 in
2543 3738 193 40 welchem
2763 3737 82 40 sich
2874 3736 242 40 namentlich
3142 3736 97 41 zwei
3269 3739 150 40 mülhei-

1856 3816 85 27 mer
1971 3803 167 46 Damen,
2168 3801 52 40 V.
2248 3802 83 39 und
2364 3802 59 45 T.,
2462 3801 85 39 und
2577 3800 64 40 ein
2671 3799 172 51 hiesiger
2871 3798 215 40 Baritonist
3115 3798 39 40 S.
3184 3799 234 42 auszeichne-

1858 3871 66 35 ten
2014 3866 133 50 gaben
2175 3864 93 40 dem
2300 3864 167 40 Ganzen
2498 3863 88 40 eine
2615 3861 158 46 schöne,
2801 3862 226 51 gelungene
3056 3862 270 52 Abrundung,
3357 3864 85 39 und

1858 3929 105 40 wohl
1992 3927 174 53 gebührt
2194 3928 94 39 dem
2317 3927 235 52 Dirigenten
2582 3925 63 39 die
2684 3924 101 39 volle
2826 3924 109 39 Ehre
2973 3925 71 39 der
3081 3924 242 53 tüchtigsten
3352 3927 67 40 Lei-

1857 3997 110 47 tung.
2014 3991 62 40 Im
2106 3995 134 38 ersten
2269 3989 142 41 Theile
2450 3988 197 40 erfreuten
2684 3986 65 40 die
2787 3991 229 48 genannten
3045 3987 396 42 Musik-Directoren

1858 4054 127 41 durch
2014 4053 63 41 ihr
2106 4053 219 42 herrliches
2347 4049 337 52 Zusammenspiel
2715 4049 72 40 der
2803 4050 180 39 Kreuzer
2998 4049 266 53 gewidmeten
3283 4052 158 37 A-dur-

1858 4117 146 41 Sonate
2045 4128 79 32 von
2153 4116 229 40 Beethoven
2424 4114 78 39 den
2531 4113 124 40 Laien
2697 4115 74 37 wie
2816 4113 78 40 den
2931 4113 299 49 Kunstkenner,
3272 4116 86 40 und

1860 4180 109 43 blieb
2015 4179 119 45 dabei
2176 4193 76 30 nur
2295 4177 63 43 die
2401 4176 264 53 mangelhafte
2702 4174 321 43 Beschaffenheit
3065 4176 70 41 des
3189 4177 162 52 Flügels
3390 4190 52 29 in
