4099 5638
3741 5209 82 56 43

216 494 406 137 Merz

222 706 222 81 Kurt
505 706 478 81 Schwitters

226 944 188 58 Merz
483 944 81 58 ist
639 941 628 71 Weltanschauung.
1362 941 147 61 Sein
1585 942 241 60 Wesen
1897 942 78 60 ist

231 1052 298 60 absolute
581 1052 600 71 Unbefangenheit,
1237 1051 433 69 vollständige
1726 1052 208 58 Unvor-

227 1162 674 72 eingenommenheit.
974 1162 244 60 Darauf
1270 1162 236 60 beruht
1553 1161 102 59 die
1707 1162 131 70 Art,
1889 1162 84 58 im

229 1274 197 59 Sinne
464 1293 129 40 von
620 1274 183 58 Merz
847 1291 75 41 zu
966 1271 311 62 schaffen.
1328 1274 64 56 In
1431 1272 254 60 keinem
1716 1272 215 68 Augen-

227 1384 170 60 blick
449 1384 115 60 des
624 1383 338 61 Schaffens
1020 1383 139 69 gibt
1211 1401 70 41 es
1333 1383 100 57 für
1487 1383 126 59 den
1674 1383 301 61 Künstler

236 1494 486 68 Hemmungen,
790 1491 384 61 Vorurteile.
1267 1493 64 57 In
1399 1491 212 69 jedem
1680 1491 292 59 Stadium

224 1625 124 40 vor
412 1606 113 59 der
597 1604 421 70 Vollendung
1088 1606 81 58 ist
1235 1604 115 58 das
1416 1603 195 59 Werk
1680 1603 102 59 für
1848 1601 124 61 den

234 1714 305 63 Künstler
600 1733 117 41 nur
781 1714 298 60 Material
1142 1713 100 59 für
1303 1713 101 59 die
1465 1711 264 61 nächste
1794 1711 178 59 Stufe

231 1826 113 59 der
397 1825 416 69 Gestaltung.
898 1825 118 59 Nie
1077 1826 82 58 ist
1211 1825 104 59 ein
1370 1823 408 59 bestimmtes
1841 1823 132 59 Ziel

231 1936 279 60 erstrebt
549 1935 202 61 außer
796 1935 114 59 der
957 1936 435 66 Konsequenz
1438 1935 115 57 des
1597 1931 376 61 Gestaltens

226 2067 83 39 an
363 2046 156 61 sich.
602 2046 132 60 Das
791 2045 295 61 Material
1145 2046 83 58 ist
1276 2045 352 69 bestimmt,
1687 2043 112 59 hat
1848 2041 85 61 Ge-

226 2161 198 68 setze,
481 2158 110 59 hat
646 2156 447 61 Vorschriften
1147 2155 103 59 für
1299 2155 126 59 den
1480 2153 319 68 Künstler,
1856 2153 116 58 das

231 2266 130 61 Ziel
415 2266 192 61 nicht.
688 2266 119 60 Die
864 2268 434 66 Konsequenz
1348 2263 464 70 beaufsichtigt
1858 2263 114 58 das

229 2378 324 61 Schaffen.
647 2378 481 59 Entscheidend
1199 2377 102 59 bei
1377 2375 417 68 Beurteilung
1861 2373 114 59 der

229 2488 293 71 Qualität
580 2490 177 59 eines
822 2487 272 59 Werkes
1160 2488 80 58 ist
1299 2487 115 59 der
1469 2483 177 59 Grad
1709 2483 115 59 der
1885 2502 60 40 er-

226 2602 233 61 zielten
498 2603 437 66 Konsequenz
976 2602 79 57 im
1098 2597 322 62 Schaffen.
1484 2597 90 61 Ist
1601 2597 113 57 der
1741 2595 195 61 Künst-

226 2712 93 59 ler
370 2730 74 41 zu
502 2710 315 71 größerer
874 2712 435 66 Konsequenz
1362 2707 200 69 fähig,
1614 2724 76 40 so
1748 2705 108 59 hat
1907 2722 68 41 er

227 2822 166 61 auch
453 2824 100 57 die
620 2820 229 61 Pflicht
906 2820 185 59 dazu.
1176 2817 428 69 Unfähigkeit
1655 2815 285 59 entschul-

231 2934 139 67 digt
412 2932 191 71 nicht,
656 2932 169 59 denn
876 2932 102 59 ein
1025 2925 449 63 Mindestmaß
1519 2945 127 41 von
1699 2925 274 61 Können

231 3045 81 58 ist
365 3044 99 59 für
525 3044 192 67 jeden
781 3042 305 63 Künstler
1147 3039 398 67 notwendig.
1623 3035 181 61 Nach
1865 3035 110 60 der

226 3155 272 58 inneren
544 3154 437 68 Konsequenz
1028 3152 214 58 seines
1294 3147 317 69 Kollegen
1657 3164 76 41 zu
1772 3144 170 61 arbei-

222 3267 134 68 len,
426 3264 184 61 heißt
680 3264 345 59 Imitation.
1118 3262 374 59 Imitatoren
1560 3255 279 71 glauben
1905 3274 68 39 es

231 3374 371 69 ebensogut
652 3391 80 42 zu
790 3372 293 70 machen,
1140 3372 122 58 wie
1318 3369 117 59 das
1487 3367 290 70 kopierte
1834 3364 106 59 Ori-

229 3484 193 69 ginal.
500 3486 135 57 Nur
690 3484 162 59 fehlt
908 3482 195 60 ihnen
1162 3481 136 69 das,
1352 3476 254 62 worauf
1658 3496 70 39 es
1785 3474 185 59 allein

229 3596 357 69 ankommt,
661 3596 115 57 das
854 3592 476 70 Schöpfertum,
1406 3589 102 59 die
1582 3586 388 61 elementare

234 3706 197 71 Kraft,
483 3707 115 60 mit
649 3707 112 58 der
812 3706 113 57 der
976 3701 333 71 originelle
1364 3699 304 63 Künstler
1716 3694 252 63 schafft.

234 3814 131 61 Das
434 3814 344 61 Publikum
851 3814 282 59 fürchtet
1199 3811 204 59 nichts
1472 3828 76 40 so
1609 3807 168 68 sehr,
1848 3806 122 57 wie

227 3924 395 63 elementare
681 3926 198 69 Kraft,
942 3926 102 58 die
1099 3943 72 41 es
1228 3926 161 56 stets
1443 3921 256 59 wittert.
1782 3916 188 59 Denn

216 4036 406 61 elementare
686 4036 185 61 Kraft
934 4034 169 60 kann
1167 4033 102 59 die
1338 4029 181 65 Ruhe
1579 4028 115 59 des
1765 4024 173 59 Publi-

227 4146 188 61 kums
485 4151 242 58 stören.
827 4146 405 59 Elementare
1306 4141 180 63 Kraft
1555 4139 205 70 pflegt
1824 4155 144 38 man

226 4258 330 69 gefangen
590 4278 73 39 zu
707 4263 220 56 setzen
966 4256 159 59 oder
1162 4273 76 41 zu
1270 4249 395 65 vernichten.
1709 4244 220 73 „Wohl-

227 4371 161 68 tätig
478 4371 83 58 ist
634 4368 115 61 des
827 4370 237 55 Feuers
1142 4363 196 71 Kraft,
1426 4380 193 40 wenn
1692 4359 93 58 sie
1860 4356 112 59 der

227 4480 273 59 Mensch
591 4478 326 69 bezähmt,
1013 4475 317 67 bewacht,
1406 4471 164 59 doch
1643 4466 327 61 furchtbar

219 4590 168 57 wird
432 4588 102 61 die
590 4586 565 70 Himmelsmacht,
1206 4602 193 42 wenn
1450 4581 91 60 sie
1587 4580 114 57 der
1753 4576 215 59 Fessel

226 4700 133 59 sich
407 4700 279 69 entrafft,
742 4698 363 61 einhertritt
1152 4693 107 61 auf
1303 4693 115 59 der
1462 4691 272 68 eigenen
1787 4686 178 70 Spur,

226 4810 101 59 die
376 4810 158 59 freie
591 4810 285 59 Tochter
928 4808 114 59 der
1447 4801 240 60 Darum
1743 4796 225 60 wurde

227 4918 300 61 Christus
619 4920 399 69 gekreuzigt,
1115 4915 232 61 Galiläi
1420 4910 320 71 gefoltert.
1836 4905 130 59 Das

231 5028 340 61 Publikum
646 5032 320 57 bewertet
1040 5028 126 60 den
1245 5027 288 57 Imitator
1607 5018 207 61 höher
1878 5018 90 58 als

2103 504 115 59 das
2267 503 310 72 Original,
2633 507 144 58 weil
2831 524 67 41 es
2954 505 112 60 mit
3110 505 239 60 feinem
3406 504 270 61 Instinkt
3727 505 101 60 die

2104 612 464 61 Abwesenheit
2626 614 152 61 alles
2849 614 447 59 Elementaren
3361 614 286 59 erkennt.
3732 614 96 57 An

2104 724 112 59 der
2269 724 177 61 Kraft
2502 724 114 59 der
2670 724 413 71 Ablehnung,
3142 744 78 39 an
3271 724 115 59 der
3439 724 223 59 Größe
3718 724 114 59 der

2109 834 376 69 Empörung
2529 834 114 59 des
2699 832 374 61 Publikums
3125 834 270 59 erkennt
3440 834 114 59 der
3603 834 191 61 Künst-

2104 944 88 59 ler
2252 944 101 59 die
2423 946 386 57 elementare
2880 944 179 61 Kraft
3120 944 212 59 seiner
3390 944 254 59 Werke.
3733 944 95 57 An

2104 1052 144 61 dem
2299 1052 218 61 Grade
2573 1052 112 59 der
2738 1054 389 68 Zuneigung
3175 1054 179 57 eines
3403 1050 251 70 großen
3711 1050 80 60 Pu-

2103 1162 277 60 blikums
2424 1183 75 39 zu
2548 1164 208 58 einem
2809 1164 301 59 Künstler
3151 1162 274 60 erkennt
3461 1162 113 60 der
3623 1162 207 68 Kluge

2104 1274 122 59 den
2269 1272 174 61 Grad
2492 1272 112 60 der
2650 1274 323 59 Imitation
3019 1274 61 58 in
3119 1271 125 61 den
3290 1272 277 60 Werken
3611 1271 217 59 dieses

2099 1365 388 70 Künstlers.
2524 1371 136 62 Der
2677 1369 306 64 absolute
2998 1369 339 78 Imitator,
3356 1367 120 66 der
3489 1367 116 64 Kit
3618 1367 215 78 scher,

2098 1479 121 64 hat
2270 1479 105 64 die
2428 1479 286 66 meisten
2753 1479 311 66 Freunde
3100 1477 173 66 beim
3312 1479 379 78 Publikum,
3730 1479 102 63 bei

2104 1604 220 59 seinen
2367 1603 279 59 Werken
2692 1603 166 59 fühlt
2902 1603 113 59 das
3061 1601 205 69 große
3312 1599 335 61 Publikum
3693 1599 133 59 sich

2104 1733 73 41 so
2233 1713 327 71 heimisch,
2621 1731 74 41 so
2749 1731 77 41 zu
2883 1713 242 67 Hause,
3178 1730 76 40 so
3312 1716 186 54 unter
3550 1711 151 66 sich,
3760 1728 66 40 es

2103 1823 164 61 fühlt
2301 1824 132 60 sich
2475 1823 347 59 zufrieden.
2865 1823 166 59 Statt
3068 1821 112 59 des
3219 1821 320 61 Imitators
3579 1819 251 68 schlägt

2104 1953 66 41 es
2216 1934 197 60 lieber
2460 1934 100 58 die
2611 1934 387 58 elementare
3051 1931 179 61 Kraft
3271 1933 124 57 tot:
3445 1929 380 71 „Kreuzige,

2577 2041 184 59 Doch
2838 2041 113 59 das
3025 2043 82 56 ist
3176 2038 410 69 Täuschung,
3655 2038 170 59 denn

2098 2173 72 41 es
2228 2155 168 57 kann
2460 2171 169 41 zwar
2689 2151 123 59 den
2876 2149 319 70 Künstler,
3256 2148 174 59 nicht
3486 2148 100 59 die
3654 2146 176 61 Kraft

2103 2265 428 67 totschlagen.
2621 2263 401 59 Elementare
3095 2260 179 60 Kraft
3335 2261 134 58 tritt
3535 2260 97 57 nie
3694 2276 101 39 ver-

2104 2373 231 61 einzelt
2380 2373 124 69 auf,
2558 2375 92 57 sie
2700 2370 251 61 wächst
2998 2388 114 41 aus
3158 2370 113 57 der
3324 2370 138 57 Zeit
3513 2368 134 57 hier
3694 2366 131 59 und

2099 2470 105 64 da.
2330 2468 277 81 Schlagt
2661 2470 119 62 Ihr
2854 2464 129 68 den
3039 2466 212 64 Einen
3332 2473 120 71 tot,
3506 2483 73 46 so
3645 2464 188 66 leben

2106 2595 164 61 noch
2338 2593 315 61 Hundert.

2104 2707 182 57 Merz
2340 2707 79 57 ist
2484 2705 448 64 Konsequenz.
3015 2700 178 59 Merz
3252 2698 307 59 bedeutet
3618 2695 175 61 Bezie-

2106 2817 261 67 hungen
2424 2812 309 71 schaffen,
2797 2830 98 39 am
2959 2810 270 59 liebsten
3288 2806 320 61 zwischen
3660 2806 166 60 allen

2108 2925 255 68 Dingen
2416 2923 112 60 der
2582 2920 189 61 Welt.

2099 3130 235 80 Über
2395 3130 164 78 den
2627 3127 357 79 Sternen

2101 3362 386 61 Schmerzen
2551 3359 287 71 stolpern
2909 3360 208 58 meine
3185 3357 177 68 Tage
3432 3355 174 59 einer
3667 3352 159 59 nach

2790 3470 144 60 dem
3000 3467 244 61 andern
3305 3465 157 59 über
3528 3462 226 61 Felsen

2099 3582 579 61 Wolkenschatten
2733 3579 308 59 wandern
3105 3577 208 59 neben
3376 3575 117 58 mir
3549 3575 280 58 vertraut

3344 3684 127 61 und
3545 3682 210 61 fremd

2104 3802 341 71 Irgendwo
2487 3804 59 56 in
2595 3802 207 58 einem
2848 3797 111 61 Tal
3007 3795 249 61 scheint
3291 3795 115 60 der
3447 3792 205 59 Mond
3699 3790 126 60 den

2641 3907 361 61 Menschen
3048 3904 211 61 Schlaf
3371 3902 149 59 Und
3564 3902 193 58 Trost

2103 4021 342 72 Irgendwo
2489 4021 106 59 auf
2639 4019 290 59 weichen
2983 4016 261 69 Hügeln
3291 4012 280 63 leuchtet
3608 4010 217 60 Sonne

2875 4124 276 63 tausend
3222 4122 230 59 frohen
3527 4121 225 57 Blüten

2104 4242 173 63 Klart
2341 4241 251 61 klimmt
2661 4239 166 59 mein
2897 4236 169 67 Weg

2099 4349 578 63 Wolkenschatten
2722 4346 192 61 fallen
2966 4344 203 59 fremd
3222 4341 230 61 zurück

2103 4463 147 61 Klar
2291 4463 249 59 klimmt
2592 4461 166 57 mein
2809 4457 169 68 Weg

2101 4573 149 59 Und
2292 4571 173 59 steilt

2103 4681 318 61 Hellhoch

2098 4793 177 59 Mein
2326 4791 171 68 Weg

2101 4903 181 61 Kalte
2352 4899 269 61 Blumen
2694 4896 184 59 blüht
2944 4894 112 58 der
3122 4891 247 61 Schnee
3435 4893 58 56 in
3566 4889 255 60 meinen

3500 4999 250 68 Bergen
