3576 4417
1744 97 92 53 379

132 277 160 34 waren
336 254 341 67 widerborstig,
727 252 261 59 stürmisch,
1035 251 113 51 oder
1194 245 323 67 schwerfällig,
1564 242 145 69 gleich-

132 344 162 67 gültig,
327 340 241 67 schläfrig;
615 337 94 51 und
855 357 81 31 zur
980 337 180 68 ewigen
1192 334 127 49 Ehre
1364 330 80 51 des
1477 329 256 50 deutschen

131 429 215 51 Meisters
392 426 62 51 sei
497 443 48 32 es
591 433 165 59 gesagt
900 421 226 52 während
1157 418 167 52 Piccini
1368 415 224 67 angstvoll
1637 414 94 50 und

132 534 116 49 ganz
282 513 96 51 und
409 529 83 50 gar
524 510 280 68 entmuthigt
847 509 47 49 in
936 509 149 49 einem
1118 504 192 53 YVinkel
1345 501 82 50 der
1457 503 128 66 Loge
1618 518 113 42 sass,

132 600 111 50 hielt
290 598 162 57 Gluck,
499 597 149 50 Gluck
694 595 143 51 selbst
883 594 64 50 als
986 588 620 54 General-Musik-Director
1650 585 80 51 das

134 684 258 51 Orchester
422 683 94 49 und
549 682 71 49 die
656 683 181 65 Sänger
868 679 44 50 in
945 677 250 64 Ordnung,
1239 673 190 51 brachte
1458 672 144 50 durch
1636 672 95 49 sein

131 769 221 51 Ansehen
397 769 69 50 die
519 764 349 62 „dissonirende
898 760 236 52 Maschine
1179 759 173 51 wieder
1394 758 41 52 in
1470 758 71 51 die
1573 757 158 49 rechte

473 852 94 49 und
600 857 147 43 setzte
779 848 124 50 seine
938 845 194 69 kräftige
1165 842 366 54 Persönlichkeit
1559 843 71 48 für
1662 840 71 50 die

134 941 209 53 zaghafte
390 937 258 52 Schwäche
693 934 81 50 des
818 932 356 52 Nebenbuhlers
1218 931 87 50 ein.
1350 932 96 47 Das
1490 946 98 33 war
1630 926 101 50 edel

132 1025 96 50 und
261 1041 147 50 gross.
440 1021 113 51 Wie
586 1018 240 51 manchem
859 1018 333 68 Componisten
1217 1014 93 51 und
1336 1012 398 52 Musik-Director

132 1126 196 34 unserer
362 1110 14 45 l
395 1122 85 51 äge
512 1124 121 49 mag,
665 1122 137 33 wenn
833 1121 51 32 er
915 1103 147 50 dieses
1095 1103 130 57 lies't,
1259 1099 70 51 die
1358 1098 157 51 Rothe
1547 1097 68 49 ins
1642 1097 61 48 Ge-

135 1193 117 51 sicht
284 1192 207 68 steigen!

262 1286 165 51 Piccini
469 1303 98 31 war
609 1284 298 50 dermaassen
949 1280 301 67 entmuthigt,
1296 1279 104 49 dass
1433 1295 51 32 er
1515 1276 94 51 sich
1651 1294 80 32 um

134 1373 147 50 nichts
313 1373 286 55 kümmerte;
640 1369 83 49 auf
747 1369 85 48 alle
865 1367 374 67 Anmahnungen
1269 1362 337 59 Marmontel's,
1649 1361 84 50 der

134 1459 117 49 über
282 1458 187 50 Gluck's
502 1454 283 52 Grossmuth
818 1451 220 51 wüthend
1071 1469 113 41 war,
1222 1455 282 45 antwortete
1535 1464 49 33 er
1615 1464 115 32 nur:

140 1548 136 48 Tutio
305 1562 59 33 va
394 1544 147 50 male!
585 1540 94 50 und
710 1540 66 50 als
809 1557 51 31 er
891 1539 44 48 in
967 1538 80 49 das
1079 1536 204 50 Theater
1316 1553 83 30 zur
1429 1541 153 42 ersten
1613 1531 87 50 Auf-

135 1629 203 66 führung
371 1627 117 57 fuhr,
519 1625 137 51 nahm
684 1624 124 51 seine
831 1623 188 49 Familie
1044 1639 89 33 von
1164 1621 90 49 ihm
1282 1619 81 49 mit
1391 1618 217 52 Thränen
1632 1615 65 51 Ab-

136 1714 169 59 schied,
337 1713 65 49 als
433 1729 138 33 wenn
604 1728 50 32 er
687 1728 105 32 zum
817 1708 131 51 Tode
973 1708 150 67 ginge.
1156 1707 66 49 Er
1254 1704 147 51 selbst
1430 1701 182 53 schrieb
1645 1721 56 30 un-

135 1808 72 42 ter
253 1798 238 51 Anderem
536 1813 56 32 an
640 1794 134 50 einen
818 1792 216 52 Freund:
1104 1790 109 59 „Ich
1264 1789 137 59 tühle,
1458 1788 104 49 dass
1609 1785 124 51 mein

136 1883 234 52 Schicksal
402 1881 296 52 entschieden
732 1879 72 57 ist,
846 1877 97 51 und
985 1877 82 49 der
1110 1874 160 51 Teufel
1315 1874 84 50 soll
1441 1872 119 50 mich
1608 1870 126 51 nicht

136 1969 231 55 abhalten,
402 1983 191 49 morgen
626 1963 119 51 nach
769 1962 171 68 Neapel
974 1959 430 51 zurückzukehren.
1437 1957 76 51 Ich
1547 1955 78 50 bin
1654 1973 53 32 ru-

136 2053 78 68 hig
245 2070 171 51 genug,
449 2049 111 50 aber
592 2048 118 50 auch
742 2047 124 49 eines
901 2044 346 52 schauerlichen
1279 2042 151 51 Falles

263 2159 98 47 Der
393 2152 166 52 Abend
593 2152 105 50 kam
731 2151 157 50 heran.
924 2149 188 49 Damals
1143 2164 157 33 waren
1333 2146 69 50 die
1437 2146 174 50 Worte
1642 2160 91 32 von

139 2242 190 53 Göthe's
362 2236 444 52 Theater-Director
835 2235 59 49 im
926 2235 146 49 Faust
1101 2231 121 51 noch
1255 2231 99 50 eine
1385 2229 251 52 Wahrheit

149 2344 80 41 „es
263 2329 215 61 zwängte
510 2321 92 50 sich
637 2320 81 49 der
750 2320 162 48 Strom
945 2317 83 50 der
1057 2317 170 65 Menge
1260 2315 80 51 mit
1372 2312 217 69 gewaltig
1622 2311 81 50 wie-

140 2410 239 53 derholten
413 2408 172 50 Mühen
618 2405 144 51 durch
809 2404 71 51 die
924 2419 118 51 enge
1077 2401 361 66 Gnadenpforte,
1480 2397 126 51 focht
1637 2396 96 50 sich

139 2496 67 50 bis
240 2513 56 33 an
328 2494 70 51 die
430 2491 141 51 Gasse
614 2489 92 51 und
750 2488 143 50 brach
938 2486 92 51 sich
1062 2504 79 32 um
1174 2485 72 50 ein
1277 2484 136 49 Billet
1443 2483 71 49 die

139 2667 126 50 nicht
294 2664 132 51 mehr
456 2663 182 54 hervor,
684 2659 249 50 höchstens
972 2657 122 50 noch
1137 2655 81 50 der
1260 2654 203 50 einzelne
1494 2650 237 52 Künstler.

140 2753 98 48 Der
259 2749 130 51 Brief
408 2748 123 49 eines
555 2743 292 67 Engländers
873 2759 56 32 an
955 2742 89 49 den
1072 2739 192 51 Dichter
1286 2738 200 67 Dorat*)
1519 2735 217 51 schildert

140 2853 86 33 uns
259 2834 82 50 auf
365 2831 242 66 lebendige
637 2828 167 52 Weise
836 2827 80 49 das
947 2828 218 48 Parterre
1197 2842 57 32 an
1279 2823 154 67 jenem
1465 2820 224 51 Abende:

281 2937 109 60 „Ich
423 2954 98 31 war
548 2935 78 49 des
661 2949 194 52 grossen
887 2930 278 66 Andranges
1208 2944 166 50 wegen
1418 2926 106 49 sehr
1556 2924 102 50 früh
1688 2923 46 50 in

143 3024 69 50 die
245 3024 131 68 Oper
407 3036 242 52 gegangen
680 3017 93 50 und
806 3016 104 49 liess
940 3013 117 51 mich
1089 3013 44 50 in
1165 3012 105 50 dem
1294 3010 312 52 Mittelraume
1637 3007 72 51 nie-

141 3110 98 58 der,
280 3126 80 32 um
392 3106 80 51 das
505 3102 265 70 Schauspiel
814 3101 131 51 desto
981 3098 157 51 besser
1171 3114 239 52 gemessen
1444 3114 56 30 zu
1532 3095 198 49 können.

143 3194 86 49 Mit
267 3191 154 67 jedem
454 3187 320 69 Augenblicke
818 3185 80 51 sah
930 3184 70 50 ich
1032 3200 119 33 neue
1184 3181 257 57 Gesichter,
1485 3178 70 50 die
1585 3178 148 50 Einen

144 3279 89 51 voll
263 3274 275 57 Heiterkeit,
583 3272 70 51 die
686 3271 221 50 Anderen
948 3269 87 50 voll
1068 3267 192 50 Unruhe
1303 3266 93 50 sich
1439 3264 150 67 hastig
1628 3280 79 33 vor-

144 3360 253 69 drängend.
432 3360 145 48 Gross
610 3373 170 51 genug,
812 3354 88 51 wie
930 3352 71 51 ich
1034 3351 89 60 bin,
1156 3351 126 48 hatte
1307 3368 47 31 es
1378 3349 88 50 den
1485 3347 248 58 Anschein,

145 3449 64 50 als
240 3445 245 67 befehligte
530 3443 71 49 ich
648 3441 86 50 alle
779 3440 71 50 die
896 3438 179 50 kleinen
1107 3436 287 68 Fahrzeuge,
1439 3434 73 54 die
1554 3432 92 51 sich
1688 3432 46 50 in

144 3533 148 51 einem
336 3528 184 53 Wirbel
563 3544 77 32 um
686 3524 120 52 mich
851 3523 244 67 drängten.
1151 3520 135 51 Doch
1331 3519 209 52 inmitten
1585 3516 150 51 dieser

143 3619 171 65 Menge
345 3614 81 51 mit
456 3612 182 52 meinen
670 3609 254 51 Gedanken
967 3606 147 60 allein,
1157 3606 183 50 achtete
1380 3604 71 49 ich
1496 3603 124 50 nicht
1660 3601 82 50 auf

145 3703 70 48 die
240 3698 267 53 lärmenden
532 3695 96 51 und
648 3692 472 52 verschwimmenden
1142 3692 164 57 Laute,
1338 3688 176 51 welche
1542 3706 51 31 so
1616 3685 118 51 eben

146 3786 233 67 anfingen,
419 3802 82 32 um
530 3780 119 51 mich
681 3779 83 50 her
794 3775 404 52 wiederzuhallen.
1245 3774 79 50 Ich
1372 3774 203 50 athmete
1617 3770 117 54 noch

145 3869 206 51 ziemlich
381 3869 96 58 frei,
520 3868 65 50 als
615 3866 70 50 ich
718 3864 132 50 einen
880 3862 181 49 kleinen
1091 3860 158 59 Mann,
1296 3877 114 50 ganz
1443 3858 165 51 erhitzt
1639 3855 94 51 und

148 3954 255 68 aufgeregt,
446 3953 112 51 Flut
587 3951 97 50 und
712 3948 134 51 Ebbe
877 3947 82 49 mit
1001 3946 94 50 sich
1126 3944 243 68 bringend,
1416 3944 82 50 mit
1529 3940 206 53 schriller

146 4038 195 52 Stimme
381 4037 97 50 und
524 4033 344 54 zwinkerndem
910 4032 155 67 Auge,
1107 4047 88 33 von
1236 4028 178 51 runder
1455 4027 143 68 Figur
1640 4024 94 51 und

225 4191 32 50 *)
291 4192 106 49 Coup
426 4190 110 36 d'oeil
562 4202 68 23 sur
658 4188 38 37 la
724 4190 221 37 litleralure.
974 4183 234 49 Neufckatel.
1244 4183 113 37 1780.
1387 4181 32 40 I.
1448 4194 38 39 p.
1515 4180 74 40 211
1623 4178 39 41 ff.

1827 241 254 69 wüthigem
2102 241 262 57 Aussehen,
2397 256 89 33 von
2512 238 124 50 Platz
2665 256 52 32 zu
2745 238 143 59 Platz,
2921 256 89 33 von
3043 238 174 50 Getöse
3249 255 55 32 zu
3332 238 61 49 Ge-

1827 332 102 46 töse
1973 327 92 51 sich
2097 329 42 49 in
2177 327 147 50 meine
2355 325 133 51 Nähe
2533 322 174 51 wälzen
2750 325 91 48 und
2876 324 123 50 seine
3031 324 255 67 Anhänger
3318 322 79 50 mit-

1829 412 155 51 ziehen
2017 414 95 50 sah.
2170 411 78 51 Ich
2283 411 135 50 weiss
2450 409 141 58 nicht,
2636 407 146 50 durch
2827 409 205 49 welchen
3066 409 144 49 Zufall
3245 425 50 33 er
3328 406 95 51 sich

1828 498 212 68 plötzlich
2074 518 113 48 ganz
2220 498 132 49 allein
2384 495 180 60 befand,
2610 492 189 53 obwohl
2830 510 107 32 man
2966 495 58 48 im
3056 494 246 67 Gedränge
3335 492 64 51 sei-

1828 600 82 32 ner
1940 581 363 52 Nachbarschaft
2335 581 149 51 schier
2515 579 231 52 ersticken
2779 578 172 50 wollte.
2999 579 65 48 Im
3097 578 322 67 Augenblicke

1828 668 129 49 ward
1987 685 49 33 es
2068 669 131 57 stille,
2233 666 91 51 und
2357 684 51 32 er
2439 670 179 46 rüstete
2648 665 110 57 sich,
2792 683 54 30 zu
2879 661 160 52 reden.
3094 702 18 18 „
3136 663 252 58 „Wahrhaf-

1828 753 80 67 tig,
1927 754 147 50 meine
2399 752 182 68 begann
2611 769 64 40 er,
2713 791 17 19 „
2755 750 112 60 „das
2887 749 130 57 wird,
3042 748 88 51 wie
3155 748 67 49 ich
3240 748 183 67 glaube,

1828 838 146 49 schön
2007 838 234 49 ausfallen.
2275 838 121 49 Was
2427 853 140 50 sagen
2600 835 76 51 Sie
2708 854 53 31 zu
2789 834 156 67 jenem
2967 833 225 67 Original,
3224 832 198 50 welches

1828 922 202 52 darüber
2072 920 302 54 nächdenken
2416 922 105 57 will,
2563 938 95 33 was
2702 920 83 50 der
2829 920 185 66 Gesang
3056 918 43 49 in
3144 918 82 49 der
3269 917 153 50 Musik

1828 1008 121 51 soll?
2095 1009 94 49 Das
2232 1007 57 49 ist
2321 1025 57 31 zu
2411 1004 312 69 beleidigend;
2768 1006 99 48 hier
2907 1022 126 32 muss
3078 1002 346 67 Gerechtigkeit

1829 1093 144 55 geübt
2319 1091 154 49 —Er
2497 1089 165 70 sprach
2688 1089 118 50 noch
2832 1089 176 59 weiter,
3038 1088 97 51 und
3164 1088 71 51 ich
3263 1094 159 54 wette,

1828 1181 119 49 ohne
1992 1180 70 50 die
2093 1180 282 64 Bedeutung
2417 1177 83 51 der
2540 1174 338 69 angewandten
2909 1173 274 51 Ausdrücke
3215 1192 54 31 zu
3302 1174 87 50 ken-

1827 1284 114 31 nen:
1989 1284 50 33 er
2084 1263 166 71 sprach
2294 1281 89 33 von
2425 1262 233 69 Melopöe,
2705 1279 103 33 vom
2852 1260 227 67 Anapäst,
3125 1276 104 33 vom
3273 1260 118 66 Jung-

1827 1350 326 58 frauen-Chor,
2178 1367 89 32 von
2294 1350 83 49 der
2399 1347 300 67 Abrundung
2723 1346 83 51 der
2831 1345 159 59 Arien,
3017 1361 89 33 von
3131 1342 104 52 dem
3259 1343 138 50 Reich-

1827 1436 160 50 thume
2018 1436 45 50 in
2093 1436 88 51 den
2211 1434 220 52 Motiven.
2490 1434 66 48 Er
2596 1432 230 68 stampfte,
2872 1428 209 70 spuckte,
3133 1427 162 52 nies'te
3326 1427 96 51 und

1828 1520 250 52 schnäuzte
2111 1520 109 58 sich,
2252 1517 94 52 und
2378 1517 85 50 alle
2493 1517 138 51 Welt
2661 1522 145 61 sagte,
2844 1515 104 51 dass
2981 1531 51 33 er
3061 1512 151 51 Recht
3244 1512 135 52 habe.

1969 1647 16 18 „
2011 1606 197 59 „Dieser
2238 1604 149 50 kleine
2770 1601 104 50 fuhr
2906 1618 51 33 er
2986 1600 106 60 fort,
3144 1638 17 22 „
3186 1599 123 58 „will
3340 1616 54 50 ge-

1829 1708 89 51 gen
1951 1691 192 50 Gluck
2177 1689 230 68 kämpfen,
2440 1688 97 57 der,
2571 1688 113 49 Gott
2716 1686 100 50 sei's
2849 1685 217 67 gedankt,
3097 1701 90 32 von
3219 1682 81 51 der
3328 1684 62 49 Na-

1828 1785 79 40 tur
1940 1775 90 50 den
2048 1773 250 50 Ausdruck
2330 1773 82 49 der
2437 1771 384 51 Leidenschaften
2841 1770 209 50 erhalten
3080 1769 80 49 hat
3272 1784 152 51 gegen

1832 1859 207 58 Gluck,
2072 1858 82 49 der
2186 1858 124 49 seine
2345 1856 194 52 Weisen
2570 1855 260 69 verknüpft,
2863 1855 123 50 seine
3012 1853 298 67 Wirkungen
3343 1851 53 51 ab-

1832 1944 128 58 stuft,
2003 1944 80 50 das
2116 1943 259 51 Orchester
2416 1942 82 49 mit
2529 1940 117 50 allen
2680 1939 476 66 Wellenwindungen
3191 1936 81 51 der
3301 1938 92 48 Har-

1830 2030 153 51 monie
2015 2029 99 50 lullt
2257 2046 29 49 g
2290 2046 23 31 e
2318 2046 29 49 g
2352 2044 55 33 en
2439 2027 131 50 einen
2604 2025 188 57 Genius,
2835 2024 86 51 wie
2967 2024 119 51 noch
3128 2023 158 51 keiner
3328 2025 72 47 aui-

1829 2114 156 59 stand;
2018 2115 82 49 mit
2123 2113 162 49 Einem
2313 2113 171 51 Wort:
2517 2128 152 51 gegen
2699 2110 132 50 einen
2855 2110 157 56 Mann,
3043 2109 84 50 der
3158 2108 153 51 mich
3342 2107 54 52 be-

1829 2199 194 51 zaubert
2166 2198 71 50 mi
2253 2216 22 32 e

1965 2283 196 60 „Dieses
2191 2283 215 59 sinnlose,
2446 2281 169 68 jedoch
2656 2281 81 50 mit
2766 2278 279 53 Nachdruck
3075 2277 343 68 vorgebrachte

1828 2371 274 49 Geschwätz
2135 2368 98 66 fing
2262 2366 289 68 nachgerade
2582 2385 71 40 an,
2700 2366 87 49 mir
2827 2364 138 68 lästig
2994 2382 56 32 zu
3084 2363 217 57 werden;
3346 2362 73 49 ich

1827 2453 153 69 neigte
2012 2452 88 51 den
2130 2452 140 69 Kopf,
2302 2469 80 31 um
2413 2450 182 50 meinen
2618 2451 140 49 Mann
2789 2467 57 32 zu
2878 2447 158 61 sehen,
3067 2447 97 49 und
3197 2446 222 50 erblickte

1827 2540 91 59 ihn,
1964 2538 89 51 wie
2084 2555 50 33 er
2166 2537 92 50 sich
2290 2536 268 67 geberdete,
2604 2535 86 50 wie
2733 2551 51 33 er
2822 2533 216 59 keuchte,
3085 2532 93 50 sich
3207 2532 212 65 aufregte

1826 2623 97 50 und
1954 2621 326 70 tropfenweise
2312 2620 254 59 schwitzte,
2609 2626 122 43 trotz
2764 2618 82 51 der
2876 2616 440 60 Aufmerksamkeit,
3349 2615 73 50 die

1829 2726 104 33 man
1965 2709 142 55 hatte,
2139 2707 76 49 ihn
2246 2706 127 51 nicht
2402 2724 58 32 zu
2490 2705 273 67 belästigen,
2805 2721 81 32 aus
2919 2720 141 51 purer
3090 2701 224 67 Achtung
3346 2702 72 48 lür

1829 2792 126 51 seine
1985 2790 364 52 Beredsamkeit.

1968 2877 109 59 „Ich
2123 2875 151 69 begab
2319 2875 118 51 mich
2482 2874 117 52 nach
2644 2872 196 51 meinem
2871 2872 172 60 Platze,
3093 2871 173 51 konnte
3297 2870 122 51 mich

1829 2963 111 50 aber
1971 2961 130 52 dabei
2133 2961 124 51 eines
2286 2960 277 66 mitleidigen
2595 2958 226 50 Lächelns
2863 2956 126 51 nicht
3029 2956 262 59 erwehren,
3337 2955 82 52 das

1829 3048 76 49 ihn
1946 3046 88 51 traf
2073 3045 95 51 und
2211 3064 78 31 um
2335 3044 78 51 das
2444 3043 221 52 Bisschen
2694 3041 234 51 Verstand
2971 3040 206 52 vollends
3211 3039 211 62 brachte,

1830 3134 80 50 das
1942 3149 51 33 er
2022 3131 118 51 noch
2182 3130 174 51 besass.

1968 3217 135 58 „Von
2135 3215 106 50 dein
2271 3213 319 68 Augenblicke
2622 3229 56 32 an
2711 3210 241 51 bemerkte
2981 3210 86 57 ich,
3113 3209 89 51 wie
3243 3228 52 32 er
3324 3209 94 51 sich

1829 3302 285 57 aufrichtete,
2128 3318 82 32 vor
2224 3298 245 68 Ungeduld
2493 3297 247 59 knirschte,
2758 3295 119 51 mich
2904 3314 57 31 zu
2987 3295 225 69 sprechen
3238 3294 177 58 suchte,

1830 3387 93 51 sich
1952 3385 176 51 wieder
2159 3383 298 58 zurückhielt,
2484 3383 121 49 dann
2636 3398 92 33 neu
2759 3380 165 60 erhob,
2948 3399 80 31 um
3053 3379 117 51 mich
3194 3397 56 32 zu
3272 3378 141 51 sehen

1829 3472 94 51 und
1966 3471 202 68 gesehen
2213 3488 57 31 zu
2310 3468 205 51 werden.
2562 3467 80 49 Ich
2683 3464 123 52 blieb
2853 3463 317 67 unbeweglich
3213 3463 87 51 wie
3342 3463 73 51 ein

1830 3557 141 49 Stein.
2003 3554 192 51 Endlich
2227 3553 139 51 brach
2387 3571 49 32 er
2459 3553 85 51 das
2562 3551 292 67 Schweigen,
2886 3549 150 51 indem
3067 3565 49 33 er
3147 3548 120 50 mich
3292 3547 125 51 beim

1829 3642 117 50 Arm
1971 3641 164 49 fasste:
2180 3679 16 19 „
2222 3638 153 60 „Mein
2399 3639 141 59 Herr,
2572 3637 72 49 ein
2665 3636 220 58 Gluckist,
2910 3651 51 33 so
2980 3633 82 50 viel
3088 3632 70 51 ich

1996 3717 26 75 „
2048 3717 102 75 „Wer
2181 3723 173 69 spricht
2383 3723 84 50 mit
2731 3725 278 61 entgegnete
3038 3717 108 75 ich.
3227 3717 27 75 „
3281 3717 134 75 „Ich,

1830 3811 120 51 mein
1965 3811 140 57 Herr,
2128 3808 87 60 ich,
2242 3808 81 51 der
2349 3808 76 50 Sie
2698 3810 278 43 antwortete
3009 3820 77 33 er:
3130 3843 17 17 „
3173 3802 114 60 „der
3309 3802 81 51 wis-

1832 3914 80 33 sen
1936 3895 202 57 möchte,
2157 3893 61 53 ob
2238 3893 78 51 Sie
2331 3892 204 52 Gluckist
2561 3890 111 50 oder
2686 3887 211 51 Piccinist
3223 3887 32 65 „
3287 3887 98 65 „We-

1832 3981 81 51 der
1943 3980 82 52 das
2054 3980 132 61 Eine,
2228 3980 119 51 noch
2379 3979 79 49 das
2888 3972 34 69 „
2955 3972 167 69 „Aber
3151 3990 108 33 man
3287 3990 132 34 muss

1832 4066 120 51 doch
1983 4066 81 51 auf
2090 4066 82 51 der
2200 4064 136 53 Welt
2365 4069 142 43 etwas
2857 4056 33 61 „
2923 4056 166 61 „Wie,
3126 4056 119 51 mein
3276 4057 143 59 Herr,

1832 4153 59 50 ist
1921 4169 106 34 man
2058 4151 122 51 denn
2209 4150 81 51 auf
2313 4147 81 51 der
2424 4145 137 53 Welt
2589 4144 163 61 nichts,
2783 4160 135 33 wenn
2937 4160 105 33 man
3065 4142 127 51 nicht
3208 4142 212 52 Gluckist
