3576 4417
1752 101 90 56 381

283 253 259 54 Historisch
574 253 278 52 interessant
882 253 72 52 für
984 251 89 52 den
1105 251 208 52 Musiker
1342 250 59 51 ist
1431 266 65 42 es,
1539 246 104 52 dass
1674 247 72 51 die

154 339 382 53 unnachahmlich
560 339 173 51 schöne
749 339 111 51 Arie
890 339 84 51 der
989 335 235 72 Iphigenie
1251 336 44 51 in
1317 336 161 51 G-dur
1507 335 96 69 (Nr.
1627 334 118 68 17):

217 429 321 50 Malheureuse
1056 427 93 57 „O,
1150 424 69 49 lasst
1250 421 118 52 mich
1412 419 334 70 Tiefgebeugte

399 542 91 28 —,
519 509 43 52 in
594 512 127 50 ihren
745 513 310 67 Hauptzügen
1088 508 170 51 bereits
1285 505 174 60 1750,
1491 507 95 49 also
1618 507 101 50 acht-

157 597 115 49 zehn
303 595 143 52 Jahre
475 597 170 59 früher,
677 597 43 50 in
750 595 173 70 Neapel
956 597 74 48 für
1063 594 90 50 den
1185 592 302 69 Sopranisten
1520 592 225 50 Caffarelli

156 681 45 50 in
232 681 187 50 Gluck's
764 682 239 52 Clemenza
1298 683 49 50 di
1473 683 100 48 Tito
951 675 302 70 geschrieben
1297 694 121 42 war;
1464 675 149 52 Gluck
1643 693 76 33 ver-

159 774 144 44 setzte
328 767 78 58 sie,
438 767 86 49 wie
552 785 51 31 er
625 766 118 50 auch
762 764 81 50 mit
866 762 203 51 anderen
1090 763 346 51 Musikstücken
1462 763 114 58 that,
1608 780 137 31 wenn

155 852 72 51 die
259 852 230 52 Situation
521 852 99 49 eine
651 849 210 51 ähnliche
893 866 111 43 war,
1046 848 45 51 in
1123 849 69 51 die
1223 849 251 70 Iphigenie,
1516 848 95 51 und
1638 847 107 68 jene

156 937 145 51 Stelle
331 936 262 58 derselben,
639 952 75 33 wo
759 933 96 51 sich
899 933 71 51 die
1002 935 248 50 Priesterin
1291 935 82 50 mit
1416 933 89 52 den
1538 933 208 51 Worten

156 1040 57 33 an
245 1022 89 51 den
366 1021 127 49 Chor
524 1020 214 50 wendet;

324 1107 148 50 Melez
501 1124 77 33 vos
606 1107 89 50 cris
716 1107 216 69 plainlifs
963 1106 30 51 ä
1025 1125 89 33 mes
1142 1107 350 66 gemissements,

156 1190 94 52 und
283 1190 84 51 der
399 1190 124 52 Chor
569 1191 81 50 mit
691 1191 104 51 dem
827 1190 443 67 zweigestrichenen
1299 1208 31 48 g
1360 1189 43 50 in
1436 1189 80 50 das
1549 1185 168 68 zweige-

156 1275 229 51 strichene
411 1295 32 48 g
484 1276 84 51 der
597 1276 235 70 Iphigenie
872 1275 187 61 einfallt,
1101 1274 223 52 während
1366 1274 80 52 das
1490 1272 257 52 Orchester

156 1360 239 70 folgender
424 1361 213 52 Maassen
668 1360 245 52 modulirt:

157 2053 99 66 jene
288 2052 144 51 Stelle
462 2053 59 50 ist
551 2051 118 52 eben
701 2052 88 60 die,
829 2052 177 51 welche
1049 2051 72 52 die
1153 2051 419 71 neapolitanischen
1603 2052 114 51 Musi-

156 2138 83 50 ker
269 2137 104 52 dem
406 2140 42 48 D
465 2156 64 32 ur
542 2156 24 32 a
585 2145 61 43 nt
660 2155 26 32 e
717 2138 65 50 als
809 2137 294 51 abscheulich
1126 2137 239 68 vorlegten
1396 2137 96 51 und
1525 2137 221 51 worüber

151 2224 150 50 dieser
330 2224 44 49 in
405 2224 363 66 Bewunderung
797 2222 178 68 gerieth
1006 2222 106 70 (vgl.
1144 2222 92 50 Art
1265 2224 57 48 11.
1355 2222 42 50 in
1427 2221 82 52 Nr.
1542 2222 111 69 42).

282 2307 108 52 Wir
420 2306 112 51 aber
564 2306 199 70 knüpfen
806 2325 57 32 an
894 2306 126 51 diese
1051 2306 111 51 Arie
1191 2306 71 51 die
1291 2306 314 67 Bemerkung,
1653 2306 88 51 wie

155 2392 100 50 früh
287 2392 95 51 und
413 2391 87 51 wie
531 2391 195 51 herrlich
755 2391 162 51 mitten
949 2399 137 43 unter
1117 2391 82 51 der
1223 2390 301 52 Unwahrheit
1552 2391 168 51 italiäni-

155 2478 133 50 scher
319 2476 296 51 Sinnlichkeit
645 2476 93 51 sich
762 2476 187 51 Gluck's
975 2476 165 51 Talent
1171 2476 71 50 für
1270 2475 71 52 die
1370 2476 159 51 wahre
1561 2476 150 51 drama-

154 2563 144 49 tische
328 2561 198 51 Melodie
557 2560 272 61 offenbarte,
875 2561 94 51 und
1013 2563 140 66 fügen
1199 2560 70 51 für
1313 2578 169 33 unsere
1526 2561 101 51 Zeit
1670 2561 71 52 die

155 2646 320 69 Betrachtung
504 2646 151 60 hinzu,
687 2646 104 51 dass
816 2664 89 33 nur
929 2646 72 51 die
1027 2645 203 52 Armuth
1253 2663 56 33 an
1331 2645 410 69 Erfindungsgabe

156 2733 94 51 und
283 2733 71 51 die
381 2732 371 68 Machtlosigkeit
794 2751 57 31 zu
882 2732 227 68 genialem
1140 2732 215 50 Schaffen
1396 2732 88 50 den
1516 2733 108 49 Satz
1657 2732 84 50 der

156 2834 205 33 neueren
394 2817 170 50 Schule
593 2817 241 50 aufstellen
867 2817 188 59 konnte,
1086 2817 105 50 dass
1223 2817 71 50 die
1319 2817 112 49 Arie
1462 2817 69 49 ein
1564 2817 177 50 Unsinn

157 2902 63 51 sei
265 2902 96 51 und
402 2921 82 32 aus
527 2902 104 51 dem
674 2902 347 51 musicalischen
1062 2903 171 50 Drama
1280 2900 226 51 verbannt
1549 2902 191 51 werden

157 2991 191 47 müsste.
409 2986 214 52 Schreibt
653 3005 101 42 nur,
797 3003 138 33 wenn
978 2986 70 49 ihr
1087 2986 160 58 könnt,
1298 2984 99 51 eine
1429 2986 155 50 solche
1614 2986 127 59 Arie,

159 3072 87 49 wie
277 3072 123 51 diese
432 3071 288 59 Gluck'sche,
769 3071 174 50 welche
975 3071 79 50 das
1086 3071 193 50 höchste
1308 3071 175 49 Pathos
1515 3071 83 50 der
1627 3071 92 50 anti-

159 3157 88 50 ken
278 3157 231 67 Tragödie
538 3157 275 58 ausdrückt;
856 3157 85 50 wir
970 3156 262 51 versichern
1262 3156 132 59 euch,
1425 3156 106 51 dass
1562 3156 71 49 ihr
1662 3156 53 51 da-

157 3241 148 51 durch
348 3259 160 33 eurem
551 3241 551 51 christlich-heidnischen
1134 3242 182 50 Venus-
1347 3241 96 51 und
1476 3241 268 70 Gral-Spuk

157 3325 263 52 bedeutend
452 3326 83 51 auf
561 3326 69 49 die
663 3326 141 51 Beine
838 3326 147 51 helfen
1018 3326 196 51 würdet.

771 3576 102 58 Aus
914 3575 203 59 London.

288 3722 120 51 Was
438 3737 104 33 man
573 3719 44 52 in
648 3719 150 52 dieser
821 3721 257 52 Jahreszeit
1108 3722 116 51 über
1249 3723 154 51 Musik
1434 3742 82 33 aus
1546 3724 198 51 London

159 3804 242 51 schreiben
432 3804 136 60 kann,
600 3806 70 57 ist,
703 3804 86 51 wie
820 3806 76 49 Sie
926 3806 183 59 wissen,
1140 3808 154 68 wenig
1324 3808 114 51 oder
1469 3827 81 50 gar
1579 3810 164 58 nichts,

159 3888 56 51 da
260 3888 71 51 die
361 3891 176 49 Fuchs-
579 3891 95 51 und
704 3890 264 69 Hasenjagd
1015 3910 56 32 an
1114 3892 83 51 der
1227 3892 164 52 Saison
1433 3893 59 51 ist
1536 3893 94 52 und
1672 3893 72 51 die

159 3972 263 67 Kunstjagd
454 3982 97 42 erst
580 3975 44 50 in
656 3975 177 68 einigen
863 3975 220 52 Monaten
1130 3975 205 70 beginnt.
1384 3978 226 51 Dennoch
1652 3977 91 51 will

161 4057 71 51 ich
261 4057 281 69 wenigstens
573 4061 72 51 ein
662 4060 370 52 Lebenszeichen
1064 4080 87 32 von
1183 4061 85 52 mir
1292 4062 151 69 geben
1473 4065 96 51 und
1598 4064 144 50 Ihnen

159 4160 159 51 sagen,
363 4141 102 52 dass
510 4160 107 34 man
667 4146 272 67 denjenigen
980 4146 344 53 rausicalischen
1366 4149 258 62 Genüssen,
1669 4149 73 52 die

1844 265 88 33 uns
1956 247 119 69 jetzt
2104 246 290 70 dargeboten
2414 246 205 61 werden,
2650 268 139 51 sogar
2819 250 99 52 eine
2944 249 237 72 politische
3212 249 115 53 oder
3356 269 49 33 so-

1840 333 112 50 ciale
1984 334 306 68 Wichtigkeit
2320 333 211 71 beilegen
2564 334 198 61 könnte;
2804 336 119 51 denn
2969 338 64 50 sie
3076 336 99 51 sind
3219 335 211 52 offenbar

1841 419 134 51 mehr
1998 421 82 50 auf
2099 420 80 51 das
2197 420 136 56 Volk,
2358 421 83 50 auf
2457 420 73 51 die
2555 437 164 50 grosse
2737 421 169 68 Menge
2937 420 249 53 berechnet
3215 423 96 50 und
3341 438 89 34 von

1841 503 150 51 dieser
2014 504 116 52 auch
2156 505 131 50 mehr
2304 504 196 52 besucht
2523 505 97 52 und
2634 505 256 70 geschätzt,
2907 505 63 51 als
2984 507 71 50 die
3076 505 355 70 schwelgerisch

1840 588 83 51 mit
1966 590 340 68 ausgesuchten
2354 590 249 52 Gerichten
2650 592 240 50 besetzten
2934 592 172 58 Tafeln,
3151 611 57 31 an
3254 590 175 52 welche

1841 672 94 50 sich
1968 673 45 51 in
2045 674 82 51 der
2158 675 342 51 Kunst-Saison
2532 675 71 51 die
2635 677 116 50 feine
2770 674 343 53 Gourmandise
3144 675 82 51 der
3250 677 155 49 Aristo-

1841 757 146 51 kratie
2019 777 57 32 zu
2107 759 165 50 Tische
2302 767 135 44 setzt.

1968 843 106 51 Den
2106 851 156 43 ersten
2281 843 266 61 Gedanken,
2578 844 225 70 diejenige
2833 844 228 52 londoner
3092 844 339 68 Bevölkerung,

1841 927 177 51 welche
2061 946 83 32 aus
2186 928 201 67 triftigen
2418 929 221 51 Gründen
2681 931 60 49 im
2780 929 193 52 Winter
3014 931 123 50 nicht
3168 931 101 50 aufs
3301 931 132 49 Land

1843 1013 124 66 geht,
2008 1012 202 52 sondern
2249 1021 121 43 trotz
2401 1013 346 70 Kohlendampf
2782 1016 94 49 und
2906 1015 146 52 Nebel
3095 1016 44 51 in
3184 1016 82 51 der
3295 1015 138 50 Stadt

1841 1097 159 60 bleibt,
2042 1098 286 51 musicalisch
2372 1097 338 60 auszubeuten,
2754 1098 127 51 hatte
2921 1117 82 33 vor
3045 1100 179 68 einigen
3254 1100 176 50 Jahren

1839 1183 250 61 Jullien,
2136 1183 93 51 und
2273 1185 103 50 kein
2406 1183 228 52 Fremder
2674 1185 80 50 hat
2796 1202 50 32 es
2887 1186 120 49 noch
3050 1202 52 33 so
3141 1192 83 61 gut
3261 1186 88 51 wie
3379 1204 52 31 er

1839 1269 293 59 verstanden,
2164 1270 105 49 dem
2302 1270 318 51 Geschmacke
2650 1270 83 51 der
2763 1270 271 68 Engländer
3073 1289 54 33 en
3167 1288 144 34 masse
3351 1288 52 50 ge-

1839 1354 132 50 recht
2001 1373 56 31 zu
2089 1354 192 50 werden
2323 1354 95 50 und
2460 1354 71 50 die
2563 1355 148 49 Sache
2744 1354 80 50 mit
2855 1355 106 51 dem
2993 1352 257 70 gehörigen
3279 1355 120 51 Brim-

1841 1437 184 52 borium
2055 1439 95 50 und
2182 1439 105 50 dem
2318 1439 223 68 nöthigen
2570 1437 244 70 Humbug,
2865 1458 57 33 zu
2964 1437 224 54 welchem
3219 1455 52 34 er
3303 1439 95 52 wäh-

1840 1524 114 51 rend
1985 1524 151 51 seiner
2165 1524 333 51 Anwesenheit
2540 1524 43 51 in
2614 1524 213 51 America
2866 1525 121 51 noch
3033 1524 226 52 treffliche
3292 1524 109 70 prak-

1839 1609 143 51 tische
2014 1609 194 51 Studien
2239 1609 214 67 gemacht
2483 1609 95 60 hat,
2601 1610 288 67 anzufangen
2918 1610 94 50 und
3038 1609 390 52 durchzuführen.

1838 1694 68 49 Er
1937 1693 78 50 hat
2060 1694 122 51 denn
2222 1694 117 51 auch
2376 1694 117 67 jetzt
2532 1693 125 52 seine
2688 1694 230 51 Concerte
2960 1694 174 51 wieder
3163 1693 263 68 begonnen,

1840 1779 97 50 und
1977 1778 150 51 sicher
2170 1779 191 51 werden
2403 1779 63 50 sie
2506 1779 44 51 in
2596 1779 89 52 den
2715 1779 213 52 Annalen
2969 1779 81 52 des
3081 1779 348 51 musicalischen

1840 1863 206 49 Rumors
2078 1862 254 50 wiederum
2361 1863 190 68 Epoche
2583 1863 207 52 machen.
2836 1864 66 50 Er
2936 1863 193 68 kündigt
3158 1863 84 51 der
3273 1863 156 52 Macht

1844 1947 82 50 der
1966 1953 188 44 ernsten
2186 1947 426 52 Oratorien-Musik
2658 1948 43 49 in
2742 1948 198 52 London
2986 1948 132 51 einen
3163 1948 268 51 offenbaren

1841 2032 145 67 Krieg
2015 2050 71 33 an.
2132 2033 139 50 Zwar
2313 2033 114 51 wird
2470 2051 51 32 er
2561 2033 44 51 in
2648 2033 124 51 diese
2814 2033 87 51 seit
2930 2033 148 52 einem
3109 2033 320 53 Jahrhundert

1841 2116 124 50 wohl
1994 2116 239 52 bewehrte
2263 2117 95 51 und
2389 2117 81 51 mit
2500 2117 84 52 der
2614 2118 119 50 Elite
2763 2117 84 51 der
2876 2117 284 52 vornehmen
3182 2118 135 51 Welt
3346 2118 54 50 be-

1840 2210 146 41 setzte
2019 2202 208 67 Festung
2271 2220 50 33 so
2354 2202 138 49 leicht
2520 2202 125 51 nicht
2673 2202 206 51 Bresche
2909 2202 248 60 schiessen,
3204 2203 95 51 und
3342 2203 82 51 das

1838 2285 57 50 ist
1925 2285 117 50 auch
2076 2285 106 50 sehr
2213 2293 108 60 gut;
2353 2286 134 51 allein
2516 2304 49 33 es
2596 2287 152 50 lassen
2779 2286 94 51 sich
2899 2286 118 52 doch
3040 2286 144 51 schon
3203 2287 226 52 Stimmen

1836 2370 297 59 vernehmen,
2179 2371 175 49 welche
2396 2370 73 50 die
2508 2378 241 44 amüsante
2779 2370 381 69 Abwechselung
3202 2371 229 52 zwischen

1840 2455 84 50 der
1953 2456 396 51 C-mo//-Sinfonie
2372 2474 90 33 von
2488 2457 266 50 Beethoven
2780 2456 98 52 und
2906 2456 91 53 den
3024 2455 249 53 reizenden
3297 2457 100 52 Wal-

1836 2556 109 33 zern
1976 2540 95 51 und
2095 2540 460 51 charakteristischen
2577 2541 181 51 Polka's
2785 2558 89 33 von
2903 2541 47 51 X
2978 2541 47 50 Y
3054 2541 36 50 Z
3122 2541 182 70 preisen
3335 2541 94 51 und

1838 2625 80 51 das
1961 2624 287 50 musicalisch
2278 2625 184 51 Schöne
2506 2625 147 51 durch
2688 2625 307 67 Umkehrung
3035 2625 83 51 der
3146 2625 120 51 alten
3298 2626 104 50 Defi-

1836 2710 144 51 nition
2024 2728 107 33 vom
2161 2710 219 51 Schönen
2423 2710 268 70 überhaupt
2735 2710 135 51 dahin
2917 2707 265 63 feststellen,
3229 2710 105 52 dass
3377 2729 51 32 es

1841 2794 71 51 die
1944 2793 253 52 Confusion
2238 2794 43 51 in
2321 2794 83 51 der
2433 2794 410 68 Mannigfaltigkeit
2889 2795 78 57 sei,
3014 2794 174 51 welche
3219 2795 89 51 den
3340 2796 59 50 Be-

1840 2879 113 68 griff
1975 2879 242 52 desselben
2249 2879 260 70 erschöpfe.

1966 2963 169 50 Jullien
2168 2964 63 49 als
2263 2964 210 67 Dirigent
2503 2964 58 49 ist
2591 2963 209 50 köstlich.
2847 2963 78 50 Ich
2956 2961 108 61 lese,
3111 2964 106 51 dass
3249 2982 106 33 man
3387 2964 43 51 in

1839 3048 319 51 Deutschland
2211 3048 117 67 jetzt
2382 3066 89 33 von
2527 3048 175 51 soliden
2757 3048 273 68 Dirigenten
3090 3049 30 51 ä
3167 3052 47 48 la
3260 3049 170 70 Spohr,

1840 3133 175 51 welche
2046 3133 71 51 die
2135 3133 188 52 Würde
2356 3133 81 51 der
2455 3133 162 70 Tempi
2650 3133 80 51 mit
2761 3133 82 51 der
2865 3133 198 68 ruhigen
3091 3134 191 53 Würde
3307 3135 124 51 einer

1839 3218 348 69 imponirenden
2202 3217 363 52 Persönlichkeit
2589 3236 56 31 zu
2673 3218 263 67 vereinigen
2959 3219 296 59 verstanden,
3279 3219 146 51 nichts

1843 3302 133 51 mehr
2005 3302 167 51 wissen
2201 3302 105 58 will,
2338 3302 199 52 sondern
2569 3302 104 51 dass
2707 3302 83 51 der
2819 3303 216 67 Dirigent
3067 3302 104 52 bald
3202 3303 91 51 sich
3325 3321 73 33 zer-

1841 3387 191 60 reissen,
2064 3386 104 52 bald
2199 3387 70 51 die
2300 3387 165 52 Hände
2497 3387 43 49 in
2570 3387 89 49 den
2691 3387 207 51 Schooss
2928 3388 94 51 und
3055 3388 87 51 den
3174 3389 247 50 Tactstock

1844 3472 98 51 aufs
1972 3472 108 51 Pult
2121 3472 134 67 legen
2286 3476 170 54 müsse,
2498 3472 95 51 und
2634 3490 98 33 was
2775 3473 291 68 dergleichen
3095 3473 160 50 Faxen
3294 3473 132 50 mehr

1844 3556 112 52 sind.
1990 3556 122 59 Nun,
2131 3556 123 51 diese
2277 3557 185 50 Herren
2493 3556 197 52 würden
2719 3557 46 51 in
2793 3557 165 51 Jullien
2988 3556 70 49 ihr
3088 3556 122 51 Ideal
3242 3556 183 59 finden;

1844 3641 121 51 denn
1987 3641 181 51 neulich
2199 3641 122 68 legte
2353 3659 53 33 er
2434 3641 129 51 nicht
2592 3650 123 42 etwa
2744 3642 42 50 in
2817 3641 81 49 der
2920 3640 271 52 Zuversiebt
3221 3642 83 50 auf
3327 3642 97 51 sein

1844 3726 256 51 Orchester
2130 3726 89 51 den
2248 3727 254 51 Tactstock
2547 3727 91 59 hin,
2682 3726 198 51 sondern
2921 3742 51 33 er
3016 3726 292 51 schleuderte
3349 3727 76 51 ihn

1840 3810 118 51 über
1987 3810 97 51 sein
2114 3811 163 69 Haupt
2307 3829 122 51 weg,
2475 3829 52 33 so
2568 3811 103 50 dass
2713 3826 50 33 er
2810 3809 157 50 hinten
3010 3810 81 49 auf
3116 3810 91 51 den
3236 3812 190 66 Jungen

1843 3895 194 68 gefallen
2067 3896 97 50 sein
2194 3896 101 60 soll,
2340 3897 83 51 der
2461 3896 100 51 dem
2594 3894 399 52 Contrabassisten
3026 3895 73 51 die
3128 3896 156 50 Leiter
3315 3897 111 59 hält,

1840 3981 83 50 auf
1947 3980 202 52 welcher
2179 3981 150 51 dieser
2358 3980 149 52 neben
2539 3980 102 49 dem
2668 3977 245 52 Griffbrett
2942 3979 80 52 des
3053 3980 349 52 Riesen-Instru-

1840 4071 180 46 mentes
2052 4068 81 49 auf
2160 4066 94 51 und
2283 4065 57 51 ab
2371 4065 201 50 klettert.
2619 4064 102 51 Und
2762 4064 45 51 in
2848 4064 84 51 der
2963 4065 134 58 That,
3143 4065 84 51 der
3256 4066 172 52 Fehler

2626 4128 11 16 s-

1840 4149 76 68 lag
1947 4150 203 53 wirklich
2180 4150 130 60 dort;
2339 4167 48 33 es
2420 4165 97 36 war
2547 4146 98 54 eine
2678 4149 197 68 Sprosse
2907 4148 283 68 gebrochen,
3221 4151 96 52 und
3349 4151 80 52 der
