2545 4174
1207 3761 67 53 47

703 219 1022 78 CONTEMPLATION

138 389 34 60 I
208 400 193 52 went
434 390 154 62 into
623 412 41 42 a
698 390 222 62 house
957 390 73 61 of
1064 409 216 62 many
1313 390 190 74 lofts,

139 494 164 63 And
338 494 73 61 in
448 497 170 61 each
650 497 133 61 loft
818 497 31 60 I
887 516 150 41 saw
1069 516 41 41 a
1145 494 356 64 thousand
1535 515 184 54 men,

138 598 165 63 And
343 620 301 52 women,
683 611 141 62 too,
863 600 137 62 and
1042 600 333 73 children,
1415 610 140 62 too,
1600 601 32 60 I
1674 619 167 43 saw.

141 704 164 61 And
340 705 94 61 all
468 706 273 61 around
777 725 203 42 arose
1014 727 44 40 a
1091 704 358 80 deaf'ning
1484 724 249 42 roar—

142 808 154 62 The
330 809 288 82 roaring
658 811 72 60 of
766 809 359 61 machines
1167 808 142 62 o'er
1345 809 233 61 which
1618 828 185 43 were
1841 809 172 64 bent

142 913 155 61 The
334 913 245 64 toilers
613 916 253 79 toiling
901 925 74 52 at
1012 913 184 63 their
1230 915 334 61 tiresome
1601 915 179 61 task.

142 1018 165 62 And
339 1038 79 42 as
451 1020 31 59 I
518 1020 208 62 stood
757 1020 136 62 and
929 1019 219 80 gazed
1181 1038 190 60 upon
1404 1019 143 62 this
1582 1038 207 43 scene

143 1122 33 59 I
218 1122 382 63 wondered
640 1124 165 80 why
846 1123 54 62 it
938 1123 272 62 was—l
1252 1122 380 63 wondered
1670 1124 338 79 why....

145 1331 31 60 I
216 1340 190 53 went
443 1330 150 63 into
632 1353 41 40 a
707 1334 222 61 house
964 1333 73 63 of
1074 1331 234 80 gilded
1343 1331 201 74 halls,

145 1435 165 63 And
349 1435 74 61 in
462 1437 170 62 each
669 1437 145 63 hall
853 1438 197 61 there
1089 1438 221 62 shone
1348 1457 40 42 a
1426 1437 356 62 thousand
1822 1437 237 80 lights,

146 1540 164 62 And
341 1560 218 60 many
593 1561 164 42 men
792 1541 139 62 and
965 1561 278 42 women
1279 1542 149 60 also
1465 1541 240 62 shone.

151 1644 401 78 Delightful
585 1646 226 60 music
848 1645 313 77 mingled
1195 1645 175 62 with
1406 1645 339 79 perfume.

146 1752 294 61 Around
485 1749 367 64 luxurious
895 1750 246 73 tables,
1187 1748 234 65 diners
1467 1760 109 54 sat

150 1852 364 81 Enjoying
547 1853 313 61 luscious
893 1853 271 73 viands,
1199 1853 282 62 mellow
1511 1853 241 62 wines.

150 1957 163 63 And
354 1976 76 42 as
472 1959 32 58 I
547 1957 207 63 stood
793 1957 138 63 and
971 1957 221 79 gazed
1232 1978 190 58 upon
1460 1957 142 61 this
1639 1976 226 52 scene,

152 2061 32 61 I
226 2061 310 78 thought
578 2063 71 61 of
688 2063 243 61 toilers
971 2061 139 63 and
1153 2063 32 59 I
1225 2061 452 63 understood.
