2545 4174
1432 3924 69 52 50

1253 374 400 75 BYRON

381 541 152 61 The
566 540 306 79 thought
903 540 72 62 of
1009 540 241 80 Byron
1282 540 287 64 wakens
1604 540 73 61 in
1710 560 122 61 my
1864 540 196 64 mind

380 646 154 61 The
571 644 231 63 vision
840 644 72 63 of
949 665 38 42 a
1030 644 295 80 solitary
1364 654 148 53 tree

380 748 281 64 Titanic
696 750 138 62 and
870 750 370 62 contorted
1281 769 91 42 on
1408 769 39 43 a
1484 748 148 61 cliff

380 854 189 62 That
602 854 397 80 overhangs
1032 874 40 43 a
1104 854 166 62 wild
1302 853 320 81 abysmal
1653 873 138 43 sea.

383 959 105 61 Its
525 958 278 80 mighty
841 968 177 61 root,
1056 980 42 40 a
1128 977 201 43 maze
1367 958 72 61 of
1475 958 363 74 tentacles,

385 1062 153 62 Has
578 1072 129 69 put
746 1082 41 42 a
825 1062 265 80 lasting
1129 1062 435 62 clutch-hold
1604 1082 92 42 on
1735 1062 121 62 the
1893 1062 185 74 rock,

384 1164 218 63 Much
637 1166 139 63 like
811 1166 120 63 the
964 1165 275 65 miser's
1272 1166 263 79 fingers
1573 1187 90 42 on
1697 1166 111 63 his
1846 1166 185 80 gold.

381 1270 280 63 Within
694 1270 91 61 its
822 1272 291 61 arteries
1149 1270 120 63 the
1305 1291 125 59 sap
1469 1270 72 63 of
1574 1272 140 72 life,

381 1375 155 62 The
574 1375 439 80 procreative
1051 1376 184 79 juice
1277 1376 73 60 in
1390 1385 308 52 torrents
1737 1375 219 73 flows,

380 1479 164 63 And
576 1479 260 80 gushes
867 1480 191 61 forth
1089 1479 367 62 luxurious
1485 1480 428 77 vegetation.

381 1583 154 62 The
567 1584 590 78 foliage-covered
1190 1584 179 62 head
1403 1584 59 61 is
1493 1584 266 80 always
1791 1584 229 62 raised

384 1688 84 61 In
503 1688 164 62 bold
704 1688 309 62 defiance
1049 1688 74 62 of
1157 1690 117 60 the
1311 1688 359 62 elements.

383 1791 430 62 Undaunted
855 1791 93 81 by
987 1792 118 63 the
1147 1791 363 81 tempest's
1550 1792 300 63 fiendish
1889 1811 185 60 rage,

384 1895 199 64 Calm
621 1897 221 62 under
883 1897 121 62 the
1042 1897 373 62 concerted
1457 1907 188 52 stare
1684 1897 72 62 of
1795 1907 202 63 stars,

383 1999 152 63 The
572 1999 203 63 fickle
811 2001 194 61 lover
1044 2001 73 61 of
1154 2021 39 41 a
1229 1999 201 63 fickle
1466 2020 234 42 moon.

384 2104 116 62 On
531 2104 242 80 balmy
806 2105 174 80 days
1016 2125 77 42 or
1127 2105 317 79 peaceful
1479 2124 311 43 summer
1820 2124 164 43 eves

380 2209 153 61 The
578 2210 435 60 rendezvous
1062 2209 73 62 of
1180 2206 532 82 master-singer
1759 2206 214 65 birds.

385 2313 389 72 Perennial,
818 2313 168 74 rich,
1027 2313 392 64 melodious
1460 2313 138 62 and
1640 2313 146 74 sad,

385 2417 416 62 Passionate
840 2417 137 62 and
1018 2417 313 62 desolate
1371 2417 137 62 and
1547 2417 167 62 wild

383 2523 162 61 And
588 2521 341 63 beautiful
972 2525 137 60 and
1152 2524 263 78 always
1456 2520 363 65 beautiful.
