2545 4174
1282 3893 69 51 70

484 343 234 73 I'VE
778 343 325 73 SEEN
1166 344 80 71 A
1309 340 604 76 PRINCESS

231 519 146 62 I've
409 520 167 63 read
609 520 72 63 of
710 520 394 80 princesses
1137 520 72 61 in
1241 520 183 79 fairy
1456 520 178 63 tales

230 623 164 63 And
427 625 33 59 I
493 625 179 62 have
704 625 408 62 sometimes
1146 625 329 62 dreamed
1510 625 73 61 of
1613 623 394 79 princesses

234 727 142 63 But
417 739 126 52 not
583 729 182 61 until
807 730 246 77 to-day
1092 729 180 62 have
1315 730 31 58 I
1390 729 273 72 beheld,

233 830 266 63 Beheld
534 852 76 41 or
645 852 163 42 ever
840 833 268 77 spoken
1139 842 75 51 to
1249 853 39 41 a
1322 832 334 78 princess.

235 936 162 72 Yes,
435 937 30 58 I
501 934 179 64 have
715 956 164 42 seen
913 937 136 61 and
1087 937 268 79 spoken
1392 946 74 52 to
1500 956 40 41 a
1573 936 315 78 princess

233 1040 84 60 In
352 1040 191 80 body
577 1041 138 61 and
751 1040 72 61 in
859 1040 230 74 mind;
1126 1041 72 60 in
1233 1041 308 76 thought
1578 1041 137 61 and
1755 1050 304 70 gesture,

233 1144 283 72 Indeed,
551 1144 73 61 in
661 1164 211 60 every
905 1164 160 61 way
1098 1166 39 40 a
1173 1144 267 80 perfect
1476 1144 337 80 princess.

234 1350 204 62 Since
474 1351 33 60 I
545 1371 114 41 am
695 1361 126 52 not
855 1371 196 42 some
1087 1352 280 80 mighty
1404 1361 365 69 potentate

234 1455 84 60 In
352 1455 236 62 whom
620 1455 56 62 it
709 1456 237 61 would
981 1467 125 50 not
1141 1475 190 42 seem
1366 1475 77 42 as
1480 1456 202 61 sheer
1716 1455 489 80 presumption

231 1561 108 61 To
371 1561 116 78 lay
516 1561 110 61 his
657 1561 201 62 heart
891 1561 137 62 and
1059 1561 322 61 domains
1414 1569 73 53 at
1519 1561 123 61 her
1675 1561 162 72 feet,

233 1663 265 61 Would
532 1665 32 58 I
600 1674 73 50 at
705 1665 179 61 least
917 1663 206 61 could
1156 1665 88 61 be
1278 1684 41 40 a
1352 1663 285 63 humble
1670 1682 181 61 page

235 1768 304 62 Forever
576 1768 75 61 in
685 1769 420 61 attendance
1143 1789 90 40 on
1270 1768 112 62 his
1420 1769 335 79 princess,

233 1872 108 61 To
374 1891 200 42 serve
604 1872 124 62 her
756 1872 140 62 and
926 1883 75 51 to
1030 1872 310 80 worship
1373 1873 125 61 her
1527 1873 72 60 in
1632 1872 278 73 silence,

234 1976 163 61 And
433 1976 88 61 be
557 1976 297 62 allowed
889 1996 79 41 as
1002 1995 238 60 wages
1277 1976 110 61 for
1424 1976 110 61 his
1574 1976 150 62 hire

233 2079 108 61 To
376 2079 290 62 breathe
703 2079 249 61 within
990 2080 122 61 the
1150 2079 292 62 shadow
1480 2079 72 62 of
1589 2079 123 62 her
1750 2079 298 62 charms.

235 2287 142 61 But
412 2287 273 79 though
719 2307 122 59 my
877 2287 313 79 princess
1225 2287 87 62 be
1346 2288 272 79 reality,

237 2391 128 79 My
400 2391 240 78 hopes,
676 2411 123 59 my
836 2391 443 79 aspirations,
1317 2411 123 60 my
1479 2391 285 74 desires,

235 2495 192 73 Alas,
461 2514 117 44 are
611 2495 299 74 dreams,
944 2514 190 44 mere
1167 2495 298 74 dreams,
1500 2497 167 72 alas,
1703 2516 191 43 mere
1929 2499 298 61 dreams.
