2545 4174
888 314 223 65 Scene
1179 317 93 62 II.

1168 4027 67 52 39

103 470 155 62 The
287 470 173 64 time
489 471 139 64 and
656 473 196 78 place
882 471 137 63 and
1052 492 207 43 scene
1289 471 149 82 just
1468 492 78 42 as
1576 471 261 64 before.

107 574 213 63 From
352 576 131 62 left
515 587 75 52 to
624 577 189 79 right
846 576 197 62 there
1079 587 232 52 enters
1346 597 92 41 on
1471 577 121 62 the
1625 597 208 43 scene

108 677 216 80 Quite
355 680 590 80 simultaneously
974 700 42 42 a
1047 700 166 43 man
1245 681 137 61 and
1416 701 301 42 woman.

102 784 199 61 Each
339 785 205 62 reads
583 805 41 42 a
662 784 187 63 book
882 785 209 61 while
1129 785 331 79 walking,
1500 805 80 42 so
1621 785 347 62 absorbed

104 889 190 61 That
327 889 171 80 they
531 891 365 80 well-nigh
932 891 252 60 collide
1218 891 173 62 with
1429 911 130 42 one
1593 891 315 62 another.

107 992 114 62 He
254 993 176 79 begs
465 995 126 62 her
624 996 268 79 pardon
925 995 251 73 which,
1217 995 72 62 of
1325 1014 268 54 course,
1631 995 127 62 she
1795 1005 241 68 grants

108 1096 115 64 He
258 1100 165 60 asks
460 1099 124 62 her
620 1100 55 60 if
710 1100 169 79 they
915 1100 180 61 have
1129 1110 127 51 not
1288 1110 146 51 met
1468 1099 262 72 before,

110 1200 149 63 Her
289 1202 155 62 face
471 1222 229 43 seems
732 1223 80 42 so
842 1203 323 74 familiar,
1199 1203 136 62 and
1369 1203 125 62 she
1523 1222 199 61 says:

110 1306 313 80 Perhaps
459 1307 89 62 he
583 1327 146 42 saw
764 1308 123 63 her
919 1310 434 61 somewhere
1387 1319 73 52 at
1495 1329 39 42 a
1570 1310 287 61 lecture.

107 1411 165 61 And
304 1430 81 42 so
419 1411 171 80 they
623 1421 179 52 start
833 1423 75 50 to
940 1413 147 60 talk
1119 1413 219 62 about
1371 1411 184 62 their
1585 1411 245 73 books,

107 1515 246 61 About
391 1515 185 63 their
614 1518 303 61 lectures
957 1517 137 62 and
1134 1517 219 62 about
1391 1517 183 62 their
1611 1517 245 62 books.

108 1620 205 78 They
344 1630 153 52 seat
525 1621 428 62 themselves
985 1641 190 59 upon
1207 1642 38 41 a
1277 1622 166 61 rock
1475 1621 138 62 and
1644 1621 166 73 talk,

110 1724 163 61 And
304 1724 151 62 talk
484 1724 139 62 and
654 1725 148 61 talk
830 1724 137 62 and
999 1725 147 61 talk
1178 1725 138 61 and
1348 1725 147 61 talk
1527 1724 137 62 and
1697 1725 166 61 talk.

110 1827 153 62 The
297 1828 265 62 insects
597 1847 118 43 are
751 1828 348 80 abuzzing
1133 1829 137 61 and
1307 1829 121 61 the
1462 1829 325 61 leaves—-

111 1932 155 62 The
300 1932 263 77 foliage
600 1933 72 60 of
706 1932 121 62 the
861 1932 263 62 bushes
1160 1933 138 61 and
1335 1932 121 62 the
1491 1942 186 52 trees

111 2037 143 61 Are
285 2036 454 80 whispering,
775 2056 119 42 are
930 2037 366 79 gossiping
1330 2037 72 60 in
1437 2037 364 78 whispers.

112 2141 164 61 And
311 2140 186 62 from
534 2141 261 61 behind
832 2141 121 63 the
987 2141 219 79 softly
1242 2141 322 79 swaying
1600 2140 263 62 bushes

113 2244 276 79 Escape
419 2244 122 63 the
573 2244 267 63 sounds
874 2244 72 61 of
977 2244 225 63 kisses
1235 2246 136 59 and
1404 2244 72 61 of
1505 2244 217 78 sighs,

113 2348 155 63 The
297 2350 228 61 kisses
559 2348 137 64 and
729 2350 121 61 the
884 2350 197 76 sighs
1117 2350 72 61 of
1221 2348 330 81 youthful
1581 2350 253 61 lovers.

113 2454 165 61 And
310 2454 93 61 all
433 2454 121 61 the
584 2453 172 62 time
788 2454 119 61 the
934 2473 284 42 woman
1245 2453 138 62 and
1415 2453 118 62 the
1565 2473 166 42 man

116 2557 108 62 Sit
259 2557 322 79 arguing,
618 2557 401 80 discussing
1056 2558 137 61 and
1232 2557 400 79 discussing

116 2661 475 80 Psychology,
625 2661 366 80 sociology
1024 2661 138 62 and
1198 2661 244 62 ethics.

117 2764 95 62 So
248 2764 333 63 different
614 2765 54 61 it
703 2765 61 61 is
798 2765 259 61 behind
1094 2765 120 62 the
1246 2765 283 61 bushes.

117 2870 164 61 And
310 2869 211 62 while
554 2888 197 43 some
784 2869 148 79 hug
960 2869 139 62 and
1131 2869 147 61 kiss
1312 2869 139 62 and
1486 2869 239 61 others
1759 2886 236 61 argue,

117 2973 65 61 A
216 2973 272 63 sudden
522 2975 238 80 gloom
797 2975 289 77 spreads
1120 2992 168 42 over
1324 2972 439 80 everything.

118 3079 154 61 The
301 3098 212 42 azure
543 3079 133 78 sky
704 3077 61 61 is
795 3098 163 42 now
987 3098 42 40 a
1058 3079 134 77 sky
1222 3077 72 61 of
1321 3076 141 74 ink,

118 3180 152 64 The
299 3182 358 80 lightning
686 3182 258 61 flashes
976 3180 138 63 and
1146 3180 120 63 the
1297 3180 305 63 thunder
1634 3180 213 80 claps,

113 3288 155 59 The
317 3287 276 61 shower
644 3287 59 62 is
751 3284 357 82 terrific'ly
1157 3286 294 61 intense.

118 3390 190 62 Both
341 3390 288 80 couples
661 3389 144 62 find
840 3409 90 42 an
963 3387 484 80 overhanging
1481 3387 187 74 rock,

118 3495 66 60 A
221 3504 252 69 scanty
510 3494 262 61 shelter
809 3493 258 80 'gainst
1100 3513 41 42 a
1178 3491 254 81 raging
1468 3502 243 52 storm.

121 3599 65 60 A
220 3598 324 79 blinding
577 3597 358 80 lightning
968 3597 198 74 flash,
1202 3616 40 43 a
1279 3596 305 62 thunder
1618 3597 176 77 clap,

120 3702 118 61 All
270 3702 163 63 four
464 3702 90 61 lie
586 3702 198 63 dead.

122 3808 73 61 Is
230 3808 200 61 there
465 3826 39 43 a
536 3806 268 63 moral?

123 3909 265 64 Guess!
