2545 4174
1165 3891 71 51 43

748 339 647 77 CONTEMPT

97 506 31 61 I
163 506 143 80 spit
339 527 193 59 upon
563 509 120 62 the
715 509 173 62 laws
920 506 156 64 that
1106 506 273 64 thieves
1412 506 181 63 have
1625 506 207 63 made

94 612 109 61 To
250 611 163 81 give
456 614 123 61 the
628 613 302 64 crooked
977 613 326 76 strength
1354 621 76 54 to
1477 612 128 62 rob
1655 612 119 61 the
1821 609 220 63 weak.

98 821 32 60 I
181 819 142 81 spit
371 842 191 59 upon
611 843 41 42 a
700 832 300 69 country
1049 821 130 63 full
1230 820 72 62 of
1348 820 263 62 wealth

98 927 265 62 Where
399 928 312 62 millions
747 928 138 61 live
920 927 72 61 in
1030 927 285 79 squalor
1354 926 137 62 and
1527 926 73 59 in
1637 934 214 52 want.

102 1136 32 60 I
167 1136 142 79 spit
339 1155 192 61 upon
562 1158 39 41 a
630 1138 139 78 flag
798 1136 155 63 that
978 1155 239 42 waves
1247 1135 225 62 above

101 1240 66 60 A
198 1240 247 63 nation
474 1242 208 62 made
714 1242 72 62 of
816 1251 301 52 masters
1150 1240 137 63 and
1322 1240 71 61 of
1425 1240 252 61 slaves.

104 1450 33 60 I
172 1450 143 80 spit
348 1469 193 60 upon
577 1451 335 78 religions
948 1450 156 62 that
1137 1449 256 63 defend

106 1554 63 60 A
205 1554 142 62 hell
388 1575 91 41 on
520 1555 218 73 earth,
777 1555 139 61 and
953 1554 256 80 preach
1247 1575 41 40 a
1325 1553 122 61 life
1485 1562 75 52 to
1598 1571 217 43 come.

107 1764 33 59 I
179 1764 142 78 spit
357 1782 193 60 upon
584 1764 93 61 all
711 1764 263 61 morals
1010 1762 155 61 that
1202 1761 304 62 contend

106 1869 185 61 That
337 1868 125 81 joy
509 1868 74 63 of
628 1868 120 63 life
798 1868 62 62 is
904 1878 126 52 not
1077 1867 180 62 life's
1304 1865 284 80 highest
1637 1865 153 63 end.

108 2077 33 60 I
172 2077 142 79 spit
342 2096 192 60 upon
564 2076 121 62 the
716 2075 373 63 education
1119 2075 155 61 that

111 2182 250 61 Makes
394 2180 325 80 pygmies
755 2189 124 52 out
913 2179 73 61 of
1017 2179 192 61 what
1241 2176 231 79 might
1504 2178 179 61 have
1715 2176 179 61 been
1926 2194 182 43 men.

109 2391 214 79 Upon
358 2390 143 62 this
536 2390 233 61 whole
802 2389 302 61 damned
1141 2396 269 71 system
1447 2387 90 61 do
1572 2387 32 60 I
1642 2386 160 79 spit,

109 2495 164 62 And
315 2495 211 61 while
567 2495 31 59 I
643 2494 265 77 spit—l
951 2512 216 58 weep.
