2491 4318
458 230 80 28 112

1156 240 55 28 LE
1247 240 234 31 MERCURE
1516 242 214 30 MUSICAL

454 427 132 45 Cette
607 430 385 47 fixiontheatrale
1025 449 72 29 me
1134 439 212 42 vaudrait
1369 440 206 56 quelque
1601 442 158 52 chose,
1784 442 154 44 tandis
1963 459 93 41 que
2086 446 45 42 la
2161 449 154 45 réalité
2339 472 61 31 me

453 491 133 44 ruine
632 507 78 28 sur
734 494 40 42 le
810 496 177 42 théâtre
1023 497 64 41 du
1117 501 190 43 monde.
1341 501 100 42 Moi
1478 517 204 42 presque
1721 505 160 54 pendu
1911 520 122 41 pour
2079 508 174 45 n'avoir
2282 519 119 50 point

453 553 187 56 émigré,
663 557 48 53 je
752 569 71 30 me
844 566 163 34 trouve
1042 558 132 43 ruiné
1195 574 122 41 pour
1342 563 131 42 avoir
1519 574 163 34 ouvert
1721 567 67 41 les
1836 567 106 43 bras
1992 569 23 40 à
2062 571 121 42 deux
2216 573 184 60 émigrés

452 618 225 53 auxquels
700 619 41 41 le
781 630 368 44 gouvernement
1167 624 180 42 ouvrait
1380 625 45 42 la
1450 627 197 43 France.
1685 630 118 41 L'un
1829 630 137 41 d'eux
1990 632 133 54 après
2156 637 126 40 avoir
2306 641 94 53 joué

451 691 111 28 avec
589 680 94 41 moi
707 681 41 41 le
769 681 98 42 rôle
908 682 56 41 de
988 682 188 56 Crispin
1197 685 115 43 dans
1337 688 43 41 le
2373 690 29 41 L
1721 705 24 28 a
1770 691 38 42 si
1834 693 108 42 bien
1983 696 194 56 arrangé
2213 713 94 30 mes
2344 708 38 40 af-

451 738 137 43 faires
614 755 120 40 pour
753 742 179 56 lui,que
954 756 120 42 pour
1097 759 74 28 me
1191 746 154 43 forcer
1364 750 25 40 à
1413 759 107 34 tout
1543 752 66 41 lui
1639 752 360 55 abbandonner,
2024 755 33 42 il
2084 771 25 27 a
2133 757 87 44 mis
2245 775 50 29 ce
2319 779 80 42 que

452 802 42 54 je
531 802 203 56 possède
772 804 114 42 dans
912 804 40 44 le
993 820 76 28 cas
1096 808 142 42 d'être
1265 811 125 52 saisi,
1417 822 60 43 et,
1521 815 496 45 vraisemblablement
2041 834 110 28 mon
2185 830 214 51 troupeau

451 863 29 40 d
500 864 216 56 Lspagne
759 867 197 53 superbe
995 877 117 33 cette
1158 883 165 38 annee,
1368 884 189 45 mayant
1590 877 157 43 donné
1775 879 56 41 3o
1858 892 227 43 agneaux,
2123 896 101 29 sera
2260 892 140 43 vendu

448 938 83 42 par
556 926 41 41 le
641 929 239 42 Receveur
904 929 62 42 du
997 930 334 56 Département
1366 936 55 41 de
1450 938 165 43 Laisne
1648 940 26 42 à
1699 940 292 45 l'écorcheur
2019 944 55 42 de
2112 945 208 59 Chauny.
2345 954 54 45 Le

447 1000 368 41 gouvernement
839 1004 29 28 n
887 991 149 43 aurait
1065 1006 82 42 pas
1173 996 261 43 seulement
1455 999 100 43 l'air
1597 1002 58 41 de
1679 1004 218 56 protéger
1920 1004 43 43 la
2003 1008 283 53 production
2328 1015 70 45 des

448 1058 222 33 moutons
711 1053 267 56 espagnols,
1004 1055 70 41 s'il
1106 1070 57 28 en
1188 1057 242 46 défendait
1472 1062 44 42 la
1558 1063 156 44 saisie.
1760 1066 38 41 Il
1835 1066 140 43 serait
2022 1069 177 44 bizarre
2240 1086 84 42 que
2362 1079 36 43 le

448 1123 368 41 gouvernement
837 1116 152 41 actuel
1031 1118 237 56 employât
1291 1121 66 41 les
1397 1132 161 34 ventes
1583 1124 182 45 forcées
1809 1129 55 41 de
1911 1142 76 29 ces
2013 1138 260 49 troupeaux
2305 1141 71 51 pré-

451 1171 149 52 cieux,
637 1188 183 30 comme
863 1190 64 28 un
952 1192 172 43 moyen
1169 1182 56 41 de
1262 1185 329 55 propagation,
1638 1189 154 42 tandis
1826 1203 89 41 que
1958 1192 42 42 le
2046 1193 54 42 Gt
2138 1194 157 43 Provre
2331 1215 54 40 qu
2389 1204 10 41 i

454 1248 46 28 se
545 1236 289 43 connaissait
868 1253 59 28 en
967 1240 307 56 destruction,
1314 1244 137 44 fesait
1474 1262 154 41 grâce,
1667 1263 122 42 pour
1825 1251 67 42 les
1924 1267 266 40 conserver,
2237 1259 25 39 à
2284 1259 115 47 leurs

453 1297 161 42 chiens
651 1309 45 33 et
736 1300 26 42 à
799 1301 127 43 leurs
956 1303 351 56 propriétaires.
1331 1309 156 43 J'étais
1522 1310 93 43 fort
1657 1314 127 40 tenté
1825 1315 56 41 de
1925 1316 154 55 parler
2117 1317 56 44 de
2215 1321 95 42 cela
2348 1339 50 29 au

451 1358 215 45 Ministre
688 1362 344 56 Chaptal.mais
1055 1366 43 54 je
1121 1367 174 43 m'étais
1321 1372 194 55 arrangé
1542 1373 165 55 depuis
1737 1375 37 41 si
1799 1375 251 57 longtems,
2066 1380 116 42 dans
2207 1381 191 48 l'ancien

452 1422 192 54 Régime
688 1437 121 42 pour
851 1427 189 42 devenir
1084 1429 308 55 républicain,
1444 1444 207 46 quayant
1703 1437 159 43 oublié
1905 1451 189 33 cornent
2132 1456 62 28 on
2245 1448 154 52 parlait

449 1497 88 27 aux
564 1484 235 46 ministres
824 1488 284 55 d'autrefois,
1133 1491 43 56 je
1201 1505 57 30 ne
1281 1495 177 42 saurais
1489 1499 262 53 apprendre
1783 1510 189 35 cornent
1995 1517 62 29 on
2090 1507 130 53 parle
2245 1508 24 42 à
2293 1523 106 31 ceux

448 1546 362 60 d'aujourdhuy.

504 1610 124 40 Vous
654 1611 77 54 qui
754 1625 57 28 en
837 1613 130 42 savés
1303 1618 216 44 Madame
1559 1621 196 57 Sophie,
1779 1626 160 42 tachés
1971 1627 56 42 de
2066 1643 74 29 me
2166 1644 233 34 conserver

446 1683 99 29 mes
567 1682 221 34 moutons
807 1687 12 41 ;
843 1683 44 34 et
910 1676 115 43 dans
1050 1691 51 28 ce
1124 1692 92 39 cas,
1241 1688 130 35 votre
1395 1681 139 43 vieux
1561 1684 210 54 Pasteur,
1797 1688 24 40 à
1855 1688 101 42 leur
1980 1698 132 36 tonte
2137 1695 245 53 prochaine

446 1745 116 30 vous
594 1733 100 44 fera
717 1735 42 42 le
783 1737 191 54 présent
994 1740 207 54 pastoral
1228 1740 56 42 de
1309 1742 43 42 la
1385 1743 124 43 dîme
1535 1744 56 43 de
1616 1745 126 45 leurs
1769 1749 201 45 toisons.

1996 1867 54 42 B.
2080 1867 53 44 L.

1666 1977 66 41 M.
1756 1991 59 27 DE
1840 1979 298 46 LAURAGUAIS
2165 1983 76 56 (I).

514 2168 76 54 Ce
623 2171 305 54 document
964 2185 81 39 est
1072 2176 275 67 précieux,
1383 2178 231 54 d'abord
1653 2199 167 52 parce
1855 2185 132 68 qu'il
2013 2201 221 40 montre
2271 2191 93 52 Lau-

446 2246 218 68 raguais
700 2248 301 54 sollicitant
1027 2251 65 51 de
1139 2269 58 34 sa
1225 2252 183 53 vieille
1441 2255 142 52 amie
1634 2274 109 35 une
1792 2260 119 52 aide
1970 2264 231 64 morale,
2240 2270 28 47 à
2298 2284 96 34 une

443 2325 216 64 époque
682 2323 365 69 mystérieuse
1082 2327 66 51 de
1187 2327 120 53 leur
1338 2331 273 52 existence
1637 2351 324 51 commune,
1992 2340 215 52 ensuite
2249 2360 145 51 parce

443 2396 132 68 qu'il
594 2398 196 52 éclaire
824 2401 164 52 d'une
1013 2401 122 53 vive
1158 2405 230 52 couleur
1409 2406 50 52 la
1483 2407 398 69 physionomie
1905 2413 73 53 du
2005 2417 389 66 gentilhomme

442 2471 233 68 original
716 2473 116 69 qui,
867 2493 130 35 sous
1045 2478 173 51 Louis
1270 2481 120 65 XV,
1432 2483 174 51 Louis
1651 2486 156 65 XVI,
1867 2487 49 52 la
1963 2490 357 66 Révolution,
2353 2496 39 48 le

442 2546 289 68 Consulat,
764 2551 271 69 l'Empire
1060 2566 52 38 et
1144 2556 50 49 la
1229 2556 415 71 Restauration,
1672 2562 60 51 fit
1764 2563 66 51 de
1870 2565 381 69 l'opposition,
2278 2584 86 38 tou-

440 2622 173 67 jours,
639 2637 224 55 partout
887 2641 53 37 et
966 2631 188 66 quand
1180 2634 205 50 même.

508 2699 89 51 En
637 2700 154 67 1800,
821 2700 209 72 Sophie
1060 2707 276 67 Arnould,
1371 2711 138 50 dont
1533 2712 50 49 la
1614 2713 244 52 détresse
1882 2718 353 66 grandissait,
2265 2722 130 50 avait

444 2774 142 51 donc
611 2779 148 47 tenté
785 2793 108 34 une
919 2779 294 54 démarche
1262 2788 201 64 auprès
1516 2788 64 50 de
1634 2789 212 51 Lucien
1881 2792 335 71 Bonaparte,
2263 2798 131 50 alors

439 2849 258 53 ministre
736 2853 66 51 de
834 2854 325 66 l'intérieur,
1188 2859 108 51 afin
1327 2859 279 56 d'obtenir
1629 2882 109 33 une
1783 2872 443 63 représentation
2249 2877 28 47 à
2302 2888 90 36 son

444 2925 165 68 profit
630 2944 68 35 au
731 2928 240 53 Théâtre
1009 2933 96 51 des
1130 2935 149 50 Arts.
1313 2935 143 52 Mais
1489 2939 50 50 la
1586 2939 267 55 situation
1900 2946 317 68 déplorable
2269 2951 123 49 dans

442 2998 235 71 laquelle
710 3021 54 33 se
787 3007 244 52 trouvait
1173 3010 478 68 pécuniairement
1699 3018 221 66 parlant
2067 3037 160 38 notre
2279 3041 85 52 pre-

440 3076 173 52 mière
646 3081 159 50 scène
838 3081 216 70 lyrique
1079 3088 29 47 à
1133 3098 137 41 cette
1296 3092 235 66 époque,
1562 3104 53 38 et
1636 3093 345 71 l'obligation
2014 3099 249 70 imposée
2300 3106 26 47 à
2352 3102 40 48 la

442 3154 346 52 bénéficiaire
821 3156 64 52 de
909 3161 239 65 paraître
1174 3179 67 33 en
1263 3181 277 49 personne
1571 3189 24 26 «
1630 3172 30 47 à
1681 3186 108 35 une
1812 3173 126 51 telle
1964 3178 428 66 représentation

442 3245 144 52 pour
618 3229 257 54 l'obtenir
905 3254 24 26 »
965 3234 58 51 fit
1049 3250 260 38 remettre
1336 3243 28 47 à
1390 3240 96 51 des
1536 3254 180 59 temps
1757 3267 23 27 «
1817 3249 126 66 plus
1986 3250 243 55 heureux
2263 3273 21 27 »
2320 3264 74 38 cet

442 3318 114 38 acte
590 3306 66 50 de
689 3305 196 67 justice
924 3321 51 39 et
1022 3311 65 51 de
1120 3313 225 53 charité.

510 3381 88 51 En
644 3382 155 66 1801,
834 3382 257 73 Chaptal,
1120 3390 213 52 devenu
1359 3393 254 53 ministre
1639 3400 28 47 à
1700 3415 99 35 son
1836 3413 145 55 tour,
2018 3421 67 34 en
2110 3405 251 70 remplace-

440 3470 154 38 ment
626 3475 74 34 au
716 3459 141 52 frere
882 3462 74 51 du
981 3462 31 50 F
1031 3465 202 52 rentier
1263 3465 233 71 Consul,
1526 3471 151 65 écrit,
1698 3492 68 33 en
1798 3476 125 53 date
1956 3480 73 51 du
2071 3482 60 50 18
2156 3484 231 56 ventôse,

493 3655 59 54 (0
559 3716 8 11 /
594 3655 151 42 Lettre
771 3657 192 56 acquise
984 3673 83 42 par
1100 3661 61 41 M.
1201 3662 193 44 Charles
1420 3666 187 43 iNuitter
1652 3677 44 33 et
1721 3669 209 45 destinée
1961 3687 89 29 aux
2081 3675 221 41 Archives
2341 3671 49 42 de

436 3716 13 40 1
470 3716 169 56 Opéia.
744 3719 63 42 Ce
826 3720 252 46 document
1100 3724 149 45 inédit
1274 3727 107 43 adu
1405 3737 94 34 etre
1526 3729 119 45 dicte
1695 3746 84 42 par
1803 3734 42 42 le
1892 3746 155 35 comte
2072 3738 65 51 ;il
2158 3739 117 41 n'est
2313 3747 76 44 pas

436 3779 55 40 de
524 3793 49 28 sa
599 3780 139 43 main.
