3358 4465
242 214 76 152 4

913 461 114 124 la
1098 481 480 157 gravité
1649 463 155 127 de
1878 463 539 130 l'instant

1606 667 286 50 Mystérieux
1920 671 183 37 entrain
2131 675 89 46 par
2249 674 110 49 quoi
2387 675 101 35 tout
2517 675 229 38 continue.

1949 734 288 39 COMTESSE
2260 737 74 37 DE
2358 738 80 36 NO
2441 740 189 35 AILLES.

578 873 165 58 Pour
797 872 318 59 s'éteindre
1168 873 196 61 là-bas
1411 896 141 38 sous
1609 875 261 83 quelque
1926 875 109 61 ciel
2093 877 75 59 de
2225 878 260 62 Flandre
2540 903 77 37 ou
2673 881 76 59 de

575 972 306 66 Lorraine,
938 978 131 52 tant
1119 972 74 61 de
1240 973 258 68 ferveur,
1555 981 129 52 tant
1714 976 75 58 de
1826 976 292 82 jeunesse
2154 978 306 60 sont-elles
2507 980 208 59 irrémé-

575 1070 370 59 diablement
999 1070 264 82 perdues
1322 1079 59 53 et
1435 1095 76 38 ne
1566 1074 276 61 reste-t-il
1889 1075 133 82 qu'à
2067 1075 240 82 pleurer
2352 1100 141 38 sans
2546 1085 206 53 retour

572 1168 131 61 leur
736 1168 394 82 disparition?

574 1293 237 61 Devant
844 1316 69 37 ce
950 1316 152 60 sang
1134 1295 313 82 prodigué,
1477 1297 240 80 engrais
1754 1297 255 61 sublime
2043 1298 174 61 d'une
2250 1307 159 54 terre
2443 1302 305 66 asséchée,

572 1415 75 37 ne
697 1392 230 60 doit-on
972 1415 127 60 pas,
1148 1394 194 81 plutôt
1385 1416 118 60 que
1555 1395 75 60 de
1682 1418 66 38 se
1793 1402 215 54 vanter
2051 1397 76 60 de
2171 1399 55 59 le
2270 1399 150 61 faire
2471 1406 278 61 renaître,

572 1493 251 58 incliner
856 1514 81 37 un
980 1493 163 58 front
1183 1500 399 75 respectueux
1628 1502 58 52 et
1726 1495 223 81 garder
1991 1496 150 60 ainsi
2187 1498 53 58 la
2291 1500 165 60 seule
2502 1499 251 61 attitude

572 1590 252 60 décente
848 1590 28 59 ?

572 1716 263 59 N'a-t-on
879 1739 110 60 pas
1032 1716 140 67 l'air,
1211 1739 74 37 en
1332 1717 239 82 parlant
1619 1742 236 45 encore,
1906 1720 75 61 de
2023 1744 76 37 ne
2145 1724 169 80 point
2354 1726 400 80 comprendre

571 1823 128 52 tout
769 1815 55 60 le
892 1815 243 61 miracle
1192 1817 76 59 de
1327 1817 240 60 l'Heure
1639 1823 76 54 où
1773 1819 237 84 palpite,
2094 1844 234 40 comme
2395 1847 81 37 un
2538 1825 215 63 souffle

571 1913 277 84 régulier,
903 1916 54 59 le
1014 1916 402 61 dévouement
1470 1940 141 38 sans
1676 1921 338 59 restriction
2063 1921 75 61 de
2194 1930 163 53 toute
2409 1947 118 37 une
2573 1927 182 58 race?

574 2013 90 61 Ne
720 2021 297 75 paraît-on
1073 2037 109 60 pas
1238 2024 409 54 méconnaître
1713 2020 137 81 qu'il
1912 2026 92 53 est
2068 2021 110 60 des
2244 2029 203 75 gestes
2514 2025 239 61 inutiles

574 2112 202 83 quand
823 2112 266 61 l'lnstant
1122 2114 247 84 s'ajoute
1416 2115 53 61 la
1520 2118 307 81 grandeur
1872 2119 183 59 d'être
2102 2119 48 59 si
2193 2143 184 60 grave
2423 2121 157 61 alors
2617 2124 137 82 qu'il

572 2213 260 81 possède
868 2213 138 82 déjà
1041 2213 147 59 celle
1225 2214 182 61 d'être
1446 2215 48 59 si
1530 2217 196 59 beau?

572 2338 44 59 Il
651 2338 93 82 n'y
779 2338 228 60 semble
1041 2340 169 81 point
1253 2347 75 60 et,
1369 2363 235 38 comme
1646 2342 293 60 s'enroule
1980 2344 53 59 le
2075 2346 211 59 chœur
2325 2354 216 53 autour
2579 2349 175 62 d'une

571 2436 271 82 tragédie
877 2438 75 59 de
999 2438 316 82 Sophocle,
1360 2439 293 82 quelques
1693 2441 135 59 voix
1867 2443 193 80 parmi
2100 2443 55 59 la
2197 2444 231 62 France
2470 2448 283 61 éternelle

572 2543 262 75 peuvent
868 2558 65 38 se
960 2538 244 82 joindre
1239 2561 75 37 au
1350 2539 181 60 chant
1566 2540 101 83 qui
1704 2540 211 61 s'élève
1950 2548 60 53 et
2055 2543 187 60 mêler
2276 2545 151 60 ainsi
2456 2545 132 61 leur
2621 2548 133 60 élan

574 2639 33 54 à
636 2634 55 60 la
725 2657 214 38 course
974 2638 301 60 unanime.

572 2761 310 68 L'lnstant,
936 2763 75 59 de
1069 2786 65 38 se
1191 2765 188 59 sentir
1440 2772 255 54 soutenu
1746 2789 110 60 par
1924 2768 108 59 des
2082 2769 197 60 forces
2326 2770 285 70 diverses,
2662 2774 92 84 n'y

572 2860 150 82 perd
757 2883 108 60 pas
900 2862 75 59 de
1012 2885 66 35 sa
1112 2863 253 83 majesté
1400 2869 60 55 et
1494 2864 54 59 la
1574 2866 261 60 seconde
1872 2873 91 53 est
1997 2868 416 61 merveilleuse
2438 2871 100 82 qui
2565 2893 188 40 sonne

572 2981 75 37 en
683 2968 194 54 même
912 2968 195 77 temps
1144 2985 104 37 sur
1271 2968 135 54 tous
1441 2963 86 60 les
1563 2963 272 63 cadrans.

572 3084 87 58 La
694 3085 231 61 France
969 3088 359 59 victorieuse
1364 3094 58 55 et
1461 3097 284 73 pourtant
1779 3093 287 60 meurtrie
2108 3094 189 59 sourit
2330 3117 75 37 au
2441 3095 200 63 milieu
2677 3099 76 60 de

574 3205 64 36 sa
679 3183 253 61 douleur
970 3186 371 68 d'entrevoir,
1387 3188 321 60 au-dessus
1754 3191 76 59 de
1875 3191 55 59 la
1963 3198 160 55 terre

574 3281 289 67 nouvelle,
903 3285 250 80 poindre
1199 3285 86 59 les
1329 3307 99 37 ors
1475 3286 75 58 de
1596 3307 108 39 son
1750 3288 316 83 triomphe.
2749 3274 6 12 .

1770 3435 66 58 P.
1887 3436 67 60 B.

573 3761 107 33 Notre
703 3761 69 33 ami
795 3762 39 32 R.
859 3763 42 32 de
927 3763 33 32 la
988 3763 183 43 Fresnaye,
1197 3766 301 40 caporal-fourrier
1524 3778 71 23 aux
1624 3768 194 40 tranchées,
1849 3780 91 23 nous
1967 3769 63 34 fait
2058 3780 56 33 par-

573 3803 98 33 venir
692 3814 40 22 ce
753 3804 131 37 dessin,
910 3815 44 22 au
978 3806 92 41 sujet
1086 3806 132 42 duquel
1235 3808 23 32 il
1280 3818 89 23 nous
1392 3810 102 32 écrit:

576 3856 14 19 «
610 3845 37 43 Je
666 3856 89 21 vous
772 3846 124 32 envoie
920 3858 46 21 un
986 3848 196 33 minuscule
1206 3850 85 32 bout
1316 3851 42 32 de
1375 3851 140 41 croquis
1538 3851 62 33 fait
1621 3861 62 32 par
1706 3852 70 32 moi
1795 3853 23 31 il
1836 3863 25 32 y
1882 3863 20 22 a
1924 3853 78 44 déjà
2025 3854 84 44 long-

573 3887 127 42 temps,
720 3888 183 40 rappelant
920 3889 31 32 la
967 3890 190 33 silhouette
1175 3891 81 33 d'un
1274 3897 138 44 sergent
1435 3895 59 31 tué
1511 3893 123 43 depuis
1651 3895 104 31 d'une
1771 3895 103 32 balle.
1896 3905 14 21 »

574 3928 90 33 Nous
680 3930 190 40 publierons
890 3931 96 35 aussi
1005 3934 136 31 souvent
1163 3942 62 35 que
1249 3934 139 43 possible
1410 3935 55 32 des
1487 3936 126 32 dessins
1635 3936 249 42 authentiques
1906 3937 40 32 de
1967 3947 58 23 nos
2046 3938 88 33 amis

574 3980 68 23 aux
663 3970 165 37 tranchées
832 3997 8 12 s
