2919 3048
1312 2356 73 37 313

520 563 43 41 ©
622 559 94 35 Von
740 556 94 37 dem
856 549 281 49 Standpunkte
1160 547 70 35 der
1252 544 213 37 Bildkunst
1488 553 72 26 aus
1583 541 237 41 betrachtet,
1845 549 96 36 mag
1964 549 43 26 es
2030 549 50 25 zu
2106 539 47 36 be-

521 612 154 40 grüßen
692 608 87 37 sein
811 606 77 36 daß
911 614 83 27 nun
1011 610 45 27 so
1074 598 195 37 manches
1289 596 86 35 sich
1398 593 230 42 absondert,
1653 592 71 34 das
1746 591 172 45 unnötig
1941 591 73 35 das
2031 589 148 37 Gebiet

520 672 46 26 so
581 659 213 39 überfüllte
808 656 84 37 und
907 655 78 36 den
1000 650 178 44 Umfang
1191 659 46 24 so
1250 646 273 46 vergrößerte.
1539 642 93 37 Sein
1643 642 129 35 Glück
1785 641 42 35 in
1841 642 336 44 Beschränkung,

521 713 65 36 die
604 712 139 36 innere
761 705 220 40 Wahrheit
997 703 61 42 ist,
1077 700 117 36 sucht
1212 697 83 36 und
1312 697 109 34 nicht
1438 696 146 35 immer
1601 692 79 36 wie
1699 691 157 42 rasend,
1876 691 78 34 wie
1973 691 206 45 tollwütig

520 764 64 37 bis
601 774 50 25 zu
669 762 80 35 den
769 760 150 36 letzten
938 755 185 36 Grenzen
1148 749 70 36 der
1236 748 154 46 großen
1408 746 216 35 Bildkunst
1646 743 138 36 strebt.
1804 742 146 34 Dieses
1967 742 211 34 Abstoßen

522 815 72 37 des
618 808 334 45 Nur-Zufälligen
979 803 103 37 wird
1111 802 41 34 in
1184 799 71 36 der
1281 797 172 37 Zukunft
1483 796 146 34 immer
1654 793 167 36 weitere
1848 792 140 34 Kreise
2020 792 156 42 ziehen,

520 866 148 36 immer
689 873 104 26 neue
817 858 170 38 Gebiete
1013 864 49 25 zu
1086 850 232 38 demselben
1341 847 172 35 Streben
1536 848 231 32 ermuntern
1789 842 82 35 und
1894 841 115 46 jedes
2033 841 146 35 Gebiet

520 916 103 36 wird
646 925 44 24 so
717 912 121 36 dahin
860 907 195 39 trachten,
1079 902 85 36 sich
1187 912 49 24 zu
1259 898 194 45 reinigen;
1478 895 101 37 wird
1602 895 40 35 in
1665 894 85 36 sich
1769 892 142 38 Stufen
1933 891 84 36 und
2040 892 110 44 Rang-

521 967 136 40 folgen
675 962 258 39 beobachten
951 957 137 35 lernen
1107 952 82 36 und
1207 949 256 37 beobachten
1480 946 152 36 lehren.
2029 944 42 41 ©
2081 943 41 42 ©
2133 943 43 42 ©

520 1020 43 37 ©
624 1016 80 35 Ein
718 1012 127 38 Zufall
860 1010 84 37 also
963 1007 51 36 ist
1032 1015 54 32 es,
1106 1003 77 36 daß
1203 1001 130 35 dieses
1347 998 118 46 Ding,
1486 997 132 36 dieser
1631 995 140 46 Typus
1785 993 153 36 wieder
1956 992 111 36 nicht
2091 992 86 35 sich

520 1079 50 25 zu
590 1068 94 34 dem
702 1065 153 41 großen
873 1058 114 38 Bilde
1006 1053 227 41 auswuchs,
1254 1051 71 35 das
1343 1060 43 24 es
1405 1049 86 35 sein
1508 1046 94 42 will,
1621 1045 198 36 innerlich
1838 1047 51 32 ist
1906 1043 84 36 und
2009 1053 74 25 nur
2103 1052 73 25 aus

521 1117 260 38 äußerlichen
800 1109 194 41 Gründen
1011 1106 85 36 sich
1113 1103 114 37 nicht
1245 1101 52 36 da
1314 1099 163 46 einfügt,
1496 1096 139 38 wohin
1653 1106 43 26 es
1714 1095 136 37 strebt.
2031 1095 145 42 ©©©

521 1172 42 37 ©
624 1167 76 35 Die
728 1165 216 35 Bildkunst
974 1167 96 35 mag
1099 1153 115 37 dabei
1243 1150 208 45 befriedigt
1477 1159 97 25 sein.
1598 1147 111 36 Aber
1737 1146 71 35 das
1835 1149 50 30 ist
1911 1145 91 34 kein
2026 1143 150 43 Grund,

523 1220 78 35 daß
620 1217 112 36 diese
751 1216 75 35 Art
843 1223 84 27 nun
944 1210 66 37 bei
1028 1208 77 35 den
1123 1200 276 40 zeichnenden
1414 1200 186 34 Künsten
1619 1198 65 35 ein
1701 1197 324 36 Unterkommen
2045 1195 131 34 sucht.

521 1271 59 35 Es
599 1268 82 36 will
705 1266 64 37 ein
787 1264 133 37 Werk
939 1262 69 36 der
1025 1253 271 41 zeichnenden
1315 1252 132 34 Kunst
1469 1250 87 35 sein
1579 1248 79 35 und
1681 1248 51 35 ist
1756 1258 43 25 es
1822 1248 94 34 dem
1934 1245 115 36 Geist
2071 1244 107 35 nach

522 1320 107 36 doch
646 1319 114 36 nicht
791 1317 58 35 Es
863 1313 145 47 gehört
1024 1319 50 25 zu
1094 1307 76 36 den
1179 1302 218 37 Vorstufen
1413 1300 69 36 der
1496 1300 224 34 Bildkunst.
1741 1299 126 34 Nicht
1880 1298 39 34 in
1934 1295 94 36 dem
2043 1296 134 41 Sinne,

522 1371 80 37 wie
626 1370 63 35 die
713 1372 107 33 erste
843 1366 76 36 Art
934 1377 44 16 =
1000 1360 64 36 die
1086 1357 109 36 reine
1210 1351 220 37 Vorstudie
1451 1365 43 12 =
1517 1350 88 35 eine
1629 1349 111 36 Stufe
1759 1360 97 23 war.
1880 1348 125 34 Diese
2029 1347 53 35 ist
2104 1355 75 26 nur

521 1421 212 38 technisch
761 1419 89 36 eine
873 1410 206 41 Vorstufe.
1108 1407 65 36 Sie
1199 1405 72 35 hat
1298 1403 86 35 sich
1414 1401 109 35 noch
1549 1400 113 36 nicht
1690 1399 275 35 entschieden.
1989 1399 104 33 Was
2122 1396 57 36 sie

522 1473 168 32 werden
711 1470 79 35 will
823 1465 135 38 wohin
977 1463 56 35 sie
1053 1458 135 40 strebt,
1210 1454 100 35 wird
1333 1452 87 36 sich
1440 1455 82 31 erst
1542 1450 218 36 enthüllen.
1779 1450 121 34 Doch
1924 1448 72 35 das
2021 1448 90 34 eine
2130 1447 50 35 ist

522 1523 133 36 gewiß
691 1482 60 75 sil
927 1516 84 34 Das
1029 1511 98 36 hier
1146 1507 108 35 dient
1276 1504 121 35 nicht.
1419 1502 56 35 Es
1499 1501 52 35 ist
1572 1511 76 25 nur
1671 1500 63 35 ein
1754 1498 268 37 Unterschied
2045 1498 112 34 inner-

521 1574 98 35 halb
643 1572 71 36 der
736 1570 214 36 Bildkunst
971 1563 134 36 selbst.
1124 1559 58 35 Es
1204 1557 52 34 ist
1279 1554 89 36 eine
1391 1552 244 44 Rangfrage.
1658 1551 77 34 Die
1760 1549 139 36 Studie
1922 1549 127 35 bleibt
2071 1548 109 34 noch

523 1634 102 35 ganz
651 1621 149 36 zurück
840 1618 107 36 noch
973 1623 101 37 ganz
1102 1609 54 35 im
1180 1606 172 43 Anfang,
1379 1602 82 35 will
1486 1601 123 35 selbst
1635 1600 131 35 nichts
1789 1600 97 34 sein.
1911 1599 267 44 Dahingegen

2231 2111 100 23 Friedr.
2355 2111 90 29 König
2470 2112 53 23 OM.
