<?xml version="1.0" encoding="UTF-8"?>
<alto xmlns:xsi="http://www.w3.org/2001/XMLSchema-instance" xmlns="http://www.loc.gov/standards/alto/ns-v2#" xsi:schemaLocation="http://www.loc.gov/standards/alto/ns-v2# http://www.loc.gov/standards/alto/alto-v2.0.xsd" xmlns:xlink="http://www.w3.org/1999/xlink">
	<Description>
		<MeasurementUnit>mm10</MeasurementUnit>
		<sourceImageInformation>
			<fileName>//fileserver7/IN2/Princeton/jp2/pudl0097/2980652/003/19120113_01/00000015.jp2</fileName>
		</sourceImageInformation>
		<OCRProcessing ID="OCRPROCESSING_1">
			<preProcessingStep>
				<processingSoftware>
					<softwareCreator>CCS Content Conversion Specialists GmbH, Germany</softwareCreator>
					<softwareName>CCS docWORKS</softwareName>
					<softwareVersion>6.6-0.29</softwareVersion>
				</processingSoftware>
			</preProcessingStep>
			<ocrProcessingStep>
				<processingSoftware>
					<softwareCreator>ABBYY (BIT Software), Russia</softwareCreator>
					<softwareName>FineReader</softwareName>
					<softwareVersion>10.0</softwareVersion>
				</processingSoftware>
			</ocrProcessingStep>
		</OCRProcessing>
	</Description>
	<Styles>
		<TextStyle ID="TXT_0" FONTSIZE="10" FONTFAMILY="Times New Roman"/>
		<ParagraphStyle ID="PAR_RIGHT" ALIGN="Right"/>
		<ParagraphStyle ID="PAR_LEFT" ALIGN="Left"/>
		<ParagraphStyle ID="PAR_BLOCK" ALIGN="Block"/>
	</Styles>
	<Layout>
		<Page ID="P3" PHYSICAL_IMG_NR="3" HEIGHT="7282" WIDTH="5326" PRINTED_IMG_NR="741" PC="0.939">
			<TopMargin ID="P3_TM00001" HPOS="0" VPOS="0" WIDTH="5326" HEIGHT="5"/>
			<LeftMargin ID="P3_LM00001" HPOS="0" VPOS="5" WIDTH="5" HEIGHT="7137"/>
			<RightMargin ID="P3_RM00001" HPOS="5319" VPOS="5" WIDTH="7" HEIGHT="7137"/>
			<BottomMargin ID="P3_BM00001" HPOS="0" VPOS="7142" WIDTH="5326" HEIGHT="140">
				<TextBlock ID="P3_TB00001" HPOS="5020" VPOS="7145" WIDTH="76" HEIGHT="39" STYLEREFS="TXT_0 PAR_RIGHT">
					<TextLine ID="P3_TL00001" HPOS="5020" VPOS="7145" WIDTH="76" HEIGHT="39">
						<String ID="P3_ST00001" HPOS="5020" VPOS="7145" WIDTH="76" HEIGHT="39" CONTENT="741" WC="0.20" CC="868"/>
					</TextLine>
				</TextBlock>
			</BottomMargin>
			<PrintSpace ID="P3_PS00001" HPOS="5" VPOS="5" WIDTH="5314" HEIGHT="7137">
				<TextBlock ID="P3_TB00002" HPOS="308" VPOS="181" WIDTH="1522" HEIGHT="6912" STYLEREFS="TXT_0 PAR_LEFT">
					<TextLine ID="P3_TL00002" HPOS="308" VPOS="182" WIDTH="1515" HEIGHT="64">
						<String ID="P3_ST00002" HPOS="308" VPOS="184" WIDTH="97" HEIGHT="48" CONTENT="des" WC="0.90" CC="988"/>
						<SP ID="P3_SP00001" HPOS="405" VPOS="232" WIDTH="42"/>
						<String ID="P3_ST00003" HPOS="447" VPOS="182" WIDTH="188" HEIGHT="61" CONTENT="Todes," WC="0.97" CC="166556"/>
						<SP ID="P3_SP00002" HPOS="635" VPOS="243" WIDTH="46"/>
						<String ID="P3_ST00004" HPOS="681" VPOS="186" WIDTH="48" HEIGHT="45" CONTENT="in" WC="0.51" CC="27"/>
						<SP ID="P3_SP00003" HPOS="729" VPOS="243" WIDTH="44"/>
						<String ID="P3_ST00005" HPOS="773" VPOS="185" WIDTH="133" HEIGHT="48" CONTENT="ihrer" WC="0.96" CC="49365"/>
						<SP ID="P3_SP00004" HPOS="906" VPOS="243" WIDTH="49"/>
						<String ID="P3_ST00006" HPOS="955" VPOS="184" WIDTH="502" HEIGHT="62" CONTENT="Unausgesetztheit," WC="0.99" CC="08956788045060723"/>
						<SP ID="P3_SP00005" HPOS="1457" VPOS="246" WIDTH="46"/>
						<String ID="P3_ST00007" HPOS="1503" VPOS="188" WIDTH="188" HEIGHT="50" CONTENT="tödlich" WC="0.98" CC="5076277"/>
						<SP ID="P3_SP00006" HPOS="1691" VPOS="246" WIDTH="46"/>
						<String ID="P3_ST00008" HPOS="1737" VPOS="190" WIDTH="86" HEIGHT="48" CONTENT="auf" WC="0.93" CC="475"/>
					</TextLine>
					<TextLine ID="P3_TL00003" HPOS="313" VPOS="266" WIDTH="404" HEIGHT="52">
						<String ID="P3_ST00009" HPOS="313" VPOS="282" WIDTH="203" HEIGHT="36" CONTENT="**serm" WC="0.24" CC="778777"/>
						<SP ID="P3_SP00007" HPOS="516" VPOS="318" WIDTH="41"/>
						<String ID="P3_ST00010" HPOS="557" VPOS="266" WIDTH="160" HEIGHT="51" CONTENT="Sein?" WC="0.97" CC="02875"/>
					</TextLine>
					<TextLine ID="P3_TL00004" HPOS="436" VPOS="352" WIDTH="1384" HEIGHT="64">
						<String ID="P3_ST00011" HPOS="436" VPOS="353" WIDTH="251" HEIGHT="48" CONTENT="Franz:" WC="0.97" CC="855754"/>
						<SP ID="P3_SP00008" HPOS="687" VPOS="401" WIDTH="60"/>
						<String ID="P3_ST00012" HPOS="747" VPOS="352" WIDTH="93" HEIGHT="51" CONTENT="Die" WC="1.00" CC="000"/>
						<SP ID="P3_SP00009" HPOS="840" VPOS="403" WIDTH="38"/>
						<String ID="P3_ST00013" HPOS="878" VPOS="353" WIDTH="324" HEIGHT="62" CONTENT="Erkenntnis," WC="0.98" CC="79339749170"/>
						<SP ID="P3_SP00010" HPOS="1202" VPOS="415" WIDTH="44"/>
						<String ID="P3_ST00014" HPOS="1246" VPOS="359" WIDTH="206" HEIGHT="47" CONTENT="sterben" WC="0.98" CC="0305509"/>
						<SP ID="P3_SP00011" HPOS="1452" VPOS="415" WIDTH="44"/>
						<String ID="P3_ST00015" HPOS="1496" VPOS="373" WIDTH="61" HEIGHT="35" CONTENT="zu" WC="0.81" CC="03"/>
						<SP ID="P3_SP00012" HPOS="1557" VPOS="415" WIDTH="40"/>
						<String ID="P3_ST00016" HPOS="1597" VPOS="362" WIDTH="223" HEIGHT="54" CONTENT="müssen," WC="0.98" CC="3004094"/>
					</TextLine>
					<TextLine ID="P3_TL00005" HPOS="312" VPOS="438" WIDTH="1510" HEIGHT="65">
						<String ID="P3_ST00017" HPOS="312" VPOS="441" WIDTH="67" HEIGHT="47" CONTENT="ist" WC="0.92" CC="777"/>
						<SP ID="P3_SP00013" HPOS="379" VPOS="488" WIDTH="41"/>
						<String ID="P3_ST00018" HPOS="420" VPOS="438" WIDTH="273" HEIGHT="55" CONTENT="allerdings" WC="0.98" CC="7700603676"/>
						<SP ID="P3_SP00014" HPOS="693" VPOS="493" WIDTH="47"/>
						<String ID="P3_ST00019" HPOS="740" VPOS="439" WIDTH="78" HEIGHT="48" CONTENT="die" WC="0.95" CC="570"/>
						<SP ID="P3_SP00015" HPOS="818" VPOS="493" WIDTH="43"/>
						<String ID="P3_ST00020" HPOS="861" VPOS="439" WIDTH="204" HEIGHT="50" CONTENT="absolut" WC="0.98" CC="6505050"/>
						<SP ID="P3_SP00016" HPOS="1065" VPOS="493" WIDTH="48"/>
						<String ID="P3_ST00021" HPOS="1113" VPOS="442" WIDTH="357" HEIGHT="61" CONTENT="entsetzliche;" WC="0.99" CC="7005004531506"/>
						<SP ID="P3_SP00017" HPOS="1470" VPOS="503" WIDTH="78"/>
						<String ID="P3_ST00022" HPOS="1548" VPOS="444" WIDTH="125" HEIGHT="49" CONTENT="aber" WC="0.98" CC="5040"/>
						<SP ID="P3_SP00018" HPOS="1673" VPOS="503" WIDTH="74"/>
						<String ID="P3_ST00023" HPOS="1747" VPOS="446" WIDTH="75" HEIGHT="46" CONTENT="sie" WC="0.99" CC="200"/>
					</TextLine>
					<TextLine ID="P3_TL00006" HPOS="312" VPOS="521" WIDTH="1506" HEIGHT="64">
						<String ID="P3_ST00024" HPOS="312" VPOS="522" WIDTH="212" HEIGHT="50" CONTENT="braucht" WC="0.96" CC="7778779"/>
						<SP ID="P3_SP00019" HPOS="524" VPOS="572" WIDTH="49"/>
						<String ID="P3_ST00025" HPOS="573" VPOS="521" WIDTH="136" HEIGHT="50" CONTENT="nicht" WC="0.98" CC="04071"/>
						<SP ID="P3_SP00020" HPOS="709" VPOS="572" WIDTH="48"/>
						<String ID="P3_ST00026" HPOS="757" VPOS="523" WIDTH="182" HEIGHT="49" CONTENT="unfroh" WC="0.97" CC="676060"/>
						<SP ID="P3_SP00021" HPOS="939" VPOS="572" WIDTH="46"/>
						<String ID="P3_ST00027" HPOS="985" VPOS="538" WIDTH="64" HEIGHT="36" CONTENT="zu" WC="0.86" CC="02"/>
						<SP ID="P3_SP00022" HPOS="1049" VPOS="574" WIDTH="48"/>
						<String ID="P3_ST00028" HPOS="1097" VPOS="528" WIDTH="231" HEIGHT="47" CONTENT="inachen." WC="0.98" CC="78060061"/>
						<SP ID="P3_SP00023" HPOS="1328" VPOS="575" WIDTH="79"/>
						<String ID="P3_ST00029" HPOS="1407" VPOS="528" WIDTH="74" HEIGHT="48" CONTENT="Im" WC="0.50" CC="54"/>
						<SP ID="P3_SP00024" HPOS="1481" VPOS="576" WIDTH="47"/>
						<String ID="P3_ST00030" HPOS="1528" VPOS="528" WIDTH="290" HEIGHT="57" CONTENT="Gegenteil:" WC="0.99" CC="5060600015"/>
					</TextLine>
					<TextLine ID="P3_TL00007" HPOS="314" VPOS="605" WIDTH="1508" HEIGHT="63">
						<String ID="P3_ST00031" HPOS="314" VPOS="610" WIDTH="75" HEIGHT="47" CONTENT="si#" WC="0.16" CC="888"/>
						<SP ID="P3_SP00025" HPOS="389" VPOS="657" WIDTH="40"/>
						<String ID="P3_ST00032" HPOS="429" VPOS="605" WIDTH="206" HEIGHT="50" CONTENT="befiehlt" WC="0.99" CC="67730000"/>
						<SP ID="P3_SP00026" HPOS="635" VPOS="657" WIDTH="48"/>
						<String ID="P3_ST00033" HPOS="683" VPOS="607" WIDTH="115" HEIGHT="48" CONTENT="dem" WC="1.00" CC="000"/>
						<SP ID="P3_SP00027" HPOS="798" VPOS="657" WIDTH="43"/>
						<String ID="P3_ST00034" HPOS="841" VPOS="605" WIDTH="300" HEIGHT="63" CONTENT="Menschen," WC="0.99" CC="025045024"/>
						<SP ID="P3_SP00028" HPOS="1141" VPOS="668" WIDTH="47"/>
						<String ID="P3_ST00035" HPOS="1188" VPOS="611" WIDTH="108" HEIGHT="49" CONTENT="sich" WC="0.97" CC="4506"/>
						<SP ID="P3_SP00029" HPOS="1296" VPOS="668" WIDTH="45"/>
						<String ID="P3_ST00036" HPOS="1341" VPOS="626" WIDTH="145" HEIGHT="35" CONTENT="umso" WC="0.98" CC="4004"/>
						<SP ID="P3_SP00030" HPOS="1486" VPOS="668" WIDTH="46"/>
						<String ID="P3_ST00037" HPOS="1532" VPOS="613" WIDTH="290" HEIGHT="55" CONTENT="brünstiger" WC="0.99" CC="0006006705"/>
					</TextLine>
					<TextLine ID="P3_TL00008" HPOS="314" VPOS="690" WIDTH="1508" HEIGHT="67">
						<String ID="P3_ST00038" HPOS="314" VPOS="706" WIDTH="63" HEIGHT="34" CONTENT="as" WC="0.10" CC="98"/>
						<SP ID="P3_SP00031" HPOS="377" VPOS="740" WIDTH="33"/>
						<String ID="P3_ST00039" HPOS="410" VPOS="692" WIDTH="93" HEIGHT="48" CONTENT="das" WC="0.93" CC="945"/>
						<SP ID="P3_SP00032" HPOS="503" VPOS="740" WIDTH="38"/>
						<String ID="P3_ST00040" HPOS="541" VPOS="690" WIDTH="176" HEIGHT="50" CONTENT="Leben" WC="0.98" CC="60604"/>
						<SP ID="P3_SP00033" HPOS="717" VPOS="740" WIDTH="37"/>
						<String ID="P3_ST00041" HPOS="754" VPOS="706" WIDTH="61" HEIGHT="34" CONTENT="zu" WC="0.52" CC="26"/>
						<SP ID="P3_SP00034" HPOS="815" VPOS="740" WIDTH="38"/>
						<String ID="P3_ST00042" HPOS="853" VPOS="692" WIDTH="308" HEIGHT="65" CONTENT="klammern;" WC="0.99" CC="002290373"/>
						<SP ID="P3_SP00035" HPOS="1161" VPOS="757" WIDTH="57"/>
						<String ID="P3_ST00043" HPOS="1218" VPOS="711" WIDTH="62" HEIGHT="34" CONTENT="an" WC="0.57" CC="17"/>
						<SP ID="P3_SP00036" HPOS="1280" VPOS="757" WIDTH="42"/>
						<String ID="P3_ST00044" HPOS="1322" VPOS="698" WIDTH="80" HEIGHT="47" CONTENT="die" WC="0.98" CC="040"/>
						<SP ID="P3_SP00037" HPOS="1402" VPOS="757" WIDTH="36"/>
						<String ID="P3_ST00045" HPOS="1438" VPOS="701" WIDTH="218" HEIGHT="45" CONTENT="tausend" WC="0.99" CC="0000068"/>
						<SP ID="P3_SP00038" HPOS="1656" VPOS="757" WIDTH="38"/>
						<String ID="P3_ST00046" HPOS="1694" VPOS="696" WIDTH="96" HEIGHT="50" CONTENT="Ver" SUBS_TYPE="HypPart1" SUBS_CONTENT="Verfügungen;" WC="0.98" CC="103"/>
						<HYP HPOS="1790" VPOS="696" WIDTH="32" CONTENT="-"/>
					</TextLine>
					<TextLine ID="P3_TL00009" HPOS="311" VPOS="778" WIDTH="1510" HEIGHT="60">
						<String ID="P3_ST00047" HPOS="311" VPOS="778" WIDTH="329" HEIGHT="59" CONTENT="fügungen;" SUBS_TYPE="HypPart2" SUBS_CONTENT="Verfügungen;" WC="0.98" CC="809889007"/>
						<SP ID="P3_SP00039" HPOS="640" VPOS="837" WIDTH="83"/>
						<String ID="P3_ST00048" HPOS="723" VPOS="790" WIDTH="63" HEIGHT="34" CONTENT="an" WC="0.32" CC="67"/>
						<SP ID="P3_SP00040" HPOS="786" VPOS="837" WIDTH="51"/>
						<String ID="P3_ST00049" HPOS="837" VPOS="778" WIDTH="174" HEIGHT="50" CONTENT="diesen" WC="0.99" CC="001005"/>
						<SP ID="P3_SP00041" HPOS="1011" VPOS="837" WIDTH="49"/>
						<String ID="P3_ST00050" HPOS="1060" VPOS="778" WIDTH="164" HEIGHT="60" CONTENT="Hügel" WC="0.98" CC="70900"/>
						<SP ID="P3_SP00042" HPOS="1224" VPOS="838" WIDTH="48"/>
						<String ID="P3_ST00051" HPOS="1272" VPOS="780" WIDTH="240" HEIGHT="50" CONTENT="Buntheit" WC="0.99" CC="65310020"/>
						<SP ID="P3_SP00043" HPOS="1512" VPOS="838" WIDTH="48"/>
						<String ID="P3_ST00052" HPOS="1560" VPOS="782" WIDTH="261" HEIGHT="49" CONTENT="zwischen" WC="0.99" CC="04443007"/>
					</TextLine>
					<TextLine ID="P3_TL00010" HPOS="312" VPOS="859" WIDTH="1510" HEIGHT="57">
						<String ID="P3_ST00053" HPOS="312" VPOS="861" WIDTH="132" HEIGHT="47" CONTENT="jwei" WC="0.36" CC="7755"/>
						<SP ID="P3_SP00044" HPOS="444" VPOS="908" WIDTH="38"/>
						<String ID="P3_ST00054" HPOS="482" VPOS="859" WIDTH="302" HEIGHT="51" CONTENT="schwarzen" WC="0.99" CC="023505406"/>
						<SP ID="P3_SP00045" HPOS="784" VPOS="910" WIDTH="43"/>
						<String ID="P3_ST00055" HPOS="827" VPOS="861" WIDTH="218" HEIGHT="53" CONTENT="Wüsten" WC="0.99" CC="000609"/>
						<SP ID="P3_SP00046" HPOS="1045" VPOS="914" WIDTH="42"/>
						<String ID="P3_ST00056" HPOS="1087" VPOS="905" WIDTH="9" HEIGHT="8" CONTENT="." WC="0.57" CC="4"/>
						<SP ID="P3_SP00047" HPOS="1096" VPOS="914" WIDTH="40"/>
						<String ID="P3_ST00057" HPOS="1136" VPOS="905" WIDTH="9" HEIGHT="8" CONTENT="." WC="0.64" CC="3"/>
						<SP ID="P3_SP00048" HPOS="1145" VPOS="914" WIDTH="43"/>
						<String ID="P3_ST00058" HPOS="1188" VPOS="904" WIDTH="10" HEIGHT="10" CONTENT="." WC="0.56" CC="4"/>
						<SP ID="P3_SP00049" HPOS="1198" VPOS="914" WIDTH="72"/>
						<String ID="P3_ST00059" HPOS="1270" VPOS="864" WIDTH="125" HEIGHT="49" CONTENT="Zum" WC="1.00" CC="000"/>
						<SP ID="P3_SP00050" HPOS="1395" VPOS="914" WIDTH="39"/>
						<String ID="P3_ST00060" HPOS="1434" VPOS="865" WIDTH="175" HEIGHT="50" CONTENT="Neuen" WC="0.99" CC="00505"/>
						<SP ID="P3_SP00051" HPOS="1609" VPOS="915" WIDTH="41"/>
						<String ID="P3_ST00061" HPOS="1650" VPOS="866" WIDTH="138" HEIGHT="50" CONTENT="Hedo" SUBS_TYPE="HypPart1" SUBS_CONTENT="Hedolismus" WC="0.63" CC="6007"/>
						<HYP HPOS="1788" VPOS="866" WIDTH="34" CONTENT="-"/>
					</TextLine>
					<TextLine ID="P3_TL00011" HPOS="314" VPOS="944" WIDTH="1509" HEIGHT="65">
						<String ID="P3_ST00062" HPOS="314" VPOS="947" WIDTH="191" HEIGHT="46" CONTENT="lismus" SUBS_TYPE="HypPart2" SUBS_CONTENT="Hedolismus" WC="0.36" CC="677870"/>
						<SP ID="P3_SP00052" HPOS="505" VPOS="993" WIDTH="41"/>
						<String ID="P3_ST00063" HPOS="546" VPOS="944" WIDTH="178" HEIGHT="50" CONTENT="führen" WC="0.99" CC="500062"/>
						<SP ID="P3_SP00053" HPOS="724" VPOS="994" WIDTH="44"/>
						<String ID="P3_ST00064" HPOS="768" VPOS="948" WIDTH="147" HEIGHT="49" CONTENT="deine" WC="0.99" CC="40060"/>
						<SP ID="P3_SP00054" HPOS="915" VPOS="997" WIDTH="37"/>
						<String ID="P3_ST00065" HPOS="952" VPOS="948" WIDTH="403" HEIGHT="61" CONTENT="Perspektiven;" WC="0.99" CC="0045506040046"/>
						<SP ID="P3_SP00055" HPOS="1355" VPOS="1009" WIDTH="64"/>
						<String ID="P3_ST00066" HPOS="1419" VPOS="954" WIDTH="73" HEIGHT="45" CONTENT="sie" WC="0.99" CC="030"/>
						<SP ID="P3_SP00056" HPOS="1492" VPOS="1009" WIDTH="42"/>
						<String ID="P3_ST00067" HPOS="1534" VPOS="952" WIDTH="111" HEIGHT="47" CONTENT="sind" WC="0.99" CC="3300"/>
						<SP ID="P3_SP00057" HPOS="1645" VPOS="1009" WIDTH="42"/>
						<String ID="P3_ST00068" HPOS="1687" VPOS="953" WIDTH="136" HEIGHT="48" CONTENT="nicht" WC="0.99" CC="45000"/>
					</TextLine>
					<TextLine ID="P3_TL00012" HPOS="314" VPOS="1028" WIDTH="862" HEIGHT="62">
						<String ID="P3_ST00069" HPOS="314" VPOS="1028" WIDTH="210" HEIGHT="61" CONTENT="tödlich;" WC="0.98" CC="76871700"/>
						<SP ID="P3_SP00058" HPOS="524" VPOS="1089" WIDTH="54"/>
						<String ID="P3_ST00070" HPOS="578" VPOS="1043" WIDTH="60" HEIGHT="37" CONTENT="es" WC="0.62" CC="70"/>
						<SP ID="P3_SP00059" HPOS="638" VPOS="1089" WIDTH="41"/>
						<String ID="P3_ST00071" HPOS="679" VPOS="1030" WIDTH="115" HEIGHT="50" CONTENT="lebe" WC="0.99" CC="3000"/>
						<SP ID="P3_SP00060" HPOS="794" VPOS="1089" WIDTH="45"/>
						<String ID="P3_ST00072" HPOS="839" VPOS="1033" WIDTH="89" HEIGHT="49" CONTENT="der" WC="1.00" CC="000"/>
						<SP ID="P3_SP00061" HPOS="928" VPOS="1089" WIDTH="41"/>
						<String ID="P3_ST00073" HPOS="969" VPOS="1033" WIDTH="207" HEIGHT="57" CONTENT="Kampf!" WC="0.97" CC="660563"/>
					</TextLine>
					<TextLine ID="P3_TL00013" HPOS="447" VPOS="1112" WIDTH="1376" HEIGHT="67">
						<String ID="P3_ST00074" HPOS="447" VPOS="1112" WIDTH="124" HEIGHT="49" CONTENT="Qui" WC="0.45" CC="560"/>
						<SP ID="P3_SP00062" HPOS="571" VPOS="1161" WIDTH="22"/>
						<String ID="P3_ST00075" HPOS="593" VPOS="1115" WIDTH="29" HEIGHT="47" CONTENT="d" WC="1.00" CC="0"/>
						<SP ID="P3_SP00063" HPOS="622" VPOS="1162" WIDTH="19"/>
						<String ID="P3_ST00076" HPOS="641" VPOS="1129" WIDTH="55" HEIGHT="34" CONTENT="o:" WC="0.50" CC="54"/>
						<SP ID="P3_SP00064" HPOS="696" VPOS="1163" WIDTH="66"/>
						<String ID="P3_ST00077" HPOS="762" VPOS="1115" WIDTH="164" HEIGHT="58" CONTENT="Dinge" WC="0.97" CC="08690"/>
						<SP ID="P3_SP00065" HPOS="926" VPOS="1173" WIDTH="42"/>
						<String ID="P3_ST00078" HPOS="968" VPOS="1119" WIDTH="213" HEIGHT="48" CONTENT="machen" WC="0.99" CC="000006"/>
						<SP ID="P3_SP00066" HPOS="1181" VPOS="1173" WIDTH="46"/>
						<String ID="P3_ST00079" HPOS="1227" VPOS="1121" WIDTH="164" HEIGHT="46" CONTENT="einem" WC="0.96" CC="05879"/>
						<SP ID="P3_SP00067" HPOS="1391" VPOS="1173" WIDTH="46"/>
						<String ID="P3_ST00080" HPOS="1437" VPOS="1135" WIDTH="92" HEIGHT="36" CONTENT="nur" WC="0.96" CC="506"/>
						<SP ID="P3_SP00068" HPOS="1529" VPOS="1173" WIDTH="43"/>
						<String ID="P3_ST00081" HPOS="1572" VPOS="1135" WIDTH="58" HEIGHT="35" CONTENT="so" WC="0.77" CC="04"/>
						<SP ID="P3_SP00069" HPOS="1630" VPOS="1173" WIDTH="45"/>
						<String ID="P3_ST00082" HPOS="1675" VPOS="1123" WIDTH="148" HEIGHT="56" CONTENT="lange" WC="0.98" CC="00707"/>
					</TextLine>
					<TextLine ID="P3_TL00014" HPOS="314" VPOS="1196" WIDTH="1508" HEIGHT="65">
						<String ID="P3_ST00083" HPOS="314" VPOS="1196" WIDTH="151" HEIGHT="58" CONTENT="Spaß," WC="0.97" CC="73621"/>
						<SP ID="P3_SP00070" HPOS="465" VPOS="1254" WIDTH="48"/>
						<String ID="P3_ST00084" HPOS="513" VPOS="1199" WIDTH="76" HEIGHT="49" CONTENT="als" WC="0.93" CC="874"/>
						<SP ID="P3_SP00071" HPOS="589" VPOS="1254" WIDTH="49"/>
						<String ID="P3_ST00085" HPOS="638" VPOS="1214" WIDTH="116" HEIGHT="34" CONTENT="man" WC="0.97" CC="007"/>
						<SP ID="P3_SP00072" HPOS="754" VPOS="1254" WIDTH="44"/>
						<String ID="P3_ST00086" HPOS="798" VPOS="1202" WIDTH="136" HEIGHT="49" CONTENT="nicht" WC="0.98" CC="88000"/>
						<SP ID="P3_SP00073" HPOS="934" VPOS="1254" WIDTH="48"/>
						<String ID="P3_ST00087" HPOS="982" VPOS="1203" WIDTH="135" HEIGHT="58" CONTENT="ahnt," WC="1.00" CC="00003"/>
						<SP ID="P3_SP00074" HPOS="1117" VPOS="1261" WIDTH="51"/>
						<String ID="P3_ST00088" HPOS="1168" VPOS="1203" WIDTH="95" HEIGHT="49" CONTENT="daß" WC="0.98" CC="310"/>
						<SP ID="P3_SP00075" HPOS="1263" VPOS="1261" WIDTH="51"/>
						<String ID="P3_ST00089" HPOS="1314" VPOS="1219" WIDTH="116" HEIGHT="34" CONTENT="man" WC="0.98" CC="005"/>
						<SP ID="P3_SP00076" HPOS="1430" VPOS="1261" WIDTH="48"/>
						<String ID="P3_ST00090" HPOS="1478" VPOS="1209" WIDTH="73" HEIGHT="46" CONTENT="sie" WC="0.99" CC="030"/>
						<SP ID="P3_SP00077" HPOS="1551" VPOS="1261" WIDTH="50"/>
						<String ID="P3_ST00091" HPOS="1601" VPOS="1222" WIDTH="83" HEIGHT="34" CONTENT="um" WC="0.83" CC="30"/>
						<SP ID="P3_SP00078" HPOS="1684" VPOS="1261" WIDTH="49"/>
						<String ID="P3_ST00092" HPOS="1733" VPOS="1209" WIDTH="89" HEIGHT="46" CONTENT="des" WC="0.98" CC="004"/>
					</TextLine>
					<TextLine ID="P3_TL00015" HPOS="316" VPOS="1281" WIDTH="1508" HEIGHT="70">
						<String ID="P3_ST00093" HPOS="316" VPOS="1281" WIDTH="197" HEIGHT="57" CONTENT="Spaßes" WC="0.97" CC="577613"/>
						<SP ID="P3_SP00079" HPOS="513" VPOS="1338" WIDTH="34"/>
						<String ID="P3_ST00094" HPOS="547" VPOS="1284" WIDTH="170" HEIGHT="49" CONTENT="willen" WC="0.96" CC="823789"/>
						<SP ID="P3_SP00080" HPOS="717" VPOS="1338" WIDTH="33"/>
						<String ID="P3_ST00095" HPOS="750" VPOS="1286" WIDTH="166" HEIGHT="49" CONTENT="treibt." WC="1.00" CC="0001006"/>
						<SP ID="P3_SP00081" HPOS="916" VPOS="1338" WIDTH="69"/>
						<String ID="P3_ST00096" HPOS="985" VPOS="1286" WIDTH="117" HEIGHT="49" CONTENT="Und" WC="0.92" CC="578"/>
						<SP ID="P3_SP00082" HPOS="1102" VPOS="1338" WIDTH="32"/>
						<String ID="P3_ST00097" HPOS="1134" VPOS="1289" WIDTH="46" HEIGHT="46" CONTENT="in" WC="0.62" CC="34"/>
						<SP ID="P3_SP00083" HPOS="1180" VPOS="1338" WIDTH="40"/>
						<String ID="P3_ST00098" HPOS="1220" VPOS="1290" WIDTH="116" HEIGHT="47" CONTENT="dem" WC="1.00" CC="000"/>
						<SP ID="P3_SP00084" HPOS="1336" VPOS="1338" WIDTH="36"/>
						<String ID="P3_ST00099" HPOS="1372" VPOS="1292" WIDTH="330" HEIGHT="59" CONTENT="Augenblick," WC="0.99" CC="14006011231"/>
						<SP ID="P3_SP00085" HPOS="1702" VPOS="1351" WIDTH="37"/>
						<String ID="P3_ST00100" HPOS="1739" VPOS="1305" WIDTH="85" HEIGHT="33" CONTENT="wo" WC="0.20" CC="95"/>
					</TextLine>
					<TextLine ID="P3_TL00016" HPOS="318" VPOS="1367" WIDTH="1505" HEIGHT="60">
						<String ID="P3_ST00101" HPOS="318" VPOS="1381" WIDTH="115" HEIGHT="35" CONTENT="»an" WC="0.94" CC="356"/>
						<SP ID="P3_SP00086" HPOS="433" VPOS="1416" WIDTH="45"/>
						<String ID="P3_ST00102" HPOS="478" VPOS="1367" WIDTH="228" HEIGHT="60" CONTENT="erkennt," WC="0.99" CC="00305604"/>
						<SP ID="P3_SP00087" HPOS="706" VPOS="1427" WIDTH="47"/>
						<String ID="P3_ST00103" HPOS="753" VPOS="1369" WIDTH="95" HEIGHT="50" CONTENT="daß" WC="0.99" CC="002"/>
						<SP ID="P3_SP00088" HPOS="848" VPOS="1427" WIDTH="45"/>
						<String ID="P3_ST00104" HPOS="893" VPOS="1372" WIDTH="89" HEIGHT="47" CONTENT="das" WC="0.98" CC="050"/>
						<SP ID="P3_SP00089" HPOS="982" VPOS="1427" WIDTH="44"/>
						<String ID="P3_ST00105" HPOS="1026" VPOS="1371" WIDTH="174" HEIGHT="49" CONTENT="Leben" WC="0.99" CC="00007"/>
						<SP ID="P3_SP00090" HPOS="1200" VPOS="1427" WIDTH="49"/>
						<String ID="P3_ST00106" HPOS="1249" VPOS="1375" WIDTH="89" HEIGHT="48" CONTENT="der" WC="1.00" CC="000"/>
						<SP ID="P3_SP00091" HPOS="1338" VPOS="1427" WIDTH="43"/>
						<String ID="P3_ST00107" HPOS="1381" VPOS="1375" WIDTH="159" HEIGHT="50" CONTENT="Güter" WC="0.98" CC="60005"/>
						<SP ID="P3_SP00092" HPOS="1540" VPOS="1427" WIDTH="43"/>
						<String ID="P3_ST00108" HPOS="1583" VPOS="1376" WIDTH="240" HEIGHT="48" CONTENT="höchstes" WC="1.00" CC="01100004"/>
					</TextLine>
					<TextLine ID="P3_TL00017" HPOS="314" VPOS="1453" WIDTH="1509" HEIGHT="60">
						<String ID="P3_ST00109" HPOS="314" VPOS="1455" WIDTH="83" HEIGHT="58" CONTENT="ist," WC="0.95" CC="6473"/>
						<SP ID="P3_SP00093" HPOS="397" VPOS="1513" WIDTH="69"/>
						<String ID="P3_ST00110" HPOS="466" VPOS="1453" WIDTH="211" HEIGHT="49" CONTENT="verliert" WC="0.99" CC="00375000"/>
						<SP ID="P3_SP00094" HPOS="677" VPOS="1513" WIDTH="71"/>
						<String ID="P3_ST00111" HPOS="748" VPOS="1468" WIDTH="56" HEIGHT="35" CONTENT="es" WC="0.82" CC="30"/>
						<SP ID="P3_SP00095" HPOS="804" VPOS="1513" WIDTH="37"/>
						<String ID="P3_ST00112" HPOS="841" VPOS="1457" WIDTH="150" HEIGHT="51" CONTENT="jeden" WC="0.98" CC="52006"/>
						<SP ID="P3_SP00096" HPOS="991" VPOS="1513" WIDTH="36"/>
						<String ID="P3_ST00113" HPOS="1027" VPOS="1455" WIDTH="164" HEIGHT="51" CONTENT="Wert." WC="0.99" CC="50004"/>
						<SP ID="P3_SP00097" HPOS="1191" VPOS="1513" WIDTH="73"/>
						<String ID="P3_ST00114" HPOS="1264" VPOS="1459" WIDTH="84" HEIGHT="49" CONTENT="Ich" WC="0.96" CC="504"/>
						<SP ID="P3_SP00098" HPOS="1348" VPOS="1513" WIDTH="39"/>
						<String ID="P3_ST00115" HPOS="1387" VPOS="1463" WIDTH="255" HEIGHT="47" CONTENT="bedauere" WC="0.99" CC="00509030"/>
						<SP ID="P3_SP00099" HPOS="1642" VPOS="1513" WIDTH="45"/>
						<String ID="P3_ST00116" HPOS="1687" VPOS="1461" WIDTH="136" HEIGHT="46" CONTENT="diese" WC="1.00" CC="00000"/>
					</TextLine>
					<TextLine ID="P3_TL00018" HPOS="317" VPOS="1536" WIDTH="1505" HEIGHT="66">
						<String ID="P3_ST00117" HPOS="317" VPOS="1536" WIDTH="268" HEIGHT="59" CONTENT="Tatsache," WC="0.98" CC="669604032"/>
						<SP ID="P3_SP00100" HPOS="585" VPOS="1595" WIDTH="29"/>
						<String ID="P3_ST00118" HPOS="614" VPOS="1538" WIDTH="82" HEIGHT="48" CONTENT="ich" WC="0.95" CC="607"/>
						<SP ID="P3_SP00101" HPOS="696" VPOS="1595" WIDTH="30"/>
						<String ID="P3_ST00119" HPOS="726" VPOS="1540" WIDTH="155" HEIGHT="49" CONTENT="suche" WC="0.98" CC="15360"/>
						<SP ID="P3_SP00102" HPOS="881" VPOS="1595" WIDTH="35"/>
						<String ID="P3_ST00120" HPOS="916" VPOS="1541" WIDTH="129" HEIGHT="48" CONTENT="auch" WC="0.97" CC="1832"/>
						<SP ID="P3_SP00103" HPOS="1045" VPOS="1595" WIDTH="34"/>
						<String ID="P3_ST00121" HPOS="1079" VPOS="1556" WIDTH="93" HEIGHT="44" CONTENT="gar" WC="0.95" CC="904"/>
						<SP ID="P3_SP00104" HPOS="1172" VPOS="1600" WIDTH="33"/>
						<String ID="P3_ST00122" HPOS="1205" VPOS="1546" WIDTH="136" HEIGHT="48" CONTENT="nicht" WC="0.98" CC="32050"/>
						<SP ID="P3_SP00105" HPOS="1341" VPOS="1600" WIDTH="34"/>
						<String ID="P3_ST00123" HPOS="1375" VPOS="1549" WIDTH="72" HEIGHT="46" CONTENT="sie" WC="0.98" CC="050"/>
						<SP ID="P3_SP00106" HPOS="1447" VPOS="1600" WIDTH="31"/>
						<String ID="P3_ST00124" HPOS="1478" VPOS="1559" WIDTH="62" HEIGHT="32" CONTENT="zu" WC="0.52" CC="36"/>
						<SP ID="P3_SP00107" HPOS="1540" VPOS="1600" WIDTH="33"/>
						<String ID="P3_ST00125" HPOS="1573" VPOS="1544" WIDTH="249" HEIGHT="58" CONTENT="erklären," WC="0.99" CC="010223404"/>
					</TextLine>
					<TextLine ID="P3_TL00019" HPOS="318" VPOS="1622" WIDTH="1506" HEIGHT="65">
						<String ID="P3_ST00126" HPOS="318" VPOS="1622" WIDTH="126" HEIGHT="48" CONTENT="aber" WC="0.95" CC="9725"/>
						<SP ID="P3_SP00108" HPOS="444" VPOS="1670" WIDTH="37"/>
						<String ID="P3_ST00127" HPOS="481" VPOS="1622" WIDTH="81" HEIGHT="47" CONTENT="ich" WC="0.93" CC="755"/>
						<SP ID="P3_SP00109" HPOS="562" VPOS="1670" WIDTH="45"/>
						<String ID="P3_ST00128" HPOS="607" VPOS="1623" WIDTH="134" HEIGHT="48" CONTENT="kann" WC="0.97" CC="2408"/>
						<SP ID="P3_SP00110" HPOS="741" VPOS="1671" WIDTH="43"/>
						<String ID="P3_ST00129" HPOS="784" VPOS="1624" WIDTH="137" HEIGHT="49" CONTENT="nicht" WC="0.97" CC="57503"/>
						<SP ID="P3_SP00111" HPOS="921" VPOS="1673" WIDTH="44"/>
						<String ID="P3_ST00130" HPOS="965" VPOS="1627" WIDTH="183" HEIGHT="60" CONTENT="umhin," WC="0.99" CC="400040"/>
						<SP ID="P3_SP00112" HPOS="1148" VPOS="1687" WIDTH="47"/>
						<String ID="P3_ST00131" HPOS="1195" VPOS="1633" WIDTH="73" HEIGHT="46" CONTENT="sie" WC="0.99" CC="010"/>
						<SP ID="P3_SP00113" HPOS="1268" VPOS="1687" WIDTH="44"/>
						<String ID="P3_ST00132" HPOS="1312" VPOS="1629" WIDTH="346" HEIGHT="49" CONTENT="festzustellen" WC="1.00" CC="3001005003007"/>
						<SP ID="P3_SP00114" HPOS="1658" VPOS="1687" WIDTH="45"/>
						<String ID="P3_ST00133" HPOS="1703" VPOS="1667" WIDTH="10" HEIGHT="10" CONTENT="." WC="0.65" CC="3"/>
						<SP ID="P3_SP00115" HPOS="1713" VPOS="1687" WIDTH="48"/>
						<String ID="P3_ST00134" HPOS="1761" VPOS="1668" WIDTH="10" HEIGHT="9" CONTENT="." WC="0.57" CC="4"/>
						<SP ID="P3_SP00116" HPOS="1771" VPOS="1687" WIDTH="44"/>
						<String ID="P3_ST00135" HPOS="1815" VPOS="1668" WIDTH="9" HEIGHT="9" CONTENT="." WC="0.65" CC="3"/>
					</TextLine>
					<TextLine ID="P3_TL00020" HPOS="317" VPOS="1703" WIDTH="1509" HEIGHT="68">
						<String ID="P3_ST00136" HPOS="317" VPOS="1703" WIDTH="293" HEIGHT="51" CONTENT="Strichnin?" WC="0.23" CC="8875668888"/>
						<SP ID="P3_SP00117" HPOS="610" VPOS="1754" WIDTH="68"/>
						<String ID="P3_ST00137" HPOS="678" VPOS="1707" WIDTH="76" HEIGHT="59" CONTENT="Ja," WC="0.99" CC="003"/>
						<SP ID="P3_SP00118" HPOS="754" VPOS="1766" WIDTH="33"/>
						<String ID="P3_ST00138" HPOS="787" VPOS="1722" WIDTH="153" HEIGHT="36" CONTENT="wenn" WC="0.99" CC="0004"/>
						<SP ID="P3_SP00119" HPOS="940" VPOS="1766" WIDTH="33"/>
						<String ID="P3_ST00139" HPOS="973" VPOS="1713" WIDTH="79" HEIGHT="48" CONTENT="ich" WC="0.96" CC="730"/>
						<SP ID="P3_SP00120" HPOS="1052" VPOS="1766" WIDTH="37"/>
						<String ID="P3_ST00140" HPOS="1089" VPOS="1714" WIDTH="218" HEIGHT="48" CONTENT="darüber" WC="0.99" CC="0000505"/>
						<SP ID="P3_SP00121" HPOS="1307" VPOS="1766" WIDTH="34"/>
						<String ID="P3_ST00141" HPOS="1341" VPOS="1711" WIDTH="313" HEIGHT="60" CONTENT="nachdenke," WC="1.00" CC="3050006000"/>
						<SP ID="P3_SP00122" HPOS="1654" VPOS="1771" WIDTH="35"/>
						<String ID="P3_ST00142" HPOS="1689" VPOS="1726" WIDTH="103" HEIGHT="35" CONTENT="wes" SUBS_TYPE="HypPart1" SUBS_CONTENT="westealb" WC="0.72" CC="006"/>
						<HYP HPOS="1792" VPOS="1726" WIDTH="34" CONTENT="-"/>
					</TextLine>
					<TextLine ID="P3_TL00021" HPOS="315" VPOS="1789" WIDTH="1509" HEIGHT="69">
						<String ID="P3_ST00143" HPOS="315" VPOS="1789" WIDTH="117" HEIGHT="49" CONTENT="tealb" SUBS_TYPE="HypPart2" SUBS_CONTENT="westealb" WC="0.47" CC="77038"/>
						<SP ID="P3_SP00123" HPOS="432" VPOS="1838" WIDTH="38"/>
						<String ID="P3_ST00144" HPOS="470" VPOS="1790" WIDTH="77" HEIGHT="48" CONTENT="ich" WC="0.96" CC="406"/>
						<SP ID="P3_SP00124" HPOS="547" VPOS="1838" WIDTH="43"/>
						<String ID="P3_ST00145" HPOS="590" VPOS="1792" WIDTH="133" HEIGHT="48" CONTENT="mich" WC="0.96" CC="9503"/>
						<SP ID="P3_SP00125" HPOS="723" VPOS="1840" WIDTH="39"/>
						<String ID="P3_ST00146" HPOS="762" VPOS="1794" WIDTH="137" HEIGHT="50" CONTENT="nicht" WC="0.97" CC="52670"/>
						<SP ID="P3_SP00126" HPOS="899" VPOS="1844" WIDTH="39"/>
						<String ID="P3_ST00147" HPOS="938" VPOS="1796" WIDTH="159" HEIGHT="49" CONTENT="schon" WC="0.98" CC="04075"/>
						<SP ID="P3_SP00127" HPOS="1097" VPOS="1845" WIDTH="40"/>
						<String ID="P3_ST00148" HPOS="1137" VPOS="1799" WIDTH="164" HEIGHT="53" CONTENT="längst" WC="0.97" CC="132945"/>
						<SP ID="P3_SP00128" HPOS="1301" VPOS="1852" WIDTH="37"/>
						<String ID="P3_ST00149" HPOS="1338" VPOS="1799" WIDTH="198" HEIGHT="52" CONTENT="getötet" WC="0.99" CC="9043000"/>
						<SP ID="P3_SP00129" HPOS="1536" VPOS="1852" WIDTH="42"/>
						<String ID="P3_ST00150" HPOS="1578" VPOS="1797" WIDTH="144" HEIGHT="61" CONTENT="habe," WC="0.99" CC="00700"/>
						<SP ID="P3_SP00130" HPOS="1722" VPOS="1858" WIDTH="44"/>
						<String ID="P3_ST00151" HPOS="1766" VPOS="1811" WIDTH="58" HEIGHT="36" CONTENT="so" WC="0.54" CC="35"/>
					</TextLine>
					<TextLine ID="P3_TL00022" HPOS="314" VPOS="1876" WIDTH="1508" HEIGHT="65">
						<String ID="P3_ST00152" HPOS="314" VPOS="1876" WIDTH="178" HEIGHT="47" CONTENT="werde" WC="0.97" CC="74390"/>
						<SP ID="P3_SP00131" HPOS="492" VPOS="1923" WIDTH="43"/>
						<String ID="P3_ST00153" HPOS="535" VPOS="1878" WIDTH="81" HEIGHT="46" CONTENT="icil" WC="0.36" CC="5486"/>
						<SP ID="P3_SP00132" HPOS="616" VPOS="1924" WIDTH="43"/>
						<String ID="P3_ST00154" HPOS="659" VPOS="1879" WIDTH="141" HEIGHT="48" CONTENT="wohl" WC="0.94" CC="9772"/>
						<SP ID="P3_SP00133" HPOS="800" VPOS="1927" WIDTH="48"/>
						<String ID="P3_ST00155" HPOS="848" VPOS="1894" WIDTH="63" HEIGHT="35" CONTENT="zu" WC="0.51" CC="27"/>
						<SP ID="P3_SP00134" HPOS="911" VPOS="1929" WIDTH="48"/>
						<String ID="P3_ST00156" HPOS="959" VPOS="1881" WIDTH="115" HEIGHT="49" CONTENT="d~m" WC="0.31" CC="874"/>
						<SP ID="P3_SP00135" HPOS="1074" VPOS="1930" WIDTH="44"/>
						<String ID="P3_ST00157" HPOS="1118" VPOS="1880" WIDTH="246" HEIGHT="55" CONTENT="Ergebnis" WC="0.99" CC="70025320"/>
						<SP ID="P3_SP00136" HPOS="1364" VPOS="1935" WIDTH="46"/>
						<String ID="P3_ST00158" HPOS="1410" VPOS="1881" WIDTH="267" HEIGHT="60" CONTENT="gelangen," WC="0.99" CC="008040023"/>
						<SP ID="P3_SP00137" HPOS="1677" VPOS="1941" WIDTH="50"/>
						<String ID="P3_ST00159" HPOS="1727" VPOS="1883" WIDTH="95" HEIGHT="49" CONTENT="daß" WC="0.97" CC="080"/>
					</TextLine>
					<TextLine ID="P3_TL00023" HPOS="314" VPOS="1959" WIDTH="1511" HEIGHT="62">
						<String ID="P3_ST00160" HPOS="314" VPOS="1959" WIDTH="111" HEIGHT="49" CONTENT="dies" WC="0.94" CC="9807"/>
						<SP ID="P3_SP00138" HPOS="425" VPOS="2008" WIDTH="48"/>
						<String ID="P3_ST00161" HPOS="473" VPOS="1962" WIDTH="210" HEIGHT="50" CONTENT="deshalb" WC="0.98" CC="0616820"/>
						<SP ID="P3_SP00139" HPOS="683" VPOS="2012" WIDTH="49"/>
						<String ID="P3_ST00162" HPOS="732" VPOS="1965" WIDTH="135" HEIGHT="50" CONTENT="nicht" WC="0.99" CC="00400"/>
						<SP ID="P3_SP00140" HPOS="867" VPOS="2015" WIDTH="44"/>
						<String ID="P3_ST00163" HPOS="911" VPOS="1964" WIDTH="235" HEIGHT="57" CONTENT="geschah," WC="0.98" CC="90059500"/>
						<SP ID="P3_SP00141" HPOS="1146" VPOS="2021" WIDTH="48"/>
						<String ID="P3_ST00164" HPOS="1194" VPOS="1965" WIDTH="116" HEIGHT="47" CONTENT="weil" WC="0.98" CC="0072"/>
						<SP ID="P3_SP00142" HPOS="1310" VPOS="2021" WIDTH="50"/>
						<String ID="P3_ST00165" HPOS="1360" VPOS="1965" WIDTH="88" HEIGHT="48" CONTENT="der" WC="0.98" CC="006"/>
						<SP ID="P3_SP00143" HPOS="1448" VPOS="2021" WIDTH="45"/>
						<String ID="P3_ST00166" HPOS="1493" VPOS="1970" WIDTH="332" HEIGHT="46" CONTENT="zerrüttende" WC="1.00" CC="00000000000"/>
					</TextLine>
					<TextLine ID="P3_TL00024" HPOS="314" VPOS="2041" WIDTH="1509" HEIGHT="59">
						<String ID="P3_ST00167" HPOS="314" VPOS="2041" WIDTH="231" HEIGHT="53" CONTENT="Zustand" WC="0.98" CC="7490550"/>
						<SP ID="P3_SP00144" HPOS="545" VPOS="2094" WIDTH="48"/>
						<String ID="P3_ST00168" HPOS="593" VPOS="2052" WIDTH="259" HEIGHT="46" CONTENT="extremer" WC="1.00" CC="00060000"/>
						<SP ID="P3_SP00145" HPOS="852" VPOS="2098" WIDTH="41"/>
						<String ID="P3_ST00169" HPOS="893" VPOS="2047" WIDTH="321" HEIGHT="50" CONTENT="Bewußtheit" WC="0.99" CC="4403800040"/>
						<SP ID="P3_SP00146" HPOS="1214" VPOS="2098" WIDTH="78"/>
						<String ID="P3_ST00170" HPOS="1292" VPOS="2051" WIDTH="99" HEIGHT="47" CONTENT="wie" WC="1.00" CC="001"/>
						<SP ID="P3_SP00147" HPOS="1391" VPOS="2098" WIDTH="77"/>
						<String ID="P3_ST00171" HPOS="1468" VPOS="2052" WIDTH="84" HEIGHT="46" CONTENT="auf" WC="0.95" CC="057"/>
						<SP ID="P3_SP00148" HPOS="1552" VPOS="2098" WIDTH="79"/>
						<String ID="P3_ST00172" HPOS="1631" VPOS="2051" WIDTH="192" HEIGHT="49" CONTENT="Geheiß" WC="0.98" CC="705020"/>
					</TextLine>
					<TextLine ID="P3_TL00025" HPOS="320" VPOS="2130" WIDTH="1505" HEIGHT="62">
						<String ID="P3_ST00173" HPOS="320" VPOS="2130" WIDTH="140" HEIGHT="48" CONTENT="einer" WC="0.96" CC="77951"/>
						<SP ID="P3_SP00149" HPOS="460" VPOS="2178" WIDTH="43"/>
						<String ID="P3_ST00174" HPOS="503" VPOS="2131" WIDTH="218" HEIGHT="50" CONTENT="dunklen" WC="0.99" CC="0470100"/>
						<SP ID="P3_SP00150" HPOS="721" VPOS="2181" WIDTH="41"/>
						<String ID="P3_ST00175" HPOS="762" VPOS="2131" WIDTH="444" HEIGHT="57" CONTENT="physiologischen" WC="0.99" CC="905165320064604"/>
						<SP ID="P3_SP00151" HPOS="1206" VPOS="2188" WIDTH="42"/>
						<String ID="P3_ST00176" HPOS="1248" VPOS="2131" WIDTH="178" HEIGHT="52" CONTENT="Macht" WC="0.99" CC="10340"/>
						<SP ID="P3_SP00152" HPOS="1426" VPOS="2188" WIDTH="70"/>
						<String ID="P3_ST00177" HPOS="1496" VPOS="2134" WIDTH="172" HEIGHT="58" CONTENT="häufig" WC="0.98" CC="403650"/>
						<SP ID="P3_SP00153" HPOS="1668" VPOS="2192" WIDTH="42"/>
						<String ID="P3_ST00178" HPOS="1710" VPOS="2151" WIDTH="87" HEIGHT="35" CONTENT="aus" SUBS_TYPE="HypPart1" SUBS_CONTENT="ausgesetzt" WC="0.97" CC="406"/>
						<HYP HPOS="1797" VPOS="2151" WIDTH="28" CONTENT="-"/>
					</TextLine>
					<TextLine ID="P3_TL00026" HPOS="321" VPOS="2214" WIDTH="1504" HEIGHT="60">
						<String ID="P3_ST00179" HPOS="321" VPOS="2219" WIDTH="202" HEIGHT="49" CONTENT="gesetzt" SUBS_TYPE="HypPart2" SUBS_CONTENT="ausgesetzt" WC="0.98" CC="7670050"/>
						<SP ID="P3_SP00154" HPOS="523" VPOS="2268" WIDTH="32"/>
						<String ID="P3_ST00180" HPOS="555" VPOS="2215" WIDTH="100" HEIGHT="59" CONTENT="hat," WC="0.99" CC="0020"/>
						<SP ID="P3_SP00155" HPOS="655" VPOS="2274" WIDTH="34"/>
						<String ID="P3_ST00181" HPOS="689" VPOS="2217" WIDTH="76" HEIGHT="47" CONTENT="für" WC="0.96" CC="712"/>
						<SP ID="P3_SP00156" HPOS="765" VPOS="2274" WIDTH="32"/>
						<String ID="P3_ST00182" HPOS="797" VPOS="2217" WIDTH="206" HEIGHT="53" CONTENT="längere" WC="0.98" CC="3979000"/>
						<SP ID="P3_SP00157" HPOS="1003" VPOS="2274" WIDTH="35"/>
						<String ID="P3_ST00183" HPOS="1038" VPOS="2214" WIDTH="270" HEIGHT="52" CONTENT="Perioden." WC="0.99" CC="030450003"/>
						<SP ID="P3_SP00158" HPOS="1308" VPOS="2274" WIDTH="70"/>
						<String ID="P3_ST00184" HPOS="1378" VPOS="2218" WIDTH="79" HEIGHT="49" CONTENT="Du" WC="1.00" CC="00"/>
						<SP ID="P3_SP00159" HPOS="1457" VPOS="2274" WIDTH="39"/>
						<String ID="P3_ST00185" HPOS="1496" VPOS="2220" WIDTH="160" HEIGHT="49" CONTENT="darfst" WC="0.99" CC="000700"/>
						<SP ID="P3_SP00160" HPOS="1656" VPOS="2274" WIDTH="36"/>
						<String ID="P3_ST00186" HPOS="1692" VPOS="2221" WIDTH="133" HEIGHT="48" CONTENT="mich" WC="0.97" CC="0474"/>
					</TextLine>
					<TextLine ID="P3_TL00027" HPOS="325" VPOS="2298" WIDTH="1500" HEIGHT="65">
						<String ID="P3_ST00187" HPOS="325" VPOS="2298" WIDTH="88" HEIGHT="48" CONTENT="der" WC="0.92" CC="983"/>
						<SP ID="P3_SP00161" HPOS="413" VPOS="2346" WIDTH="38"/>
						<String ID="P3_ST00188" HPOS="451" VPOS="2299" WIDTH="381" HEIGHT="55" CONTENT="Inkonsequenz" WC="0.99" CC="690070095073"/>
						<SP ID="P3_SP00162" HPOS="832" VPOS="2354" WIDTH="40"/>
						<String ID="P3_ST00189" HPOS="872" VPOS="2300" WIDTH="387" HEIGHT="63" CONTENT="beschuldigen;" WC="1.00" CC="1000040060060"/>
						<SP ID="P3_SP00163" HPOS="1259" VPOS="2363" WIDTH="40"/>
						<String ID="P3_ST00190" HPOS="1299" VPOS="2304" WIDTH="124" HEIGHT="48" CONTENT="aber" WC="0.99" CC="5000"/>
						<SP ID="P3_SP00164" HPOS="1423" VPOS="2363" WIDTH="41"/>
						<String ID="P3_ST00191" HPOS="1464" VPOS="2305" WIDTH="64" HEIGHT="47" CONTENT="du" WC="1.00" CC="00"/>
						<SP ID="P3_SP00165" HPOS="1528" VPOS="2363" WIDTH="40"/>
						<String ID="P3_ST00192" HPOS="1568" VPOS="2306" WIDTH="160" HEIGHT="49" CONTENT="darfst" WC="0.98" CC="036500"/>
						<SP ID="P3_SP00166" HPOS="1728" VPOS="2363" WIDTH="43"/>
						<String ID="P3_ST00193" HPOS="1771" VPOS="2319" WIDTH="54" HEIGHT="36" CONTENT="es" WC="0.78" CC="04"/>
					</TextLine>
					<TextLine ID="P3_TL00028" HPOS="323" VPOS="2383" WIDTH="1501" HEIGHT="57">
						<String ID="P3_ST00194" HPOS="323" VPOS="2384" WIDTH="91" HEIGHT="45" CONTENT="mir" WC="0.92" CC="876"/>
						<SP ID="P3_SP00167" HPOS="414" VPOS="2429" WIDTH="45"/>
						<String ID="P3_ST00195" HPOS="459" VPOS="2383" WIDTH="134" HEIGHT="48" CONTENT="nicht" WC="0.97" CC="64053"/>
						<SP ID="P3_SP00168" HPOS="593" VPOS="2431" WIDTH="44"/>
						<String ID="P3_ST00196" HPOS="637" VPOS="2396" WIDTH="268" HEIGHT="44" CONTENT="verargen," WC="1.00" CC="003200060"/>
						<SP ID="P3_SP00169" HPOS="905" VPOS="2440" WIDTH="45"/>
						<String ID="P3_ST00197" HPOS="950" VPOS="2398" WIDTH="152" HEIGHT="35" CONTENT="wenn" WC="0.97" CC="0077"/>
						<SP ID="P3_SP00170" HPOS="1102" VPOS="2440" WIDTH="47"/>
						<String ID="P3_ST00198" HPOS="1149" VPOS="2386" WIDTH="77" HEIGHT="48" CONTENT="ich" WC="0.97" CC="114"/>
						<SP ID="P3_SP00171" HPOS="1226" VPOS="2440" WIDTH="48"/>
						<String ID="P3_ST00199" HPOS="1274" VPOS="2387" WIDTH="248" HEIGHT="50" CONTENT="während" WC="1.00" CC="0010330"/>
						<SP ID="P3_SP00172" HPOS="1522" VPOS="2440" WIDTH="49"/>
						<String ID="P3_ST00200" HPOS="1571" VPOS="2391" WIDTH="89" HEIGHT="47" CONTENT="der" WC="1.00" CC="000"/>
						<SP ID="P3_SP00173" HPOS="1660" VPOS="2440" WIDTH="44"/>
						<String ID="P3_ST00201" HPOS="1704" VPOS="2391" WIDTH="96" HEIGHT="48" CONTENT="lich" SUBS_TYPE="HypPart1" SUBS_CONTENT="lichten" WC="0.99" CC="0120"/>
						<HYP HPOS="1800" VPOS="2391" WIDTH="24" CONTENT="-"/>
					</TextLine>
					<TextLine ID="P3_TL00029" HPOS="320" VPOS="2466" WIDTH="1506" HEIGHT="60">
						<String ID="P3_ST00202" HPOS="320" VPOS="2472" WIDTH="83" HEIGHT="43" CONTENT="ten" SUBS_TYPE="HypPart2" SUBS_CONTENT="lichten" WC="0.92" CC="777"/>
						<SP ID="P3_SP00174" HPOS="403" VPOS="2515" WIDTH="47"/>
						<String ID="P3_ST00203" HPOS="450" VPOS="2466" WIDTH="270" HEIGHT="49" CONTENT="Intervalle" WC="0.99" CC="5600600450"/>
						<SP ID="P3_SP00175" HPOS="720" VPOS="2515" WIDTH="45"/>
						<String ID="P3_ST00204" HPOS="765" VPOS="2469" WIDTH="151" HEIGHT="49" CONTENT="meist" WC="0.99" CC="00310"/>
						<SP ID="P3_SP00176" HPOS="916" VPOS="2518" WIDTH="44"/>
						<String ID="P3_ST00205" HPOS="960" VPOS="2470" WIDTH="321" HEIGHT="56" CONTENT="unglaublich" WC="0.99" CC="40045661420"/>
						<SP ID="P3_SP00177" HPOS="1281" VPOS="2526" WIDTH="48"/>
						<String ID="P3_ST00206" HPOS="1329" VPOS="2473" WIDTH="218" HEIGHT="50" CONTENT="darüber" WC="1.00" CC="0020001"/>
						<SP ID="P3_SP00178" HPOS="1547" VPOS="2526" WIDTH="47"/>
						<String ID="P3_ST00207" HPOS="1594" VPOS="2479" WIDTH="232" HEIGHT="44" CONTENT="erstaunt" WC="1.00" CC="02000060"/>
					</TextLine>
					<TextLine ID="P3_TL00030" HPOS="320" VPOS="2550" WIDTH="1505" HEIGHT="67">
						<String ID="P3_ST00208" HPOS="320" VPOS="2551" WIDTH="96" HEIGHT="55" CONTENT="bin," WC="0.94" CC="9773"/>
						<SP ID="P3_SP00179" HPOS="416" VPOS="2606" WIDTH="48"/>
						<String ID="P3_ST00209" HPOS="464" VPOS="2550" WIDTH="93" HEIGHT="48" CONTENT="daß" WC="0.95" CC="095"/>
						<SP ID="P3_SP00180" HPOS="557" VPOS="2606" WIDTH="42"/>
						<String ID="P3_ST00210" HPOS="599" VPOS="2564" WIDTH="53" HEIGHT="35" CONTENT="es" WC="0.83" CC="03"/>
						<SP ID="P3_SP00181" HPOS="652" VPOS="2606" WIDTH="44"/>
						<String ID="P3_ST00211" HPOS="696" VPOS="2566" WIDTH="61" HEIGHT="34" CONTENT="zu" WC="0.71" CC="23"/>
						<SP ID="P3_SP00182" HPOS="757" VPOS="2606" WIDTH="43"/>
						<String ID="P3_ST00212" HPOS="800" VPOS="2552" WIDTH="128" HEIGHT="49" CONTENT="allen" WC="0.98" CC="03602"/>
						<SP ID="P3_SP00183" HPOS="928" VPOS="2606" WIDTH="45"/>
						<String ID="P3_ST00213" HPOS="973" VPOS="2552" WIDTH="175" HEIGHT="52" CONTENT="Zeiten" WC="0.99" CC="000007"/>
						<SP ID="P3_SP00184" HPOS="1148" VPOS="2606" WIDTH="43"/>
						<String ID="P3_ST00214" HPOS="1191" VPOS="2555" WIDTH="160" HEIGHT="51" CONTENT="Leute" WC="1.00" CC="00100"/>
						<SP ID="P3_SP00185" HPOS="1351" VPOS="2606" WIDTH="43"/>
						<String ID="P3_ST00215" HPOS="1394" VPOS="2559" WIDTH="113" HEIGHT="58" CONTENT="gab," WC="0.99" CC="0003"/>
						<SP ID="P3_SP00186" HPOS="1507" VPOS="2617" WIDTH="48"/>
						<String ID="P3_ST00216" HPOS="1555" VPOS="2561" WIDTH="93" HEIGHT="56" CONTENT="die," WC="0.98" CC="0810"/>
						<SP ID="P3_SP00187" HPOS="1648" VPOS="2617" WIDTH="46"/>
						<String ID="P3_ST00217" HPOS="1694" VPOS="2559" WIDTH="131" HEIGHT="50" CONTENT="ohne" WC="0.98" CC="3070"/>
					</TextLine>
					<TextLine ID="P3_TL00031" HPOS="321" VPOS="2633" WIDTH="1506" HEIGHT="66">
						<String ID="P3_ST00218" HPOS="321" VPOS="2637" WIDTH="97" HEIGHT="46" CONTENT="den" WC="0.91" CC="958"/>
						<SP ID="P3_SP00188" HPOS="418" VPOS="2683" WIDTH="43"/>
						<String ID="P3_ST00219" HPOS="461" VPOS="2633" WIDTH="110" HEIGHT="50" CONTENT="Tod" WC="0.97" CC="070"/>
						<SP ID="P3_SP00189" HPOS="571" VPOS="2683" WIDTH="47"/>
						<String ID="P3_ST00220" HPOS="618" VPOS="2649" WIDTH="60" HEIGHT="34" CONTENT="zu" WC="0.50" CC="26"/>
						<SP ID="P3_SP00190" HPOS="678" VPOS="2683" WIDTH="48"/>
						<String ID="P3_ST00221" HPOS="726" VPOS="2636" WIDTH="216" HEIGHT="59" CONTENT="kennen," WC="0.99" CC="0060004"/>
						<SP ID="P3_SP00191" HPOS="942" VPOS="2695" WIDTH="48"/>
						<String ID="P3_ST00222" HPOS="990" VPOS="2639" WIDTH="358" HEIGHT="60" CONTENT="behaupteten," WC="0.99" CC="606040059261"/>
						<SP ID="P3_SP00192" HPOS="1348" VPOS="2699" WIDTH="49"/>
						<String ID="P3_ST00223" HPOS="1397" VPOS="2644" WIDTH="92" HEIGHT="47" CONTENT="das" WC="1.00" CC="000"/>
						<SP ID="P3_SP00193" HPOS="1489" VPOS="2699" WIDTH="44"/>
						<String ID="P3_ST00224" HPOS="1533" VPOS="2642" WIDTH="173" HEIGHT="50" CONTENT="Leben" WC="0.98" CC="00092"/>
						<SP ID="P3_SP00194" HPOS="1706" VPOS="2699" WIDTH="48"/>
						<String ID="P3_ST00225" HPOS="1754" VPOS="2647" WIDTH="73" HEIGHT="47" CONTENT="sei" WC="1.00" CC="000"/>
					</TextLine>
					<TextLine ID="P3_TL00032" HPOS="321" VPOS="2718" WIDTH="170" HEIGHT="49">
						<String ID="P3_ST00226" HPOS="321" VPOS="2718" WIDTH="170" HEIGHT="49" CONTENT="schön." WC="0.97" CC="757904"/>
					</TextLine>
					<TextLine ID="P3_TL00033" HPOS="441" VPOS="2801" WIDTH="1384" HEIGHT="69">
						<String ID="P3_ST00227" HPOS="441" VPOS="2801" WIDTH="247" HEIGHT="52" CONTENT="Franz:" WC="0.96" CC="669554"/>
						<SP ID="P3_SP00195" HPOS="688" VPOS="2853" WIDTH="114"/>
						<String ID="P3_ST00228" HPOS="802" VPOS="2805" WIDTH="74" HEIGHT="49" CONTENT="So" WC="0.67" CC="06"/>
						<SP ID="P3_SP00196" HPOS="876" VPOS="2854" WIDTH="46"/>
						<String ID="P3_ST00229" HPOS="922" VPOS="2808" WIDTH="99" HEIGHT="56" CONTENT="geh" WC="1.00" CC="000"/>
						<SP ID="P3_SP00197" HPOS="1021" VPOS="2864" WIDTH="50"/>
						<String ID="P3_ST00230" HPOS="1071" VPOS="2810" WIDTH="46" HEIGHT="46" CONTENT="in" WC="0.57" CC="35"/>
						<SP ID="P3_SP00198" HPOS="1117" VPOS="2864" WIDTH="51"/>
						<String ID="P3_ST00231" HPOS="1168" VPOS="2812" WIDTH="78" HEIGHT="47" CONTENT="ein" WC="0.97" CC="043"/>
						<SP ID="P3_SP00199" HPOS="1246" VPOS="2864" WIDTH="48"/>
						<String ID="P3_ST00232" HPOS="1294" VPOS="2810" WIDTH="219" HEIGHT="60" CONTENT="Kloster," WC="0.99" CC="56600021"/>
						<SP ID="P3_SP00200" HPOS="1513" VPOS="2870" WIDTH="83"/>
						<String ID="P3_ST00233" HPOS="1596" VPOS="2810" WIDTH="229" HEIGHT="58" CONTENT="Ophelia." WC="1.00" CC="00004004"/>
					</TextLine>
					<TextLine ID="P3_TL00034" HPOS="320" VPOS="2885" WIDTH="1505" HEIGHT="70">
						<String ID="P3_ST00234" HPOS="320" VPOS="2885" WIDTH="229" HEIGHT="52" CONTENT="Meine" WC="0.99" CC="00050"/>
						<SP ID="P3_SP00201" HPOS="549" VPOS="2937" WIDTH="30"/>
						<String ID="P3_ST00235" HPOS="579" VPOS="2887" WIDTH="411" HEIGHT="62" CONTENT="Katholisierung" WC="0.64" CC="00065060600689"/>
						<SP ID="P3_SP00202" HPOS="990" VPOS="2949" WIDTH="32"/>
						<String ID="P3_ST00236" HPOS="1022" VPOS="2895" WIDTH="146" HEIGHT="56" CONTENT="wird," WC="0.99" CC="00304"/>
						<SP ID="P3_SP00203" HPOS="1168" VPOS="2951" WIDTH="34"/>
						<String ID="P3_ST00237" HPOS="1202" VPOS="2895" WIDTH="78" HEIGHT="49" CONTENT="bis" WC="0.98" CC="050"/>
						<SP ID="P3_SP00204" HPOS="1280" VPOS="2951" WIDTH="35"/>
						<String ID="P3_ST00238" HPOS="1315" VPOS="2896" WIDTH="84" HEIGHT="47" CONTENT="auf" WC="0.94" CC="446"/>
						<SP ID="P3_SP00205" HPOS="1399" VPOS="2951" WIDTH="31"/>
						<String ID="P3_ST00239" HPOS="1430" VPOS="2899" WIDTH="259" HEIGHT="56" CONTENT="weiteres," WC="1.00" CC="004000001"/>
						<SP ID="P3_SP00206" HPOS="1689" VPOS="2955" WIDTH="34"/>
						<String ID="P3_ST00240" HPOS="1723" VPOS="2911" WIDTH="102" HEIGHT="36" CONTENT="von" WC="0.96" CC="047"/>
					</TextLine>
					<TextLine ID="P3_TL00035" HPOS="319" VPOS="2973" WIDTH="1508" HEIGHT="65">
						<String ID="P3_ST00241" HPOS="319" VPOS="2974" WIDTH="139" HEIGHT="50" CONTENT="jener" WC="0.95" CC="77693"/>
						<SP ID="P3_SP00207" HPOS="458" VPOS="3024" WIDTH="69"/>
						<String ID="P3_ST00242" HPOS="527" VPOS="2973" WIDTH="250" HEIGHT="58" CONTENT="„dunklen" WC="0.98" CC="45670006"/>
						<SP ID="P3_SP00208" HPOS="777" VPOS="3031" WIDTH="43"/>
						<String ID="P3_ST00243" HPOS="820" VPOS="2976" WIDTH="451" HEIGHT="58" CONTENT="physiologischen" WC="1.00" CC="900540040024400"/>
						<SP ID="P3_SP00209" HPOS="1271" VPOS="3034" WIDTH="39"/>
						<String ID="P3_ST00244" HPOS="1310" VPOS="2977" WIDTH="211" HEIGHT="51" CONTENT='Macht"' WC="0.98" CC="676006"/>
						<SP ID="P3_SP00210" HPOS="1521" VPOS="3034" WIDTH="41"/>
						<String ID="P3_ST00245" HPOS="1562" VPOS="2981" WIDTH="236" HEIGHT="57" CONTENT="hintange" SUBS_TYPE="HypPart1" SUBS_CONTENT="hintangefealten," WC="0.75" CC="03053400"/>
						<HYP HPOS="1798" VPOS="2981" WIDTH="29" CONTENT="-"/>
					</TextLine>
					<TextLine ID="P3_TL00036" HPOS="319" VPOS="3056" WIDTH="1508" HEIGHT="66">
						<String ID="P3_ST00246" HPOS="319" VPOS="3056" WIDTH="184" HEIGHT="59" CONTENT="fealten," SUBS_TYPE="HypPart2" SUBS_CONTENT="hintangefealten," WC="0.44" CC="77930366"/>
						<SP ID="P3_SP00211" HPOS="503" VPOS="3115" WIDTH="38"/>
						<String ID="P3_ST00247" HPOS="541" VPOS="3059" WIDTH="92" HEIGHT="57" CONTENT="die," WC="0.98" CC="0404"/>
						<SP ID="P3_SP00212" HPOS="633" VPOS="3116" WIDTH="29"/>
						<String ID="P3_ST00248" HPOS="662" VPOS="3061" WIDTH="101" HEIGHT="47" CONTENT="wie" WC="0.99" CC="011"/>
						<SP ID="P3_SP00213" HPOS="763" VPOS="3116" WIDTH="34"/>
						<String ID="P3_ST00249" HPOS="797" VPOS="3061" WIDTH="64" HEIGHT="47" CONTENT="du" WC="0.82" CC="03"/>
						<SP ID="P3_SP00214" HPOS="861" VPOS="3116" WIDTH="32"/>
						<String ID="P3_ST00250" HPOS="893" VPOS="3067" WIDTH="159" HEIGHT="52" CONTENT="sagst," WC="1.00" CC="000301"/>
						<SP ID="P3_SP00215" HPOS="1052" VPOS="3119" WIDTH="40"/>
						<String ID="P3_ST00251" HPOS="1092" VPOS="3064" WIDTH="145" HEIGHT="49" CONTENT="deine" WC="0.97" CC="00496"/>
						<SP ID="P3_SP00216" HPOS="1237" VPOS="3119" WIDTH="32"/>
						<String ID="P3_ST00252" HPOS="1269" VPOS="3065" WIDTH="214" HEIGHT="57" CONTENT="„lichten" WC="0.99" CC="03840000"/>
						<SP ID="P3_SP00217" HPOS="1483" VPOS="3122" WIDTH="36"/>
						<String ID="P3_ST00253" HPOS="1519" VPOS="3066" WIDTH="308" HEIGHT="49" CONTENT='Intervalle"' WC="0.99" CC="77000053005"/>
					</TextLine>
					<TextLine ID="P3_TL00037" HPOS="319" VPOS="3140" WIDTH="1508" HEIGHT="61">
						<String ID="P3_ST00254" HPOS="319" VPOS="3141" WIDTH="162" HEIGHT="50" CONTENT="kürzt" WC="0.95" CC="78448"/>
						<SP ID="P3_SP00218" HPOS="481" VPOS="3191" WIDTH="71"/>
						<String ID="P3_ST00255" HPOS="552" VPOS="3140" WIDTH="99" HEIGHT="51" CONTENT="Mir" WC="0.98" CC="014"/>
						<SP ID="P3_SP00219" HPOS="651" VPOS="3191" WIDTH="40"/>
						<String ID="P3_ST00256" HPOS="691" VPOS="3146" WIDTH="111" HEIGHT="46" CONTENT="sind" WC="0.98" CC="0350"/>
						<SP ID="P3_SP00220" HPOS="802" VPOS="3192" WIDTH="42"/>
						<String ID="P3_ST00257" HPOS="844" VPOS="3144" WIDTH="329" HEIGHT="51" CONTENT="nihilistische" WC="1.00" CC="0344000000160"/>
						<SP ID="P3_SP00221" HPOS="1173" VPOS="3195" WIDTH="36"/>
						<String ID="P3_ST00258" HPOS="1209" VPOS="3146" WIDTH="439" HEIGHT="53" CONTENT="Seelenzustände" WC="0.74" CC="60030606090300"/>
						<SP ID="P3_SP00222" HPOS="1648" VPOS="3199" WIDTH="43"/>
						<String ID="P3_ST00259" HPOS="1691" VPOS="3152" WIDTH="136" HEIGHT="49" CONTENT="nicht" WC="1.00" CC="00400"/>
					</TextLine>
					<TextLine ID="P3_TL00038" HPOS="321" VPOS="3225" WIDTH="1507" HEIGHT="62">
						<String ID="P3_ST00260" HPOS="321" VPOS="3225" WIDTH="291" HEIGHT="62" CONTENT="böhmisch;" WC="0.98" CC="757070560"/>
						<SP ID="P3_SP00223" HPOS="612" VPOS="3287" WIDTH="70"/>
						<String ID="P3_ST00261" HPOS="682" VPOS="3230" WIDTH="99" HEIGHT="47" CONTENT="und" WC="0.96" CC="540"/>
						<SP ID="P3_SP00224" HPOS="781" VPOS="3287" WIDTH="46"/>
						<String ID="P3_ST00262" HPOS="827" VPOS="3230" WIDTH="112" HEIGHT="49" CONTENT="falls" WC="0.97" CC="64115"/>
						<SP ID="P3_SP00225" HPOS="939" VPOS="3287" WIDTH="50"/>
						<String ID="P3_ST00263" HPOS="989" VPOS="3230" WIDTH="76" HEIGHT="48" CONTENT="ich" WC="0.98" CC="330"/>
						<SP ID="P3_SP00226" HPOS="1065" VPOS="3287" WIDTH="50"/>
						<String ID="P3_ST00264" HPOS="1115" VPOS="3235" WIDTH="95" HEIGHT="45" CONTENT="mir" WC="0.98" CC="060"/>
						<SP ID="P3_SP00227" HPOS="1210" VPOS="3287" WIDTH="49"/>
						<String ID="P3_ST00265" HPOS="1259" VPOS="3235" WIDTH="77" HEIGHT="46" CONTENT="ein" WC="0.96" CC="406"/>
						<SP ID="P3_SP00228" HPOS="1336" VPOS="3287" WIDTH="50"/>
						<String ID="P3_ST00266" HPOS="1386" VPOS="3233" WIDTH="237" HEIGHT="50" CONTENT="Dutzend" WC="1.00" CC="0000000"/>
						<SP ID="P3_SP00229" HPOS="1623" VPOS="3287" WIDTH="46"/>
						<String ID="P3_ST00267" HPOS="1669" VPOS="3236" WIDTH="159" HEIGHT="48" CONTENT="lieber" WC="0.99" CC="210003"/>
					</TextLine>
					<TextLine ID="P3_TL00039" HPOS="323" VPOS="3309" WIDTH="1506" HEIGHT="67">
						<String ID="P3_ST00268" HPOS="323" VPOS="3309" WIDTH="453" HEIGHT="59" CONTENT="Gedankengänge" WC="0.99" CC="8073200090600"/>
						<SP ID="P3_SP00230" HPOS="776" VPOS="3368" WIDTH="32"/>
						<String ID="P3_ST00269" HPOS="808" VPOS="3318" WIDTH="500" HEIGHT="58" CONTENT="vergegenwärtige," WC="1.00" CC="0009090400100004"/>
						<SP ID="P3_SP00231" HPOS="1308" VPOS="3376" WIDTH="39"/>
						<String ID="P3_ST00270" HPOS="1347" VPOS="3319" WIDTH="134" HEIGHT="49" CONTENT="nicht" WC="0.99" CC="02050"/>
						<SP ID="P3_SP00232" HPOS="1481" VPOS="3376" WIDTH="35"/>
						<String ID="P3_ST00271" HPOS="1516" VPOS="3320" WIDTH="189" HEIGHT="48" CONTENT="zuletzt" WC="1.00" CC="0000005"/>
						<SP ID="P3_SP00233" HPOS="1705" VPOS="3376" WIDTH="35"/>
						<String ID="P3_ST00272" HPOS="1740" VPOS="3321" WIDTH="89" HEIGHT="48" CONTENT="das" WC="1.00" CC="010"/>
					</TextLine>
					<TextLine ID="P3_TL00040" HPOS="321" VPOS="3393" WIDTH="1508" HEIGHT="66">
						<String ID="P3_ST00273" HPOS="321" VPOS="3393" WIDTH="187" HEIGHT="50" CONTENT="Fiasko" WC="0.97" CC="673764"/>
						<SP ID="P3_SP00234" HPOS="508" VPOS="3443" WIDTH="45"/>
						<String ID="P3_ST00274" HPOS="553" VPOS="3396" WIDTH="88" HEIGHT="49" CONTENT="der" WC="0.97" CC="007"/>
						<SP ID="P3_SP00235" HPOS="641" VPOS="3445" WIDTH="44"/>
						<String ID="P3_ST00275" HPOS="685" VPOS="3396" WIDTH="275" HEIGHT="50" CONTENT="kritischen" WC="0.99" CC="6200006016"/>
						<SP ID="P3_SP00236" HPOS="960" VPOS="3446" WIDTH="45"/>
						<String ID="P3_ST00276" HPOS="1005" VPOS="3397" WIDTH="161" HEIGHT="62" CONTENT="Ethik;" WC="0.98" CC="400049"/>
						<SP ID="P3_SP00237" HPOS="1166" VPOS="3459" WIDTH="44"/>
						<String ID="P3_ST00277" HPOS="1210" VPOS="3415" WIDTH="60" HEIGHT="35" CONTENT="so" WC="1.00" CC="00"/>
						<SP ID="P3_SP00238" HPOS="1270" VPOS="3459" WIDTH="45"/>
						<String ID="P3_ST00278" HPOS="1315" VPOS="3402" WIDTH="134" HEIGHT="49" CONTENT="kann" WC="0.99" CC="0004"/>
						<SP ID="P3_SP00239" HPOS="1449" VPOS="3459" WIDTH="44"/>
						<String ID="P3_ST00279" HPOS="1493" VPOS="3403" WIDTH="79" HEIGHT="48" CONTENT="ich" WC="0.98" CC="320"/>
						<SP ID="P3_SP00240" HPOS="1572" VPOS="3459" WIDTH="48"/>
						<String ID="P3_ST00280" HPOS="1620" VPOS="3405" WIDTH="74" HEIGHT="46" CONTENT="dir" WC="1.00" CC="010"/>
						<SP ID="P3_SP00241" HPOS="1694" VPOS="3459" WIDTH="45"/>
						<String ID="P3_ST00281" HPOS="1739" VPOS="3406" WIDTH="90" HEIGHT="46" CONTENT="mit" WC="0.98" CC="060"/>
					</TextLine>
					<TextLine ID="P3_TL00041" HPOS="322" VPOS="3478" WIDTH="1505" HEIGHT="65">
						<String ID="P3_ST00282" HPOS="322" VPOS="3482" WIDTH="174" HEIGHT="48" CONTENT="gutem" WC="0.95" CC="98807"/>
						<SP ID="P3_SP00242" HPOS="496" VPOS="3530" WIDTH="53"/>
						<String ID="P3_ST00283" HPOS="549" VPOS="3478" WIDTH="273" HEIGHT="50" CONTENT="Gewissen" WC="0.99" CC="70070308"/>
						<SP ID="P3_SP00243" HPOS="822" VPOS="3530" WIDTH="51"/>
						<String ID="P3_ST00284" HPOS="873" VPOS="3484" WIDTH="308" HEIGHT="59" CONTENT="einräumen," WC="0.99" CC="5370650060"/>
						<SP ID="P3_SP00244" HPOS="1181" VPOS="3543" WIDTH="55"/>
						<String ID="P3_ST00285" HPOS="1236" VPOS="3484" WIDTH="95" HEIGHT="50" CONTENT="daß" WC="0.98" CC="032"/>
						<SP ID="P3_SP00245" HPOS="1331" VPOS="3543" WIDTH="55"/>
						<String ID="P3_ST00286" HPOS="1386" VPOS="3488" WIDTH="123" HEIGHT="50" CONTENT="alles" WC="0.97" CC="57603"/>
						<SP ID="P3_SP00246" HPOS="1509" VPOS="3543" WIDTH="53"/>
						<String ID="P3_ST00287" HPOS="1562" VPOS="3485" WIDTH="265" HEIGHT="54" CONTENT="Rationale" WC="0.99" CC="700556511"/>
					</TextLine>
					<TextLine ID="P3_TL00042" HPOS="317" VPOS="3564" WIDTH="1511" HEIGHT="62">
						<String ID="P3_ST00288" HPOS="317" VPOS="3565" WIDTH="285" HEIGHT="51" CONTENT="zugunsten" WC="0.98" CC="887470007"/>
						<SP ID="P3_SP00247" HPOS="602" VPOS="3616" WIDTH="71"/>
						<String ID="P3_ST00289" HPOS="673" VPOS="3564" WIDTH="202" HEIGHT="50" CONTENT="solcher" WC="0.98" CC="6504406"/>
						<SP ID="P3_SP00248" HPOS="875" VPOS="3616" WIDTH="69"/>
						<String ID="P3_ST00290" HPOS="944" VPOS="3565" WIDTH="437" HEIGHT="53" CONTENT="Seelenzustände" WC="0.88" CC="00000415000500"/>
						<SP ID="P3_SP00249" HPOS="1381" VPOS="3618" WIDTH="36"/>
						<String ID="P3_ST00291" HPOS="1417" VPOS="3571" WIDTH="205" HEIGHT="55" CONTENT="spricht." WC="0.99" CC="20740003"/>
						<SP ID="P3_SP00250" HPOS="1622" VPOS="3626" WIDTH="69"/>
						<String ID="P3_ST00292" HPOS="1691" VPOS="3572" WIDTH="137" HEIGHT="47" CONTENT="Aber" WC="0.99" CC="0003"/>
					</TextLine>
					<TextLine ID="P3_TL00043" HPOS="320" VPOS="3644" WIDTH="1508" HEIGHT="70">
						<String ID="P3_ST00293" HPOS="320" VPOS="3657" WIDTH="113" HEIGHT="35" CONTENT="was" WC="0.93" CC="791"/>
						<SP ID="P3_SP00251" HPOS="433" VPOS="3692" WIDTH="33"/>
						<String ID="P3_ST00294" HPOS="466" VPOS="3644" WIDTH="189" HEIGHT="51" CONTENT="schiert" WC="0.99" CC="0641000"/>
						<SP ID="P3_SP00252" HPOS="655" VPOS="3695" WIDTH="33"/>
						<String ID="P3_ST00295" HPOS="688" VPOS="3648" WIDTH="148" HEIGHT="59" CONTENT="mich," WC="0.98" CC="03054"/>
						<SP ID="P3_SP00253" HPOS="836" VPOS="3707" WIDTH="36"/>
						<String ID="P3_ST00296" HPOS="872" VPOS="3664" WIDTH="149" HEIGHT="35" CONTENT="wenn" WC="0.97" CC="0059"/>
						<SP ID="P3_SP00254" HPOS="1021" VPOS="3707" WIDTH="35"/>
						<String ID="P3_ST00297" HPOS="1056" VPOS="3652" WIDTH="77" HEIGHT="48" CONTENT="ich" WC="0.96" CC="515"/>
						<SP ID="P3_SP00255" HPOS="1133" VPOS="3707" WIDTH="36"/>
						<String ID="P3_ST00298" HPOS="1169" VPOS="3655" WIDTH="167" HEIGHT="54" CONTENT="platze" WC="0.98" CC="054600"/>
						<SP ID="P3_SP00256" HPOS="1336" VPOS="3709" WIDTH="36"/>
						<String ID="P3_ST00299" HPOS="1372" VPOS="3668" WIDTH="96" HEIGHT="34" CONTENT="vor" WC="0.97" CC="062"/>
						<SP ID="P3_SP00257" HPOS="1468" VPOS="3709" WIDTH="38"/>
						<String ID="P3_ST00300" HPOS="1506" VPOS="3654" WIDTH="322" HEIGHT="60" CONTENT="Wollungen," WC="0.99" CC="0044009020"/>
					</TextLine>
					<TextLine ID="P3_TL00044" HPOS="321" VPOS="3727" WIDTH="1505" HEIGHT="70">
						<String ID="P3_ST00301" HPOS="321" VPOS="3730" WIDTH="93" HEIGHT="48" CONTENT="das" WC="0.91" CC="878"/>
						<SP ID="P3_SP00258" HPOS="414" VPOS="3778" WIDTH="46"/>
						<String ID="P3_ST00302" HPOS="460" VPOS="3727" WIDTH="308" HEIGHT="55" CONTENT="Rationale?" WC="0.99" CC="7504070200"/>
						<SP ID="P3_SP00259" HPOS="768" VPOS="3782" WIDTH="43"/>
						<String ID="P3_ST00303" HPOS="811" VPOS="3763" WIDTH="62" HEIGHT="8" CONTENT="—" WC="0.20" CC="8"/>
						<SP ID="P3_SP00260" HPOS="873" VPOS="3782" WIDTH="47"/>
						<String ID="P3_ST00304" HPOS="920" VPOS="3735" WIDTH="114" HEIGHT="61" CONTENT="Gut," WC="0.99" CC="6000"/>
						<SP ID="P3_SP00261" HPOS="1034" VPOS="3796" WIDTH="50"/>
						<String ID="P3_ST00305" HPOS="1084" VPOS="3752" WIDTH="128" HEIGHT="36" CONTENT="neue" WC="0.97" CC="6060"/>
						<SP ID="P3_SP00262" HPOS="1212" VPOS="3796" WIDTH="49"/>
						<String ID="P3_ST00306" HPOS="1261" VPOS="3738" WIDTH="333" HEIGHT="50" CONTENT="Wahrheiten" WC="0.99" CC="0351005004"/>
						<SP ID="P3_SP00263" HPOS="1594" VPOS="3796" WIDTH="49"/>
						<String ID="P3_ST00307" HPOS="1643" VPOS="3744" WIDTH="183" HEIGHT="53" CONTENT="mögen" WC="0.99" CC="07003"/>
					</TextLine>
					<TextLine ID="P3_TL00045" HPOS="324" VPOS="3813" WIDTH="1505" HEIGHT="61">
						<String ID="P3_ST00308" HPOS="324" VPOS="3813" WIDTH="108" HEIGHT="48" CONTENT="sich" WC="0.93" CC="8878"/>
						<SP ID="P3_SP00264" HPOS="432" VPOS="3861" WIDTH="34"/>
						<String ID="P3_ST00309" HPOS="466" VPOS="3814" WIDTH="134" HEIGHT="52" CONTENT="nicht" WC="0.98" CC="00660"/>
						<SP ID="P3_SP00265" HPOS="600" VPOS="3866" WIDTH="38"/>
						<String ID="P3_ST00310" HPOS="638" VPOS="3815" WIDTH="145" HEIGHT="50" CONTENT="mehr" WC="0.98" CC="0303"/>
						<SP ID="P3_SP00266" HPOS="783" VPOS="3866" WIDTH="41"/>
						<String ID="P3_ST00311" HPOS="824" VPOS="3821" WIDTH="284" HEIGHT="48" CONTENT="entdecken" WC="1.00" CC="060004000"/>
						<SP ID="P3_SP00267" HPOS="1108" VPOS="3869" WIDTH="40"/>
						<String ID="P3_ST00312" HPOS="1148" VPOS="3823" WIDTH="196" HEIGHT="48" CONTENT="lassen:" WC="0.99" CC="3002064"/>
						<SP ID="P3_SP00268" HPOS="1344" VPOS="3871" WIDTH="42"/>
						<String ID="P3_ST00313" HPOS="1386" VPOS="3825" WIDTH="132" HEIGHT="46" CONTENT="dann" WC="0.97" CC="0570"/>
						<SP ID="P3_SP00269" HPOS="1518" VPOS="3871" WIDTH="39"/>
						<String ID="P3_ST00314" HPOS="1557" VPOS="3825" WIDTH="157" HEIGHT="49" CONTENT="bleibt" WC="0.99" CC="040040"/>
						<SP ID="P3_SP00270" HPOS="1714" VPOS="3874" WIDTH="41"/>
						<String ID="P3_ST00315" HPOS="1755" VPOS="3826" WIDTH="74" HEIGHT="48" CONTENT="als" WC="0.98" CC="013"/>
					</TextLine>
					<TextLine ID="P3_TL00046" HPOS="324" VPOS="3898" WIDTH="1503" HEIGHT="69">
						<String ID="P3_ST00316" HPOS="324" VPOS="3898" WIDTH="189" HEIGHT="56" CONTENT="•inzige" WC="0.43" CC="7880490"/>
						<SP ID="P3_SP00271" HPOS="513" VPOS="3954" WIDTH="46"/>
						<String ID="P3_ST00317" HPOS="559" VPOS="3900" WIDTH="517" HEIGHT="60" CONTENT="menschenwürdige" WC="1.00" CC="940350000000500"/>
						<SP ID="P3_SP00272" HPOS="1076" VPOS="3960" WIDTH="42"/>
						<String ID="P3_ST00318" HPOS="1118" VPOS="3906" WIDTH="234" HEIGHT="56" CONTENT="Aufgabe" WC="0.99" CC="0070460"/>
						<SP ID="P3_SP00273" HPOS="1352" VPOS="3962" WIDTH="48"/>
						<String ID="P3_ST00319" HPOS="1400" VPOS="3909" WIDTH="79" HEIGHT="48" CONTENT="die" WC="0.99" CC="010"/>
						<SP ID="P3_SP00274" HPOS="1479" VPOS="3962" WIDTH="45"/>
						<String ID="P3_ST00320" HPOS="1524" VPOS="3909" WIDTH="160" HEIGHT="58" CONTENT="übrig," WC="1.00" CC="000400"/>
						<SP ID="P3_SP00275" HPOS="1684" VPOS="3967" WIDTH="44"/>
						<String ID="P3_ST00321" HPOS="1728" VPOS="3909" WIDTH="99" HEIGHT="49" CONTENT="alte" WC="0.98" CC="0604"/>
					</TextLine>
					<TextLine ID="P3_TL00047" HPOS="321" VPOS="3980" WIDTH="1324" HEIGHT="67">
						<String ID="P3_ST00322" HPOS="321" VPOS="3980" WIDTH="242" HEIGHT="51" CONTENT="Irrtümer" WC="0.98" CC="77468700"/>
						<SP ID="P3_SP00276" HPOS="563" VPOS="4031" WIDTH="31"/>
						<String ID="P3_ST00323" HPOS="594" VPOS="3998" WIDTH="61" HEIGHT="35" CONTENT="zu" WC="0.90" CC="20"/>
						<SP ID="P3_SP00277" HPOS="655" VPOS="4033" WIDTH="37"/>
						<String ID="P3_ST00324" HPOS="692" VPOS="3991" WIDTH="317" HEIGHT="45" CONTENT="verwüsten." WC="0.99" CC="0000050057"/>
						<SP ID="P3_SP00278" HPOS="1009" VPOS="4036" WIDTH="59"/>
						<String ID="P3_ST00325" HPOS="1068" VPOS="3987" WIDTH="69" HEIGHT="52" CONTENT="Es" WC="0.56" CC="61"/>
						<SP ID="P3_SP00279" HPOS="1137" VPOS="4039" WIDTH="33"/>
						<String ID="P3_ST00326" HPOS="1170" VPOS="3992" WIDTH="111" HEIGHT="46" CONTENT="lebe" WC="0.96" CC="7009"/>
						<SP ID="P3_SP00280" HPOS="1281" VPOS="4039" WIDTH="35"/>
						<String ID="P3_ST00327" HPOS="1316" VPOS="3992" WIDTH="87" HEIGHT="48" CONTENT="der" WC="1.00" CC="000"/>
						<SP ID="P3_SP00281" HPOS="1403" VPOS="4040" WIDTH="34"/>
						<String ID="P3_ST00328" HPOS="1437" VPOS="3991" WIDTH="208" HEIGHT="56" CONTENT="Kampf!" WC="0.98" CC="050056"/>
					</TextLine>
					<TextLine ID="P3_TL00048" HPOS="442" VPOS="4065" WIDTH="1385" HEIGHT="69">
						<String ID="P3_ST00329" HPOS="442" VPOS="4065" WIDTH="259" HEIGHT="53" CONTENT="Guido:" WC="0.97" CC="767054"/>
						<SP ID="P3_SP00282" HPOS="701" VPOS="4118" WIDTH="49"/>
						<String ID="P3_ST00330" HPOS="750" VPOS="4068" WIDTH="138" HEIGHT="53" CONTENT="Mich" WC="0.98" CC="0550"/>
						<SP ID="P3_SP00283" HPOS="888" VPOS="4121" WIDTH="34"/>
						<String ID="P3_ST00331" HPOS="922" VPOS="4075" WIDTH="259" HEIGHT="59" CONTENT="amüsiert," WC="1.00" CC="000430004"/>
						<SP ID="P3_SP00284" HPOS="1181" VPOS="4134" WIDTH="30"/>
						<String ID="P3_ST00332" HPOS="1211" VPOS="4076" WIDTH="99" HEIGHT="47" CONTENT="wie" WC="0.97" CC="070"/>
						<SP ID="P3_SP00285" HPOS="1310" VPOS="4134" WIDTH="34"/>
						<String ID="P3_ST00333" HPOS="1344" VPOS="4077" WIDTH="63" HEIGHT="47" CONTENT="du" WC="0.92" CC="01"/>
						<SP ID="P3_SP00286" HPOS="1407" VPOS="4134" WIDTH="39"/>
						<String ID="P3_ST00334" HPOS="1446" VPOS="4076" WIDTH="144" HEIGHT="49" CONTENT="deine" WC="0.99" CC="00270"/>
						<SP ID="P3_SP00287" HPOS="1590" VPOS="4134" WIDTH="33"/>
						<String ID="P3_ST00335" HPOS="1623" VPOS="4079" WIDTH="175" HEIGHT="47" CONTENT="theore" SUBS_TYPE="HypPart1" SUBS_CONTENT="theoretische" WC="0.99" CC="000050"/>
						<HYP HPOS="1798" VPOS="4079" WIDTH="29" CONTENT="-"/>
					</TextLine>
					<TextLine ID="P3_TL00049" HPOS="316" VPOS="4152" WIDTH="1510" HEIGHT="66">
						<String ID="P3_ST00336" HPOS="316" VPOS="4152" WIDTH="164" HEIGHT="49" CONTENT="tische" SUBS_TYPE="HypPart2" SUBS_CONTENT="theoretische" WC="0.97" CC="337673"/>
						<SP ID="P3_SP00288" HPOS="480" VPOS="4201" WIDTH="34"/>
						<String ID="P3_ST00337" HPOS="514" VPOS="4152" WIDTH="217" HEIGHT="56" CONTENT="Skepsis" WC="0.99" CC="0009102"/>
						<SP ID="P3_SP00289" HPOS="731" VPOS="4208" WIDTH="39"/>
						<String ID="P3_ST00338" HPOS="770" VPOS="4156" WIDTH="361" HEIGHT="59" CONTENT="notzüchtigst," WC="0.99" CC="7506076050002"/>
						<SP ID="P3_SP00290" HPOS="1131" VPOS="4215" WIDTH="39"/>
						<String ID="P3_ST00339" HPOS="1170" VPOS="4158" WIDTH="85" HEIGHT="49" CONTENT="auf" WC="0.95" CC="506"/>
						<SP ID="P3_SP00291" HPOS="1255" VPOS="4215" WIDTH="37"/>
						<String ID="P3_ST00340" HPOS="1292" VPOS="4159" WIDTH="94" HEIGHT="48" CONTENT="daß" WC="0.97" CC="304"/>
						<SP ID="P3_SP00292" HPOS="1386" VPOS="4215" WIDTH="42"/>
						<String ID="P3_ST00341" HPOS="1428" VPOS="4163" WIDTH="74" HEIGHT="46" CONTENT="sie" WC="0.96" CC="432"/>
						<SP ID="P3_SP00293" HPOS="1502" VPOS="4215" WIDTH="38"/>
						<String ID="P3_ST00342" HPOS="1540" VPOS="4162" WIDTH="95" HEIGHT="47" CONTENT="den" WC="1.00" CC="000"/>
						<SP ID="P3_SP00294" HPOS="1635" VPOS="4215" WIDTH="39"/>
						<String ID="P3_ST00343" HPOS="1674" VPOS="4163" WIDTH="122" HEIGHT="55" CONTENT="prak" SUBS_TYPE="HypPart1" SUBS_CONTENT="praktischen" WC="0.99" CC="0040"/>
						<HYP HPOS="1796" VPOS="4163" WIDTH="30" CONTENT="-"/>
					</TextLine>
					<TextLine ID="P3_TL00050" HPOS="314" VPOS="4235" WIDTH="1512" HEIGHT="63">
						<String ID="P3_ST00344" HPOS="314" VPOS="4235" WIDTH="198" HEIGHT="49" CONTENT="tischen" SUBS_TYPE="HypPart2" SUBS_CONTENT="praktischen" WC="0.98" CC="7661705"/>
						<SP ID="P3_SP00295" HPOS="512" VPOS="4284" WIDTH="30"/>
						<String ID="P3_ST00345" HPOS="542" VPOS="4235" WIDTH="339" HEIGHT="58" CONTENT="Optimismus" WC="0.99" CC="0081020056"/>
						<SP ID="P3_SP00296" HPOS="881" VPOS="4293" WIDTH="24"/>
						<String ID="P3_ST00346" HPOS="905" VPOS="4241" WIDTH="80" HEIGHT="49" CONTENT="dir" WC="0.97" CC="710"/>
						<SP ID="P3_SP00297" HPOS="985" VPOS="4293" WIDTH="31"/>
						<String ID="P3_ST00347" HPOS="1016" VPOS="4243" WIDTH="207" HEIGHT="55" CONTENT="gebäre." WC="0.99" CC="0060004"/>
						<SP ID="P3_SP00298" HPOS="1223" VPOS="4298" WIDTH="63"/>
						<String ID="P3_ST00348" HPOS="1286" VPOS="4241" WIDTH="137" HEIGHT="51" CONTENT="Mich" WC="0.99" CC="0011"/>
						<SP ID="P3_SP00299" HPOS="1423" VPOS="4298" WIDTH="34"/>
						<String ID="P3_ST00349" HPOS="1457" VPOS="4248" WIDTH="245" HEIGHT="49" CONTENT="amüsiert" WC="1.00" CC="50000000"/>
						<SP ID="P3_SP00300" HPOS="1702" VPOS="4298" WIDTH="32"/>
						<String ID="P3_ST00350" HPOS="1734" VPOS="4247" WIDTH="92" HEIGHT="51" CONTENT="das" WC="1.00" CC="001"/>
					</TextLine>
					<TextLine ID="P3_TL00051" HPOS="315" VPOS="4320" WIDTH="1511" HEIGHT="68">
						<String ID="P3_ST00351" HPOS="315" VPOS="4333" WIDTH="74" HEIGHT="45" CONTENT="so," WC="0.96" CC="603"/>
						<SP ID="P3_SP00301" HPOS="389" VPOS="4378" WIDTH="51"/>
						<String ID="P3_ST00352" HPOS="440" VPOS="4320" WIDTH="95" HEIGHT="50" CONTENT="daß" WC="0.98" CC="005"/>
						<SP ID="P3_SP00302" HPOS="535" VPOS="4378" WIDTH="46"/>
						<String ID="P3_ST00353" HPOS="581" VPOS="4323" WIDTH="79" HEIGHT="47" CONTENT="ich" WC="0.98" CC="400"/>
						<SP ID="P3_SP00303" HPOS="660" VPOS="4378" WIDTH="45"/>
						<String ID="P3_ST00354" HPOS="705" VPOS="4337" WIDTH="162" HEIGHT="43" CONTENT="gegen" WC="0.98" CC="00906"/>
						<SP ID="P3_SP00304" HPOS="867" VPOS="4380" WIDTH="52"/>
						<String ID="P3_ST00355" HPOS="919" VPOS="4327" WIDTH="112" HEIGHT="47" CONTENT="dein" WC="0.98" CC="0053"/>
						<SP ID="P3_SP00305" HPOS="1031" VPOS="4380" WIDTH="48"/>
						<String ID="P3_ST00356" HPOS="1079" VPOS="4327" WIDTH="337" HEIGHT="51" CONTENT="flammendes" WC="1.00" CC="6050002000"/>
						<SP ID="P3_SP00306" HPOS="1416" VPOS="4380" WIDTH="46"/>
						<String ID="P3_ST00357" HPOS="1462" VPOS="4329" WIDTH="288" HEIGHT="59" CONTENT="Ethentum," WC="0.95" CC="400000000"/>
						<SP ID="P3_SP00307" HPOS="1750" VPOS="4388" WIDTH="46"/>
						<String ID="P3_ST00358" HPOS="1796" VPOS="4345" WIDTH="30" HEIGHT="34" CONTENT="o" WC="0.50" CC="4"/>
					</TextLine>
					<TextLine ID="P3_TL00052" HPOS="318" VPOS="4406" WIDTH="1507" HEIGHT="69">
						<String ID="P3_ST00359" HPOS="318" VPOS="4406" WIDTH="274" HEIGHT="48" CONTENT="deutscher" WC="0.98" CC="887272600"/>
						<SP ID="P3_SP00308" HPOS="592" VPOS="4454" WIDTH="35"/>
						<String ID="P3_ST00360" HPOS="627" VPOS="4406" WIDTH="250" HEIGHT="61" CONTENT="Jüngling," WC="0.99" CC="200954604"/>
						<SP ID="P3_SP00309" HPOS="877" VPOS="4467" WIDTH="35"/>
						<String ID="P3_ST00361" HPOS="912" VPOS="4411" WIDTH="164" HEIGHT="48" CONTENT="nichts" WC="0.99" CC="760000"/>
						<SP ID="P3_SP00310" HPOS="1076" VPOS="4467" WIDTH="36"/>
						<String ID="P3_ST00362" HPOS="1112" VPOS="4413" WIDTH="145" HEIGHT="48" CONTENT="mehr" WC="0.98" CC="0061"/>
						<SP ID="P3_SP00311" HPOS="1257" VPOS="4467" WIDTH="36"/>
						<String ID="P3_ST00363" HPOS="1293" VPOS="4415" WIDTH="366" HEIGHT="48" CONTENT="unternehmen" WC="0.99" CC="45500006001"/>
						<SP ID="P3_SP00312" HPOS="1659" VPOS="4467" WIDTH="38"/>
						<String ID="P3_ST00364" HPOS="1697" VPOS="4415" WIDTH="128" HEIGHT="60" CONTENT="will;" WC="0.98" CC="03233"/>
					</TextLine>
					<TextLine ID="P3_TL00053" HPOS="316" VPOS="4494" WIDTH="1510" HEIGHT="56">
						<String ID="P3_ST00365" HPOS="316" VPOS="4503" WIDTH="57" HEIGHT="35" CONTENT="•s" WC="0.23" CC="77"/>
						<SP ID="P3_SP00313" HPOS="373" VPOS="4538" WIDTH="49"/>
						<String ID="P3_ST00366" HPOS="422" VPOS="4494" WIDTH="142" HEIGHT="47" CONTENT="wäre" WC="0.99" CC="0050"/>
						<SP ID="P3_SP00314" HPOS="564" VPOS="4541" WIDTH="49"/>
						<String ID="P3_ST00367" HPOS="613" VPOS="4494" WIDTH="65" HEIGHT="47" CONTENT="im" WC="0.19" CC="69"/>
						<SP ID="P3_SP00315" HPOS="678" VPOS="4541" WIDTH="50"/>
						<String ID="P3_ST00368" HPOS="728" VPOS="4494" WIDTH="210" HEIGHT="56" CONTENT="übrigen" WC="0.99" CC="0080005"/>
						<SP ID="P3_SP00316" HPOS="938" VPOS="4550" WIDTH="86"/>
						<String ID="P3_ST00369" HPOS="1024" VPOS="4497" WIDTH="128" HEIGHT="48" CONTENT="doch" WC="0.97" CC="0605"/>
						<SP ID="P3_SP00317" HPOS="1152" VPOS="4550" WIDTH="48"/>
						<String ID="P3_ST00370" HPOS="1200" VPOS="4499" WIDTH="279" HEIGHT="49" CONTENT="zwecklos." WC="0.99" CC="000400163"/>
						<SP ID="P3_SP00318" HPOS="1479" VPOS="4550" WIDTH="82"/>
						<String ID="P3_ST00371" HPOS="1561" VPOS="4500" WIDTH="140" HEIGHT="49" CONTENT="Aber" WC="0.98" CC="1600"/>
						<SP ID="P3_SP00319" HPOS="1701" VPOS="4550" WIDTH="51"/>
						<String ID="P3_ST00372" HPOS="1752" VPOS="4502" WIDTH="74" HEIGHT="48" CONTENT="dir" WC="0.97" CC="042"/>
					</TextLine>
					<TextLine ID="P3_TL00054" HPOS="316" VPOS="4573" WIDTH="1509" HEIGHT="70">
						<String ID="P3_ST00373" HPOS="316" VPOS="4574" WIDTH="92" HEIGHT="48" CONTENT="das" WC="0.92" CC="767"/>
						<SP ID="P3_SP00320" HPOS="408" VPOS="4622" WIDTH="44"/>
						<String ID="P3_ST00374" HPOS="452" VPOS="4573" WIDTH="247" HEIGHT="59" CONTENT="Kämpfen" WC="1.00" CC="0000600"/>
						<SP ID="P3_SP00321" HPOS="699" VPOS="4632" WIDTH="47"/>
						<String ID="P3_ST00375" HPOS="746" VPOS="4583" WIDTH="273" HEIGHT="55" CONTENT="gestatten," WC="0.99" CC="9020550070"/>
						<SP ID="P3_SP00322" HPOS="1019" VPOS="4638" WIDTH="44"/>
						<String ID="P3_ST00376" HPOS="1063" VPOS="4580" WIDTH="136" HEIGHT="50" CONTENT="heißt" WC="0.98" CC="90100"/>
						<SP ID="P3_SP00323" HPOS="1199" VPOS="4638" WIDTH="45"/>
						<String ID="P3_ST00377" HPOS="1244" VPOS="4583" WIDTH="136" HEIGHT="49" CONTENT="nicht" WC="0.97" CC="63490"/>
						<SP ID="P3_SP00324" HPOS="1380" VPOS="4638" WIDTH="48"/>
						<String ID="P3_ST00378" HPOS="1428" VPOS="4584" WIDTH="75" HEIGHT="48" CONTENT="dir" WC="0.98" CC="050"/>
						<SP ID="P3_SP00325" HPOS="1503" VPOS="4638" WIDTH="46"/>
						<String ID="P3_ST00379" HPOS="1549" VPOS="4588" WIDTH="276" HEIGHT="55" CONTENT="gestatten," WC="0.99" CC="0000930060"/>
					</TextLine>
					<TextLine ID="P3_TL00055" HPOS="316" VPOS="4656" WIDTH="1510" HEIGHT="69">
						<String ID="P3_ST00380" HPOS="316" VPOS="4656" WIDTH="97" HEIGHT="50" CONTENT="daß" WC="0.93" CC="098"/>
						<SP ID="P3_SP00326" HPOS="413" VPOS="4706" WIDTH="48"/>
						<String ID="P3_ST00381" HPOS="461" VPOS="4660" WIDTH="77" HEIGHT="48" CONTENT="die" WC="1.00" CC="000"/>
						<SP ID="P3_SP00327" HPOS="538" VPOS="4708" WIDTH="47"/>
						<String ID="P3_ST00382" HPOS="585" VPOS="4660" WIDTH="222" HEIGHT="55" CONTENT="Objekte" WC="1.00" CC="0530000"/>
						<SP ID="P3_SP00328" HPOS="807" VPOS="4715" WIDTH="47"/>
						<String ID="P3_ST00383" HPOS="854" VPOS="4665" WIDTH="174" HEIGHT="48" CONTENT="deines" WC="0.99" CC="000603"/>
						<SP ID="P3_SP00329" HPOS="1028" VPOS="4715" WIDTH="45"/>
						<String ID="P3_ST00384" HPOS="1073" VPOS="4664" WIDTH="244" HEIGHT="58" CONTENT="Kampfes" WC="0.99" CC="0900620"/>
						<SP ID="P3_SP00330" HPOS="1317" VPOS="4722" WIDTH="78"/>
						<String ID="P3_ST00385" HPOS="1395" VPOS="4670" WIDTH="284" HEIGHT="55" CONTENT="ungeistige" WC="1.00" CC="0100100700"/>
						<SP ID="P3_SP00331" HPOS="1679" VPOS="4725" WIDTH="45"/>
						<String ID="P3_ST00386" HPOS="1724" VPOS="4670" WIDTH="102" HEIGHT="47" CONTENT="und" WC="0.98" CC="600"/>
					</TextLine>
					<TextLine ID="P3_TL00056" HPOS="314" VPOS="4745" WIDTH="1509" HEIGHT="59">
						<String ID="P3_ST00387" HPOS="314" VPOS="4745" WIDTH="233" HEIGHT="53" CONTENT="gemeine" WC="0.99" CC="7000070"/>
						<SP ID="P3_SP00332" HPOS="547" VPOS="4798" WIDTH="35"/>
						<String ID="P3_ST00388" HPOS="582" VPOS="4748" WIDTH="154" HEIGHT="46" CONTENT="seien." WC="0.97" CC="572064"/>
						<SP ID="P3_SP00333" HPOS="736" VPOS="4798" WIDTH="64"/>
						<String ID="P3_ST00389" HPOS="800" VPOS="4747" WIDTH="78" HEIGHT="49" CONTENT="Du" WC="0.69" CC="06"/>
						<SP ID="P3_SP00334" HPOS="878" VPOS="4798" WIDTH="38"/>
						<String ID="P3_ST00390" HPOS="916" VPOS="4749" WIDTH="219" HEIGHT="55" CONTENT="sprichst" WC="1.00" CC="00050050"/>
						<SP ID="P3_SP00335" HPOS="1135" VPOS="4804" WIDTH="33"/>
						<String ID="P3_ST00391" HPOS="1168" VPOS="4765" WIDTH="103" HEIGHT="34" CONTENT="von" WC="0.97" CC="042"/>
						<SP ID="P3_SP00336" HPOS="1271" VPOS="4804" WIDTH="34"/>
						<String ID="P3_ST00392" HPOS="1305" VPOS="4754" WIDTH="138" HEIGHT="47" CONTENT="einer" WC="0.97" CC="92600"/>
						<SP ID="P3_SP00337" HPOS="1443" VPOS="4804" WIDTH="36"/>
						<String ID="P3_ST00393" HPOS="1479" VPOS="4754" WIDTH="344" HEIGHT="49" CONTENT="somatischen" WC="0.99" CC="00000503506"/>
					</TextLine>
					<TextLine ID="P3_TL00057" HPOS="314" VPOS="4826" WIDTH="1511" HEIGHT="71">
						<String ID="P3_ST00394" HPOS="314" VPOS="4826" WIDTH="297" HEIGHT="52" CONTENT="Solidarität" WC="0.99" CC="76650001000"/>
						<SP ID="P3_SP00338" HPOS="611" VPOS="4878" WIDTH="74"/>
						<String ID="P3_ST00395" HPOS="685" VPOS="4833" WIDTH="261" HEIGHT="48" CONTENT="zwischen" WC="0.99" CC="00302600"/>
						<SP ID="P3_SP00339" HPOS="946" VPOS="4881" WIDTH="48"/>
						<String ID="P3_ST00396" HPOS="994" VPOS="4835" WIDTH="93" HEIGHT="48" CONTENT="den" WC="0.98" CC="006"/>
						<SP ID="P3_SP00340" HPOS="1087" VPOS="4883" WIDTH="44"/>
						<String ID="P3_ST00397" HPOS="1131" VPOS="4833" WIDTH="297" HEIGHT="53" CONTENT="Menschen." WC="0.99" CC="005010034"/>
						<SP ID="P3_SP00341" HPOS="1428" VPOS="4886" WIDTH="90"/>
						<String ID="P3_ST00398" HPOS="1518" VPOS="4837" WIDTH="307" HEIGHT="60" CONTENT="Interessen," WC="1.00" CC="00000000044"/>
					</TextLine>
					<TextLine ID="P3_TL00058" HPOS="320" VPOS="4911" WIDTH="1504" HEIGHT="67">
						<String ID="P3_ST00399" HPOS="320" VPOS="4912" WIDTH="78" HEIGHT="48" CONTENT="die" WC="0.94" CC="743"/>
						<SP ID="P3_SP00342" HPOS="398" VPOS="4960" WIDTH="32"/>
						<String ID="P3_ST00400" HPOS="430" VPOS="4914" WIDTH="93" HEIGHT="47" CONTENT="der" WC="0.95" CC="804"/>
						<SP ID="P3_SP00343" HPOS="523" VPOS="4961" WIDTH="29"/>
						<String ID="P3_ST00401" HPOS="552" VPOS="4911" WIDTH="157" HEIGHT="52" CONTENT="Pöbel" WC="0.97" CC="04707"/>
						<SP ID="P3_SP00344" HPOS="709" VPOS="4963" WIDTH="35"/>
						<String ID="P3_ST00402" HPOS="744" VPOS="4919" WIDTH="89" HEIGHT="48" CONTENT="mit" WC="1.00" CC="000"/>
						<SP ID="P3_SP00345" HPOS="833" VPOS="4967" WIDTH="33"/>
						<String ID="P3_ST00403" HPOS="866" VPOS="4931" WIDTH="94" HEIGHT="37" CONTENT="uns" WC="0.95" CC="660"/>
						<SP ID="P3_SP00346" HPOS="960" VPOS="4968" WIDTH="34"/>
						<String ID="P3_ST00404" HPOS="994" VPOS="4919" WIDTH="122" HEIGHT="59" CONTENT="teilt," WC="0.98" CC="704603"/>
						<SP ID="P3_SP00347" HPOS="1116" VPOS="4978" WIDTH="34"/>
						<String ID="P3_ST00405" HPOS="1150" VPOS="4934" WIDTH="120" HEIGHT="42" CONTENT="mag" WC="0.97" CC="060"/>
						<SP ID="P3_SP00348" HPOS="1270" VPOS="4978" WIDTH="35"/>
						<String ID="P3_ST00406" HPOS="1305" VPOS="4922" WIDTH="88" HEIGHT="47" CONTENT="der" WC="1.00" CC="000"/>
						<SP ID="P3_SP00349" HPOS="1393" VPOS="4978" WIDTH="32"/>
						<String ID="P3_ST00407" HPOS="1425" VPOS="4921" WIDTH="162" HEIGHT="50" CONTENT="Pöbel" WC="0.99" CC="00305"/>
						<SP ID="P3_SP00350" HPOS="1587" VPOS="4978" WIDTH="35"/>
						<String ID="P3_ST00408" HPOS="1622" VPOS="4923" WIDTH="78" HEIGHT="49" CONTENT="für" WC="0.97" CC="600"/>
						<SP ID="P3_SP00351" HPOS="1700" VPOS="4978" WIDTH="32"/>
						<String ID="P3_ST00409" HPOS="1732" VPOS="4936" WIDTH="92" HEIGHT="36" CONTENT="uns" WC="0.94" CC="672"/>
					</TextLine>
					<TextLine ID="P3_TL00059" HPOS="320" VPOS="4999" WIDTH="1504" HEIGHT="64">
						<String ID="P3_ST00410" HPOS="320" VPOS="5001" WIDTH="277" HEIGHT="45" CONTENT="vertreten." WC="0.99" CC="3650209073"/>
						<SP ID="P3_SP00352" HPOS="597" VPOS="5046" WIDTH="73"/>
						<String ID="P3_ST00411" HPOS="670" VPOS="4999" WIDTH="81" HEIGHT="48" CONTENT="Ich" WC="0.95" CC="607"/>
						<SP ID="P3_SP00353" HPOS="751" VPOS="5047" WIDTH="40"/>
						<String ID="P3_ST00412" HPOS="791" VPOS="5002" WIDTH="247" HEIGHT="50" CONTENT="bestreite" WC="1.00" CC="400050000"/>
						<SP ID="P3_SP00354" HPOS="1038" VPOS="5052" WIDTH="37"/>
						<String ID="P3_ST00413" HPOS="1075" VPOS="5007" WIDTH="49" HEIGHT="50" CONTENT="ja" WC="0.71" CC="50"/>
						<SP ID="P3_SP00355" HPOS="1124" VPOS="5057" WIDTH="41"/>
						<String ID="P3_ST00414" HPOS="1165" VPOS="5005" WIDTH="149" HEIGHT="58" CONTENT="nicht," WC="0.98" CC="045604"/>
						<SP ID="P3_SP00356" HPOS="1314" VPOS="5063" WIDTH="42"/>
						<String ID="P3_ST00415" HPOS="1356" VPOS="5005" WIDTH="95" HEIGHT="49" CONTENT="daß" WC="0.97" CC="420"/>
						<SP ID="P3_SP00357" HPOS="1451" VPOS="5063" WIDTH="41"/>
						<String ID="P3_ST00416" HPOS="1492" VPOS="5009" WIDTH="72" HEIGHT="46" CONTENT="sie" WC="0.96" CC="540"/>
						<SP ID="P3_SP00358" HPOS="1564" VPOS="5063" WIDTH="38"/>
						<String ID="P3_ST00417" HPOS="1602" VPOS="5007" WIDTH="191" HEIGHT="50" CONTENT="vorhan" SUBS_TYPE="HypPart1" SUBS_CONTENT="vorhanden" WC="0.98" CC="050254"/>
						<HYP HPOS="1793" VPOS="5007" WIDTH="31" CONTENT="-"/>
					</TextLine>
					<TextLine ID="P3_TL00060" HPOS="323" VPOS="5081" WIDTH="1502" HEIGHT="66">
						<String ID="P3_ST00418" HPOS="323" VPOS="5081" WIDTH="91" HEIGHT="48" CONTENT="den" SUBS_TYPE="HypPart2" SUBS_CONTENT="vorhanden" WC="0.90" CC="997"/>
						<SP ID="P3_SP00359" HPOS="414" VPOS="5129" WIDTH="33"/>
						<String ID="P3_ST00419" HPOS="447" VPOS="5083" WIDTH="128" HEIGHT="48" CONTENT="sind." WC="0.98" CC="04602"/>
						<SP ID="P3_SP00360" HPOS="575" VPOS="5131" WIDTH="63"/>
						<String ID="P3_ST00420" HPOS="638" VPOS="5084" WIDTH="135" HEIGHT="49" CONTENT="Aber" WC="0.99" CC="0401"/>
						<SP ID="P3_SP00361" HPOS="773" VPOS="5133" WIDTH="33"/>
						<String ID="P3_ST00421" HPOS="806" VPOS="5100" WIDTH="115" HEIGHT="35" CONTENT="man" WC="0.99" CC="300"/>
						<SP ID="P3_SP00362" HPOS="921" VPOS="5135" WIDTH="33"/>
						<String ID="P3_ST00422" HPOS="954" VPOS="5087" WIDTH="134" HEIGHT="49" CONTENT="kann" WC="0.97" CC="0076"/>
						<SP ID="P3_SP00363" HPOS="1088" VPOS="5136" WIDTH="37"/>
						<String ID="P3_ST00423" HPOS="1125" VPOS="5090" WIDTH="78" HEIGHT="49" CONTENT="die" WC="0.99" CC="030"/>
						<SP ID="P3_SP00364" HPOS="1203" VPOS="5139" WIDTH="31"/>
						<String ID="P3_ST00424" HPOS="1234" VPOS="5088" WIDTH="418" HEIGHT="59" CONTENT="Notwendigkeit" WC="1.00" CC="0000010200000"/>
						<SP ID="P3_SP00365" HPOS="1652" VPOS="5147" WIDTH="35"/>
						<String ID="P3_ST00425" HPOS="1687" VPOS="5094" WIDTH="138" HEIGHT="46" CONTENT="einer" WC="0.99" CC="00703"/>
					</TextLine>
					<TextLine ID="P3_TL00061" HPOS="321" VPOS="5162" WIDTH="1504" HEIGHT="63">
						<String ID="P3_ST00426" HPOS="321" VPOS="5162" WIDTH="400" HEIGHT="62" CONTENT="Organisierung" WC="0.99" CC="6675062601369"/>
						<SP ID="P3_SP00366" HPOS="721" VPOS="5224" WIDTH="34"/>
						<String ID="P3_ST00427" HPOS="755" VPOS="5170" WIDTH="326" HEIGHT="51" CONTENT="anerkennen" WC="0.99" CC="4300004609"/>
						<SP ID="P3_SP00367" HPOS="1081" VPOS="5224" WIDTH="33"/>
						<String ID="P3_ST00428" HPOS="1114" VPOS="5176" WIDTH="101" HEIGHT="47" CONTENT="und" WC="0.95" CC="660"/>
						<SP ID="P3_SP00368" HPOS="1215" VPOS="5224" WIDTH="36"/>
						<String ID="P3_ST00429" HPOS="1251" VPOS="5175" WIDTH="128" HEIGHT="48" CONTENT="doch" WC="0.98" CC="0036"/>
						<SP ID="P3_SP00369" HPOS="1379" VPOS="5224" WIDTH="35"/>
						<String ID="P3_ST00430" HPOS="1414" VPOS="5175" WIDTH="81" HEIGHT="48" CONTENT="für" WC="0.96" CC="704"/>
						<SP ID="P3_SP00370" HPOS="1495" VPOS="5224" WIDTH="33"/>
						<String ID="P3_ST00431" HPOS="1528" VPOS="5178" WIDTH="140" HEIGHT="47" CONTENT="seine" WC="1.00" CC="00300"/>
						<SP ID="P3_SP00371" HPOS="1668" VPOS="5225" WIDTH="30"/>
						<String ID="P3_ST00432" HPOS="1698" VPOS="5175" WIDTH="96" HEIGHT="50" CONTENT="Per" SUBS_TYPE="HypPart1" SUBS_CONTENT="Person" WC="0.99" CC="000"/>
						<HYP HPOS="1794" VPOS="5175" WIDTH="31" CONTENT="-"/>
					</TextLine>
					<TextLine ID="P3_TL00062" HPOS="319" VPOS="5250" WIDTH="1505" HEIGHT="67">
						<String ID="P3_ST00433" HPOS="319" VPOS="5261" WIDTH="94" HEIGHT="37" CONTENT="son" SUBS_TYPE="HypPart2" SUBS_CONTENT="Person" WC="0.91" CC="769"/>
						<SP ID="P3_SP00372" HPOS="413" VPOS="5298" WIDTH="34"/>
						<String ID="P3_ST00434" HPOS="447" VPOS="5250" WIDTH="282" HEIGHT="57" CONTENT="Apolitiker" WC="0.91" CC="0000404000"/>
						<SP ID="P3_SP00373" HPOS="729" VPOS="5307" WIDTH="41"/>
						<String ID="P3_ST00435" HPOS="770" VPOS="5252" WIDTH="212" HEIGHT="51" CONTENT="bleiben." WC="0.99" CC="62020024"/>
						<SP ID="P3_SP00374" HPOS="982" VPOS="5307" WIDTH="68"/>
						<String ID="P3_ST00436" HPOS="1050" VPOS="5256" WIDTH="87" HEIGHT="61" CONTENT="So," WC="0.98" CC="060"/>
						<SP ID="P3_SP00375" HPOS="1137" VPOS="5317" WIDTH="42"/>
						<String ID="P3_ST00437" HPOS="1179" VPOS="5262" WIDTH="97" HEIGHT="45" CONTENT="wie" WC="0.98" CC="060"/>
						<SP ID="P3_SP00376" HPOS="1276" VPOS="5317" WIDTH="38"/>
						<String ID="P3_ST00438" HPOS="1314" VPOS="5274" WIDTH="117" HEIGHT="34" CONTENT="man" WC="0.97" CC="006"/>
						<SP ID="P3_SP00377" HPOS="1431" VPOS="5317" WIDTH="43"/>
						<String ID="P3_ST00439" HPOS="1474" VPOS="5260" WIDTH="350" HEIGHT="50" CONTENT="Individualist" WC="0.99" CC="5600040604042"/>
					</TextLine>
					<TextLine ID="P3_TL00063" HPOS="314" VPOS="5334" WIDTH="1509" HEIGHT="60">
						<String ID="P3_ST00440" HPOS="314" VPOS="5334" WIDTH="113" HEIGHT="49" CONTENT="sein" WC="0.95" CC="7546"/>
						<SP ID="P3_SP00378" HPOS="427" VPOS="5383" WIDTH="36"/>
						<String ID="P3_ST00441" HPOS="463" VPOS="5337" WIDTH="100" HEIGHT="48" CONTENT="und" WC="0.98" CC="500"/>
						<SP ID="P3_SP00379" HPOS="563" VPOS="5385" WIDTH="39"/>
						<String ID="P3_ST00442" HPOS="602" VPOS="5336" WIDTH="149" HEIGHT="49" CONTENT="dabei" WC="0.97" CC="99003"/>
						<SP ID="P3_SP00380" HPOS="751" VPOS="5385" WIDTH="38"/>
						<String ID="P3_ST00443" HPOS="789" VPOS="5337" WIDTH="79" HEIGHT="48" CONTENT="die" WC="0.96" CC="460"/>
						<SP ID="P3_SP00381" HPOS="868" VPOS="5385" WIDTH="39"/>
						<String ID="P3_ST00444" HPOS="907" VPOS="5340" WIDTH="263" HEIGHT="53" CONTENT="politische" WC="1.00" CC="0351032000"/>
						<SP ID="P3_SP00382" HPOS="1170" VPOS="5393" WIDTH="35"/>
						<String ID="P3_ST00445" HPOS="1205" VPOS="5342" WIDTH="308" HEIGHT="52" CONTENT="Bohemerei" WC="1.00" CC="130000000"/>
						<SP ID="P3_SP00383" HPOS="1513" VPOS="5394" WIDTH="39"/>
						<String ID="P3_ST00446" HPOS="1552" VPOS="5346" WIDTH="119" HEIGHT="48" CONTENT="sehr" WC="1.00" CC="0000"/>
						<SP ID="P3_SP00384" HPOS="1671" VPOS="5394" WIDTH="35"/>
						<String ID="P3_ST00447" HPOS="1706" VPOS="5359" WIDTH="88" HEIGHT="35" CONTENT="ver" SUBS_TYPE="HypPart1" SUBS_CONTENT="verdammen" WC="0.99" CC="000"/>
						<HYP HPOS="1794" VPOS="5359" WIDTH="29" CONTENT="-"/>
					</TextLine>
					<TextLine ID="P3_TL00064" HPOS="312" VPOS="5419" WIDTH="1511" HEIGHT="66">
						<String ID="P3_ST00448" HPOS="312" VPOS="5419" WIDTH="240" HEIGHT="53" CONTENT="dammen" SUBS_TYPE="HypPart2" SUBS_CONTENT="verdammen" WC="0.96" CC="998670"/>
						<SP ID="P3_SP00385" HPOS="552" VPOS="5472" WIDTH="76"/>
						<String ID="P3_ST00449" HPOS="628" VPOS="5422" WIDTH="98" HEIGHT="47" CONTENT="und" WC="0.95" CC="660"/>
						<SP ID="P3_SP00386" HPOS="726" VPOS="5472" WIDTH="46"/>
						<String ID="P3_ST00450" HPOS="772" VPOS="5422" WIDTH="78" HEIGHT="49" CONTENT="die" WC="0.98" CC="060"/>
						<SP ID="P3_SP00387" HPOS="850" VPOS="5472" WIDTH="43"/>
						<String ID="P3_ST00451" HPOS="893" VPOS="5422" WIDTH="130" HEIGHT="50" CONTENT="feste" WC="0.99" CC="60000"/>
						<SP ID="P3_SP00388" HPOS="1023" VPOS="5472" WIDTH="42"/>
						<String ID="P3_ST00452" HPOS="1065" VPOS="5424" WIDTH="355" HEIGHT="61" CONTENT="Handhabung" WC="0.99" CC="6223004070"/>
						<SP ID="P3_SP00389" HPOS="1420" VPOS="5485" WIDTH="46"/>
						<String ID="P3_ST00453" HPOS="1466" VPOS="5430" WIDTH="89" HEIGHT="49" CONTENT="der" WC="0.99" CC="003"/>
						<SP ID="P3_SP00390" HPOS="1555" VPOS="5485" WIDTH="45"/>
						<String ID="P3_ST00454" HPOS="1600" VPOS="5432" WIDTH="223" HEIGHT="47" CONTENT="Gesetze" WC="1.00" CC="7000000"/>
					</TextLine>
					<TextLine ID="P3_TL00065" HPOS="315" VPOS="5503" WIDTH="1508" HEIGHT="68">
						<String ID="P3_ST00455" HPOS="315" VPOS="5503" WIDTH="76" HEIGHT="49" CONTENT="als" WC="0.94" CC="079"/>
						<SP ID="P3_SP00391" HPOS="391" VPOS="5552" WIDTH="31"/>
						<String ID="P3_ST00456" HPOS="422" VPOS="5505" WIDTH="78" HEIGHT="48" CONTENT="ein" WC="0.95" CC="065"/>
						<SP ID="P3_SP00392" HPOS="500" VPOS="5553" WIDTH="35"/>
						<String ID="P3_ST00457" HPOS="535" VPOS="5506" WIDTH="364" HEIGHT="55" CONTENT="vorzügliches" WC="1.00" CC="002040010000"/>
						<SP ID="P3_SP00393" HPOS="899" VPOS="5561" WIDTH="30"/>
						<String ID="P3_ST00458" HPOS="929" VPOS="5505" WIDTH="164" HEIGHT="51" CONTENT="Mittel" WC="0.99" CC="020005"/>
						<SP ID="P3_SP00394" HPOS="1093" VPOS="5561" WIDTH="35"/>
						<String ID="P3_ST00459" HPOS="1128" VPOS="5510" WIDTH="260" HEIGHT="57" CONTENT="begrüßen" WC="0.99" CC="70040014"/>
						<SP ID="P3_SP00395" HPOS="1388" VPOS="5567" WIDTH="33"/>
						<String ID="P3_ST00460" HPOS="1421" VPOS="5514" WIDTH="148" HEIGHT="57" CONTENT="kann," WC="0.98" CC="00650"/>
						<SP ID="P3_SP00396" HPOS="1569" VPOS="5571" WIDTH="36"/>
						<String ID="P3_ST00461" HPOS="1605" VPOS="5515" WIDTH="78" HEIGHT="47" CONTENT="die" WC="0.95" CC="940"/>
						<SP ID="P3_SP00397" HPOS="1683" VPOS="5571" WIDTH="36"/>
						<String ID="P3_ST00462" HPOS="1719" VPOS="5514" WIDTH="70" HEIGHT="49" CONTENT="Hö" SUBS_TYPE="HypPart1" SUBS_CONTENT="Höheren" WC="0.96" CC="70"/>
						<HYP HPOS="1789" VPOS="5514" WIDTH="34" CONTENT="-"/>
					</TextLine>
					<TextLine ID="P3_TL00066" HPOS="314" VPOS="5586" WIDTH="1149" HEIGHT="62">
						<String ID="P3_ST00463" HPOS="314" VPOS="5586" WIDTH="155" HEIGHT="51" CONTENT="heren" SUBS_TYPE="HypPart2" SUBS_CONTENT="Höheren" WC="0.96" CC="97504"/>
						<SP ID="P3_SP00398" HPOS="469" VPOS="5637" WIDTH="42"/>
						<String ID="P3_ST00464" HPOS="511" VPOS="5604" WIDTH="97" HEIGHT="34" CONTENT="vor" WC="0.99" CC="002"/>
						<SP ID="P3_SP00399" HPOS="608" VPOS="5638" WIDTH="46"/>
						<String ID="P3_ST00465" HPOS="654" VPOS="5590" WIDTH="94" HEIGHT="48" CONTENT="den" WC="0.97" CC="008"/>
						<SP ID="P3_SP00400" HPOS="748" VPOS="5638" WIDTH="41"/>
						<String ID="P3_ST00466" HPOS="789" VPOS="5590" WIDTH="267" HEIGHT="51" CONTENT="Minderen" WC="0.99" CC="06700000"/>
						<SP ID="P3_SP00401" HPOS="1056" VPOS="5641" WIDTH="45"/>
						<String ID="P3_ST00467" HPOS="1101" VPOS="5608" WIDTH="61" HEIGHT="34" CONTENT="zu" WC="0.81" CC="03"/>
						<SP ID="P3_SP00402" HPOS="1162" VPOS="5642" WIDTH="42"/>
						<String ID="P3_ST00468" HPOS="1204" VPOS="5596" WIDTH="259" HEIGHT="52" CONTENT="schützen." WC="0.99" CC="063000033"/>
					</TextLine>
					<TextLine ID="P3_TL00067" HPOS="436" VPOS="5671" WIDTH="1386" HEIGHT="72">
						<String ID="P3_ST00469" HPOS="436" VPOS="5671" WIDTH="255" HEIGHT="52" CONTENT="Franz:" WC="0.99" CC="008040"/>
						<SP ID="P3_SP00403" HPOS="691" VPOS="5723" WIDTH="61"/>
						<String ID="P3_ST00470" HPOS="752" VPOS="5675" WIDTH="68" HEIGHT="52" CONTENT="Es" WC="0.69" CC="50"/>
						<SP ID="P3_SP00404" HPOS="820" VPOS="5727" WIDTH="43"/>
						<String ID="P3_ST00471" HPOS="863" VPOS="5677" WIDTH="108" HEIGHT="56" CONTENT="gibt" WC="0.99" CC="0005"/>
						<SP ID="P3_SP00405" HPOS="971" VPOS="5733" WIDTH="46"/>
						<String ID="P3_ST00472" HPOS="1017" VPOS="5676" WIDTH="157" HEIGHT="50" CONTENT="kaum" WC="0.98" CC="0550"/>
						<SP ID="P3_SP00406" HPOS="1174" VPOS="5733" WIDTH="42"/>
						<String ID="P3_ST00473" HPOS="1216" VPOS="5681" WIDTH="284" HEIGHT="62" CONTENT="jemanden," WC="0.99" CC="700070060"/>
						<SP ID="P3_SP00407" HPOS="1500" VPOS="5743" WIDTH="81"/>
						<String ID="P3_ST00474" HPOS="1581" VPOS="5684" WIDTH="90" HEIGHT="48" CONTENT="der" WC="1.00" CC="000"/>
						<SP ID="P3_SP00408" HPOS="1671" VPOS="5743" WIDTH="44"/>
						<String ID="P3_ST00475" HPOS="1715" VPOS="5684" WIDTH="107" HEIGHT="49" CONTENT="sich" WC="0.98" CC="4104"/>
					</TextLine>
					<TextLine ID="P3_TL00068" HPOS="312" VPOS="5757" WIDTH="1510" HEIGHT="60">
						<String ID="P3_ST00476" HPOS="312" VPOS="5757" WIDTH="198" HEIGHT="50" CONTENT="»icht" WC="0.54" CC="76151"/>
						<SP ID="P3_SP00409" HPOS="510" VPOS="5807" WIDTH="30"/>
						<String ID="P3_ST00477" HPOS="540" VPOS="5759" WIDTH="79" HEIGHT="48" CONTENT="für" WC="0.96" CC="604"/>
						<SP ID="P3_SP00410" HPOS="619" VPOS="5807" WIDTH="33"/>
						<String ID="P3_ST00478" HPOS="652" VPOS="5773" WIDTH="121" HEIGHT="36" CONTENT="vom" WC="0.98" CC="050"/>
						<SP ID="P3_SP00411" HPOS="773" VPOS="5809" WIDTH="27"/>
						<String ID="P3_ST00479" HPOS="800" VPOS="5760" WIDTH="164" HEIGHT="51" CONTENT="Pöbel" WC="1.00" CC="00300"/>
						<SP ID="P3_SP00412" HPOS="964" VPOS="5811" WIDTH="37"/>
						<String ID="P3_ST00480" HPOS="1001" VPOS="5763" WIDTH="391" HEIGHT="49" CONTENT="unterschieden" WC="1.00" CC="2500390050000"/>
						<SP ID="P3_SP00413" HPOS="1392" VPOS="5812" WIDTH="31"/>
						<String ID="P3_ST00481" HPOS="1423" VPOS="5765" WIDTH="166" HEIGHT="51" CONTENT="hielte." WC="0.99" CC="6401404"/>
						<SP ID="P3_SP00414" HPOS="1589" VPOS="5816" WIDTH="65"/>
						<String ID="P3_ST00482" HPOS="1654" VPOS="5767" WIDTH="168" HEIGHT="50" CONTENT="Wenn" WC="0.99" CC="0006"/>
					</TextLine>
					<TextLine ID="P3_TL00069" HPOS="312" VPOS="5841" WIDTH="1510" HEIGHT="64">
						<String ID="P3_ST00483" HPOS="312" VPOS="5841" WIDTH="96" HEIGHT="50" CONTENT="aHe" WC="0.55" CC="480"/>
						<SP ID="P3_SP00415" HPOS="408" VPOS="5891" WIDTH="43"/>
						<String ID="P3_ST00484" HPOS="451" VPOS="5855" WIDTH="59" HEIGHT="36" CONTENT="so" WC="0.71" CC="31"/>
						<SP ID="P3_SP00416" HPOS="510" VPOS="5891" WIDTH="43"/>
						<String ID="P3_ST00485" HPOS="553" VPOS="5843" WIDTH="217" HEIGHT="51" CONTENT="dächten" WC="0.98" CC="1850406"/>
						<SP ID="P3_SP00417" HPOS="770" VPOS="5894" WIDTH="41"/>
						<String ID="P3_ST00486" HPOS="811" VPOS="5847" WIDTH="102" HEIGHT="49" CONTENT="wie" WC="0.95" CC="930"/>
						<SP ID="P3_SP00418" HPOS="913" VPOS="5896" WIDTH="43"/>
						<String ID="P3_ST00487" HPOS="956" VPOS="5849" WIDTH="79" HEIGHT="56" CONTENT="du," WC="0.96" CC="063"/>
						<SP ID="P3_SP00419" HPOS="1035" VPOS="5905" WIDTH="42"/>
						<String ID="P3_ST00488" HPOS="1077" VPOS="5848" WIDTH="183" HEIGHT="49" CONTENT="würde" WC="1.00" CC="00300"/>
						<SP ID="P3_SP00420" HPOS="1260" VPOS="5905" WIDTH="39"/>
						<String ID="P3_ST00489" HPOS="1299" VPOS="5847" WIDTH="334" HEIGHT="55" CONTENT="Befreiendes" WC="1.00" CC="00500423001"/>
						<SP ID="P3_SP00421" HPOS="1633" VPOS="5905" WIDTH="40"/>
						<String ID="P3_ST00490" HPOS="1673" VPOS="5853" WIDTH="120" HEIGHT="49" CONTENT="über" SUBS_TYPE="HypPart1" SUBS_CONTENT="überhaupt" WC="1.00" CC="0000"/>
						<HYP HPOS="1793" VPOS="5853" WIDTH="29" CONTENT="-"/>
					</TextLine>
					<TextLine ID="P3_TL00070" HPOS="308" VPOS="5925" WIDTH="1515" HEIGHT="68">
						<String ID="P3_ST00491" HPOS="308" VPOS="5925" WIDTH="160" HEIGHT="59" CONTENT="haupt" SUBS_TYPE="HypPart2" SUBS_CONTENT="überhaupt" WC="0.96" CC="89705"/>
						<SP ID="P3_SP00422" HPOS="468" VPOS="5984" WIDTH="43"/>
						<String ID="P3_ST00492" HPOS="511" VPOS="5927" WIDTH="137" HEIGHT="51" CONTENT="nicht" WC="0.98" CC="96200"/>
						<SP ID="P3_SP00423" HPOS="648" VPOS="5984" WIDTH="42"/>
						<String ID="P3_ST00493" HPOS="690" VPOS="5931" WIDTH="144" HEIGHT="49" CONTENT="mehr" WC="1.00" CC="0000"/>
						<SP ID="P3_SP00424" HPOS="834" VPOS="5984" WIDTH="44"/>
						<String ID="P3_ST00494" HPOS="878" VPOS="5932" WIDTH="318" HEIGHT="59" CONTENT="geschehen;" WC="1.00" CC="0010000044"/>
						<SP ID="P3_SP00425" HPOS="1196" VPOS="5991" WIDTH="45"/>
						<String ID="P3_ST00495" HPOS="1241" VPOS="5934" WIDTH="101" HEIGHT="47" CONTENT="und" WC="0.95" CC="750"/>
						<SP ID="P3_SP00426" HPOS="1342" VPOS="5991" WIDTH="47"/>
						<String ID="P3_ST00496" HPOS="1389" VPOS="5934" WIDTH="107" HEIGHT="59" CONTENT="das," WC="0.98" CC="0333"/>
						<SP ID="P3_SP00427" HPOS="1496" VPOS="5993" WIDTH="44"/>
						<String ID="P3_ST00497" HPOS="1540" VPOS="5948" WIDTH="113" HEIGHT="37" CONTENT="was" WC="0.98" CC="004"/>
						<SP ID="P3_SP00428" HPOS="1653" VPOS="5993" WIDTH="42"/>
						<String ID="P3_ST00498" HPOS="1695" VPOS="5936" WIDTH="128" HEIGHT="55" CONTENT="Kerr" WC="0.87" CC="0004"/>
					</TextLine>
					<TextLine ID="P3_TL00071" HPOS="311" VPOS="6011" WIDTH="1511" HEIGHT="69">
						<String ID="P3_ST00499" HPOS="311" VPOS="6011" WIDTH="81" HEIGHT="49" CONTENT="die" WC="0.95" CC="084"/>
						<SP ID="P3_SP00429" HPOS="392" VPOS="6060" WIDTH="47"/>
						<String ID="P3_ST00500" HPOS="439" VPOS="6012" WIDTH="421" HEIGHT="60" CONTENT="„Aufbesserung" WC="0.99" CC="3070300000649"/>
						<SP ID="P3_SP00430" HPOS="860" VPOS="6072" WIDTH="38"/>
						<String ID="P3_ST00501" HPOS="898" VPOS="6017" WIDTH="94" HEIGHT="48" CONTENT="der" WC="0.99" CC="002"/>
						<SP ID="P3_SP00431" HPOS="992" VPOS="6072" WIDTH="49"/>
						<String ID="P3_ST00502" HPOS="1041" VPOS="6017" WIDTH="334" HEIGHT="58" CONTENT="Gesamtlage" WC="1.00" CC="5000004000"/>
						<String ID="P3_ST00503" HPOS="1380" VPOS="6018" WIDTH="28" HEIGHT="19" CONTENT="44" STYLE="superscript" WC="0.42" CC="47"/>
						<SP ID="P3_SP00432" HPOS="1408" VPOS="6075" WIDTH="44"/>
						<String ID="P3_ST00504" HPOS="1452" VPOS="6025" WIDTH="225" HEIGHT="50" CONTENT="genannt" WC="0.99" CC="9020100"/>
						<SP ID="P3_SP00433" HPOS="1677" VPOS="6075" WIDTH="42"/>
						<String ID="P3_ST00505" HPOS="1719" VPOS="6021" WIDTH="103" HEIGHT="59" CONTENT="hat," WC="1.00" CC="0000"/>
					</TextLine>
					<TextLine ID="P3_TL00072" HPOS="309" VPOS="6096" WIDTH="1513" HEIGHT="66">
						<String ID="P3_ST00506" HPOS="309" VPOS="6096" WIDTH="182" HEIGHT="49" CONTENT="würde" WC="0.97" CC="91700"/>
						<SP ID="P3_SP00434" HPOS="491" VPOS="6145" WIDTH="39"/>
						<String ID="P3_ST00507" HPOS="530" VPOS="6099" WIDTH="214" HEIGHT="49" CONTENT="niemals" WC="0.98" CC="6650305"/>
						<SP ID="P3_SP00435" HPOS="744" VPOS="6148" WIDTH="44"/>
						<String ID="P3_ST00508" HPOS="788" VPOS="6101" WIDTH="264" HEIGHT="50" CONTENT="eintreten." WC="1.00" CC="0260000003"/>
						<SP ID="P3_SP00436" HPOS="1052" VPOS="6151" WIDTH="73"/>
						<String ID="P3_ST00509" HPOS="1125" VPOS="6101" WIDTH="161" HEIGHT="52" CONTENT="Deine" WC="0.98" CC="00660"/>
						<SP ID="P3_SP00437" HPOS="1286" VPOS="6153" WIDTH="41"/>
						<String ID="P3_ST00510" HPOS="1327" VPOS="6102" WIDTH="259" HEIGHT="60" CONTENT="Tendenz," WC="0.99" CC="00900550"/>
						<SP ID="P3_SP00438" HPOS="1586" VPOS="6162" WIDTH="43"/>
						<String ID="P3_ST00511" HPOS="1629" VPOS="6118" WIDTH="55" HEIGHT="35" CONTENT="es" WC="1.00" CC="00"/>
						<SP ID="P3_SP00439" HPOS="1684" VPOS="6162" WIDTH="45"/>
						<String ID="P3_ST00512" HPOS="1729" VPOS="6107" WIDTH="93" HEIGHT="48" CONTENT="den" WC="0.99" CC="001"/>
					</TextLine>
					<TextLine ID="P3_TL00073" HPOS="309" VPOS="6180" WIDTH="1513" HEIGHT="65">
						<String ID="P3_ST00513" HPOS="309" VPOS="6180" WIDTH="207" HEIGHT="50" CONTENT="Andern" WC="0.98" CC="670006"/>
						<SP ID="P3_SP00440" HPOS="516" VPOS="6230" WIDTH="45"/>
						<String ID="P3_ST00514" HPOS="561" VPOS="6196" WIDTH="63" HEIGHT="35" CONTENT="zu" WC="0.70" CC="05"/>
						<SP ID="P3_SP00441" HPOS="624" VPOS="6231" WIDTH="46"/>
						<String ID="P3_ST00515" HPOS="670" VPOS="6184" WIDTH="316" HEIGHT="61" CONTENT="überlassen," WC="1.00" CC="00007631020"/>
						<SP ID="P3_SP00442" HPOS="986" VPOS="6245" WIDTH="46"/>
						<String ID="P3_ST00516" HPOS="1032" VPOS="6187" WIDTH="188" HEIGHT="56" CONTENT="gleicht" WC="1.00" CC="0002000"/>
						<SP ID="P3_SP00443" HPOS="1220" VPOS="6245" WIDTH="44"/>
						<String ID="P3_ST00517" HPOS="1264" VPOS="6188" WIDTH="120" HEIGHT="51" CONTENT="sehr" WC="0.99" CC="0302"/>
						<SP ID="P3_SP00444" HPOS="1384" VPOS="6245" WIDTH="47"/>
						<String ID="P3_ST00518" HPOS="1431" VPOS="6189" WIDTH="91" HEIGHT="49" CONTENT="der" WC="1.00" CC="001"/>
						<SP ID="P3_SP00445" HPOS="1522" VPOS="6245" WIDTH="44"/>
						<String ID="P3_ST00519" HPOS="1566" VPOS="6188" WIDTH="228" HEIGHT="49" CONTENT="verfluch" SUBS_TYPE="HypPart1" SUBS_CONTENT="verfluchten" WC="0.99" CC="00060050"/>
						<HYP HPOS="1794" VPOS="6188" WIDTH="28" CONTENT="-"/>
					</TextLine>
					<TextLine ID="P3_TL00074" HPOS="313" VPOS="6265" WIDTH="1511" HEIGHT="67">
						<String ID="P3_ST00520" HPOS="313" VPOS="6267" WIDTH="83" HEIGHT="47" CONTENT="ten" SUBS_TYPE="HypPart2" SUBS_CONTENT="verfluchten" WC="0.94" CC="924"/>
						<SP ID="P3_SP00446" HPOS="396" VPOS="6314" WIDTH="45"/>
						<String ID="P3_ST00521" HPOS="441" VPOS="6265" WIDTH="245" HEIGHT="51" CONTENT="Tendenz" WC="0.99" CC="0030070"/>
						<SP ID="P3_SP00447" HPOS="686" VPOS="6316" WIDTH="46"/>
						<String ID="P3_ST00522" HPOS="732" VPOS="6269" WIDTH="90" HEIGHT="48" CONTENT="der" WC="1.00" CC="000"/>
						<SP ID="P3_SP00448" HPOS="822" VPOS="6317" WIDTH="42"/>
						<String ID="P3_ST00523" HPOS="864" VPOS="6268" WIDTH="339" HEIGHT="53" CONTENT="historischen" WC="0.99" CC="004065440006"/>
						<SP ID="P3_SP00449" HPOS="1203" VPOS="6321" WIDTH="48"/>
						<String ID="P3_ST00524" HPOS="1251" VPOS="6272" WIDTH="202" HEIGHT="60" CONTENT="Schule," WC="0.99" CC="0300800"/>
						<SP ID="P3_SP00450" HPOS="1453" VPOS="6332" WIDTH="47"/>
						<String ID="P3_ST00525" HPOS="1500" VPOS="6274" WIDTH="79" HEIGHT="49" CONTENT="die" WC="0.97" CC="520"/>
						<SP ID="P3_SP00451" HPOS="1579" VPOS="6332" WIDTH="49"/>
						<String ID="P3_ST00526" HPOS="1628" VPOS="6287" WIDTH="56" HEIGHT="36" CONTENT="es" WC="0.82" CC="03"/>
						<SP ID="P3_SP00452" HPOS="1684" VPOS="6332" WIDTH="49"/>
						<String ID="P3_ST00527" HPOS="1733" VPOS="6274" WIDTH="91" HEIGHT="48" CONTENT="der" WC="0.98" CC="500"/>
					</TextLine>
					<TextLine ID="P3_TL00075" HPOS="316" VPOS="6344" WIDTH="1506" HEIGHT="70">
						<String ID="P3_ST00528" HPOS="316" VPOS="6344" WIDTH="415" HEIGHT="66" CONTENT='„Entwicklung"' WC="0.99" CC="5750903016494"/>
						<SP ID="P3_SP00453" HPOS="731" VPOS="6410" WIDTH="36"/>
						<String ID="P3_ST00529" HPOS="767" VPOS="6367" WIDTH="64" HEIGHT="37" CONTENT="zu" WC="0.78" CC="12"/>
						<SP ID="P3_SP00454" HPOS="831" VPOS="6410" WIDTH="40"/>
						<String ID="P3_ST00530" HPOS="871" VPOS="6355" WIDTH="298" HEIGHT="50" CONTENT="überlassen" WC="1.00" CC="0000103406"/>
						<SP ID="P3_SP00455" HPOS="1169" VPOS="6410" WIDTH="38"/>
						<String ID="P3_ST00531" HPOS="1207" VPOS="6357" WIDTH="197" HEIGHT="57" CONTENT="geruht." WC="0.99" CC="9006003"/>
						<SP ID="P3_SP00456" HPOS="1404" VPOS="6414" WIDTH="70"/>
						<String ID="P3_ST00532" HPOS="1474" VPOS="6356" WIDTH="168" HEIGHT="52" CONTENT="Wenn" WC="0.98" CC="0054"/>
						<SP ID="P3_SP00457" HPOS="1642" VPOS="6414" WIDTH="36"/>
						<String ID="P3_ST00533" HPOS="1678" VPOS="6357" WIDTH="108" HEIGHT="50" CONTENT="wäh" SUBS_TYPE="HypPart1" SUBS_CONTENT="wählend" WC="0.97" CC="902"/>
						<HYP HPOS="1786" VPOS="6357" WIDTH="36" CONTENT="-"/>
					</TextLine>
					<TextLine ID="P3_TL00076" HPOS="317" VPOS="6432" WIDTH="1505" HEIGHT="66">
						<String ID="P3_ST00534" HPOS="317" VPOS="6432" WIDTH="121" HEIGHT="47" CONTENT="lend" SUBS_TYPE="HypPart2" SUBS_CONTENT="wählend" WC="0.94" CC="8783"/>
						<SP ID="P3_SP00458" HPOS="438" VPOS="6479" WIDTH="43"/>
						<String ID="P3_ST00535" HPOS="481" VPOS="6436" WIDTH="89" HEIGHT="49" CONTENT="der" WC="0.98" CC="004"/>
						<SP ID="P3_SP00459" HPOS="570" VPOS="6485" WIDTH="44"/>
						<String ID="P3_ST00536" HPOS="614" VPOS="6451" WIDTH="199" HEIGHT="43" CONTENT="ganzen" WC="0.97" CC="945009"/>
						<SP ID="P3_SP00460" HPOS="813" VPOS="6494" WIDTH="43"/>
						<String ID="P3_ST00537" HPOS="856" VPOS="6438" WIDTH="438" HEIGHT="60" CONTENT="Weltgeschichte" WC="1.00" CC="00300000430300"/>
						<SP ID="P3_SP00461" HPOS="1294" VPOS="6498" WIDTH="46"/>
						<String ID="P3_ST00538" HPOS="1340" VPOS="6444" WIDTH="181" HEIGHT="49" CONTENT="immer" WC="0.97" CC="49400"/>
						<SP ID="P3_SP00462" HPOS="1521" VPOS="6498" WIDTH="44"/>
						<String ID="P3_ST00539" HPOS="1565" VPOS="6458" WIDTH="94" HEIGHT="35" CONTENT="nur" WC="0.94" CC="465"/>
						<SP ID="P3_SP00463" HPOS="1659" VPOS="6498" WIDTH="41"/>
						<String ID="P3_ST00540" HPOS="1700" VPOS="6442" WIDTH="92" HEIGHT="51" CONTENT="Ent" SUBS_TYPE="HypPart1" SUBS_CONTENT="Entwickleriche" WC="0.59" CC="630"/>
						<HYP HPOS="1792" VPOS="6442" WIDTH="30" CONTENT="-"/>
					</TextLine>
					<TextLine ID="P3_TL00077" HPOS="315" VPOS="6511" WIDTH="1507" HEIGHT="67">
						<String ID="P3_ST00541" HPOS="315" VPOS="6511" WIDTH="320" HEIGHT="59" CONTENT="wickleriche" SUBS_TYPE="HypPart2" SUBS_CONTENT="Entwickleriche" WC="0.57" CC="77466055200"/>
						<SP ID="P3_SP00464" HPOS="635" VPOS="6570" WIDTH="43"/>
						<String ID="P3_ST00542" HPOS="678" VPOS="6523" WIDTH="128" HEIGHT="49" CONTENT="oder" WC="1.00" CC="0001"/>
						<SP ID="P3_SP00465" HPOS="806" VPOS="6572" WIDTH="42"/>
						<String ID="P3_ST00543" HPOS="848" VPOS="6525" WIDTH="181" HEIGHT="50" CONTENT="immer" WC="1.00" CC="30000"/>
						<SP ID="P3_SP00466" HPOS="1029" VPOS="6575" WIDTH="38"/>
						<String ID="P3_ST00544" HPOS="1067" VPOS="6539" WIDTH="92" HEIGHT="35" CONTENT="nur" WC="0.99" CC="300"/>
						<SP ID="P3_SP00467" HPOS="1159" VPOS="6575" WIDTH="41"/>
						<String ID="P3_ST00545" HPOS="1200" VPOS="6526" WIDTH="406" HEIGHT="51" CONTENT="Aristokratiker" WC="0.91" CC="00510103000000"/>
						<SP ID="P3_SP00468" HPOS="1606" VPOS="6577" WIDTH="36"/>
						<String ID="P3_ST00546" HPOS="1642" VPOS="6530" WIDTH="180" HEIGHT="48" CONTENT="deines" WC="0.99" CC="003406"/>
					</TextLine>
					<TextLine ID="P3_TL00078" HPOS="316" VPOS="6593" WIDTH="1506" HEIGHT="79">
						<String ID="P3_ST00547" HPOS="316" VPOS="6593" WIDTH="197" HEIGHT="55" CONTENT="Genres" WC="0.97" CC="766205"/>
						<SP ID="P3_SP00469" HPOS="513" VPOS="6648" WIDTH="33"/>
						<String ID="P3_ST00548" HPOS="546" VPOS="6608" WIDTH="360" HEIGHT="56" CONTENT="tonangebend" WC="0.99" CC="03694900970"/>
						<SP ID="P3_SP00470" HPOS="906" VPOS="6664" WIDTH="42"/>
						<String ID="P3_ST00549" HPOS="948" VPOS="6622" WIDTH="246" HEIGHT="44" CONTENT="gewesen" WC="0.98" CC="9090206"/>
						<SP ID="P3_SP00471" HPOS="1194" VPOS="6666" WIDTH="38"/>
						<String ID="P3_ST00550" HPOS="1232" VPOS="6614" WIDTH="195" HEIGHT="58" CONTENT="wären," WC="0.99" CC="002090"/>
						<SP ID="P3_SP00472" HPOS="1427" VPOS="6672" WIDTH="41"/>
						<String ID="P3_ST00551" HPOS="1468" VPOS="6615" WIDTH="216" HEIGHT="48" CONTENT="würden" WC="1.00" CC="000000"/>
						<SP ID="P3_SP00473" HPOS="1684" VPOS="6672" WIDTH="40"/>
						<String ID="P3_ST00552" HPOS="1724" VPOS="6615" WIDTH="98" HEIGHT="48" CONTENT="wir" WC="0.94" CC="923"/>
					</TextLine>
					<TextLine ID="P3_TL00079" HPOS="310" VPOS="6681" WIDTH="1511" HEIGHT="73">
						<String ID="P3_ST00553" HPOS="310" VPOS="6681" WIDTH="159" HEIGHT="50" CONTENT="ktute" WC="0.30" CC="79637"/>
						<SP ID="P3_SP00474" HPOS="469" VPOS="6731" WIDTH="39"/>
						<String ID="P3_ST00554" HPOS="508" VPOS="6688" WIDTH="129" HEIGHT="48" CONTENT="noch" WC="0.95" CC="6366"/>
						<SP ID="P3_SP00475" HPOS="637" VPOS="6736" WIDTH="38"/>
						<String ID="P3_ST00555" HPOS="675" VPOS="6695" WIDTH="245" HEIGHT="58" CONTENT="struppig," WC="0.99" CC="030740090"/>
						<SP ID="P3_SP00476" HPOS="920" VPOS="6753" WIDTH="39"/>
						<String ID="P3_ST00556" HPOS="959" VPOS="6693" WIDTH="216" HEIGHT="59" CONTENT="dreckig" WC="0.99" CC="0000107"/>
						<SP ID="P3_SP00477" HPOS="1175" VPOS="6753" WIDTH="39"/>
						<String ID="P3_ST00557" HPOS="1214" VPOS="6697" WIDTH="104" HEIGHT="49" CONTENT="und" WC="0.95" CC="660"/>
						<SP ID="P3_SP00478" HPOS="1318" VPOS="6753" WIDTH="42"/>
						<String ID="P3_ST00558" HPOS="1360" VPOS="6697" WIDTH="175" HEIGHT="57" CONTENT="dumpf" WC="0.98" CC="06006"/>
						<SP ID="P3_SP00479" HPOS="1535" VPOS="6754" WIDTH="38"/>
						<String ID="P3_ST00559" HPOS="1573" VPOS="6698" WIDTH="77" HEIGHT="52" CONTENT="als" WC="0.97" CC="205"/>
						<SP ID="P3_SP00480" HPOS="1650" VPOS="6754" WIDTH="40"/>
						<String ID="P3_ST00560" HPOS="1690" VPOS="6697" WIDTH="99" HEIGHT="50" CONTENT="Tro" SUBS_TYPE="HypPart1" SUBS_CONTENT="Trogfodyten" WC="0.52" CC="445"/>
						<HYP HPOS="1789" VPOS="6697" WIDTH="32" CONTENT="-"/>
					</TextLine>
					<TextLine ID="P3_TL00080" HPOS="311" VPOS="6767" WIDTH="1028" HEIGHT="63">
						<String ID="P3_ST00561" HPOS="311" VPOS="6767" WIDTH="252" HEIGHT="59" CONTENT="gfodyten" SUBS_TYPE="HypPart2" SUBS_CONTENT="Trogfodyten" WC="0.50" CC="88306606"/>
						<SP ID="P3_SP00481" HPOS="563" VPOS="6826" WIDTH="36"/>
						<String ID="P3_ST00562" HPOS="599" VPOS="6778" WIDTH="143" HEIGHT="46" CONTENT="unter" WC="0.98" CC="76004"/>
						<SP ID="P3_SP00482" HPOS="742" VPOS="6826" WIDTH="36"/>
						<String ID="P3_ST00563" HPOS="778" VPOS="6778" WIDTH="90" HEIGHT="50" CONTENT="der" WC="0.98" CC="024"/>
						<SP ID="P3_SP00483" HPOS="868" VPOS="6828" WIDTH="36"/>
						<String ID="P3_ST00564" HPOS="904" VPOS="6777" WIDTH="135" HEIGHT="51" CONTENT="Erde" WC="1.00" CC="1000"/>
						<SP ID="P3_SP00484" HPOS="1039" VPOS="6828" WIDTH="35"/>
						<String ID="P3_ST00565" HPOS="1074" VPOS="6779" WIDTH="265" HEIGHT="51" CONTENT="krabbeln." WC="0.99" CC="933000007"/>
					</TextLine>
					<TextLine ID="P3_TL00081" HPOS="446" VPOS="6851" WIDTH="1375" HEIGHT="73">
						<String ID="P3_ST00566" HPOS="446" VPOS="6851" WIDTH="254" HEIGHT="54" CONTENT="Guido:" WC="0.97" CC="064857"/>
						<SP ID="P3_SP00485" HPOS="700" VPOS="6905" WIDTH="56"/>
						<String ID="P3_ST00567" HPOS="756" VPOS="6860" WIDTH="81" HEIGHT="51" CONTENT="Ich" WC="0.94" CC="537"/>
						<SP ID="P3_SP00486" HPOS="837" VPOS="6911" WIDTH="39"/>
						<String ID="P3_ST00568" HPOS="876" VPOS="6862" WIDTH="135" HEIGHT="51" CONTENT="weiß" WC="0.98" CC="9000"/>
						<SP ID="P3_SP00487" HPOS="1011" VPOS="6913" WIDTH="41"/>
						<String ID="P3_ST00569" HPOS="1052" VPOS="6864" WIDTH="152" HEIGHT="60" CONTENT="nicht," WC="0.99" CC="733000"/>
						<SP ID="P3_SP00488" HPOS="1204" VPOS="6924" WIDTH="39"/>
						<String ID="P3_ST00570" HPOS="1243" VPOS="6865" WIDTH="65" HEIGHT="49" CONTENT="ob" WC="0.78" CC="04"/>
						<SP ID="P3_SP00489" HPOS="1308" VPOS="6924" WIDTH="41"/>
						<String ID="P3_ST00571" HPOS="1349" VPOS="6868" WIDTH="98" HEIGHT="46" CONTENT="wir" WC="1.00" CC="000"/>
						<SP ID="P3_SP00490" HPOS="1447" VPOS="6924" WIDTH="40"/>
						<String ID="P3_ST00572" HPOS="1487" VPOS="6867" WIDTH="132" HEIGHT="49" CONTENT="dann" WC="0.97" CC="0276"/>
						<SP ID="P3_SP00491" HPOS="1619" VPOS="6924" WIDTH="40"/>
						<String ID="P3_ST00573" HPOS="1659" VPOS="6869" WIDTH="130" HEIGHT="47" CONTENT="weni" SUBS_TYPE="HypPart1" SUBS_CONTENT="weniger" WC="0.96" CC="9097"/>
						<HYP HPOS="1789" VPOS="6869" WIDTH="32" CONTENT="-"/>
					</TextLine>
					<TextLine ID="P3_TL00082" HPOS="309" VPOS="6937" WIDTH="1512" HEIGHT="70">
						<String ID="P3_ST00574" HPOS="309" VPOS="6951" WIDTH="94" HEIGHT="45" CONTENT="ger" SUBS_TYPE="HypPart2" SUBS_CONTENT="weniger" WC="0.92" CC="776"/>
						<SP ID="P3_SP00492" HPOS="403" VPOS="6996" WIDTH="39"/>
						<String ID="P3_ST00575" HPOS="442" VPOS="6937" WIDTH="253" HEIGHT="60" CONTENT="glücklich" WC="0.98" CC="760404437"/>
						<SP ID="P3_SP00493" HPOS="695" VPOS="6997" WIDTH="40"/>
						<String ID="P3_ST00576" HPOS="735" VPOS="6949" WIDTH="192" HEIGHT="49" CONTENT="wären." WC="0.97" CC="753554"/>
						<SP ID="P3_SP00494" HPOS="927" VPOS="6998" WIDTH="73"/>
						<String ID="P3_ST00577" HPOS="1000" VPOS="6946" WIDTH="81" HEIGHT="52" CONTENT="Du" WC="0.65" CC="07"/>
						<SP ID="P3_SP00495" HPOS="1081" VPOS="6998" WIDTH="45"/>
						<String ID="P3_ST00578" HPOS="1126" VPOS="6950" WIDTH="205" HEIGHT="57" CONTENT="glaubst" WC="0.98" CC="9136430"/>
						<SP ID="P3_SP00496" HPOS="1331" VPOS="7007" WIDTH="43"/>
						<String ID="P3_ST00579" HPOS="1374" VPOS="6951" WIDTH="131" HEIGHT="49" CONTENT="noch" WC="0.97" CC="0308"/>
						<SP ID="P3_SP00497" HPOS="1505" VPOS="7007" WIDTH="75"/>
						<String ID="P3_ST00580" HPOS="1580" VPOS="6966" WIDTH="65" HEIGHT="35" CONTENT="an" WC="0.63" CC="15"/>
						<SP ID="P3_SP00498" HPOS="1645" VPOS="7007" WIDTH="78"/>
						<String ID="P3_ST00581" HPOS="1723" VPOS="6952" WIDTH="98" HEIGHT="49" CONTENT="den" WC="0.96" CC="009"/>
					</TextLine>
					<TextLine ID="P3_TL00083" HPOS="309" VPOS="7022" WIDTH="1513" HEIGHT="71">
						<String ID="P3_ST00582" HPOS="309" VPOS="7022" WIDTH="324" HEIGHT="54" CONTENT="Fortschritt." WC="0.99" CC="878862840600"/>
						<SP ID="P3_SP00499" HPOS="633" VPOS="7076" WIDTH="80"/>
						<String ID="P3_ST00583" HPOS="713" VPOS="7023" WIDTH="225" HEIGHT="70" CONTENT="Gesetzt," WC="0.97" CC="75790793"/>
						<SP ID="P3_SP00500" HPOS="938" VPOS="7093" WIDTH="52"/>
						<String ID="P3_ST00584" HPOS="990" VPOS="7048" WIDTH="57" HEIGHT="36" CONTENT="er" WC="0.71" CC="05"/>
						<SP ID="P3_SP00501" HPOS="1047" VPOS="7093" WIDTH="45"/>
						<String ID="P3_ST00585" HPOS="1092" VPOS="7034" WIDTH="130" HEIGHT="50" CONTENT="ließe" WC="0.98" CC="31602"/>
						<SP ID="P3_SP00502" HPOS="1222" VPOS="7093" WIDTH="49"/>
						<String ID="P3_ST00586" HPOS="1271" VPOS="7034" WIDTH="108" HEIGHT="50" CONTENT="sich" WC="0.96" CC="0466"/>
						<SP ID="P3_SP00503" HPOS="1379" VPOS="7093" WIDTH="48"/>
						<String ID="P3_ST00587" HPOS="1427" VPOS="7034" WIDTH="284" HEIGHT="52" CONTENT="feststellen" WC="0.99" CC="60005003469"/>
						<SP ID="P3_SP00504" HPOS="1711" VPOS="7093" WIDTH="47"/>
						<String ID="P3_ST00588" HPOS="1758" VPOS="7064" WIDTH="64" HEIGHT="12" CONTENT="—" WC="0.20" CC="8"/>
					</TextLine>
				</TextBlock>
				<TextBlock ID="P3_TB00003" HPOS="1944" VPOS="185" WIDTH="1535" HEIGHT="6902" STYLEREFS="TXT_0 PAR_BLOCK">
					<TextLine ID="P3_TL00084" HPOS="1952" VPOS="185" WIDTH="1510" HEIGHT="61">
						<String ID="P3_ST00589" HPOS="1952" VPOS="198" WIDTH="85" HEIGHT="35" CONTENT="wo" WC="0.30" CC="76"/>
						<SP ID="P3_SP00505" HPOS="2037" VPOS="233" WIDTH="26"/>
						<String ID="P3_ST00590" HPOS="2063" VPOS="187" WIDTH="120" HEIGHT="55" CONTENT="liegt" WC="0.97" CC="84109"/>
						<SP ID="P3_SP00506" HPOS="2183" VPOS="242" WIDTH="26"/>
						<String ID="P3_ST00591" HPOS="2209" VPOS="187" WIDTH="133" HEIGHT="46" CONTENT="dann" WC="0.95" CC="9193"/>
						<SP ID="P3_SP00507" HPOS="2342" VPOS="242" WIDTH="26"/>
						<String ID="P3_ST00592" HPOS="2368" VPOS="187" WIDTH="270" HEIGHT="56" CONTENT="eigentlich" WC="0.99" CC="0890730000"/>
						<SP ID="P3_SP00508" HPOS="2638" VPOS="243" WIDTH="22"/>
						<String ID="P3_ST00593" HPOS="2660" VPOS="189" WIDTH="107" HEIGHT="48" CONTENT="sein" WC="0.98" CC="5031"/>
						<SP ID="P3_SP00509" HPOS="2767" VPOS="243" WIDTH="27"/>
						<String ID="P3_ST00594" HPOS="2794" VPOS="185" WIDTH="142" HEIGHT="49" CONTENT="Ziel?" WC="0.98" CC="03007"/>
						<SP ID="P3_SP00510" HPOS="2936" VPOS="243" WIDTH="27"/>
						<String ID="P3_ST00595" HPOS="2963" VPOS="185" WIDTH="249" HEIGHT="50" CONTENT="Wohin" WC="0.97" CC="00658"/>
						<SP ID="P3_SP00511" HPOS="3212" VPOS="243" WIDTH="29"/>
						<String ID="P3_ST00596" HPOS="3241" VPOS="187" WIDTH="194" HEIGHT="59" CONTENT="„schrei" SUBS_TYPE="HypPart1" SUBS_CONTENT="„schreite" WC="0.99" CC="4409003"/>
						<HYP HPOS="3435" VPOS="187" WIDTH="27" CONTENT="-"/>
					</TextLine>
					<TextLine ID="P3_TL00085" HPOS="1953" VPOS="269" WIDTH="1509" HEIGHT="61">
						<String ID="P3_ST00597" HPOS="1953" VPOS="274" WIDTH="84" HEIGHT="45" CONTENT="ten" SUBS_TYPE="HypPart2" SUBS_CONTENT="„schreite" WC="0.97" CC="006"/>
						<String ID="P3_ST00598" HPOS="2044" VPOS="270" WIDTH="26" HEIGHT="20" CONTENT="44" STYLE="superscript" WC="0.41" CC="74"/>
						<SP ID="P3_SP00512" HPOS="2070" VPOS="319" WIDTH="46"/>
						<String ID="P3_ST00599" HPOS="2116" VPOS="271" WIDTH="95" HEIGHT="47" CONTENT="wir" WC="0.93" CC="909"/>
						<SP ID="P3_SP00513" HPOS="2211" VPOS="319" WIDTH="49"/>
						<String ID="P3_ST00600" HPOS="2260" VPOS="269" WIDTH="132" HEIGHT="51" CONTENT="denn" WC="0.93" CC="8779"/>
						<SP ID="P3_SP00514" HPOS="2392" VPOS="320" WIDTH="43"/>
						<String ID="P3_ST00601" HPOS="2435" VPOS="270" WIDTH="132" HEIGHT="58" CONTENT="„fort" WC="0.97" CC="76630"/>
						<String ID="P3_ST00602" HPOS="2572" VPOS="270" WIDTH="27" HEIGHT="19" CONTENT="44" STYLE="superscript" WC="0.41" CC="74"/>
						<String ID="P3_ST00603" HPOS="2611" VPOS="269" WIDTH="27" HEIGHT="48" CONTENT="?" WC="0.44" CC="5"/>
						<SP ID="P3_SP00515" HPOS="2638" VPOS="328" WIDTH="78"/>
						<String ID="P3_ST00604" HPOS="2716" VPOS="270" WIDTH="163" HEIGHT="49" CONTENT="Nimm" WC="0.95" CC="7069"/>
						<SP ID="P3_SP00516" HPOS="2879" VPOS="328" WIDTH="48"/>
						<String ID="P3_ST00605" HPOS="2927" VPOS="272" WIDTH="129" HEIGHT="48" CONTENT="doch" WC="0.98" CC="0035"/>
						<SP ID="P3_SP00517" HPOS="3056" VPOS="328" WIDTH="44"/>
						<String ID="P3_ST00606" HPOS="3100" VPOS="272" WIDTH="100" HEIGHT="48" CONTENT="mal" WC="0.96" CC="640"/>
						<SP ID="P3_SP00518" HPOS="3200" VPOS="328" WIDTH="45"/>
						<String ID="P3_ST00607" HPOS="3245" VPOS="286" WIDTH="77" HEIGHT="44" CONTENT="an," WC="0.95" CC="362"/>
						<SP ID="P3_SP00519" HPOS="3322" VPOS="330" WIDTH="47"/>
						<String ID="P3_ST00608" HPOS="3369" VPOS="271" WIDTH="93" HEIGHT="49" CONTENT="alle" WC="0.96" CC="5760"/>
					</TextLine>
					<TextLine ID="P3_TL00086" HPOS="1951" VPOS="354" WIDTH="1511" HEIGHT="60">
						<String ID="P3_ST00609" HPOS="1951" VPOS="357" WIDTH="113" HEIGHT="51" CONTENT="jene" WC="0.98" CC="7020"/>
						<SP ID="P3_SP00520" HPOS="2064" VPOS="408" WIDTH="69"/>
						<String ID="P3_ST00610" HPOS="2133" VPOS="354" WIDTH="488" HEIGHT="60" CONTENT="Körperlichkeiten," WC="1.00" CC="09080020500000030"/>
						<SP ID="P3_SP00521" HPOS="2621" VPOS="414" WIDTH="75"/>
						<String ID="P3_ST00611" HPOS="2696" VPOS="357" WIDTH="78" HEIGHT="48" CONTENT="die" WC="0.98" CC="050"/>
						<SP ID="P3_SP00522" HPOS="2774" VPOS="414" WIDTH="72"/>
						<String ID="P3_ST00612" HPOS="2846" VPOS="358" WIDTH="89" HEIGHT="48" CONTENT="mit" WC="0.98" CC="023"/>
						<SP ID="P3_SP00523" HPOS="2935" VPOS="414" WIDTH="77"/>
						<String ID="P3_ST00613" HPOS="3012" VPOS="359" WIDTH="94" HEIGHT="47" CONTENT="den" WC="0.99" CC="002"/>
						<SP ID="P3_SP00524" HPOS="3106" VPOS="414" WIDTH="77"/>
						<String ID="P3_ST00614" HPOS="3183" VPOS="356" WIDTH="279" HEIGHT="49" CONTENT="deutschen" WC="1.00" CC="000000004"/>
					</TextLine>
					<TextLine ID="P3_TL00087" HPOS="1952" VPOS="438" WIDTH="1510" HEIGHT="60">
						<String ID="P3_ST00615" HPOS="1952" VPOS="438" WIDTH="245" HEIGHT="52" CONTENT="Wählern" WC="0.98" CC="0194068"/>
						<SP ID="P3_SP00525" HPOS="2197" VPOS="490" WIDTH="41"/>
						<String ID="P3_ST00616" HPOS="2238" VPOS="442" WIDTH="201" HEIGHT="56" CONTENT="gemein" WC="0.99" CC="900001"/>
						<SP ID="P3_SP00526" HPOS="2439" VPOS="498" WIDTH="39"/>
						<String ID="P3_ST00617" HPOS="2478" VPOS="454" WIDTH="64" HEIGHT="35" CONTENT="zu" WC="0.81" CC="03"/>
						<SP ID="P3_SP00527" HPOS="2542" VPOS="498" WIDTH="40"/>
						<String ID="P3_ST00618" HPOS="2582" VPOS="441" WIDTH="167" HEIGHT="48" CONTENT="haben" WC="0.99" CC="07002"/>
						<SP ID="P3_SP00528" HPOS="2749" VPOS="498" WIDTH="42"/>
						<String ID="P3_ST00619" HPOS="2791" VPOS="442" WIDTH="63" HEIGHT="48" CONTENT="du" WC="0.67" CC="06"/>
						<SP ID="P3_SP00529" HPOS="2854" VPOS="498" WIDTH="44"/>
						<String ID="P3_ST00620" HPOS="2898" VPOS="441" WIDTH="131" HEIGHT="49" CONTENT="ohne" WC="0.97" CC="5060"/>
						<SP ID="P3_SP00530" HPOS="3029" VPOS="498" WIDTH="42"/>
						<String ID="P3_ST00621" HPOS="3071" VPOS="442" WIDTH="78" HEIGHT="48" CONTENT="die" WC="0.98" CC="040"/>
						<SP ID="P3_SP00531" HPOS="3149" VPOS="498" WIDTH="42"/>
						<String ID="P3_ST00622" HPOS="3191" VPOS="454" WIDTH="238" HEIGHT="44" CONTENT="angemes" SUBS_TYPE="HypPart1" SUBS_CONTENT="angemessene" WC="0.99" CC="0600009"/>
						<HYP HPOS="3429" VPOS="454" WIDTH="33" CONTENT="-"/>
					</TextLine>
					<TextLine ID="P3_TL00088" HPOS="1952" VPOS="524" WIDTH="1510" HEIGHT="61">
						<String ID="P3_ST00623" HPOS="1952" VPOS="537" WIDTH="123" HEIGHT="35" CONTENT="sene" SUBS_TYPE="HypPart2" SUBS_CONTENT="angemessene" WC="0.97" CC="0860"/>
						<SP ID="P3_SP00532" HPOS="2075" VPOS="572" WIDTH="43"/>
						<String ID="P3_ST00624" HPOS="2118" VPOS="524" WIDTH="331" HEIGHT="57" CONTENT="Resignation" WC="0.99" CC="00047809670"/>
						<SP ID="P3_SP00533" HPOS="2449" VPOS="581" WIDTH="44"/>
						<String ID="P3_ST00625" HPOS="2493" VPOS="525" WIDTH="406" HEIGHT="60" CONTENT="konstatiertest," WC="1.00" CC="030006040390000"/>
						<SP ID="P3_SP00534" HPOS="2899" VPOS="585" WIDTH="44"/>
						<String ID="P3_ST00626" HPOS="2943" VPOS="528" WIDTH="138" HEIGHT="47" CONTENT="seien" WC="0.99" CC="00025"/>
						<SP ID="P3_SP00535" HPOS="3081" VPOS="585" WIDTH="45"/>
						<String ID="P3_ST00627" HPOS="3126" VPOS="541" WIDTH="99" HEIGHT="33" CONTENT="nun" WC="0.97" CC="205"/>
						<SP ID="P3_SP00536" HPOS="3225" VPOS="585" WIDTH="45"/>
						<String ID="P3_ST00628" HPOS="3270" VPOS="527" WIDTH="192" HEIGHT="48" CONTENT="bereits" WC="0.99" CC="6000300"/>
					</TextLine>
					<TextLine ID="P3_TL00089" HPOS="1952" VPOS="609" WIDTH="1510" HEIGHT="62">
						<String ID="P3_ST00629" HPOS="1952" VPOS="610" WIDTH="47" HEIGHT="47" CONTENT="in" WC="0.32" CC="57"/>
						<SP ID="P3_SP00537" HPOS="1999" VPOS="657" WIDTH="44"/>
						<String ID="P3_ST00630" HPOS="2043" VPOS="611" WIDTH="138" HEIGHT="46" CONTENT="einer" WC="0.98" CC="00606"/>
						<SP ID="P3_SP00538" HPOS="2181" VPOS="657" WIDTH="38"/>
						<String ID="P3_ST00631" HPOS="2219" VPOS="612" WIDTH="325" HEIGHT="55" CONTENT="endgültigen" WC="1.00" CC="02000400000"/>
						<SP ID="P3_SP00539" HPOS="2544" VPOS="667" WIDTH="40"/>
						<String ID="P3_ST00632" HPOS="2584" VPOS="609" WIDTH="178" HEIGHT="50" CONTENT="Weise" WC="0.99" CC="04210"/>
						<SP ID="P3_SP00540" HPOS="2762" VPOS="667" WIDTH="40"/>
						<String ID="P3_ST00633" HPOS="2802" VPOS="611" WIDTH="254" HEIGHT="60" CONTENT="geregelt;" WC="1.00" CC="000000004"/>
						<SP ID="P3_SP00541" HPOS="3056" VPOS="671" WIDTH="47"/>
						<String ID="P3_ST00634" HPOS="3103" VPOS="612" WIDTH="77" HEIGHT="48" CONTENT="die" WC="0.99" CC="002"/>
						<SP ID="P3_SP00542" HPOS="3180" VPOS="671" WIDTH="44"/>
						<String ID="P3_ST00635" HPOS="3224" VPOS="610" WIDTH="204" HEIGHT="49" CONTENT="Gesamt" SUBS_TYPE="HypPart1" SUBS_CONTENT="Gesamtiage" WC="0.82" CC="700000"/>
						<HYP HPOS="3428" VPOS="610" WIDTH="34" CONTENT="-"/>
					</TextLine>
					<TextLine ID="P3_TL00090" HPOS="1951" VPOS="693" WIDTH="1512" HEIGHT="58">
						<String ID="P3_ST00636" HPOS="1951" VPOS="693" WIDTH="113" HEIGHT="56" CONTENT="iage" SUBS_TYPE="HypPart2" SUBS_CONTENT="Gesamtiage" WC="0.70" CC="5600"/>
						<SP ID="P3_SP00543" HPOS="2064" VPOS="749" WIDTH="37"/>
						<String ID="P3_ST00637" HPOS="2101" VPOS="695" WIDTH="73" HEIGHT="46" CONTENT="sei" WC="0.99" CC="001"/>
						<SP ID="P3_SP00544" HPOS="2174" VPOS="749" WIDTH="34"/>
						<String ID="P3_ST00638" HPOS="2208" VPOS="695" WIDTH="131" HEIGHT="48" CONTENT="ideal" WC="0.99" CC="50040"/>
						<SP ID="P3_SP00545" HPOS="2339" VPOS="749" WIDTH="37"/>
						<String ID="P3_ST00639" HPOS="2376" VPOS="695" WIDTH="453" HEIGHT="56" CONTENT="heraufgebessert" WC="1.00" CC="005067005004000"/>
						<SP ID="P3_SP00546" HPOS="2829" VPOS="751" WIDTH="30"/>
						<String ID="P3_ST00640" HPOS="2859" VPOS="711" WIDTH="86" HEIGHT="33" CONTENT="—:" WC="0.56" CC="80"/>
						<SP ID="P3_SP00547" HPOS="2945" VPOS="751" WIDTH="54"/>
						<String ID="P3_ST00641" HPOS="2999" VPOS="710" WIDTH="115" HEIGHT="35" CONTENT="was" WC="0.98" CC="050"/>
						<SP ID="P3_SP00548" HPOS="3114" VPOS="751" WIDTH="33"/>
						<String ID="P3_ST00642" HPOS="3147" VPOS="699" WIDTH="144" HEIGHT="45" CONTENT="wäre" WC="1.00" CC="0000"/>
						<SP ID="P3_SP00549" HPOS="3291" VPOS="751" WIDTH="38"/>
						<String ID="P3_ST00643" HPOS="3329" VPOS="695" WIDTH="134" HEIGHT="49" CONTENT="dann" WC="0.98" CC="0028"/>
					</TextLine>
					<TextLine ID="P3_TL00091" HPOS="1952" VPOS="777" WIDTH="1527" HEIGHT="59">
						<String ID="P3_ST00644" HPOS="1952" VPOS="791" WIDTH="63" HEIGHT="36" CONTENT="zu" WC="0.40" CC="56"/>
						<SP ID="P3_SP00550" HPOS="2015" VPOS="827" WIDTH="39"/>
						<String ID="P3_ST00645" HPOS="2054" VPOS="777" WIDTH="127" HEIGHT="50" CONTENT="tun?" WC="0.95" CC="4567"/>
						<SP ID="P3_SP00551" HPOS="2181" VPOS="827" WIDTH="69"/>
						<String ID="P3_ST00646" HPOS="2250" VPOS="777" WIDTH="158" HEIGHT="51" CONTENT="Wäre" WC="0.99" CC="0030"/>
						<SP ID="P3_SP00552" HPOS="2408" VPOS="828" WIDTH="40"/>
						<String ID="P3_ST00647" HPOS="2448" VPOS="782" WIDTH="155" HEIGHT="47" CONTENT="damit" WC="1.00" CC="00000"/>
						<SP ID="P3_SP00553" HPOS="2603" VPOS="829" WIDTH="41"/>
						<String ID="P3_ST00648" HPOS="2644" VPOS="784" WIDTH="138" HEIGHT="44" CONTENT="etwa" WC="1.00" CC="2000"/>
						<SP ID="P3_SP00554" HPOS="2782" VPOS="829" WIDTH="38"/>
						<String ID="P3_ST00649" HPOS="2820" VPOS="783" WIDTH="111" HEIGHT="45" CONTENT="eine" WC="0.98" CC="0460"/>
						<SP ID="P3_SP00555" HPOS="2931" VPOS="829" WIDTH="37"/>
						<String ID="P3_ST00650" HPOS="2968" VPOS="779" WIDTH="291" HEIGHT="50" CONTENT="universale" WC="1.00" CC="0200010720"/>
						<SP ID="P3_SP00556" HPOS="3259" VPOS="829" WIDTH="40"/>
						<String ID="P3_ST00651" HPOS="3299" VPOS="779" WIDTH="180" HEIGHT="57" CONTENT="Selig-\" WC="0.54" CC="0073946"/>
					</TextLine>
					<TextLine ID="P3_TL00092" HPOS="1952" VPOS="862" WIDTH="1510" HEIGHT="60">
						<String ID="P3_ST00652" HPOS="1952" VPOS="862" WIDTH="105" HEIGHT="50" CONTENT="keit" WC="1.00" CC="0000"/>
						<SP ID="P3_SP00557" HPOS="2057" VPOS="912" WIDTH="33"/>
						<String ID="P3_ST00653" HPOS="2090" VPOS="862" WIDTH="258" HEIGHT="49" CONTENT="erreicht?" WC="0.99" CC="030123900"/>
						<SP ID="P3_SP00558" HPOS="2348" VPOS="912" WIDTH="69"/>
						<String ID="P3_ST00654" HPOS="2417" VPOS="864" WIDTH="142" HEIGHT="54" CONTENT="Kann" WC="0.97" CC="0065"/>
						<SP ID="P3_SP00559" HPOS="2559" VPOS="918" WIDTH="39"/>
						<String ID="P3_ST00655" HPOS="2598" VPOS="879" WIDTH="55" HEIGHT="35" CONTENT="es" WC="1.00" CC="00"/>
						<SP ID="P3_SP00560" HPOS="2653" VPOS="918" WIDTH="39"/>
						<String ID="P3_ST00656" HPOS="2692" VPOS="865" WIDTH="88" HEIGHT="48" CONTENT="der" WC="0.97" CC="008"/>
						<SP ID="P3_SP00561" HPOS="2780" VPOS="918" WIDTH="37"/>
						<String ID="P3_ST00657" HPOS="2817" VPOS="864" WIDTH="121" HEIGHT="49" CONTENT="Sinn" WC="0.97" CC="0615"/>
						<SP ID="P3_SP00562" HPOS="2938" VPOS="918" WIDTH="38"/>
						<String ID="P3_ST00658" HPOS="2976" VPOS="867" WIDTH="88" HEIGHT="48" CONTENT="des" WC="1.00" CC="001"/>
						<SP ID="P3_SP00563" HPOS="3064" VPOS="918" WIDTH="36"/>
						<String ID="P3_ST00659" HPOS="3100" VPOS="864" WIDTH="204" HEIGHT="51" CONTENT="Lebens" WC="1.00" CC="000000"/>
						<SP ID="P3_SP00564" HPOS="3304" VPOS="918" WIDTH="34"/>
						<String ID="P3_ST00660" HPOS="3338" VPOS="868" WIDTH="124" HEIGHT="54" CONTENT="sein," WC="0.99" CC="10500"/>
					</TextLine>
					<TextLine ID="P3_TL00093" HPOS="1954" VPOS="946" WIDTH="1509" HEIGHT="62">
						<String ID="P3_ST00661" HPOS="1954" VPOS="948" WIDTH="245" HEIGHT="49" CONTENT="achtbare" WC="0.99" CC="02401020"/>
						<SP ID="P3_SP00565" HPOS="2199" VPOS="997" WIDTH="73"/>
						<String ID="P3_ST00662" HPOS="2272" VPOS="946" WIDTH="200" HEIGHT="58" CONTENT="Bürger" WC="1.00" CC="021000"/>
						<SP ID="P3_SP00566" HPOS="2472" VPOS="1004" WIDTH="73"/>
						<String ID="P3_ST00663" HPOS="2545" VPOS="963" WIDTH="96" HEIGHT="35" CONTENT="vor" WC="0.98" CC="005"/>
						<SP ID="P3_SP00567" HPOS="2641" VPOS="1004" WIDTH="73"/>
						<String ID="P3_ST00664" HPOS="2714" VPOS="949" WIDTH="335" HEIGHT="59" CONTENT="Einbrüchen," WC="0.99" CC="60013056153"/>
						<SP ID="P3_SP00568" HPOS="3049" VPOS="1008" WIDTH="45"/>
						<String ID="P3_ST00665" HPOS="3094" VPOS="951" WIDTH="229" HEIGHT="55" CONTENT="gesunde" WC="0.99" CC="0006580"/>
						<SP ID="P3_SP00569" HPOS="3323" VPOS="1008" WIDTH="42"/>
						<String ID="P3_ST00666" HPOS="3365" VPOS="963" WIDTH="98" HEIGHT="34" CONTENT="vor" WC="0.99" CC="003"/>
					</TextLine>
					<TextLine ID="P3_TL00094" HPOS="1953" VPOS="1032" WIDTH="1510" HEIGHT="61">
						<String ID="P3_ST00667" HPOS="1953" VPOS="1032" WIDTH="359" HEIGHT="58" CONTENT="Krankheiten," WC="1.00" CC="074500000003"/>
						<SP ID="P3_SP00570" HPOS="2312" VPOS="1090" WIDTH="45"/>
						<String ID="P3_ST00668" HPOS="2357" VPOS="1034" WIDTH="168" HEIGHT="50" CONTENT="reiche" WC="0.99" CC="164200"/>
						<SP ID="P3_SP00571" HPOS="2525" VPOS="1090" WIDTH="44"/>
						<String ID="P3_ST00669" HPOS="2569" VPOS="1048" WIDTH="97" HEIGHT="34" CONTENT="vor" WC="0.99" CC="030"/>
						<SP ID="P3_SP00572" HPOS="2666" VPOS="1090" WIDTH="42"/>
						<String ID="P3_ST00670" HPOS="2708" VPOS="1035" WIDTH="196" HEIGHT="58" CONTENT="Armut," WC="0.99" CC="030502"/>
						<SP ID="P3_SP00573" HPOS="2904" VPOS="1093" WIDTH="74"/>
						<String ID="P3_ST00671" HPOS="2978" VPOS="1049" WIDTH="141" HEIGHT="34" CONTENT="arme" WC="0.99" CC="0300"/>
						<SP ID="P3_SP00574" HPOS="3119" VPOS="1093" WIDTH="45"/>
						<String ID="P3_ST00672" HPOS="3164" VPOS="1049" WIDTH="98" HEIGHT="33" CONTENT="vor" WC="0.97" CC="035"/>
						<SP ID="P3_SP00575" HPOS="3262" VPOS="1093" WIDTH="41"/>
						<String ID="P3_ST00673" HPOS="3303" VPOS="1033" WIDTH="160" HEIGHT="49" CONTENT="Elend" WC="0.98" CC="66000"/>
					</TextLine>
					<TextLine ID="P3_TL00095" HPOS="1954" VPOS="1116" WIDTH="1508" HEIGHT="60">
						<String ID="P3_ST00674" HPOS="1954" VPOS="1132" WIDTH="61" HEIGHT="33" CONTENT="zu" WC="0.80" CC="30"/>
						<SP ID="P3_SP00576" HPOS="2015" VPOS="1165" WIDTH="32"/>
						<String ID="P3_ST00675" HPOS="2047" VPOS="1116" WIDTH="317" HEIGHT="49" CONTENT="bewahren?" WC="1.00" CC="600060000"/>
						<SP ID="P3_SP00577" HPOS="2364" VPOS="1165" WIDTH="67"/>
						<String ID="P3_ST00676" HPOS="2431" VPOS="1118" WIDTH="143" HEIGHT="55" CONTENT="Kann" WC="0.96" CC="0925"/>
						<SP ID="P3_SP00578" HPOS="2574" VPOS="1173" WIDTH="36"/>
						<String ID="P3_ST00677" HPOS="2610" VPOS="1132" WIDTH="56" HEIGHT="36" CONTENT="es" WC="0.84" CC="03"/>
						<SP ID="P3_SP00579" HPOS="2666" VPOS="1173" WIDTH="37"/>
						<String ID="P3_ST00678" HPOS="2703" VPOS="1121" WIDTH="89" HEIGHT="46" CONTENT="der" WC="1.00" CC="000"/>
						<SP ID="P3_SP00580" HPOS="2792" VPOS="1173" WIDTH="33"/>
						<String ID="P3_ST00679" HPOS="2825" VPOS="1118" WIDTH="123" HEIGHT="49" CONTENT="Sinn" WC="0.97" CC="0462"/>
						<SP ID="P3_SP00581" HPOS="2948" VPOS="1173" WIDTH="33"/>
						<String ID="P3_ST00680" HPOS="2981" VPOS="1121" WIDTH="90" HEIGHT="47" CONTENT="des" WC="1.00" CC="000"/>
						<SP ID="P3_SP00582" HPOS="3071" VPOS="1173" WIDTH="30"/>
						<String ID="P3_ST00681" HPOS="3101" VPOS="1118" WIDTH="202" HEIGHT="50" CONTENT="Lebens" WC="0.99" CC="006070"/>
						<SP ID="P3_SP00583" HPOS="3303" VPOS="1173" WIDTH="37"/>
						<String ID="P3_ST00682" HPOS="3340" VPOS="1121" WIDTH="122" HEIGHT="55" CONTENT="sein," WC="0.99" CC="00121"/>
					</TextLine>
					<TextLine ID="P3_TL00096" HPOS="1952" VPOS="1198" WIDTH="1511" HEIGHT="64">
						<String ID="P3_ST00683" HPOS="1952" VPOS="1198" WIDTH="455" HEIGHT="53" CONTENT="Menschenkräfte" WC="1.00" CC="00303503090700"/>
						<SP ID="P3_SP00584" HPOS="2407" VPOS="1251" WIDTH="40"/>
						<String ID="P3_ST00684" HPOS="2447" VPOS="1203" WIDTH="155" HEIGHT="49" CONTENT="durch" WC="0.99" CC="00130"/>
						<SP ID="P3_SP00585" HPOS="2602" VPOS="1252" WIDTH="37"/>
						<String ID="P3_ST00685" HPOS="2639" VPOS="1201" WIDTH="299" HEIGHT="52" CONTENT="Maschinen" WC="1.00" CC="002401401"/>
						<SP ID="P3_SP00586" HPOS="2938" VPOS="1253" WIDTH="39"/>
						<String ID="P3_ST00686" HPOS="2977" VPOS="1217" WIDTH="62" HEIGHT="36" CONTENT="zu" WC="0.41" CC="55"/>
						<SP ID="P3_SP00587" HPOS="3039" VPOS="1253" WIDTH="40"/>
						<String ID="P3_ST00687" HPOS="3079" VPOS="1209" WIDTH="251" HEIGHT="53" CONTENT="ersetzen," WC="1.00" CC="000000450"/>
						<SP ID="P3_SP00588" HPOS="3330" VPOS="1262" WIDTH="38"/>
						<String ID="P3_ST00688" HPOS="3368" VPOS="1203" WIDTH="95" HEIGHT="49" CONTENT="den" WC="0.97" CC="007"/>
					</TextLine>
					<TextLine ID="P3_TL00097" HPOS="1954" VPOS="1284" WIDTH="1509" HEIGHT="63">
						<String ID="P3_ST00689" HPOS="1954" VPOS="1284" WIDTH="152" HEIGHT="57" CONTENT="Krieg" WC="0.98" CC="07500"/>
						<SP ID="P3_SP00589" HPOS="2106" VPOS="1341" WIDTH="44"/>
						<String ID="P3_ST00690" HPOS="2150" VPOS="1286" WIDTH="380" HEIGHT="61" CONTENT="abzuschaffen," WC="0.99" CC="0506330016040"/>
						<SP ID="P3_SP00590" HPOS="2530" VPOS="1347" WIDTH="43"/>
						<String ID="P3_ST00691" HPOS="2573" VPOS="1287" WIDTH="280" HEIGHT="49" CONTENT="Distanzen" WC="1.00" CC="040005003"/>
						<SP ID="P3_SP00591" HPOS="2853" VPOS="1347" WIDTH="42"/>
						<String ID="P3_ST00692" HPOS="2895" VPOS="1303" WIDTH="62" HEIGHT="33" CONTENT="zu" WC="0.92" CC="10"/>
						<SP ID="P3_SP00592" HPOS="2957" VPOS="1347" WIDTH="44"/>
						<String ID="P3_ST00693" HPOS="3001" VPOS="1289" WIDTH="348" HEIGHT="58" CONTENT="überwinden," WC="0.99" CC="04500540060"/>
						<SP ID="P3_SP00593" HPOS="3349" VPOS="1347" WIDTH="42"/>
						<String ID="P3_ST00694" HPOS="3391" VPOS="1289" WIDTH="48" HEIGHT="47" CONTENT="la" SUBS_TYPE="HypPart1" SUBS_CONTENT="latente" WC="0.97" CC="30"/>
						<HYP HPOS="3439" VPOS="1289" WIDTH="24" CONTENT="-"/>
					</TextLine>
					<TextLine ID="P3_TL00098" HPOS="1957" VPOS="1370" WIDTH="1508" HEIGHT="52">
						<String ID="P3_ST00695" HPOS="1957" VPOS="1374" WIDTH="138" HEIGHT="45" CONTENT="tente" SUBS_TYPE="HypPart2" SUBS_CONTENT="latente" WC="0.98" CC="00354"/>
						<SP ID="P3_SP00594" HPOS="2095" VPOS="1419" WIDTH="64"/>
						<String ID="P3_ST00696" HPOS="2159" VPOS="1370" WIDTH="215" HEIGHT="51" CONTENT="Talente" WC="0.99" CC="0040600"/>
						<SP ID="P3_SP00595" HPOS="2374" VPOS="1421" WIDTH="66"/>
						<String ID="P3_ST00697" HPOS="2440" VPOS="1375" WIDTH="87" HEIGHT="46" CONTENT="der" WC="0.96" CC="803"/>
						<SP ID="P3_SP00596" HPOS="2527" VPOS="1421" WIDTH="65"/>
						<String ID="P3_ST00698" HPOS="2592" VPOS="1371" WIDTH="161" HEIGHT="50" CONTENT="Natur" WC="1.00" CC="00000"/>
						<SP ID="P3_SP00597" HPOS="2753" VPOS="1421" WIDTH="34"/>
						<String ID="P3_ST00699" HPOS="2787" VPOS="1374" WIDTH="88" HEIGHT="46" CONTENT="der" WC="0.98" CC="004"/>
						<SP ID="P3_SP00598" HPOS="2875" VPOS="1421" WIDTH="33"/>
						<String ID="P3_ST00700" HPOS="2908" VPOS="1371" WIDTH="557" HEIGHT="51" CONTENT="Erdbewohnerschaft" WC="1.00" CC="50040030600030070"/>
					</TextLine>
					<TextLine ID="P3_TL00099" HPOS="1959" VPOS="1456" WIDTH="1506" HEIGHT="51">
						<String ID="P3_ST00701" HPOS="1959" VPOS="1457" WIDTH="259" HEIGHT="48" CONTENT="dienstbar" WC="0.99" CC="002600006"/>
						<SP ID="P3_SP00599" HPOS="2218" VPOS="1505" WIDTH="73"/>
						<String ID="P3_ST00702" HPOS="2291" VPOS="1470" WIDTH="62" HEIGHT="34" CONTENT="zu" WC="0.78" CC="04"/>
						<SP ID="P3_SP00600" HPOS="2353" VPOS="1505" WIDTH="75"/>
						<String ID="P3_ST00703" HPOS="2428" VPOS="1456" WIDTH="251" HEIGHT="50" CONTENT="machen?" WC="1.00" CC="0040000"/>
						<SP ID="P3_SP00601" HPOS="2679" VPOS="1506" WIDTH="78"/>
						<String ID="P3_ST00704" HPOS="2757" VPOS="1457" WIDTH="275" HEIGHT="50" CONTENT="Dienstbar" WC="0.99" CC="040400070"/>
						<SP ID="P3_SP00602" HPOS="3032" VPOS="1507" WIDTH="76"/>
						<String ID="P3_ST00705" HPOS="3108" VPOS="1471" WIDTH="61" HEIGHT="35" CONTENT="zu" WC="0.74" CC="13"/>
						<SP ID="P3_SP00603" HPOS="3169" VPOS="1507" WIDTH="44"/>
						<String ID="P3_ST00706" HPOS="3213" VPOS="1456" WIDTH="252" HEIGHT="50" CONTENT="welchem" WC="1.00" CC="0033000"/>
					</TextLine>
					<TextLine ID="P3_TL00100" HPOS="1954" VPOS="1538" WIDTH="1512" HEIGHT="63">
						<String ID="P3_ST00707" HPOS="1954" VPOS="1538" WIDTH="182" HEIGHT="50" CONTENT="Ende?" WC="0.98" CC="76000"/>
						<SP ID="P3_SP00604" HPOS="2136" VPOS="1588" WIDTH="66"/>
						<String ID="P3_ST00708" HPOS="2202" VPOS="1539" WIDTH="167" HEIGHT="51" CONTENT="Nimm" WC="0.99" CC="2200"/>
						<SP ID="P3_SP00605" HPOS="2369" VPOS="1590" WIDTH="35"/>
						<String ID="P3_ST00709" HPOS="2404" VPOS="1556" WIDTH="79" HEIGHT="45" CONTENT="an," WC="0.96" CC="063"/>
						<SP ID="P3_SP00606" HPOS="2483" VPOS="1601" WIDTH="35"/>
						<String ID="P3_ST00710" HPOS="2518" VPOS="1542" WIDTH="125" HEIGHT="50" CONTENT="alles" WC="0.98" CC="07243"/>
						<SP ID="P3_SP00607" HPOS="2643" VPOS="1601" WIDTH="35"/>
						<String ID="P3_ST00711" HPOS="2678" VPOS="1545" WIDTH="65" HEIGHT="46" CONTENT="ist" WC="1.00" CC="100"/>
						<SP ID="P3_SP00608" HPOS="2743" VPOS="1601" WIDTH="34"/>
						<String ID="P3_ST00712" HPOS="2777" VPOS="1542" WIDTH="233" HEIGHT="59" CONTENT="erreicht," WC="1.00" CC="003042000"/>
						<SP ID="P3_SP00609" HPOS="3010" VPOS="1601" WIDTH="38"/>
						<String ID="P3_ST00713" HPOS="3048" VPOS="1557" WIDTH="55" HEIGHT="35" CONTENT="es" WC="1.00" CC="00"/>
						<SP ID="P3_SP00610" HPOS="3103" VPOS="1601" WIDTH="37"/>
						<String ID="P3_ST00714" HPOS="3140" VPOS="1543" WIDTH="106" HEIGHT="56" CONTENT="gibt" WC="0.97" CC="0353"/>
						<SP ID="P3_SP00611" HPOS="3246" VPOS="1601" WIDTH="37"/>
						<String ID="P3_ST00715" HPOS="3283" VPOS="1542" WIDTH="183" HEIGHT="48" CONTENT="keinen" WC="0.99" CC="000604"/>
					</TextLine>
					<TextLine ID="P3_TL00101" HPOS="1956" VPOS="1624" WIDTH="1510" HEIGHT="62">
						<String ID="P3_ST00716" HPOS="1956" VPOS="1624" WIDTH="195" HEIGHT="55" CONTENT="Kerker" WC="0.99" CC="073003"/>
						<SP ID="P3_SP00612" HPOS="2151" VPOS="1679" WIDTH="41"/>
						<String ID="P3_ST00717" HPOS="2192" VPOS="1627" WIDTH="158" HEIGHT="59" CONTENT="mehr," WC="0.99" CC="00532"/>
						<SP ID="P3_SP00613" HPOS="2350" VPOS="1686" WIDTH="38"/>
						<String ID="P3_ST00718" HPOS="2388" VPOS="1627" WIDTH="181" HEIGHT="48" CONTENT="keinen" WC="0.99" CC="000606"/>
						<SP ID="P3_SP00614" HPOS="2569" VPOS="1686" WIDTH="41"/>
						<String ID="P3_ST00719" HPOS="2610" VPOS="1627" WIDTH="151" HEIGHT="56" CONTENT="Krieg" WC="0.98" CC="07400"/>
						<SP ID="P3_SP00615" HPOS="2761" VPOS="1686" WIDTH="41"/>
						<String ID="P3_ST00720" HPOS="2802" VPOS="1628" WIDTH="158" HEIGHT="57" CONTENT="mehr," WC="1.00" CC="00000"/>
						<SP ID="P3_SP00616" HPOS="2960" VPOS="1686" WIDTH="43"/>
						<String ID="P3_ST00721" HPOS="3003" VPOS="1627" WIDTH="147" HEIGHT="48" CONTENT="keine" WC="0.99" CC="00460"/>
						<SP ID="P3_SP00617" HPOS="3150" VPOS="1686" WIDTH="38"/>
						<String ID="P3_ST00722" HPOS="3188" VPOS="1627" WIDTH="278" HEIGHT="53" CONTENT="Krankheit" WC="0.99" CC="060005040"/>
					</TextLine>
					<TextLine ID="P3_TL00102" HPOS="1956" VPOS="1710" WIDTH="1510" HEIGHT="59">
						<String ID="P3_ST00723" HPOS="1956" VPOS="1710" WIDTH="168" HEIGHT="59" CONTENT="mehr;" WC="0.99" CC="00500"/>
						<SP ID="P3_SP00618" HPOS="2124" VPOS="1769" WIDTH="56"/>
						<String ID="P3_ST00724" HPOS="2180" VPOS="1725" WIDTH="62" HEIGHT="34" CONTENT="zu" WC="0.83" CC="03"/>
						<SP ID="P3_SP00619" HPOS="2242" VPOS="1769" WIDTH="39"/>
						<String ID="P3_ST00725" HPOS="2281" VPOS="1711" WIDTH="301" HEIGHT="49" CONTENT="sämtlichen" WC="1.00" CC="0000025000"/>
						<SP ID="P3_SP00620" HPOS="2582" VPOS="1769" WIDTH="40"/>
						<String ID="P3_ST00726" HPOS="2622" VPOS="1711" WIDTH="263" HEIGHT="58" CONTENT="Planeten," WC="0.99" CC="050700030"/>
						<SP ID="P3_SP00621" HPOS="2885" VPOS="1769" WIDTH="40"/>
						<String ID="P3_ST00727" HPOS="2925" VPOS="1710" WIDTH="226" HEIGHT="50" CONTENT="Monden" WC="0.98" CC="050506"/>
						<SP ID="P3_SP00622" HPOS="3151" VPOS="1769" WIDTH="43"/>
						<String ID="P3_ST00728" HPOS="3194" VPOS="1713" WIDTH="100" HEIGHT="47" CONTENT="und" WC="0.99" CC="030"/>
						<SP ID="P3_SP00623" HPOS="3294" VPOS="1769" WIDTH="41"/>
						<String ID="P3_ST00729" HPOS="3335" VPOS="1711" WIDTH="99" HEIGHT="48" CONTENT="Son" SUBS_TYPE="HypPart1" SUBS_CONTENT="Sonnen" WC="0.97" CC="035"/>
						<HYP HPOS="3434" VPOS="1711" WIDTH="32" CONTENT="-"/>
					</TextLine>
					<TextLine ID="P3_TL00103" HPOS="1958" VPOS="1795" WIDTH="1509" HEIGHT="61">
						<String ID="P3_ST00730" HPOS="1958" VPOS="1808" WIDTH="96" HEIGHT="34" CONTENT="nen" SUBS_TYPE="HypPart2" SUBS_CONTENT="Sonnen" WC="0.97" CC="600"/>
						<SP ID="P3_SP00624" HPOS="2054" VPOS="1842" WIDTH="46"/>
						<String ID="P3_ST00731" HPOS="2100" VPOS="1796" WIDTH="179" HEIGHT="48" CONTENT="stehen" WC="0.99" CC="600033"/>
						<SP ID="P3_SP00625" HPOS="2279" VPOS="1844" WIDTH="46"/>
						<String ID="P3_ST00732" HPOS="2325" VPOS="1809" WIDTH="93" HEIGHT="36" CONTENT="uns" WC="0.97" CC="601"/>
						<SP ID="P3_SP00626" HPOS="2418" VPOS="1845" WIDTH="49"/>
						<String ID="P3_ST00733" HPOS="2467" VPOS="1797" WIDTH="77" HEIGHT="47" CONTENT="die" WC="0.98" CC="060"/>
						<SP ID="P3_SP00627" HPOS="2544" VPOS="1845" WIDTH="45"/>
						<String ID="P3_ST00734" HPOS="2589" VPOS="1795" WIDTH="166" HEIGHT="57" CONTENT="Wege" WC="1.00" CC="0100"/>
						<SP ID="P3_SP00628" HPOS="2755" VPOS="1852" WIDTH="47"/>
						<String ID="P3_ST00735" HPOS="2802" VPOS="1796" WIDTH="159" HEIGHT="60" CONTENT="offen;" WC="0.98" CC="466010"/>
						<SP ID="P3_SP00629" HPOS="2961" VPOS="1856" WIDTH="49"/>
						<String ID="P3_ST00736" HPOS="3010" VPOS="1797" WIDTH="161" HEIGHT="48" CONTENT="selbst" WC="1.00" CC="000100"/>
						<SP ID="P3_SP00630" HPOS="3171" VPOS="1856" WIDTH="48"/>
						<String ID="P3_ST00737" HPOS="3219" VPOS="1797" WIDTH="88" HEIGHT="48" CONTENT="der" WC="0.98" CC="004"/>
						<SP ID="P3_SP00631" HPOS="3307" VPOS="1856" WIDTH="47"/>
						<String ID="P3_ST00738" HPOS="3354" VPOS="1795" WIDTH="113" HEIGHT="49" CONTENT="Tod" WC="1.00" CC="000"/>
					</TextLine>
					<TextLine ID="P3_TL00104" HPOS="1960" VPOS="1880" WIDTH="1505" HEIGHT="56">
						<String ID="P3_ST00739" HPOS="1960" VPOS="1881" WIDTH="65" HEIGHT="47" CONTENT="ist" WC="1.00" CC="000"/>
						<SP ID="P3_SP00632" HPOS="2025" VPOS="1928" WIDTH="51"/>
						<String ID="P3_ST00740" HPOS="2076" VPOS="1880" WIDTH="200" HEIGHT="56" CONTENT="besiegt" WC="0.99" CC="4006001"/>
						<SP ID="P3_SP00633" HPOS="2276" VPOS="1936" WIDTH="47"/>
						<String ID="P3_ST00741" HPOS="2323" VPOS="1895" WIDTH="84" HEIGHT="32" CONTENT="—:" WC="0.60" CC="80"/>
						<SP ID="P3_SP00634" HPOS="2407" VPOS="1936" WIDTH="66"/>
						<String ID="P3_ST00742" HPOS="2473" VPOS="1881" WIDTH="133" HEIGHT="48" CONTENT="kann" WC="1.00" CC="0000"/>
						<SP ID="P3_SP00635" HPOS="2606" VPOS="1936" WIDTH="55"/>
						<String ID="P3_ST00743" HPOS="2661" VPOS="1882" WIDTH="90" HEIGHT="48" CONTENT="das" WC="0.99" CC="001"/>
						<SP ID="P3_SP00636" HPOS="2751" VPOS="1936" WIDTH="54"/>
						<String ID="P3_ST00744" HPOS="2805" VPOS="1882" WIDTH="88" HEIGHT="47" CONTENT="der" WC="0.95" CC="903"/>
						<SP ID="P3_SP00637" HPOS="2893" VPOS="1936" WIDTH="53"/>
						<String ID="P3_ST00745" HPOS="2946" VPOS="1880" WIDTH="122" HEIGHT="49" CONTENT="Sinn" WC="0.97" CC="0263"/>
						<SP ID="P3_SP00638" HPOS="3068" VPOS="1936" WIDTH="54"/>
						<String ID="P3_ST00746" HPOS="3122" VPOS="1883" WIDTH="89" HEIGHT="47" CONTENT="des" WC="1.00" CC="000"/>
						<SP ID="P3_SP00639" HPOS="3211" VPOS="1936" WIDTH="51"/>
						<String ID="P3_ST00747" HPOS="3262" VPOS="1880" WIDTH="203" HEIGHT="49" CONTENT="Lebens" WC="0.99" CC="600011"/>
					</TextLine>
					<TextLine ID="P3_TL00105" HPOS="1959" VPOS="1964" WIDTH="1507" HEIGHT="57">
						<String ID="P3_ST00748" HPOS="1959" VPOS="1964" WIDTH="147" HEIGHT="49" CONTENT="sein?" WC="0.97" CC="05390"/>
						<SP ID="P3_SP00640" HPOS="2106" VPOS="2013" WIDTH="41"/>
						<String ID="P3_ST00749" HPOS="2147" VPOS="1964" WIDTH="152" HEIGHT="49" CONTENT="Blökt" WC="1.00" CC="00000"/>
						<SP ID="P3_SP00641" HPOS="2299" VPOS="2013" WIDTH="43"/>
						<String ID="P3_ST00750" HPOS="2342" VPOS="1978" WIDTH="94" HEIGHT="36" CONTENT="uns" WC="0.95" CC="760"/>
						<SP ID="P3_SP00642" HPOS="2436" VPOS="2014" WIDTH="43"/>
						<String ID="P3_ST00751" HPOS="2479" VPOS="1966" WIDTH="130" HEIGHT="47" CONTENT="dann" WC="0.98" CC="0036"/>
						<SP ID="P3_SP00643" HPOS="2609" VPOS="2014" WIDTH="45"/>
						<String ID="P3_ST00752" HPOS="2654" VPOS="1965" WIDTH="134" HEIGHT="50" CONTENT="nicht" WC="0.98" CC="52050"/>
						<SP ID="P3_SP00644" HPOS="2788" VPOS="2015" WIDTH="44"/>
						<String ID="P3_ST00753" HPOS="2832" VPOS="1966" WIDTH="89" HEIGHT="48" CONTENT="das" WC="1.00" CC="000"/>
						<SP ID="P3_SP00645" HPOS="2921" VPOS="2015" WIDTH="42"/>
						<String ID="P3_ST00754" HPOS="2963" VPOS="1965" WIDTH="158" HEIGHT="56" CONTENT="große" WC="0.99" CC="02010"/>
						<SP ID="P3_SP00646" HPOS="3121" VPOS="2021" WIDTH="41"/>
						<String ID="P3_ST00755" HPOS="3162" VPOS="1964" WIDTH="167" HEIGHT="50" CONTENT="Wozu" WC="0.99" CC="0500"/>
						<SP ID="P3_SP00647" HPOS="3329" VPOS="2021" WIDTH="46"/>
						<String ID="P3_ST00756" HPOS="3375" VPOS="1979" WIDTH="91" HEIGHT="34" CONTENT="nur" WC="0.97" CC="042"/>
					</TextLine>
					<TextLine ID="P3_TL00106" HPOS="1958" VPOS="2048" WIDTH="1508" HEIGHT="58">
						<String ID="P3_ST00757" HPOS="1958" VPOS="2048" WIDTH="131" HEIGHT="48" CONTENT="noch" WC="0.98" CC="5050"/>
						<SP ID="P3_SP00648" HPOS="2089" VPOS="2096" WIDTH="31"/>
						<String ID="P3_ST00758" HPOS="2120" VPOS="2051" WIDTH="265" HEIGHT="54" CONTENT="grausiger" WC="0.99" CC="904006000"/>
						<SP ID="P3_SP00649" HPOS="2385" VPOS="2105" WIDTH="33"/>
						<String ID="P3_ST00759" HPOS="2418" VPOS="2049" WIDTH="104" HEIGHT="49" CONTENT="an?" WC="0.98" CC="060"/>
						<SP ID="P3_SP00650" HPOS="2522" VPOS="2105" WIDTH="34"/>
						<String ID="P3_ST00760" HPOS="2556" VPOS="2048" WIDTH="114" HEIGHT="50" CONTENT="Wie" WC="1.00" CC="000"/>
						<SP ID="P3_SP00651" HPOS="2670" VPOS="2105" WIDTH="33"/>
						<String ID="P3_ST00761" HPOS="2703" VPOS="2050" WIDTH="241" HEIGHT="48" CONTENT="ärmliche" WC="0.99" CC="10038000"/>
						<SP ID="P3_SP00652" HPOS="2944" VPOS="2105" WIDTH="34"/>
						<String ID="P3_ST00762" HPOS="2978" VPOS="2049" WIDTH="456" HEIGHT="57" CONTENT="Vordergrundsan" SUBS_TYPE="HypPart1" SUBS_CONTENT="Vordergrundsangelegenheiten" WC="1.00" CC="13200500635104"/>
						<HYP HPOS="3434" VPOS="2049" WIDTH="32" CONTENT="-"/>
					</TextLine>
					<TextLine ID="P3_TL00107" HPOS="1957" VPOS="2133" WIDTH="1508" HEIGHT="60">
						<String ID="P3_ST00763" HPOS="1957" VPOS="2133" WIDTH="387" HEIGHT="55" CONTENT="gelegenheiten" SUBS_TYPE="HypPart2" SUBS_CONTENT="Vordergrundsangelegenheiten" WC="1.00" CC="0030904000700"/>
						<SP ID="P3_SP00653" HPOS="2344" VPOS="2188" WIDTH="32"/>
						<String ID="P3_ST00764" HPOS="2376" VPOS="2136" WIDTH="113" HEIGHT="46" CONTENT="sind" WC="1.00" CC="0000"/>
						<SP ID="P3_SP00654" HPOS="2489" VPOS="2188" WIDTH="31"/>
						<String ID="P3_ST00765" HPOS="2520" VPOS="2137" WIDTH="138" HEIGHT="46" CONTENT="diese" WC="1.00" CC="01000"/>
						<SP ID="P3_SP00655" HPOS="2658" VPOS="2188" WIDTH="32"/>
						<String ID="P3_ST00766" HPOS="2690" VPOS="2133" WIDTH="253" HEIGHT="59" CONTENT="„Zwecke" WC="1.00" CC="0000200"/>
						<SP ID="P3_SP00656" HPOS="2943" VPOS="2192" WIDTH="34"/>
						<String ID="P3_ST00767" HPOS="2977" VPOS="2137" WIDTH="88" HEIGHT="46" CONTENT="der" WC="1.00" CC="000"/>
						<SP ID="P3_SP00657" HPOS="3065" VPOS="2192" WIDTH="27"/>
						<String ID="P3_ST00768" HPOS="3092" VPOS="2134" WIDTH="315" HEIGHT="49" CONTENT="Zivilisation" WC="1.00" CC="050321070100"/>
						<String ID="P3_ST00769" HPOS="3414" VPOS="2136" WIDTH="26" HEIGHT="16" CONTENT="44" STYLE="superscript" WC="0.41" CC="47"/>
						<String ID="P3_ST00770" HPOS="3455" VPOS="2149" WIDTH="10" HEIGHT="44" CONTENT=";" WC="1.00" CC="0"/>
					</TextLine>
					<TextLine ID="P3_TL00108" HPOS="1958" VPOS="2217" WIDTH="1508" HEIGHT="51">
						<String ID="P3_ST00771" HPOS="1958" VPOS="2218" WIDTH="254" HEIGHT="48" CONTENT="welchem" WC="1.00" CC="0115000"/>
						<SP ID="P3_SP00658" HPOS="2212" VPOS="2266" WIDTH="73"/>
						<String ID="P3_ST00772" HPOS="2285" VPOS="2217" WIDTH="207" HEIGHT="50" CONTENT="Endziel" WC="0.99" CC="4000007"/>
						<SP ID="P3_SP00659" HPOS="2492" VPOS="2267" WIDTH="74"/>
						<String ID="P3_ST00773" HPOS="2566" VPOS="2219" WIDTH="195" HEIGHT="49" CONTENT="zuliebe" WC="0.99" CC="0050060"/>
						<SP ID="P3_SP00660" HPOS="2761" VPOS="2268" WIDTH="45"/>
						<String ID="P3_ST00774" HPOS="2806" VPOS="2220" WIDTH="159" HEIGHT="48" CONTENT="sollen" WC="0.99" CC="005402"/>
						<SP ID="P3_SP00661" HPOS="2965" VPOS="2268" WIDTH="43"/>
						<String ID="P3_ST00775" HPOS="3008" VPOS="2222" WIDTH="95" HEIGHT="45" CONTENT="wir" WC="0.99" CC="010"/>
						<SP ID="P3_SP00662" HPOS="3103" VPOS="2268" WIDTH="45"/>
						<String ID="P3_ST00776" HPOS="3148" VPOS="2220" WIDTH="128" HEIGHT="48" CONTENT="nach" WC="0.98" CC="3050"/>
						<SP ID="P3_SP00663" HPOS="3276" VPOS="2268" WIDTH="44"/>
						<String ID="P3_ST00777" HPOS="3320" VPOS="2219" WIDTH="146" HEIGHT="49" CONTENT="ihnen" WC="0.99" CC="10006"/>
					</TextLine>
					<TextLine ID="P3_TL00109" HPOS="1958" VPOS="2301" WIDTH="1509" HEIGHT="60">
						<String ID="P3_ST00778" HPOS="1958" VPOS="2301" WIDTH="272" HEIGHT="50" CONTENT="trachten?" WC="0.99" CC="200260040"/>
						<SP ID="P3_SP00664" HPOS="2230" VPOS="2351" WIDTH="68"/>
						<String ID="P3_ST00779" HPOS="2298" VPOS="2342" WIDTH="25" HEIGHT="19" CONTENT="„" WC="0.60" CC="3"/>
						<SP ID="P3_SP00665" HPOS="2323" VPOS="2361" WIDTH="34"/>
						<String ID="P3_ST00780" HPOS="2357" VPOS="2302" WIDTH="129" HEIGHT="51" CONTENT="Was" WC="0.98" CC="060"/>
						<SP ID="P3_SP00666" HPOS="2486" VPOS="2361" WIDTH="37"/>
						<String ID="P3_ST00781" HPOS="2523" VPOS="2304" WIDTH="207" HEIGHT="48" CONTENT="frommt" WC="0.99" CC="606000"/>
						<SP ID="P3_SP00667" HPOS="2730" VPOS="2361" WIDTH="41"/>
						<String ID="P3_ST00782" HPOS="2771" VPOS="2306" WIDTH="90" HEIGHT="48" CONTENT="das" WC="0.98" CC="050"/>
						<SP ID="P3_SP00668" HPOS="2861" VPOS="2361" WIDTH="39"/>
						<String ID="P3_ST00783" HPOS="2900" VPOS="2305" WIDTH="123" HEIGHT="48" CONTENT="alles" WC="0.99" CC="00500"/>
						<SP ID="P3_SP00669" HPOS="3023" VPOS="2361" WIDTH="36"/>
						<String ID="P3_ST00784" HPOS="3059" VPOS="2319" WIDTH="92" HEIGHT="35" CONTENT="uns" WC="0.96" CC="630"/>
						<SP ID="P3_SP00670" HPOS="3151" VPOS="2361" WIDTH="37"/>
						<String ID="P3_ST00785" HPOS="3188" VPOS="2306" WIDTH="99" HEIGHT="46" CONTENT="und" WC="0.93" CC="980"/>
						<SP ID="P3_SP00671" HPOS="3287" VPOS="2361" WIDTH="40"/>
						<String ID="P3_ST00786" HPOS="3327" VPOS="2305" WIDTH="140" HEIGHT="47" CONTENT="diese" WC="1.00" CC="00000"/>
					</TextLine>
					<TextLine ID="P3_TL00110" HPOS="1959" VPOS="2385" WIDTH="242" HEIGHT="56">
						<String ID="P3_ST00787" HPOS="1959" VPOS="2385" WIDTH="210" HEIGHT="56" CONTENT="Spiele?" WC="1.00" CC="0020000"/>
						<String ID="P3_ST00788" HPOS="2175" VPOS="2388" WIDTH="26" HEIGHT="19" CONTENT="44" STYLE="superscript" WC="0.64" CC="24"/>
					</TextLine>
					<TextLine ID="P3_TL00111" HPOS="2089" VPOS="2471" WIDTH="1378" HEIGHT="60">
						<String ID="P3_ST00789" HPOS="2089" VPOS="2471" WIDTH="250" HEIGHT="49" CONTENT="Franz:" WC="0.99" CC="700030"/>
						<SP ID="P3_SP00672" HPOS="2339" VPOS="2520" WIDTH="62"/>
						<String ID="P3_ST00790" HPOS="2401" VPOS="2472" WIDTH="89" HEIGHT="49" CONTENT="Ein" WC="0.99" CC="210"/>
						<SP ID="P3_SP00673" HPOS="2490" VPOS="2521" WIDTH="43"/>
						<String ID="P3_ST00791" HPOS="2533" VPOS="2473" WIDTH="242" HEIGHT="58" CONTENT="Zustand," WC="0.99" CC="05303604"/>
						<SP ID="P3_SP00674" HPOS="2775" VPOS="2531" WIDTH="46"/>
						<String ID="P3_ST00792" HPOS="2821" VPOS="2474" WIDTH="87" HEIGHT="48" CONTENT="der" WC="0.98" CC="004"/>
						<SP ID="P3_SP00675" HPOS="2908" VPOS="2531" WIDTH="44"/>
						<String ID="P3_ST00793" HPOS="2952" VPOS="2473" WIDTH="338" HEIGHT="56" CONTENT="Neuerungen" WC="1.00" CC="0040001002"/>
						<SP ID="P3_SP00676" HPOS="3290" VPOS="2531" WIDTH="78"/>
						<String ID="P3_ST00794" HPOS="3368" VPOS="2474" WIDTH="99" HEIGHT="47" CONTENT="und" WC="0.97" CC="060"/>
					</TextLine>
					<TextLine ID="P3_TL00112" HPOS="1957" VPOS="2555" WIDTH="1510" HEIGHT="62">
						<String ID="P3_ST00795" HPOS="1957" VPOS="2555" WIDTH="276" HEIGHT="50" CONTENT="Umstürze" WC="0.99" CC="00400420"/>
						<SP ID="P3_SP00677" HPOS="2233" VPOS="2605" WIDTH="44"/>
						<String ID="P3_ST00796" HPOS="2277" VPOS="2557" WIDTH="304" HEIGHT="57" CONTENT="überflüssig" WC="0.99" CC="06707000049"/>
						<SP ID="P3_SP00678" HPOS="2581" VPOS="2614" WIDTH="42"/>
						<String ID="P3_ST00797" HPOS="2623" VPOS="2558" WIDTH="186" HEIGHT="59" CONTENT="macht," WC="1.00" CC="060000"/>
						<SP ID="P3_SP00679" HPOS="2809" VPOS="2617" WIDTH="39"/>
						<String ID="P3_ST00798" HPOS="2848" VPOS="2560" WIDTH="133" HEIGHT="46" CONTENT="wird" WC="0.99" CC="0210"/>
						<SP ID="P3_SP00680" HPOS="2981" VPOS="2617" WIDTH="44"/>
						<String ID="P3_ST00799" HPOS="3025" VPOS="2558" WIDTH="213" HEIGHT="50" CONTENT="niemals" WC="0.99" CC="4000034"/>
						<SP ID="P3_SP00681" HPOS="3238" VPOS="2617" WIDTH="46"/>
						<String ID="P3_ST00800" HPOS="3284" VPOS="2560" WIDTH="157" HEIGHT="46" CONTENT="eintre" SUBS_TYPE="HypPart1" SUBS_CONTENT="eintreten." WC="0.99" CC="006040"/>
						<HYP HPOS="3441" VPOS="2560" WIDTH="26" CONTENT="-"/>
					</TextLine>
					<TextLine ID="P3_TL00113" HPOS="1960" VPOS="2640" WIDTH="1507" HEIGHT="59">
						<String ID="P3_ST00801" HPOS="1960" VPOS="2644" WIDTH="99" HEIGHT="45" CONTENT="ten." SUBS_TYPE="HypPart2" SUBS_CONTENT="eintreten." WC="0.98" CC="0053"/>
						<SP ID="P3_SP00682" HPOS="2059" VPOS="2689" WIDTH="83"/>
						<String ID="P3_ST00802" HPOS="2142" VPOS="2640" WIDTH="189" HEIGHT="50" CONTENT="Sowas" WC="0.99" CC="06001"/>
						<SP ID="P3_SP00683" HPOS="2331" VPOS="2690" WIDTH="78"/>
						<String ID="P3_ST00803" HPOS="2409" VPOS="2644" WIDTH="64" HEIGHT="47" CONTENT="ist" WC="0.98" CC="400"/>
						<SP ID="P3_SP00684" HPOS="2473" VPOS="2691" WIDTH="83"/>
						<String ID="P3_ST00804" HPOS="2556" VPOS="2645" WIDTH="109" HEIGHT="46" CONTENT="eine" WC="0.97" CC="6060"/>
						<SP ID="P3_SP00685" HPOS="2665" VPOS="2691" WIDTH="51"/>
						<String ID="P3_ST00805" HPOS="2716" VPOS="2642" WIDTH="117" HEIGHT="49" CONTENT="Idee" WC="0.99" CC="5000"/>
						<SP ID="P3_SP00686" HPOS="2833" VPOS="2691" WIDTH="50"/>
						<String ID="P3_ST00806" HPOS="2883" VPOS="2656" WIDTH="103" HEIGHT="34" CONTENT="von" WC="0.96" CC="046"/>
						<SP ID="P3_SP00687" HPOS="2986" VPOS="2691" WIDTH="51"/>
						<String ID="P3_ST00807" HPOS="3037" VPOS="2642" WIDTH="430" HEIGHT="57" CONTENT="größtmöglicher" WC="1.00" CC="90000000442005"/>
					</TextLine>
					<TextLine ID="P3_TL00114" HPOS="1959" VPOS="2725" WIDTH="1508" HEIGHT="58">
						<String ID="P3_ST00808" HPOS="1959" VPOS="2725" WIDTH="266" HEIGHT="50" CONTENT="Irrealität." WC="0.99" CC="35403040002"/>
						<SP ID="P3_SP00688" HPOS="2225" VPOS="2775" WIDTH="75"/>
						<String ID="P3_ST00809" HPOS="2300" VPOS="2727" WIDTH="137" HEIGHT="49" CONTENT="Aber" WC="0.98" CC="0090"/>
						<SP ID="P3_SP00689" HPOS="2437" VPOS="2776" WIDTH="42"/>
						<String ID="P3_ST00810" HPOS="2479" VPOS="2727" WIDTH="78" HEIGHT="49" CONTENT="ich" WC="0.97" CC="060"/>
						<SP ID="P3_SP00690" HPOS="2557" VPOS="2776" WIDTH="45"/>
						<String ID="P3_ST00811" HPOS="2602" VPOS="2728" WIDTH="101" HEIGHT="48" CONTENT="will" WC="0.97" CC="0523"/>
						<SP ID="P3_SP00691" HPOS="2703" VPOS="2776" WIDTH="46"/>
						<String ID="P3_ST00812" HPOS="2749" VPOS="2730" WIDTH="73" HEIGHT="46" CONTENT="sie" WC="1.00" CC="000"/>
						<SP ID="P3_SP00692" HPOS="2822" VPOS="2776" WIDTH="75"/>
						<String ID="P3_ST00813" HPOS="2897" VPOS="2730" WIDTH="181" HEIGHT="47" CONTENT="einmal" WC="0.99" CC="046001"/>
						<SP ID="P3_SP00693" HPOS="3078" VPOS="2777" WIDTH="45"/>
						<String ID="P3_ST00814" HPOS="3123" VPOS="2727" WIDTH="344" HEIGHT="56" CONTENT="akzeptieren." WC="1.00" CC="000000303030"/>
					</TextLine>
					<TextLine ID="P3_TL00115" HPOS="1960" VPOS="2809" WIDTH="1506" HEIGHT="62">
						<String ID="P3_ST00815" HPOS="1960" VPOS="2809" WIDTH="116" HEIGHT="60" CONTENT="Gut," WC="0.97" CC="7403"/>
						<SP ID="P3_SP00694" HPOS="2076" VPOS="2869" WIDTH="49"/>
						<String ID="P3_ST00816" HPOS="2125" VPOS="2810" WIDTH="95" HEIGHT="49" CONTENT="alle" WC="0.97" CC="0660"/>
						<SP ID="P3_SP00695" HPOS="2220" VPOS="2869" WIDTH="46"/>
						<String ID="P3_ST00817" HPOS="2266" VPOS="2809" WIDTH="224" HEIGHT="51" CONTENT="Zwecke" WC="1.00" CC="000000"/>
						<SP ID="P3_SP00696" HPOS="2490" VPOS="2869" WIDTH="50"/>
						<String ID="P3_ST00818" HPOS="2540" VPOS="2813" WIDTH="88" HEIGHT="47" CONTENT="der" WC="0.99" CC="001"/>
						<SP ID="P3_SP00697" HPOS="2628" VPOS="2869" WIDTH="44"/>
						<String ID="P3_ST00819" HPOS="2672" VPOS="2810" WIDTH="315" HEIGHT="51" CONTENT="Zivilisation" WC="0.99" CC="010471050452"/>
						<SP ID="P3_SP00698" HPOS="2987" VPOS="2869" WIDTH="47"/>
						<String ID="P3_ST00820" HPOS="3034" VPOS="2815" WIDTH="139" HEIGHT="45" CONTENT="seien" WC="1.00" CC="00200"/>
						<SP ID="P3_SP00699" HPOS="3173" VPOS="2869" WIDTH="49"/>
						<String ID="P3_ST00821" HPOS="3222" VPOS="2811" WIDTH="244" HEIGHT="60" CONTENT="erreicht;" WC="0.99" CC="050005400"/>
					</TextLine>
					<TextLine ID="P3_TL00116" HPOS="1960" VPOS="2895" WIDTH="1507" HEIGHT="60">
						<String ID="P3_ST00822" HPOS="1960" VPOS="2908" WIDTH="115" HEIGHT="37" CONTENT="was" WC="0.98" CC="012"/>
						<SP ID="P3_SP00700" HPOS="2075" VPOS="2945" WIDTH="39"/>
						<String ID="P3_ST00823" HPOS="2114" VPOS="2897" WIDTH="65" HEIGHT="47" CONTENT="ist" WC="0.97" CC="240"/>
						<SP ID="P3_SP00701" HPOS="2179" VPOS="2945" WIDTH="40"/>
						<String ID="P3_ST00824" HPOS="2219" VPOS="2896" WIDTH="131" HEIGHT="47" CONTENT="dann" WC="0.97" CC="0085"/>
						<SP ID="P3_SP00702" HPOS="2350" VPOS="2945" WIDTH="40"/>
						<String ID="P3_ST00825" HPOS="2390" VPOS="2910" WIDTH="62" HEIGHT="34" CONTENT="zu" WC="0.86" CC="02"/>
						<SP ID="P3_SP00703" HPOS="2452" VPOS="2945" WIDTH="40"/>
						<String ID="P3_ST00826" HPOS="2492" VPOS="2895" WIDTH="306" HEIGHT="50" CONTENT="erstreben?" WC="0.99" CC="0130406020"/>
						<SP ID="P3_SP00704" HPOS="2798" VPOS="2945" WIDTH="37"/>
						<String ID="P3_ST00827" HPOS="2835" VPOS="2928" WIDTH="63" HEIGHT="5" CONTENT="—" WC="0.20" CC="8"/>
						<SP ID="P3_SP00705" HPOS="2898" VPOS="2945" WIDTH="39"/>
						<String ID="P3_ST00828" HPOS="2937" VPOS="2896" WIDTH="135" HEIGHT="59" CONTENT="Hier," WC="0.99" CC="70001"/>
						<SP ID="P3_SP00706" HPOS="3072" VPOS="2955" WIDTH="43"/>
						<String ID="P3_ST00829" HPOS="3115" VPOS="2896" WIDTH="181" HEIGHT="58" CONTENT="Guido," WC="0.98" CC="762040"/>
						<SP ID="P3_SP00707" HPOS="3296" VPOS="2955" WIDTH="39"/>
						<String ID="P3_ST00830" HPOS="3335" VPOS="2896" WIDTH="132" HEIGHT="48" CONTENT="kann" WC="0.98" CC="0035"/>
					</TextLine>
					<TextLine ID="P3_TL00117" HPOS="1960" VPOS="2979" WIDTH="1507" HEIGHT="60">
						<String ID="P3_ST00831" HPOS="1960" VPOS="2979" WIDTH="165" HEIGHT="49" CONTENT="nichts" WC="0.99" CC="003600"/>
						<SP ID="P3_SP00708" HPOS="2125" VPOS="3028" WIDTH="39"/>
						<String ID="P3_ST00832" HPOS="2164" VPOS="2981" WIDTH="74" HEIGHT="47" CONTENT="als" WC="0.98" CC="012"/>
						<SP ID="P3_SP00709" HPOS="2238" VPOS="3028" WIDTH="38"/>
						<String ID="P3_ST00833" HPOS="2276" VPOS="2982" WIDTH="133" HEIGHT="47" CONTENT="mein" WC="0.98" CC="0045"/>
						<SP ID="P3_SP00710" HPOS="2409" VPOS="3029" WIDTH="34"/>
						<String ID="P3_ST00834" HPOS="2443" VPOS="2980" WIDTH="398" HEIGHT="57" CONTENT="Temperament" WC="1.00" CC="02901040000"/>
						<SP ID="P3_SP00711" HPOS="2841" VPOS="3037" WIDTH="38"/>
						<String ID="P3_ST00835" HPOS="2879" VPOS="2981" WIDTH="264" HEIGHT="56" CONTENT="sprechen." WC="0.99" CC="004060003"/>
						<SP ID="P3_SP00712" HPOS="3143" VPOS="3037" WIDTH="70"/>
						<String ID="P3_ST00836" HPOS="3213" VPOS="2981" WIDTH="127" HEIGHT="58" CONTENT="Nun," WC="0.98" CC="0430"/>
						<SP ID="P3_SP00713" HPOS="3340" VPOS="3039" WIDTH="39"/>
						<String ID="P3_ST00837" HPOS="3379" VPOS="2981" WIDTH="88" HEIGHT="48" CONTENT="der" WC="1.00" CC="000"/>
					</TextLine>
					<TextLine ID="P3_TL00118" HPOS="1958" VPOS="3063" WIDTH="1507" HEIGHT="63">
						<String ID="P3_ST00838" HPOS="1958" VPOS="3063" WIDTH="157" HEIGHT="57" CONTENT="große" WC="1.00" CC="00010"/>
						<SP ID="P3_SP00714" HPOS="2115" VPOS="3120" WIDTH="44"/>
						<String ID="P3_ST00839" HPOS="2159" VPOS="3065" WIDTH="300" HEIGHT="55" CONTENT="giganteske" WC="0.80" CC="9300500000"/>
						<SP ID="P3_SP00715" HPOS="2459" VPOS="3120" WIDTH="49"/>
						<String ID="P3_ST00840" HPOS="2508" VPOS="3065" WIDTH="371" HEIGHT="49" CONTENT="Genußtaumel" WC="0.99" CC="70470004014"/>
						<SP ID="P3_SP00716" HPOS="2879" VPOS="3120" WIDTH="79"/>
						<String ID="P3_ST00841" HPOS="2958" VPOS="3069" WIDTH="64" HEIGHT="46" CONTENT="ist" WC="0.99" CC="300"/>
						<SP ID="P3_SP00717" HPOS="3022" VPOS="3120" WIDTH="46"/>
						<String ID="P3_ST00842" HPOS="3068" VPOS="3081" WIDTH="61" HEIGHT="33" CONTENT="zu" WC="0.96" CC="00"/>
						<SP ID="P3_SP00718" HPOS="3129" VPOS="3120" WIDTH="45"/>
						<String ID="P3_ST00843" HPOS="3174" VPOS="3066" WIDTH="291" HEIGHT="60" CONTENT="erstreben;" WC="1.00" CC="0000200130"/>
					</TextLine>
					<TextLine ID="P3_TL00119" HPOS="1960" VPOS="3149" WIDTH="1507" HEIGHT="55">
						<String ID="P3_ST00844" HPOS="1960" VPOS="3149" WIDTH="185" HEIGHT="55" CONTENT="golden" WC="0.99" CC="016006"/>
						<SP ID="P3_SP00719" HPOS="2145" VPOS="3204" WIDTH="72"/>
						<String ID="P3_ST00845" HPOS="2217" VPOS="3150" WIDTH="276" HEIGHT="48" CONTENT="loderndes" WC="0.99" CC="860105004"/>
						<SP ID="P3_SP00720" HPOS="2493" VPOS="3204" WIDTH="74"/>
						<String ID="P3_ST00846" HPOS="2567" VPOS="3149" WIDTH="370" HEIGHT="49" CONTENT="Tohuwabohu" WC="0.99" CC="0104063316"/>
						<SP ID="P3_SP00721" HPOS="2937" VPOS="3204" WIDTH="76"/>
						<String ID="P3_ST00847" HPOS="3013" VPOS="3152" WIDTH="90" HEIGHT="47" CONTENT="der" WC="0.99" CC="003"/>
						<SP ID="P3_SP00722" HPOS="3103" VPOS="3204" WIDTH="40"/>
						<String ID="P3_ST00848" HPOS="3143" VPOS="3150" WIDTH="183" HEIGHT="49" CONTENT="Leiber" WC="0.98" CC="003614"/>
						<SP ID="P3_SP00723" HPOS="3326" VPOS="3204" WIDTH="42"/>
						<String ID="P3_ST00849" HPOS="3368" VPOS="3151" WIDTH="99" HEIGHT="47" CONTENT="und" WC="0.99" CC="020"/>
					</TextLine>
					<TextLine ID="P3_TL00120" HPOS="1962" VPOS="3232" WIDTH="1505" HEIGHT="60">
						<String ID="P3_ST00850" HPOS="1962" VPOS="3232" WIDTH="218" HEIGHT="50" CONTENT="Geister." WC="0.99" CC="70207004"/>
						<SP ID="P3_SP00724" HPOS="2180" VPOS="3282" WIDTH="78"/>
						<String ID="P3_ST00851" HPOS="2258" VPOS="3232" WIDTH="279" HEIGHT="52" CONTENT="Namenlos" WC="0.99" CC="06005020"/>
						<SP ID="P3_SP00725" HPOS="2537" VPOS="3284" WIDTH="50"/>
						<String ID="P3_ST00852" HPOS="2587" VPOS="3235" WIDTH="267" HEIGHT="56" CONTENT="lebendige" WC="1.00" CC="000010100"/>
						<SP ID="P3_SP00726" HPOS="2854" VPOS="3291" WIDTH="48"/>
						<String ID="P3_ST00853" HPOS="2902" VPOS="3235" WIDTH="396" HEIGHT="57" CONTENT="Landschaften," WC="1.00" CC="0700020000063"/>
						<SP ID="P3_SP00727" HPOS="3298" VPOS="3292" WIDTH="81"/>
						<String ID="P3_ST00854" HPOS="3379" VPOS="3248" WIDTH="59" HEIGHT="43" CONTENT="ge" SUBS_TYPE="HypPart1" SUBS_CONTENT="gewebt" WC="0.98" CC="00"/>
						<HYP HPOS="3438" VPOS="3248" WIDTH="29" CONTENT="-"/>
					</TextLine>
					<TextLine ID="P3_TL00121" HPOS="1960" VPOS="3318" WIDTH="1507" HEIGHT="55">
						<String ID="P3_ST00855" HPOS="1960" VPOS="3318" WIDTH="143" HEIGHT="48" CONTENT="webt" SUBS_TYPE="HypPart2" SUBS_CONTENT="gewebt" WC="0.99" CC="0060"/>
						<SP ID="P3_SP00728" HPOS="2103" VPOS="3366" WIDTH="49"/>
						<String ID="P3_ST00856" HPOS="2152" VPOS="3332" WIDTH="90" HEIGHT="35" CONTENT="aus" WC="0.97" CC="033"/>
						<SP ID="P3_SP00729" HPOS="2242" VPOS="3367" WIDTH="49"/>
						<String ID="P3_ST00857" HPOS="2291" VPOS="3319" WIDTH="127" HEIGHT="48" CONTENT="allen" WC="0.98" CC="05006"/>
						<SP ID="P3_SP00730" HPOS="2418" VPOS="3367" WIDTH="52"/>
						<String ID="P3_ST00858" HPOS="2470" VPOS="3318" WIDTH="262" HEIGHT="50" CONTENT="Brokaten" WC="0.99" CC="11506010"/>
						<SP ID="P3_SP00731" HPOS="2732" VPOS="3368" WIDTH="51"/>
						<String ID="P3_ST00859" HPOS="2783" VPOS="3320" WIDTH="122" HEIGHT="48" CONTENT="aller" WC="0.98" CC="51403"/>
						<SP ID="P3_SP00732" HPOS="2905" VPOS="3368" WIDTH="47"/>
						<String ID="P3_ST00860" HPOS="2952" VPOS="3319" WIDTH="162" HEIGHT="54" CONTENT="Kunst" WC="0.98" CC="05700"/>
						<SP ID="P3_SP00733" HPOS="3114" VPOS="3373" WIDTH="50"/>
						<String ID="P3_ST00861" HPOS="3164" VPOS="3358" WIDTH="10" HEIGHT="10" CONTENT="." WC="0.57" CC="4"/>
						<SP ID="P3_SP00734" HPOS="3174" VPOS="3373" WIDTH="53"/>
						<String ID="P3_ST00862" HPOS="3227" VPOS="3360" WIDTH="8" HEIGHT="8" CONTENT="." WC="0.58" CC="4"/>
						<SP ID="P3_SP00735" HPOS="3235" VPOS="3373" WIDTH="52"/>
						<String ID="P3_ST00863" HPOS="3287" VPOS="3359" WIDTH="9" HEIGHT="9" CONTENT="." WC="0.65" CC="3"/>
						<SP ID="P3_SP00736" HPOS="3296" VPOS="3373" WIDTH="50"/>
						<String ID="P3_ST00864" HPOS="3346" VPOS="3318" WIDTH="91" HEIGHT="50" CONTENT="Dio" SUBS_TYPE="HypPart1" SUBS_CONTENT="Dionysische" WC="0.95" CC="935"/>
						<HYP HPOS="3437" VPOS="3318" WIDTH="30" CONTENT="-"/>
					</TextLine>
					<TextLine ID="P3_TL00122" HPOS="1960" VPOS="3401" WIDTH="1508" HEIGHT="60">
						<String ID="P3_ST00865" HPOS="1960" VPOS="3402" WIDTH="242" HEIGHT="54" CONTENT="nysische" SUBS_TYPE="HypPart2" SUBS_CONTENT="Dionysische" WC="0.99" CC="40054350"/>
						<SP ID="P3_SP00737" HPOS="2202" VPOS="3456" WIDTH="37"/>
						<String ID="P3_ST00866" HPOS="2239" VPOS="3401" WIDTH="143" HEIGHT="58" CONTENT="Tage" WC="0.97" CC="0390"/>
						<SP ID="P3_SP00738" HPOS="2382" VPOS="3459" WIDTH="38"/>
						<String ID="P3_ST00867" HPOS="2420" VPOS="3405" WIDTH="98" HEIGHT="46" CONTENT="und" WC="0.97" CC="060"/>
						<SP ID="P3_SP00739" HPOS="2518" VPOS="3459" WIDTH="37"/>
						<String ID="P3_ST00868" HPOS="2555" VPOS="3402" WIDTH="195" HEIGHT="50" CONTENT="Nächte" WC="1.00" CC="000000"/>
						<SP ID="P3_SP00740" HPOS="2750" VPOS="3459" WIDTH="43"/>
						<String ID="P3_ST00869" HPOS="2793" VPOS="3406" WIDTH="111" HEIGHT="46" CONTENT="sind" WC="0.98" CC="7020"/>
						<SP ID="P3_SP00741" HPOS="2904" VPOS="3459" WIDTH="39"/>
						<String ID="P3_ST00870" HPOS="2943" VPOS="3418" WIDTH="62" HEIGHT="34" CONTENT="zu" WC="1.00" CC="00"/>
						<SP ID="P3_SP00742" HPOS="3005" VPOS="3459" WIDTH="43"/>
						<String ID="P3_ST00871" HPOS="3048" VPOS="3406" WIDTH="279" HEIGHT="55" CONTENT="erstreben," WC="1.00" CC="0040000003"/>
						<SP ID="P3_SP00743" HPOS="3327" VPOS="3461" WIDTH="41"/>
						<String ID="P3_ST00872" HPOS="3368" VPOS="3405" WIDTH="100" HEIGHT="46" CONTENT="und" WC="0.96" CC="450"/>
					</TextLine>
					<TextLine ID="P3_TL00123" HPOS="1960" VPOS="3485" WIDTH="1508" HEIGHT="58">
						<String ID="P3_ST00873" HPOS="1960" VPOS="3485" WIDTH="248" HEIGHT="48" CONTENT="während" WC="0.99" CC="0303070"/>
						<SP ID="P3_SP00744" HPOS="2208" VPOS="3533" WIDTH="37"/>
						<String ID="P3_ST00874" HPOS="2245" VPOS="3488" WIDTH="85" HEIGHT="47" CONTENT="der" WC="0.98" CC="006"/>
						<SP ID="P3_SP00745" HPOS="2330" VPOS="3535" WIDTH="34"/>
						<String ID="P3_ST00875" HPOS="2364" VPOS="3486" WIDTH="284" HEIGHT="50" CONTENT="Tristitien:" WC="0.80" CC="00208000360"/>
						<SP ID="P3_SP00746" HPOS="2648" VPOS="3536" WIDTH="49"/>
						<String ID="P3_ST00876" HPOS="2697" VPOS="3489" WIDTH="244" HEIGHT="54" CONTENT="Apollohs" WC="0.59" CC="00570692"/>
						<SP ID="P3_SP00747" HPOS="2941" VPOS="3543" WIDTH="35"/>
						<String ID="P3_ST00877" HPOS="2976" VPOS="3489" WIDTH="165" HEIGHT="47" CONTENT="sanfte" WC="0.98" CC="667000"/>
						<SP ID="P3_SP00748" HPOS="3141" VPOS="3543" WIDTH="35"/>
						<String ID="P3_ST00878" HPOS="3176" VPOS="3489" WIDTH="124" HEIGHT="48" CONTENT="oder" WC="0.98" CC="6004"/>
						<SP ID="P3_SP00749" HPOS="3300" VPOS="3543" WIDTH="39"/>
						<String ID="P3_ST00879" HPOS="3339" VPOS="3488" WIDTH="129" HEIGHT="47" CONTENT="doch" WC="0.96" CC="0747"/>
					</TextLine>
					<TextLine ID="P3_TL00124" HPOS="1959" VPOS="3570" WIDTH="1508" HEIGHT="57">
						<String ID="P3_ST00880" HPOS="1959" VPOS="3570" WIDTH="93" HEIGHT="49" CONTENT="leis" WC="0.94" CC="0002"/>
						<SP ID="P3_SP00750" HPOS="2052" VPOS="3619" WIDTH="46"/>
						<String ID="P3_ST00881" HPOS="2098" VPOS="3584" WIDTH="93" HEIGHT="33" CONTENT="nur" WC="0.94" CC="671"/>
						<SP ID="P3_SP00751" HPOS="2191" VPOS="3619" WIDTH="49"/>
						<String ID="P3_ST00882" HPOS="2240" VPOS="3571" WIDTH="297" HEIGHT="49" CONTENT="stachelnde" WC="1.00" CC="0060005000"/>
						<SP ID="P3_SP00752" HPOS="2537" VPOS="3620" WIDTH="49"/>
						<String ID="P3_ST00883" HPOS="2586" VPOS="3570" WIDTH="360" HEIGHT="57" CONTENT="Ergötzungen" WC="1.00" CC="50000040005"/>
						<SP ID="P3_SP00753" HPOS="2946" VPOS="3627" WIDTH="51"/>
						<String ID="P3_ST00884" HPOS="2997" VPOS="3611" WIDTH="127" HEIGHT="10" CONTENT="..." WC="0.95" CC="344"/>
						<SP ID="P3_SP00754" HPOS="3124" VPOS="3627" WIDTH="82"/>
						<String ID="P3_ST00885" HPOS="3206" VPOS="3572" WIDTH="51" HEIGHT="48" CONTENT="In" WC="0.67" CC="33"/>
						<SP ID="P3_SP00755" HPOS="3257" VPOS="3627" WIDTH="50"/>
						<String ID="P3_ST00886" HPOS="3307" VPOS="3572" WIDTH="160" HEIGHT="48" CONTENT="fahler" WC="0.98" CC="055040"/>
					</TextLine>
					<TextLine ID="P3_TL00125" HPOS="1959" VPOS="3651" WIDTH="1374" HEIGHT="59">
						<String ID="P3_ST00887" HPOS="1959" VPOS="3651" WIDTH="226" HEIGHT="51" CONTENT="Formel:" WC="0.99" CC="6000004"/>
						<SP ID="P3_SP00756" HPOS="2185" VPOS="3702" WIDTH="62"/>
						<String ID="P3_ST00888" HPOS="2247" VPOS="3654" WIDTH="120" HEIGHT="49" CONTENT="Sinn" WC="0.98" CC="0405"/>
						<SP ID="P3_SP00757" HPOS="2367" VPOS="3703" WIDTH="45"/>
						<String ID="P3_ST00889" HPOS="2412" VPOS="3656" WIDTH="88" HEIGHT="49" CONTENT="der" WC="0.99" CC="002"/>
						<SP ID="P3_SP00758" HPOS="2500" VPOS="3705" WIDTH="39"/>
						<String ID="P3_ST00890" HPOS="2539" VPOS="3654" WIDTH="316" HEIGHT="51" CONTENT="Zivilisation" WC="1.00" CC="030202000302"/>
						<SP ID="P3_SP00759" HPOS="2855" VPOS="3705" WIDTH="42"/>
						<String ID="P3_ST00891" HPOS="2897" VPOS="3658" WIDTH="66" HEIGHT="47" CONTENT="ist" WC="0.98" CC="600"/>
						<SP ID="P3_SP00760" HPOS="2963" VPOS="3705" WIDTH="43"/>
						<String ID="P3_ST00892" HPOS="3006" VPOS="3657" WIDTH="79" HEIGHT="48" CONTENT="die" WC="1.00" CC="000"/>
						<SP ID="P3_SP00761" HPOS="3085" VPOS="3705" WIDTH="45"/>
						<String ID="P3_ST00893" HPOS="3130" VPOS="3655" WIDTH="203" HEIGHT="55" CONTENT="Kultur!" WC="0.99" CC="0030045"/>
					</TextLine>
					<TextLine ID="P3_TL00126" HPOS="2087" VPOS="3738" WIDTH="1380" HEIGHT="52">
						<String ID="P3_ST00894" HPOS="2087" VPOS="3738" WIDTH="190" HEIGHT="49" CONTENT="Guido:" WC="0.98" CC="772004"/>
						<SP ID="P3_SP00762" HPOS="2277" VPOS="3787" WIDTH="81"/>
						<String ID="P3_ST00895" HPOS="2358" VPOS="3738" WIDTH="78" HEIGHT="49" CONTENT="Du" WC="0.89" CC="20"/>
						<SP ID="P3_SP00763" HPOS="2436" VPOS="3787" WIDTH="48"/>
						<String ID="P3_ST00896" HPOS="2484" VPOS="3738" WIDTH="348" HEIGHT="50" CONTENT="Glücklicher!" WC="1.00" CC="700300000004"/>
						<SP ID="P3_SP00764" HPOS="2832" VPOS="3788" WIDTH="81"/>
						<String ID="P3_ST00897" HPOS="2913" VPOS="3740" WIDTH="110" HEIGHT="48" CONTENT="Von" WC="0.96" CC="047"/>
						<SP ID="P3_SP00765" HPOS="3023" VPOS="3788" WIDTH="47"/>
						<String ID="P3_ST00898" HPOS="3070" VPOS="3755" WIDTH="116" HEIGHT="35" CONTENT="was" WC="0.98" CC="032"/>
						<SP ID="P3_SP00766" HPOS="3186" VPOS="3790" WIDTH="46"/>
						<String ID="P3_ST00899" HPOS="3232" VPOS="3741" WIDTH="77" HEIGHT="49" CONTENT="für" WC="0.95" CC="605"/>
						<SP ID="P3_SP00767" HPOS="3309" VPOS="3790" WIDTH="45"/>
						<String ID="P3_ST00900" HPOS="3354" VPOS="3739" WIDTH="85" HEIGHT="49" CONTENT="Ein" SUBS_TYPE="HypPart1" SUBS_CONTENT="Einbildungen" WC="0.98" CC="500"/>
						<HYP HPOS="3439" VPOS="3739" WIDTH="28" CONTENT="-"/>
					</TextLine>
					<TextLine ID="P3_TL00127" HPOS="1959" VPOS="3823" WIDTH="1508" HEIGHT="58">
						<String ID="P3_ST00901" HPOS="1959" VPOS="3823" WIDTH="273" HEIGHT="56" CONTENT="bildungen" SUBS_TYPE="HypPart2" SUBS_CONTENT="Einbildungen" WC="0.99" CC="045025000"/>
						<SP ID="P3_SP00768" HPOS="2232" VPOS="3879" WIDTH="36"/>
						<String ID="P3_ST00902" HPOS="2268" VPOS="3826" WIDTH="62" HEIGHT="45" CONTENT="du" WC="1.00" CC="00"/>
						<SP ID="P3_SP00769" HPOS="2330" VPOS="3879" WIDTH="31"/>
						<String ID="P3_ST00903" HPOS="2361" VPOS="3825" WIDTH="157" HEIGHT="48" CONTENT="lebst!" WC="1.00" CC="004000"/>
						<SP ID="P3_SP00770" HPOS="2518" VPOS="3879" WIDTH="70"/>
						<String ID="P3_ST00904" HPOS="2588" VPOS="3825" WIDTH="82" HEIGHT="47" CONTENT="Ich" WC="0.96" CC="414"/>
						<SP ID="P3_SP00771" HPOS="2670" VPOS="3879" WIDTH="32"/>
						<String ID="P3_ST00905" HPOS="2702" VPOS="3856" WIDTH="62" HEIGHT="6" CONTENT="—" WC="0.20" CC="8"/>
						<SP ID="P3_SP00772" HPOS="2764" VPOS="3879" WIDTH="30"/>
						<String ID="P3_ST00906" HPOS="2794" VPOS="3827" WIDTH="77" HEIGHT="48" CONTENT="ich" WC="0.96" CC="503"/>
						<SP ID="P3_SP00773" HPOS="2871" VPOS="3879" WIDTH="34"/>
						<String ID="P3_ST00907" HPOS="2905" VPOS="3826" WIDTH="226" HEIGHT="55" CONTENT="begreife" WC="0.99" CC="60008153"/>
						<SP ID="P3_SP00774" HPOS="3131" VPOS="3881" WIDTH="37"/>
						<String ID="P3_ST00908" HPOS="3168" VPOS="3826" WIDTH="130" HEIGHT="48" CONTENT="auch" WC="0.97" CC="4540"/>
						<SP ID="P3_SP00775" HPOS="3298" VPOS="3881" WIDTH="35"/>
						<String ID="P3_ST00909" HPOS="3333" VPOS="3826" WIDTH="134" HEIGHT="49" CONTENT="nicht" WC="1.00" CC="00102"/>
					</TextLine>
					<TextLine ID="P3_TL00128" HPOS="1959" VPOS="3907" WIDTH="1508" HEIGHT="61">
						<String ID="P3_ST00910" HPOS="1959" VPOS="3907" WIDTH="158" HEIGHT="58" CONTENT="mehr," WC="1.00" CC="00000"/>
						<SP ID="P3_SP00776" HPOS="2117" VPOS="3965" WIDTH="36"/>
						<String ID="P3_ST00911" HPOS="2153" VPOS="3920" WIDTH="114" HEIGHT="36" CONTENT="was" WC="1.00" CC="000"/>
						<SP ID="P3_SP00777" HPOS="2267" VPOS="3965" WIDTH="35"/>
						<String ID="P3_ST00912" HPOS="2302" VPOS="3909" WIDTH="159" HEIGHT="48" CONTENT="schön" WC="0.98" CC="10706"/>
						<SP ID="P3_SP00778" HPOS="2461" VPOS="3965" WIDTH="39"/>
						<String ID="P3_ST00913" HPOS="2500" VPOS="3911" WIDTH="154" HEIGHT="47" CONTENT="daran" WC="0.98" CC="00506"/>
						<SP ID="P3_SP00779" HPOS="2654" VPOS="3965" WIDTH="40"/>
						<String ID="P3_ST00914" HPOS="2694" VPOS="3913" WIDTH="88" HEIGHT="55" CONTENT="sei," WC="0.97" CC="9010"/>
						<SP ID="P3_SP00780" HPOS="2782" VPOS="3968" WIDTH="39"/>
						<String ID="P3_ST00915" HPOS="2821" VPOS="3909" WIDTH="105" HEIGHT="50" CONTENT="sich" WC="0.98" CC="0340"/>
						<SP ID="P3_SP00781" HPOS="2926" VPOS="3968" WIDTH="40"/>
						<String ID="P3_ST00916" HPOS="2966" VPOS="3925" WIDTH="62" HEIGHT="34" CONTENT="an" WC="0.64" CC="42"/>
						<SP ID="P3_SP00782" HPOS="3028" VPOS="3968" WIDTH="41"/>
						<String ID="P3_ST00917" HPOS="3069" VPOS="3913" WIDTH="162" HEIGHT="45" CONTENT="einem" WC="0.99" CC="14000"/>
						<SP ID="P3_SP00783" HPOS="3231" VPOS="3968" WIDTH="40"/>
						<String ID="P3_ST00918" HPOS="3271" VPOS="3910" WIDTH="196" HEIGHT="56" CONTENT="Körper" WC="1.00" CC="000000"/>
					</TextLine>
					<TextLine ID="P3_TL00129" HPOS="1958" VPOS="3992" WIDTH="1509" HEIGHT="60">
						<String ID="P3_ST00919" HPOS="1958" VPOS="4005" WIDTH="63" HEIGHT="34" CONTENT="zu" WC="0.77" CC="04"/>
						<SP ID="P3_SP00784" HPOS="2021" VPOS="4039" WIDTH="48"/>
						<String ID="P3_ST00920" HPOS="2069" VPOS="3992" WIDTH="250" HEIGHT="60" CONTENT="entladen," WC="0.99" CC="040430062"/>
						<SP ID="P3_SP00785" HPOS="2319" VPOS="4052" WIDTH="49"/>
						<String ID="P3_ST00921" HPOS="2368" VPOS="3995" WIDTH="125" HEIGHT="47" CONTENT="oder" WC="0.98" CC="3060"/>
						<SP ID="P3_SP00786" HPOS="2493" VPOS="4052" WIDTH="47"/>
						<String ID="P3_ST00922" HPOS="2540" VPOS="3994" WIDTH="425" HEIGHT="57" CONTENT="begehrenswert" WC="1.00" CC="0000300000000"/>
						<SP ID="P3_SP00787" HPOS="2965" VPOS="4052" WIDTH="53"/>
						<String ID="P3_ST00923" HPOS="3018" VPOS="3997" WIDTH="172" HEIGHT="55" CONTENT="daran," WC="0.99" CC="005600"/>
						<SP ID="P3_SP00788" HPOS="3190" VPOS="4052" WIDTH="50"/>
						<String ID="P3_ST00924" HPOS="3240" VPOS="3997" WIDTH="79" HEIGHT="46" CONTENT="ein" WC="0.99" CC="010"/>
						<SP ID="P3_SP00789" HPOS="3319" VPOS="4052" WIDTH="49"/>
						<String ID="P3_ST00925" HPOS="3368" VPOS="3994" WIDTH="66" HEIGHT="49" CONTENT="Ge" SUBS_TYPE="HypPart1" SUBS_CONTENT="Gedicht" WC="0.96" CC="60"/>
						<HYP HPOS="3434" VPOS="3994" WIDTH="33" CONTENT="-"/>
					</TextLine>
					<TextLine ID="P3_TL00130" HPOS="1960" VPOS="4075" WIDTH="1507" HEIGHT="60">
						<String ID="P3_ST00926" HPOS="1960" VPOS="4075" WIDTH="135" HEIGHT="50" CONTENT="dicht" SUBS_TYPE="HypPart2" SUBS_CONTENT="Gedicht" WC="0.99" CC="00601"/>
						<SP ID="P3_SP00790" HPOS="2095" VPOS="4125" WIDTH="45"/>
						<String ID="P3_ST00927" HPOS="2140" VPOS="4091" WIDTH="61" HEIGHT="33" CONTENT="zu" WC="0.67" CC="06"/>
						<SP ID="P3_SP00791" HPOS="2201" VPOS="4125" WIDTH="45"/>
						<String ID="P3_ST00928" HPOS="2246" VPOS="4078" WIDTH="150" HEIGHT="48" CONTENT="baun." WC="0.69" CC="70403"/>
						<SP ID="P3_SP00792" HPOS="2396" VPOS="4126" WIDTH="75"/>
						<String ID="P3_ST00929" HPOS="2471" VPOS="4076" WIDTH="94" HEIGHT="51" CONTENT="Die" WC="1.00" CC="000"/>
						<SP ID="P3_SP00793" HPOS="2565" VPOS="4127" WIDTH="45"/>
						<String ID="P3_ST00930" HPOS="2610" VPOS="4078" WIDTH="162" HEIGHT="54" CONTENT="Kunst" WC="0.98" CC="00640"/>
						<SP ID="P3_SP00794" HPOS="2772" VPOS="4132" WIDTH="46"/>
						<String ID="P3_ST00931" HPOS="2818" VPOS="4079" WIDTH="197" HEIGHT="49" CONTENT="scheint" WC="0.99" CC="0360400"/>
						<SP ID="P3_SP00795" HPOS="3015" VPOS="4132" WIDTH="44"/>
						<String ID="P3_ST00932" HPOS="3059" VPOS="4082" WIDTH="94" HEIGHT="46" CONTENT="mir" WC="0.98" CC="040"/>
						<SP ID="P3_SP00796" HPOS="3153" VPOS="4132" WIDTH="76"/>
						<String ID="P3_ST00933" HPOS="3229" VPOS="4078" WIDTH="238" HEIGHT="57" CONTENT="Humbug" WC="0.99" CC="700040"/>
					</TextLine>
					<TextLine ID="P3_TL00131" HPOS="1958" VPOS="4159" WIDTH="1508" HEIGHT="59">
						<String ID="P3_ST00934" HPOS="1958" VPOS="4162" WIDTH="101" HEIGHT="48" CONTENT="wie" WC="0.97" CC="070"/>
						<SP ID="P3_SP00797" HPOS="2059" VPOS="4210" WIDTH="44"/>
						<String ID="P3_ST00935" HPOS="2103" VPOS="4162" WIDTH="94" HEIGHT="48" CONTENT="alle" WC="1.00" CC="0000"/>
						<SP ID="P3_SP00798" HPOS="2197" VPOS="4210" WIDTH="44"/>
						<String ID="P3_ST00936" HPOS="2241" VPOS="4159" WIDTH="419" HEIGHT="59" CONTENT="Beweglichkeit." WC="1.00" CC="00000254600002"/>
						<SP ID="P3_SP00799" HPOS="2660" VPOS="4218" WIDTH="75"/>
						<String ID="P3_ST00937" HPOS="2735" VPOS="4162" WIDTH="127" HEIGHT="50" CONTENT="Was" WC="0.99" CC="020"/>
						<SP ID="P3_SP00800" HPOS="2862" VPOS="4218" WIDTH="42"/>
						<String ID="P3_ST00938" HPOS="2904" VPOS="4163" WIDTH="85" HEIGHT="50" CONTENT="hat" WC="0.98" CC="060"/>
						<SP ID="P3_SP00801" HPOS="2989" VPOS="4218" WIDTH="47"/>
						<String ID="P3_ST00939" HPOS="3036" VPOS="4166" WIDTH="89" HEIGHT="47" CONTENT="der" WC="0.98" CC="004"/>
						<SP ID="P3_SP00802" HPOS="3125" VPOS="4218" WIDTH="43"/>
						<String ID="P3_ST00940" HPOS="3168" VPOS="4162" WIDTH="164" HEIGHT="51" CONTENT="Maler" WC="0.99" CC="00600"/>
						<SP ID="P3_SP00803" HPOS="3332" VPOS="4218" WIDTH="48"/>
						<String ID="P3_ST00941" HPOS="3380" VPOS="4165" WIDTH="58" HEIGHT="48" CONTENT="da" SUBS_TYPE="HypPart1" SUBS_CONTENT="davon," WC="0.97" CC="02"/>
						<HYP HPOS="3438" VPOS="4165" WIDTH="28" CONTENT="-"/>
					</TextLine>
					<TextLine ID="P3_TL00132" HPOS="1958" VPOS="4246" WIDTH="1509" HEIGHT="61">
						<String ID="P3_ST00942" HPOS="1958" VPOS="4257" WIDTH="119" HEIGHT="46" CONTENT="von," SUBS_TYPE="HypPart2" SUBS_CONTENT="davon," WC="0.97" CC="0361"/>
						<SP ID="P3_SP00804" HPOS="2077" VPOS="4303" WIDTH="40"/>
						<String ID="P3_ST00943" HPOS="2117" VPOS="4259" WIDTH="152" HEIGHT="35" CONTENT="wenn" WC="0.98" CC="0070"/>
						<SP ID="P3_SP00805" HPOS="2269" VPOS="4303" WIDTH="42"/>
						<String ID="P3_ST00944" HPOS="2311" VPOS="4261" WIDTH="54" HEIGHT="35" CONTENT="er" WC="1.00" CC="00"/>
						<SP ID="P3_SP00806" HPOS="2365" VPOS="4303" WIDTH="37"/>
						<String ID="P3_ST00945" HPOS="2402" VPOS="4248" WIDTH="78" HEIGHT="47" CONTENT="ein" WC="0.98" CC="004"/>
						<SP ID="P3_SP00807" HPOS="2480" VPOS="4303" WIDTH="38"/>
						<String ID="P3_ST00946" HPOS="2518" VPOS="4246" WIDTH="160" HEIGHT="50" CONTENT="Stück" WC="0.99" CC="00050"/>
						<SP ID="P3_SP00808" HPOS="2678" VPOS="4303" WIDTH="39"/>
						<String ID="P3_ST00947" HPOS="2717" VPOS="4246" WIDTH="461" HEIGHT="61" CONTENT="Phänomenalität," WC="0.77" CC="000670060650002"/>
						<SP ID="P3_SP00809" HPOS="3178" VPOS="4307" WIDTH="41"/>
						<String ID="P3_ST00948" HPOS="3219" VPOS="4250" WIDTH="161" HEIGHT="48" CONTENT="selbst" WC="1.00" CC="004000"/>
						<SP ID="P3_SP00810" HPOS="3380" VPOS="4307" WIDTH="39"/>
						<String ID="P3_ST00949" HPOS="3419" VPOS="4250" WIDTH="48" HEIGHT="46" CONTENT="in" WC="0.89" CC="20"/>
					</TextLine>
					<TextLine ID="P3_TL00133" HPOS="1958" VPOS="4330" WIDTH="1509" HEIGHT="52">
						<String ID="P3_ST00950" HPOS="1958" VPOS="4332" WIDTH="139" HEIGHT="46" CONTENT="einer" WC="0.98" CC="05603"/>
						<SP ID="P3_SP00811" HPOS="2097" VPOS="4378" WIDTH="45"/>
						<String ID="P3_ST00951" HPOS="2142" VPOS="4330" WIDTH="117" HEIGHT="50" CONTENT="sehr" WC="0.99" CC="0005"/>
						<SP ID="P3_SP00812" HPOS="2259" VPOS="4380" WIDTH="43"/>
						<String ID="P3_ST00952" HPOS="2302" VPOS="4331" WIDTH="327" HEIGHT="49" CONTENT="vollendeten" WC="1.00" CC="00000000000"/>
						<SP ID="P3_SP00813" HPOS="2629" VPOS="4380" WIDTH="81"/>
						<String ID="P3_ST00953" HPOS="2710" VPOS="4334" WIDTH="99" HEIGHT="46" CONTENT="und" WC="0.99" CC="030"/>
						<SP ID="P3_SP00814" HPOS="2809" VPOS="4380" WIDTH="46"/>
						<String ID="P3_ST00954" HPOS="2855" VPOS="4333" WIDTH="118" HEIGHT="49" CONTENT="sehr" WC="0.99" CC="0040"/>
						<SP ID="P3_SP00815" HPOS="2973" VPOS="4382" WIDTH="47"/>
						<String ID="P3_ST00955" HPOS="3020" VPOS="4333" WIDTH="418" HEIGHT="49" CONTENT="entwirklichend" SUBS_TYPE="HypPart1" SUBS_CONTENT="entwirklichendpersönlichen" WC="0.83" CC="06000004501020"/>
						<HYP HPOS="3438" VPOS="4333" WIDTH="29" CONTENT="-"/>
					</TextLine>
					<TextLine ID="P3_TL00134" HPOS="1956" VPOS="4415" WIDTH="1511" HEIGHT="58">
						<String ID="P3_ST00956" HPOS="1956" VPOS="4415" WIDTH="354" HEIGHT="55" CONTENT="persönlichen" SUBS_TYPE="HypPart2" SUBS_CONTENT="entwirklichendpersönlichen" WC="0.80" CC="020002150506"/>
						<SP ID="P3_SP00816" HPOS="2310" VPOS="4470" WIDTH="63"/>
						<String ID="P3_ST00957" HPOS="2373" VPOS="4416" WIDTH="105" HEIGHT="57" CONTENT="Art," WC="0.99" CC="0003"/>
						<SP ID="P3_SP00817" HPOS="2478" VPOS="4473" WIDTH="79"/>
						<String ID="P3_ST00958" HPOS="2557" VPOS="4417" WIDTH="89" HEIGHT="49" CONTENT="mit" WC="1.00" CC="000"/>
						<SP ID="P3_SP00818" HPOS="2646" VPOS="4473" WIDTH="45"/>
						<String ID="P3_ST00959" HPOS="2691" VPOS="4416" WIDTH="200" HEIGHT="49" CONTENT="Farben" WC="0.98" CC="704303"/>
						<SP ID="P3_SP00819" HPOS="2891" VPOS="4473" WIDTH="48"/>
						<String ID="P3_ST00960" HPOS="2939" VPOS="4416" WIDTH="342" HEIGHT="51" CONTENT="deskribiert?" WC="0.90" CC="000003070000"/>
						<SP ID="P3_SP00820" HPOS="3281" VPOS="4473" WIDTH="81"/>
						<String ID="P3_ST00961" HPOS="3362" VPOS="4416" WIDTH="105" HEIGHT="50" CONTENT="Der" WC="1.00" CC="000"/>
					</TextLine>
					<TextLine ID="P3_TL00135" HPOS="1956" VPOS="4497" WIDTH="1510" HEIGHT="63">
						<String ID="P3_ST00962" HPOS="1956" VPOS="4497" WIDTH="239" HEIGHT="59" CONTENT="„Rausch" WC="0.99" CC="2001103"/>
						<SP ID="P3_SP00821" HPOS="2195" VPOS="4556" WIDTH="43"/>
						<String ID="P3_ST00963" HPOS="2238" VPOS="4501" WIDTH="89" HEIGHT="46" CONTENT="der" WC="0.99" CC="003"/>
						<SP ID="P3_SP00822" HPOS="2327" VPOS="4556" WIDTH="42"/>
						<String ID="P3_ST00964" HPOS="2369" VPOS="4500" WIDTH="318" HEIGHT="56" CONTENT="Konzeption" WC="0.99" CC="0601000730"/>
						<String ID="P3_ST00965" HPOS="2694" VPOS="4502" WIDTH="26" HEIGHT="17" CONTENT="44" STYLE="superscript" WC="0.41" CC="74"/>
						<String ID="P3_ST00966" HPOS="2726" VPOS="4541" WIDTH="9" HEIGHT="17" CONTENT="," WC="0.71" CC="2"/>
						<SP ID="P3_SP00823" HPOS="2735" VPOS="4558" WIDTH="47"/>
						<String ID="P3_ST00967" HPOS="2782" VPOS="4503" WIDTH="91" HEIGHT="48" CONTENT="das" WC="0.98" CC="104"/>
						<SP ID="P3_SP00824" HPOS="2873" VPOS="4558" WIDTH="43"/>
						<String ID="P3_ST00968" HPOS="2916" VPOS="4501" WIDTH="194" HEIGHT="59" CONTENT="„Glück" WC="0.98" CC="473000"/>
						<SP ID="P3_SP00825" HPOS="3110" VPOS="4560" WIDTH="45"/>
						<String ID="P3_ST00969" HPOS="3155" VPOS="4504" WIDTH="91" HEIGHT="48" CONTENT="des" WC="0.95" CC="416"/>
						<SP ID="P3_SP00826" HPOS="3246" VPOS="4560" WIDTH="40"/>
						<String ID="P3_ST00970" HPOS="3286" VPOS="4501" WIDTH="150" HEIGHT="49" CONTENT="Schaf" SUBS_TYPE="HypPart1" SUBS_CONTENT="Schaffen" WC="0.98" CC="00456"/>
						<HYP HPOS="3436" VPOS="4501" WIDTH="30" CONTENT="-"/>
					</TextLine>
					<TextLine ID="P3_TL00136" HPOS="1956" VPOS="4582" WIDTH="1509" HEIGHT="61">
						<String ID="P3_ST00971" HPOS="1956" VPOS="4582" WIDTH="112" HEIGHT="50" CONTENT="fens" SUBS_TYPE="HypPart2" SUBS_CONTENT="Schaffen" WC="0.99" CC="0060"/>
						<String ID="P3_ST00972" HPOS="2074" VPOS="4583" WIDTH="25" HEIGHT="19" CONTENT="44" STYLE="superscript" WC="0.35" CC="65"/>
						<SP ID="P3_SP00827" HPOS="2099" VPOS="4632" WIDTH="34"/>
						<String ID="P3_ST00973" HPOS="2133" VPOS="4598" WIDTH="86" HEIGHT="34" CONTENT="—:" WC="0.60" CC="80"/>
						<SP ID="P3_SP00828" HPOS="2219" VPOS="4632" WIDTH="51"/>
						<String ID="P3_ST00974" HPOS="2270" VPOS="4583" WIDTH="248" HEIGHT="60" CONTENT="Phrasen," WC="0.99" CC="00030063"/>
						<SP ID="P3_SP00829" HPOS="2518" VPOS="4643" WIDTH="33"/>
						<String ID="P3_ST00975" HPOS="2551" VPOS="4584" WIDTH="248" HEIGHT="50" CONTENT="Phrasen." WC="0.99" CC="00030072"/>
						<SP ID="P3_SP00830" HPOS="2799" VPOS="4643" WIDTH="69"/>
						<String ID="P3_ST00976" HPOS="2868" VPOS="4584" WIDTH="131" HEIGHT="50" CONTENT="Dem" WC="1.00" CC="000"/>
						<SP ID="P3_SP00831" HPOS="2999" VPOS="4643" WIDTH="37"/>
						<String ID="P3_ST00977" HPOS="3036" VPOS="4585" WIDTH="222" HEIGHT="57" CONTENT="Citoyen" WC="0.99" CC="0303003"/>
						<SP ID="P3_SP00832" HPOS="3258" VPOS="4643" WIDTH="36"/>
						<String ID="P3_ST00978" HPOS="3294" VPOS="4589" WIDTH="143" HEIGHT="46" CONTENT="natür" SUBS_TYPE="HypPart1" SUBS_CONTENT="natürlich" WC="0.99" CC="70000"/>
						<HYP HPOS="3437" VPOS="4589" WIDTH="28" CONTENT="-"/>
					</TextLine>
					<TextLine ID="P3_TL00137" HPOS="1955" VPOS="4667" WIDTH="1510" HEIGHT="61">
						<String ID="P3_ST00979" HPOS="1955" VPOS="4667" WIDTH="96" HEIGHT="48" CONTENT="lich" SUBS_TYPE="HypPart2" SUBS_CONTENT="natürlich" WC="0.98" CC="2502"/>
						<SP ID="P3_SP00833" HPOS="2051" VPOS="4715" WIDTH="42"/>
						<String ID="P3_ST00980" HPOS="2093" VPOS="4667" WIDTH="117" HEIGHT="49" CONTENT="muß" WC="0.98" CC="050"/>
						<SP ID="P3_SP00834" HPOS="2210" VPOS="4716" WIDTH="45"/>
						<String ID="P3_ST00981" HPOS="2255" VPOS="4671" WIDTH="296" HEIGHT="55" CONTENT="eingeredet" WC="1.00" CC="0200000000"/>
						<SP ID="P3_SP00835" HPOS="2551" VPOS="4726" WIDTH="38"/>
						<String ID="P3_ST00982" HPOS="2589" VPOS="4671" WIDTH="228" HEIGHT="57" CONTENT="werden," WC="0.99" CC="0000063"/>
						<SP ID="P3_SP00836" HPOS="2817" VPOS="4728" WIDTH="43"/>
						<String ID="P3_ST00983" HPOS="2860" VPOS="4671" WIDTH="79" HEIGHT="50" CONTENT="die" WC="1.00" CC="000"/>
						<SP ID="P3_SP00837" HPOS="2939" VPOS="4728" WIDTH="42"/>
						<String ID="P3_ST00984" HPOS="2981" VPOS="4671" WIDTH="161" HEIGHT="54" CONTENT="Kunst" WC="0.99" CC="00500"/>
						<SP ID="P3_SP00838" HPOS="3142" VPOS="4728" WIDTH="41"/>
						<String ID="P3_ST00985" HPOS="3183" VPOS="4674" WIDTH="74" HEIGHT="47" CONTENT="sei" WC="0.99" CC="002"/>
						<SP ID="P3_SP00839" HPOS="3257" VPOS="4728" WIDTH="42"/>
						<String ID="P3_ST00986" HPOS="3299" VPOS="4675" WIDTH="166" HEIGHT="45" CONTENT="etwas" WC="1.00" CC="10000"/>
					</TextLine>
					<TextLine ID="P3_TL00138" HPOS="1955" VPOS="4750" WIDTH="1509" HEIGHT="65">
						<String ID="P3_ST00987" HPOS="1955" VPOS="4750" WIDTH="331" HEIGHT="52" CONTENT="Besonderes" WC="1.00" CC="3005100300"/>
						<SP ID="P3_SP00840" HPOS="2286" VPOS="4802" WIDTH="47"/>
						<String ID="P3_ST00988" HPOS="2333" VPOS="4757" WIDTH="100" HEIGHT="46" CONTENT="und" WC="1.00" CC="000"/>
						<SP ID="P3_SP00841" HPOS="2433" VPOS="4803" WIDTH="46"/>
						<String ID="P3_ST00989" HPOS="2479" VPOS="4753" WIDTH="250" HEIGHT="62" CONTENT="Heiliges;" WC="0.98" CC="700359804"/>
						<SP ID="P3_SP00842" HPOS="2729" VPOS="4815" WIDTH="85"/>
						<String ID="P3_ST00990" HPOS="2814" VPOS="4761" WIDTH="143" HEIGHT="44" CONTENT="sonst" WC="0.97" CC="15790"/>
						<SP ID="P3_SP00843" HPOS="2957" VPOS="4815" WIDTH="81"/>
						<String ID="P3_ST00991" HPOS="3038" VPOS="4758" WIDTH="179" HEIGHT="46" CONTENT="würde" WC="1.00" CC="00000"/>
						<SP ID="P3_SP00844" HPOS="3217" VPOS="4815" WIDTH="49"/>
						<String ID="P3_ST00992" HPOS="3266" VPOS="4770" WIDTH="53" HEIGHT="34" CONTENT="er" WC="1.00" CC="00"/>
						<SP ID="P3_SP00845" HPOS="3319" VPOS="4815" WIDTH="50"/>
						<String ID="P3_ST00993" HPOS="3369" VPOS="4756" WIDTH="95" HEIGHT="48" CONTENT="den" WC="0.98" CC="004"/>
					</TextLine>
					<TextLine ID="P3_TL00139" HPOS="1956" VPOS="4835" WIDTH="1508" HEIGHT="60">
						<String ID="P3_ST00994" HPOS="1956" VPOS="4835" WIDTH="237" HEIGHT="55" CONTENT="Künstler" WC="0.99" CC="00500406"/>
						<SP ID="P3_SP00846" HPOS="2193" VPOS="4890" WIDTH="45"/>
						<String ID="P3_ST00995" HPOS="2238" VPOS="4841" WIDTH="49" HEIGHT="50" CONTENT="ja" WC="0.66" CC="60"/>
						<SP ID="P3_SP00847" HPOS="2287" VPOS="4891" WIDTH="42"/>
						<String ID="P3_ST00996" HPOS="2329" VPOS="4839" WIDTH="326" HEIGHT="56" CONTENT="verhungern" WC="0.99" CC="0040169015"/>
						<SP ID="P3_SP00848" HPOS="2655" VPOS="4895" WIDTH="45"/>
						<String ID="P3_ST00997" HPOS="2700" VPOS="4840" WIDTH="170" HEIGHT="48" CONTENT="lassen" WC="1.00" CC="300200"/>
						<SP ID="P3_SP00849" HPOS="2870" VPOS="4895" WIDTH="44"/>
						<String ID="P3_ST00998" HPOS="2914" VPOS="4871" WIDTH="62" HEIGHT="5" CONTENT="—" WC="0.20" CC="8"/>
						<SP ID="P3_SP00850" HPOS="2976" VPOS="4895" WIDTH="75"/>
						<String ID="P3_ST00999" HPOS="3051" VPOS="4841" WIDTH="84" HEIGHT="48" CONTENT="auf" WC="0.97" CC="600"/>
						<SP ID="P3_SP00851" HPOS="3135" VPOS="4895" WIDTH="40"/>
						<String ID="P3_ST01000" HPOS="3175" VPOS="4840" WIDTH="131" HEIGHT="49" CONTENT="noch" WC="0.98" CC="7210"/>
						<SP ID="P3_SP00852" HPOS="3306" VPOS="4895" WIDTH="40"/>
						<String ID="P3_ST01001" HPOS="3346" VPOS="4840" WIDTH="89" HEIGHT="48" CONTENT="kor" SUBS_TYPE="HypPart1" SUBS_CONTENT="korrektere" WC="0.98" CC="030"/>
						<HYP HPOS="3435" VPOS="4840" WIDTH="29" CONTENT="-"/>
					</TextLine>
					<TextLine ID="P3_TL00140" HPOS="1957" VPOS="4919" WIDTH="1508" HEIGHT="62">
						<String ID="P3_ST01002" HPOS="1957" VPOS="4921" WIDTH="203" HEIGHT="49" CONTENT="rektere" SUBS_TYPE="HypPart2" SUBS_CONTENT="korrektere" WC="1.00" CC="0000000"/>
						<SP ID="P3_SP00853" HPOS="2160" VPOS="4970" WIDTH="65"/>
						<String ID="P3_ST01003" HPOS="2225" VPOS="4919" WIDTH="261" HEIGHT="62" CONTENT="Methode," WC="1.00" CC="00020000"/>
						<SP ID="P3_SP00854" HPOS="2486" VPOS="4981" WIDTH="65"/>
						<String ID="P3_ST01004" HPOS="2551" VPOS="4924" WIDTH="74" HEIGHT="51" CONTENT="als" WC="1.00" CC="000"/>
						<SP ID="P3_SP00855" HPOS="2625" VPOS="4981" WIDTH="66"/>
						<String ID="P3_ST01005" HPOS="2691" VPOS="4924" WIDTH="100" HEIGHT="49" CONTENT="er's" WC="0.81" CC="0042"/>
						<SP ID="P3_SP00856" HPOS="2791" VPOS="4981" WIDTH="67"/>
						<String ID="P3_ST01006" HPOS="2858" VPOS="4925" WIDTH="216" HEIGHT="50" CONTENT="ohnehin" WC="0.99" CC="5040306"/>
						<SP ID="P3_SP00857" HPOS="3074" VPOS="4981" WIDTH="67"/>
						<String ID="P3_ST01007" HPOS="3141" VPOS="4929" WIDTH="90" HEIGHT="45" CONTENT="tut." WC="0.98" CC="0704"/>
						<SP ID="P3_SP00858" HPOS="3231" VPOS="4981" WIDTH="96"/>
						<String ID="P3_ST01008" HPOS="3327" VPOS="4925" WIDTH="138" HEIGHT="48" CONTENT="Aber" WC="0.99" CC="0600"/>
					</TextLine>
					<TextLine ID="P3_TL00141" HPOS="1955" VPOS="5006" WIDTH="1509" HEIGHT="52">
						<String ID="P3_ST01009" HPOS="1955" VPOS="5006" WIDTH="258" HEIGHT="49" CONTENT="brauchen" WC="0.99" CC="33560031"/>
						<SP ID="P3_SP00859" HPOS="2213" VPOS="5055" WIDTH="34"/>
						<String ID="P3_ST01010" HPOS="2247" VPOS="5009" WIDTH="129" HEIGHT="47" CONTENT="wir" WC="0.99" CC="020"/>
						<SP ID="P3_SP00860" HPOS="2376" VPOS="5056" WIDTH="36"/>
						<String ID="P3_ST01011" HPOS="2412" VPOS="5021" WIDTH="93" HEIGHT="36" CONTENT="uns" WC="0.97" CC="060"/>
						<SP ID="P3_SP00861" HPOS="2505" VPOS="5057" WIDTH="35"/>
						<String ID="P3_ST01012" HPOS="2540" VPOS="5022" WIDTH="116" HEIGHT="36" CONTENT="was" WC="0.97" CC="007"/>
						<SP ID="P3_SP00862" HPOS="2656" VPOS="5058" WIDTH="33"/>
						<String ID="P3_ST01013" HPOS="2689" VPOS="5008" WIDTH="422" HEIGHT="50" CONTENT="vorzumachen?" WC="1.00" CC="000000013050"/>
						<SP ID="P3_SP00863" HPOS="3111" VPOS="5058" WIDTH="65"/>
						<String ID="P3_ST01014" HPOS="3176" VPOS="5008" WIDTH="93" HEIGHT="50" CONTENT="Die" WC="0.98" CC="130"/>
						<SP ID="P3_SP00864" HPOS="3269" VPOS="5058" WIDTH="33"/>
						<String ID="P3_ST01015" HPOS="3302" VPOS="5008" WIDTH="130" HEIGHT="50" CONTENT="Hehr" SUBS_TYPE="HypPart1" SUBS_CONTENT="Hehrheit" WC="0.99" CC="6000"/>
						<HYP HPOS="3432" VPOS="5008" WIDTH="32" CONTENT="-"/>
					</TextLine>
					<TextLine ID="P3_TL00142" HPOS="1954" VPOS="5090" WIDTH="1511" HEIGHT="62">
						<String ID="P3_ST01016" HPOS="1954" VPOS="5090" WIDTH="101" HEIGHT="49" CONTENT="heit" SUBS_TYPE="HypPart2" SUBS_CONTENT="Hehrheit" WC="0.99" CC="0050"/>
						<SP ID="P3_SP00865" HPOS="2055" VPOS="5139" WIDTH="27"/>
						<String ID="P3_ST01017" HPOS="2082" VPOS="5092" WIDTH="89" HEIGHT="47" CONTENT="der" WC="0.95" CC="076"/>
						<SP ID="P3_SP00866" HPOS="2171" VPOS="5139" WIDTH="30"/>
						<String ID="P3_ST01018" HPOS="2201" VPOS="5091" WIDTH="163" HEIGHT="54" CONTENT="Kunst" WC="0.98" CC="07610"/>
						<SP ID="P3_SP00867" HPOS="2364" VPOS="5145" WIDTH="28"/>
						<String ID="P3_ST01019" HPOS="2392" VPOS="5095" WIDTH="65" HEIGHT="46" CONTENT="ist" WC="0.99" CC="200"/>
						<SP ID="P3_SP00868" HPOS="2457" VPOS="5145" WIDTH="28"/>
						<String ID="P3_ST01020" HPOS="2485" VPOS="5093" WIDTH="166" HEIGHT="50" CONTENT="nichts" WC="0.99" CC="600500"/>
						<SP ID="P3_SP00869" HPOS="2651" VPOS="5145" WIDTH="27"/>
						<String ID="P3_ST01021" HPOS="2678" VPOS="5096" WIDTH="187" HEIGHT="46" CONTENT="weiter" WC="1.00" CC="000000"/>
						<SP ID="P3_SP00870" HPOS="2865" VPOS="5145" WIDTH="29"/>
						<String ID="P3_ST01022" HPOS="2894" VPOS="5094" WIDTH="76" HEIGHT="50" CONTENT="als" WC="0.98" CC="031"/>
						<SP ID="P3_SP00871" HPOS="2970" VPOS="5145" WIDTH="28"/>
						<String ID="P3_ST01023" HPOS="2998" VPOS="5096" WIDTH="110" HEIGHT="47" CONTENT="eine" WC="0.99" CC="0320"/>
						<SP ID="P3_SP00872" HPOS="3108" VPOS="5145" WIDTH="29"/>
						<String ID="P3_ST01024" HPOS="3137" VPOS="5093" WIDTH="328" HEIGHT="59" CONTENT="Suggestion," WC="1.00" CC="06000005400"/>
					</TextLine>
					<TextLine ID="P3_TL00143" HPOS="1956" VPOS="5175" WIDTH="1509" HEIGHT="60">
						<String ID="P3_ST01025" HPOS="1956" VPOS="5175" WIDTH="78" HEIGHT="48" CONTENT="die" WC="0.98" CC="050"/>
						<SP ID="P3_SP00873" HPOS="2034" VPOS="5223" WIDTH="44"/>
						<String ID="P3_ST01026" HPOS="2078" VPOS="5177" WIDTH="464" HEIGHT="58" CONTENT="arbeitsunlustige," WC="0.88" CC="02404000430000002"/>
						<SP ID="P3_SP00874" HPOS="2542" VPOS="5235" WIDTH="72"/>
						<String ID="P3_ST01027" HPOS="2614" VPOS="5178" WIDTH="151" HEIGHT="56" CONTENT="kluge" WC="1.00" CC="03000"/>
						<SP ID="P3_SP00875" HPOS="2765" VPOS="5235" WIDTH="73"/>
						<String ID="P3_ST01028" HPOS="2838" VPOS="5179" WIDTH="99" HEIGHT="48" CONTENT="und" WC="0.98" CC="050"/>
						<SP ID="P3_SP00876" HPOS="2937" VPOS="5235" WIDTH="74"/>
						<String ID="P3_ST01029" HPOS="3011" VPOS="5178" WIDTH="454" HEIGHT="56" CONTENT="geschmackvolle" WC="1.00" CC="00426005003470"/>
					</TextLine>
					<TextLine ID="P3_TL00144" HPOS="1953" VPOS="5257" WIDTH="1511" HEIGHT="64">
						<String ID="P3_ST01030" HPOS="1953" VPOS="5257" WIDTH="266" HEIGHT="51" CONTENT="Personen" WC="0.99" CC="00004505"/>
						<SP ID="P3_SP00877" HPOS="2219" VPOS="5308" WIDTH="61"/>
						<String ID="P3_ST01031" HPOS="2280" VPOS="5262" WIDTH="138" HEIGHT="48" CONTENT="einer" WC="0.98" CC="04901"/>
						<SP ID="P3_SP00878" HPOS="2418" VPOS="5310" WIDTH="44"/>
						<String ID="P3_ST01032" HPOS="2462" VPOS="5264" WIDTH="188" HEIGHT="47" CONTENT="misera" WC="0.81" CC="041004"/>
						<SP ID="P3_SP00879" HPOS="2650" VPOS="5311" WIDTH="44"/>
						<String ID="P3_ST01033" HPOS="2694" VPOS="5262" WIDTH="144" HEIGHT="55" CONTENT="plebs" WC="0.70" CC="08060"/>
						<SP ID="P3_SP00880" HPOS="2838" VPOS="5317" WIDTH="77"/>
						<String ID="P3_ST01034" HPOS="2915" VPOS="5263" WIDTH="248" HEIGHT="56" CONTENT="eingeben" WC="0.99" CC="04600000"/>
						<SP ID="P3_SP00881" HPOS="3163" VPOS="5319" WIDTH="77"/>
						<String ID="P3_ST01035" HPOS="3240" VPOS="5267" WIDTH="224" HEIGHT="54" CONTENT="müssen," WC="1.00" CC="0000053"/>
					</TextLine>
					<TextLine ID="P3_TL00145" HPOS="1953" VPOS="5345" WIDTH="1513" HEIGHT="61">
						<String ID="P3_ST01036" HPOS="1953" VPOS="5345" WIDTH="200" HEIGHT="50" CONTENT="welche" WC="1.00" CC="001300"/>
						<SP ID="P3_SP00882" HPOS="2153" VPOS="5395" WIDTH="46"/>
						<String ID="P3_ST01037" HPOS="2199" VPOS="5346" WIDTH="302" HEIGHT="49" CONTENT="niemanden" WC="0.99" CC="650005005"/>
						<SP ID="P3_SP00883" HPOS="2501" VPOS="5395" WIDTH="48"/>
						<String ID="P3_ST01038" HPOS="2549" VPOS="5361" WIDTH="82" HEIGHT="33" CONTENT="am" WC="1.00" CC="00"/>
						<SP ID="P3_SP00884" HPOS="2631" VPOS="5395" WIDTH="44"/>
						<String ID="P3_ST01039" HPOS="2675" VPOS="5346" WIDTH="174" HEIGHT="49" CONTENT="Leben" WC="0.98" CC="00615"/>
						<SP ID="P3_SP00885" HPOS="2849" VPOS="5395" WIDTH="50"/>
						<String ID="P3_ST01040" HPOS="2899" VPOS="5347" WIDTH="183" HEIGHT="49" CONTENT="dulden" WC="0.99" CC="064000"/>
						<SP ID="P3_SP00886" HPOS="3082" VPOS="5396" WIDTH="47"/>
						<String ID="P3_ST01041" HPOS="3129" VPOS="5348" WIDTH="196" HEIGHT="58" CONTENT="würde," WC="1.00" CC="000000"/>
						<SP ID="P3_SP00887" HPOS="3325" VPOS="5406" WIDTH="47"/>
						<String ID="P3_ST01042" HPOS="3372" VPOS="5348" WIDTH="94" HEIGHT="48" CONTENT="der" WC="0.96" CC="900"/>
					</TextLine>
					<TextLine ID="P3_TL00146" HPOS="1955" VPOS="5427" WIDTH="1508" HEIGHT="61">
						<String ID="P3_ST01043" HPOS="1955" VPOS="5427" WIDTH="151" HEIGHT="60" CONTENT="nicht," WC="0.99" CC="050003"/>
						<SP ID="P3_SP00888" HPOS="2106" VPOS="5487" WIDTH="43"/>
						<String ID="P3_ST01044" HPOS="2149" VPOS="5432" WIDTH="103" HEIGHT="46" CONTENT="wie" WC="0.98" CC="050"/>
						<SP ID="P3_SP00889" HPOS="2252" VPOS="5487" WIDTH="45"/>
						<String ID="P3_ST01045" HPOS="2297" VPOS="5433" WIDTH="88" HEIGHT="55" CONTENT="sie," WC="0.98" CC="2500"/>
						<SP ID="P3_SP00890" HPOS="2385" VPOS="5488" WIDTH="44"/>
						<String ID="P3_ST01046" HPOS="2429" VPOS="5429" WIDTH="111" HEIGHT="58" CONTENT="Tag" WC="1.00" CC="010"/>
						<SP ID="P3_SP00891" HPOS="2540" VPOS="5488" WIDTH="43"/>
						<String ID="P3_ST01047" HPOS="2583" VPOS="5431" WIDTH="78" HEIGHT="48" CONTENT="für" WC="0.97" CC="600"/>
						<SP ID="P3_SP00892" HPOS="2661" VPOS="5488" WIDTH="40"/>
						<String ID="P3_ST01048" HPOS="2701" VPOS="5430" WIDTH="109" HEIGHT="58" CONTENT="Tag" WC="1.00" CC="000"/>
						<SP ID="P3_SP00893" HPOS="2810" VPOS="5488" WIDTH="46"/>
						<String ID="P3_ST01049" HPOS="2856" VPOS="5431" WIDTH="319" HEIGHT="50" CONTENT="schwitzend" WC="0.99" CC="0030019070"/>
						<SP ID="P3_SP00894" HPOS="3175" VPOS="5488" WIDTH="47"/>
						<String ID="P3_ST01050" HPOS="3222" VPOS="5433" WIDTH="107" HEIGHT="48" CONTENT="sich" WC="0.99" CC="0040"/>
						<SP ID="P3_SP00895" HPOS="3329" VPOS="5488" WIDTH="46"/>
						<String ID="P3_ST01051" HPOS="3375" VPOS="5433" WIDTH="59" HEIGHT="48" CONTENT="ab" SUBS_TYPE="HypPart1" SUBS_CONTENT="abrackert." WC="0.97" CC="04"/>
						<HYP HPOS="3434" VPOS="5433" WIDTH="29" CONTENT="-"/>
					</TextLine>
					<TextLine ID="P3_TL00147" HPOS="1954" VPOS="5513" WIDTH="1511" HEIGHT="61">
						<String ID="P3_ST01052" HPOS="1954" VPOS="5513" WIDTH="221" HEIGHT="49" CONTENT="rackert." SUBS_TYPE="HypPart2" SUBS_CONTENT="abrackert." WC="1.00" CC="00000004"/>
						<SP ID="P3_SP00896" HPOS="2175" VPOS="5562" WIDTH="75"/>
						<String ID="P3_ST01053" HPOS="2250" VPOS="5513" WIDTH="132" HEIGHT="49" CONTENT="Weil" WC="1.00" CC="0010"/>
						<SP ID="P3_SP00897" HPOS="2382" VPOS="5562" WIDTH="43"/>
						<String ID="P3_ST01054" HPOS="2425" VPOS="5528" WIDTH="58" HEIGHT="36" CONTENT="es" WC="0.71" CC="05"/>
						<SP ID="P3_SP00898" HPOS="2483" VPOS="5564" WIDTH="38"/>
						<String ID="P3_ST01055" HPOS="2521" VPOS="5515" WIDTH="150" HEIGHT="50" CONTENT="wahr" WC="1.00" CC="0020"/>
						<SP ID="P3_SP00899" HPOS="2671" VPOS="5565" WIDTH="41"/>
						<String ID="P3_ST01056" HPOS="2712" VPOS="5517" WIDTH="79" HEIGHT="57" CONTENT="ist," WC="1.00" CC="0000"/>
						<SP ID="P3_SP00900" HPOS="2791" VPOS="5574" WIDTH="47"/>
						<String ID="P3_ST01057" HPOS="2838" VPOS="5514" WIDTH="95" HEIGHT="51" CONTENT="daß" WC="0.99" CC="001"/>
						<SP ID="P3_SP00901" HPOS="2933" VPOS="5574" WIDTH="44"/>
						<String ID="P3_ST01058" HPOS="2977" VPOS="5516" WIDTH="178" HEIGHT="50" CONTENT="Arbeit" WC="1.00" CC="003000"/>
						<SP ID="P3_SP00902" HPOS="3155" VPOS="5574" WIDTH="44"/>
						<String ID="P3_ST01059" HPOS="3199" VPOS="5516" WIDTH="266" HEIGHT="57" CONTENT="schändet," WC="1.00" CC="400020000"/>
					</TextLine>
					<TextLine ID="P3_TL00148" HPOS="1958" VPOS="5598" WIDTH="1504" HEIGHT="60">
						<String ID="P3_ST01060" HPOS="1958" VPOS="5598" WIDTH="148" HEIGHT="56" CONTENT="lügen" WC="0.99" CC="50000"/>
						<SP ID="P3_SP00903" HPOS="2106" VPOS="5654" WIDTH="53"/>
						<String ID="P3_ST01061" HPOS="2159" VPOS="5599" WIDTH="81" HEIGHT="48" CONTENT="die" WC="0.98" CC="050"/>
						<SP ID="P3_SP00904" HPOS="2240" VPOS="5654" WIDTH="47"/>
						<String ID="P3_ST01062" HPOS="2287" VPOS="5598" WIDTH="256" HEIGHT="60" CONTENT="Künstler," WC="0.99" CC="003252003"/>
						<SP ID="P3_SP00905" HPOS="2543" VPOS="5658" WIDTH="82"/>
						<String ID="P3_ST01063" HPOS="2625" VPOS="5599" WIDTH="163" HEIGHT="55" CONTENT="Kunst" WC="0.98" CC="07600"/>
						<SP ID="P3_SP00906" HPOS="2788" VPOS="5658" WIDTH="52"/>
						<String ID="P3_ST01064" HPOS="2840" VPOS="5600" WIDTH="129" HEIGHT="49" CONTENT="adle." WC="1.00" CC="00200"/>
						<SP ID="P3_SP00907" HPOS="2969" VPOS="5658" WIDTH="85"/>
						<String ID="P3_ST01065" HPOS="3054" VPOS="5599" WIDTH="163" HEIGHT="55" CONTENT="Kunst" WC="0.99" CC="07010"/>
						<SP ID="P3_SP00908" HPOS="3217" VPOS="5658" WIDTH="49"/>
						<String ID="P3_ST01066" HPOS="3266" VPOS="5603" WIDTH="67" HEIGHT="47" CONTENT="ist" WC="0.97" CC="600"/>
						<SP ID="P3_SP00909" HPOS="3333" VPOS="5658" WIDTH="50"/>
						<String ID="P3_ST01067" HPOS="3383" VPOS="5601" WIDTH="79" HEIGHT="49" CONTENT="die" WC="1.00" CC="000"/>
					</TextLine>
					<TextLine ID="P3_TL00149" HPOS="1952" VPOS="5683" WIDTH="1510" HEIGHT="62">
						<String ID="P3_ST01068" HPOS="1952" VPOS="5683" WIDTH="250" HEIGHT="55" CONTENT="genialste" WC="0.99" CC="902015100"/>
						<SP ID="P3_SP00910" HPOS="2202" VPOS="5738" WIDTH="45"/>
						<String ID="P3_ST01069" HPOS="2247" VPOS="5684" WIDTH="232" HEIGHT="49" CONTENT="Ausrede" WC="0.99" CC="0610001"/>
						<SP ID="P3_SP00911" HPOS="2479" VPOS="5738" WIDTH="48"/>
						<String ID="P3_ST01070" HPOS="2527" VPOS="5685" WIDTH="226" HEIGHT="57" CONTENT="genialer" WC="0.99" CC="90800000"/>
						<SP ID="P3_SP00912" HPOS="2753" VPOS="5742" WIDTH="46"/>
						<String ID="P3_ST01071" HPOS="2799" VPOS="5684" WIDTH="286" HEIGHT="61" CONTENT="Faulpelze," WC="0.99" CC="6046002004"/>
						<SP ID="P3_SP00913" HPOS="3085" VPOS="5745" WIDTH="51"/>
						<String ID="P3_ST01072" HPOS="3136" VPOS="5687" WIDTH="66" HEIGHT="46" CONTENT="im" WC="1.00" CC="00"/>
						<SP ID="P3_SP00914" HPOS="3202" VPOS="5745" WIDTH="49"/>
						<String ID="P3_ST01073" HPOS="3251" VPOS="5687" WIDTH="211" HEIGHT="55" CONTENT="übrigen" WC="0.99" CC="0502005"/>
					</TextLine>
					<TextLine ID="P3_TL00150" HPOS="1954" VPOS="5766" WIDTH="1509" HEIGHT="60">
						<String ID="P3_ST01074" HPOS="1954" VPOS="5768" WIDTH="78" HEIGHT="47" CONTENT="ein" WC="0.98" CC="004"/>
						<SP ID="P3_SP00915" HPOS="2032" VPOS="5815" WIDTH="49"/>
						<String ID="P3_ST01075" HPOS="2081" VPOS="5766" WIDTH="285" HEIGHT="60" CONTENT="Spielzeug," WC="1.00" CC="0030140600"/>
						<SP ID="P3_SP00916" HPOS="2366" VPOS="5826" WIDTH="50"/>
						<String ID="P3_ST01076" HPOS="2416" VPOS="5770" WIDTH="79" HEIGHT="49" CONTENT="ein" WC="0.98" CC="014"/>
						<SP ID="P3_SP00917" HPOS="2495" VPOS="5826" WIDTH="47"/>
						<String ID="P3_ST01077" HPOS="2542" VPOS="5767" WIDTH="356" HEIGHT="52" CONTENT="Zeitvertreib." WC="1.00" CC="0021000244003"/>
						<SP ID="P3_SP00918" HPOS="2898" VPOS="5826" WIDTH="77"/>
						<String ID="P3_ST01078" HPOS="2975" VPOS="5769" WIDTH="84" HEIGHT="49" CONTENT="Ich" WC="0.99" CC="200"/>
						<SP ID="P3_SP00919" HPOS="3059" VPOS="5826" WIDTH="44"/>
						<String ID="P3_ST01079" HPOS="3103" VPOS="5770" WIDTH="180" HEIGHT="49" CONTENT="werde" WC="1.00" CC="00000"/>
						<SP ID="P3_SP00920" HPOS="3283" VPOS="5826" WIDTH="47"/>
						<String ID="P3_ST01080" HPOS="3330" VPOS="5768" WIDTH="133" HEIGHT="50" CONTENT="mich" WC="0.99" CC="0030"/>
					</TextLine>
					<TextLine ID="P3_TL00151" HPOS="1952" VPOS="5851" WIDTH="1511" HEIGHT="64">
						<String ID="P3_ST01081" HPOS="1952" VPOS="5853" WIDTH="48" HEIGHT="52" CONTENT="ja" WC="0.78" CC="40"/>
						<SP ID="P3_SP00921" HPOS="2000" VPOS="5905" WIDTH="36"/>
						<String ID="P3_ST01082" HPOS="2036" VPOS="5851" WIDTH="170" HEIGHT="58" CONTENT="hüten," WC="0.99" CC="004020"/>
						<SP ID="P3_SP00922" HPOS="2206" VPOS="5909" WIDTH="39"/>
						<String ID="P3_ST01083" HPOS="2245" VPOS="5854" WIDTH="74" HEIGHT="48" CONTENT="sie" WC="1.00" CC="000"/>
						<SP ID="P3_SP00923" HPOS="2319" VPOS="5909" WIDTH="39"/>
						<String ID="P3_ST01084" HPOS="2358" VPOS="5867" WIDTH="65" HEIGHT="35" CONTENT="an" WC="1.00" CC="00"/>
						<SP ID="P3_SP00924" HPOS="2423" VPOS="5909" WIDTH="39"/>
						<String ID="P3_ST01085" HPOS="2462" VPOS="5853" WIDTH="96" HEIGHT="49" CONTENT="den" WC="0.98" CC="004"/>
						<SP ID="P3_SP00925" HPOS="2558" VPOS="5909" WIDTH="36"/>
						<String ID="P3_ST01086" HPOS="2594" VPOS="5853" WIDTH="163" HEIGHT="49" CONTENT="Pöbel" WC="0.99" CC="00403"/>
						<SP ID="P3_SP00926" HPOS="2757" VPOS="5909" WIDTH="37"/>
						<String ID="P3_ST01087" HPOS="2794" VPOS="5868" WIDTH="64" HEIGHT="34" CONTENT="zu" WC="0.67" CC="06"/>
						<SP ID="P3_SP00927" HPOS="2858" VPOS="5909" WIDTH="36"/>
						<String ID="P3_ST01088" HPOS="2894" VPOS="5858" WIDTH="270" HEIGHT="57" CONTENT="verraten;" WC="0.99" CC="013200062"/>
						<SP ID="P3_SP00928" HPOS="3164" VPOS="5915" WIDTH="41"/>
						<String ID="P3_ST01089" HPOS="3205" VPOS="5855" WIDTH="130" HEIGHT="49" CONTENT="aber" WC="0.98" CC="0503"/>
						<SP ID="P3_SP00929" HPOS="3335" VPOS="5915" WIDTH="34"/>
						<String ID="P3_ST01090" HPOS="3369" VPOS="5855" WIDTH="94" HEIGHT="58" CONTENT="dir," WC="1.00" CC="0001"/>
					</TextLine>
					<TextLine ID="P3_TL00152" HPOS="1951" VPOS="5934" WIDTH="1512" HEIGHT="62">
						<String ID="P3_ST01091" HPOS="1951" VPOS="5934" WIDTH="184" HEIGHT="62" CONTENT="Franz," WC="0.99" CC="700004"/>
						<SP ID="P3_SP00930" HPOS="2135" VPOS="5996" WIDTH="32"/>
						<String ID="P3_ST01092" HPOS="2167" VPOS="5935" WIDTH="119" HEIGHT="50" CONTENT="muß" WC="0.98" CC="050"/>
						<SP ID="P3_SP00931" HPOS="2286" VPOS="5996" WIDTH="33"/>
						<String ID="P3_ST01093" HPOS="2319" VPOS="5937" WIDTH="78" HEIGHT="48" CONTENT="ich" WC="0.97" CC="440"/>
						<SP ID="P3_SP00932" HPOS="2397" VPOS="5996" WIDTH="32"/>
						<String ID="P3_ST01094" HPOS="2429" VPOS="5953" WIDTH="56" HEIGHT="37" CONTENT="es" WC="0.72" CC="05"/>
						<SP ID="P3_SP00933" HPOS="2485" VPOS="5996" WIDTH="34"/>
						<String ID="P3_ST01095" HPOS="2519" VPOS="5951" WIDTH="184" HEIGHT="44" CONTENT="sagen:" WC="0.98" CC="600054"/>
						<SP ID="P3_SP00934" HPOS="2703" VPOS="5996" WIDTH="35"/>
						<String ID="P3_ST01096" HPOS="2738" VPOS="5937" WIDTH="229" HEIGHT="55" CONTENT="Kunst" WC="0.98" CC="06400"/>
						<SP ID="P3_SP00935" HPOS="2967" VPOS="5996" WIDTH="30"/>
						<String ID="P3_ST01097" HPOS="2997" VPOS="5939" WIDTH="91" HEIGHT="49" CONTENT="ist" WC="1.00" CC="000"/>
						<SP ID="P3_SP00936" HPOS="3088" VPOS="5996" WIDTH="34"/>
						<String ID="P3_ST01098" HPOS="3122" VPOS="5935" WIDTH="341" HEIGHT="61" CONTENT="Quatsch," WC="0.99" CC="04000271"/>
					</TextLine>
					<TextLine ID="P3_TL00153" HPOS="1951" VPOS="6020" WIDTH="1511" HEIGHT="65">
						<String ID="P3_ST01099" HPOS="1951" VPOS="6021" WIDTH="367" HEIGHT="56" CONTENT="geradezu" WC="0.98" CC="91470045"/>
						<SP ID="P3_SP00937" HPOS="2318" VPOS="6077" WIDTH="45"/>
						<String ID="P3_ST01100" HPOS="2363" VPOS="6024" WIDTH="110" HEIGHT="47" CONTENT="ein" WC="0.98" CC="004"/>
						<SP ID="P3_SP00938" HPOS="2473" VPOS="6077" WIDTH="45"/>
						<String ID="P3_ST01101" HPOS="2518" VPOS="6020" WIDTH="299" HEIGHT="59" CONTENT="Symbol" WC="1.00" CC="000003"/>
						<SP ID="P3_SP00939" HPOS="2817" VPOS="6079" WIDTH="47"/>
						<String ID="P3_ST01102" HPOS="2864" VPOS="6024" WIDTH="123" HEIGHT="50" CONTENT="des" WC="1.00" CC="000"/>
						<SP ID="P3_SP00940" HPOS="2987" VPOS="6079" WIDTH="46"/>
						<String ID="P3_ST01103" HPOS="3033" VPOS="6020" WIDTH="429" HEIGHT="65" CONTENT="Quatsches;" WC="1.00" CC="0200500006"/>
					</TextLine>
					<TextLine ID="P3_TL00154" HPOS="1951" VPOS="6104" WIDTH="1512" HEIGHT="62">
						<String ID="P3_ST01104" HPOS="1951" VPOS="6104" WIDTH="81" HEIGHT="50" CONTENT="ich" WC="0.96" CC="540"/>
						<SP ID="P3_SP00941" HPOS="2032" VPOS="6154" WIDTH="38"/>
						<String ID="P3_ST01105" HPOS="2070" VPOS="6106" WIDTH="229" HEIGHT="56" CONTENT="begreife" WC="0.99" CC="50000060"/>
						<SP ID="P3_SP00942" HPOS="2299" VPOS="6162" WIDTH="38"/>
						<String ID="P3_ST01106" HPOS="2337" VPOS="6107" WIDTH="153" HEIGHT="59" CONTENT="nicht," WC="1.00" CC="030000"/>
						<SP ID="P3_SP00943" HPOS="2490" VPOS="6166" WIDTH="73"/>
						<String ID="P3_ST01107" HPOS="2563" VPOS="6109" WIDTH="103" HEIGHT="47" CONTENT="wie" WC="1.00" CC="000"/>
						<SP ID="P3_SP00944" HPOS="2666" VPOS="6166" WIDTH="42"/>
						<String ID="P3_ST01108" HPOS="2708" VPOS="6108" WIDTH="64" HEIGHT="48" CONTENT="du" WC="0.67" CC="06"/>
						<SP ID="P3_SP00945" HPOS="2772" VPOS="6166" WIDTH="44"/>
						<String ID="P3_ST01109" HPOS="2816" VPOS="6110" WIDTH="73" HEIGHT="46" CONTENT="sie" WC="0.98" CC="050"/>
						<SP ID="P3_SP00946" HPOS="2889" VPOS="6166" WIDTH="43"/>
						<String ID="P3_ST01110" HPOS="2932" VPOS="6108" WIDTH="130" HEIGHT="49" CONTENT="noch" WC="0.98" CC="0411"/>
						<SP ID="P3_SP00947" HPOS="3062" VPOS="6166" WIDTH="36"/>
						<String ID="P3_ST01111" HPOS="3098" VPOS="6107" WIDTH="365" HEIGHT="51" CONTENT="ernstnehmen" WC="0.99" CC="90600500000"/>
					</TextLine>
					<TextLine ID="P3_TL00155" HPOS="1951" VPOS="6189" WIDTH="202" HEIGHT="51">
						<String ID="P3_ST01112" HPOS="1951" VPOS="6189" WIDTH="202" HEIGHT="51" CONTENT="kannst" WC="0.96" CC="668727"/>
					</TextLine>
					<TextLine ID="P3_TL00156" HPOS="2075" VPOS="6272" WIDTH="1387" HEIGHT="67">
						<String ID="P3_ST01113" HPOS="2075" VPOS="6272" WIDTH="253" HEIGHT="53" CONTENT="Franz:" WC="0.97" CC="646504"/>
						<SP ID="P3_SP00948" HPOS="2328" VPOS="6325" WIDTH="62"/>
						<String ID="P3_ST01114" HPOS="2390" VPOS="6275" WIDTH="79" HEIGHT="50" CONTENT="Du" WC="0.56" CC="16"/>
						<SP ID="P3_SP00949" HPOS="2469" VPOS="6325" WIDTH="44"/>
						<String ID="P3_ST01115" HPOS="2513" VPOS="6276" WIDTH="103" HEIGHT="52" CONTENT="bist" WC="0.99" CC="4000"/>
						<SP ID="P3_SP00950" HPOS="2616" VPOS="6328" WIDTH="44"/>
						<String ID="P3_ST01116" HPOS="2660" VPOS="6277" WIDTH="223" HEIGHT="60" CONTENT="morsch," WC="0.99" CC="1530000"/>
						<SP ID="P3_SP00951" HPOS="2883" VPOS="6337" WIDTH="49"/>
						<String ID="P3_ST01117" HPOS="2932" VPOS="6277" WIDTH="157" HEIGHT="50" CONTENT="durch" WC="0.96" CC="45069"/>
						<SP ID="P3_SP00952" HPOS="3089" VPOS="6337" WIDTH="41"/>
						<String ID="P3_ST01118" HPOS="3130" VPOS="6279" WIDTH="102" HEIGHT="48" CONTENT="und" WC="0.95" CC="750"/>
						<SP ID="P3_SP00953" HPOS="3232" VPOS="6337" WIDTH="47"/>
						<String ID="P3_ST01119" HPOS="3279" VPOS="6277" WIDTH="183" HEIGHT="62" CONTENT="durch;" WC="0.99" CC="052005"/>
					</TextLine>
					<TextLine ID="P3_TL00157" HPOS="1953" VPOS="6360" WIDTH="1510" HEIGHT="61">
						<String ID="P3_ST01120" HPOS="1953" VPOS="6360" WIDTH="259" HEIGHT="59" CONTENT="entsaftet," WC="0.99" CC="0600070204"/>
						<SP ID="P3_SP00954" HPOS="2212" VPOS="6419" WIDTH="48"/>
						<String ID="P3_ST01121" HPOS="2260" VPOS="6360" WIDTH="279" HEIGHT="61" CONTENT="entfeuert;" WC="0.99" CC="0735070004"/>
						<SP ID="P3_SP00955" HPOS="2539" VPOS="6421" WIDTH="47"/>
						<String ID="P3_ST01122" HPOS="2586" VPOS="6361" WIDTH="117" HEIGHT="49" CONTENT="kein" WC="0.99" CC="0005"/>
						<SP ID="P3_SP00956" HPOS="2703" VPOS="6421" WIDTH="45"/>
						<String ID="P3_ST01123" HPOS="2748" VPOS="6360" WIDTH="276" HEIGHT="51" CONTENT="Fünkchen" WC="0.76" CC="60604001"/>
						<SP ID="P3_SP00957" HPOS="3024" VPOS="6421" WIDTH="46"/>
						<String ID="P3_ST01124" HPOS="3070" VPOS="6361" WIDTH="151" HEIGHT="50" CONTENT="Wille" WC="0.99" CC="03300"/>
						<SP ID="P3_SP00958" HPOS="3221" VPOS="6421" WIDTH="45"/>
						<String ID="P3_ST01125" HPOS="3266" VPOS="6361" WIDTH="197" HEIGHT="58" CONTENT="glimmt" WC="0.98" CC="910083"/>
					</TextLine>
					<TextLine ID="P3_TL00158" HPOS="1951" VPOS="6442" WIDTH="693" HEIGHT="53">
						<String ID="P3_ST01126" HPOS="1951" VPOS="6442" WIDTH="146" HEIGHT="50" CONTENT="mehr" WC="0.97" CC="1065"/>
						<SP ID="P3_SP00959" HPOS="2097" VPOS="6492" WIDTH="40"/>
						<String ID="P3_ST01127" HPOS="2137" VPOS="6445" WIDTH="47" HEIGHT="47" CONTENT="in" WC="0.75" CC="40"/>
						<SP ID="P3_SP00960" HPOS="2184" VPOS="6492" WIDTH="45"/>
						<String ID="P3_ST01128" HPOS="2229" VPOS="6445" WIDTH="173" HEIGHT="49" CONTENT="deiner" WC="0.99" CC="005003"/>
						<SP ID="P3_SP00961" HPOS="2402" VPOS="6494" WIDTH="40"/>
						<String ID="P3_ST01129" HPOS="2442" VPOS="6443" WIDTH="202" HEIGHT="52" CONTENT="Schale." WC="1.00" CC="0001600"/>
					</TextLine>
					<TextLine ID="P3_TL00159" HPOS="2077" VPOS="6525" WIDTH="1385" HEIGHT="62">
						<String ID="P3_ST01130" HPOS="2077" VPOS="6525" WIDTH="255" HEIGHT="53" CONTENT="Guido:" WC="0.98" CC="665010"/>
						<SP ID="P3_SP00962" HPOS="2332" VPOS="6578" WIDTH="65"/>
						<String ID="P3_ST01131" HPOS="2397" VPOS="6526" WIDTH="123" HEIGHT="52" CONTENT="Man" WC="0.99" CC="003"/>
						<SP ID="P3_SP00963" HPOS="2520" VPOS="6578" WIDTH="42"/>
						<String ID="P3_ST01132" HPOS="2562" VPOS="6531" WIDTH="272" HEIGHT="56" CONTENT="widerlegt" WC="0.99" CC="960044090"/>
						<SP ID="P3_SP00964" HPOS="2834" VPOS="6587" WIDTH="48"/>
						<String ID="P3_ST01133" HPOS="2882" VPOS="6531" WIDTH="320" HEIGHT="56" CONTENT="unbequeme" WC="0.99" CC="320066000"/>
						<SP ID="P3_SP00965" HPOS="3202" VPOS="6587" WIDTH="44"/>
						<String ID="P3_ST01134" HPOS="3246" VPOS="6530" WIDTH="186" HEIGHT="51" CONTENT="Ansich" SUBS_TYPE="HypPart1" SUBS_CONTENT="Ansichten" WC="0.99" CC="030020"/>
						<HYP HPOS="3432" VPOS="6530" WIDTH="30" CONTENT="-"/>
					</TextLine>
					<TextLine ID="P3_TL00160" HPOS="1951" VPOS="6612" WIDTH="1510" HEIGHT="63">
						<String ID="P3_ST01135" HPOS="1951" VPOS="6615" WIDTH="85" HEIGHT="46" CONTENT="ten" SUBS_TYPE="HypPart2" SUBS_CONTENT="Ansichten" WC="0.98" CC="006"/>
						<SP ID="P3_SP00966" HPOS="2036" VPOS="6661" WIDTH="32"/>
						<String ID="P3_ST01136" HPOS="2068" VPOS="6612" WIDTH="140" HEIGHT="51" CONTENT="nicht" WC="0.96" CC="75790"/>
						<SP ID="P3_SP00967" HPOS="2208" VPOS="6663" WIDTH="33"/>
						<String ID="P3_ST01137" HPOS="2241" VPOS="6615" WIDTH="172" HEIGHT="57" CONTENT="damit," WC="1.00" CC="000500"/>
						<SP ID="P3_SP00968" HPOS="2413" VPOS="6672" WIDTH="32"/>
						<String ID="P3_ST01138" HPOS="2445" VPOS="6613" WIDTH="95" HEIGHT="51" CONTENT="daß" WC="0.98" CC="110"/>
						<SP ID="P3_SP00969" HPOS="2540" VPOS="6672" WIDTH="32"/>
						<String ID="P3_ST01139" HPOS="2572" VPOS="6629" WIDTH="134" HEIGHT="46" CONTENT="man," WC="0.97" CC="7500"/>
						<SP ID="P3_SP00970" HPOS="2706" VPOS="6675" WIDTH="32"/>
						<String ID="P3_ST01140" HPOS="2738" VPOS="6615" WIDTH="87" HEIGHT="49" CONTENT="auf" WC="0.92" CC="866"/>
						<SP ID="P3_SP00971" HPOS="2825" VPOS="6675" WIDTH="28"/>
						<String ID="P3_ST01141" HPOS="2853" VPOS="6619" WIDTH="115" HEIGHT="47" CONTENT="eine" WC="0.95" CC="9570"/>
						<SP ID="P3_SP00972" HPOS="2968" VPOS="6675" WIDTH="33"/>
						<String ID="P3_ST01142" HPOS="3001" VPOS="6615" WIDTH="318" HEIGHT="58" CONTENT="pathetische" WC="0.99" CC="07900006000"/>
						<SP ID="P3_SP00973" HPOS="3319" VPOS="6675" WIDTH="33"/>
						<String ID="P3_ST01143" HPOS="3352" VPOS="6616" WIDTH="109" HEIGHT="58" CONTENT="Art," WC="0.99" CC="0002"/>
					</TextLine>
					<TextLine ID="P3_TL00161" HPOS="1949" VPOS="6697" WIDTH="482" HEIGHT="52">
						<String ID="P3_ST01144" HPOS="1949" VPOS="6698" WIDTH="76" HEIGHT="50" CONTENT="sie" WC="0.96" CC="650"/>
						<SP ID="P3_SP00974" HPOS="2025" VPOS="6748" WIDTH="37"/>
						<String ID="P3_ST01145" HPOS="2062" VPOS="6697" WIDTH="165" HEIGHT="50" CONTENT="krank" WC="0.99" CC="00055"/>
						<SP ID="P3_SP00975" HPOS="2227" VPOS="6748" WIDTH="40"/>
						<String ID="P3_ST01146" HPOS="2267" VPOS="6697" WIDTH="164" HEIGHT="52" CONTENT="schilt." WC="0.99" CC="6402104"/>
					</TextLine>
					<TextLine ID="P3_TL00162" HPOS="2074" VPOS="6780" WIDTH="1388" HEIGHT="61">
						<String ID="P3_ST01147" HPOS="2074" VPOS="6780" WIDTH="251" HEIGHT="53" CONTENT="Franz:" WC="0.97" CC="707913"/>
						<SP ID="P3_SP00976" HPOS="2325" VPOS="6833" WIDTH="66"/>
						<String ID="P3_ST01148" HPOS="2391" VPOS="6780" WIDTH="170" HEIGHT="52" CONTENT="Wenn" WC="0.97" CC="0066"/>
						<SP ID="P3_SP00977" HPOS="2561" VPOS="6833" WIDTH="44"/>
						<String ID="P3_ST01149" HPOS="2605" VPOS="6786" WIDTH="89" HEIGHT="48" CONTENT="der" WC="0.98" CC="003"/>
						<SP ID="P3_SP00978" HPOS="2694" VPOS="6834" WIDTH="44"/>
						<String ID="P3_ST01150" HPOS="2738" VPOS="6783" WIDTH="199" HEIGHT="58" CONTENT="Begriff" WC="0.98" CC="2064066"/>
						<SP ID="P3_SP00979" HPOS="2937" VPOS="6841" WIDTH="72"/>
						<String ID="P3_ST01151" HPOS="3009" VPOS="6786" WIDTH="97" HEIGHT="49" CONTENT="der" WC="0.94" CC="906"/>
						<SP ID="P3_SP00980" HPOS="3106" VPOS="6841" WIDTH="76"/>
						<String ID="P3_ST01152" HPOS="3182" VPOS="6784" WIDTH="280" HEIGHT="56" CONTENT="Krankheit" WC="0.98" CC="963920050"/>
					</TextLine>
					<TextLine ID="P3_TL00163" HPOS="1950" VPOS="6866" WIDTH="1512" HEIGHT="63">
						<String ID="P3_ST01153" HPOS="1950" VPOS="6869" WIDTH="147" HEIGHT="48" CONTENT="einen" WC="0.97" CC="07509"/>
						<SP ID="P3_SP00981" HPOS="2097" VPOS="6917" WIDTH="41"/>
						<String ID="P3_ST01154" HPOS="2138" VPOS="6866" WIDTH="123" HEIGHT="51" CONTENT="Sinn" WC="0.95" CC="0886"/>
						<SP ID="P3_SP00982" HPOS="2261" VPOS="6917" WIDTH="40"/>
						<String ID="P3_ST01155" HPOS="2301" VPOS="6867" WIDTH="104" HEIGHT="62" CONTENT="hat," WC="0.98" CC="7004"/>
						<SP ID="P3_SP00983" HPOS="2405" VPOS="6929" WIDTH="75"/>
						<String ID="P3_ST01156" HPOS="2480" VPOS="6869" WIDTH="134" HEIGHT="49" CONTENT="dann" WC="0.95" CC="6860"/>
						<SP ID="P3_SP00984" HPOS="2614" VPOS="6929" WIDTH="36"/>
						<String ID="P3_ST01157" HPOS="2650" VPOS="6870" WIDTH="87" HEIGHT="49" CONTENT="hat" WC="0.98" CC="600"/>
						<SP ID="P3_SP00985" HPOS="2737" VPOS="6929" WIDTH="44"/>
						<String ID="P3_ST01158" HPOS="2781" VPOS="6883" WIDTH="56" HEIGHT="35" CONTENT="er" WC="1.00" CC="00"/>
						<SP ID="P3_SP00986" HPOS="2837" VPOS="6929" WIDTH="42"/>
						<String ID="P3_ST01159" HPOS="2879" VPOS="6869" WIDTH="123" HEIGHT="50" CONTENT="den:" WC="0.97" CC="3044"/>
						<SP ID="P3_SP00987" HPOS="3002" VPOS="6929" WIDTH="46"/>
						<String ID="P3_ST01160" HPOS="3048" VPOS="6871" WIDTH="148" HEIGHT="48" CONTENT="einen" WC="0.98" CC="05407"/>
						<SP ID="P3_SP00988" HPOS="3196" VPOS="6929" WIDTH="38"/>
						<String ID="P3_ST01161" HPOS="3234" VPOS="6868" WIDTH="228" HEIGHT="51" CONTENT="Zustand" WC="0.98" CC="0500658"/>
					</TextLine>
					<TextLine ID="P3_TL00164" HPOS="1949" VPOS="6951" WIDTH="1512" HEIGHT="62">
						<String ID="P3_ST01162" HPOS="1949" VPOS="6964" WIDTH="63" HEIGHT="37" CONTENT="zu" WC="0.53" CC="72"/>
						<SP ID="P3_SP00989" HPOS="2012" VPOS="7001" WIDTH="35"/>
						<String ID="P3_ST01163" HPOS="2047" VPOS="6951" WIDTH="331" HEIGHT="62" CONTENT="bezeichnen," WC="0.99" CC="75064226097"/>
						<SP ID="P3_SP00990" HPOS="2378" VPOS="7013" WIDTH="38"/>
						<String ID="P3_ST01164" HPOS="2416" VPOS="6954" WIDTH="90" HEIGHT="49" CONTENT="der" WC="0.96" CC="703"/>
						<SP ID="P3_SP00991" HPOS="2506" VPOS="7013" WIDTH="39"/>
						<String ID="P3_ST01165" HPOS="2545" VPOS="6954" WIDTH="97" HEIGHT="49" CONTENT="den" WC="0.93" CC="746"/>
						<SP ID="P3_SP00992" HPOS="2642" VPOS="7013" WIDTH="35"/>
						<String ID="P3_ST01166" HPOS="2677" VPOS="6951" WIDTH="283" HEIGHT="53" CONTENT="Menschen" WC="0.98" CC="19563707"/>
						<SP ID="P3_SP00993" HPOS="2960" VPOS="7013" WIDTH="34"/>
						<String ID="P3_ST01167" HPOS="2994" VPOS="6968" WIDTH="126" HEIGHT="36" CONTENT="vom" WC="0.97" CC="140"/>
						<SP ID="P3_SP00994" HPOS="3120" VPOS="7013" WIDTH="36"/>
						<String ID="P3_ST01168" HPOS="3156" VPOS="6953" WIDTH="176" HEIGHT="52" CONTENT="Leben" WC="0.97" CC="07547"/>
						<SP ID="P3_SP00995" HPOS="3332" VPOS="7013" WIDTH="39"/>
						<String ID="P3_ST01169" HPOS="3371" VPOS="6955" WIDTH="60" HEIGHT="50" CONTENT="ab" SUBS_TYPE="HypPart1" SUBS_CONTENT="ablenkt." WC="0.92" CC="69"/>
						<HYP HPOS="3431" VPOS="6955" WIDTH="30" CONTENT="-"/>
					</TextLine>
					<TextLine ID="P3_TL00165" HPOS="1944" VPOS="7036" WIDTH="155" HEIGHT="51">
						<String ID="P3_ST01170" HPOS="1944" VPOS="7036" WIDTH="155" HEIGHT="51" CONTENT="lenkt." SUBS_TYPE="HypPart2" SUBS_CONTENT="ablenkt." WC="0.98" CC="328304"/>
					</TextLine>
				</TextBlock>
				<TextBlock ID="P3_TB00004" HPOS="3590" VPOS="186" WIDTH="1520" HEIGHT="4211" STYLEREFS="TXT_0 PAR_LEFT">
					<TextLine ID="P3_TL00166" HPOS="3716" VPOS="187" WIDTH="1383" HEIGHT="59">
						<String ID="P3_ST01171" HPOS="3716" VPOS="192" WIDTH="253" HEIGHT="48" CONTENT="Guido:" WC="0.98" CC="063064"/>
						<SP ID="P3_SP00996" HPOS="3969" VPOS="240" WIDTH="115"/>
						<String ID="P3_ST01172" HPOS="4084" VPOS="191" WIDTH="103" HEIGHT="48" CONTENT="Der" WC="0.98" CC="004"/>
						<SP ID="P3_SP00997" HPOS="4187" VPOS="240" WIDTH="49"/>
						<String ID="P3_ST01173" HPOS="4236" VPOS="189" WIDTH="195" HEIGHT="57" CONTENT="Begriff" WC="0.98" CC="4002479"/>
						<SP ID="P3_SP00998" HPOS="4431" VPOS="246" WIDTH="52"/>
						<String ID="P3_ST01174" HPOS="4483" VPOS="191" WIDTH="89" HEIGHT="47" CONTENT="der" WC="1.00" CC="001"/>
						<SP ID="P3_SP00999" HPOS="4572" VPOS="246" WIDTH="49"/>
						<String ID="P3_ST01175" HPOS="4621" VPOS="187" WIDTH="280" HEIGHT="56" CONTENT="Krankheit" WC="0.99" CC="086600050"/>
						<SP ID="P3_SP01000" HPOS="4901" VPOS="246" WIDTH="79"/>
						<String ID="P3_ST01176" HPOS="4980" VPOS="187" WIDTH="119" HEIGHT="49" CONTENT="hat" WC="0.95" CC="077"/>
					</TextLine>
					<TextLine ID="P3_TL00167" HPOS="3590" VPOS="270" WIDTH="1414" HEIGHT="56">
						<String ID="P3_ST01177" HPOS="3590" VPOS="277" WIDTH="184" HEIGHT="49" CONTENT="keinen" WC="0.98" CC="504608"/>
						<SP ID="P3_SP01001" HPOS="3774" VPOS="326" WIDTH="41"/>
						<String ID="P3_ST01178" HPOS="3815" VPOS="276" WIDTH="137" HEIGHT="49" CONTENT="Sinn." WC="0.97" CC="04097"/>
						<SP ID="P3_SP01002" HPOS="3952" VPOS="326" WIDTH="75"/>
						<String ID="P3_ST01179" HPOS="4027" VPOS="276" WIDTH="98" HEIGHT="49" CONTENT="Hat" WC="0.95" CC="731"/>
						<SP ID="P3_SP01003" HPOS="4125" VPOS="326" WIDTH="44"/>
						<String ID="P3_ST01180" HPOS="4169" VPOS="275" WIDTH="256" HEIGHT="50" CONTENT="vielleicht" WC="0.99" CC="8600404050"/>
						<SP ID="P3_SP01004" HPOS="4425" VPOS="326" WIDTH="43"/>
						<String ID="P3_ST01181" HPOS="4468" VPOS="276" WIDTH="91" HEIGHT="47" CONTENT="das" WC="0.94" CC="860"/>
						<SP ID="P3_SP01005" HPOS="4559" VPOS="326" WIDTH="41"/>
						<String ID="P3_ST01182" HPOS="4600" VPOS="274" WIDTH="173" HEIGHT="47" CONTENT="Leben" WC="0.99" CC="00305"/>
						<SP ID="P3_SP01006" HPOS="4773" VPOS="326" WIDTH="47"/>
						<String ID="P3_ST01183" HPOS="4820" VPOS="270" WIDTH="184" HEIGHT="50" CONTENT="einen?" WC="0.99" CC="075000"/>
					</TextLine>
					<TextLine ID="P3_TL00168" HPOS="3721" VPOS="355" WIDTH="1379" HEIGHT="65">
						<String ID="P3_ST01184" HPOS="3721" VPOS="361" WIDTH="252" HEIGHT="50" CONTENT="Franz:" WC="0.97" CC="644904"/>
						<SP ID="P3_SP01007" HPOS="3973" VPOS="411" WIDTH="61"/>
						<String ID="P3_ST01185" HPOS="4034" VPOS="360" WIDTH="140" HEIGHT="60" CONTENT="Nein," WC="0.98" CC="00463"/>
						<SP ID="P3_SP01008" HPOS="4174" VPOS="420" WIDTH="43"/>
						<String ID="P3_ST01186" HPOS="4217" VPOS="360" WIDTH="78" HEIGHT="48" CONTENT="ich" WC="0.97" CC="420"/>
						<SP ID="P3_SP01009" HPOS="4295" VPOS="420" WIDTH="36"/>
						<String ID="P3_ST01187" HPOS="4331" VPOS="360" WIDTH="85" HEIGHT="48" CONTENT="bin" WC="1.00" CC="000"/>
						<SP ID="P3_SP01010" HPOS="4416" VPOS="420" WIDTH="42"/>
						<String ID="P3_ST01188" HPOS="4458" VPOS="373" WIDTH="132" HEIGHT="43" CONTENT="ganz" WC="0.98" CC="0070"/>
						<SP ID="P3_SP01011" HPOS="4590" VPOS="420" WIDTH="41"/>
						<String ID="P3_ST01189" HPOS="4631" VPOS="359" WIDTH="171" HEIGHT="47" CONTENT="deiner" WC="1.00" CC="004000"/>
						<SP ID="P3_SP01012" HPOS="4802" VPOS="420" WIDTH="40"/>
						<String ID="P3_ST01190" HPOS="4842" VPOS="355" WIDTH="258" HEIGHT="57" CONTENT="Meinung," WC="0.98" CC="00657770"/>
					</TextLine>
					<TextLine ID="P3_TL00169" HPOS="3592" VPOS="441" WIDTH="1509" HEIGHT="66">
						<String ID="P3_ST01191" HPOS="3592" VPOS="462" WIDTH="57" HEIGHT="37" CONTENT="es" WC="0.73" CC="50"/>
						<SP ID="P3_SP01013" HPOS="3649" VPOS="499" WIDTH="36"/>
						<String ID="P3_ST01192" HPOS="3685" VPOS="447" WIDTH="119" HEIGHT="49" CONTENT="hat" WC="0.98" CC="040"/>
						<SP ID="P3_SP01014" HPOS="3804" VPOS="499" WIDTH="35"/>
						<String ID="P3_ST01193" HPOS="3839" VPOS="447" WIDTH="208" HEIGHT="60" CONTENT="keinen;" WC="0.99" CC="0006060"/>
						<SP ID="P3_SP01015" HPOS="4047" VPOS="507" WIDTH="38"/>
						<String ID="P3_ST01194" HPOS="4085" VPOS="460" WIDTH="117" HEIGHT="35" CONTENT="man" WC="0.96" CC="090"/>
						<SP ID="P3_SP01016" HPOS="4202" VPOS="507" WIDTH="35"/>
						<String ID="P3_ST01195" HPOS="4237" VPOS="444" WIDTH="119" HEIGHT="49" CONTENT="muß" WC="0.95" CC="860"/>
						<SP ID="P3_SP01017" HPOS="4356" VPOS="507" WIDTH="39"/>
						<String ID="P3_ST01196" HPOS="4395" VPOS="445" WIDTH="99" HEIGHT="47" CONTENT="ihm" WC="1.00" CC="000"/>
						<SP ID="P3_SP01018" HPOS="4494" VPOS="507" WIDTH="36"/>
						<String ID="P3_ST01197" HPOS="4530" VPOS="448" WIDTH="105" HEIGHT="45" CONTENT="erst" WC="1.00" CC="0000"/>
						<SP ID="P3_SP01019" HPOS="4635" VPOS="507" WIDTH="40"/>
						<String ID="P3_ST01198" HPOS="4675" VPOS="445" WIDTH="144" HEIGHT="46" CONTENT="einen" WC="0.98" CC="31307"/>
						<SP ID="P3_SP01020" HPOS="4819" VPOS="507" WIDTH="37"/>
						<String ID="P3_ST01199" HPOS="4856" VPOS="441" WIDTH="245" HEIGHT="56" CONTENT="geben." WC="0.99" CC="000204"/>
					</TextLine>
					<TextLine ID="P3_TL00170" HPOS="3591" VPOS="531" WIDTH="524" HEIGHT="51">
						<String ID="P3_ST01200" HPOS="3591" VPOS="531" WIDTH="116" HEIGHT="51" CONTENT="Und" WC="0.94" CC="087"/>
						<SP ID="P3_SP01021" HPOS="3707" VPOS="582" WIDTH="45"/>
						<String ID="P3_ST01201" HPOS="3752" VPOS="533" WIDTH="91" HEIGHT="48" CONTENT="das" WC="0.99" CC="003"/>
						<SP ID="P3_SP01022" HPOS="3843" VPOS="582" WIDTH="49"/>
						<String ID="P3_ST01202" HPOS="3892" VPOS="535" WIDTH="84" HEIGHT="45" CONTENT="tue" WC="1.00" CC="000"/>
						<SP ID="P3_SP01023" HPOS="3976" VPOS="582" WIDTH="47"/>
						<String ID="P3_ST01203" HPOS="4023" VPOS="531" WIDTH="92" HEIGHT="48" CONTENT="ich." WC="0.97" CC="4073"/>
					</TextLine>
					<TextLine ID="P3_TL00171" HPOS="3719" VPOS="612" WIDTH="1117" HEIGHT="59">
						<String ID="P3_ST01204" HPOS="3719" VPOS="616" WIDTH="250" HEIGHT="50" CONTENT="Guido:" WC="0.98" CC="560004"/>
						<SP ID="P3_SP01024" HPOS="3969" VPOS="666" WIDTH="58"/>
						<String ID="P3_ST01205" HPOS="4027" VPOS="615" WIDTH="83" HEIGHT="49" CONTENT="Ich" WC="0.95" CC="660"/>
						<SP ID="P3_SP01025" HPOS="4110" VPOS="666" WIDTH="44"/>
						<String ID="P3_ST01206" HPOS="4154" VPOS="616" WIDTH="83" HEIGHT="47" CONTENT="bin" WC="0.96" CC="406"/>
						<SP ID="P3_SP01026" HPOS="4237" VPOS="666" WIDTH="42"/>
						<String ID="P3_ST01207" HPOS="4279" VPOS="618" WIDTH="267" HEIGHT="53" CONTENT="gespannt," WC="0.98" CC="930846002"/>
						<SP ID="P3_SP01027" HPOS="4546" VPOS="671" WIDTH="42"/>
						<String ID="P3_ST01208" HPOS="4588" VPOS="612" WIDTH="248" HEIGHT="49" CONTENT="welchen." WC="0.99" CC="00056043"/>
					</TextLine>
					<TextLine ID="P3_TL00172" HPOS="3722" VPOS="692" WIDTH="1380" HEIGHT="64">
						<String ID="P3_ST01209" HPOS="3722" VPOS="701" WIDTH="251" HEIGHT="48" CONTENT="Franz:" WC="0.99" CC="700014"/>
						<SP ID="P3_SP01028" HPOS="3973" VPOS="749" WIDTH="67"/>
						<String ID="P3_ST01210" HPOS="4040" VPOS="699" WIDTH="263" HEIGHT="57" CONTENT="Herrgott," WC="0.99" CC="703007000"/>
						<SP ID="P3_SP01029" HPOS="4303" VPOS="756" WIDTH="65"/>
						<String ID="P3_ST01211" HPOS="4368" VPOS="701" WIDTH="376" HEIGHT="52" CONTENT="meinetwegen" WC="0.99" CC="90850800007"/>
						<SP ID="P3_SP01030" HPOS="4744" VPOS="756" WIDTH="72"/>
						<String ID="P3_ST01212" HPOS="4816" VPOS="696" WIDTH="120" HEIGHT="48" CONTENT="den:" WC="0.96" CC="4154"/>
						<SP ID="P3_SP01031" HPOS="4936" VPOS="756" WIDTH="69"/>
						<String ID="P3_ST01213" HPOS="5005" VPOS="692" WIDTH="97" HEIGHT="49" CONTENT="daß" WC="1.00" CC="000"/>
					</TextLine>
					<TextLine ID="P3_TL00173" HPOS="3593" VPOS="776" WIDTH="1508" HEIGHT="63">
						<String ID="P3_ST01214" HPOS="3593" VPOS="787" WIDTH="79" HEIGHT="48" CONTENT="ich" WC="0.97" CC="620"/>
						<SP ID="P3_SP01032" HPOS="3672" VPOS="835" WIDTH="33"/>
						<String ID="P3_ST01215" HPOS="3705" VPOS="785" WIDTH="314" HEIGHT="50" CONTENT="Großkaiser" WC="0.99" CC="7316060001"/>
						<SP ID="P3_SP01033" HPOS="4019" VPOS="835" WIDTH="34"/>
						<String ID="P3_ST01216" HPOS="4053" VPOS="800" WIDTH="103" HEIGHT="33" CONTENT="von" WC="0.98" CC="014"/>
						<SP ID="P3_SP01034" HPOS="4156" VPOS="835" WIDTH="29"/>
						<String ID="P3_ST01217" HPOS="4185" VPOS="784" WIDTH="204" HEIGHT="55" CONTENT="Europa" WC="0.98" CC="640090"/>
						<SP ID="P3_SP01035" HPOS="4389" VPOS="839" WIDTH="32"/>
						<String ID="P3_ST01218" HPOS="4421" VPOS="784" WIDTH="204" HEIGHT="47" CONTENT="werde!" WC="0.99" CC="002012"/>
						<SP ID="P3_SP01036" HPOS="4625" VPOS="839" WIDTH="31"/>
						<String ID="P3_ST01219" HPOS="4656" VPOS="781" WIDTH="261" HEIGHT="58" CONTENT="Spielerei," WC="1.00" CC="0020400040"/>
						<SP ID="P3_SP01037" HPOS="4917" VPOS="839" WIDTH="30"/>
						<String ID="P3_ST01220" HPOS="4947" VPOS="776" WIDTH="154" HEIGHT="52" CONTENT="was?" WC="0.99" CC="0006"/>
					</TextLine>
					<TextLine ID="P3_TL00174" HPOS="3594" VPOS="862" WIDTH="1508" HEIGHT="63">
						<String ID="P3_ST01221" HPOS="3594" VPOS="871" WIDTH="203" HEIGHT="49" CONTENT="Jawohl" WC="0.99" CC="050001"/>
						<SP ID="P3_SP01038" HPOS="3797" VPOS="920" WIDTH="40"/>
						<String ID="P3_ST01222" HPOS="3837" VPOS="870" WIDTH="271" HEIGHT="55" CONTENT="Spielerei!" WC="1.00" CC="0000000044"/>
						<SP ID="P3_SP01039" HPOS="4108" VPOS="925" WIDTH="72"/>
						<String ID="P3_ST01223" HPOS="4180" VPOS="868" WIDTH="99" HEIGHT="48" CONTENT="Mir" WC="0.96" CC="370"/>
						<SP ID="P3_SP01040" HPOS="4279" VPOS="925" WIDTH="39"/>
						<String ID="P3_ST01224" HPOS="4318" VPOS="869" WIDTH="290" HEIGHT="47" CONTENT="frommt" WC="0.98" CC="610009"/>
						<SP ID="P3_SP01041" HPOS="4608" VPOS="925" WIDTH="42"/>
						<String ID="P3_ST01225" HPOS="4650" VPOS="868" WIDTH="138" HEIGHT="47" CONTENT="diese" WC="0.99" CC="03024"/>
						<SP ID="P3_SP01042" HPOS="4788" VPOS="925" WIDTH="42"/>
						<String ID="P3_ST01226" HPOS="4830" VPOS="862" WIDTH="272" HEIGHT="59" CONTENT="Spielerei!" WC="0.99" CC="0030205042"/>
					</TextLine>
					<TextLine ID="P3_TL00175" HPOS="3595" VPOS="948" WIDTH="1509" HEIGHT="61">
						<String ID="P3_ST01227" HPOS="3595" VPOS="955" WIDTH="315" HEIGHT="50" CONTENT="Großkaiser" WC="0.99" CC="7200044003"/>
						<SP ID="P3_SP01043" HPOS="3910" VPOS="1005" WIDTH="69"/>
						<String ID="P3_ST01228" HPOS="3979" VPOS="969" WIDTH="104" HEIGHT="34" CONTENT="von" WC="0.98" CC="060"/>
						<SP ID="P3_SP01044" HPOS="4083" VPOS="1005" WIDTH="72"/>
						<String ID="P3_ST01229" HPOS="4155" VPOS="953" WIDTH="205" HEIGHT="56" CONTENT="Europa" WC="0.98" CC="750005"/>
						<SP ID="P3_SP01045" HPOS="4360" VPOS="1009" WIDTH="42"/>
						<String ID="P3_ST01230" HPOS="4402" VPOS="985" WIDTH="59" HEIGHT="4" CONTENT="—" WC="0.20" CC="8"/>
						<SP ID="P3_SP01046" HPOS="4461" VPOS="1009" WIDTH="40"/>
						<String ID="P3_ST01231" HPOS="4501" VPOS="953" WIDTH="111" HEIGHT="47" CONTENT="ob's" WC="0.98" CC="6400"/>
						<SP ID="P3_SP01047" HPOS="4612" VPOS="1009" WIDTH="76"/>
						<String ID="P3_ST01232" HPOS="4688" VPOS="953" WIDTH="91" HEIGHT="46" CONTENT="das" WC="0.94" CC="950"/>
						<SP ID="P3_SP01048" HPOS="4779" VPOS="1009" WIDTH="43"/>
						<String ID="P3_ST01233" HPOS="4822" VPOS="948" WIDTH="282" HEIGHT="57" CONTENT="politische," WC="0.99" CC="10530902003"/>
					</TextLine>
					<TextLine ID="P3_TL00176" HPOS="3592" VPOS="1038" WIDTH="1509" HEIGHT="60">
						<String ID="P3_ST01234" HPOS="3592" VPOS="1041" WIDTH="113" HEIGHT="50" CONTENT="ob's" WC="0.96" CC="7432"/>
						<SP ID="P3_SP01049" HPOS="3705" VPOS="1091" WIDTH="33"/>
						<String ID="P3_ST01235" HPOS="3738" VPOS="1041" WIDTH="89" HEIGHT="48" CONTENT="das" WC="1.00" CC="000"/>
						<SP ID="P3_SP01050" HPOS="3827" VPOS="1091" WIDTH="29"/>
						<String ID="P3_ST01236" HPOS="3856" VPOS="1040" WIDTH="315" HEIGHT="48" CONTENT="literarische" WC="0.99" CC="640030302160"/>
						<SP ID="P3_SP01051" HPOS="4171" VPOS="1091" WIDTH="33"/>
						<String ID="P3_ST01237" HPOS="4204" VPOS="1041" WIDTH="80" HEIGHT="57" CONTENT="ist," WC="0.99" CC="4000"/>
						<SP ID="P3_SP01052" HPOS="4284" VPOS="1098" WIDTH="30"/>
						<String ID="P3_ST01238" HPOS="4314" VPOS="1039" WIDTH="125" HEIGHT="47" CONTENT="oder" WC="0.99" CC="5000"/>
						<SP ID="P3_SP01053" HPOS="4439" VPOS="1098" WIDTH="33"/>
						<String ID="P3_ST01239" HPOS="4472" VPOS="1038" WIDTH="149" HEIGHT="48" CONTENT="beide" WC="1.00" CC="00100"/>
						<SP ID="P3_SP01054" HPOS="4621" VPOS="1098" WIDTH="33"/>
						<String ID="P3_ST01240" HPOS="4654" VPOS="1049" WIDTH="299" HEIGHT="36" CONTENT="zusammen" WC="1.00" CC="00000000"/>
						<SP ID="P3_SP01055" HPOS="4953" VPOS="1098" WIDTH="31"/>
						<String ID="P3_ST01241" HPOS="4984" VPOS="1047" WIDTH="117" HEIGHT="43" CONTENT="gar:" WC="0.98" CC="0064"/>
					</TextLine>
					<TextLine ID="P3_TL00177" HPOS="3596" VPOS="1119" WIDTH="1510" HEIGHT="62">
						<String ID="P3_ST01242" HPOS="3596" VPOS="1126" WIDTH="92" HEIGHT="49" CONTENT="das" WC="0.99" CC="003"/>
						<SP ID="P3_SP01056" HPOS="3688" VPOS="1175" WIDTH="45"/>
						<String ID="P3_ST01243" HPOS="3733" VPOS="1128" WIDTH="63" HEIGHT="46" CONTENT="ist" WC="0.98" CC="400"/>
						<SP ID="P3_SP01057" HPOS="3796" VPOS="1175" WIDTH="44"/>
						<String ID="P3_ST01244" HPOS="3840" VPOS="1127" WIDTH="94" HEIGHT="45" CONTENT="mir" WC="1.00" CC="000"/>
						<SP ID="P3_SP01058" HPOS="3934" VPOS="1175" WIDTH="43"/>
						<String ID="P3_ST01245" HPOS="3977" VPOS="1125" WIDTH="275" HEIGHT="56" CONTENT="schnuppe." WC="1.00" CC="206000000"/>
						<SP ID="P3_SP01059" HPOS="4252" VPOS="1181" WIDTH="74"/>
						<String ID="P3_ST01246" HPOS="4326" VPOS="1121" WIDTH="127" HEIGHT="49" CONTENT="Man" WC="0.97" CC="042"/>
						<SP ID="P3_SP01060" HPOS="4453" VPOS="1181" WIDTH="46"/>
						<String ID="P3_ST01247" HPOS="4499" VPOS="1121" WIDTH="117" HEIGHT="49" CONTENT="muß" WC="0.98" CC="060"/>
						<SP ID="P3_SP01061" HPOS="4616" VPOS="1181" WIDTH="46"/>
						<String ID="P3_ST01248" HPOS="4662" VPOS="1123" WIDTH="132" HEIGHT="47" CONTENT="zwei" WC="0.98" CC="0034"/>
						<SP ID="P3_SP01062" HPOS="4794" VPOS="1181" WIDTH="44"/>
						<String ID="P3_ST01249" HPOS="4838" VPOS="1119" WIDTH="152" HEIGHT="48" CONTENT="Eisen" WC="0.98" CC="45104"/>
						<SP ID="P3_SP01063" HPOS="4990" VPOS="1181" WIDTH="46"/>
						<String ID="P3_ST01250" HPOS="5036" VPOS="1119" WIDTH="70" HEIGHT="46" CONTENT="im" WC="0.53" CC="09"/>
					</TextLine>
					<TextLine ID="P3_TL00178" HPOS="3593" VPOS="1203" WIDTH="1511" HEIGHT="59">
						<String ID="P3_ST01251" HPOS="3593" VPOS="1209" WIDTH="166" HEIGHT="50" CONTENT="Feuer" WC="0.98" CC="77000"/>
						<SP ID="P3_SP01064" HPOS="3759" VPOS="1259" WIDTH="39"/>
						<String ID="P3_ST01252" HPOS="3798" VPOS="1210" WIDTH="192" HEIGHT="48" CONTENT="haben!" WC="0.98" CC="733340"/>
						<SP ID="P3_SP01065" HPOS="3990" VPOS="1259" WIDTH="48"/>
						<String ID="P3_ST01253" HPOS="4038" VPOS="1248" WIDTH="9" HEIGHT="10" CONTENT="." WC="0.57" CC="4"/>
						<SP ID="P3_SP01066" HPOS="4047" VPOS="1259" WIDTH="48"/>
						<String ID="P3_ST01254" HPOS="4095" VPOS="1247" WIDTH="8" HEIGHT="8" CONTENT="." WC="0.68" CC="3"/>
						<SP ID="P3_SP01067" HPOS="4103" VPOS="1259" WIDTH="47"/>
						<String ID="P3_ST01255" HPOS="4150" VPOS="1247" WIDTH="8" HEIGHT="9" CONTENT="." WC="0.59" CC="4"/>
						<SP ID="P3_SP01068" HPOS="4158" VPOS="1259" WIDTH="80"/>
						<String ID="P3_ST01256" HPOS="4238" VPOS="1207" WIDTH="313" HEIGHT="49" CONTENT="Großkaiser" WC="1.00" CC="6420001000"/>
						<SP ID="P3_SP01069" HPOS="4551" VPOS="1259" WIDTH="43"/>
						<String ID="P3_ST01257" HPOS="4594" VPOS="1220" WIDTH="105" HEIGHT="34" CONTENT="von" WC="0.99" CC="020"/>
						<SP ID="P3_SP01070" HPOS="4699" VPOS="1259" WIDTH="41"/>
						<String ID="P3_ST01258" HPOS="4740" VPOS="1204" WIDTH="220" HEIGHT="58" CONTENT="Europa," WC="0.98" CC="6733004"/>
						<SP ID="P3_SP01071" HPOS="4960" VPOS="1262" WIDTH="79"/>
						<String ID="P3_ST01259" HPOS="5039" VPOS="1203" WIDTH="65" HEIGHT="48" CONTENT="du" WC="0.68" CC="06"/>
					</TextLine>
					<TextLine ID="P3_TL00179" HPOS="3595" VPOS="1287" WIDTH="1510" HEIGHT="63">
						<String ID="P3_ST01260" HPOS="3595" VPOS="1293" WIDTH="436" HEIGHT="57" CONTENT="philosophischer" WC="0.99" CC="860300109009503"/>
						<SP ID="P3_SP01072" HPOS="4031" VPOS="1350" WIDTH="70"/>
						<String ID="P3_ST01261" HPOS="4101" VPOS="1292" WIDTH="482" HEIGHT="57" CONTENT="Schlappschwanz," WC="1.00" CC="000300000002402"/>
						<SP ID="P3_SP01073" HPOS="4583" VPOS="1350" WIDTH="35"/>
						<String ID="P3_ST01262" HPOS="4618" VPOS="1292" WIDTH="103" HEIGHT="47" CONTENT="will" WC="0.96" CC="9430"/>
						<SP ID="P3_SP01074" HPOS="4721" VPOS="1350" WIDTH="38"/>
						<String ID="P3_ST01263" HPOS="4759" VPOS="1290" WIDTH="78" HEIGHT="48" CONTENT="ich" WC="1.00" CC="000"/>
						<SP ID="P3_SP01075" HPOS="4837" VPOS="1350" WIDTH="38"/>
						<String ID="P3_ST01264" HPOS="4875" VPOS="1287" WIDTH="230" HEIGHT="55" CONTENT="werden," WC="1.00" CC="0030004"/>
					</TextLine>
					<TextLine ID="P3_TL00180" HPOS="3595" VPOS="1373" WIDTH="1509" HEIGHT="56">
						<String ID="P3_ST01265" HPOS="3595" VPOS="1381" WIDTH="100" HEIGHT="47" CONTENT="und" WC="0.96" CC="450"/>
						<SP ID="P3_SP01076" HPOS="3695" VPOS="1428" WIDTH="45"/>
						<String ID="P3_ST01266" HPOS="3740" VPOS="1379" WIDTH="208" HEIGHT="50" CONTENT="deshalb" WC="0.99" CC="0019050"/>
						<SP ID="P3_SP01077" HPOS="3948" VPOS="1429" WIDTH="44"/>
						<String ID="P3_ST01267" HPOS="3992" VPOS="1380" WIDTH="292" HEIGHT="47" CONTENT="schwärme" WC="1.00" CC="03000200"/>
						<SP ID="P3_SP01078" HPOS="4284" VPOS="1429" WIDTH="43"/>
						<String ID="P3_ST01268" HPOS="4327" VPOS="1376" WIDTH="79" HEIGHT="49" CONTENT="ich" WC="0.97" CC="431"/>
						<SP ID="P3_SP01079" HPOS="4406" VPOS="1429" WIDTH="40"/>
						<String ID="P3_ST01269" HPOS="4446" VPOS="1378" WIDTH="78" HEIGHT="47" CONTENT="für" WC="0.97" CC="700"/>
						<SP ID="P3_SP01080" HPOS="4524" VPOS="1429" WIDTH="75"/>
						<String ID="P3_ST01270" HPOS="4599" VPOS="1377" WIDTH="79" HEIGHT="47" CONTENT="die" WC="1.00" CC="000"/>
						<SP ID="P3_SP01081" HPOS="4678" VPOS="1429" WIDTH="75"/>
						<String ID="P3_ST01271" HPOS="4753" VPOS="1373" WIDTH="351" HEIGHT="50" CONTENT="Demokratie." WC="1.00" CC="00000060104"/>
					</TextLine>
					<TextLine ID="P3_TL00181" HPOS="3594" VPOS="1456" WIDTH="1510" HEIGHT="66">
						<String ID="P3_ST01272" HPOS="3594" VPOS="1463" WIDTH="254" HEIGHT="57" CONTENT="Beruhige" WC="0.99" CC="50050600"/>
						<SP ID="P3_SP01082" HPOS="3848" VPOS="1520" WIDTH="41"/>
						<String ID="P3_ST01273" HPOS="3889" VPOS="1463" WIDTH="111" HEIGHT="49" CONTENT="dich" WC="0.98" CC="0303"/>
						<SP ID="P3_SP01083" HPOS="4000" VPOS="1520" WIDTH="35"/>
						<String ID="P3_ST01274" HPOS="4035" VPOS="1478" WIDTH="116" HEIGHT="44" CONTENT="nur;" WC="0.98" CC="0514"/>
						<SP ID="P3_SP01084" HPOS="4151" VPOS="1522" WIDTH="42"/>
						<String ID="P3_ST01275" HPOS="4193" VPOS="1463" WIDTH="169" HEIGHT="49" CONTENT="dieses" WC="0.99" CC="045004"/>
						<SP ID="P3_SP01085" HPOS="4362" VPOS="1522" WIDTH="38"/>
						<String ID="P3_ST01276" HPOS="4400" VPOS="1466" WIDTH="112" HEIGHT="44" CONTENT="rote" WC="0.98" CC="3340"/>
						<SP ID="P3_SP01086" HPOS="4512" VPOS="1522" WIDTH="35"/>
						<String ID="P3_ST01277" HPOS="4547" VPOS="1459" WIDTH="152" HEIGHT="49" CONTENT="Wort" WC="0.99" CC="0020"/>
						<SP ID="P3_SP01087" HPOS="4699" VPOS="1522" WIDTH="35"/>
						<String ID="P3_ST01278" HPOS="4734" VPOS="1457" WIDTH="218" HEIGHT="51" CONTENT="braucht" WC="0.98" CC="7405051"/>
						<SP ID="P3_SP01088" HPOS="4952" VPOS="1522" WIDTH="39"/>
						<String ID="P3_ST01279" HPOS="4991" VPOS="1456" WIDTH="113" HEIGHT="49" CONTENT="dich" WC="0.98" CC="0046"/>
					</TextLine>
					<TextLine ID="P3_TL00182" HPOS="3596" VPOS="1541" WIDTH="1508" HEIGHT="66">
						<String ID="P3_ST01280" HPOS="3596" VPOS="1549" WIDTH="136" HEIGHT="48" CONTENT="nicht" WC="1.00" CC="00000"/>
						<SP ID="P3_SP01089" HPOS="3732" VPOS="1597" WIDTH="35"/>
						<String ID="P3_ST01281" HPOS="3767" VPOS="1564" WIDTH="61" HEIGHT="33" CONTENT="zu" WC="0.61" CC="07"/>
						<SP ID="P3_SP01090" HPOS="3828" VPOS="1597" WIDTH="38"/>
						<String ID="P3_ST01282" HPOS="3866" VPOS="1547" WIDTH="368" HEIGHT="60" CONTENT="erschrecken;" WC="1.00" CC="000006060214"/>
						<SP ID="P3_SP01091" HPOS="4234" VPOS="1607" WIDTH="42"/>
						<String ID="P3_ST01283" HPOS="4276" VPOS="1560" WIDTH="54" HEIGHT="35" CONTENT="es" WC="1.00" CC="00"/>
						<SP ID="P3_SP01092" HPOS="4330" VPOS="1607" WIDTH="35"/>
						<String ID="P3_ST01284" HPOS="4365" VPOS="1548" WIDTH="63" HEIGHT="53" CONTENT="gi" WC="1.00" CC="00"/>
						<SP ID="P3_SP01093" HPOS="4428" VPOS="1607" WIDTH="19"/>
						<String ID="P3_ST01285" HPOS="4447" VPOS="1546" WIDTH="31" HEIGHT="47" CONTENT="b" WC="0.96" CC="0"/>
						<SP ID="P3_SP01094" HPOS="4478" VPOS="1607" WIDTH="22"/>
						<String ID="P3_ST01286" HPOS="4500" VPOS="1549" WIDTH="18" HEIGHT="44" CONTENT="t" WC="1.00" CC="0"/>
						<SP ID="P3_SP01095" HPOS="4518" VPOS="1607" WIDTH="35"/>
						<String ID="P3_ST01287" HPOS="4553" VPOS="1546" WIDTH="48" HEIGHT="51" CONTENT="ja" WC="0.79" CC="40"/>
						<SP ID="P3_SP01096" HPOS="4601" VPOS="1607" WIDTH="33"/>
						<String ID="P3_ST01288" HPOS="4634" VPOS="1545" WIDTH="148" HEIGHT="47" CONTENT="keine" WC="0.98" CC="05350"/>
						<SP ID="P3_SP01097" HPOS="4782" VPOS="1607" WIDTH="34"/>
						<String ID="P3_ST01289" HPOS="4816" VPOS="1541" WIDTH="252" HEIGHT="50" CONTENT="Demokra" SUBS_TYPE="HypPart1" SUBS_CONTENT="Demokratie!" WC="1.00" CC="0002000"/>
						<HYP HPOS="5068" VPOS="1541" WIDTH="36" CONTENT="-"/>
					</TextLine>
					<TextLine ID="P3_TL00183" HPOS="3595" VPOS="1627" WIDTH="1511" HEIGHT="57">
						<String ID="P3_ST01290" HPOS="3595" VPOS="1635" WIDTH="92" HEIGHT="49" CONTENT="tie!" SUBS_TYPE="HypPart2" SUBS_CONTENT="Demokratie!" WC="1.00" CC="0100"/>
						<SP ID="P3_SP01098" HPOS="3687" VPOS="1684" WIDTH="64"/>
						<String ID="P3_ST01291" HPOS="3751" VPOS="1633" WIDTH="202" HEIGHT="49" CONTENT="Merkst" WC="1.00" CC="000000"/>
						<SP ID="P3_SP01099" HPOS="3953" VPOS="1684" WIDTH="37"/>
						<String ID="P3_ST01292" HPOS="3990" VPOS="1634" WIDTH="63" HEIGHT="48" CONTENT="du" WC="0.57" CC="08"/>
						<SP ID="P3_SP01100" HPOS="4053" VPOS="1684" WIDTH="38"/>
						<String ID="P3_ST01293" HPOS="4091" VPOS="1634" WIDTH="128" HEIGHT="47" CONTENT="denn" WC="0.99" CC="0030"/>
						<SP ID="P3_SP01101" HPOS="4219" VPOS="1684" WIDTH="37"/>
						<String ID="P3_ST01294" HPOS="4256" VPOS="1633" WIDTH="91" HEIGHT="47" CONTENT="das" WC="1.00" CC="000"/>
						<SP ID="P3_SP01102" HPOS="4347" VPOS="1684" WIDTH="37"/>
						<String ID="P3_ST01295" HPOS="4384" VPOS="1632" WIDTH="89" HEIGHT="47" CONTENT="der" WC="0.99" CC="001"/>
						<SP ID="P3_SP01103" HPOS="4473" VPOS="1684" WIDTH="33"/>
						<String ID="P3_ST01296" HPOS="4506" VPOS="1629" WIDTH="232" HEIGHT="49" CONTENT="Vokabel" WC="1.00" CC="0000401"/>
						<SP ID="P3_SP01104" HPOS="4738" VPOS="1684" WIDTH="34"/>
						<String ID="P3_ST01297" HPOS="4772" VPOS="1628" WIDTH="136" HEIGHT="49" CONTENT="nicht" WC="0.98" CC="55400"/>
						<SP ID="P3_SP01105" HPOS="4908" VPOS="1684" WIDTH="36"/>
						<String ID="P3_ST01298" HPOS="4944" VPOS="1627" WIDTH="162" HEIGHT="49" CONTENT="schon" WC="0.97" CC="30649"/>
					</TextLine>
					<TextLine ID="P3_TL00184" HPOS="3596" VPOS="1709" WIDTH="1508" HEIGHT="58">
						<String ID="P3_ST01299" HPOS="3596" VPOS="1718" WIDTH="103" HEIGHT="49" CONTENT="an?" WC="0.96" CC="460"/>
						<SP ID="P3_SP01106" HPOS="3699" VPOS="1767" WIDTH="20"/>
						<String ID="P3_ST01300" HPOS="3719" VPOS="1717" WIDTH="114" HEIGHT="50" CONTENT="Wie" WC="0.98" CC="040"/>
						<SP ID="P3_SP01107" HPOS="3833" VPOS="1767" WIDTH="27"/>
						<String ID="P3_ST01301" HPOS="3860" VPOS="1718" WIDTH="134" HEIGHT="48" CONTENT="kann" WC="0.99" CC="0410"/>
						<SP ID="P3_SP01108" HPOS="3994" VPOS="1767" WIDTH="27"/>
						<String ID="P3_ST01302" HPOS="4021" VPOS="1720" WIDTH="76" HEIGHT="46" CONTENT="ein" WC="0.95" CC="246"/>
						<SP ID="P3_SP01109" HPOS="4097" VPOS="1767" WIDTH="30"/>
						<String ID="P3_ST01303" HPOS="4127" VPOS="1717" WIDTH="206" HEIGHT="48" CONTENT="Ganzes" WC="0.99" CC="700000"/>
						<SP ID="P3_SP01110" HPOS="4333" VPOS="1767" WIDTH="25"/>
						<String ID="P3_ST01304" HPOS="4358" VPOS="1719" WIDTH="78" HEIGHT="44" CONTENT="ein" WC="0.94" CC="095"/>
						<SP ID="P3_SP01111" HPOS="4436" VPOS="1767" WIDTH="29"/>
						<String ID="P3_ST01305" HPOS="4465" VPOS="1715" WIDTH="205" HEIGHT="48" CONTENT="Ganzes" WC="0.99" CC="700002"/>
						<SP ID="P3_SP01112" HPOS="4670" VPOS="1767" WIDTH="20"/>
						<String ID="P3_ST01306" HPOS="4690" VPOS="1709" WIDTH="414" HEIGHT="52" CONTENT="beherrschen?!" WC="0.99" CC="2070510060705"/>
					</TextLine>
					<TextLine ID="P3_TL00185" HPOS="3595" VPOS="1800" WIDTH="1510" HEIGHT="56">
						<String ID="P3_ST01307" HPOS="3595" VPOS="1805" WIDTH="137" HEIGHT="46" CONTENT="Aber" WC="0.99" CC="0500"/>
						<SP ID="P3_SP01113" HPOS="3732" VPOS="1851" WIDTH="78"/>
						<String ID="P3_ST01308" HPOS="3810" VPOS="1816" WIDTH="92" HEIGHT="35" CONTENT="nur" WC="0.94" CC="645"/>
						<SP ID="P3_SP01114" HPOS="3902" VPOS="1851" WIDTH="74"/>
						<String ID="P3_ST01309" HPOS="3976" VPOS="1803" WIDTH="86" HEIGHT="47" CONTENT="auf" WC="0.96" CC="036"/>
						<SP ID="P3_SP01115" HPOS="4062" VPOS="1851" WIDTH="75"/>
						<String ID="P3_ST01310" HPOS="4137" VPOS="1804" WIDTH="114" HEIGHT="45" CONTENT="dem" WC="0.96" CC="703"/>
						<SP ID="P3_SP01116" HPOS="4251" VPOS="1851" WIDTH="77"/>
						<String ID="P3_ST01311" HPOS="4328" VPOS="1800" WIDTH="133" HEIGHT="56" CONTENT="Weg" WC="1.00" CC="000"/>
						<SP ID="P3_SP01117" HPOS="4461" VPOS="1856" WIDTH="75"/>
						<String ID="P3_ST01312" HPOS="4536" VPOS="1800" WIDTH="125" HEIGHT="47" CONTENT="über" WC="0.98" CC="0700"/>
						<SP ID="P3_SP01118" HPOS="4661" VPOS="1856" WIDTH="77"/>
						<String ID="P3_ST01313" HPOS="4738" VPOS="1800" WIDTH="140" HEIGHT="46" CONTENT="diese" WC="1.00" CC="04000"/>
						<SP ID="P3_SP01119" HPOS="4878" VPOS="1856" WIDTH="75"/>
						<String ID="P3_ST01314" HPOS="4953" VPOS="1809" WIDTH="122" HEIGHT="43" CONTENT="soge" SUBS_TYPE="HypPart1" SUBS_CONTENT="sogenannte" WC="0.98" CC="0405"/>
						<HYP HPOS="5075" VPOS="1809" WIDTH="30" CONTENT="-"/>
					</TextLine>
					<TextLine ID="P3_TL00186" HPOS="3596" VPOS="1882" WIDTH="1509" HEIGHT="61">
						<String ID="P3_ST01315" HPOS="3596" VPOS="1894" WIDTH="181" HEIGHT="43" CONTENT="nannte" SUBS_TYPE="HypPart2" SUBS_CONTENT="sogenannte" WC="0.99" CC="010006"/>
						<SP ID="P3_SP01120" HPOS="3777" VPOS="1937" WIDTH="88"/>
						<String ID="P3_ST01316" HPOS="3865" VPOS="1888" WIDTH="332" HEIGHT="48" CONTENT="Demokratie" WC="1.00" CC="0002010030"/>
						<SP ID="P3_SP01121" HPOS="4197" VPOS="1937" WIDTH="81"/>
						<String ID="P3_ST01317" HPOS="4278" VPOS="1884" WIDTH="103" HEIGHT="51" CONTENT="läßt" WC="1.00" CC="0000"/>
						<SP ID="P3_SP01122" HPOS="4381" VPOS="1937" WIDTH="80"/>
						<String ID="P3_ST01318" HPOS="4461" VPOS="1886" WIDTH="79" HEIGHT="46" CONTENT="die" WC="0.98" CC="033"/>
						<SP ID="P3_SP01123" HPOS="4540" VPOS="1937" WIDTH="45"/>
						<String ID="P3_ST01319" HPOS="4585" VPOS="1885" WIDTH="215" HEIGHT="58" CONTENT="famose," WC="0.99" CC="7000002"/>
						<SP ID="P3_SP01124" HPOS="4800" VPOS="1943" WIDTH="50"/>
						<String ID="P3_ST01320" HPOS="4850" VPOS="1882" WIDTH="255" HEIGHT="56" CONTENT="ersehnte," WC="0.99" CC="030066000"/>
					</TextLine>
					<TextLine ID="P3_TL00187" HPOS="3595" VPOS="1965" WIDTH="1509" HEIGHT="62">
						<String ID="P3_ST01321" HPOS="3595" VPOS="1974" WIDTH="194" HEIGHT="49" CONTENT="heitere" WC="1.00" CC="0000000"/>
						<SP ID="P3_SP01125" HPOS="3789" VPOS="2023" WIDTH="27"/>
						<String ID="P3_ST01322" HPOS="3816" VPOS="1972" WIDTH="250" HEIGHT="55" CONTENT="Republik" WC="0.99" CC="00800741"/>
						<SP ID="P3_SP01126" HPOS="4066" VPOS="2027" WIDTH="33"/>
						<String ID="P3_ST01323" HPOS="4099" VPOS="1971" WIDTH="107" HEIGHT="50" CONTENT="sich" WC="0.98" CC="1025"/>
						<SP ID="P3_SP01127" HPOS="4206" VPOS="2027" WIDTH="29"/>
						<String ID="P3_ST01324" HPOS="4235" VPOS="1970" WIDTH="278" HEIGHT="57" CONTENT="erreichen," WC="0.99" CC="0420105070"/>
						<SP ID="P3_SP01128" HPOS="4513" VPOS="2027" WIDTH="34"/>
						<String ID="P3_ST01325" HPOS="4547" VPOS="1971" WIDTH="78" HEIGHT="46" CONTENT="die" WC="0.97" CC="160"/>
						<SP ID="P3_SP01129" HPOS="4625" VPOS="2027" WIDTH="27"/>
						<String ID="P3_ST01326" HPOS="4652" VPOS="1969" WIDTH="168" HEIGHT="52" CONTENT="jedem" WC="1.00" CC="00000"/>
						<SP ID="P3_SP01130" HPOS="4820" VPOS="2027" WIDTH="30"/>
						<String ID="P3_ST01327" HPOS="4850" VPOS="1965" WIDTH="118" HEIGHT="56" CONTENT="Kerl" WC="0.97" CC="0635"/>
						<SP ID="P3_SP01131" HPOS="4968" VPOS="2027" WIDTH="31"/>
						<String ID="P3_ST01328" HPOS="4999" VPOS="1979" WIDTH="105" HEIGHT="34" CONTENT="von" WC="0.93" CC="556"/>
					</TextLine>
					<TextLine ID="P3_TL00188" HPOS="3598" VPOS="2048" WIDTH="1508" HEIGHT="67">
						<String ID="P3_ST01329" HPOS="3598" VPOS="2059" WIDTH="143" HEIGHT="49" CONTENT="Geist" WC="0.99" CC="70200"/>
						<SP ID="P3_SP01132" HPOS="3741" VPOS="2108" WIDTH="34"/>
						<String ID="P3_ST01330" HPOS="3775" VPOS="2059" WIDTH="100" HEIGHT="47" CONTENT="und" WC="0.95" CC="660"/>
						<SP ID="P3_SP01133" HPOS="3875" VPOS="2108" WIDTH="34"/>
						<String ID="P3_ST01331" HPOS="3909" VPOS="2056" WIDTH="237" HEIGHT="59" CONTENT="Schneid," WC="1.00" CC="00000004"/>
						<SP ID="P3_SP01134" HPOS="4146" VPOS="2115" WIDTH="34"/>
						<String ID="P3_ST01332" HPOS="4180" VPOS="2054" WIDTH="231" HEIGHT="49" CONTENT="wirklich" WC="0.98" CC="95005067"/>
						<SP ID="P3_SP01135" HPOS="4411" VPOS="2115" WIDTH="34"/>
						<String ID="P3_ST01333" HPOS="4445" VPOS="2054" WIDTH="183" HEIGHT="54" CONTENT="jedem," WC="0.98" CC="700090"/>
						<SP ID="P3_SP01136" HPOS="4628" VPOS="2115" WIDTH="32"/>
						<String ID="P3_ST01334" HPOS="4660" VPOS="2050" WIDTH="315" HEIGHT="60" CONTENT="ermöglicht," WC="1.00" CC="00000630400"/>
						<SP ID="P3_SP01137" HPOS="4975" VPOS="2115" WIDTH="32"/>
						<String ID="P3_ST01335" HPOS="5007" VPOS="2048" WIDTH="66" HEIGHT="49" CONTENT="Mi" SUBS_TYPE="HypPart1" SUBS_CONTENT="Minister," WC="0.98" CC="01"/>
						<HYP HPOS="5073" VPOS="2048" WIDTH="33" CONTENT="-"/>
					</TextLine>
					<TextLine ID="P3_TL00189" HPOS="3597" VPOS="2135" WIDTH="1510" HEIGHT="68">
						<String ID="P3_ST01336" HPOS="3597" VPOS="2146" WIDTH="173" HEIGHT="57" CONTENT="nister," SUBS_TYPE="HypPart2" SUBS_CONTENT="Minister," WC="1.00" CC="4000003"/>
						<SP ID="P3_SP01138" HPOS="3770" VPOS="2203" WIDTH="43"/>
						<String ID="P3_ST01337" HPOS="3813" VPOS="2141" WIDTH="234" HEIGHT="55" CONTENT="Kanzler," WC="1.00" CC="00300002"/>
						<SP ID="P3_SP01139" HPOS="4047" VPOS="2203" WIDTH="41"/>
						<String ID="P3_ST01338" HPOS="4088" VPOS="2140" WIDTH="274" HEIGHT="48" CONTENT="Präsident" WC="1.00" CC="040023000"/>
						<SP ID="P3_SP01140" HPOS="4362" VPOS="2203" WIDTH="44"/>
						<String ID="P3_ST01339" HPOS="4406" VPOS="2153" WIDTH="61" HEIGHT="33" CONTENT="zu" WC="0.77" CC="40"/>
						<SP ID="P3_SP01141" HPOS="4467" VPOS="2203" WIDTH="43"/>
						<String ID="P3_ST01340" HPOS="4510" VPOS="2138" WIDTH="227" HEIGHT="48" CONTENT="werden." WC="0.99" CC="0092034"/>
						<SP ID="P3_SP01142" HPOS="4737" VPOS="2203" WIDTH="76"/>
						<String ID="P3_ST01341" HPOS="4813" VPOS="2135" WIDTH="94" HEIGHT="48" CONTENT="Die" WC="0.98" CC="050"/>
						<SP ID="P3_SP01143" HPOS="4907" VPOS="2203" WIDTH="40"/>
						<String ID="P3_ST01342" HPOS="4947" VPOS="2147" WIDTH="160" HEIGHT="44" CONTENT="graue" WC="0.96" CC="95660"/>
					</TextLine>
					<TextLine ID="P3_TL00190" HPOS="3595" VPOS="2219" WIDTH="1512" HEIGHT="64">
						<String ID="P3_ST01343" HPOS="3595" VPOS="2226" WIDTH="528" HEIGHT="57" CONTENT="Hoffnungslosigkeit" WC="0.99" CC="765676690540304000"/>
						<SP ID="P3_SP01144" HPOS="4123" VPOS="2283" WIDTH="78"/>
						<String ID="P3_ST01344" HPOS="4201" VPOS="2238" WIDTH="211" HEIGHT="36" CONTENT="unseres" WC="0.99" CC="7600500"/>
						<SP ID="P3_SP01145" HPOS="4412" VPOS="2283" WIDTH="41"/>
						<String ID="P3_ST01345" HPOS="4453" VPOS="2221" WIDTH="423" HEIGHT="50" CONTENT="monarchischen" WC="0.99" CC="0575760206205"/>
						<SP ID="P3_SP01146" HPOS="4876" VPOS="2283" WIDTH="43"/>
						<String ID="P3_ST01346" HPOS="4919" VPOS="2219" WIDTH="157" HEIGHT="49" CONTENT="Unter" SUBS_TYPE="HypPart1" SUBS_CONTENT="Untertanentums" WC="0.78" CC="06002"/>
						<HYP HPOS="5076" VPOS="2219" WIDTH="31" CONTENT="-"/>
					</TextLine>
					<TextLine ID="P3_TL00191" HPOS="3597" VPOS="2305" WIDTH="1509" HEIGHT="61">
						<String ID="P3_ST01347" HPOS="3597" VPOS="2317" WIDTH="289" HEIGHT="44" CONTENT="tanentums" SUBS_TYPE="HypPart2" SUBS_CONTENT="Untertanentums" WC="0.83" CC="000050160"/>
						<SP ID="P3_SP01147" HPOS="3886" VPOS="2361" WIDTH="79"/>
						<String ID="P3_ST01348" HPOS="3965" VPOS="2310" WIDTH="188" HEIGHT="49" CONTENT="behebt" WC="0.99" CC="500040"/>
						<SP ID="P3_SP01148" HPOS="4153" VPOS="2361" WIDTH="83"/>
						<String ID="P3_ST01349" HPOS="4236" VPOS="2311" WIDTH="165" HEIGHT="46" CONTENT="dieser" WC="0.99" CC="000036"/>
						<SP ID="P3_SP01149" HPOS="4401" VPOS="2361" WIDTH="49"/>
						<String ID="P3_ST01350" HPOS="4450" VPOS="2306" WIDTH="476" HEIGHT="60" CONTENT="„Demokratismus" WC="1.00" CC="20000030340000"/>
						<String ID="P3_ST01351" HPOS="4932" VPOS="2305" WIDTH="26" HEIGHT="18" CONTENT="44" STYLE="superscript" WC="0.34" CC="66"/>
						<String ID="P3_ST01352" HPOS="4973" VPOS="2319" WIDTH="11" HEIGHT="44" CONTENT=";" WC="1.00" CC="0"/>
						<SP ID="P3_SP01150" HPOS="4984" VPOS="2366" WIDTH="67"/>
						<String ID="P3_ST01353" HPOS="5051" VPOS="2316" WIDTH="55" HEIGHT="35" CONTENT="er" WC="0.63" CC="07"/>
					</TextLine>
					<TextLine ID="P3_TL00192" HPOS="3597" VPOS="2390" WIDTH="1510" HEIGHT="62">
						<String ID="P3_ST01354" HPOS="3597" VPOS="2397" WIDTH="135" HEIGHT="55" CONTENT="zeigt" WC="1.00" CC="00100"/>
						<SP ID="P3_SP01151" HPOS="3732" VPOS="2452" WIDTH="29"/>
						<String ID="P3_ST01355" HPOS="3761" VPOS="2410" WIDTH="94" HEIGHT="36" CONTENT="uns" WC="0.96" CC="640"/>
						<SP ID="P3_SP01152" HPOS="3855" VPOS="2452" WIDTH="32"/>
						<String ID="P3_ST01356" HPOS="3887" VPOS="2399" WIDTH="48" HEIGHT="45" CONTENT="in" WC="0.54" CC="27"/>
						<SP ID="P3_SP01153" HPOS="3935" VPOS="2452" WIDTH="32"/>
						<String ID="P3_ST01357" HPOS="3967" VPOS="2397" WIDTH="193" HEIGHT="47" CONTENT="seinem" WC="0.98" CC="930400"/>
						<SP ID="P3_SP01154" HPOS="4160" VPOS="2452" WIDTH="32"/>
						<String ID="P3_ST01358" HPOS="4192" VPOS="2392" WIDTH="396" HEIGHT="57" CONTENT="Zauberspiegel" WC="1.00" CC="0306000030003"/>
						<SP ID="P3_SP01155" HPOS="4588" VPOS="2452" WIDTH="35"/>
						<String ID="P3_ST01359" HPOS="4623" VPOS="2390" WIDTH="94" HEIGHT="50" CONTENT="alle" WC="0.98" CC="0350"/>
						<SP ID="P3_SP01156" HPOS="4717" VPOS="2452" WIDTH="32"/>
						<String ID="P3_ST01360" HPOS="4749" VPOS="2390" WIDTH="231" HEIGHT="49" CONTENT="Wunder" WC="0.99" CC="074012"/>
						<SP ID="P3_SP01157" HPOS="4980" VPOS="2452" WIDTH="36"/>
						<String ID="P3_ST01361" HPOS="5016" VPOS="2390" WIDTH="91" HEIGHT="46" CONTENT="der" WC="0.99" CC="001"/>
					</TextLine>
					<TextLine ID="P3_TL00193" HPOS="3596" VPOS="2472" WIDTH="1511" HEIGHT="69">
						<String ID="P3_ST01362" HPOS="3596" VPOS="2479" WIDTH="201" HEIGHT="62" CONTENT="Macht;" WC="1.00" CC="000000"/>
						<SP ID="P3_SP01158" HPOS="3797" VPOS="2541" WIDTH="52"/>
						<String ID="P3_ST01363" HPOS="3849" VPOS="2495" WIDTH="54" HEIGHT="35" CONTENT="er" WC="1.00" CC="00"/>
						<SP ID="P3_SP01159" HPOS="3903" VPOS="2541" WIDTH="46"/>
						<String ID="P3_ST01364" HPOS="3949" VPOS="2479" WIDTH="242" HEIGHT="57" CONTENT="gestaltet" WC="0.99" CC="000050009"/>
						<SP ID="P3_SP01160" HPOS="4191" VPOS="2541" WIDTH="49"/>
						<String ID="P3_ST01365" HPOS="4240" VPOS="2479" WIDTH="136" HEIGHT="48" CONTENT="leere" WC="1.00" CC="40000"/>
						<SP ID="P3_SP01161" HPOS="4376" VPOS="2541" WIDTH="49"/>
						<String ID="P3_ST01366" HPOS="4425" VPOS="2492" WIDTH="62" HEIGHT="33" CONTENT="zu" WC="0.66" CC="06"/>
						<SP ID="P3_SP01162" HPOS="4487" VPOS="2541" WIDTH="49"/>
						<String ID="P3_ST01367" HPOS="4536" VPOS="2474" WIDTH="377" HEIGHT="59" CONTENT="glücklicheren" WC="0.99" CC="9300032550200"/>
						<SP ID="P3_SP01163" HPOS="4913" VPOS="2541" WIDTH="45"/>
						<String ID="P3_ST01368" HPOS="4958" VPOS="2472" WIDTH="112" HEIGHT="49" CONTENT="Men" SUBS_TYPE="HypPart1" SUBS_CONTENT="Menschen." WC="0.99" CC="000"/>
						<HYP HPOS="5070" VPOS="2472" WIDTH="37" CONTENT="-"/>
					</TextLine>
					<TextLine ID="P3_TL00194" HPOS="3599" VPOS="2558" WIDTH="1508" HEIGHT="59">
						<String ID="P3_ST01369" HPOS="3599" VPOS="2565" WIDTH="171" HEIGHT="49" CONTENT="schen." SUBS_TYPE="HypPart2" SUBS_CONTENT="Menschen." WC="0.98" CC="055064"/>
						<SP ID="P3_SP01164" HPOS="3770" VPOS="2614" WIDTH="104"/>
						<String ID="P3_ST01370" HPOS="3874" VPOS="2564" WIDTH="207" HEIGHT="49" CONTENT="Gleiche" WC="0.98" CC="7306050"/>
						<SP ID="P3_SP01165" HPOS="4081" VPOS="2614" WIDTH="101"/>
						<String ID="P3_ST01371" HPOS="4182" VPOS="2562" WIDTH="298" HEIGHT="55" CONTENT="Rechte:" WC="0.99" CC="0026304"/>
						<SP ID="P3_SP01166" HPOS="4480" VPOS="2617" WIDTH="106"/>
						<String ID="P3_ST01372" HPOS="4586" VPOS="2562" WIDTH="91" HEIGHT="47" CONTENT="das" WC="1.00" CC="000"/>
						<SP ID="P3_SP01167" HPOS="4677" VPOS="2617" WIDTH="72"/>
						<String ID="P3_ST01373" HPOS="4749" VPOS="2562" WIDTH="66" HEIGHT="46" CONTENT="ist" WC="0.98" CC="400"/>
						<SP ID="P3_SP01168" HPOS="4815" VPOS="2617" WIDTH="66"/>
						<String ID="P3_ST01374" HPOS="4881" VPOS="2558" WIDTH="226" HEIGHT="59" CONTENT="gemein;" WC="0.98" CC="9000075"/>
					</TextLine>
					<TextLine ID="P3_TL00195" HPOS="3598" VPOS="2644" WIDTH="1509" HEIGHT="62">
						<String ID="P3_ST01375" HPOS="3598" VPOS="2650" WIDTH="195" HEIGHT="56" CONTENT="gleiche" WC="0.99" CC="0003009"/>
						<SP ID="P3_SP01169" HPOS="3793" VPOS="2706" WIDTH="79"/>
						<String ID="P3_ST01376" HPOS="3872" VPOS="2648" WIDTH="610" HEIGHT="57" CONTENT="Möglichkeiten:" WC="1.00" CC="00934400030024"/>
						<SP ID="P3_SP01170" HPOS="4482" VPOS="2706" WIDTH="86"/>
						<String ID="P3_ST01377" HPOS="4568" VPOS="2646" WIDTH="142" HEIGHT="48" CONTENT="dafür" WC="0.99" CC="02700"/>
						<SP ID="P3_SP01171" HPOS="4710" VPOS="2706" WIDTH="82"/>
						<String ID="P3_ST01378" HPOS="4792" VPOS="2644" WIDTH="116" HEIGHT="48" CONTENT="muß" WC="0.98" CC="040"/>
						<SP ID="P3_SP01172" HPOS="4908" VPOS="2706" WIDTH="80"/>
						<String ID="P3_ST01379" HPOS="4988" VPOS="2655" WIDTH="119" HEIGHT="35" CONTENT="man" WC="0.98" CC="004"/>
					</TextLine>
					<TextLine ID="P3_TL00196" HPOS="3598" VPOS="2724" WIDTH="1509" HEIGHT="66">
						<String ID="P3_ST01380" HPOS="3598" VPOS="2734" WIDTH="254" HEIGHT="56" CONTENT="kämpfen." WC="1.00" CC="00000053"/>
						<SP ID="P3_SP01173" HPOS="3852" VPOS="2790" WIDTH="63"/>
						<String ID="P3_ST01381" HPOS="3915" VPOS="2734" WIDTH="141" HEIGHT="48" CONTENT="Auch" WC="0.97" CC="0364"/>
						<SP ID="P3_SP01174" HPOS="4056" VPOS="2790" WIDTH="33"/>
						<String ID="P3_ST01382" HPOS="4089" VPOS="2735" WIDTH="46" HEIGHT="46" CONTENT="in" WC="0.56" CC="26"/>
						<SP ID="P3_SP01175" HPOS="4135" VPOS="2790" WIDTH="34"/>
						<String ID="P3_ST01383" HPOS="4169" VPOS="2734" WIDTH="139" HEIGHT="52" CONTENT="jener" WC="0.98" CC="40602"/>
						<SP ID="P3_SP01176" HPOS="4308" VPOS="2790" WIDTH="32"/>
						<String ID="P3_ST01384" HPOS="4340" VPOS="2731" WIDTH="250" HEIGHT="57" CONTENT="Republik" WC="0.99" CC="00052130"/>
						<SP ID="P3_SP01177" HPOS="4590" VPOS="2790" WIDTH="33"/>
						<String ID="P3_ST01385" HPOS="4623" VPOS="2730" WIDTH="213" HEIGHT="48" CONTENT="werden" WC="0.99" CC="003006"/>
						<SP ID="P3_SP01178" HPOS="4836" VPOS="2790" WIDTH="35"/>
						<String ID="P3_ST01386" HPOS="4871" VPOS="2730" WIDTH="79" HEIGHT="47" CONTENT="die" WC="0.98" CC="040"/>
						<SP ID="P3_SP01179" HPOS="4950" VPOS="2790" WIDTH="32"/>
						<String ID="P3_ST01387" HPOS="4982" VPOS="2724" WIDTH="84" HEIGHT="50" CONTENT="We" SUBS_TYPE="HypPart1" SUBS_CONTENT="Wenigen" WC="0.98" CC="00"/>
						<HYP HPOS="5066" VPOS="2724" WIDTH="41" CONTENT="-"/>
					</TextLine>
					<TextLine ID="P3_TL00197" HPOS="3599" VPOS="2812" WIDTH="1508" HEIGHT="65">
						<String ID="P3_ST01388" HPOS="3599" VPOS="2821" WIDTH="146" HEIGHT="55" CONTENT="nigen" SUBS_TYPE="HypPart2" SUBS_CONTENT="Wenigen" WC="0.97" CC="83006"/>
						<SP ID="P3_SP01180" HPOS="3745" VPOS="2876" WIDTH="48"/>
						<String ID="P3_ST01389" HPOS="3793" VPOS="2822" WIDTH="246" HEIGHT="55" CONTENT="regieren," WC="0.99" CC="009400020"/>
						<SP ID="P3_SP01181" HPOS="4039" VPOS="2877" WIDTH="44"/>
						<String ID="P3_ST01390" HPOS="4083" VPOS="2817" WIDTH="135" HEIGHT="49" CONTENT="nicht" WC="0.99" CC="70000"/>
						<SP ID="P3_SP01182" HPOS="4218" VPOS="2877" WIDTH="47"/>
						<String ID="P3_ST01391" HPOS="4265" VPOS="2818" WIDTH="79" HEIGHT="47" CONTENT="die" WC="1.00" CC="010"/>
						<SP ID="P3_SP01183" HPOS="4344" VPOS="2877" WIDTH="40"/>
						<String ID="P3_ST01392" HPOS="4384" VPOS="2814" WIDTH="194" HEIGHT="61" CONTENT="Masse," WC="1.00" CC="000002"/>
						<SP ID="P3_SP01184" HPOS="4578" VPOS="2877" WIDTH="44"/>
						<String ID="P3_ST01393" HPOS="4622" VPOS="2816" WIDTH="125" HEIGHT="47" CONTENT="aber" WC="0.98" CC="3202"/>
						<SP ID="P3_SP01185" HPOS="4747" VPOS="2877" WIDTH="46"/>
						<String ID="P3_ST01394" HPOS="4793" VPOS="2827" WIDTH="56" HEIGHT="36" CONTENT="es" WC="1.00" CC="00"/>
						<SP ID="P3_SP01186" HPOS="4849" VPOS="2877" WIDTH="44"/>
						<String ID="P3_ST01395" HPOS="4893" VPOS="2812" WIDTH="214" HEIGHT="48" CONTENT="werden" WC="1.00" CC="002002"/>
					</TextLine>
					<TextLine ID="P3_TL00198" HPOS="3599" VPOS="2897" WIDTH="1508" HEIGHT="62">
						<String ID="P3_ST01396" HPOS="3599" VPOS="2905" WIDTH="189" HEIGHT="48" CONTENT="andere" WC="0.99" CC="060040"/>
						<SP ID="P3_SP01187" HPOS="3788" VPOS="2953" WIDTH="49"/>
						<String ID="P3_ST01397" HPOS="3837" VPOS="2903" WIDTH="216" HEIGHT="56" CONTENT="Wenige" WC="0.99" CC="001700"/>
						<SP ID="P3_SP01188" HPOS="4053" VPOS="2959" WIDTH="52"/>
						<String ID="P3_ST01398" HPOS="4105" VPOS="2904" WIDTH="107" HEIGHT="48" CONTENT="sein" WC="0.99" CC="0011"/>
						<SP ID="P3_SP01189" HPOS="4212" VPOS="2959" WIDTH="50"/>
						<String ID="P3_ST01399" HPOS="4262" VPOS="2901" WIDTH="76" HEIGHT="51" CONTENT="als" WC="0.97" CC="061"/>
						<SP ID="P3_SP01190" HPOS="4338" VPOS="2959" WIDTH="52"/>
						<String ID="P3_ST01400" HPOS="4390" VPOS="2902" WIDTH="93" HEIGHT="57" CONTENT="die," WC="1.00" CC="0000"/>
						<SP ID="P3_SP01191" HPOS="4483" VPOS="2959" WIDTH="80"/>
						<String ID="P3_ST01401" HPOS="4563" VPOS="2899" WIDTH="201" HEIGHT="49" CONTENT="welche" WC="0.98" CC="006770"/>
						<SP ID="P3_SP01192" HPOS="4764" VPOS="2959" WIDTH="45"/>
						<String ID="P3_ST01402" HPOS="4809" VPOS="2898" WIDTH="153" HEIGHT="48" CONTENT="heute" WC="0.97" CC="60770"/>
						<SP ID="P3_SP01193" HPOS="4962" VPOS="2959" WIDTH="52"/>
						<String ID="P3_ST01403" HPOS="5014" VPOS="2897" WIDTH="93" HEIGHT="48" CONTENT="das" WC="0.97" CC="016"/>
					</TextLine>
					<TextLine ID="P3_TL00199" HPOS="3597" VPOS="2980" WIDTH="1511" HEIGHT="66">
						<String ID="P3_ST01404" HPOS="3597" VPOS="2990" WIDTH="323" HEIGHT="56" CONTENT="langweilige" WC="1.00" CC="20600032000"/>
						<SP ID="P3_SP01194" HPOS="3920" VPOS="3046" WIDTH="31"/>
						<String ID="P3_ST01405" HPOS="3951" VPOS="2987" WIDTH="352" HEIGHT="50" CONTENT="Deutschland" WC="0.99" CC="10000344049"/>
						<SP ID="P3_SP01195" HPOS="4303" VPOS="3046" WIDTH="33"/>
						<String ID="P3_ST01406" HPOS="4336" VPOS="2986" WIDTH="130" HEIGHT="48" CONTENT="noch" WC="0.97" CC="5413"/>
						<SP ID="P3_SP01196" HPOS="4466" VPOS="3046" WIDTH="31"/>
						<String ID="P3_ST01407" HPOS="4497" VPOS="2984" WIDTH="348" HEIGHT="57" CONTENT="langweiliger" WC="0.99" CC="374000026000"/>
						<SP ID="P3_SP01197" HPOS="4845" VPOS="3046" WIDTH="30"/>
						<String ID="P3_ST01408" HPOS="4875" VPOS="2980" WIDTH="233" HEIGHT="50" CONTENT="machen." WC="0.99" CC="0044004"/>
					</TextLine>
					<TextLine ID="P3_TL00200" HPOS="3598" VPOS="3065" WIDTH="1509" HEIGHT="65">
						<String ID="P3_ST01409" HPOS="3598" VPOS="3071" WIDTH="231" HEIGHT="59" CONTENT="Mensch," WC="0.99" CC="0075000"/>
						<SP ID="P3_SP01198" HPOS="3829" VPOS="3130" WIDTH="48"/>
						<String ID="P3_ST01410" HPOS="3877" VPOS="3072" WIDTH="181" HEIGHT="58" CONTENT="Guido," WC="0.98" CC="544054"/>
						<SP ID="P3_SP01199" HPOS="4058" VPOS="3130" WIDTH="50"/>
						<String ID="P3_ST01411" HPOS="4108" VPOS="3072" WIDTH="109" HEIGHT="58" CONTENT="du," WC="0.98" CC="030"/>
						<SP ID="P3_SP01200" HPOS="4217" VPOS="3130" WIDTH="45"/>
						<String ID="P3_ST01412" HPOS="4262" VPOS="3072" WIDTH="139" HEIGHT="57" CONTENT="ich," WC="0.98" CC="4303"/>
						<SP ID="P3_SP01201" HPOS="4401" VPOS="3130" WIDTH="45"/>
						<String ID="P3_ST01413" HPOS="4446" VPOS="3065" WIDTH="661" HEIGHT="59" CONTENT="unseresgleichen" WC="0.70" CC="773030004130084"/>
					</TextLine>
					<TextLine ID="P3_TL00201" HPOS="3597" VPOS="3153" WIDTH="1513" HEIGHT="60">
						<String ID="P3_ST01414" HPOS="3597" VPOS="3158" WIDTH="215" HEIGHT="49" CONTENT="werden" WC="1.00" CC="000005"/>
						<SP ID="P3_SP01202" HPOS="3812" VPOS="3207" WIDTH="37"/>
						<String ID="P3_ST01415" HPOS="3849" VPOS="3171" WIDTH="62" HEIGHT="34" CONTENT="zu" WC="0.53" CC="54"/>
						<SP ID="P3_SP01203" HPOS="3911" VPOS="3207" WIDTH="37"/>
						<String ID="P3_ST01416" HPOS="3948" VPOS="3158" WIDTH="95" HEIGHT="47" CONTENT="den" WC="0.99" CC="002"/>
						<SP ID="P3_SP01204" HPOS="4043" VPOS="3207" WIDTH="39"/>
						<String ID="P3_ST01417" HPOS="4082" VPOS="3170" WIDTH="164" HEIGHT="35" CONTENT="neuen" WC="0.99" CC="20700"/>
						<SP ID="P3_SP01205" HPOS="4246" VPOS="3207" WIDTH="36"/>
						<String ID="P3_ST01418" HPOS="4282" VPOS="3154" WIDTH="251" HEIGHT="57" CONTENT="Wenigen" WC="1.00" CC="0000000"/>
						<SP ID="P3_SP01206" HPOS="4533" VPOS="3211" WIDTH="35"/>
						<String ID="P3_ST01419" HPOS="4568" VPOS="3153" WIDTH="249" HEIGHT="60" CONTENT="gehören;" WC="1.00" CC="00001062"/>
						<SP ID="P3_SP01207" HPOS="4817" VPOS="3213" WIDTH="39"/>
						<String ID="P3_ST01420" HPOS="4856" VPOS="3153" WIDTH="102" HEIGHT="47" CONTENT="und" WC="0.95" CC="750"/>
						<SP ID="P3_SP01208" HPOS="4958" VPOS="3213" WIDTH="34"/>
						<String ID="P3_ST01421" HPOS="4992" VPOS="3161" WIDTH="118" HEIGHT="37" CONTENT="was" WC="0.94" CC="907"/>
					</TextLine>
					<TextLine ID="P3_TL00202" HPOS="3599" VPOS="3236" WIDTH="1510" HEIGHT="60">
						<String ID="P3_ST01422" HPOS="3599" VPOS="3256" WIDTH="94" HEIGHT="35" CONTENT="uns" WC="0.95" CC="741"/>
						<SP ID="P3_SP01209" HPOS="3693" VPOS="3291" WIDTH="43"/>
						<String ID="P3_ST01423" HPOS="3736" VPOS="3245" WIDTH="123" HEIGHT="51" CONTENT="jetzt" WC="0.99" CC="30020"/>
						<SP ID="P3_SP01210" HPOS="3859" VPOS="3296" WIDTH="44"/>
						<String ID="P3_ST01424" HPOS="3903" VPOS="3257" WIDTH="61" HEIGHT="33" CONTENT="zu" WC="1.00" CC="00"/>
						<SP ID="P3_SP01211" HPOS="3964" VPOS="3296" WIDTH="44"/>
						<String ID="P3_ST01425" HPOS="4008" VPOS="3238" WIDTH="644" HEIGHT="51" CONTENT="menschenfresserischer" WC="1.00" CC="006005069400005500002"/>
						<SP ID="P3_SP01212" HPOS="4652" VPOS="3296" WIDTH="41"/>
						<String ID="P3_ST01426" HPOS="4693" VPOS="3236" WIDTH="166" HEIGHT="49" CONTENT="Prosa" WC="1.00" CC="00000"/>
						<SP ID="P3_SP01213" HPOS="4859" VPOS="3296" WIDTH="43"/>
						<String ID="P3_ST01427" HPOS="4902" VPOS="3236" WIDTH="207" HEIGHT="55" CONTENT="zwingt," WC="0.99" CC="0013004"/>
					</TextLine>
					<TextLine ID="P3_TL00203" HPOS="3599" VPOS="3320" WIDTH="1509" HEIGHT="55">
						<String ID="P3_ST01428" HPOS="3599" VPOS="3327" WIDTH="132" HEIGHT="48" CONTENT="kann" WC="0.98" CC="0007"/>
						<SP ID="P3_SP01214" HPOS="3731" VPOS="3375" WIDTH="47"/>
						<String ID="P3_ST01429" HPOS="3778" VPOS="3328" WIDTH="130" HEIGHT="47" CONTENT="dann" WC="0.96" CC="0566"/>
						<SP ID="P3_SP01215" HPOS="3908" VPOS="3375" WIDTH="43"/>
						<String ID="P3_ST01430" HPOS="3951" VPOS="3329" WIDTH="70" HEIGHT="44" CONTENT="im" WC="0.50" CC="90"/>
						<SP ID="P3_SP01216" HPOS="4021" VPOS="3375" WIDTH="40"/>
						<String ID="P3_ST01431" HPOS="4061" VPOS="3324" WIDTH="208" HEIGHT="49" CONTENT="Lenken" WC="1.00" CC="005000"/>
						<SP ID="P3_SP01217" HPOS="4269" VPOS="3375" WIDTH="43"/>
						<String ID="P3_ST01432" HPOS="4312" VPOS="3338" WIDTH="105" HEIGHT="33" CONTENT="von" WC="0.98" CC="005"/>
						<SP ID="P3_SP01218" HPOS="4417" VPOS="3375" WIDTH="45"/>
						<String ID="P3_ST01433" HPOS="4462" VPOS="3322" WIDTH="332" HEIGHT="48" CONTENT="Schicksalen" WC="0.99" CC="09722000456"/>
						<SP ID="P3_SP01219" HPOS="4794" VPOS="3375" WIDTH="47"/>
						<String ID="P3_ST01434" HPOS="4841" VPOS="3320" WIDTH="105" HEIGHT="48" CONTENT="sich" WC="0.98" CC="0306"/>
						<SP ID="P3_SP01220" HPOS="4946" VPOS="3375" WIDTH="45"/>
						<String ID="P3_ST01435" HPOS="4991" VPOS="3330" WIDTH="88" HEIGHT="37" CONTENT="aus" SUBS_TYPE="HypPart1" SUBS_CONTENT="austoben" WC="0.96" CC="663"/>
						<HYP HPOS="5079" VPOS="3330" WIDTH="29" CONTENT="-"/>
					</TextLine>
					<TextLine ID="P3_TL00204" HPOS="3599" VPOS="3403" WIDTH="1511" HEIGHT="57">
						<String ID="P3_ST01436" HPOS="3599" VPOS="3412" WIDTH="155" HEIGHT="48" CONTENT="toben" SUBS_TYPE="HypPart2" SUBS_CONTENT="austoben" WC="0.99" CC="00204"/>
						<SP ID="P3_SP01221" HPOS="3754" VPOS="3460" WIDTH="46"/>
						<String ID="P3_ST01437" HPOS="3800" VPOS="3450" WIDTH="115" HEIGHT="10" CONTENT="..." WC="0.96" CC="343"/>
						<SP ID="P3_SP01222" HPOS="3915" VPOS="3460" WIDTH="77"/>
						<String ID="P3_ST01438" HPOS="3992" VPOS="3410" WIDTH="79" HEIGHT="49" CONTENT="Du" WC="0.83" CC="03"/>
						<SP ID="P3_SP01223" HPOS="4071" VPOS="3460" WIDTH="41"/>
						<String ID="P3_ST01439" HPOS="4112" VPOS="3409" WIDTH="204" HEIGHT="49" CONTENT="lachst?" WC="0.99" CC="2066200"/>
						<SP ID="P3_SP01224" HPOS="4316" VPOS="3460" WIDTH="74"/>
						<String ID="P3_ST01440" HPOS="4390" VPOS="3408" WIDTH="171" HEIGHT="48" CONTENT="Lache" WC="0.98" CC="03660"/>
						<SP ID="P3_SP01225" HPOS="4561" VPOS="3460" WIDTH="43"/>
						<String ID="P3_ST01441" HPOS="4604" VPOS="3422" WIDTH="106" HEIGHT="34" CONTENT="nur." WC="0.95" CC="6654"/>
						<SP ID="P3_SP01226" HPOS="4710" VPOS="3460" WIDTH="73"/>
						<String ID="P3_ST01442" HPOS="4783" VPOS="3404" WIDTH="112" HEIGHT="50" CONTENT="Daß" WC="0.99" CC="101"/>
						<SP ID="P3_SP01227" HPOS="4895" VPOS="3460" WIDTH="43"/>
						<String ID="P3_ST01443" HPOS="4938" VPOS="3407" WIDTH="48" HEIGHT="45" CONTENT="in" WC="0.69" CC="32"/>
						<SP ID="P3_SP01228" HPOS="4986" VPOS="3460" WIDTH="47"/>
						<String ID="P3_ST01444" HPOS="5033" VPOS="3403" WIDTH="77" HEIGHT="49" CONTENT="dir" WC="1.00" CC="000"/>
					</TextLine>
					<TextLine ID="P3_TL00205" HPOS="3600" VPOS="3489" WIDTH="1509" HEIGHT="61">
						<String ID="P3_ST01445" HPOS="3600" VPOS="3507" WIDTH="94" HEIGHT="38" CONTENT="aas" WC="0.97" CC="610"/>
						<SP ID="P3_SP01229" HPOS="3694" VPOS="3545" WIDTH="43"/>
						<String ID="P3_ST01446" HPOS="3737" VPOS="3495" WIDTH="162" HEIGHT="48" CONTENT="Feuer" WC="0.98" CC="70204"/>
						<SP ID="P3_SP01230" HPOS="3899" VPOS="3545" WIDTH="46"/>
						<String ID="P3_ST01447" HPOS="3945" VPOS="3494" WIDTH="268" HEIGHT="49" CONTENT="erloschen" WC="0.99" CC="005006605"/>
						<SP ID="P3_SP01231" HPOS="4213" VPOS="3545" WIDTH="48"/>
						<String ID="P3_ST01448" HPOS="4261" VPOS="3497" WIDTH="77" HEIGHT="53" CONTENT="ist," WC="0.96" CC="4903"/>
						<SP ID="P3_SP01232" HPOS="4338" VPOS="3550" WIDTH="80"/>
						<String ID="P3_ST01449" HPOS="4418" VPOS="3494" WIDTH="209" HEIGHT="53" CONTENT="bändigt" WC="0.98" CC="5580400"/>
						<SP ID="P3_SP01233" HPOS="4627" VPOS="3550" WIDTH="45"/>
						<String ID="P3_ST01450" HPOS="4672" VPOS="3493" WIDTH="165" HEIGHT="46" CONTENT="meine" WC="0.99" CC="00330"/>
						<SP ID="P3_SP01234" HPOS="4837" VPOS="3550" WIDTH="43"/>
						<String ID="P3_ST01451" HPOS="4880" VPOS="3489" WIDTH="229" HEIGHT="48" CONTENT="Flamme" WC="0.99" CC="600009"/>
					</TextLine>
					<TextLine ID="P3_TL00206" HPOS="3599" VPOS="3571" WIDTH="1508" HEIGHT="64">
						<String ID="P3_ST01452" HPOS="3599" VPOS="3580" WIDTH="149" HEIGHT="48" CONTENT="nicht." WC="0.99" CC="003003"/>
						<SP ID="P3_SP01235" HPOS="3748" VPOS="3628" WIDTH="62"/>
						<String ID="P3_ST01453" HPOS="3810" VPOS="3579" WIDTH="84" HEIGHT="48" CONTENT="Ich" WC="0.97" CC="420"/>
						<SP ID="P3_SP01236" HPOS="3894" VPOS="3628" WIDTH="31"/>
						<String ID="P3_ST01454" HPOS="3925" VPOS="3578" WIDTH="128" HEIGHT="57" CONTENT="gehe" WC="0.97" CC="0057"/>
						<SP ID="P3_SP01237" HPOS="4053" VPOS="3635" WIDTH="32"/>
						<String ID="P3_ST01455" HPOS="4085" VPOS="3578" WIDTH="131" HEIGHT="48" CONTENT="noch" WC="0.95" CC="6355"/>
						<SP ID="P3_SP01238" HPOS="4216" VPOS="3635" WIDTH="30"/>
						<String ID="P3_ST01456" HPOS="4246" VPOS="3578" WIDTH="151" HEIGHT="49" CONTENT="heute" WC="1.00" CC="00002"/>
						<SP ID="P3_SP01239" HPOS="4397" VPOS="3635" WIDTH="30"/>
						<String ID="P3_ST01457" HPOS="4427" VPOS="3579" WIDTH="76" HEIGHT="47" CONTENT="ins" WC="0.97" CC="520"/>
						<SP ID="P3_SP01240" HPOS="4503" VPOS="3635" WIDTH="29"/>
						<String ID="P3_ST01458" HPOS="4532" VPOS="3571" WIDTH="575" HEIGHT="53" CONTENT="sozialdemokratische" WC="1.00" CC="0925400000040000500"/>
					</TextLine>
					<TextLine ID="P3_TL00207" HPOS="3599" VPOS="3657" WIDTH="1500" HEIGHT="56">
						<String ID="P3_ST01459" HPOS="3599" VPOS="3662" WIDTH="370" HEIGHT="51" CONTENT="Parteibureau" WC="1.00" CC="001004061040"/>
						<SP ID="P3_SP01241" HPOS="3969" VPOS="3713" WIDTH="53"/>
						<String ID="P3_ST01460" HPOS="4022" VPOS="3664" WIDTH="98" HEIGHT="48" CONTENT="und" WC="1.00" CC="000"/>
						<SP ID="P3_SP01242" HPOS="4120" VPOS="3713" WIDTH="52"/>
						<String ID="P3_ST01461" HPOS="4172" VPOS="3661" WIDTH="167" HEIGHT="49" CONTENT="melde" WC="0.99" CC="00500"/>
						<SP ID="P3_SP01243" HPOS="4339" VPOS="3713" WIDTH="49"/>
						<String ID="P3_ST01462" HPOS="4388" VPOS="3663" WIDTH="169" HEIGHT="46" CONTENT="meine" WC="0.98" CC="80500"/>
						<SP ID="P3_SP01244" HPOS="4557" VPOS="3713" WIDTH="51"/>
						<String ID="P3_ST01463" HPOS="4608" VPOS="3659" WIDTH="212" HEIGHT="49" CONTENT="Dienste" WC="1.00" CC="0303000"/>
						<SP ID="P3_SP01245" HPOS="4820" VPOS="3713" WIDTH="50"/>
						<String ID="P3_ST01464" HPOS="4870" VPOS="3658" WIDTH="79" HEIGHT="47" CONTENT="für" WC="0.99" CC="100"/>
						<SP ID="P3_SP01246" HPOS="4949" VPOS="3713" WIDTH="53"/>
						<String ID="P3_ST01465" HPOS="5002" VPOS="3657" WIDTH="97" HEIGHT="48" CONTENT="den" WC="0.98" CC="006"/>
					</TextLine>
					<TextLine ID="P3_TL00208" HPOS="3598" VPOS="3747" WIDTH="359" HEIGHT="57">
						<String ID="P3_ST01466" HPOS="3598" VPOS="3747" WIDTH="243" HEIGHT="57" CONTENT="Wahltag" WC="1.00" CC="0060000"/>
						<SP ID="P3_SP01247" HPOS="3841" VPOS="3804" WIDTH="37"/>
						<String ID="P3_ST01467" HPOS="3878" VPOS="3763" WIDTH="79" HEIGHT="34" CONTENT="an." WC="0.94" CC="564"/>
					</TextLine>
					<TextLine ID="P3_TL00209" HPOS="3726" VPOS="3825" WIDTH="1382" HEIGHT="61">
						<String ID="P3_ST01468" HPOS="3726" VPOS="3832" WIDTH="252" HEIGHT="49" CONTENT="Guido:" WC="0.99" CC="720040"/>
						<SP ID="P3_SP01248" HPOS="3978" VPOS="3881" WIDTH="56"/>
						<String ID="P3_ST01469" HPOS="4034" VPOS="3831" WIDTH="90" HEIGHT="49" CONTENT="Ein" WC="0.97" CC="340"/>
						<SP ID="P3_SP01249" HPOS="4124" VPOS="3881" WIDTH="39"/>
						<String ID="P3_ST01470" HPOS="4163" VPOS="3830" WIDTH="409" HEIGHT="50" CONTENT="Problematiker" WC="0.99" CC="0543600800003"/>
						<SP ID="P3_SP01250" HPOS="4572" VPOS="3881" WIDTH="40"/>
						<String ID="P3_ST01471" HPOS="4612" VPOS="3830" WIDTH="121" HEIGHT="56" CONTENT="geht" WC="1.00" CC="0000"/>
						<SP ID="P3_SP01251" HPOS="4733" VPOS="3886" WIDTH="39"/>
						<String ID="P3_ST01472" HPOS="4772" VPOS="3843" WIDTH="62" HEIGHT="33" CONTENT="zu" WC="0.51" CC="26"/>
						<SP ID="P3_SP01252" HPOS="4834" VPOS="3886" WIDTH="41"/>
						<String ID="P3_ST01473" HPOS="4875" VPOS="3827" WIDTH="97" HEIGHT="49" CONTENT="den" WC="0.98" CC="005"/>
						<SP ID="P3_SP01253" HPOS="4972" VPOS="3886" WIDTH="39"/>
						<String ID="P3_ST01474" HPOS="5011" VPOS="3825" WIDTH="65" HEIGHT="49" CONTENT="So" SUBS_TYPE="HypPart1" SUBS_CONTENT="Sozialisten!" WC="0.98" CC="00"/>
						<HYP HPOS="5076" VPOS="3825" WIDTH="32" CONTENT="-"/>
					</TextLine>
					<TextLine ID="P3_TL00210" HPOS="3600" VPOS="3909" WIDTH="1509" HEIGHT="69">
						<String ID="P3_ST01475" HPOS="3600" VPOS="3918" WIDTH="254" HEIGHT="48" CONTENT="zialisten!" SUBS_TYPE="HypPart2" SUBS_CONTENT="Sozialisten!" WC="1.00" CC="0145400000"/>
						<SP ID="P3_SP01254" HPOS="3854" VPOS="3966" WIDTH="70"/>
						<String ID="P3_ST01476" HPOS="3924" VPOS="3916" WIDTH="139" HEIGHT="62" CONTENT="Pfui;" WC="0.99" CC="00630"/>
						<SP ID="P3_SP01255" HPOS="4063" VPOS="3978" WIDTH="60"/>
						<String ID="P3_ST01477" HPOS="4123" VPOS="3918" WIDTH="62" HEIGHT="46" CONTENT="du" WC="0.66" CC="06"/>
						<SP ID="P3_SP01256" HPOS="4185" VPOS="3978" WIDTH="43"/>
						<String ID="P3_ST01478" HPOS="4228" VPOS="3915" WIDTH="251" HEIGHT="49" CONTENT="befleckst" WC="0.99" CC="006530000"/>
						<SP ID="P3_SP01257" HPOS="4479" VPOS="3978" WIDTH="43"/>
						<String ID="P3_ST01479" HPOS="4522" VPOS="3916" WIDTH="78" HEIGHT="48" CONTENT="die" WC="0.98" CC="040"/>
						<SP ID="P3_SP01258" HPOS="4600" VPOS="3978" WIDTH="42"/>
						<String ID="P3_ST01480" HPOS="4642" VPOS="3914" WIDTH="215" HEIGHT="55" CONTENT="heiligen" WC="0.99" CC="60112006"/>
						<SP ID="P3_SP01259" HPOS="4857" VPOS="3978" WIDTH="40"/>
						<String ID="P3_ST01481" HPOS="4897" VPOS="3909" WIDTH="212" HEIGHT="50" CONTENT="Zweifel" WC="0.99" CC="0007606"/>
					</TextLine>
					<TextLine ID="P3_TL00211" HPOS="3601" VPOS="4001" WIDTH="435" HEIGHT="57">
						<String ID="P3_ST01482" HPOS="3601" VPOS="4003" WIDTH="173" HEIGHT="48" CONTENT="deiner" WC="0.98" CC="003534"/>
						<SP ID="P3_SP01260" HPOS="3774" VPOS="4051" WIDTH="49"/>
						<String ID="P3_ST01483" HPOS="3823" VPOS="4001" WIDTH="213" HEIGHT="57" CONTENT="Jugend." WC="0.99" CC="0700602"/>
					</TextLine>
					<TextLine ID="P3_TL00212" HPOS="3729" VPOS="4163" WIDTH="1379" HEIGHT="66">
						<String ID="P3_ST01484" HPOS="3729" VPOS="4170" WIDTH="159" HEIGHT="49" CONTENT="Beide" WC="1.00" CC="00200"/>
						<SP ID="P3_SP01261" HPOS="3888" VPOS="4219" WIDTH="37"/>
						<String ID="P3_ST01485" HPOS="3925" VPOS="4170" WIDTH="195" HEIGHT="59" CONTENT="zahlen," WC="0.98" CC="4566024"/>
						<SP ID="P3_SP01262" HPOS="4120" VPOS="4229" WIDTH="40"/>
						<String ID="P3_ST01486" HPOS="4160" VPOS="4169" WIDTH="196" HEIGHT="49" CONTENT="werfen" WC="0.99" CC="040704"/>
						<SP ID="P3_SP01263" HPOS="4356" VPOS="4229" WIDTH="39"/>
						<String ID="P3_ST01487" HPOS="4395" VPOS="4169" WIDTH="108" HEIGHT="49" CONTENT="sich" WC="0.97" CC="0354"/>
						<SP ID="P3_SP01264" HPOS="4503" VPOS="4229" WIDTH="40"/>
						<String ID="P3_ST01488" HPOS="4543" VPOS="4171" WIDTH="47" HEIGHT="46" CONTENT="in" WC="0.81" CC="03"/>
						<SP ID="P3_SP01265" HPOS="4590" VPOS="4229" WIDTH="40"/>
						<String ID="P3_ST01489" HPOS="4630" VPOS="4167" WIDTH="105" HEIGHT="48" CONTENT="ihre" WC="0.97" CC="5700"/>
						<SP ID="P3_SP01266" HPOS="4735" VPOS="4229" WIDTH="39"/>
						<String ID="P3_ST01490" HPOS="4774" VPOS="4163" WIDTH="195" HEIGHT="51" CONTENT="Mäntel" WC="0.99" CC="076001"/>
						<SP ID="P3_SP01267" HPOS="4969" VPOS="4229" WIDTH="37"/>
						<String ID="P3_ST01491" HPOS="5006" VPOS="4164" WIDTH="102" HEIGHT="49" CONTENT="und" WC="0.92" CC="666"/>
					</TextLine>
					<TextLine ID="P3_TL00213" HPOS="3597" VPOS="4248" WIDTH="1510" HEIGHT="58">
						<String ID="P3_ST01492" HPOS="3597" VPOS="4257" WIDTH="268" HEIGHT="49" CONTENT="verlassen" WC="1.00" CC="000500006"/>
						<SP ID="P3_SP01268" HPOS="3865" VPOS="4306" WIDTH="44"/>
						<String ID="P3_ST01493" HPOS="3909" VPOS="4257" WIDTH="92" HEIGHT="49" CONTENT="das" WC="1.00" CC="000"/>
						<SP ID="P3_SP01269" HPOS="4001" VPOS="4306" WIDTH="44"/>
						<String ID="P3_ST01494" HPOS="4045" VPOS="4253" WIDTH="257" HEIGHT="51" CONTENT="Cafdhaus" WC="0.65" CC="01676050"/>
						<SP ID="P3_SP01270" HPOS="4302" VPOS="4306" WIDTH="43"/>
						<String ID="P3_ST01495" HPOS="4345" VPOS="4254" WIDTH="129" HEIGHT="48" CONTENT="nach" WC="0.97" CC="6044"/>
						<SP ID="P3_SP01271" HPOS="4474" VPOS="4306" WIDTH="42"/>
						<String ID="P3_ST01496" HPOS="4516" VPOS="4251" WIDTH="407" HEIGHT="50" CONTENT="verschiedenen" WC="1.00" CC="0020052000600"/>
						<SP ID="P3_SP01272" HPOS="4923" VPOS="4306" WIDTH="42"/>
						<String ID="P3_ST01497" HPOS="4965" VPOS="4248" WIDTH="107" HEIGHT="49" CONTENT="Him" SUBS_TYPE="HypPart1" SUBS_CONTENT="Himmelsrichtungen." WC="0.96" CC="614"/>
						<HYP HPOS="5072" VPOS="4248" WIDTH="35" CONTENT="-"/>
					</TextLine>
					<TextLine ID="P3_TL00214" HPOS="3598" VPOS="4340" WIDTH="445" HEIGHT="57">
						<String ID="P3_ST01498" HPOS="3598" VPOS="4340" WIDTH="445" HEIGHT="57" CONTENT="melsrichtungen." SUBS_TYPE="HypPart2" SUBS_CONTENT="Himmelsrichtungen." WC="1.00" CC="002005300229064"/>
					</TextLine>
				</TextBlock>
				<TextBlock ID="P3_TB00005" HPOS="3595" VPOS="4700" WIDTH="1330" HEIGHT="332" STYLEREFS="TXT_0 PAR_LEFT">
					<TextLine ID="P3_TL00215" HPOS="3595" VPOS="4701" WIDTH="1330" HEIGHT="108">
						<String ID="P3_ST01499" HPOS="3595" VPOS="4706" WIDTH="529" HEIGHT="103" CONTENT="Zwischen" WC="1.00" CC="05000001"/>
						<SP ID="P3_SP01273" HPOS="4124" VPOS="4809" WIDTH="71"/>
						<String ID="P3_ST01500" HPOS="4195" VPOS="4701" WIDTH="730" HEIGHT="105" CONTENT="Weihnachten" WC="1.00" CC="70020005000"/>
					</TextLine>
					<TextLine ID="P3_TL00216" HPOS="3599" VPOS="4901" WIDTH="746" HEIGHT="130">
						<String ID="P3_ST01501" HPOS="3599" VPOS="4903" WIDTH="206" HEIGHT="101" CONTENT="und" WC="1.00" CC="000"/>
						<SP ID="P3_SP01274" HPOS="3805" VPOS="5004" WIDTH="80"/>
						<String ID="P3_ST01502" HPOS="3885" VPOS="4901" WIDTH="460" HEIGHT="130" CONTENT="Neujahr" WC="1.00" CC="6000000"/>
					</TextLine>
				</TextBlock>
				<TextBlock ID="P3_TB00006" HPOS="3597" VPOS="5126" WIDTH="260" HEIGHT="56" STYLEREFS="TXT_0 PAR_RIGHT">
					<TextLine ID="P3_TL00217" HPOS="3597" VPOS="5127" WIDTH="260" HEIGHT="55">
						<String ID="P3_ST01503" HPOS="3597" VPOS="5127" WIDTH="260" HEIGHT="55" CONTENT="Achtung!" WC="0.97" CC="66774657"/>
					</TextLine>
				</TextBlock>
				<TextBlock ID="P3_TB00007" HPOS="3593" VPOS="5236" WIDTH="1513" HEIGHT="819" STYLEREFS="TXT_0 PAR_BLOCK">
					<TextLine ID="P3_TL00218" HPOS="3728" VPOS="5236" WIDTH="1378" HEIGHT="59">
						<String ID="P3_ST01504" HPOS="3728" VPOS="5236" WIDTH="94" HEIGHT="50" CONTENT="Die" WC="0.98" CC="400"/>
						<SP ID="P3_SP01275" HPOS="3822" VPOS="5286" WIDTH="48"/>
						<String ID="P3_ST01505" HPOS="3870" VPOS="5236" WIDTH="232" HEIGHT="50" CONTENT="Berliner" WC="1.00" CC="00031300"/>
						<SP ID="P3_SP01276" HPOS="4102" VPOS="5286" WIDTH="44"/>
						<String ID="P3_ST01506" HPOS="4146" VPOS="5236" WIDTH="447" HEIGHT="59" CONTENT="Tageszeitungen" WC="1.00" CC="00800003000000"/>
						<SP ID="P3_SP01277" HPOS="4593" VPOS="5295" WIDTH="47"/>
						<String ID="P3_ST01507" HPOS="4640" VPOS="5238" WIDTH="189" HEIGHT="57" CONTENT="„hören" WC="0.98" CC="405305"/>
						<String ID="P3_ST01508" HPOS="4836" VPOS="5237" WIDTH="26" HEIGHT="19" CONTENT="44" STYLE="superscript" WC="0.55" CC="44"/>
						<SP ID="P3_SP01278" HPOS="4862" VPOS="5295" WIDTH="49"/>
						<String ID="P3_ST01509" HPOS="4911" VPOS="5236" WIDTH="168" HEIGHT="58" CONTENT="folgen" SUBS_TYPE="HypPart1" SUBS_CONTENT="folgendes:" WC="0.98" CC="706905"/>
						<HYP HPOS="5079" VPOS="5236" WIDTH="27" CONTENT="-"/>
					</TextLine>
					<TextLine ID="P3_TL00219" HPOS="3598" VPOS="5316" WIDTH="1508" HEIGHT="62">
						<String ID="P3_ST01510" HPOS="3598" VPOS="5323" WIDTH="114" HEIGHT="48" CONTENT="des:" SUBS_TYPE="HypPart2" SUBS_CONTENT="folgendes:" WC="0.98" CC="0064"/>
						<SP ID="P3_SP01279" HPOS="3712" VPOS="5371" WIDTH="78"/>
						<String ID="P3_ST01511" HPOS="3790" VPOS="5320" WIDTH="171" HEIGHT="51" CONTENT="Otto" WC="0.99" CC="0004"/>
						<SP ID="P3_SP01280" HPOS="3961" VPOS="5371" WIDTH="40"/>
						<String ID="P3_ST01512" HPOS="4001" VPOS="5316" WIDTH="173" HEIGHT="62" CONTENT="(Otto)" WC="0.99" CC="000441"/>
						<SP ID="P3_SP01281" HPOS="4174" VPOS="5378" WIDTH="72"/>
						<String ID="P3_ST01513" HPOS="4246" VPOS="5321" WIDTH="219" HEIGHT="50" CONTENT="Ernst" WC="0.98" CC="54600"/>
						<SP ID="P3_SP01282" HPOS="4465" VPOS="5378" WIDTH="73"/>
						<String ID="P3_ST01514" HPOS="4538" VPOS="5324" WIDTH="95" HEIGHT="47" CONTENT="ist" WC="0.97" CC="510"/>
						<SP ID="P3_SP01283" HPOS="4633" VPOS="5378" WIDTH="74"/>
						<String ID="P3_ST01515" HPOS="4707" VPOS="5323" WIDTH="122" HEIGHT="48" CONTENT="mit" WC="0.98" CC="050"/>
						<SP ID="P3_SP01284" HPOS="4829" VPOS="5378" WIDTH="75"/>
						<String ID="P3_ST01516" HPOS="4904" VPOS="5324" WIDTH="202" HEIGHT="45" CONTENT="einer" WC="0.98" CC="00507"/>
					</TextLine>
					<TextLine ID="P3_TL00220" HPOS="3595" VPOS="5404" WIDTH="1511" HEIGHT="58">
						<String ID="P3_ST01517" HPOS="3595" VPOS="5405" WIDTH="244" HEIGHT="57" CONTENT="Kritik" WC="0.98" CC="977000"/>
						<SP ID="P3_SP01285" HPOS="3839" VPOS="5462" WIDTH="80"/>
						<String ID="P3_ST01518" HPOS="3919" VPOS="5408" WIDTH="121" HEIGHT="47" CONTENT="der" WC="0.99" CC="003"/>
						<SP ID="P3_SP01286" HPOS="4040" VPOS="5462" WIDTH="44"/>
						<String ID="P3_ST01519" HPOS="4084" VPOS="5406" WIDTH="123" HEIGHT="49" CONTENT="Nie" WC="0.80" CC="100"/>
						<SP ID="P3_SP01287" HPOS="4207" VPOS="5462" WIDTH="20"/>
						<String ID="P3_ST01520" HPOS="4227" VPOS="5411" WIDTH="19" HEIGHT="44" CONTENT="t" WC="1.00" CC="0"/>
						<SP ID="P3_SP01288" HPOS="4246" VPOS="5462" WIDTH="19"/>
						<String ID="P3_ST01521" HPOS="4265" VPOS="5421" WIDTH="29" HEIGHT="34" CONTENT="z" WC="0.79" CC="2"/>
						<SP ID="P3_SP01289" HPOS="4294" VPOS="5462" WIDTH="19"/>
						<String ID="P3_ST01522" HPOS="4313" VPOS="5405" WIDTH="119" HEIGHT="50" CONTENT="sch" WC="1.00" CC="000"/>
						<SP ID="P3_SP01290" HPOS="4432" VPOS="5462" WIDTH="21"/>
						<String ID="P3_ST01523" HPOS="4453" VPOS="5420" WIDTH="120" HEIGHT="35" CONTENT="esc" WC="1.00" CC="000"/>
						<SP ID="P3_SP01291" HPOS="4573" VPOS="5462" WIDTH="20"/>
						<String ID="P3_ST01524" HPOS="4593" VPOS="5405" WIDTH="31" HEIGHT="49" CONTENT="h" WC="0.89" CC="1"/>
						<SP ID="P3_SP01292" HPOS="4624" VPOS="5462" WIDTH="18"/>
						<String ID="P3_ST01525" HPOS="4642" VPOS="5420" WIDTH="27" HEIGHT="34" CONTENT="e" WC="1.00" CC="0"/>
						<SP ID="P3_SP01293" HPOS="4669" VPOS="5462" WIDTH="19"/>
						<String ID="P3_ST01526" HPOS="4688" VPOS="5421" WIDTH="31" HEIGHT="34" CONTENT="n" WC="1.00" CC="0"/>
						<SP ID="P3_SP01294" HPOS="4719" VPOS="5462" WIDTH="45"/>
						<String ID="P3_ST01527" HPOS="4764" VPOS="5404" WIDTH="300" HEIGHT="50" CONTENT="Philoso" SUBS_TYPE="HypPart1" SUBS_CONTENT="Philosophie" WC="0.99" CC="0306000"/>
						<HYP HPOS="5064" VPOS="5404" WIDTH="42" CONTENT="-"/>
					</TextLine>
					<TextLine ID="P3_TL00221" HPOS="3595" VPOS="5489" WIDTH="1511" HEIGHT="60">
						<String ID="P3_ST01528" HPOS="3595" VPOS="5489" WIDTH="164" HEIGHT="58" CONTENT="phie" SUBS_TYPE="HypPart2" SUBS_CONTENT="Philosophie" WC="0.99" CC="0104"/>
						<SP ID="P3_SP01295" HPOS="3759" VPOS="5547" WIDTH="78"/>
						<String ID="P3_ST01529" HPOS="3837" VPOS="5491" WIDTH="477" HEIGHT="58" CONTENT="beschäftigt." WC="0.99" CC="600133705903"/>
						<SP ID="P3_SP01296" HPOS="4314" VPOS="5549" WIDTH="80"/>
						<String ID="P3_ST01530" HPOS="4394" VPOS="5489" WIDTH="235" HEIGHT="50" CONTENT="Außer" WC="0.99" CC="06000"/>
						<SP ID="P3_SP01297" HPOS="4629" VPOS="5549" WIDTH="80"/>
						<String ID="P3_ST01531" HPOS="4709" VPOS="5505" WIDTH="77" HEIGHT="35" CONTENT="an" WC="0.66" CC="60"/>
						<SP ID="P3_SP01298" HPOS="4786" VPOS="5549" WIDTH="48"/>
						<String ID="P3_ST01532" HPOS="4834" VPOS="5491" WIDTH="272" HEIGHT="48" CONTENT="diesem" WC="1.00" CC="000003"/>
					</TextLine>
					<TextLine ID="P3_TL00222" HPOS="3594" VPOS="5574" WIDTH="1512" HEIGHT="58">
						<String ID="P3_ST01533" HPOS="3594" VPOS="5575" WIDTH="405" HEIGHT="57" CONTENT="philosophi" WC="0.83" CC="0031215002"/>
						<SP ID="P3_SP01299" HPOS="3999" VPOS="5632" WIDTH="22"/>
						<String ID="P3_ST01534" HPOS="4021" VPOS="5576" WIDTH="219" HEIGHT="49" CONTENT="sehen" WC="0.98" CC="03607"/>
						<SP ID="P3_SP01300" HPOS="4240" VPOS="5632" WIDTH="46"/>
						<String ID="P3_ST01535" HPOS="4286" VPOS="5599" WIDTH="8" HEIGHT="7" CONTENT="-" WC="0.20" CC="8"/>
						<SP ID="P3_SP01301" HPOS="4294" VPOS="5632" WIDTH="60"/>
						<String ID="P3_ST01536" HPOS="4354" VPOS="5574" WIDTH="538" HEIGHT="50" CONTENT="Unternehmen" WC="0.99" CC="36000005006"/>
						<SP ID="P3_SP01302" HPOS="4892" VPOS="5632" WIDTH="99"/>
						<String ID="P3_ST01537" HPOS="4991" VPOS="5588" WIDTH="77" HEIGHT="35" CONTENT="ar" SUBS_TYPE="HypPart1" SUBS_CONTENT="arbeitet" WC="0.96" CC="42"/>
						<HYP HPOS="5068" VPOS="5588" WIDTH="38" CONTENT="-"/>
					</TextLine>
					<TextLine ID="P3_TL00223" HPOS="3594" VPOS="5659" WIDTH="559" HEIGHT="52">
						<String ID="P3_ST01538" HPOS="3594" VPOS="5659" WIDTH="238" HEIGHT="50" CONTENT="beitet" SUBS_TYPE="HypPart2" SUBS_CONTENT="arbeitet" WC="0.98" CC="600603"/>
						<SP ID="P3_SP01303" HPOS="3832" VPOS="5709" WIDTH="63"/>
						<String ID="P3_ST01539" HPOS="3895" VPOS="5676" WIDTH="258" HEIGHT="35" CONTENT="er...." WC="0.98" CC="024444"/>
					</TextLine>
					<TextLine ID="P3_TL00224" HPOS="3719" VPOS="5743" WIDTH="1387" HEIGHT="58">
						<String ID="P3_ST01540" HPOS="3719" VPOS="5743" WIDTH="133" HEIGHT="52" CONTENT="Herr" WC="0.96" CC="7036"/>
						<SP ID="P3_SP01304" HPOS="3852" VPOS="5795" WIDTH="36"/>
						<String ID="P3_ST01541" HPOS="3888" VPOS="5743" WIDTH="125" HEIGHT="51" CONTENT="Otto" WC="0.99" CC="1003"/>
						<SP ID="P3_SP01305" HPOS="4013" VPOS="5795" WIDTH="36"/>
						<String ID="P3_ST01542" HPOS="4049" VPOS="5743" WIDTH="154" HEIGHT="51" CONTENT="Ernst" WC="0.98" CC="33600"/>
						<SP ID="P3_SP01306" HPOS="4203" VPOS="5795" WIDTH="34"/>
						<String ID="P3_ST01543" HPOS="4237" VPOS="5746" WIDTH="96" HEIGHT="48" CONTENT="soll" WC="0.97" CC="0425"/>
						<SP ID="P3_SP01307" HPOS="4333" VPOS="5795" WIDTH="36"/>
						<String ID="P3_ST01544" HPOS="4369" VPOS="5759" WIDTH="56" HEIGHT="37" CONTENT="es" WC="0.83" CC="03"/>
						<SP ID="P3_SP01308" HPOS="4425" VPOS="5796" WIDTH="39"/>
						<String ID="P3_ST01545" HPOS="4464" VPOS="5746" WIDTH="108" HEIGHT="49" CONTENT="sich" WC="0.97" CC="2354"/>
						<SP ID="P3_SP01309" HPOS="4572" VPOS="5796" WIDTH="38"/>
						<String ID="P3_ST01546" HPOS="4610" VPOS="5746" WIDTH="168" HEIGHT="48" CONTENT="sehr" WC="0.99" CC="0104"/>
						<SP ID="P3_SP01310" HPOS="4778" VPOS="5796" WIDTH="33"/>
						<String ID="P3_ST01547" HPOS="4811" VPOS="5743" WIDTH="295" HEIGHT="58" CONTENT="überlegen," WC="0.99" CC="0500409074"/>
					</TextLine>
					<TextLine ID="P3_TL00225" HPOS="3598" VPOS="5828" WIDTH="1508" HEIGHT="52">
						<String ID="P3_ST01548" HPOS="3598" VPOS="5830" WIDTH="66" HEIGHT="48" CONTENT="ob" WC="0.53" CC="36"/>
						<SP ID="P3_SP01311" HPOS="3664" VPOS="5878" WIDTH="53"/>
						<String ID="P3_ST01549" HPOS="3717" VPOS="5844" WIDTH="55" HEIGHT="35" CONTENT="er" WC="0.81" CC="03"/>
						<SP ID="P3_SP01312" HPOS="3772" VPOS="5879" WIDTH="52"/>
						<String ID="P3_ST01550" HPOS="3824" VPOS="5830" WIDTH="136" HEIGHT="48" CONTENT="nicht" WC="0.99" CC="50300"/>
						<SP ID="P3_SP01313" HPOS="3960" VPOS="5879" WIDTH="51"/>
						<String ID="P3_ST01551" HPOS="4011" VPOS="5830" WIDTH="132" HEIGHT="48" CONTENT="doch" WC="1.00" CC="0100"/>
						<SP ID="P3_SP01314" HPOS="4143" VPOS="5879" WIDTH="52"/>
						<String ID="P3_ST01552" HPOS="4195" VPOS="5830" WIDTH="92" HEIGHT="50" CONTENT="das" WC="1.00" CC="000"/>
						<SP ID="P3_SP01315" HPOS="4287" VPOS="5880" WIDTH="50"/>
						<String ID="P3_ST01553" HPOS="4337" VPOS="5828" WIDTH="384" HEIGHT="51" CONTENT="Unternehmen" WC="0.99" CC="06003004905"/>
						<SP ID="P3_SP01316" HPOS="4721" VPOS="5880" WIDTH="48"/>
						<String ID="P3_ST01554" HPOS="4769" VPOS="5831" WIDTH="94" HEIGHT="47" CONTENT="mit" WC="1.00" CC="000"/>
						<SP ID="P3_SP01317" HPOS="4863" VPOS="5880" WIDTH="47"/>
						<String ID="P3_ST01555" HPOS="4910" VPOS="5831" WIDTH="196" HEIGHT="47" CONTENT="seinem" WC="0.99" CC="010605"/>
					</TextLine>
					<TextLine ID="P3_TL00226" HPOS="3596" VPOS="5912" WIDTH="1509" HEIGHT="57">
						<String ID="P3_ST01556" HPOS="3596" VPOS="5913" WIDTH="146" HEIGHT="50" CONTENT="Geist" WC="0.99" CC="70000"/>
						<SP ID="P3_SP01318" HPOS="3742" VPOS="5963" WIDTH="32"/>
						<String ID="P3_ST01557" HPOS="3774" VPOS="5914" WIDTH="252" HEIGHT="55" CONTENT="aufgeben" WC="0.99" CC="07600400"/>
						<SP ID="P3_SP01319" HPOS="4026" VPOS="5969" WIDTH="32"/>
						<String ID="P3_ST01558" HPOS="4058" VPOS="5913" WIDTH="118" HEIGHT="50" CONTENT="will." WC="0.99" CC="05001"/>
						<SP ID="P3_SP01320" HPOS="4176" VPOS="5969" WIDTH="64"/>
						<String ID="P3_ST01559" HPOS="4240" VPOS="5912" WIDTH="123" HEIGHT="51" CONTENT="Man" WC="0.95" CC="075"/>
						<SP ID="P3_SP01321" HPOS="4363" VPOS="5969" WIDTH="32"/>
						<String ID="P3_ST01560" HPOS="4395" VPOS="5914" WIDTH="137" HEIGHT="49" CONTENT="kann" WC="0.98" CC="6103"/>
						<SP ID="P3_SP01322" HPOS="4532" VPOS="5969" WIDTH="29"/>
						<String ID="P3_ST01561" HPOS="4561" VPOS="5913" WIDTH="219" HEIGHT="50" CONTENT="nämlich" WC="0.99" CC="4002053"/>
						<SP ID="P3_SP01323" HPOS="4780" VPOS="5969" WIDTH="33"/>
						<String ID="P3_ST01562" HPOS="4813" VPOS="5913" WIDTH="129" HEIGHT="50" CONTENT="auch" WC="0.97" CC="0446"/>
						<SP ID="P3_SP01324" HPOS="4942" VPOS="5969" WIDTH="31"/>
						<String ID="P3_ST01563" HPOS="4973" VPOS="5913" WIDTH="99" HEIGHT="49" CONTENT="Leh" SUBS_TYPE="HypPart1" SUBS_CONTENT="Lehrer" WC="0.97" CC="035"/>
						<HYP HPOS="5072" VPOS="5913" WIDTH="33" CONTENT="-"/>
					</TextLine>
					<TextLine ID="P3_TL00227" HPOS="3594" VPOS="5999" WIDTH="405" HEIGHT="56">
						<String ID="P3_ST01564" HPOS="3594" VPOS="6011" WIDTH="84" HEIGHT="36" CONTENT="rer" SUBS_TYPE="HypPart2" SUBS_CONTENT="Lehrer" WC="0.95" CC="705"/>
						<SP ID="P3_SP01325" HPOS="3678" VPOS="6047" WIDTH="32"/>
						<String ID="P3_ST01565" HPOS="3710" VPOS="5999" WIDTH="289" HEIGHT="56" CONTENT="überlegen." WC="0.99" CC="0406309003"/>
					</TextLine>
				</TextBlock>
				<TextBlock ID="P3_TB00008" HPOS="3593" VPOS="6164" WIDTH="918" HEIGHT="58" STYLEREFS="TXT_0 PAR_RIGHT">
					<TextLine ID="P3_TL00228" HPOS="3593" VPOS="6165" WIDTH="918" HEIGHT="57">
						<String ID="P3_ST01566" HPOS="3593" VPOS="6165" WIDTH="95" HEIGHT="51" CONTENT="Die" WC="0.94" CC="565"/>
						<SP ID="P3_SP01326" HPOS="3688" VPOS="6216" WIDTH="35"/>
						<String ID="P3_ST01567" HPOS="3723" VPOS="6167" WIDTH="157" HEIGHT="47" CONTENT="letzte" WC="0.97" CC="547467"/>
						<SP ID="P3_SP01327" HPOS="3880" VPOS="6216" WIDTH="33"/>
						<String ID="P3_ST01568" HPOS="3913" VPOS="6166" WIDTH="320" HEIGHT="50" CONTENT="literarische" WC="0.99" CC="640460663676"/>
						<SP ID="P3_SP01328" HPOS="4233" VPOS="6216" WIDTH="33"/>
						<String ID="P3_ST01569" HPOS="4266" VPOS="6165" WIDTH="245" HEIGHT="57" CONTENT="Sendung" WC="0.97" CC="4740756"/>
					</TextLine>
				</TextBlock>
				<TextBlock ID="P3_TB00009" HPOS="3588" VPOS="6275" WIDTH="1517" HEIGHT="816" STYLEREFS="TXT_0 PAR_BLOCK">
					<TextLine ID="P3_TL00229" HPOS="3718" VPOS="6277" WIDTH="1387" HEIGHT="59">
						<String ID="P3_ST01570" HPOS="3718" VPOS="6277" WIDTH="105" HEIGHT="51" CONTENT="Der" WC="0.96" CC="046"/>
						<SP ID="P3_SP01329" HPOS="3823" VPOS="6328" WIDTH="108"/>
						<String ID="P3_ST01571" HPOS="3931" VPOS="6278" WIDTH="266" HEIGHT="50" CONTENT="breslauer" WC="1.00" CC="600010003"/>
						<SP ID="P3_SP01330" HPOS="4197" VPOS="6328" WIDTH="73"/>
						<String ID="P3_ST01572" HPOS="4270" VPOS="6278" WIDTH="618" HEIGHT="58" CONTENT="Universitätsprofessor" WC="1.00" CC="043004120001412904041"/>
						<SP ID="P3_SP01331" HPOS="4888" VPOS="6336" WIDTH="75"/>
						<String ID="P3_ST01573" HPOS="4963" VPOS="6277" WIDTH="142" HEIGHT="51" CONTENT="Felix" WC="0.97" CC="70467"/>
					</TextLine>
					<TextLine ID="P3_TL00230" HPOS="3593" VPOS="6361" WIDTH="1511" HEIGHT="59">
						<String ID="P3_ST01574" HPOS="3593" VPOS="6361" WIDTH="147" HEIGHT="50" CONTENT="Dahn" WC="0.99" CC="0004"/>
						<SP ID="P3_SP01332" HPOS="3740" VPOS="6411" WIDTH="70"/>
						<String ID="P3_ST01575" HPOS="3810" VPOS="6363" WIDTH="66" HEIGHT="49" CONTENT="ist" WC="1.00" CC="000"/>
						<SP ID="P3_SP01333" HPOS="3876" VPOS="6412" WIDTH="34"/>
						<String ID="P3_ST01576" HPOS="3910" VPOS="6364" WIDTH="295" HEIGHT="56" CONTENT="gestorben." WC="0.99" CC="0000345154"/>
						<SP ID="P3_SP01334" HPOS="4205" VPOS="6420" WIDTH="67"/>
						<String ID="P3_ST01577" HPOS="4272" VPOS="6362" WIDTH="67" HEIGHT="50" CONTENT="Er" WC="0.76" CC="40"/>
						<SP ID="P3_SP01335" HPOS="4339" VPOS="6420" WIDTH="37"/>
						<String ID="P3_ST01578" HPOS="4376" VPOS="6364" WIDTH="88" HEIGHT="49" CONTENT="hat" WC="0.97" CC="070"/>
						<SP ID="P3_SP01336" HPOS="4464" VPOS="6420" WIDTH="36"/>
						<String ID="P3_ST01579" HPOS="4500" VPOS="6366" WIDTH="66" HEIGHT="47" CONTENT="im" WC="0.97" CC="00"/>
						<SP ID="P3_SP01337" HPOS="4566" VPOS="6420" WIDTH="37"/>
						<String ID="P3_ST01580" HPOS="4603" VPOS="6362" WIDTH="330" HEIGHT="51" CONTENT="Nebenberuf" WC="0.99" CC="0040550066"/>
						<SP ID="P3_SP01338" HPOS="4933" VPOS="6420" WIDTH="36"/>
						<String ID="P3_ST01581" HPOS="4969" VPOS="6362" WIDTH="135" HEIGHT="50" CONTENT="viele" WC="0.98" CC="51082"/>
					</TextLine>
					<TextLine ID="P3_TL00231" HPOS="3592" VPOS="6445" WIDTH="1513" HEIGHT="62">
						<String ID="P3_ST01582" HPOS="3592" VPOS="6445" WIDTH="203" HEIGHT="50" CONTENT="Bücher" WC="1.00" CC="004000"/>
						<SP ID="P3_SP01339" HPOS="3795" VPOS="6495" WIDTH="26"/>
						<String ID="P3_ST01583" HPOS="3821" VPOS="6447" WIDTH="352" HEIGHT="60" CONTENT="geschrieben," WC="1.00" CC="030000003030"/>
						<SP ID="P3_SP01340" HPOS="4173" VPOS="6507" WIDTH="30"/>
						<String ID="P3_ST01584" HPOS="4203" VPOS="6449" WIDTH="80" HEIGHT="49" CONTENT="die" WC="0.99" CC="020"/>
						<SP ID="P3_SP01341" HPOS="4283" VPOS="6507" WIDTH="27"/>
						<String ID="P3_ST01585" HPOS="4310" VPOS="6461" WIDTH="146" HEIGHT="38" CONTENT="zwar" WC="0.98" CC="5020"/>
						<SP ID="P3_SP01342" HPOS="4456" VPOS="6507" WIDTH="22"/>
						<String ID="P3_ST01586" HPOS="4478" VPOS="6448" WIDTH="182" HEIGHT="49" CONTENT="keinen" WC="0.99" CC="002006"/>
						<SP ID="P3_SP01343" HPOS="4660" VPOS="6507" WIDTH="28"/>
						<String ID="P3_ST01587" HPOS="4688" VPOS="6447" WIDTH="231" HEIGHT="58" CONTENT="Eingang" WC="0.98" CC="7800009"/>
						<SP ID="P3_SP01344" HPOS="4919" VPOS="6507" WIDTH="27"/>
						<String ID="P3_ST01588" HPOS="4946" VPOS="6450" WIDTH="49" HEIGHT="49" CONTENT="in" WC="1.00" CC="00"/>
						<SP ID="P3_SP01345" HPOS="4995" VPOS="6507" WIDTH="29"/>
						<String ID="P3_ST01589" HPOS="5024" VPOS="6447" WIDTH="81" HEIGHT="50" CONTENT="die" WC="0.97" CC="006"/>
					</TextLine>
					<TextLine ID="P3_TL00232" HPOS="3591" VPOS="6531" WIDTH="1514" HEIGHT="52">
						<String ID="P3_ST01590" HPOS="3591" VPOS="6531" WIDTH="257" HEIGHT="51" CONTENT="Literatur" WC="0.99" CC="060016065"/>
						<SP ID="P3_SP01346" HPOS="3848" VPOS="6582" WIDTH="34"/>
						<String ID="P3_ST01591" HPOS="3882" VPOS="6533" WIDTH="102" HEIGHT="49" CONTENT="und" WC="0.98" CC="600"/>
						<SP ID="P3_SP01347" HPOS="3984" VPOS="6582" WIDTH="34"/>
						<String ID="P3_ST01592" HPOS="4018" VPOS="6532" WIDTH="81" HEIGHT="50" CONTENT="ihn" WC="0.97" CC="303"/>
						<SP ID="P3_SP01348" HPOS="4099" VPOS="6582" WIDTH="39"/>
						<String ID="P3_ST01593" HPOS="4138" VPOS="6533" WIDTH="211" HEIGHT="49" CONTENT="deshalb" WC="1.00" CC="0000033"/>
						<SP ID="P3_SP01349" HPOS="4349" VPOS="6582" WIDTH="37"/>
						<String ID="P3_ST01594" HPOS="4386" VPOS="6535" WIDTH="48" HEIGHT="47" CONTENT="in" WC="0.63" CC="70"/>
						<SP ID="P3_SP01350" HPOS="4434" VPOS="6582" WIDTH="37"/>
						<String ID="P3_ST01595" HPOS="4471" VPOS="6534" WIDTH="90" HEIGHT="49" CONTENT="das" WC="0.99" CC="003"/>
						<SP ID="P3_SP01351" HPOS="4561" VPOS="6583" WIDTH="33"/>
						<String ID="P3_ST01596" HPOS="4594" VPOS="6532" WIDTH="270" HEIGHT="50" CONTENT="Publikum" WC="0.99" CC="00071050"/>
						<SP ID="P3_SP01352" HPOS="4864" VPOS="6583" WIDTH="34"/>
						<String ID="P3_ST01597" HPOS="4898" VPOS="6532" WIDTH="207" HEIGHT="50" CONTENT="fanden." WC="0.98" CC="7008054"/>
					</TextLine>
					<TextLine ID="P3_TL00233" HPOS="3592" VPOS="6614" WIDTH="1513" HEIGHT="54">
						<String ID="P3_ST01598" HPOS="3592" VPOS="6614" WIDTH="96" HEIGHT="51" CONTENT="Die" WC="1.00" CC="000"/>
						<SP ID="P3_SP01353" HPOS="3688" VPOS="6665" WIDTH="27"/>
						<String ID="P3_ST01599" HPOS="3715" VPOS="6615" WIDTH="161" HEIGHT="50" CONTENT="Leser" WC="0.99" CC="00350"/>
						<SP ID="P3_SP01354" HPOS="3876" VPOS="6665" WIDTH="32"/>
						<String ID="P3_ST01600" HPOS="3908" VPOS="6618" WIDTH="167" HEIGHT="49" CONTENT="dieser" WC="0.99" CC="030300"/>
						<SP ID="P3_SP01355" HPOS="4075" VPOS="6667" WIDTH="28"/>
						<String ID="P3_ST01601" HPOS="4103" VPOS="6615" WIDTH="292" HEIGHT="52" CONTENT="Zeitschrift" WC="1.00" CC="00300400150"/>
						<SP ID="P3_SP01356" HPOS="4395" VPOS="6667" WIDTH="30"/>
						<String ID="P3_ST01602" HPOS="4425" VPOS="6620" WIDTH="365" HEIGHT="48" CONTENT="interessieren" WC="1.00" CC="8700000100400"/>
						<SP ID="P3_SP01357" HPOS="4790" VPOS="6668" WIDTH="35"/>
						<String ID="P3_ST01603" HPOS="4825" VPOS="6616" WIDTH="108" HEIGHT="50" CONTENT="sich" WC="0.98" CC="3420"/>
						<SP ID="P3_SP01358" HPOS="4933" VPOS="6668" WIDTH="33"/>
						<String ID="P3_ST01604" HPOS="4966" VPOS="6615" WIDTH="139" HEIGHT="50" CONTENT="nicht" WC="0.98" CC="55050"/>
					</TextLine>
					<TextLine ID="P3_TL00234" HPOS="3592" VPOS="6699" WIDTH="1513" HEIGHT="61">
						<String ID="P3_ST01605" HPOS="3592" VPOS="6700" WIDTH="136" HEIGHT="49" CONTENT="nicht" WC="0.97" CC="77500"/>
						<SP ID="P3_SP01359" HPOS="3728" VPOS="6749" WIDTH="29"/>
						<String ID="P3_ST01606" HPOS="3757" VPOS="6701" WIDTH="80" HEIGHT="49" CONTENT="für" WC="0.96" CC="604"/>
						<SP ID="P3_SP01360" HPOS="3837" VPOS="6750" WIDTH="21"/>
						<String ID="P3_ST01607" HPOS="3858" VPOS="6699" WIDTH="336" HEIGHT="61" CONTENT="Marktware," WC="0.99" CC="0004096200"/>
						<SP ID="P3_SP01361" HPOS="4194" VPOS="6760" WIDTH="29"/>
						<String ID="P3_ST01608" HPOS="4223" VPOS="6716" WIDTH="56" HEIGHT="38" CONTENT="es" WC="0.70" CC="05"/>
						<SP ID="P3_SP01362" HPOS="4279" VPOS="6760" WIDTH="27"/>
						<String ID="P3_ST01609" HPOS="4306" VPOS="6703" WIDTH="134" HEIGHT="48" CONTENT="wird" WC="1.00" CC="0010"/>
						<SP ID="P3_SP01363" HPOS="4440" VPOS="6760" WIDTH="26"/>
						<String ID="P3_ST01610" HPOS="4466" VPOS="6703" WIDTH="149" HEIGHT="49" CONTENT="ihnen" WC="1.00" CC="00002"/>
						<SP ID="P3_SP01364" HPOS="4615" VPOS="6760" WIDTH="28"/>
						<String ID="P3_ST01611" HPOS="4643" VPOS="6703" WIDTH="125" HEIGHT="49" CONTENT="aber" WC="1.00" CC="0000"/>
						<SP ID="P3_SP01365" HPOS="4768" VPOS="6760" WIDTH="24"/>
						<String ID="P3_ST01612" HPOS="4792" VPOS="6703" WIDTH="313" HEIGHT="48" CONTENT="interessant" WC="0.99" CC="36000030575"/>
					</TextLine>
					<TextLine ID="P3_TL00235" HPOS="3592" VPOS="6785" WIDTH="1511" HEIGHT="61">
						<String ID="P3_ST01613" HPOS="3592" VPOS="6787" WIDTH="124" HEIGHT="59" CONTENT="sein," WC="0.98" CC="00803"/>
						<SP ID="P3_SP01366" HPOS="3716" VPOS="6846" WIDTH="33"/>
						<String ID="P3_ST01614" HPOS="3749" VPOS="6786" WIDTH="95" HEIGHT="50" CONTENT="den" WC="0.99" CC="003"/>
						<SP ID="P3_SP01367" HPOS="3844" VPOS="6846" WIDTH="28"/>
						<String ID="P3_ST01615" HPOS="3872" VPOS="6786" WIDTH="191" HEIGHT="50" CONTENT="letzten" WC="1.00" CC="1002003"/>
						<SP ID="P3_SP01368" HPOS="4063" VPOS="6846" WIDTH="28"/>
						<String ID="P3_ST01616" HPOS="4091" VPOS="6785" WIDTH="349" HEIGHT="59" CONTENT="Dahnensang" WC="0.99" CC="0205060649"/>
						<SP ID="P3_SP01369" HPOS="4440" VPOS="6846" WIDTH="23"/>
						<String ID="P3_ST01617" HPOS="4463" VPOS="6786" WIDTH="200" HEIGHT="50" CONTENT="kennen" WC="1.00" CC="000000"/>
						<SP ID="P3_SP01370" HPOS="4663" VPOS="6846" WIDTH="27"/>
						<String ID="P3_ST01618" HPOS="4690" VPOS="6801" WIDTH="63" HEIGHT="35" CONTENT="zu" WC="0.55" CC="26"/>
						<SP ID="P3_SP01371" HPOS="4753" VPOS="6846" WIDTH="29"/>
						<String ID="P3_ST01619" HPOS="4782" VPOS="6786" WIDTH="190" HEIGHT="58" CONTENT="lernen," WC="0.99" CC="1035070"/>
						<SP ID="P3_SP01372" HPOS="4972" VPOS="6846" WIDTH="29"/>
						<String ID="P3_ST01620" HPOS="5001" VPOS="6786" WIDTH="102" HEIGHT="48" CONTENT="den" WC="0.94" CC="905"/>
					</TextLine>
					<TextLine ID="P3_TL00236" HPOS="3592" VPOS="6868" WIDTH="1512" HEIGHT="53">
						<String ID="P3_ST01621" HPOS="3592" VPOS="6870" WIDTH="90" HEIGHT="48" CONTENT="der" WC="0.97" CC="800"/>
						<SP ID="P3_SP01373" HPOS="3682" VPOS="6918" WIDTH="22"/>
						<String ID="P3_ST01622" HPOS="3704" VPOS="6868" WIDTH="456" HEIGHT="52" CONTENT="Musenalmanach" WC="1.00" CC="0400402004040"/>
						<SP ID="P3_SP01374" HPOS="4160" VPOS="6920" WIDTH="26"/>
						<String ID="P3_ST01623" HPOS="4186" VPOS="6872" WIDTH="92" HEIGHT="49" CONTENT="des" WC="0.98" CC="005"/>
						<SP ID="P3_SP01375" HPOS="4278" VPOS="6921" WIDTH="18"/>
						<String ID="P3_ST01624" HPOS="4296" VPOS="6869" WIDTH="358" HEIGHT="52" CONTENT="Presseballes" WC="1.00" CC="000210353602"/>
						<SP ID="P3_SP01376" HPOS="4654" VPOS="6921" WIDTH="23"/>
						<String ID="P3_ST01625" HPOS="4677" VPOS="6868" WIDTH="427" HEIGHT="52" CONTENT="veröffentlichen" WC="0.99" CC="024507050503007"/>
					</TextLine>
					<TextLine ID="P3_TL00237" HPOS="3589" VPOS="6954" WIDTH="1514" HEIGHT="63">
						<String ID="P3_ST01626" HPOS="3589" VPOS="6955" WIDTH="160" HEIGHT="62" CONTENT="wird;" WC="0.97" CC="92064"/>
						<SP ID="P3_SP01377" HPOS="3749" VPOS="7017" WIDTH="34"/>
						<String ID="P3_ST01627" HPOS="3783" VPOS="6954" WIDTH="325" HEIGHT="52" CONTENT="bekanntlich" WC="0.99" CC="20006258164"/>
						<SP ID="P3_SP01378" HPOS="4108" VPOS="7017" WIDTH="38"/>
						<String ID="P3_ST01628" HPOS="4146" VPOS="6957" WIDTH="91" HEIGHT="49" CONTENT="der" WC="0.98" CC="005"/>
						<SP ID="P3_SP01379" HPOS="4237" VPOS="7017" WIDTH="35"/>
						<String ID="P3_ST01629" HPOS="4272" VPOS="6957" WIDTH="189" HEIGHT="50" CONTENT="letzten" WC="0.99" CC="6041005"/>
						<SP ID="P3_SP01380" HPOS="4461" VPOS="7017" WIDTH="38"/>
						<String ID="P3_ST01630" HPOS="4499" VPOS="6955" WIDTH="184" HEIGHT="60" CONTENT="Stätte," WC="0.99" CC="4330000"/>
						<SP ID="P3_SP01381" HPOS="4683" VPOS="7017" WIDTH="36"/>
						<String ID="P3_ST01631" HPOS="4719" VPOS="6969" WIDTH="90" HEIGHT="36" CONTENT="wo" WC="0.75" CC="40"/>
						<SP ID="P3_SP01382" HPOS="4809" VPOS="7017" WIDTH="30"/>
						<String ID="P3_ST01632" HPOS="4839" VPOS="6954" WIDTH="264" HEIGHT="52" CONTENT="häusliche" WC="0.98" CC="705543576"/>
					</TextLine>
					<TextLine ID="P3_TL00238" HPOS="3589" VPOS="7035" WIDTH="745" HEIGHT="56">
						<String ID="P3_ST01633" HPOS="3589" VPOS="7035" WIDTH="187" HEIGHT="55" CONTENT="Musen" WC="0.96" CC="18790"/>
						<SP ID="P3_SP01383" HPOS="3776" VPOS="7090" WIDTH="38"/>
						<String ID="P3_ST01634" HPOS="3814" VPOS="7040" WIDTH="107" HEIGHT="50" CONTENT="sich" WC="0.96" CC="4850"/>
						<SP ID="P3_SP01384" HPOS="3921" VPOS="7090" WIDTH="37"/>
						<String ID="P3_ST01635" HPOS="3958" VPOS="7040" WIDTH="376" HEIGHT="51" CONTENT="niederlassen:" WC="0.99" CC="6000076576795"/>
					</TextLine>
				</TextBlock>
			</PrintSpace>
		</Page>
	</Layout>
</alto>
