2654 3901
1305 3539 128 94 208

2115 3560 196 44 JANVIER
2350 3546 131 48 1923.

231 3570 58 34 LA
322 3560 126 45 CITÉ.

661 178 1315 46 BIBLIOGRAPHIE

123 408 200 36 numéros,
367 404 67 35 des
476 417 174 25 romans,
692 401 216 40 nouvelles,
950 404 174 40 poèmes,
1168 402 131 37 essais,

126 468 241 42 chroniques
395 481 53 20 ou
476 467 214 34 mémoires
716 464 143 36 inédits
887 465 47 34 de
962 464 174 36 Maxime
1164 463 136 38 Gorki,

125 531 169 35 Romain
321 528 180 41 Rolland,
530 527 84 37 Elle
638 527 140 40 Faure,
807 527 137 42 Henry
974 527 89 34 Van
1090 526 48 34 de
1165 525 136 39 Velde,

124 592 106 37 Prof.
272 592 215 43 Langevin,
530 591 180 43 Georges
748 590 212 39 Duhamel,
1002 590 106 34 Léon
1150 588 151 37 Werth,

125 656 134 36 Pierre
281 654 145 44 Hamp,
450 653 152 45 Valéry
622 653 197 39 Larbaud,
843 653 144 34 Comte
1012 653 46 34 de
1082 652 219 38 Gobineau,

125 717 132 37 Frank
282 717 234 40 Wedekind,
546 716 93 36 Cari
667 715 237 40 Sternheim,
936 715 165 35 Charles
1127 714 174 38 Vildrac,

125 780 291 45 Jean-Richard
452 779 134 40 Bloch,
624 780 134 43 Roger
793 778 146 36 Martin
978 778 51 35 du
1065 777 120 39 Gard,
1223 776 81 35 Luc

122 844 183 39 Durtain,
339 843 108 36 Léon
479 842 238 44 Bazalgette,
753 841 161 35 Francis
947 840 147 44 Birrell,
1131 840 172 34 Kasimir

123 905 226 40 Edschmid,
398 905 124 36 Franz
568 904 162 39 Werfel,
777 904 134 43 Roger
955 903 87 44 Fry,
1088 903 215 34 Clémence

123 969 125 40 Dane,
287 968 185 43 Dorothy
510 968 262 39 Richardson,
814 967 108 35 René
964 965 135 41 Lalou,
1141 963 162 38 Manuel

123 1033 152 39 Azana,
301 1030 179 45 Douglas
505 1030 194 44 Goldring
726 1038 39 27 et
790 1028 172 37 Michael
990 1028 231 35 Kousmine.

186 1205 294 37 TABLETTES
536 1202 445 37 DOCUMENTAIRES
1037 1200 240 37 MUNICIPA-

127 1268 102 39 LES.
343 1267 71 38 UN
442 1265 329 40 INSTRUMENT
798 1264 415 37 D'INFORMATION
1245 1263 63 35 ET

128 1333 67 35 DE
236 1329 460 38 DOCUMENTATION
736 1327 356 37 MUNICIPALES.
1235 1327 71 34 Les

130 1397 171 33 services
335 1394 152 44 publics
522 1394 90 34 bien
649 1394 203 41 organisés
887 1400 89 25 sont
1011 1389 295 44 généralement

131 1460 189 33 soucieux
347 1458 123 33 d'être
497 1465 115 26 tenus
640 1470 49 23 au
718 1463 168 26 courant
914 1455 67 34 des
1011 1453 100 39 faits,
1141 1453 66 34 des
1235 1454 54 32 ini-

130 1523 156 33 tiatives
312 1529 36 27 et
372 1520 68 34 des
464 1522 167 40 progrès
656 1517 160 35 réalisés
838 1517 99 35 dans
964 1516 53 34 les
1042 1524 132 26 autres
1200 1516 105 37 cités,

132 1583 116 35 celles
279 1590 50 27 du
361 1597 97 28 pays
489 1585 141 35 même,
664 1595 157 20 comme
854 1579 116 34 celles
1002 1579 45 34 de
1081 1577 8 35 1
1110 1582 195 38 étranger.

191 1670 73 35 Les
306 1670 127 35 loisirs
476 1670 86 34 leur
605 1676 220 34 manquent
870 1665 297 44 généralement
1209 1677 80 30 po«a
1294 1678 17 12 v

134 1733 195 44 procéder
353 1736 21 31 à
398 1747 77 20 une
500 1733 161 37 lecture,
689 1735 22 30 à
736 1745 78 19 une
839 1729 160 42 analyse
1026 1737 37 25 et
1089 1731 20 31 à
1138 1743 49 19 un
1215 1726 75 35 cîas-

134 1796 148 34 monde
313 1804 37 25 et
384 1797 67 40 qui
485 1803 173 34 peuvent
692 1792 56 35 les
780 1795 224 32 intéresser.
1038 1790 154 36 Encore
1228 1790 62 34 fau-

132 1858 151 36 drait-il
337 1858 115 44 qu'ils
506 1858 255 34 connaissent
813 1855 196 43 plusieurs
1061 1854 164 43 langues
1275 1861 36 26 et

133 1921 117 43 qu'ils
294 1923 200 41 reçoivent
536 1933 77 23 une
654 1917 209 46 profusion
906 1918 22 34 d
947 1931 195 28 ouvrages
1184 1924 36 26 et
1263 1915 46 35 de

134 1998 154 22 revues.

194 2072 65 35 On
292 2074 157 40 conçoit
478 2071 117 38 donc,
628 2084 78 30 que
737 2069 52 36 du
820 2069 179 43 Congrès
1030 2065 282 37 international

138 2135 69 35 des
237 2134 135 39 Villes,
407 2145 96 26 tenu
533 2137 22 31 à
585 2131 115 37 Gand
732 2146 49 21 en
821 2131 113 40 1913,
968 2130 55 35 les
1054 2129 259 36 nombreuses

138 2196 292 45 municipalités
461 2199 68 40 qui
559 2210 25 29 y
615 2197 147 34 étaient
795 2197 283 40 représentées,
1113 2194 105 33 aient
1249 2205 42 20 ex-

137 2263 131 42 primé
294 2260 36 35 le
355 2274 91 21 vœu
473 2259 47 36 de
544 2260 89 33 voir
659 2257 99 36 faire
786 2271 45 21 ce
857 2255 141 36 travail
1026 2255 47 36 de
1100 2255 151 35 lecture
1278 2262 37 27 et

135 2323 204 43 d'analyse
364 2337 72 28 par
462 2337 52 20 un
539 2321 120 35 office
685 2319 163 35 central.
877 2319 29 35 L
922 2318 130 36 Union
1080 2318 212 34 Internatio-

139 2387 90 35 nale
256 2387 67 34 des
349 2384 136 40 Villes,
513 2382 214 40 Bruxelles,
758 2382 98 39 3bis,
886 2396 68 21 rue
984 2381 46 35 de
1058 2382 36 35 la
1119 2380 196 43 Régence,

139 2450 221 35 constituée
389 2448 80 37 lors
493 2447 51 37 de
574 2460 44 21 ce
645 2446 194 42 Congrès,
870 2459 21 20 a
921 2446 116 33 remis
1065 2443 37 35 la
1131 2443 182 43 question

137 2515 25 32 à
202 2511 147 38 l'étude
391 2511 168 35 aussitôt
599 2511 118 41 après
758 2507 37 35 la
835 2520 143 31 guerre
1019 2514 37 27 et
1097 2505 72 36 elle
1210 2506 105 33 vient

137 2574 202 36 d'aboutir
377 2577 22 32 à
436 2572 302 45 l'organisation
776 2570 95 35 d'un
909 2572 218 41 important
1166 2568 149 35 service

139 2636 48 37 de
218 2639 151 35 lecture
400 2645 37 26 et
468 2634 215 44 d'analyse,
714 2633 98 36 dont
841 2632 56 36 les
925 2641 169 26 travaux
1124 2639 88 26 sont
1242 2644 49 29 pu-

139 2700 97 35 bliés
279 2714 91 20 sous
411 2700 36 34 la
488 2698 128 35 forme
657 2697 68 35 des
764 2695 181 36 Tablette
986 2693 331 35 Documentaires

137 2761 277 45 Municipales.
476 2760 75 36 Cet
612 2763 221 40 important
896 2758 145 35 recueil
1103 2763 214 37 apportera

141 2826 229 43 désormais,
409 2824 52 38 de
499 2825 177 34 semaine
714 2837 49 20 en
804 2822 187 38 semaine,
1033 2834 77 20 aux
1148 2819 169 34 services

142 2890 223 37 intéressés,
393 2902 54 21 un
475 2886 118 36 choix
617 2884 227 44 d'analyses
870 2884 68 36 des
967 2884 207 43 pricipaux
1204 2882 115 33 écrits

142 2951 153 44 publiés
330 2951 98 35 dans
464 2949 67 36 des
569 2963 141 21 revues
743 2946 218 44 analogues
998 2949 21 31 à
1056 2945 36 35 la
1130 2947 114 32 nôtre
1282 2951 36 26 et

142 3021 246 29 concernant
414 3012 106 36 donc
546 3012 35 36 le
608 3019 259 28 mouvement
896 3007 215 45 municipal
1141 3007 96 34 dans
1266 3007 53 34 les

143 3076 130 37 divers
303 3090 110 30 pays.

202 3163 77 35 Ces
311 3160 213 41 Tablettes,
559 3161 98 35 dont
691 3160 36 35 le
761 3161 88 42 prix
879 3159 50 36 de
963 3158 265 42 souscription
1264 3163 56 27 est

145 3226 47 37 de
217 3226 79 35 240
320 3225 135 36 francs
480 3225 91 38 l'an,
598 3232 89 27 sont
711 3226 211 42 partagées
948 3236 47 21 en
1021 3222 57 34 six
1103 3221 119 33 séries
1247 3219 55 35 dis-

146 3290 143 33 tinctes
322 3287 222 44 répondant
576 3290 24 32 à
630 3285 71 37 des
732 3285 131 43 objets
893 3286 129 34 variés
1055 3283 47 37 de
1136 3282 9 34 1
1164 3283 157 34 activité

1380 400 251 44 municipale.
1659 400 166 44 Chaque
1851 402 99 33 série
1977 409 253 34 comportant
2258 399 295 36 annuellement

1381 463 47 35 de
1459 463 79 35 800
1569 467 21 31 à
1627 463 115 35 1.000
1773 463 181 43 analyses
1983 472 94 34 peut
2108 466 82 31 être
2221 464 190 33 souscrite
2441 461 95 35 isolé-

1382 535 107 25 ment
1516 541 50 20 au
1591 527 87 42 prix
1703 526 46 34 de
1777 526 51 34 40
1856 526 132 35 francs
2014 526 89 38 l'an,
2132 527 74 33 soit
2233 540 48 20 en
2308 524 135 35 réalité
2468 538 65 20 seu-

1382 591 145 33 lement
1557 589 19 34 5
1606 591 189 32 centimes
1821 603 72 28 par
1918 588 172 42 analyse.
2119 588 50 35 Le
2196 590 88 41 prix
2309 587 49 34 de
2383 587 37 35 la
2446 601 87 20 sous-

1383 654 171 42 cription
1597 654 228 41 représente
1870 665 77 21 une
1991 650 90 36 telle
2126 652 207 34 économie
2377 649 97 36 dans
2519 649 38 35 la

1383 716 116 34 tâche
1530 715 65 33 des
1627 715 216 42 dirigeants
1873 714 46 34 de
1951 728 70 20 nos
2051 715 169 32 services
2250 712 152 44 publics
2434 726 54 29 qu
2505 726 50 21 on

1383 788 94 32 peut
1509 793 39 19 se
1582 776 166 36 féliciter
1780 776 46 35 de
1857 778 86 33 voir
1975 780 227 39 apparaître
2234 791 52 19 un
2317 778 238 32 instrument

1383 840 301 35 d'information
1725 841 104 33 aussi
1873 841 183 40 pratique
2100 848 35 25 et
2178 841 103 32 aussi
2322 838 94 35 utile
2458 841 21 30 à
2521 836 36 35 la

1382 903 133 35 bonne
1540 902 319 36 administration
1886 901 47 35 de
1957 901 38 34 la
2020 900 119 36 chose
2165 901 201 43 publique.

1439 990 194 35 Donnons
1660 988 217 35 ci-dessous
1901 988 35 35 la
1961 987 104 35 table
2091 987 228 43 analytique
2346 987 69 35 des
2438 988 121 33 séries

1385 1053 13 35 1
1430 1062 37 26 et
1497 1053 29 34 II
1559 1054 64 42 qui
1655 1060 90 26 sont
1772 1059 87 27 tout
1889 1049 365 45 particulièrement
2285 1049 47 35 de
2366 1058 140 26 nature
2536 1053 22 29 à

1385 1118 213 32 intéresser
1622 1127 72 23 nos
1719 1113 184 37 lecteurs.

1444 1202 107 35 Série
1585 1202 24 35 I.
1731 1201 281 35 Urbanisation
2052 1200 144 43 (Town
2228 1199 206 42 Planning,
2470 1198 91 43 City

1386 1265 204 42 Planning.
1637 1263 317 35 Stâdtebau-und
1999 1262 351 44 Siedlungswesen.
2399 1260 139 36 Steden-

1386 1327 157 44 bouw).
1688 1326 257 35 Mouvement
1990 1326 67 34 des
2103 1325 105 34 idées
2254 1325 305 41 urbanistiques.

1386 1392 145 34 Etudes
1565 1389 215 44 générales,
1818 1399 164 24 sociales
2016 1397 37 26 et
2087 1389 284 41 économiques
2404 1400 66 21 sur
2505 1386 54 34 les

1388 1453 346 43 agglomérations.
1769 1452 322 42 Aménagement
2124 1451 68 34 des
2225 1449 339 44 agglomérations

1395 1516 329 43 (Urbanisation..
1792 1514 289 43 Citéa-jardins.
2147 1511 413 45 Faubourgs-jardins.

1388 1578 187 44 Villages.
1614 1576 371 44 Villes-satellites).
2027 1575 226 36 Formation
2295 1584 36 24 et
2369 1577 109 32 tracé
2515 1573 48 35 de

1388 1642 37 34 la
1452 1643 134 33 voirie.
1616 1640 249 35 Affectation
1894 1640 66 34 des
1988 1641 120 32 voies.
2137 1637 251 44 Législation.
2417 1636 120 36 Trans-

1390 1704 216 34 formation
1635 1705 214 40 technique
1880 1710 37 27 et
1947 1703 262 40 économique
2241 1701 50 33 du
2322 1700 56 34 sol
2409 1714 47 20 en
2487 1708 57 25 ter-

1392 1770 83 32 rain
1505 1770 21 31 à
1554 1766 115 35 bâtir.
1699 1764 195 45 Politique
1925 1764 176 35 foncière
2136 1763 279 44 (lotissement,
2447 1761 93 36 déve-

1389 1829 232 44 loppement
1663 1828 52 35 du
1759 1841 226 21 commerce
2028 1827 46 34 de
2115 1828 181 36 terrains,
2341 1825 225 35 conditions

1391 1892 273 43 particulières
1697 1895 21 30 à
1750 1891 36 34 la
1820 1893 200 40 propriété
2054 1890 49 35 du
2138 1889 69 34 sol.
2241 1888 321 43 Expropriation,

1391 1954 260 44 affermage).
1681 1953 226 35 Utilisation
1936 1952 51 35 du
2015 1951 55 35 sol
2101 1961 37 26 et
2167 1959 221 26 restriction
2418 1950 47 34 de
2493 1963 71 21 son

1392 2032 132 28 usage,
1557 2031 48 20 en
1635 2024 171 36 prenant
1836 2031 48 20 en
1915 2015 292 35 considération
2239 2013 54 35 les
2321 2016 164 32 intérêts
2515 2012 49 34 de

1393 2080 35 34 la
1459 2081 296 37 communauté,
1788 2093 73 28 par
1889 2078 35 34 le
1954 2078 102 34 droit
2087 2077 46 34 de
2164 2085 187 26 coutume
2381 2083 37 26 et
2448 2075 33 34 la
2512 2074 36 35 lé-

1393 2142 180 43 gislation
1602 2141 183 44 spéciale.
1814 2140 171 43 Espaces
2014 2139 129 35 libres.
2173 2139 166 41 Zoning.
2370 2137 170 42 Dévelop-

1393 2213 162 36 pement
1586 2205 47 34 de
1665 2204 10 34 l
1693 2203 200 35 ensembîe
1926 2203 138 34 urbain
2104 2217 7 19 :
2141 2201 35 35 le
2209 2203 82 36 site,
2326 2201 33 34 le
2392 2212 174 31 paysage

1394 2268 152 37 urbain,
1587 2267 163 42 l'aspect
1788 2266 48 35 de
1877 2266 34 34 la
1952 2279 67 20 rue
2066 2263 387 44 (Landschaftliches
2490 2262 50 33 Ge-

1393 2329 195 39 samtbild,
1618 2328 229 40 Stâdtebild,
1880 2326 301 44 Strassenbild).
2213 2326 293 35 Architecture.

1451 2405 106 34 Série
1597 2403 42 35 IL
1769 2403 231 34 Habitation
2045 2401 273 44 (Complexes.
2357 2399 182 36 Hausbau-

1395 2467 78 35 und
1513 2465 379 44 Wohnungswesen.
1933 2462 220 44 Housing).
2288 2463 139 34 Casier
2464 2464 80 32 sani-

1393 2533 99 31 taire
1524 2530 261 42 (Statistique.
1814 2528 223 42 Inspection
2063 2529 197 32 sanitaire.
2288 2525 168 43 Sluims).
2483 2524 55 35 Ma-

1394 2594 154 33 tériaux
1578 2600 36 26 et
1644 2591 176 35 matériel
1851 2591 45 33 de
1926 2592 283 32 construction.
2242 2588 115 34 Plans
2388 2597 35 25 et
2453 2596 115 33 types

1392 2655 45 37 de
1476 2656 283 32 construction.
1799 2653 294 42 Groupements
2131 2652 292 34 d'habitations.
2463 2650 75 34 Exé-

1397 2718 134 35 cution
1560 2716 68 37 des
1654 2725 167 27 travaux
1848 2716 48 35 de
1924 2715 157 35 bâtisse.
2112 2714 283 44 Organisation
2425 2716 118 31 écono-

1399 2783 132 39 mique
1561 2789 37 25 et
1630 2779 144 34 sociale
1806 2780 50 35 du
1887 2777 152 36 travail.
2072 2777 226 35 Protection
2331 2777 50 35 du
2413 2775 152 35 travail.

1397 2843 283 42 Organisation
1725 2843 46 33 de
1814 2841 37 35 la
1895 2842 270 33 construction
2216 2838 352 44 (développement

1397 2904 69 37 des
1487 2904 176 36 facteurs
1683 2906 163 33 sociaux
1868 2917 73 30 par
1965 2911 163 35 rapport
2150 2906 23 31 à
2195 2902 37 35 la
2254 2900 313 43 construction).

1397 2968 287 43 Alignements.
1717 2967 251 43 Règlements
1999 2980 66 20 sur
2094 2965 55 34 les
2179 2965 175 34 bâtisses.
2388 2964 53 34 La
2474 2965 71 32 mai-

1399 3045 70 19 son
1510 3045 6 19 :
1559 3031 27 33 1.
1625 3045 48 19 au
1708 3032 110 40 point
1851 3029 49 35 de
1933 3043 74 20 vue
2038 3027 215 36 individuel
2294 3026 204 43 (mobilier
2531 3033 38 27 et

1398 3092 261 36 installations
1684 3092 228 43 sanitaires)
1928 3106 7 24 ;
1962 3091 35 34 2.
2026 3105 48 20 au
2101 3092 110 41 point
2239 3089 47 35 de
2310 3103 75 21 vue
2411 3088 47 35 de
2484 3087 68 36 l'in-

1396 3157 101 33 térêt
1527 3154 173 36 collectif
1733 3154 182 44 (Impôts.
1944 3153 141 36 Taxes.
2114 3151 453 45 Loyers.Assurances).

1397 3217 184 45 Hygiène
1605 3216 171 45 spéciale
1804 3216 47 37 de
1877 3215 272 37 l'Habitation.
2185 3214 121 44 (Voir
2331 3216 104 33 aussi
2461 3212 108 36 Série

1399 3281 51 35 VI
1489 3296 7 18 :
1528 3281 180 42 Hygiène
1740 3279 229 44 Publique.)

546 3447 58 33 LE
638 3436 225 47 PRÉSENT
896 3434 208 45 NUMÉRO
1138 3441 263 38 RENFERME
1435 3441 101 34 UNE
1570 3439 225 35 PLANCHE
1830 3438 316 37 HORS-TEXTE
