2654 3901
1286 3585 110 88 189

2091 3622 199 44 JANVIER
2329 3610 117 46 1923

217 3638 55 33 LA
308 3628 129 53 CITÉ,

294 334 247 65 acquises.
576 327 179 56 Enfin,
790 343 141 34 nous
962 339 284 40 trouvons,
1282 321 230 66 opposée
1545 321 144 51 l'une
1722 320 27 51 à
1782 319 207 55 l'autre,
2026 315 211 53 l'armée
2268 313 88 53 des

294 418 285 67 profiteurs
615 415 61 50 de
713 414 51 49 la
800 428 182 48 guerre
1018 424 49 38 et
1103 410 50 51 la
1190 426 167 33 masse
1393 407 88 52 des
1518 405 246 53 sinistrés.
1806 405 62 52 Je
1905 404 135 52 crois
2075 421 103 47 que
2216 419 139 34 vous

291 517 309 53 partagerez
625 498 272 66 l'opinion
924 514 102 48 que
1051 494 287 66 j'émettais
1364 493 198 57 tantôt,
1595 494 28 49 à
1651 490 178 53 savoir
1854 508 103 48 que
1985 506 140 35 nous
2153 489 203 50 devons

294 607 63 34 en
390 606 51 33 ce
474 597 246 40 moment
755 583 238 64 regarder
1028 580 212 52 ailleurs
1273 597 141 48 pour
1448 578 279 52 découvrir
1760 595 51 33 ce
1844 594 103 47 que
1981 593 140 34 nous
2157 574 169 52 recher-

292 674 183 55 chons,
512 672 71 50 les
614 669 186 65 signes,
835 669 72 51 les
940 665 333 68 symptômes
1305 665 62 52 de
1399 665 50 51 la
1485 663 184 52 société
1701 663 200 52 future.

452 758 78 51 La
570 754 309 66 génération
920 752 302 67 précédente
1265 769 27 32 a
1334 750 109 65 pris
1482 749 295 51 conscience
1818 749 62 51 de
1921 766 53 34 sa
2016 748 200 54 valeur,
2261 744 94 51 elle

294 846 137 54 s'est,
469 861 62 33 en
567 856 171 42 outre,
778 838 254 67 dégoûtée
1067 839 74 52 du
1176 837 320 64 scepticisme
1533 837 94 64 qui
1661 835 63 51 fit
1758 849 121 37 tant
1914 834 61 52 de
2011 833 255 56 victimes,
2305 844 50 38 et

294 931 119 52 s'est
451 928 194 51 rendue
680 940 212 50 compte
926 924 193 65 qu'elle
1153 922 206 53 n'avait
1393 940 96 47 pas
1522 940 101 45 que
1659 920 88 53 des
1781 920 186 56 droits,
2003 919 135 51 mais
2171 934 183 36 encore

292 1016 89 52 des
413 1014 226 51 devoirs.

454 1100 174 64 Remy
661 1098 62 52 de
756 1096 311 53 Gourmont
1099 1114 65 33 ne
1195 1111 140 36 nous
1368 1092 299 53 donne-t-il
1701 1108 96 49 pas
1829 1089 357 65 l'impression
2219 1089 135 52 d'un

294 1186 198 56 fossile,
536 1183 245 66 lorsqu'il
824 1182 199 52 déclare
1071 1200 13 33 :
1141 1200 30 32 «
1216 1178 508 56 Personnellement,
1767 1176 49 65 je
1858 1195 64 33 ne
1964 1174 285 53 donnerais
2291 1190 63 35 en

292 1272 229 65 échange
551 1272 63 51 de
647 1288 77 34 ces
755 1284 156 38 terres
943 1266 233 55 oubliées
1207 1263 522 68 (Alsace-Lorraine)
1776 1263 56 51 ni
1863 1263 46 51 le
1941 1262 134 64 petit
2107 1261 154 65 doigt
2291 1261 64 51 de

292 1376 89 35 ma
412 1357 147 52 main
590 1357 188 55 droite,
812 1373 85 34 car
926 1355 37 51 il
993 1373 83 34 me
1105 1368 103 36 sert
1239 1354 26 49 à
1298 1351 240 52 soutenir
1566 1368 88 34 ma
1684 1348 149 54 main
1863 1347 188 66 quand
2079 1346 187 65 j'écris,
2299 1346 56 52 ni

294 1444 45 52 le
362 1444 136 65 petit
522 1442 154 64 doigt
699 1441 62 52 de
784 1458 87 34 ma
896 1440 147 51 main
1068 1437 215 66 gauche,
1311 1437 38 52 il
1373 1454 84 34 me
1481 1450 102 37 sert
1608 1436 28 51 à
1661 1451 210 35 secouer
1894 1434 52 50 la
1970 1432 184 52 cendre
2182 1431 61 51 de
2268 1446 87 36 ma

294 1530 245 65 cigarette
574 1547 50 33 ».
1719 1547 10 6 •

455 1614 189 65 Quelle
680 1610 277 55 mentalité
993 1609 408 53 véritablement
1437 1606 223 66 égoïste!

454 1700 299 65 Opposons
778 1699 26 51 à
830 1712 76 37 cet
930 1696 229 53 écrivain
1185 1695 134 52 d'un
1345 1708 149 38 autre
1519 1694 93 65 âge
1637 1693 73 52 les
1734 1693 184 64 jeunes
1942 1686 415 68 d'aujourd'hui

294 1787 95 66 qui
414 1784 333 53 recherchent
770 1784 72 51 les
869 1779 429 67 responsabilités
1321 1797 151 48 parce
1496 1778 163 66 qu'ils
1686 1797 34 46 y
1744 1776 216 67 puisent
1984 1789 50 38 et
2059 1775 49 51 la
2134 1771 223 55 volonté

294 1887 52 38 et
371 1872 258 64 l'énergie.
670 1890 30 31 «
729 1870 160 53 Nous
916 1886 230 34 sommes
1171 1867 125 66 plus
1321 1865 220 52 curieux
1569 1864 62 53 de
1656 1882 52 34 ce
1733 1864 96 65 qui
1856 1881 139 34 nous
2022 1859 180 57 arrête,
2233 1858 99 53 écri-

295 1958 239 57 vent-ils,
560 1956 280 66 qu'avides
864 1956 61 50 de
948 1973 50 33 ce
1024 1954 95 65 qui
1143 1971 140 34 nous
1307 1966 103 38 sert
1438 1970 48 33 ».
1515 1949 249 54 L'action
1788 1949 115 51 leur
1927 1948 178 65 paraît
2129 1945 230 68 quelque

295 2044 154 53 chose
471 2043 63 52 de
557 2056 124 38 tout
703 2041 209 52 naturel
936 2053 51 38 et
1009 2039 64 51 ils
1096 2056 50 34 se
1169 2037 265 53 déclarent
1457 2036 371 52 franchement
1852 2032 230 67 opposés
2107 2032 28 52 à
2159 2029 173 55 l'intel-

294 2130 341 52 lectualisme.

454 2215 160 52 Nous
643 2212 146 53 voilà
821 2212 75 52 du
925 2229 141 47 coup
1098 2211 199 52 devant
1327 2227 52 33 ce
1410 2226 103 47 que
1542 2207 52 65 je
1625 2203 268 55 considère
1922 2221 207 36 comme
2159 2204 45 50 le
2234 2203 125 64 plus

296 2302 173 65 grand
498 2298 253 55 caractère
780 2298 62 53 de
871 2310 154 39 notre
1056 2296 208 65 époque
1301 2312 12 33 :
2201 2286 159 53 Tous

296 2405 78 34 ces
408 2385 278 53 individus
720 2385 235 51 devenus
991 2382 292 51 conscients
1317 2380 64 52 de
1415 2380 114 51 leur
1561 2378 202 56 valeur,
1802 2376 63 52 de
1899 2377 138 51 leurs
2072 2373 188 59 droits,
2298 2371 62 52 de

295 2474 140 51 leurs
463 2472 227 56 devoirs,
723 2469 194 67 gagnés
948 2486 108 33 aux
1087 2466 224 66 grandes
1341 2464 352 53 fluctuations
1722 2461 456 57 internationales,
2213 2479 64 34 ne
2309 2475 50 34 se

295 2570 314 41 contentent
630 2556 125 65 plus
776 2555 62 52 de
860 2555 114 51 leur
996 2552 202 58 savoir;
1225 2551 64 52 ils
1311 2564 100 39 ont
1434 2568 75 34 vu
1533 2568 50 34 se
1606 2549 243 52 détacher
1872 2565 92 34 sur
1987 2547 88 52 des
2097 2546 262 52 horizons

296 2663 184 34 encore
507 2641 234 66 éloignés
770 2641 213 64 l'image
1012 2640 63 52 de
1104 2639 49 51 la
1188 2636 185 54 société
1402 2636 202 56 future,
1637 2649 51 38 et
1717 2635 65 52 ils
1811 2634 216 52 veulent
2059 2646 124 39 tous
2216 2629 141 53 aider

297 2732 28 52 à
355 2748 53 34 sa
438 2728 329 57 réalisation;
799 2728 65 52 ils
891 2728 47 51 le
963 2724 234 57 veulent,
1227 2724 163 52 d'une
1416 2721 163 54 noble
1606 2719 224 54 volonté
1858 2720 96 65 qui
1981 2716 260 66 engendre
2270 2716 87 52 des

297 2831 152 43 actes,
480 2813 322 54 c'est-à-dire
830 2813 87 52 des
945 2812 180 52 choses
1152 2810 94 65 qui
1277 2827 63 34 ne
1371 2822 124 38 sont
1523 2805 193 67 jamais
1743 2805 238 66 perdues.

456 2902 165 50 Alors
653 2917 103 47 que
786 2899 235 51 d'autres
1051 2894 336 67 générations
1418 2892 411 55 démolissaient,
1865 2889 259 52 l'homme
2154 2888 95 64 qui
2281 2898 76 42 est

297 2989 63 52 de
384 3001 153 39 notre
562 3001 174 51 temps
757 2998 130 38 veut
911 2983 211 56 rebâtir,
1148 2999 113 35 non
1287 2998 96 48 pas
1405 2997 141 48 pour
1570 2996 98 34 son
1693 2975 165 66 profit
1884 2975 28 52 à
1936 2974 94 59 lui,

308 3074 134 54 celui
633 3074 64 51 de
819 3073 51 51 la
978 3068 400 56 communauté.

456 3170 84 52 De
569 3168 150 65 quels
747 3167 168 52 outils
943 3165 198 66 peut-il
1174 3163 237 65 disposer
1439 3162 28 51 à
1498 3175 76 38 cet
1604 3160 154 52 effet?
1792 3158 46 52 Il
1868 3176 36 48 y
1934 3175 28 33 a
1992 3154 231 54 d'abord
2253 3171 104 35 une

297 3256 193 53 science
524 3255 93 65 qui
656 3253 120 53 s'est
811 3250 320 66 développée
1166 3248 502 66 prodigieusement,
1705 3257 52 40 et
1790 3243 95 65 qui
1921 3256 129 52 peut
2084 3242 46 52 le
2167 3240 162 53 rensei-

299 3360 127 48 gner
451 3359 89 34 sur
565 3358 103 34 une
691 3339 151 50 foule
866 3337 63 52 de
951 3336 196 51 choses.
1178 3335 62 52 Je
1263 3353 64 33 ne
1350 3331 243 55 m'arrête
1620 3347 95 49 pas
1741 3347 108 35 aux
1876 3327 301 65 objections
2202 3325 157 53 faites

2241 3445 7 12 %
