2654 3901
1278 3581 113 94 192

219 3627 56 33 LA
313 3617 128 44 CITÉ.

2093 3621 196 43 JANVIER
2335 3609 117 47 1923

313 336 115 37 teur
451 320 63 53 de
536 338 182 47 guerre
742 319 177 51 rouler
942 337 63 33 en
1030 337 102 32 une
1157 332 131 38 auto
1314 319 62 51 de
1401 318 135 65 style
1563 318 261 65 gothique
1848 337 73 34 ou
1949 318 217 52 rococo?
2195 315 180 52 Même

310 426 78 33 ces
416 407 205 65 gens-là
649 418 389 51 comprennent
1065 404 45 51 le
1140 403 216 52 ridicule
1385 404 62 51 de
1475 422 76 33 ces
1579 403 196 52 choses.

470 492 232 63 L'esprit
733 491 62 52 de
829 508 167 33 masse
1028 491 121 50 s'est
1182 489 293 65 développé
1508 508 63 32 en
1603 489 170 52 même
1808 503 172 51 temps
2012 507 103 48 que
2145 489 51 51 la
2232 488 113 52 tech-

309 567 177 63 nique.
538 566 97 50 Les
681 564 278 51 individus
1005 581 50 34 se
1100 576 126 38 sont
1274 562 176 52 réunis
1497 562 104 52 afin
1650 563 62 51 de
1762 580 47 34 se
1857 562 273 57 mouvoir,
2182 560 187 67 d'agir»

309 671 206 34 comme
548 652 250 51 individu
834 649 246 52 collectif.
1118 651 62 50 Je
1215 649 133 52 crois
1383 649 192 52 inutile
1610 649 280 52 d'insister.
1930 649 444 65 Rappelez-vous

309 756 102 47 que
437 737 135 52 Zola
600 738 121 50 s'est
746 736 135 52 servi
909 736 60 51 de
996 736 50 51 la
1075 754 166 33 masse
1269 752 206 35 comme
1503 751 330 48 personnage
1861 736 133 49 dans
2022 752 75 33 ses
2126 751 242 39 romans;

309 842 102 46 que
434 841 114 33 vers
571 823 49 51 la
644 822 171 52 même
836 822 207 65 époque
1066 822 71 51 les
1161 821 230 66 peintres
1415 835 125 38 sont
1564 837 269 49 parvenus
1858 820 27 52 à
1912 820 183 52 rendre
2120 839 90 33 sur
2234 821 139 51 leurs

310 911 151 51 toiles
501 908 152 53 l'idée
693 910 63 51 de
797 908 51 53 la
889 907 167 57 foule,
1099 907 439 66 qu'auparavant
1580 907 64 51 ils
1686 907 214 51 avaient
1942 905 319 66 représentée
2303 922 69 35 au

307 1014 196 46 moyen
531 995 162 52 d'une
719 994 125 52 série
869 994 62 52 de
957 1011 355 47 personnages
1339 991 334 66 juxtaposés.

465 1081 160 52 Nous
655 1099 63 33 ne
746 1098 230 34 sommes
1002 1098 96 45 pas
1126 1098 67 33 au
1221 1080 140 51 bout
1389 1080 62 51 de
1477 1091 130 40 cette
1635 1077 283 52 évolution
1955 1096 13 32 :
2002 1079 50 49 la
2081 1094 167 34 masse
2276 1076 96 65 qui

305 1166 228 66 produit
557 1165 421 52 collectivement
1005 1179 128 38 veut
1159 1182 336 34 consommer
1522 1165 61 51 de
1610 1162 184 53 même.
1824 1162 61 53 Je
1912 1180 82 33 me
2021 1161 260 54 demande
2308 1178 64 34 en

307 1254 127 51 vain
469 1270 51 33 ce
554 1253 95 64 qui
686 1251 356 65 s'opposerait
1076 1251 27 51 à
1138 1251 134 51 cela?
1311 1251 46 51 Il
1392 1250 89 52 fut
1517 1269 75 33 un
1629 1264 172 51 temps
1834 1249 73 51 où
1944 1249 203 51 chacun
2184 1248 189 50 cuisait

308 1358 98 33 son
444 1339 129 65 pain
613 1353 50 37 et
700 1338 181 52 faisait
920 1356 55 33 sa
1014 1338 182 51 lessive
1235 1338 28 49 à
1303 1336 262 53 domicile.
1610 1335 226 64 Chaque
1875 1335 211 52 maison
2129 1334 147 51 avait
2317 1350 53 35 sa

305 1443 217 48 pompe,
552 1443 99 34 son
677 1424 149 66 puits
854 1424 155 52 d'eau
1037 1424 62 52 de
1126 1441 197 39 source,
1353 1441 55 34 sa
1436 1423 191 52 citerne
1657 1423 153 51 d'eau
1841 1422 61 52 de
1930 1420 161 66 pluie.
2123 1419 250 52 Pendant

308 1512 87 51 des
436 1510 187 56 siècles,
665 1528 72 35 on
779 1528 27 32 a
846 1508 159 66 gardé
1043 1509 128 51 chez
1211 1509 79 51 soi
1330 1527 51 33 ce
1420 1508 172 65 qu'on
1632 1521 75 38 est
1748 1508 239 49 heureux
2031 1504 61 53 de
2134 1505 238 64 pouvoir

308 1597 388 65 présentement
733 1613 234 47 envoyer
1002 1596 28 50 à
1066 1594 218 65 l'égout.
1323 1594 92 52 Où
1451 1608 73 37 est
1559 1594 45 51 le
1641 1608 172 50 temps
1846 1592 73 52 où
1954 1611 72 33 on
2063 1592 146 51 avait
2245 1590 127 53 chez

307 1683 78 52 soi
422 1683 88 51 des
545 1683 197 51 bidons
776 1683 61 50 de
873 1681 203 64 pétrole
1112 1696 49 37 et
1197 1681 87 50 des
1319 1681 258 63 lampes...
1616 1678 147 52 vides
1801 1697 69 32 au
1905 1691 246 39 moment
2187 1677 73 51 où
2298 1693 74 35 on

307 1770 180 52 devait
516 1770 108 50 s'en
656 1768 192 51 servir?

468 1855 159 52 Tout
662 1856 106 49 cela
806 1872 28 33 a
872 1853 199 65 changé
1116 1872 12 32 :
1169 1871 138 33 nous
1345 1869 229 34 sommes
1611 1850 256 52 satisfaits
1905 1850 74 52 du
2017 1850 130 64 pain
2184 1866 102 46 que
2325 1848 47 51 le

308 1942 298 62 boulanger
646 1957 138 35 nous
825 1940 155 56 livre;
1025 1956 140 33 nous
1203 1938 257 51 donnons
1498 1936 297 52 volontiers
1834 1936 51 51 la
1926 1935 181 50 lessive
2148 1932 217 57 dehors;

307 2046 102 46 que
440 2027 371 51 ferions-nous
841 2043 122 34 sans
992 2024 355 52 distribution
1378 2022 171 57 d'eau,
1584 2022 62 52 de
1678 2040 116 46 gaz,
1829 2018 361 55 d'électricité?
2226 2018 144 53 Mais

307 2114 275 66 qourquoi
615 2130 139 34 nous
785 2110 192 53 arrêter
1010 2111 28 51 à
1070 2109 347 53 mi-chemin?
1451 2109 283 63 Pourquoi
1768 2126 64 33 ne
1865 2106 505 53 distribuons-nous

308 2217 95 47 pas
440 2199 137 51 l'eau
613 2196 203 54 chaude
853 2214 141 47 pour
1030 2196 46 51 le
1114 2195 234 65 ménage,
1389 2195 50 51 la
1476 2194 214 51 chaleur
1726 2211 141 47 pour
1904 2194 51 49 la
1994 2192 240 51 maison?
2276 2190 93 52 On

308 2286 147 51 vient
484 2285 61 51 de
571 2284 132 52 faire
729 2284 28 51 à
784 2284 245 54 Dundee,
1060 2300 62 33 en
1151 2283 205 55 Ecosse,
1389 2298 101 34 une
1519 2279 300 66 expérience
1846 2297 142 47 pour
2015 2279 45 51 le
2087 2276 282 64 chauffage

308 2372 62 50 de
398 2388 110 47 250
536 2369 261 56 maisons;
825 2368 379 52 l'installation
1230 2365 211 53 marche
1466 2366 28 51 à
1521 2364 217 53 souhait
1764 2379 50 38 et
1839 2365 72 51 les
1935 2363 129 52 frais
2091 2363 62 52 de
2179 2360 158 53 chauf-

309 2458 118 65 fage
455 2471 126 38 sont
609 2455 200 52 réduits
839 2455 62 51 de
930 2453 199 53 moitié.

467 2554 109 52 Des
620 2553 366 52 installations
1033 2551 288 64 analogues
1364 2549 385 52 fonctionnent
1796 2549 134 51 dans
1977 2547 224 52 environ
2256 2562 112 48 300

308 2642 150 51 villes
487 2641 74 51 du
591 2639 241 55 Canada,
864 2638 72 51 où
969 2638 111 51 600
1110 2637 252 51 centrales
1391 2636 330 50 fournissent
1751 2634 50 51 la
1831 2633 213 52 chaleur
2073 2631 292 53 nécessaire.

308 2730 186 50 Toute
528 2745 101 33 une
661 2726 124 51 série
816 2725 62 52 de
910 2723 292 52 bâtiments
1232 2721 209 66 publics
1471 2722 62 51 de
1565 2721 201 51 Dresde
1799 2733 126 39 sont
1955 2718 237 52 chauffés
2224 2719 62 51 de
2317 2719 51 50 la

307 2813 168 53 même
508 2812 232 52 manière
771 2829 97 47 par
900 2811 45 51 le
987 2827 31 33 «
1056 2807 409 53 Fernheizwerk
1502 2825 49 33 ».
1587 2807 198 56 Berlin,
1820 2805 324 53 Neu-Kôlln
2179 2805 107 50 suit
2319 2817 50 38 et

305 2899 214 52 chauffe
541 2910 343 39 notamment
909 2896 87 51 des
1018 2892 396 54 constructions
1438 2891 187 52 situées
1651 2892 26 51 à
1706 2909 86 47 2,5
1822 2891 110 51 km.
1963 2890 73 52 du
2063 2887 307 67 générateur

307 2986 62 51 de
398 2985 229 51 chaleur.

465 3083 144 51 Mais
630 3099 139 35 nous
790 3097 230 35 sommes
1041 3076 235 54 ennemis
1297 3078 62 50 de
1382 3094 76 33 ces
1480 3076 215 65 progrès
1716 3093 151 47 parce
1891 3074 162 66 qu'ils
2077 3071 292 65 dérangent

307 3188 99 33 nos
453 3169 303 55 habitudes,
808 3180 51 39 et
907 3184 140 33 nous
1095 3182 140 34 nous
1284 3175 237 40 mettons
1570 3163 306 51 sciemment
1926 3178 63 34 en
2041 3173 201 38 travers
2294 3156 72 52 du

307 3255 231 65 progrès.
569 3253 384 54 Réfléchissons
982 3269 74 33 un
1085 3262 259 40 moment.
1377 3249 159 51 Nous
1565 3266 169 34 avons
1762 3248 88 52 des
1876 3263 225 47 moyens
2130 3244 62 52 de
2220 3244 116 51 loco-

308 3342 230 56 motion,
581 3341 87 52 des
708 3351 326 40 restaurants
1074 3337 94 64 qui
1208 3348 125 38 sont
1373 3335 27 50 à
1441 3334 49 51 la
1533 3333 324 65 disposition
1899 3332 133 53 d'un
2073 3332 203 52 chacun
2318 3341 50 40 et
