3157 4442
547 313 868 76 L'ACTUALITÉ
1492 336 652 57 MUSICALE

96 467 129 31 ment
270 454 222 46 construit
538 473 112 42 pour
702 457 123 44 Bach
878 474 76 42 par
995 457 305 47 Silbermann.

95 522 41 45 S.
167 524 59 44 A.
257 524 39 44 le
323 526 141 59 grand
493 526 87 43 duc
607 526 54 43 de
701 526 123 44 Bade
852 527 173 44 honora
1051 527 54 44 de
1131 544 45 27 sa
1202 529 75 58 pré-

91 608 135 29 sence
271 593 40 45 la
352 595 222 58 première
618 595 205 44 audition
876 607 43 33 et
964 595 41 45 la
1047 613 111 27 cour
1204 597 96 45 vînt

90 662 174 45 assister
291 680 56 27 en
374 663 122 45 foule
524 664 23 44 à
574 663 40 45 la
638 664 210 45 seconde.

162 801 443 48 BARCELONE.
645 830 52 4 -
697 830 15 4 -
751 801 126 46 C'est
920 820 107 27 avec
1074 804 38 43 le
1157 806 140 47 grand

98 869 124 45 Bach
251 889 89 42 que
369 889 114 27 nous
508 888 139 28 avons
686 872 151 59 repris,
866 884 119 33 cette
1012 873 147 44 année
1187 891 83 27 con-

94 950 92 33 tact
230 957 107 28 avec
383 940 40 45 la
468 941 210 60 musique
706 941 75 44 des
821 955 222 32 concerts.
1087 941 211 47 L'Orféo

96 1008 175 60 Catala,
314 1011 180 44 suivant
535 1027 56 27 en
631 1011 93 44 ceci
755 1009 40 45 la
821 1012 99 43 voie
948 1011 148 45 tracée
1138 1030 76 41 par
1259 1013 41 44 la

90 1077 164 46 Schola
280 1079 54 43 de
364 1079 135 57 Paris,
527 1078 103 46 s'est
656 1081 185 57 attaqué
868 1079 24 45 à
920 1080 39 44 la
987 1081 154 45 Messe
1163 1099 55 27 en
1247 1085 49 55 si,

92 1146 106 46 n'en
227 1148 263 58 exécutant,
520 1148 28 44 il
577 1159 65 35 est
664 1150 90 43 vrai
783 1166 88 43 que
893 1149 40 44 le
962 1150 166 45 Credo.
1160 1151 138 45 Cette

89 1217 206 45 audition
316 1235 114 27 nous
451 1218 123 44 valut
592 1218 271 44 d'entendre
887 1218 164 45 Albert
1073 1219 196 46 Schweit-

89 1303 77 26 zer
193 1287 110 44 dans
329 1304 62 27 un
415 1288 234 44 Concerto
677 1288 53 44 de
760 1288 333 61 Rheinberger,
1123 1301 43 32 et
1188 1290 110 45 dans

91 1354 40 45 la
172 1355 284 63 Symphonia
506 1357 131 45 Sacra
688 1357 53 45 de
792 1358 183 44 Widor.
1019 1358 74 45 De
1145 1359 153 45 même

90 1423 262 47 l'excellent
380 1426 131 44 ténor
543 1426 178 44 IValter
743 1426 162 60 profita
932 1428 53 43 de
1011 1445 45 27 sa
1082 1429 216 57 présence

89 1496 141 57 parmi
261 1512 114 27 nous
403 1512 112 42 pour
543 1513 115 27 nous
684 1496 176 44 donner
887 1514 62 27 un
979 1496 315 46 Liederabend

88 1564 340 44 extrêmement
454 1564 225 60 applaudi.
722 1565 136 45 Voilà
885 1568 75 59 qui
1003 1584 114 27 nous
1143 1585 153 42 repose

89 1650 61 27 un
180 1651 86 41 peu
294 1634 74 45 des
388 1634 160 45 Mmes
571 1635 225 63 Butterfly
825 1636 112 44 dont
967 1636 38 44 le
1033 1636 175 45 théâtre
1236 1638 58 43 du

88 1702 156 62 Lycée
271 1720 115 28 nous
412 1703 197 46 comble.

728 1787 57 44 V.
818 1787 73 45 M.
921 1802 62 30 DE
1013 1787 209 46 GIBERT.

158 1909 237 46 CADIX.
543 1910 79 60 Ici,
652 1911 288 46 l'Académie
962 1914 305 59 philharmoni-

85 1996 90 41 que
203 1979 54 44 de
297 1979 73 46 Ste
400 1980 158 45 Cécile
586 1981 88 44 fort
703 1983 103 43 bien
847 1983 169 60 dirigée
1044 2001 76 41 par
1148 1983 146 45 l'abbé

85 2048 44 59 J.
160 2047 179 47 Galvez
377 2066 27 45 y
433 2049 125 45 Ruiz
585 2051 122 44 vient
746 2051 293 62 d'inaugurer
1066 2071 45 26 sa
1148 2055 143 43 saison

87 2117 226 46 nouvelle.
355 2118 68 45 Le
452 2137 289 43 programme
769 2121 54 44 de
855 2134 119 32 cette
1001 2123 205 44 audition
1237 2140 56 27 ne

85 2204 110 28 vous
236 2187 371 46 révolutionnera
648 2207 75 41 pas
763 2191 23 43 à
833 2191 136 58 Paris,
1001 2192 112 44 mais
1155 2192 28 44 il
1230 2206 63 31 est

85 2257 88 43 bon
216 2258 257 58 cependant
525 2276 89 42 que
642 2277 109 27 vous
778 2259 39 45 le
856 2261 296 58 connaissiez,
1182 2279 112 42 pour

86 2342 109 28 vous
223 2326 107 45 faire
372 2344 91 27 une
492 2328 98 43 idée
632 2329 53 43 de
714 2328 39 45 la
797 2330 69 43 vie
894 2329 219 46 musicale
1159 2348 55 27 en
1243 2348 51 28 ce

84 2396 104 43 coin
231 2396 54 43 de
332 2396 259 62 l'Espagne.
634 2398 132 45 Nous
809 2416 140 28 avons
990 2399 119 46 donc
1156 2418 55 27 eu
1254 2400 39 45 le

85 2464 149 58 plaisir
257 2464 272 47 d'entendre
555 2484 8 27 :
595 2467 197 45 Marche
814 2469 201 59 nuptiale
1038 2469 53 44 de
1111 2469 147 61 Grieg
1283 2492 9 33 ;

84 2534 195 59 Caprice
320 2552 73 27 sur
436 2535 185 45 Alceste
663 2537 53 43 de
745 2537 64 45 St;
837 2537 137 46 Saëns
999 2559 10 33 ;
1056 2552 24 32 2
1086 2540 16 19 e
1129 2538 165 46 Sonate

82 2603 54 44 de
178 2603 148 61 Grieg
348 2625 10 35 ;
400 2605 84 43 Air
527 2606 53 43 de
617 2605 195 62 Pagliaci
856 2607 53 44 de
955 2607 304 46 Leoncavallo
1289 2631 5 7 •

82 2673 85 43 Air
195 2673 53 44 de
277 2673 188 45 Samson
503 2676 52 42 de
585 2675 61 45 St.
677 2675 137 46 Saëns
837 2698 10 34 ;
879 2676 184 45 Ballada
1103 2679 190 44 oriental

81 2742 54 44 de
164 2742 180 47 Galvez
369 2765 9 22 :
410 2744 192 50 Hymne
628 2744 24 44 à
671 2744 74 45 Ste
774 2745 158 46 Cécile
960 2747 53 43 de
1042 2746 204 47 Gounod
1282 2770 10 28 ;

368 2791 10 7 '
459 2789 14 16 J
1282 2794 10 9 j

85 2811 178 46 Danses
304 2813 54 43 de
396 2812 212 64 Debussy
643 2834 11 35 ;
698 2814 240 46 Romance
979 2816 54 43 de
1096 2817 162 45 Arnau
1283 2840 10 34 ;

85 2881 155 45 Pièces
281 2882 264 61 espagnoles
572 2883 54 44 de
665 2883 72 45 M.
768 2885 53 43 de
865 2884 125 45 Falla
1017 2906 10 34 ;
1071 2885 60 45 les
1157 2885 110 46 Erin-

83 2968 111 45 nyes
221 2951 54 44 de
304 2951 253 46 Massenet.

151 3019 36 45 Il
215 3038 29 45 y
270 3038 24 26 a
321 3020 101 59 plus
449 3022 54 43 de
529 3022 250 60 cinquante
798 3040 79 27 ans
904 3041 89 42 que
1021 3037 119 32 cette
1176 3025 94 59 phil-

82 3090 303 59 harmonique
406 3107 25 27 a
458 3090 70 45 été
556 3091 164 44 fondée
749 3109 75 42 par
852 3092 220 61 quelques
1097 3096 113 43 amis
1238 3096 53 43 de

80 3159 40 44 la
147 3160 210 60 musique
386 3160 112 44 dont
520 3160 162 61 j'étais,
712 3174 44 31 et
790 3179 102 28 sous
919 3161 40 46 la
985 3163 222 45 direction
1237 3165 54 44 de

84 3229 201 44 Bernard
314 3228 209 60 Darhan,
559 3231 76 59 qui
664 3231 117 43 avait
824 3230 70 45 été
922 3231 124 45 élève
1073 3233 60 44 du
1162 3233 97 46 Con-

78 3299 244 44 servatoire
364 3299 54 43 de
460 3299 121 44 Paris
623 3300 110 45 dans
761 3300 39 44 la
840 3300 137 46 classe
1004 3302 54 44 de
1100 3302 186 47 Lafont.

80 3367 350 45 Actuellement
458 3380 119 33 cette
604 3369 183 59 société,
814 3382 224 34 soutenue
1066 3389 77 42 par
1170 3373 118 44 deux

80 3437 197 58 maîtres,
307 3436 179 47 Galvez
513 3450 43 32 et
596 3438 185 61 Miguel
811 3440 247 58 Mendaro,
1100 3454 63 33 est
1199 3460 90 27 une

77 3508 76 43 des
193 3506 258 45 meilleures
484 3525 88 42 que
602 3525 114 27 nous
742 3526 142 45 ayons
910 3527 55 27 en
998 3523 131 33 notre
1170 3529 120 45 pays.

642 3589 260 47 SALVADOR
936 3593 284 47 VUINEGRA.

146 3715 384 47 BUDAPEST.
687 3718 132 45 Nous
861 3735 178 30 somme
1082 3720 202 43 heureux

2580 411 0 0 13

1382 460 281 46 d'annoncer
1703 462 40 44 la
1764 463 228 59 triomphe
2019 463 60 44 du
2120 462 160 45 maître
2320 461 265 58 Guilmant,

1380 530 76 59 qui
1500 543 64 32 est
1592 548 120 27 venu
1757 532 175 44 donner
1978 533 54 44 ici
2076 550 90 26 une
2192 532 206 44 audition
2427 531 52 45 de
2520 548 66 28 ses

1379 616 192 30 œuvres.

1449 737 305 47 MUNICH.
1931 738 223 61 L'Opéra
2203 740 53 43 de
2309 739 200 45 Munich
2561 756 25 27 a

1378 807 136 59 repris
1540 820 128 32 entre
1707 808 121 45 Noël
1856 821 43 32 et
1926 809 184 45 Nouvel
2140 827 57 27 an
2235 808 39 45 la
2299 808 192 45 Jessonda
2531 808 54 45 de

1378 875 159 59 Spohr,
1566 877 137 60 digne
1730 878 132 57 façon
1900 879 54 43 de
2004 879 120 44 clore
2161 877 178 45 l'année
2381 877 59 44 du
2486 879 73 43 cin-

1377 947 299 57 quantenaire
1718 947 53 43 de
1799 947 40 44 la
1867 959 120 33 mort
2015 947 111 45 d'un
2145 948 308 59 compositeur
2481 959 99 47 trop

1379 1014 164 46 oublié.
1587 1015 80 46 On
1715 1017 82 43 sait
1842 1034 87 43 que
1971 1017 145 59 Spohr
2164 1034 25 27 a
2233 1016 123 45 laissé
2397 1016 54 44 de
2496 1016 88 45 très

1379 1084 287 45 intéressants
1707 1085 243 45 mémoires
1976 1086 53 44 de
2074 1103 44 27 sa
2144 1087 85 56 vie,
2257 1086 141 60 qu'on
2439 1086 144 43 aurait

1378 1152 90 45 lieu
1513 1154 53 43 de
1595 1154 192 44 rééditer
1828 1155 24 44 à
1879 1166 120 33 cette
2027 1157 224 43 occasion.
2299 1154 58 45 Ils
2385 1167 80 32 ont
2511 1154 73 45 été

1378 1222 173 59 publiés
1577 1223 24 44 à
1630 1224 218 44 Hanovre
1875 1242 54 25 en
1967 1240 13 28 i
1997 1223 180 47 860-61
2221 1242 55 27 en
2308 1238 23 31 2
2363 1223 219 46 volumes.

2339 1293 83 45 W.
2454 1293 56 45 R.

1446 1361 344 46 LONDRES.
1935 1363 77 44 Au
2052 1363 190 57 théâtre,
2284 1362 173 45 Pierrot
2494 1362 89 44 and

1379 1429 235 59 Pierrette,
1638 1431 135 58 opéra
1811 1432 230 59 comique,
2070 1431 251 62 n'ajoutera
2360 1432 94 43 rien
2483 1431 22 45 à
2545 1430 40 46 la

1376 1499 269 44 renommée
1660 1500 52 43 de
1728 1500 643 46 M.Holbrooke.Excellente
2394 1502 109 43 mise
2525 1518 57 26 en

1374 1568 135 45 scène
1536 1569 59 44 du
1625 1569 265 45 Beethoven
1919 1570 54 44 de
2016 1570 225 44 Fauchois
2267 1569 24 44 à
2319 1571 85 43 His
2433 1569 120 61 Maje-

1374 1637 109 63 sty's
1510 1638 208 45 Theatre
1747 1658 10 34 ;
1797 1640 57 43 sir
1895 1639 60 45 H.
1987 1639 259 44 Beerbohm
2286 1639 127 44 Tree
2451 1656 24 27 a
2514 1638 69 45 été

1376 1719 100 32 tout
1520 1707 296 59 simplement
1858 1708 264 44 admirable.
2184 1709 123 43 Mais
2351 1707 38 44 le
2441 1709 141 59 grand

1374 1777 155 44 succès
1555 1790 65 32 est
1649 1795 111 39 pour
1788 1777 206 46 l'Oiseau
2034 1777 115 45 Bleu
2176 1778 54 44 de
2272 1777 312 45 Maeterlinck

1377 1845 166 45 habillé
1581 1847 23 44 à
1634 1846 231 61 l'anglaise
1903 1860 45 31 et
1975 1865 107 27 avec
2110 1848 209 59 musique
2359 1847 53 44 de
2450 1846 133 45 scène

1375 1916 54 43 de
1458 1916 197 46 O'Neill
1682 1937 9 34 ;
1733 1916 111 45 c'est
1872 1934 90 27 une
1990 1917 75 44 des
2092 1916 278 45 réalisations
2397 1916 61 45 les
2484 1916 99 59 plus

1373 1986 256 59 artistiques
1649 1987 77 59 qui
1754 2003 45 28 se
1821 1987 200 58 puissent
2041 1987 95 43 voir
2157 1986 23 44 à
2201 1985 221 46 Londres.
2453 1986 131 45 Nous

1375 2071 182 29 verrons
1594 2057 33 43 si
1656 2055 85 45 elle
1767 2073 95 27 sera
1889 2056 206 59 dépassée
2121 2056 24 44 à
2173 2055 122 45 Paris
2320 2072 76 42 par
2425 2055 126 44 Chan-

1374 2123 152 46 tecler.

1447 2195 75 43 Au
1550 2206 187 32 concert
1766 2194 38 44 le
1886 2196 401 60 Newsymphony

1375 2263 142 61 dirigé
1562 2281 77 42 par
1686 2264 196 45 Landon
1936 2264 195 44 Renald.
2215 2263 138 46 Deux
2404 2281 178 26 œuvres

1375 2332 233 45 nouvelles
1653 2333 54 44 de
1753 2333 160 61 Georg
1957 2333 266 45 Schumann
2254 2351 56 26 ne
2347 2349 114 28 nous
2500 2345 80 31 ont

1374 2403 95 43 rien
1493 2402 148 44 révélé
1660 2403 53 44 de
1732 2420 227 40 nouveau,
1983 2420 91 26 non
2096 2403 98 60 plus
2211 2420 88 42 que
2319 2402 109 44 The
2449 2401 131 45 Maid

1373 2476 45 39 ot
1446 2472 182 44 Astolat
1674 2473 162 58 poème
1879 2474 340 60 symphonique
2265 2471 314 60 d'inspiration

1376 2542 368 61 tennysonienne
1788 2542 54 44 de
1889 2542 72 44 M.
1999 2542 33 56 J.
2078 2541 156 45 Davis.
2283 2541 118 44 Miss
2448 2540 134 45 Viola

1374 2610 128 44 Tree
1546 2629 24 26 a
1597 2611 78 44 fait
1715 2629 60 26 un
1820 2611 139 44 début
2003 2612 53 43 de
2099 2613 234 56 beaucoup
2375 2611 54 43 de
2469 2610 111 61 goût

1374 2679 110 46 dans
1528 2680 183 45 Louise.
1754 2681 76 44 Au
1879 2681 242 44 Bechstein
2170 2679 123 58 Hall,
2324 2679 39 45 la
2404 2679 175 46 Société

1375 2749 75 45 des
1478 2749 225 45 Concerts
1729 2750 192 58 français
1947 2767 24 27 a
1997 2749 284 60 pleinement
2309 2749 134 45 réussi
2470 2766 108 27 avec

1375 2819 118 43 deux
1531 2819 244 59 auditions,
1811 2819 123 45 l'une
1972 2818 240 46 consacrée
2256 2819 23 44 à
2324 2818 166 61 d'lndy
2535 2831 43 31 et

1377 2888 58 45 A.
1465 2888 250 61 Magnard,
1745 2887 162 45 l'autre
1933 2888 23 44 à
1985 2888 56 45 R.
2065 2889 157 56 Hahn,
2251 2887 327 61 Inghelbrecht

1375 2970 43 31 et
1472 2958 49 44 F.
1576 2957 223 46 Schmidt.
1861 2957 119 44 Pour
2032 2958 266 59 interprètes
2323 2974 7 28 :
2373 2956 207 45 Blanche

1375 3026 142 59 Selva,
1539 3026 148 61 Engel
1708 3039 44 32 et
1776 3026 136 45 Mme
1933 3027 203 58 Bathori,
2158 3027 138 44 Mme
2310 3027 268 46 Wurmser-

1375 3095 241 46 Delcourt.

1441 3165 68 45 La
1620 3166 207 52 Queen's
1884 3165 103 45 Hall
2046 3165 168 45 Choral
2273 3165 179 62 Society
2556 3182 25 28 a

1371 3234 152 45 donné
1564 3253 91 27 une
1700 3236 151 43 bonne
1886 3236 203 44 audition
2137 3235 53 44 de
2218 3234 40 45 la
2286 3234 221 45 Bonduca
2525 3234 53 44 de

1372 3304 194 58 Purcell,
1596 3316 118 32 sorte
1741 3305 54 43 de
1841 3306 210 59 musique
2079 3305 54 43 de
2173 3304 149 57 scène,
2350 3305 75 59 qui
2462 3305 116 42 avait

1370 3373 71 44 été
1460 3391 113 42 pour
1595 3374 40 44 la
1656 3375 313 43 circonstance
1990 3373 217 61 arrangée
2234 3391 55 26 en
2316 3374 116 44 suite
2460 3372 95 45 d'or-

1373 3442 273 46 chestre.De
1665 3443 151 44 même
1834 3460 90 27 une
1942 3455 127 32 autre
2303 3442 108 45 The
2430 3443 111 44 Wed-

1374 3513 112 60 ding
1512 3513 52 43 of
1585 3512 122 45 Shon
1740 3512 211 45 Maclean
2060 3513 85 43 très
2173 3513 218 43 moderne
2418 3524 44 32 et
2493 3512 87 44 très

1373 3581 213 45 écossaise
1626 3582 118 44 avait
1771 3581 72 45 été
1882 3582 217 61 arrangée
2131 3599 77 42 par
2237 3582 181 44 Hubert
2462 3581 113 45 Bath

1371 3664 43 31 et
1441 3668 24 27 a
1491 3651 88 43 fort
1607 3651 91 58 plu.

1440 3720 68 45 La
1548 3722 273 59 symphonie
1849 3721 53 43 de
1940 3720 162 45 Dukas
2146 3734 43 29 et
2232 3737 79 28 son
2350 3722 224 58 Apprenti
