3157 4442
577 327 98 69 66

1613 327 75 67 S.
1756 327 65 68 I.
1891 327 112 66 M.

569 471 419 70 correspondent
1016 481 330 41 exactement
1371 470 26 51 à
1425 468 141 53 deux
1598 468 258 53 variantes
1875 480 200 41 croates
2106 467 74 54 du
2205 468 174 51 même
2402 467 90 51 air.
2525 467 130 51 Sans
2679 477 240 59 compter
2940 482 123 55 que,

572 564 63 33 en
685 564 56 33 ce
796 546 91 71 qui
936 565 254 33 concerne
1246 557 136 40 cette
1454 562 188 47 messe,
1716 543 304 73 qu'Haydn
2066 543 214 68 voulut,
2309 542 28 52 à
2383 543 48 51 la
2458 542 263 52 demande
2769 541 75 52 du
2888 540 177 71 prince

572 618 299 73 Esterhazy
973 621 272 71 populaire
1293 632 51 40 et
1393 618 279 73 religieuse
1759 639 136 31 nous
1943 637 165 33 avons
2139 618 46 52 le
2215 618 338 71 témoignage
2583 616 192 53 tormel
2823 614 75 53 du
2930 613 132 54 Père

572 696 340 52 Dominicain
943 697 171 71 Aloys
1146 697 334 65 Russwurm,
1509 696 28 51 à
1558 696 89 71 qui
1673 694 47 53 le
1749 697 173 69 prêtre
1950 708 172 39 croate
2155 694 127 53 Ivan
2314 693 394 66 Berlakovitch,
2737 691 269 72 organiste
3036 691 26 50 à

574 771 177 50 Maria
780 771 136 67 Zell,
962 791 28 33 a
1033 772 211 52 raconté
1287 769 301 75 qu'Haydn
1617 769 75 51 lui
1721 771 137 50 avait
1887 768 393 53 formellement
2309 768 263 53 demandé
2602 768 66 52 de
2696 767 77 52 lui
2803 766 259 53 recueillir

570 846 390 73 quelques-uns
983 848 93 51 des
1097 849 101 50 airs
1223 848 174 70 pieux,
1428 865 103 53 que
1560 846 297 52 chantaient
1886 846 74 52 les
1990 846 226 71 pèlerins
2246 846 242 52 slovènes
2519 844 66 52 de
2614 844 272 52 Carinthie
2915 855 52 39 et
2995 841 66 53 de

573 921 264 67 Carniole,
887 923 228 51 arrivant
1144 922 27 52 à
1205 922 174 52 Maria
1407 921 135 52 Zell.
1592 921 252 71 (Slovène
1875 933 51 40 et
1969 933 172 40 croate
2171 921 125 52 c'est
2326 933 119 40 tout
2470 921 115 69 un).
2632 919 186 52 Kuhac
2859 937 65 32 en
2962 917 101 52 cite

572 1009 115 58 sept
716 997 91 72 qui
837 1009 95 41 ont
962 998 83 52 été
1076 998 202 52 utilisés
1308 998 130 52 dans
1467 1009 136 39 cette
1633 995 145 53 seule
1809 1016 184 33 messe.

724 1073 43 51 Il
796 1092 64 33 va
890 1092 117 33 sans
1030 1074 112 52 dire
1165 1093 104 54 que
1298 1086 80 40 cet
1407 1073 198 71 emploi
1650 1072 91 52 des
1772 1073 98 51 airs
1900 1072 299 71 populaires
2229 1084 97 54 est,
2348 1073 56 71 je
2428 1091 65 31 ne
2516 1070 197 52 saurais
2738 1088 148 33 assez
2909 1069 128 51 insis-

570 1161 97 53 ter,
696 1159 122 41 tout
865 1167 56 34 ce
968 1149 131 73 qu'il
1144 1168 32 52 y
1224 1168 30 32 a
1301 1149 64 51 de
1412 1148 120 71 plus
1576 1147 236 72 légitime
1862 1162 51 37 et
1962 1148 240 51 n'enlève
2251 1148 110 51 rien
2431 1166 67 31 au
2562 1145 156 73 génie
2778 1143 283 72 d'Haydn,

572 1224 283 52 inventeur
903 1237 121 59 trop
1052 1225 225 73 original
1325 1244 137 52 pour
1501 1224 164 72 qu'on
1696 1224 176 71 puisse
1903 1223 73 51 lui
2009 1224 277 70 reprocher
2317 1223 203 52 d'avoir
2549 1223 92 52 tait
2671 1241 66 33 en
2768 1239 207 33 somme
3005 1238 57 33 ce

572 1318 104 55 que
705 1313 118 39 tout
855 1300 46 52 le
932 1302 197 52 monde
1158 1321 28 31 a
1214 1302 247 71 toujours
1491 1298 108 53 fait.
1625 1298 312 72 Cependant
1966 1318 135 51 pour
2131 1299 120 51 bien
2282 1312 238 38 montrer
2549 1298 27 51 à
2606 1317 98 32 nos
2733 1296 228 53 lecteurs
2996 1295 66 52 de

570 1375 127 73 quoi
729 1375 34 51 il
793 1376 170 72 s'agit,
992 1378 320 52 c'est-à-dire
1334 1397 105 32 non
1472 1394 89 52 pas
1590 1375 66 52 de
1680 1374 407 52 ressemblances
2117 1388 52 38 et
2191 1374 429 66 d'animilations,
2666 1373 129 52 mais
2825 1373 67 50 de
2921 1371 140 51 main

573 1451 130 52 mise
732 1451 318 69 volontaire,
1082 1453 66 52 de
1186 1453 219 52 citation
1453 1450 273 66 textuelle,
1776 1450 56 73 je
1885 1469 133 32 veux
2069 1450 113 51 leur
2239 1463 235 38 montrer
2529 1468 66 32 au
2642 1449 174 51 moins
2846 1467 71 31 un
2950 1445 113 53 seul

572 1526 258 71 exemple,
860 1547 104 53 que
984 1529 56 71 je
1070 1529 189 52 choisis
1289 1540 120 40 tout
1437 1528 26 50 à
1487 1525 92 53 fait
1608 1545 66 32 au
1694 1525 202 66 hasard,
1927 1544 81 32 car
2030 1524 34 51 il
2093 1537 121 39 sont
2244 1524 592 70 tous|aussi»probants.

725 1604 182 52 Finale
936 1604 65 52 de
1031 1604 47 52 la
1105 1604 318 72 symphonie
1453 1623 64 32 en
1548 1605 65 48 mi
1641 1601 177 52 bémol
1851 1601 222 73 majeur:

726 2025 73 52 Et
827 2023 135 53 voici
1008 2020 113 55 l'un
1152 2019 91 53 des
1272 2021 182 50 chants
1484 2020 167 51 slaves
1696 2019 73 49 les
1829 2016 119 71 plus
1977 2018 263 71 répandus
2269 2035 64 32 en
2364 2018 228 64 Croatie,
2625 2015 287 66 Dalmatie,
2944 2015 93 51 Car-

576 2103 139 50 niole
744 2113 51 40 et
827 2099 144 71 Syrie
999 2117 12 31 :

729 2741 382 54 Hâtons-nous
1155 2744 263 72 d'ajouter
1463 2762 105 52 que
1608 2743 55 72 je
1714 2760 83 32 me
1843 2739 292 72 chargerais
2165 2738 65 52 de
2276 2738 309 50 démontrer
2615 2735 39 51 si
2693 2735 112 72 j'en
2836 2734 141 51 avais
3020 2733 47 52 le

579 2833 174 57 temps
797 2832 52 39 et
876 2819 48 52 la
954 2819 142 70 place
1144 2819 130 72 qu'il
1304 2819 151 72 s'agit
1486 2838 106 32 non
1639 2816 299 54 seulement
1967 2816 65 52 de
2080 2814 204 53 thèmes
2315 2825 51 40 et
2409 2813 65 52 de
2507 2807 198 70 motifs,
2752 2810 128 52 mais
2911 2810 64 51 de
3021 2809 47 52 la

580 2895 234 52 sonorité
863 2895 220 70 spéciale
1126 2895 130 52 d'un
1307 2893 137 54 forte
1474 2894 211 71 portion
1731 2894 66 51 de
1840 2891 48 52 la
1936 2891 248 71 musique
2225 2889 283 71 d'Haydn.
2555 2887 287 69 Beaucoup
2883 2885 66 52 de
2988 2904 80 33 ses

571 2970 159 66 finale
752 2969 66 53 de
848 2971 316 70 symphonie
1195 2967 115 54 font
1340 2989 189 52 penser
1558 2969 28 52 à
1614 2969 93 52 des
2912 2969 114 51 kolo.
1898 2967 70 51 Et
2001 2967 84 50 M.
2114 2964 202 52 Marcel
2351 2961 360 67 Mantandon,
2742 2961 92 73 qui
2864 2980 29 32 a
2921 2961 147 71 passé

579 3067 94 31 son
706 3044 217 54 enfance
970 3065 66 32 au
1083 3045 179 52 milieu
1314 3045 65 52 de
1427 3044 341 72 populations
1806 3044 120 71 plus
1971 3041 221 73 proches
2240 3040 91 52 des
2363 3039 177 52 Slaves
2570 3056 104 54 que
2706 3037 126 66 moi,
2864 3056 83 32 me
2978 3034 90 54 fait

580 3141 306 53 remarquer
931 3141 103 53 que
1079 3121 215 54 l'accent
1338 3134 174 39 croate
1557 3120 66 53 de
1667 3133 135 39 cette
1846 3120 247 70 musique
2141 3129 77 40 est
2267 3116 70 51 tel
2382 3134 103 53 que
2517 3115 223 49 Brahms
2789 3112 280 54 lui-même

581 3196 239 74 lorsqu'il
849 3197 169 70 prend
1047 3197 28 51 à
1105 3196 205 72 Haydn
1342 3216 95 32 son
1468 3195 176 53 choral
1674 3195 66 53 de
1771 3195 143 51 Saint
1936 3192 254 68 Antoine,
2211 3210 136 53 pour
2371 3210 63 32 en
2460 3188 244 54 exécuter
2734 3208 81 33 ses
2843 3187 198 52 délecta-

583 3274 109 52 bles
717 3274 284 52 variations
1030 3293 70 50 op
1133 3274 104 68 56%
1267 3274 170 50 arrive
1465 3272 28 52 à
1521 3290 222 52 exposer
1771 3270 47 52 le
1848 3270 177 52 thème
2046 3268 64 53 de
2131 3266 147 67 façon
2302 3266 97 52 àle
2423 3265 190 52 rendre
2636 3265 140 50 aussi
2801 3263 141 52 slave
2965 3282 103 53 que

583 3350 245 71 possible.
874 3350 130 51 Bien
1049 3350 349 70 comprendre
1428 3347 225 73 Haydn,
1700 3366 54 33 se
1783 3346 244 72 pénétrer
2056 3343 66 54 de
2152 3345 92 64 lui,
2290 3342 185 52 amène
2504 3340 427 53 infailliblement
2960 3340 26 52 à
3016 3357 52 35 se

581 3425 218 52 slaviser
827 3425 295 52 soi-même.
1529 3431 37 33 *
1639 3453 41 31 &

735 3500 188 59 Quant
966 3501 27 51 à
1021 3512 134 41 cette
1185 3501 204 71 origine
1434 3511 189 55 croate,
1655 3519 104 52 que
1787 3498 48 51 la
1862 3497 222 71 critique
2113 3493 292 54 allemande
2436 3495 271 50 reconnaît
2751 3493 199 51 n'avoir
2979 3511 90 51 pas

583 3577 26 52 à
656 3589 281 53 contester,
993 3576 48 51 la
1084 3576 275 52 meilleure
1404 3595 204 52 preuve
1662 3594 64 31 en
1771 3587 79 40 est
1896 3572 345 70 l'inscription
2287 3569 66 53 de
2391 3569 47 51 la
2481 3568 183 52 tombe
2710 3568 66 52 de
2832 3568 47 51 la
2927 3567 143 53 mère

583 3652 260 71 d'Haydn
874 3672 10 31 :
1402 3652 194 51 Allhier
1843 3651 140 52 ruhet
2175 3653 151 50 meine
2535 3649 118 53 liebe
2832 3649 238 51 Ehewirth
2038 3646 401 52 ANNA-MARIA
2465 3643 247 53 HAIDIN.
