3157 4442
1573 317 74 66 S.
1722 317 66 67 I.
1855 317 118 67 M.

537 339 95 65 5°

531 459 195 54 touche
756 478 91 53 par
876 477 106 33 une
1023 457 211 72 plaque,
1264 456 398 73 généralement
1692 457 266 52 incrustée
2000 458 222 52 d'ébène
2253 471 51 38 et
2334 457 241 53 d'ivoire.
2610 457 49 52 Si
2710 476 138 33 nous
2878 456 125 72 ajou-

532 547 122 41 tons
683 555 104 52 que
832 534 49 52 la
909 533 139 52 table
1078 546 79 39 est
1186 533 184 71 percée
1420 529 194 74 parfbis
1645 532 66 52 de
1741 533 142 52 deux
1915 532 65 70 ff
2013 539 228 61 coûrtes,
2272 533 246 66 doubles,
2550 533 66 52 de
2658 534 204 70 chaque
2890 532 135 67 côté,

531 612 233 66 ailleurs,
795 611 66 52 de
890 611 141 50 deux
1603 608 67 69 ff
1125 609 238 71 simples,
1392 609 129 51 mais
1549 608 68 52 de
1662 608 270 74 longueur
1961 609 255 68 normale,
2248 622 51 39 et
2329 611 164 52 d'une
2521 630 178 33 rosace
2727 609 27 51 à
2782 609 50 51 la
2860 609 166 71 partie

533 687 332 71 supérieure,
894 703 138 33 nous
1062 703 195 32 aurons
1288 684 166 52 décrit
1481 683 48 51 le
1558 683 225 72 baryton
1813 684 130 52 dans
1972 705 81 31 ses
2083 705 222 52 organes
2335 685 326 70 principaux.

686 762 87 50 Né
804 779 65 33 en
900 759 151 52 Italie
1081 779 71 32 ou
1184 778 64 33 en
1277 759 340 71 Angleterre,
1645 760 217 52 suivant
1890 779 105 54 que
2032 760 105 52 l'on
2169 773 210 59 accepte
2409 760 123 54 telle
2581 781 71 31 ou
2682 759 125 53 telle
2856 760 140 72 hypo-

533 838 168 65 thèse,
721 837 381 63 l'instrument,
1123 847 182 39 tenant
1333 834 49 52 le
1411 834 181 51 milieu
1622 847 148 39 entre
1793 834 48 53 la
1869 837 148 50 basse
2041 849 51 38 et
2121 837 48 50 le
2198 838 170 66 ténor,
2390 837 130 50 mais
2544 848 241 60 pouvant
2815 849 216 38 monter

535 913 121 72 plus
686 914 129 50 haut
844 931 103 53 que
976 929 56 33 ce
1063 912 226 64 dernier,
1321 910 195 73 auquel
1544 910 75 51 les
1650 912 256 52 écrivains
1956 912 73 52 du
2060 925 171 59 temps
2262 925 120 40 sont
2413 914 279 51 unanimes
2723 913 26 51 à
2779 912 252 53 accorder

536 1008 72 32 un
639 988 191 51 timbre
860 985 241 73 agréable
1130 999 51 38 et
1210 984 404 74 mélancolique,
1646 1006 65 31 ne
1742 984 99 68 fut,
1872 986 128 53 ainsi
2032 1007 103 52 que
2166 1008 136 31 nous
2352 988 207 52 l'avons
2589 988 119 72 déjà
2735 986 96 66 dit,
2859 988 169 71 guère

535 1064 242 71 pratiqué
806 1063 158 72 qu'en
994 1061 334 72 Allemagne.
1363 1063 99 49 Sur
1490 1061 73 52 les
1594 1061 283 73 étiquettes
1907 1064 92 51 des
2029 1082 137 33 rares
2197 1064 347 71 exemplaires
2583 1063 282 53 conservés
2895 1064 131 52 dans

535 1139 76 52 les
640 1139 211 51 musées
881 1157 73 31 ou
997 1136 75 52 les
1101 1136 307 54 collections
1438 1136 228 71 privées,
1699 1157 135 31 nous
1864 1158 65 32 ne
1970 1138 246 53 relevons
2245 1158 103 52 que
2379 1139 92 52 des
2530 1159 155 32 noms
2714 1139 310 52 allemands.

688 1215 78 51 Le
796 1214 184 51 musée
1011 1214 73 51 du
1115 1214 409 51 Conservatoire
1553 1214 66 51 de
1650 1214 146 51 Paris
1844 1233 65 32 en
1938 1215 225 70 possède
2193 1235 73 31 un
2297 1215 366 72 remarquable
2694 1215 66 52 de
2790 1215 238 52 Norbert

537 1289 193 53 Bedler
758 1289 198 52 luthier
984 1287 66 54 de
1078 1287 50 53 la
1157 1289 148 52 Cour
1333 1287 66 53 de
1430 1289 236 64 Bavière,
1697 1289 377 71 Wùrtzbourg
2121 1305 157 52 1723,
2311 1291 89 51 Ses
2433 1310 236 32 mesures
2715 1290 319 71 principales

540 1378 120 40 sont
688 1387 9 30 :

824 1441 297 71 Longueur
1149 1440 162 52 totale
2208 1459 155 48 1.400
2395 1442 344 52 millimètres.

975 1559 32 24 „
1152 1516 66 52 de
1247 1516 48 51 la
1323 1517 159 51 caisse
1510 1536 34 51 y
1571 1517 230 70 compris
1830 1515 75 52 les
1934 1516 160 52 bords
2192 1519 168 67 0.690
2554 1560 32 25 „

825 1592 238 70 Largeur
1091 1591 75 52 du
1196 1592 88 51 bas
2193 1610 167 47 0.400
2551 1635 33 23 „

919 1710 32 23 „
1109 1709 31 24 „
1196 1667 184 51 milieu
2194 1684 164 52 0.250
2551 1710 32 24 „

1110 1785 32 24 „
1199 1743 128 51 haut
2194 1760 166 51 0.330
2553 1787 31 24 „

836 1820 257 50 Hauteur
1121 1818 93 52 des
1243 1820 205 50 éclisses
1478 1837 64 32 en
1575 1818 87 51 bas
2554 1863 32 24 »

960 1938 33 24 „
1338 1936 32 25 „
1573 1895 129 50 haut
2193 1912 163 52 0.115
2553 1938 31 24 „

828 1971 298 71 Longueur
1154 1969 92 53 des
1276 1982 150 40 ouïes
2194 1987 50 35 o.
2260 1975 94 47 118
2553 2013 33 24 „

979 2088 33 24 „
1156 2046 64 52 de
1250 2044 47 52 la
1324 2044 227 71 poignée
1580 2044 72 52 du
1684 2046 218 50 manche
2194 2062 166 51 0.270
2554 2088 32 25 „

982 2165 31 23 „
1158 2121 75 52 du
1262 2121 252 53 cheviller
2194 2140 167 45 0.400
2554 2165 33 24 „

700 2211 152 51 Cette
880 2211 142 51 viole
1051 2222 79 40 est
1158 2211 183 51 munie
1371 2209 65 53 de
1469 2211 28 51 6
1529 2208 184 54 cordes
1744 2209 64 53 de
1838 2209 172 72 boyau
2057 2222 50 38 et
2136 2211 66 51 de
2240 2215 57 47 18
2332 2211 185 52 cordes
2547 2211 67 52 de
2643 2211 181 52 laiton.
2857 2212 121 52 Elle
3006 2232 34 32 a

547 2286 142 52 deux
733 2297 148 39 ouïes
912 2297 52 39 et
993 2303 105 33 une
1128 2297 151 39 toute
1308 2286 164 70 petite
1501 2303 175 33 rosace
1704 2284 319 52 au-dessous
2071 2284 65 52 de
2165 2284 47 52 la
2243 2286 209 50 touche.
2487 2286 152 52 Cette
2680 2287 241 52 dernière
2953 2288 81 51 n'a

543 2381 93 52 pas
665 2362 65 52 de
761 2362 256 51 divisions
1046 2381 71 32 ou
1145 2380 158 33 cases.

697 2438 92 50 Au
819 2438 170 50 South
1020 2437 337 70 Kensington
1391 2437 265 51 Muséum
1686 2436 66 52 de
1782 2436 261 67 Londres,
2074 2456 68 30 on
2173 2437 113 51 voit
2318 2456 72 32 un
2420 2437 133 51 beau
2586 2438 262 70 specimen
2883 2438 150 72 signé

545 2513 242 67 Joachim
816 2512 247 66 Thielke,
1095 2512 329 71 Hambourg
1459 2513 155 51 1686.

697 2588 89 51 Au
818 2588 181 52 musée
1029 2587 66 52 de
1123 2587 48 50 la
1200 2588 201 51 Société
1430 2587 93 52 des
1551 2588 130 51 amis
1712 2587 66 52 de
1806 2585 49 54 la
1882 2587 246 71 musique
2151 2587 27 52 à
2196 2588 223 66 Vienne,
2443 2601 121 39 sont
2588 2589 330 69 représentés
2941 2610 98 50 par

547 2664 130 52 trois
706 2664 297 51 charmants
1034 2663 237 52 modèles
1304 2684 9 31 :

703 2739 242 71 Magnus
975 2738 201 52 Felden
1205 2739 28 51 à
1261 2739 207 51 Vienne
1498 2739 214 70 (1656).

701 2815 265 51 Heinrich
996 2815 224 51 Kramer
1248 2814 28 52 à
1303 2815 207 51 Vienne
1539 2815 216 70 (1714).

701 2889 194 52 Daniel
922 2889 256 52 Achatius
1210 2889 308 52 Stadlmann
1548 2890 27 51 à
1603 2890 208 51 Vienne
1841 2889 214 71 (1732).

703 2966 150 50 Dans
881 2965 76 52 les
988 2965 441 71 Musikgebaiïde
1458 2966 26 51 à
1512 2965 310 53 Eisenstadt
1852 2978 121 39 sont
2003 2965 417 71 précieusement
2447 2964 188 72 gardés
2664 2987 10 31 :

703 3040 96 52 Un
820 3040 317 71 exemplaire
1159 3040 300 52 d'Andréas
1484 3041 202 51 Stainer
1712 3039 13 26 1
1749 3040 26 52 à
1796 3041 205 51 Absom
2026 3041 129 51 dans
2178 3040 47 51 le
2248 3039 169 72 Tyrol
2443 3040 193 71 (1660)
2661 3062 10 30 :
2696 3041 79 51 Le
2804 3055 231 40 sommet

549 3116 74 52 du
668 3116 251 52 cheviller
968 3129 77 39 est
1073 3116 128 52 orné
1232 3118 65 50 de
1326 3118 141 50 deux
1510 3119 133 51 têtes
1672 3118 256 50 finement
1957 3116 281 71 sculptées,
2266 3115 144 53 l'une
2440 3116 128 52 d'un
2598 3114 201 70 enfant,
2846 3118 190 53 l'autre

550 3191 129 52 d'un
729 3192 218 50 homme
990 3190 153 53 coiffé
1187 3191 74 52 du
1307 3191 199 54 bonnet
1553 3191 277 73 Tyrolien,
1860 3192 138 70 puis,
2042 3190 183 74 l'objet
2269 3191 65 52 de
2379 3190 368 71 prédilection,
2786 3192 50 53 le
2868 3192 170 73 joyau

549 3267 74 54 du
651 3267 179 71 prince
861 3267 216 52 Nicolas
1098 3267 314 73 Esterhazy,
1443 3269 252 52 conservé
1723 3269 131 50 dans
1883 3288 96 31 son
2009 3267 83 52 bel
2121 3267 109 51 étui
2260 3267 67 51 de
2356 3267 127 51 cuir.
2516 3267 44 51 Il
2589 3280 78 39 est
2711 3269 150 71 signé
2892 3270 142 52 Iwan

546 3342 203 71 Joseph
781 3341 328 69 Stadlmann,
1133 3342 219 52 Kaiserl.
1385 3344 214 71 Kœnig.
1622 3341 132 53 Hof
1773 3344 209 52 Lauten
2015 3344 111 50 ùnd
2150 3342 420 73 Geigenmacher
2598 3344 52 50 in
2681 3344 162 52 Wien
2876 3361 158 54 1750.

549 3417 100 54 Cet
677 3419 326 50 instrument
1031 3430 78 39 est
1138 3419 184 52 monté
1351 3420 66 51 de
1454 3436 65 36 10
1547 3420 185 52 cordes
1760 3419 333 72 métalliques
2122 3430 52 39 et
2211 3417 66 52 de
2309 3434 28 52 7
2368 3436 64 33 en
2464 3417 191 71 boyau.
2685 3419 78 52 La
2793 3420 135 52 table
2959 3434 83 39 est

546 3493 212 74 ajourée
787 3493 66 53 de
896 3493 143 53 deux
1086 3493 167 70 paires
2114 3492 111 70 d'ff
1440 3506 51 41 et
1534 3495 163 52 d'une
1745 3514 193 33 rosace.
1994 3495 79 51 La
2099 3492 191 74 plaque
2332 3493 91 73 qui
2462 3511 256 36 recouvre
2747 3495 75 52 les
2851 3497 193 52 cordes.

698 3605 9 13 è

658 3651 7 21 1
700 3647 101 39 C'est
823 3644 34 39 le
879 3643 80 40 seul
981 3646 237 37 instrument
1241 3659 132 25 connu
1396 3648 48 37 de
1472 3661 40 24 ce
1535 3646 146 39 luthier
1704 3646 98 53 qu'il
1824 3662 48 24 ne
1893 3646 84 39 faut
1998 3661 66 38 pas
2087 3646 218 39 confondre
2327 3661 90 24 avec
2434 3645 35 40 le
2492 3646 150 40 célèbre
2664 3648 318 50 Jacob-Stainer.
