3157 4442
1548 404 71 66 S.
1691 404 47 66 I.
1830 404 112 68 M.

514 423 100 67 74

658 545 97 67 J'ai
786 545 137 52 donc
953 564 62 33 eu
1050 563 213 33 recours
1292 563 100 32 aux
1421 562 192 38 rayons
1645 545 68 50 X.
1744 545 98 66 J'ai
1872 545 537 73 radiophotographié
2442 567 68 30 un
2543 546 190 52 certain
2767 545 223 52 nombre

1641 618 65 52 de
1755 620 205 71 visages
2014 620 224 69 adultes,
2295 623 65 50 de
2416 621 170 71 profil,
2643 634 51 39 et
2748 620 66 52 de
2869 619 121 52 telle

1640 708 139 38 sorte
1804 715 104 52 que
1937 694 204 54 fussent
2182 698 212 52 visibles
2439 698 26 52 à
2508 698 47 50 la
2602 695 101 53 fois
2747 696 75 51 les
2867 715 93 33 con-

1640 783 148 39 tours
1830 771 92 52 des
1965 793 57 30 os
2064 785 49 38 et
2144 793 132 32 ceux
2305 774 92 52 des
2427 774 175 51 tissus.
2647 774 77 51 La
2759 771 169 73 figure
2961 775 24 48 8

1641 859 208 38 montre
1881 866 104 32 une
2014 847 233 72 épreuve
2275 849 66 52 de
2370 869 55 32 ce
2453 868 179 53 genre,
2658 849 136 71 prise
2822 847 168 72 parmi

1641 921 274 72 beaucoup
1962 924 245 52 d'autres.
2258 925 78 51 Le
2384 924 218 53 résultat
2652 925 65 51 de
2765 943 83 33 ces
2903 943 59 31 ex-

1639 996 285 71 périences,
1955 1018 103 52 que
2079 999 55 72 je
2162 999 256 71 publierai
2456 1000 27 51 à
2511 999 232 72 quelque
2765 997 145 74 jour,
2940 1011 51 38 et

1640 1072 129 71 qu'il
1800 1073 152 51 serait
1995 1085 120 60 trop
2148 1075 129 71 long
2305 1075 291 71 d'analyser
2625 1075 80 66 ici,
2736 1073 255 54 confirme

1640 1148 349 51 entièrement
2018 1148 165 52 l'essai
2233 1150 432 52 d'identification
2713 1150 146 52 tenté
2898 1169 93 52 par

1640 1242 152 33 nous.
1826 1225 89 50 On
1955 1237 128 59 peut
2131 1226 109 51 s'en
2290 1227 190 52 rendre
2524 1239 210 58 compte
2784 1245 91 52 par
2916 1225 75 52 les

1640 1298 193 73 figures
1872 1317 62 36 10
1964 1312 50 40 et
2051 1319 78 34 11.
2153 1298 10 27 1

1792 1376 161 51 Enfin
2004 1376 46 52 la
2097 1377 302 71 pathologie
2449 1397 137 32 nous
2639 1388 221 60 apporte
2919 1396 69 32 un

1641 1449 211 52 dernier
1894 1465 298 58 argument,
2235 1472 64 32 en
2342 1453 260 71 signalant
2647 1471 192 33 encore
2887 1471 105 32 une

1642 1523 101 53 fois
1790 1526 48 50 la
1881 1519 354 60 déformation
2285 1528 91 52 des
2422 1526 165 53 fosses
2638 1527 213 52 nasales.
2901 1528 89 51 On

1642 1602 94 51 sait
1765 1621 63 32 en
1862 1601 123 53 effet
2014 1603 298 72 qu'Haydn
2365 1603 239 53 souffrait
2642 1603 131 52 d'un
2797 1603 195 71 polype

1644 1677 157 66 nasal,
1858 1677 132 53 dont
2045 1679 143 66 John
2246 1679 223 52 Hunter
2522 1679 28 51 à
2605 1678 244 52 Londres
2917 1678 71 51 lui

1642 1753 139 52 avait
1828 1754 247 52 conseillé
2124 1754 64 52 de
2237 1774 53 32 se
2340 1753 124 53 faire
2512 1755 203 72 opérer.
2767 1753 224 72 Haydn,

1641 1828 116 67 déjà
1785 1828 176 67 vieux,
1992 1829 135 52 avait
2155 1828 202 72 préféré
2400 1830 119 52 finir
2560 1849 79 33 ses
2676 1829 154 72 jours
2868 1848 126 33 avec

1641 1917 135 39 cette
1807 1905 266 66 infirmité,
2106 1907 95 64 Or,
2232 1905 73 51 les
2334 1905 272 52 affections
2635 1905 68 52 de
2731 1924 56 33 ce
2827 1923 164 53 genre

1642 1983 297 49 entraînent
2002 1980 91 52 des
2159 1982 301 52 altérations
2527 1980 67 52 de
2661 1979 330 67 l'ethmoïde,

1641 2056 279 70 l'atrophie
1945 2058 90 49 des
2056 2058 252 51 certaines
2331 2058 190 71 parties
2541 2056 93 53 des
2663 2074 329 54 muqueuses

1642 2144 51 39 et
1722 2131 336 52 l'érosement
2099 2131 67 52 de
2207 2131 47 52 la
2284 2130 138 55 fosse
2454 2133 170 52 nasale
2653 2133 220 50 atteinte
2901 2150 93 54 par

1642 2208 46 50 le
1735 2208 118 52 mal.
1904 2209 63 65 Je
2014 2209 134 51 crois
2196 2208 128 72 qu'il
2373 2220 77 41 est
2500 2208 248 71 possible,
2795 2208 199 71 malgré

1644 2284 143 52 l'état
1818 2281 318 55 défectueux
2164 2284 66 52 de
2261 2284 44 52 la
2334 2285 167 52 cavité
2534 2284 170 52 nasale
2734 2284 72 52 du
2840 2285 152 51 crâne

1644 2359 283 70 d'Haydn,
1983 2360 64 51 de
2092 2363 329 49 reconnaître
2450 2379 190 33 encore
2671 2360 60 51 ici
2764 2371 122 40 tous
2920 2357 74 54 les

1642 2436 280 51 caractères
1967 2435 65 52 de
2070 2448 135 39 cette
2234 2436 239 52 maladie.
2505 2436 152 51 Ainsi
2703 2435 292 72 s'explique

1642 2510 266 53 d'ailleurs
1953 2511 47 51 la
2044 2510 266 52 déviation
2362 2510 74 52 du
2484 2530 98 32 nez
2630 2511 38 51 si
2719 2507 276 55 manifeste

1644 2606 88 31 sur
1779 2586 47 52 le
1867 2606 219 52 masque
2116 2587 302 65 mortuaire,
2450 2599 51 39 et
2545 2586 46 52 la
2635 2585 359 53 déformation

1645 2663 66 51 de
1740 2661 47 52 la
1818 2662 179 51 narine
2027 2662 173 51 droite
2243 2662 185 52 visible
2474 2681 89 32 sur
2607 2662 221 51 certains
2873 2680 93 52 por-

1647 2738 164 66 traits,
1843 2750 276 39 notament
2148 2757 89 32 sur
2279 2738 44 51 la
2366 2737 282 52 médaillon
2682 2737 273 52 d'lrwach.
2980 2735 16 26 2

1804 2815 148 50 Tout
1980 2813 257 52 s'accorde
2266 2815 137 50 donc
2430 2834 138 50 pour
2602 2832 214 33 amener
2853 2812 122 52 l'his-

1649 2891 186 66 torien,
1866 2890 47 50 le
1943 2888 370 73 phrénologue
2342 2902 51 38 et
2435 2888 350 52 l'anatomiste
2816 2887 26 52 à
2860 2900 136 39 cette

1646 2967 299 52 conviction
1978 2985 104 52 que
2111 2964 47 53 le
2187 2967 166 65 crâne,
2385 2966 252 51 soustrait
2685 2984 90 52 par
2820 2964 176 68 Peter,

1647 3055 50 39 et
1726 3042 166 52 confié
1923 3042 27 51 à
1979 3042 46 51 la
2051 3042 162 71 garde
2242 3042 91 51 des
2362 3042 153 51 Amis
2553 3041 66 52 de
2663 3041 49 50 la
2748 3041 249 71 musique

1649 3119 66 51 de
1744 3118 222 65 Vienne,
1998 3130 77 38 est
2105 3116 118 52 bien
2254 3116 131 52 celui
2420 3114 72 54 du
2517 3116 253 52 musicien
2794 3116 202 71 Joseph

644 3056 497 33 Tombeau
1155 3056 95 33 d'Haydn
1264 3056 13 33 a
1291 3056 135 33 Kismarton.

513 3202 222 70 Haydn.
771 3201 38 51 Il
843 3201 237 51 resterait
1108 3201 28 51 à
1163 3201 126 51 tirer
1318 3199 65 51 de
1412 3211 134 39 cette
1590 3194 346 56 constatation
1967 3193 92 52 des
2088 3193 333 51 conclusions
2461 3192 440 72 physiologiques
2949 3206 49 38 et

508 3278 323 71 esthétiques
869 3276 133 52 dont
1031 3276 46 50 le
1108 3276 448 71 développement
1598 3293 62 31 ne
1702 3269 366 54 conviendrait
2111 3288 90 52 pas
2248 3268 58 52 ici
2353 3281 49 39 et
2449 3287 136 51 pour
2628 3267 282 72 lesquelles
2954 3268 44 51 la

512 3353 201 51 science
744 3353 134 51 n'est
898 3371 93 51 pas
1021 3371 188 32 encore
1241 3371 62 32 en
1335 3351 302 71 possession
1669 3348 66 52 de
1764 3359 179 40 toutes
1974 3365 78 31 ses
2083 3343 296 53 méthodes.

2035 3448 107 50 Dr.
2173 3447 193 66 J
2366 3447 160 66 ulius
2558 3447 256 66 Tandler,

1851 3538 278 68 Professeur
2455 3536 29 70 à
2513 3536 333 70 l'Universitè
2845 3536 1 70 de
2845 3536 1 70 Vienne.

628 3681 5 20 1
671 3683 111 36 Nous
805 3683 182 47 ajoutons
1009 3681 48 37 ici
1082 3679 34 39 la
1140 3681 127 37 même
1289 3680 226 52 expérience
1539 3693 99 39 pour
1661 3678 33 39 le
1717 3681 115 35 crâne
1854 3688 35 28 et
1913 3677 33 38 le
1969 3690 160 39 masque
2150 3678 47 36 de
2220 3677 233 38 Beethoven.

624 3750 13 21 2
669 3751 98 36 Voir
788 3764 38 38 p.
854 3764 62 32 27.
