3157 4442
903 2554 28 26 1.
963 2544 308 34 MINIATURE
1304 2544 100 34 PAR
1431 2544 29 46 J.
1491 2543 271 34 ZITTERER

923 2620 227 43 (Collection
1180 2620 44 36 E.
1257 2619 220 36 Volkmann
1507 2618 23 35 à
1564 2619 169 44 Leipzig)

306 2977 1265 93 L'ICONOGRAPHIE
1677 2979 668 86 D'HAYDN

232 3270 50 51 Si
327 3288 221 48 connus,
580 3270 39 49 si
666 3267 249 52 familiers
946 3286 104 54 que
1097 3286 135 31 nous
1277 3265 172 51 soient
1492 3264 75 50 les
1611 3262 195 73 grands
1851 3265 211 48 maîtres
2091 3261 64 51 de
2201 3258 368 72 l'intelligence

78 3360 51 39 et
160 3346 64 53 de
255 3346 131 66 l'art,
416 3365 55 32 ce
504 3347 132 50 n'est
665 3364 90 52 pas
786 3364 145 33 assez
961 3363 135 50 pour
1125 3361 136 33 nous
1291 3341 65 52 de
1387 3340 245 71 pénétrer
1662 3340 130 52 dans
1821 3338 264 51 l'intimité
2116 3336 64 53 de
2213 3336 115 51 leur
2357 3340 211 66 pensée,

78 3422 122 52 telle
231 3441 104 52 que
367 3441 134 32 nous
547 3421 47 51 la
637 3421 132 51 livre
811 3420 116 51 leur
957 3438 203 47 œuvre,
1192 3438 68 31 ou
1294 3416 65 52 de
1404 3415 113 50 leur
1547 3416 83 51 vie
1676 3415 226 52 retracée
1931 3413 129 52 dans
2104 3412 114 52 leur
2260 3430 279 51 correspon-

77 3497 164 52 dance
274 3520 11 43 ;
329 3516 137 32 nous
494 3496 232 52 voulons
768 3514 188 33 encore
999 3493 75 52 les
1105 3495 269 49 connaître
1406 3492 431 70 physiquement,
1868 3490 171 52 savoir
2070 3488 47 51 la
2150 3487 141 71 ligne
2323 3487 63 51 de
2429 3486 140 51 leurs

78 3576 164 65 traits,
274 3573 342 72 l'expression
647 3573 65 51 de
741 3572 143 51 leurs
912 3590 157 53 yeux,
1100 3571 148 51 voire
1280 3570 171 49 même
1494 3567 116 51 leur
1639 3580 198 38 stature
1868 3578 51 39 et
1961 3566 113 51 leur
2104 3563 293 52 démarche.
2432 3562 42 50 Il
2504 3581 64 32 en

78 3664 79 39 est
186 3647 197 74 parfois
412 3648 27 52 à
468 3650 90 71 qui
589 3660 133 39 cette
753 3647 250 52 curiosité
1033 3658 78 40 est
1140 3665 103 51 peu
1274 3656 370 58 avantageuse,
1675 3655 49 39 et
1755 3642 90 72 qui
1884 3642 240 70 logèrent
2154 3660 72 30 un
2256 3639 131 50 beau
2418 3637 151 71 génie

78 3727 130 52 dans
238 3744 106 33 une
374 3723 299 71 enveloppe
703 3741 306 46 commune,
1041 3741 71 32 ou
1143 3721 174 51 même
1347 3718 264 52 difforme.
1646 3719 73 50 Ce
1765 3717 131 51 n'est
1942 3735 88 52 pas
2075 3716 47 50 le
2164 3733 80 32 cas
2274 3713 73 52 du
2386 3714 183 49 maître
