3157 4442
987 321 870 80 L'ACTUALITÉ
1933 343 658 58 MUSICALE

536 340 41 58 ■'B

546 465 132 45 Faust
683 503 8 9 .
722 466 76 46 De
837 466 114 60 plus,
981 467 28 45 il
1035 485 28 44 y
1089 484 26 28 a
1152 484 57 28 eu
1235 479 44 33 et
1306 467 28 45 il
1362 486 29 43 y
1417 484 123 41 aura,
1567 484 103 28 sous
1708 466 40 45 le

542 547 247 49 patronage
839 536 55 45 de
943 535 42 45 la
1033 536 155 45 même
1243 536 192 59 Société,
1487 536 54 44 de
1593 535 157 45 nobles

541 604 228 45 auditions
795 605 55 44 de
877 606 225 59 musique,
1125 606 54 44 de
1207 607 210 58 musique
1435 606 54 43 de
1516 606 231 44 chambre.

634 672 70 46 La
730 673 121 46 Série
877 691 25 27 a
928 674 71 45 été
1037 686 188 33 ouverte
1263 691 76 42 par
1378 692 63 27 un
1472 673 179 46 Récital
1690 674 60 45 du

534 742 143 60 jeune
717 744 188 57 pianiste
941 743 74 45 M.
1045 743 216 45 Edouard
1289 744 219 57 Bernard,
1537 745 77 58 qui
1642 742 109 46 c'est

541 811 185 45 montré
741 813 153 43 artiste
913 812 239 59 personnel
1171 825 43 31 et
1228 813 195 44 virtuose
1444 811 286 60 particulière-

542 891 130 33 ment
710 881 110 45 dans
858 881 40 45 la
936 883 151 42 Sonate
1124 898 56 28 en
1220 883 41 43 la
1299 881 150 45 bémol
1478 882 53 44 de
1560 883 192 57 Weber,

541 948 63 46 les
635 951 184 57 grandes
843 950 242 45 variations
1110 951 54 45 de
1186 950 130 46 Liszt
1336 968 74 28 sur
1430 968 63 27 un
1522 951 157 44 thème
1700 952 54 44 de

543 1017 142 60 Bach,
705 1019 201 58 Prélude,
928 1019 172 45 Choral
1119 1031 40 33 et
1196 1020 145 59 Fugue
1378 1020 54 44 de
1473 1020 282 45 Franck.—

544 1086 121 60 Puis,
734 1105 52 28 ce
856 1089 169 58 furent,
1075 1106 110 28 avec
1235 1088 42 46 la
1333 1089 114 45 belle
1505 1090 121 44 basse
1677 1090 74 45 M.

544 1156 588 61 Chanoine-Davranches,
1162 1159 138 45 MM.
1325 1159 161 44 Alfred
1511 1159 165 45 Cortot
1711 1170 44 33 et

540 1225 131 62 Jules
723 1227 251 45 Boucherit
1016 1229 78 59 qui
1146 1244 115 28 nous
1310 1227 353 60 interprétèrent
1715 1227 40 45 la

543 1295 153 45 Sonate
734 1313 54 27 en
826 1307 48 33 ut
909 1297 173 61 majeur
1118 1297 54 45 de
1207 1297 192 45 Mozart
1430 1309 45 33 et
1496 1297 40 45 la
1558 1297 151 45 Sonate
1729 1316 25 26 a

544 1363 234 48 Kreutzer.
825 1365 62 46 Et
922 1366 151 61 quelle
1104 1366 239 45 évocation
1383 1368 277 43 émouvante
1696 1366 59 45 du

542 1433 326 47 Romantisme
919 1435 249 46 Allemand
1204 1436 99 59 plus
1341 1437 277 60 pittoresque
1667 1453 89 43 que

543 1502 62 46 les
654 1504 162 45 Etudes
858 1505 318 61 Symphoniques
1214 1506 53 43 de
1313 1505 230 46 Schuman
1553 1523 28 26 n
1607 1503 7 47 !

718 1573 160 59 Enfin,
919 1591 114 28 nous
1070 1592 139 28 avons
1246 1592 57 27 eu
1341 1575 41 44 la
1420 1575 223 59 première
1681 1575 75 44 des

545 1641 235 47 Matinées
807 1644 54 43 de
887 1644 202 58 Sonates,
1126 1644 254 61 organisées
1418 1662 77 42 par
1534 1644 63 45 les
1635 1645 119 43 deux

543 1712 252 46 excellents
834 1714 245 44 musiciens
1116 1725 331 49 tourangeaux,
1487 1713 41 45 la
1566 1714 189 59 pianiste

548 1781 58 46 M
610 1777 41 26 lle
677 1782 198 62 Wyder,
904 1794 44 32 et
983 1782 41 45 le
1061 1782 239 45 violoniste
1340 1783 74 45 M.
1456 1783 188 45 Lièron.
1688 1782 66 45 Le

544 1868 292 44 programme
896 1853 285 58 comprenait
1243 1852 62 45 les
1366 1852 169 44 Sonates
1589 1869 57 28 en
1698 1852 58 44 mi

545 1921 174 61 majeur
746 1938 72 42 op.
848 1936 64 43 40
940 1921 54 44 de
1023 1921 235 61 Rôntgen,
1287 1939 57 26 en
1375 1932 48 33 ut
1459 1922 183 44 mineur
1680 1939 72 41 op.

546 2004 65 46 30
639 1990 53 44 de
722 1990 284 58 Beethoven,
1035 2003 44 31 et
1105 2008 71 41 op.
1201 2003 59 45 45
1293 1991 53 44 de
1376 1990 147 60 Grieg
1548 2008 7 28 :
1587 1991 140 54 exécu-

544 2060 99 44 tion
688 2059 24 45 à
755 2059 42 45 la
835 2060 84 44 fois
958 2060 152 45 sévère
1154 2071 44 33 et
1233 2061 221 57 vibrante,
1484 2071 44 33 et
1567 2059 110 46 c'est
1715 2060 40 44 le

545 2128 163 45 mérite
744 2129 54 44 de
837 2141 118 32 cette
984 2130 222 43 initiative
1231 2128 24 45 à
1291 2128 193 62 laquelle
1512 2146 115 27 nous
1652 2146 78 28 sou-

547 2198 178 45 haitons
746 2198 54 44 de
822 2198 169 59 réunir,
1015 2199 175 60 chaque
1219 2199 128 58 mois,
1371 2216 62 27 un
1462 2198 152 60 public
1642 2199 115 59 épris

544 2267 56 44 de
635 2268 209 60 musique
872 2285 109 42 pure
1025 2268 55 44 de
1121 2267 99 60 plus
1259 2285 56 27 en
1355 2267 98 60 plus
1480 2269 274 44 nombreux.

1623 2351 61 44 H.

618 2474 265 47 ROUEN.
1047 2474 291 46 Conférence
1384 2476 53 44 de
1481 2475 74 46 M.
1602 2475 48 46 P.
1699 2476 55 45 L.

548 2545 191 45 Robert.
865 2544 70 45 Le
963 2544 152 59 public
1144 2545 243 44 rouennais
1412 2562 24 27 a
1462 2544 72 45 été
1561 2545 128 44 initié
1733 2546 24 44 à

546 2614 42 45 la
637 2615 210 59 musique
898 2614 53 44 de
997 2614 332 62 Moussorgsky
1374 2631 75 42 par
1491 2614 75 45 M.
1608 2614 49 46 P.
1699 2615 55 46 L.

548 2684 191 57 Robert,
768 2685 77 58 qui
874 2685 125 42 vient
1026 2683 53 44 de
1118 2700 257 42 prononcer
1413 2685 55 43 ici
1508 2701 91 27 une
1639 2685 95 43 inté-

547 2764 196 34 ressante
770 2752 275 45 conférence
1070 2770 74 28 sur
1170 2752 41 45 la
1238 2753 68 43 vie
1335 2764 43 32 et
1406 2752 262 46 l'influence
1698 2754 60 44 du

546 2822 143 61 grand
725 2822 224 44 musicien
990 2839 132 28 russe.
1166 2821 137 45 Mme
1343 2822 191 57 Robert,
1573 2840 155 28 accom-

547 2891 174 61 pagnée
772 2908 76 42 par
900 2891 156 61 Roger
1098 2891 212 44 Boucher
1353 2909 25 26 a
1418 2892 78 44 fait
1536 2892 221 45 entendre

550 2961 176 45 ensuite
756 2961 195 44 diverses
976 2960 253 61 fragments
1256 2960 227 45 d'œuvres
1510 2961 54 44 de
1592 2961 134 46 Mous-

546 3031 186 61 sorgsky
760 3052 11 35 ;
817 3041 131 33 entre
997 3042 149 33 autres
1195 3029 40 45 le
1280 3029 167 45 recueil
1498 3029 183 46 intitulé
1720 3030 41 45 la

550 3099 235 46 Chambre
813 3098 243 46 d'enfants.
1087 3099 137 45 Voilà
1256 3099 303 45 d'excellente
1599 3117 134 43 propa-

548 3169 148 61 gande
741 3186 77 42 par
863 3168 40 44 la
947 3169 211 59 musique
1202 3169 54 44 de
1300 3186 51 28 ce
1393 3169 161 45 maître
1599 3170 33 44 si
1675 3187 87 42 peu

548 3255 157 29 connu
732 3239 116 43 chez
875 3254 127 29 nous.

865 3402 583 108 Belgique

622 3585 424 47 BRUXELLES.
1190 3586 132 45 Ainsi
1350 3603 89 44 que
1461 3586 44 61 je
1543 3583 189 46 l'annon-

551 3657 90 58 çais
668 3657 110 44 dans
804 3656 40 44 la
870 3656 255 60 chronique
1153 3656 54 43 de
1235 3655 284 58 Novembre,
1548 3654 41 45 la
1614 3654 146 45 saison

558 3739 289 48 1909-1910
874 3736 67 34 est
972 3725 490 44 extraordinairement
1500 3723 260 46 abondante

1827 482 58 28 en
1911 467 229 45 auditions
2177 467 55 44 de
2271 477 149 35 toutes
2453 465 193 61 espèces.
2688 465 76 45 De
2804 465 232 45 nouvelles

1827 535 189 46 sociétés
2063 552 45 29 se
2155 547 105 34 sont
2309 535 210 59 formées,
2564 535 63 46 les
2665 536 249 44 anciennes
2952 547 81 32 ont

1828 605 160 44 trouvé
2032 605 54 44 de
2137 622 168 28 neuves
2355 604 219 61 énergies,
2627 604 61 45 les
2728 605 219 44 virtuoses
2989 621 43 28 se

1827 674 248 45 succèdent
2193 675 76 44 des
2309 691 311 44 programmes
2659 673 297 45 merveilleux
2990 690 45 28 se

1832 743 297 59 multiplient,
2155 743 386 58 s'enchevêtrent,
2570 755 44 32 et
2640 760 44 27 se
2724 743 233 59 disputent
2996 742 40 45 la

1833 812 154 44 faveur
2014 813 60 43 du
2105 813 167 59 public.
2314 813 89 45 Lui
2443 814 113 44 aussi
2700 811 40 45 le
2778 811 153 60 public

1831 881 171 44 semble
2027 883 123 43 avoir
2177 882 227 60 dépouillé
2430 880 331 46 l'indifférence
2792 880 141 61 qu'on
2973 880 61 44 lui

1834 952 268 58 reprochait,
2131 952 213 60 naguère,
2373 969 108 27 avec
2509 952 161 44 raison.
2706 951 110 44 Non
2846 967 75 43 pas
2947 967 87 43 que

1833 1018 62 46 les
1919 1020 127 45 salles
2071 1022 145 43 soient
2243 1020 201 45 combles
2489 1020 217 61 toujours,
2746 1020 112 44 mais
2885 1019 27 44 il
2941 1019 95 44 faut

1833 1101 207 47 compter
2060 1107 87 42 que
2171 1091 134 57 deux,
2325 1091 121 58 trois,
2466 1102 159 48 quatre
2641 1090 198 57 séances,
2859 1089 177 59 parfois,

1834 1157 40 44 le
1893 1158 247 45 sollicitent
2167 1160 23 43 à
2211 1159 41 44 la
2279 1159 153 44 même
2455 1160 154 57 heure,
2712 1171 44 32 et
2777 1159 234 47 reconnais-

1833 1244 103 28 sons
1973 1228 119 44 donc
2131 1245 87 43 que
2245 1227 61 45 les
2334 1228 161 60 Belges
2519 1227 311 60 s'éprennent,
2859 1228 55 43 de
2940 1226 99 60 plus

1835 1314 56 26 en
1921 1296 112 60 plus,
2062 1297 53 44 de
2143 1298 223 59 musique.

1903 1366 133 44 Nous
2061 1383 140 28 avons
2227 1384 59 41 pu
2313 1366 237 57 entendre,
2587 1377 120 33 cette
2733 1365 164 58 année,
2924 1366 112 44 ainsi

1834 1435 139 60 qu'on
2013 1435 40 44 le
2091 1435 80 44 lira
2208 1435 99 60 plus
2343 1435 110 58 loin,
2487 1435 219 58 plusieurs
2744 1435 295 59 productions

1835 1504 265 59 nationales,
2152 1505 102 44 bien
2313 1522 102 42 peu,
2478 1521 181 41 encore,
2721 1521 101 28 sans
2883 1504 153 58 doute,

1836 1574 104 43 bien
1968 1591 101 42 peu,
2096 1575 33 43 si
2158 1573 92 45 l'on
2277 1591 139 43 songe
2444 1573 24 44 à
2495 1573 40 44 la
2560 1573 234 59 splendide
2829 1574 207 44 floraison

1835 1642 221 60 présente,
2081 1643 57 44 où
2161 1643 40 44 le
2222 1643 133 61 génie
2376 1642 140 45 d'une
2537 1659 100 27 race
2658 1641 379 62 singulièrement

1834 1712 146 44 active
2018 1725 44 31 et
2100 1713 181 43 robuste
2312 1711 171 45 semble
2510 1711 271 59 s'épanouir.
2812 1710 84 47 On
2924 1728 115 28 nous

1834 1798 57 27 en
1927 1793 178 47 promet
2143 1781 209 44 d'autres.
2401 1780 90 45 Les
2528 1780 195 45 éditions
2760 1792 103 33 sont
2902 1798 101 26 nom-

1835 1852 178 43 breuses
2047 1862 45 33 et
2135 1850 182 58 variées,
2354 1867 51 28 ce
2436 1851 76 60 qui
2542 1867 57 27 ne
2637 1860 107 34 veut
2783 1860 144 35 certes
2965 1866 75 42 pas

1834 1920 94 44 dire
1965 1919 189 61 qu'elles
2178 1921 147 44 soient
2352 1930 149 34 toutes
2526 1919 340 44 éminemment
2893 1918 124 45 éclec-

1835 1990 162 60 tiques,
2036 1990 113 44 mais
2188 2006 114 27 nous
2332 2005 205 42 pouvons
2563 1987 175 60 espérer
2777 1987 190 61 qu'elles
2999 1988 40 44 le

1835 2059 316 58 deviendront,
2202 2076 57 26 au
2308 2058 70 44 fûr
2429 2069 44 32 et
2523 2057 24 44 à
2597 2074 177 28 mesure
2818 2074 89 43 que
2945 2074 96 28 sera

1835 2126 169 46 cultivé
2026 2126 39 46 le
2082 2128 112 60 goût
2215 2126 245 60 populaire.
2483 2126 245 45 L'activité
2756 2125 284 61 orphénique

1837 2198 176 43 intense
2056 2196 196 45 réclame
2302 2196 75 45 des
2420 2195 213 45 aliments
2676 2212 259 28 nouveaux.
2964 2194 74 46 En

1835 2283 63 28 un
1950 2278 113 46 mot,
2110 2266 172 44 l'heure
2326 2276 64 33 est
2436 2264 464 45 incontestablement
2951 2281 88 28 aux

1836 2337 156 43 choses
2027 2334 250 46 musicales.

1907 2404 332 46 Devons-nous
2264 2404 95 43 voir
2385 2420 57 27 en
2470 2402 96 45 cela
2587 2420 90 26 une
2700 2403 338 44 manifestation

1837 2486 126 32 toute
2000 2473 248 59 spontanée
2277 2472 311 60 d'aspirations
2628 2488 182 42 propres
2845 2488 57 28 au
2942 2488 66 28 mo-

1837 2556 130 31 ment
2004 2543 59 44 où
2102 2560 114 27 nous
2252 2540 187 47 vivons?
2477 2558 59 28 ou
2576 2542 121 57 bien,
2733 2557 63 27 un
2848 2542 196 58 premier

1837 2612 186 45 résultat
2067 2612 266 45 satisfaisant
2378 2609 201 46 d'efforts
2619 2609 164 60 tentés,
2826 2610 110 44 dans
2971 2626 73 28 ces

1837 2681 228 46 dernières
2102 2681 167 45 années
2295 2698 57 27 en
2380 2697 86 27 vue
2504 2680 54 43 de
2589 2678 278 45 l'éducation
2895 2679 125 44 esthé-

1837 2752 126 60 tique
1990 2751 54 44 de
2066 2763 129 31 notre
2223 2749 263 61 génération
2506 2747 12 46 ?
2541 2748 36 45 Il
2598 2749 216 58 apparaît,
2836 2765 56 27 au
2914 2749 105 44 cher-

1837 2822 157 56 cheur,
2058 2821 242 58 impatient
2362 2819 246 59 peut-être,
2660 2816 110 45 d'un
2834 2817 210 45 meilleur

1838 2890 201 57 devenir,
2089 2888 146 61 qu'un
2286 2899 301 33 mouvement
2645 2885 183 62 général
2886 2885 158 62 s'agite

1837 2977 89 27 aux
1955 2958 202 45 tréfonds
2201 2958 54 44 de
2294 2957 39 44 la
2371 2956 136 45 foule.
2552 2955 253 45 Puisse-t-il
2843 2956 123 44 aider
3006 2955 40 45 la

1839 3029 218 56 réaction,
2109 3028 76 60 qui
2229 3026 212 60 s'impose
2486 3038 158 32 contre
2695 3024 40 44 le
2785 3025 259 58 praticisme

1841 3097 186 59 effréné,
2056 3109 159 32 contre
2241 3095 41 45 la
2309 3095 327 45 mécanisation
2664 3094 295 44 destructrice
2992 3094 54 45 de

1842 3168 103 44 rêve
1971 3178 45 33 et
2051 3165 176 46 d'idéal.
2258 3165 160 52 Qu'on
2456 3164 124 45 sème
2617 3162 42 45 la
2698 3163 152 44 bonne
2877 3163 169 59 parole,

1841 3235 91 47 afin
1983 3253 89 43 que
2122 3252 156 44 germe
2327 3250 91 27 une
2474 3233 196 43 moisson
2723 3231 188 60 pleniere
2915 3269 9 8 .
2985 3232 61 45 Et

1841 3305 181 46 saluons
2060 3316 148 33 toutes
2246 3302 63 46 les
2347 3302 257 44 initiatives.
2633 3300 38 44 Il
2698 3313 65 32 est
2790 3313 148 47 temps
2959 3319 88 43 que

1843 3376 54 43 de
1941 3375 162 61 jeunes
2152 3389 216 44 courages
2415 3388 45 28 se
2504 3371 215 57 dressent,
2775 3370 271 59 impérieux,

1841 3445 165 45 devant
2033 3442 41 45 la
2103 3443 196 57 routine,
2328 3441 41 44 la
2395 3440 173 45 crainte
2612 3440 132 58 aussi,
2785 3439 171 60 l'esprit
2996 3440 53 45 de

1840 3513 124 45 lucre
1990 3513 77 59 qui
2094 3529 25 27 a
2162 3510 148 62 gagné
2347 3509 62 46 les
2446 3523 273 31 MEILLEURS
2756 3522 45 31 et
2843 3509 40 44 le
2921 3526 127 28 cœur

1841 3583 152 45 même
2020 3582 54 44 de
2100 3593 132 32 notre
2258 3581 70 43 vie
2354 3579 250 60 artistique.

1911 3652 132 45 Nous
2069 3650 172 45 l'avons
2268 3649 80 59 dit,
2376 3659 45 33 et
2448 3664 116 28 nous
2590 3646 40 46 le
2652 3647 219 58 redirons,
2977 3665 72 28 car

1841 3721 28 45 il
1915 3720 40 45 le
1999 3722 112 56 faut,
2258 3729 209 47 souvent,
2510 3734 115 28 nous
2669 3717 243 59 possédons
2960 3734 90 28 une
