3157 4442
1142 1757 25 26 1.
1201 1748 487 35 Crâne
1687 1748 1 35 de
1686 1748 2 35 J.
1687 1748 1 35 Haydn.

675 1884 155 81 LE
913 1848 501 117 CRÂNE
1503 1881 658 84 D'HAYDN

320 2026 76 51 Le
442 2027 149 51 crâne
642 2026 130 51 d'un
821 2027 215 51 homme
1080 2026 202 52 célèbre
1328 2037 77 40 est
1454 2023 245 73 toujours
1748 2044 72 30 un
1867 2023 142 73 objet
2053 2025 248 53 d'intérêt
2339 2039 51 39 et
2420 2027 233 54 d'étude.

169 2101 148 52 Celui
367 2102 64 50 de
475 2102 199 70 Joseph
725 2102 203 71 Haydn
978 2115 76 38 est
1099 2102 484 70 particulièrement
1628 2100 160 71 digne
1835 2100 66 50 de
1945 2100 266 52 curiosité.
2242 2101 150 53 Tout
2437 2102 218 55 d'abord

167 2176 258 52 l'histoire
456 2177 63 52 de
550 2196 52 32 sa
631 2177 324 52 découverte
985 2190 78 38 est
1093 2177 439 71 singulièrement
1563 2194 366 53 romanesque.
1962 2176 77 49 La
2066 2176 154 52 voici.

320 2252 82 51 En
444 2257 156 62 1820,
631 2253 47 52 le
724 2253 104 52 duc
873 2253 66 52 de
985 2253 321 71 Cambridge
1334 2251 223 53 assistait
1586 2251 25 51 à
1642 2252 305 51 Kismarton
1981 2252 376 71 (Eisenstadt),
2388 2255 266 52 résidence

169 2328 283 70 hongroise
482 2328 92 51 des
604 2330 205 68 princes
840 2330 315 69 Esterhazy,
1201 2328 27 52 à
1266 2349 104 30 une
1416 2327 274 52 exécution
1741 2326 65 52 de
1854 2326 48 50 la
1950 2327 224 52 Création
2179 2370 13 23 ,
2223 2327 210 53 donnée
2462 2349 62 31 en
2559 2350 94 32 son

169 2404 265 65 honneur,
466 2416 50 39 et
546 2404 35 50 il
610 2404 238 66 s'écriait,
878 2425 65 30 en
974 2406 230 51 manière
1234 2404 65 53 de
1329 2402 347 71 compliment
1709 2423 9 31 :
1752 2402 267 52 Heureux
2047 2403 132 51 celui
2212 2404 91 72 qui
2348 2417 91 40 eut
2485 2406 28 52 à
2556 2426 95 33 son

166 2479 198 51 service
395 2500 69 30 un
500 2481 215 49 homme
745 2498 207 33 comme
984 2479 223 71 Haydn,
1240 2492 50 39 et
1320 2479 91 71 qui
1442 2477 224 71 possède
1695 2497 189 32 encore
1916 2497 80 32 ses
2025 2490 164 40 restes
2220 2479 219 52 mortels
2470 2482 9 49 !

320 2556 153 50 Cette
522 2554 248 52 réflexion
819 2553 180 72 frappa
1044 2556 45 50 le
1135 2556 177 69 prince
1357 2553 216 52 Nicolas
1618 2553 315 71 Esterhazy,
1964 2553 195 72 lequel,
2189 2554 34 51 il
2254 2552 112 54 faut
2400 2556 253 68 l'avouer,

167 2648 64 32 ne
260 2629 170 52 s'était
459 2643 360 38 aucunement
851 2629 182 52 soucié
1079 2630 70 51 du
1196 2642 109 39 sort
1347 2628 208 52 réservé
1600 2628 26 52 à
1665 2628 47 51 la
1755 2628 270 71 dépouille
2075 2629 284 71 d'Haydn,
2390 2630 188 72 depuis
2607 2632 47 51 le

167 2722 27 51 3
212 2723 17 33 1
269 2705 100 51 mai
409 2709 154 65 1809,
597 2705 118 51 date
744 2705 65 52 de
840 2705 46 51 la
915 2717 140 39 mort
1101 2705 66 51 de
1201 2724 56 32 ce
1298 2704 168 73 grand
1507 2704 194 51 artiste.
1750 2704 77 51 La
1869 2704 196 66 vanité,
2112 2707 265 68 peut-être
2423 2707 134 50 aussi
2604 2707 47 52 le

165 2782 240 50 remords
436 2780 303 54 décidèrent
768 2782 48 50 le
845 2782 177 69 prince
1051 2780 28 52 à
1107 2782 356 71 revendiquer
1492 2799 79 32 ses
1602 2780 167 51 droits
1798 2799 89 32 sur
1916 2779 47 53 le
1992 2780 222 52 cercueil
2239 2782 64 50 de
2334 2801 93 31 son
2471 2783 179 51 ancien

166 2858 184 49 maître
382 2857 65 50 de
477 2855 250 71 chapelle.
762 2858 86 49 On
881 2857 171 69 apprit
1082 2855 302 73 qu'Haydn
1430 2855 226 70 reposait
1701 2855 130 51 dans
1877 2876 71 30 un
1999 2855 266 52 cimetière
2315 2857 63 50 de
2425 2857 225 53 Vienne.

166 2933 89 49 On
287 2931 174 53 obtint
490 2931 48 53 le
567 2933 198 70 permis
795 2933 330 51 d'exhumer.
1159 2934 88 50 On
1278 2931 178 53 ouvrit
1487 2930 48 52 la
1563 2931 180 53 tombe
1773 2953 11 43 ;
1813 2931 172 53 c'était
2014 2931 119 53 bien
2178 2931 127 54 celle
2348 2933 261 72 d'Haydn
2640 2957 11 42 ;

165 3006 73 52 les
284 3006 169 52 habits
497 3019 51 39 et
594 3008 47 50 la
683 3025 269 54 perruque
1002 3008 193 50 étaient
1240 3008 185 50 intacts
1468 3025 64 31 au
1566 3005 181 52 milieu
1778 3006 91 52 des
1900 3019 311 41 ossements.
2246 3009 162 66 Mais,
2439 3009 68 51 oh
2538 3028 87 33 sur-

166 3083 136 69 prise
334 3083 9 50 !
377 3083 46 50 le
452 3084 151 51 crâne
635 3084 270 71 manquait
936 3084 10 51 !

317 3159 100 51 Sur
462 3159 194 52 l'ordre
704 3159 75 52 du
826 3160 178 70 prince
1052 3159 211 67 alarmé,
1310 3159 46 51 la
1403 3158 170 71 police
1619 3177 53 33 se
1722 3160 96 50 mit
1863 3178 63 32 en
1973 3179 286 53 campagne
2301 3173 51 38 et
2392 3173 153 58 porta
2573 3179 80 33 ses

165 3253 266 51 soupçons
462 3254 90 32 sur
581 3254 71 32 un
684 3235 192 51 certain
909 3234 222 52 nombre
1162 3235 66 51 de
1256 3232 442 53 collectionneurs
1741 3234 242 52 viennois
2027 3236 90 70 qui
2161 3236 352 71 partageaient
2542 3235 27 52 à
2597 3255 57 33 ce

167 3321 242 40 moment
436 3310 47 51 la
513 3311 209 70 passion
754 3311 263 51 naissante
1046 3310 65 52 de
1141 3310 47 51 la
1216 3310 337 70 crâniologie.
1586 3310 100 51 Ces
1718 3311 303 51 recherches
2047 3311 212 54 finirent
2283 3332 89 50 par
2394 3312 259 51 atteindre

167 3405 69 31 un
270 3386 217 51 nommé
524 3387 210 66 Johann
783 3386 174 66 Peter,
989 3386 265 52 directeur
1299 3385 128 52 d'un
1472 3385 393 52 établissement
1911 3386 364 70 pénitentiaire
2320 3387 66 52 de
2413 3387 48 51 la
2494 3387 157 51 Basse

165 3461 277 66 Autriche,
473 3475 50 38 et
553 3461 216 71 disciple
811 3460 211 54 fervent
1063 3461 92 52 des
1197 3461 267 52 doctrines
1510 3460 396 73 ostéologiques
1936 3462 74 52 du
2042 3462 241 54 Docteur
2328 3462 137 54 Gall.
2496 3464 157 52 Peter

162 3555 172 32 avoua
363 3537 129 70 qu'il
522 3537 138 52 avait
689 3537 198 52 dérobé
928 3536 47 52 le
1019 3539 150 50 crâne
1215 3537 264 71 d'Haydn
1522 3536 129 52 dans
1693 3536 74 52 les
1808 3537 384 54 circonstances
2221 3540 286 66 suivantes,
2538 3553 51 38 et
2618 3539 33 52 il

163 3612 253 73 consigna
447 3612 279 54 lui-même
757 3634 95 32 son
882 3613 144 67 récit,
1056 3613 118 72 plus
1205 3613 132 67 tard,
1369 3615 128 51 dans
1526 3633 95 31 son
1652 3625 301 41 testament.
1980 3612 12 27 1

280 3713 7 20 1
323 3716 71 37 Ces
416 3715 233 38 documents
670 3725 70 28 ont
763 3718 58 35 été
843 3714 151 54 publiés
1016 3729 69 39 par
1108 3716 81 37 moi
1211 3715 95 38 dans
1327 3713 34 40 le
1383 3716 132 37 Tome
1538 3731 49 35 49
1623 3716 65 37 des
1722 3714 190 40 Bulletins
1934 3718 46 36 de
2014 3716 35 39 la
2082 3717 138 38 Société
2248 3718 329 50 Anthropologique
2607 3718 46 36 de

165 3772 153 36 Vienne
343 3773 123 49 (1909
491 3772 87 48 in-4
581 3770 14 23 0
598 3774 27 47 ),
650 3773 67 49 qui
740 3786 21 25 a
784 3772 89 38 bien
897 3770 121 40 voulu
1042 3782 138 28 mettre
1203 3786 59 24 ces
1285 3770 141 40 clichés
1448 3771 78 39 àla
1548 3773 230 52 disposition
1802 3774 45 38 de
1870 3772 35 39 la
1927 3788 115 24 revue
2063 3777 34 35 S.
2121 3776 32 36 I.
2177 3775 60 36 M.
