3157 4442
1525 390 73 69 S.
1667 393 66 66 I.
1802 393 116 67 M.

589 482 0 0 70

1395 532 164 51 décidé
1574 532 80 51 des
1949 534 232 49 méthodes
2449 534 59 49 de
2613 532 46 51 G
2661 534 73 50 ail
2735 534 119 70 J'ai
1969 535 174 51 écrivit
2157 536 156 64 Peter,

486 623 43 36 et
549 611 233 66 entrepris
799 610 58 49 de
881 607 283 54 rassembler
1178 609 62 50 les
1264 611 165 48 crânes
1456 609 57 49 de
1541 623 98 36 tous
1667 609 63 52 les
1748 610 253 52 individus
2022 629 87 52 que
2110 610 201 71 j'avais
2323 625 73 52 pu
2420 610 240 51 connaître
2688 610 221 62 vivants,
2933 620 45 37 et

485 686 116 51 dont
618 685 239 52 Fexamen
874 686 218 66 pouvait
1112 686 165 50 servir
1291 704 29 30 a
1342 682 249 66 confirmer
1615 704 94 33 mes
1727 686 176 51 idées...
1936 687 212 66 Lorsque
2165 687 42 50 le
2236 686 175 52 célèbre
2439 685 184 68 Haydn
2642 698 193 38 mourut
2839 684 61 69 je
2918 701 58 33 ne

485 775 93 53 pus
731 761 190 51 résister
1164 780 29 31 a
1282 760 39 49 V
1329 761 141 50 envie
1713 760 58 49 de
1885 778 71 30 me
2095 774 235 52 procurer
2642 779 79 32 son
2890 764 88 48 crân

668 2125 51 18 2.
744 2125 51 18 Cr
795 2125 76 18 âne
897 2125 204 18 d'Haydn.

1428 837 288 67 particulier
1740 838 57 50 de
1828 839 170 50 rendre
2026 839 245 69 hommage
2314 838 29 51 à
2389 856 64 33 un
2489 837 172 70 grand
2694 837 184 49 homme
2919 853 56 33 en

1428 912 298 67 préservant
1771 931 68 33 ses
1877 928 240 37 ossements
2145 913 150 52 d'une
2318 914 319 69 profanation
2672 910 224 70 possible.

1592 989 88 64 Or,
1711 988 183 68 Haydn
1938 992 146 48 avait
2119 989 71 51 été
2229 990 188 51 enterré
2456 1007 65 33 au
2566 987 232 53 cimetière
2933 1004 42 32 m

1449 1063 341 51 Hundsthurm
2373 1065 77 51 On
2622 1065 168 50 aurait

1434 1139 41 49 le
1504 1138 94 52 lieu
1627 1153 137 37 exact
1802 1139 58 51 de
1905 1159 52 32 sa
2004 1140 256 68 sépulture,
2289 1143 40 49 si
2357 1159 63 33 un
2442 1154 199 52 pauvre
2668 1140 200 64 homme,
2897 1157 79 33 son

1448 1213 150 66 élève,
1807 1232 30 33 n
1860 1215 147 50 avait
1983 1229 300 53 par
2284 1218 95 63 reconnaissance,

1430 1290 183 70 plaque
1631 1303 121 38 toute
1767 1291 180 68 simple.
2519 1296 68 61 Je
2712 1310 29 32 n
2764 1310 77 33 eus
2859 1293 116 50 donc

1448 1365 31 50 à
1593 1384 44 32 m
1659 1379 225 53 emparer
2220 1365 122 52 d'un
2558 1382 128 52 corps
2901 1385 78 32 san

1445 1460 21 33 s
1486 1441 118 50 était
1840 1442 166 51 soucié.
2265 1442 72 50 Le
2502 1444 208 68 gardien

1448 1530 185 56 argent,
1932 1531 43 36 et
2121 1516 340 53 m'introduisit
2900 1519 58 50 de

1433 1592 58 50 de
1533 1594 111 49 trois
1687 1594 120 49 amis
1830 1614 16 29 :
1876 1592 321 66 Rosenbaum,
2227 1595 250 49 secrétaire
2522 1594 65 50 du
2627 1605 139 38 comte
2811 1592 140 50 Ester-

1433 1670 146 66 hazy,
1612 1674 294 66 Jungmann
1936 1683 45 36 et
2028 1670 226 65 Ulmann,
2286 1671 380 67 fonctionnaires
2704 1669 28 49 à
2782 1670 20 46 l
2822 1669 153 49 ienne.

1434 1743 79 51 La
1555 1743 150 51 tombe
1741 1757 211 54 ouverte,
1994 1745 41 49 le
2077 1747 139 49 crâne
2243 1745 90 68 fut
2369 1745 170 51 enlevé
2572 1757 46 37 et
2653 1742 172 69 déposé
2863 1743 115 51 chez,

1433 1821 94 48 moi
1566 1820 123 52 dans
1734 1837 62 35 un
1834 1818 161 69 coffret
2037 1821 57 49 de
2133 1820 94 52 bois
2263 1821 245 67 précieux,
2545 1820 240 52 surmonté
2830 1818 149 51 d'une

1445 1895 98 67 lyre
1698 1907 43 37 et
1834 1896 151 68 garni
2216 1915 30 30 a
2352 1895 277 52 l'intérieur
2978 1895 1 69 d

1433 1972 122 50 amis
1609 1985 80 38 ont
1738 1986 200 37 souvent
1979 1972 254 66 contemplé
2282 1972 116 52 chez
2455 1973 90 49 moi
2590 1984 110 38 cette
2733 1970 246 68 précieuse

1434 2046 248 70 relique...

1590 2121 311 71 Cependant
1931 2122 47 51 le
2008 2123 149 50 crâne
2199 2141 63 32 ne
2307 2141 54 32 se
2406 2121 232 52 trouvait
2685 2121 119 70 plus
2851 2121 128 50 chez

1437 2198 174 65 Peter,
1642 2197 214 72 lorsque
1899 2198 46 51 la
1987 2198 166 70 police
2196 2198 65 51 de
2299 2202 155 61 1820,
2486 2216 52 32 se
2569 2197 244 70 présenta
2842 2216 136 49 pour

487 2271 109 51 s'en
627 2290 254 51 emparer.
914 2272 104 52 Les
1048 2272 346 52 événements
1424 2272 209 51 avaient
1663 2272 175 71 obligé
1870 2274 156 50 Peter
2054 2272 26 52 à
2102 2291 254 33 renoncer
2374 2272 93 52 àla
2485 2271 366 72 phrénologie,
2873 2284 50 38 et
2953 2271 25 51 à

486 2366 53 32 se
568 2345 198 53 défaire
796 2347 66 52 de
892 2366 54 32 sa
973 2347 295 52 collection.
1301 2349 76 49 Le
1424 2349 150 50 crâne
1624 2347 263 71 d'Haydn
1917 2350 136 49 avait
2094 2349 81 50 été
2198 2349 178 52 donné
2398 2347 26 52 à
2448 2347 136 51 l'ami
2614 2346 364 66 Rosenbaum,

486 2422 90 74 qui
606 2422 49 52 le
683 2423 194 51 traitait
905 2442 124 35 avec
1059 2423 74 53 les
1164 2425 119 70 plus
1311 2423 196 73 grands
1537 2423 202 73 égards.

637 2498 77 51 La
742 2498 169 70 police
940 2501 252 51 continua
1220 2519 80 31 ses
1332 2517 240 33 menaces
1602 2511 50 39 et
1691 2519 80 33 ses
1817 2501 180 71 perqui-

486 2575 202 52 sitions.
741 2576 344 51 Rosenbaum
1144 2575 82 53 fut
1277 2576 208 66 mandé,
1535 2587 51 40 et
1641 2575 201 53 déclara
1895 2577 127 71 qu'il

486 2649 185 68 s'était,
716 2649 73 53 lui
820 2652 157 66 aussi,
1009 2652 179 70 séparé
1219 2652 64 52 de
1328 2670 81 33 ces
1455 2665 313 53 ossements,
1814 2652 89 71 qui
1950 2651 51 53 ef-

486 2723 254 73 frayaient
783 2745 53 31 sa
877 2723 213 69 femme,
1141 2738 51 40 et
1235 2727 75 51 les
1352 2727 137 51 avait
1544 2726 336 71 pieusement
1936 2724 89 55 fait

486 2802 249 52 inhumer
764 2802 128 52 dans
924 2801 274 54 différents
1227 2803 310 51 cimetières.
1572 2804 89 50 On
1692 2822 52 32 se
1776 2815 250 40 retourna

485 2890 180 39 contre
694 2877 46 51 le
770 2896 200 51 pauvre
1000 2878 174 66 Peter,
1205 2878 72 51 lui
1310 2890 326 58 promettant
1666 2890 134 39 cette
1831 2876 99 53 fois
1960 2878 64 51 de

485 2952 363 52 l'indemniser
900 2953 65 52 de
1020 2966 120 39 tout
1194 2973 55 33 ce
1305 2954 231 71 qu'avait
1591 2972 72 52 pu
1719 2953 75 52 lui
1843 2956 183 49 coûter

485 3028 350 72 l'acquisition
873 3041 52 39 et
961 3029 442 73 l'aménagement
1447 3030 70 53 du
1567 3030 149 51 crâne
1762 3029 260 71 précieux.

485 3104 77 51 Le
592 3103 240 53 médecin
862 3105 301 70 particulier
1207 3105 70 52 du
1328 3105 192 70 prince,
1561 3104 45 52 le
1652 3105 222 52 docteur
1918 3124 104 32 von

486 3179 264 67 Guldner,
799 3182 116 50 vint
982 3182 278 50 lui-même
1305 3194 291 59 promettre
1641 3182 26 52 à
1716 3182 157 50 Peter
1921 3201 103 31 une

486 3254 341 71 récompense
858 3257 253 68 princière
1141 3258 39 49 si
1221 3257 46 50 la
1307 3259 152 50 crâne
1502 3277 53 30 se
1598 3257 309 52 retrouvait.
1940 3257 85 49 De

482 3351 190 52 guerre
700 3330 132 52 lasse
863 3333 156 51 Peter
1048 3333 182 51 insista
1258 3334 189 70 auprès
1490 3333 64 52 de
1600 3331 344 54 Rosenbaum
1974 3344 51 40 et

485 3419 121 39 tous
636 3406 142 52 deux
806 3406 242 54 d'accord
1078 3409 252 51 remirent
1368 3429 101 31 aux
1513 3409 257 52 autorités
1814 3408 48 52 le
1907 3409 119 51 chef

485 3483 259 52 décharné
774 3483 65 52 de
868 3483 227 52 l'auteur
1137 3484 65 52 de
1244 3484 48 52 la
1338 3485 241 52 Création.
1612 3485 150 51 Tout
1793 3484 228 70 s'apaisa.

487 3558 144 50 Mais
670 3558 174 66 Peter,
877 3559 197 71 malgré
1118 3578 82 33 ses
1244 3559 325 67 démarches,
1602 3580 64 32 ne
1704 3572 98 59 put
1838 3559 187 73 jamais

483 3634 209 53 obtenir
721 3654 72 32 un
824 3635 224 52 centime
1080 3636 65 51 de
1174 3635 45 52 la
1241 3636 300 71 générosité
1570 3636 73 52 du
1677 3636 194 70 prince.

637 3710 75 55 Le
744 3725 66 54 23
834 3710 289 52 novembre
1163 3715 156 62 1820,
1340 3711 46 52 le
1413 3712 174 69 prince
1612 3711 297 70 Esterhazy
1927 3723 98 58 put

2315 3714 49 18 3.
2389 3714 49 18 Cr
2438 3714 74 18 âne
2537 3714 198 18 d'haydn.
