3241 4366
3089 4293 53 27 421

65 81 78 29 Alles
163 87 36 20 so
226 79 81 27 ohne
343 79 92 27 Mühe
463 79 45 28 ins
544 80 149 28 bewusste
721 80 97 28 kleine
844 80 194 37 Augenleben

65 126 163 34 umgesetzt
252 124 118 27 werden
399 124 113 28 könnte
537 140 37 4 —
593 133 85 20 wenn
699 125 79 28 Alles
798 134 36 20 so
854 126 89 28 leicht
964 127 57 28 kon-

63 169 161 30 trollierbar
249 169 78 27 wäre
361 184 36 3 —
431 169 54 28 das
521 171 100 27 würde
657 178 56 21 uns
745 171 78 28 doch
851 171 87 29 keine
965 172 56 28 Vor-

64 214 122 33 stellung
211 220 57 20 von
296 213 52 27 der
374 213 206 29 Grandiosität
606 216 53 27 des
685 223 56 20 uns
767 216 63 28 sich
864 217 173 29 nähernden

63 258 175 31 Weltlebens

135 312 115 34 „Schon
443 313 154 28 erwiderte
634 314 74 28 Herr
741 315 170 35 Bartmann,
949 313 101 37 „aber'

62 358 134 37 springen
223 356 50 29 wir
299 356 77 28 doch
405 357 115 28 einmal.
561 358 71 29 Gibt
657 367 34 20 es
717 360 38 27 im
779 359 258 30 Traumzustande

62 403 204 30 unbewusstes
292 400 242 30 Weiterarbeiten
563 404 53 28 der
641 404 98 35 Sinne,
767 413 36 20 so
829 404 62 36 gibt
917 413 32 20 es
968 406 56 28 viel-

62 449 85 30 leicht
167 447 36 28 im
232 446 228 29 Todeszustand
489 447 45 28 ein
563 450 209 27 unbewusstes
791 450 244 29 Weiterarbeiten

62 496 50 27 der
137 493 96 27 Sinne.
282 491 65 28 Und
380 491 147 29 vielleicht
558 494 98 28 haben
683 494 51 28 wir
760 495 57 27 mal
844 495 55 28 alle
926 504 109 20 unsere

62 537 241 31 Todeszustände
324 536 114 28 ebenso
458 540 52 32 gut
530 538 28 27 in
579 539 54 27 das
654 538 169 36 Tageslicht
842 541 54 27 des
917 541 117 28 kleinen

62 585 94 35 Auges
200 580 279 35 hinüberzuziehen,
524 582 54 29 wie
617 592 108 19 unsere
768 583 267 31 Traumzustände.

63 630 121 29 Können
233 627 47 28 Sie
317 625 62 29 sich
426 627 290 29 unkontrollierbare
762 630 256 37 Vorstellungsver-

64 674 184 36 knüpfungen
275 672 37 28 im
339 670 258 31 Traumzustande
624 675 119 27 denken
758 674 16 27 ?

134 729 123 28 Können
276 726 47 29 Sie
343 726 136 35 glauben,
496 727 69 28 dass
586 727 47 28 die
654 729 108 28 Leiche
778 729 155 36 eigentlich
954 733 79 28 noch

62 774 98 30 weiter
183 774 59 28 lebt
266 788 33 4 —
325 771 45 28 ein
397 772 128 28 anderes
552 772 99 29 Leben

136 829 53 29 Die
215 828 101 28 Sterne
334 826 151 28 funkelten
508 827 79 28 hoch
609 828 73 28 über
702 830 56 26 den
781 830 106 28 beiden
910 832 123 35 Herren,

66 876 44 28 die
137 875 48 28 mit
219 874 78 28 ihren
334 870 183 30 Pelzstiefeln
555 873 91 28 durch
684 875 57 27 den
774 875 103 29 hohen
914 877 119 30 Schnee

66 921 152 36 stampften
245 919 56 28 und
326 917 60 29 sich
413 917 85 28 dabei
526 917 46 29 die
595 919 105 29 Hände
727 921 28 27 in
783 922 56 27 den
868 922 148 30 Pelzhand-

66 967 129 28 schuhen
221 965 104 32 rieben,
346 964 35 26 da
402 970 32 20 es
455 963 71 28 sehr
546 964 61 28 kalt
625 973 67 21 war.
733 966 67 29 Und
824 967 75 29 Herr
920 969 95 30 Haber-

66 1013 64 28 land
155 1013 78 33 sagte
258 1009 86 28 leise:

135 1065 74 34 „Wie
246 1064 44 28 die
328 1063 103 28 Sterne
470 1064 97 35 leben,
606 1065 109 30 wissen
755 1068 51 28 wir
839 1070 77 28 auch
954 1071 81 29 nicht

64 1110 164 30 ordentlich.
264 1109 77 28 Aber
367 1109 68 28 dass
461 1109 44 29 sie
531 1110 88 29 leben
646 1111 38 29 ist
710 1122 57 20 uns
794 1114 81 29 nicht
906 1116 112 29 zweifel-

63 1155 66 29 haft.
172 1154 48 29 Oh
245 1154 45 36 ja!
323 1154 61 28 Der
416 1154 240 32 Traumzustand
690 1158 28 29 in
741 1160 67 28 dem
835 1161 51 29 wir
912 1170 57 20 uns
995 1171 37 21 so

63 1201 139 33 befinden,
229 1200 35 28 ist
288 1200 45 27 für
359 1208 55 20 uns
442 1199 255 40 richtunggebend
729 1221 36 4 —
798 1207 54 27 das
889 1207 126 30 Leichen-

63 1248 80 28 leben
169 1246 66 28 wird
260 1246 45 28 für
330 1254 56 20 uns
412 1246 47 28 ein
487 1248 154 29 ähnliches
667 1251 65 28 sein
767 1252 56 28 wie
850 1254 54 27 das
931 1254 101 28 Leben

63 1293 36 28 im
119 1291 245 28 Traumzustande
384 1308 35 2 —
440 1292 46 29 ein
509 1295 128 28 entfernt
657 1296 162 30 ähnliches.
848 1298 48 28 Ich
916 1299 117 36 glaube,

62 1338 47 28 wir
132 1338 113 28 werden
271 1337 65 28 bald
363 1338 164 37 überzeugt
552 1340 74 35 sein,
653 1343 71 27 dass
743 1343 52 28 wir
813 1343 102 29 früher
934 1345 97 29 schon

61 1383 66 28 sehr
151 1382 42 29 oft
216 1383 158 35 gestorben
400 1383 75 29 sind.
516 1385 48 28 Ich
591 1387 107 35 glaube
725 1396 37 20 an
784 1389 67 29 eine
871 1390 145 29 Materiali-

60 1428 93 28 sation
174 1436 120 20 unseres
315 1428 120 30 Geistes
454 1446 38 3 —
511 1432 53 28 der
584 1432 115 30 könnte
720 1434 78 28 doch
819 1435 66 28 eine
906 1435 108 30 Aether-

61 1474 195 35 komposition
282 1474 71 35 sein,
390 1475 46 28 die
472 1476 52 29 wir
555 1479 144 35 vorläufig
725 1479 198 37 mikrospisch
952 1483 78 27 noch

60 1519 76 28 nicht
153 1520 244 28 wahrzunehmen
417 1523 164 35 vermögen
617 1524 131 28 Manche
764 1525 106 30 Sterne
886 1527 144 29 kommen

60 1573 54 20 uns
139 1565 72 28 auch
236 1565 53 29 wie
322 1565 126 29 Leichen
480 1575 56 21 vor
565 1585 37 3 —
628 1571 60 27 und
715 1578 33 21 es
775 1571 37 29 ist
838 1573 79 28 doch
950 1573 82 29 nicht

60 1611 208 34 anzunehmen,
294 1612 68 28 dass
388 1611 43 29 sie
457 1615 46 27 tot
529 1614 74 29 sind.
650 1615 48 29 Ich
725 1617 109 35 glaube
861 1618 170 37 überhaupt

62 1655 76 29 nicht
163 1664 34 20 an
224 1657 54 28 den
304 1657 72 29 Tod.

132 1710 45 29 Da
200 1712 126 28 stürzten
353 1714 66 27 dem
447 1712 94 30 Herrn
569 1714 163 31 Bartmann
761 1717 46 30 die
834 1718 118 30 Tränen
975 1728 55 22 aus

64 1756 54 28 den
143 1756 99 36 Augen
268 1759 57 27 und
348 1758 97 29 froren
473 1760 49 28 auf
548 1761 52 28 der
626 1761 102 30 Backe
755 1771 47 21 an.

134 1811 72 28 Herr
231 1812 161 30 Haberland
418 1815 69 28 aber
511 1815 68 29 fuhr
604 1817 76 28 fort:

134 1865 113 35 „Sehen
272 1867 46 29 Sie
345 1877 58 27 nur,
428 1870 53 28 wie
508 1871 132 36 prächtig
664 1872 74 30 über
764 1882 57 21 uns
849 1876 46 28 die
923 1875 106 30 Sterne

61 1910 120 30 funkeln
207 1914 57 28 und
290 1914 117 30 blitzen!
443 1916 68 29 Was
537 1916 47 29 die
612 1921 61 26 erst
698 1919 38 29 ist
769 1919 261 33 Traumzustande

62 1957 59 28 und
146 1957 37 28 im
209 1963 200 31 sogenannten
435 1960 246 32 Todeszustände
722 1966 120 29 erleben
883 1968 124 29 müssen
1023 1968 6 29 !

62 2001 77 29 Aber
163 2003 79 29 seien
268 2004 49 29 wir
343 2006 76 28 nicht
444 2007 143 30 neidisch!
651 2010 60 29 Wir
737 2011 124 30 können
887 2015 141 29 wahrlich

62 2047 93 29 schon
174 2055 95 30 genug
288 2051 50 28 mit
357 2060 125 21 unseren
502 2053 109 30 Sinnen
635 2057 172 35 empfinden
826 2074 37 5 —
882 2061 146 29 wachend

61 2093 112 28 sowohl
257 2095 52 29 wie
328 2097 161 30 träumend.
526 2100 131 35 Jawohl!
697 2103 60 28 Wir
777 2105 123 29 müssen
922 2106 106 29 immer

59 2137 96 29 weiter
179 2140 178 30 aufwachen.
395 2140 57 32 Wir
477 2146 120 29 müssen
626 2149 76 28 auch
731 2151 54 27 das
812 2149 124 31 Totsein
958 2153 68 28 dem

59 2182 177 30 Lebendsein
264 2185 101 30 immer
390 2190 84 28 mehr
498 2199 38 21 zu
564 2194 113 28 nähern
704 2196 124 28 suchen.
871 2197 157 30 Vielleicht

58 2229 158 28 entdecken
242 2231 48 28 wir
315 2232 28 28 in
369 2242 55 21 uns
450 2238 79 27 noch
557 2238 105 37 Dinge,
690 2240 46 29 die
763 2241 51 29 wir
837 2242 28 29 in
885 2243 142 29 früheren

57 2271 258 34 Todeszuständen
350 2279 27 28 in
410 2289 56 21 uns
499 2283 233 36 aufgenommen
767 2287 99 29 haben
899 2304 37 4 —
966 2291 61 27 und

56 2321 152 35 vermögen
252 2323 43 28 sie
331 2333 119 22 unserm
484 2328 120 37 Augen-
647 2333 60 27 und
745 2332 154 31 Ohrleben
935 2343 74 21 anzu-

57 2371 110 28 passen.
195 2366 56 37 Oh,
271 2369 51 29 wir
341 2371 122 30 können
482 2376 176 29 tatsächlich
681 2378 79 28 noch
780 2379 56 29 viel
856 2380 173 37 lebendiger

56 2412 109 27 weiden
251 2415 74 29 dazu
346 2417 150 31 brauchen
524 2421 51 29 wir
600 2424 80 28 noch
708 2424 81 29 nicht
814 2425 109 30 einmal
950 2435 78 22 neue

56 2455 83 30 Sinne
165 2457 26 29 in
217 2467 56 21 uns
299 2469 37 21 zu
363 2465 176 30 entdecken.
591 2468 40 29 Es
657 2469 74 29 lässt
757 2470 63 29 sich
848 2472 79 28 doch
955 2473 73 29 alles

55 2500 140 37 Mögliche
219 2504 47 29 für
290 2505 88 37 jeden
405 2509 71 30 Sinn
508 2514 207 29 vornehmlich
748 2518 158 33 gestalten.
956 2518 71 29 Was

54 2547 35 28 da
112 2547 43 36 ist,
191 2549 75 30 lässt
303 2552 62 29 sich
405 2556 75 28 auch
500 2570 6 6 •
518 2558 48 28 für
600 2559 90 36 jeden
730 2561 73 29 Sinn
840 2563 188 36 empfindbar

53 2593 127 29 machen.
231 2596 188 38 Wenigstens
457 2603 87 29 sollte
570 2613 87 21 mans
684 2607 129 29 meinen.
866 2608 80 30 Dass
973 2611 55 28 das

52 2637 75 29 nicht
158 2648 36 21 so
227 2643 114 29 schnell
374 2646 77 35 geht,
484 2648 38 29 ist
553 2656 77 30 ganz
656 2653 181 29 vortrefflich
874 2671 37 3 —
947 2657 79 27 denn

52 2683 48 28 wir
129 2685 96 29 haben
261 2688 97 30 schon
394 2697 98 32 genug
527 2696 53 28 des
611 2697 121 33 Feinen,
765 2707 87 21 wenn
886 2700 52 30 wir
971 2710 55 20 nur

52 2727 77 38 Auge
163 2733 60 28 und
260 2733 65 30 Ohr
359 2737 158 36 genügend
552 2742 137 30 schärfen
725 2746 61 27 und
820 2746 47 28 die
894 2747 132 29 anderen

53 2772 84 32 Sinne
163 2777 79 29 nicht

121 2831 154 33 „Könnten
402 2838 153 31 bemerkte
576 2843 38 27 da
635 2843 76 30 Herr
731 2845 172 36 Bartmann,
931 2848 96 33 „wohl

52 2876 171 37 annehmen,
255 2881 71 28 dass
361 2881 166 39 diejenigen
563 2886 100 37 Leute,
698 2890 47 28 die
772 2891 63 29 sich
869 2892 81 29 nicht
975 2894 34 28 be-

53 2921 112 36 muhen,
200 2933 55 21 aus
289 2927 93 29 ihrem
417 2929 101 29 Leben
551 2932 47 29 die
630 2935 136 29 denkbar
798 2938 120 35 grösste
944 2938 82 29 Fülle

54 2964 76 30 eines
158 2975 209 31 sogenannten
402 2975 182 31 Weltlebens
611 2979 255 32 herauszuziehen
892 2999 38 4 —
955 2985 71 28 dass

56 3010 154 40 diejenigen
237 3016 101 37 Leute,
366 3019 47 29 die
439 3029 38 20 zu
503 3021 60 29 faul
590 3024 65 29 sind
683 3027 84 35 dazu,
788 3029 92 28 durch
906 3029 120 36 längere

55 3054 237 38 Todeszustände
319 3064 125 30 bestraft
470 3069 118 27 werden
610 3070 134 30 könnten
767 3074 74 28 oder
861 3074 167 37 überhaupt

55 3107 54 22 von
133 3102 94 37 jedem
260 3108 137 31 ferneren
433 3111 161 31 Erwachen
630 3118 252 34 ausgeschlossen
908 3121 120 28 werden

56 3145 124 34 könnten
192 3151 15 28 ?

121 3203 81 34 »Von
243 3207 100 37 jedem
541 3218 146 26 versetzte
732 3217 75 29 Herr
850 3219 178 36 Haberland,

52 3247 90 32 »denn
180 3252 50 28 der
267 3255 94 36 Geist,
400 3259 52 28 der
490 3267 56 21 uns
584 3261 87 28 schuf
706 3264 60 27 und
792 3271 56 21 uns
873 3264 155 30 sicherlich

52 3297 134 27 immerzu
220 3299 86 36 führt,
345 3302 51 29 hat
430 3310 76 29 ganz
543 3306 151 29 bestimmt
729 3308 87 29 keine
851 3309 176 30 kleinlichen

51 3338 215 41 rachsüchtigen
294 3347 177 31 Gedanken.
529 3351 37 30 Er
591 3353 85 28 straft
703 3361 61 28 nur,
790 3362 87 21 wenn
903 3355 50 29 wir
978 3356 49 28 ihn

52 3384 74 28 nicht
151 3389 174 38 empfinden,
351 3395 92 29 durch
463 3397 85 29 trübe
576 3398 213 37 Stimmungen.
840 3400 80 29 Aber
946 3401 81 30 diese

54 3428 98 30 trüben
179 3433 201 42 Stimmungen
406 3441 96 29 sollen
530 3451 56 20 uns
612 3452 56 21 nur
692 3445 110 30 wieder
826 3447 202 36 veranlassen,

51 3478 79 24 seine
156 3477 80 32 Nähe
261 3490 37 22 zu

256 3537 52 30 rief
334 3547 59 21 nun
421 3542 153 30 der-Herr
600 3544 171 37 Bartmann,
798 3546 55 35 „ist
872 3555 34 21 es
924 3547 87 37 jeden-

66 3579 15 19 a
101 3581 13 19 s
147 3582 70 28 ganz
250 3582 103 39 richtig
386 3594 58 21 von
485 3588 54 29 mir
563 3596 148 30 gewesen,
738 3600 86 21 wenn
851 3593 45 28 ich
923 3593 105 30 immer

53 3624 51 28 sag
118 3627 23 27 e,
176 3630 63 24 man
274 3630 100 29 müsse
410 3633 53 28 das
499 3635 99 29 Leben
626 3636 111 30 überall
764 3638 125 37 heftiger
913 3641 114 34 sehen;

53 3669 23 20 ic
121 3668 91 30 wollte
236 3671 29 37 ja
292 3683 54 20 nur
371 3679 125 34 populär
522 3682 196 36 ausdrücken,
750 3685 70 28 dass
845 3685 53 29 wir
922 3685 105 31 immer

50 3711 113 30 wacher
188 3730 30 5 —
245 3717 103 31 immer
372 3723 118 30 wacher
515 3725 86 30 leben

67 3807 6 6 .
122 3767 29 34 »J
155 3775 16 21 a
173 3770 23 33 '"
231 3777 145 26 versetzte
413 3777 75 30 Herr
524 3780 177 37 Haberland,
739 3793 72 25 „nur
845 3786 105 28 stellen
976 3786 49 30 Sie

49 3814 40 22 sie
134 3813 69 29 aber
228 3824 60 27 vor,
323 3828 61 21 was
419 3822 53 29 mir
497 3825 77 29 eben
601 3826 124 31 einfällt:
751 3829 49 29 Sie
828 3831 134 29 müssten
988 3840 37 21 zu

71 3862 42 21 em
153 3859 101 30 Kaiser
293 3864 154 32 Philander
485 3871 75 28 nach
598 3872 119 30 Schiida
754 3875 105 29 fahren
889 3878 60 28 und
976 3878 49 28 ihn

50 3906 59 21 wac
132 3909 30 21 er
200 3908 134 29 machen.
398 3913 61 28 Der
496 3915 104 31 Kaiser
638 3919 113 29 müsste
782 3920 47 29 für
857 3922 84 29 Ihren
969 3923 38 29 Be-

60 3947 177 37 ebungsplan
263 3958 165 30 gewonnen
454 3961 136 34 werden;
617 3970 32 21 er
674 3965 121 35 müsste,
822 3974 37 21 so
885 3968 54 28 wie
965 3968 60 36 Sie,

51 3993 72 24 Herr
158 3993 167 40 Bartmann,
362 4000 108 32 überall
505 4005 210 32 herumfahren
742 4012 60 28 und
828 4013 57 28 den
912 4014 113 29 Leuten

80 4042 31 20 ar
148 4041 132 35 machen,
316 4045 69 29 dass
419 4048 43 28 sie
496 4051 94 29 zuviel
624 4054 134 29 schlafen
787 4058 60 27 und
871 4066 39 21 zu
929 4059 96 37 wenig

52 4082 83 27 dabei
170 4084 44 29 die
240 4087 252 35 Traumzustände
524 4096 44 29 ins
594 4099 102 28 wache
722 4099 191 37 Augenleben
941 4104 68 30 über-

51 4127 100 27 säen
210 4130 65 31 Und
301 4133 49 30 Sie
376 4138 132 30 müssten
536 4143 66 27 dem
624 4143 104 29 Kaiser
749 4145 156 31 Philander
922 4156 103 29 sagen:

52 4174 35 23 so
123 4173 91 30 schlaf
250 4179 77 28 doch
367 4181 78 29 nicht
482 4184 62 30 hier
582 4186 27 29 in
638 4188 118 30 Schiida
782 4207 34 3 -
843 4193 53 28 der
918 4200 107 27 grosse

1125 82 105 36 Sumpf
1256 91 38 20 an
1317 85 52 28 der
1394 85 189 30 Sturmküste
1605 86 37 29 ist
1667 89 28 28 In
1717 89 176 37 Bewegung.
1931 91 69 29 Wer
2018 91 97 36 weiss,

1123 134 62 21 was
1212 129 108 28 daraus
1347 129 88 30 wird!
1487 132 100 28 Schlaf
1614 133 87 35 nicht,
1734 133 121 31 Kaiser!
1907 136 78 34 Jetzt
2004 138 110 28 kannst

1124 172 48 28 Du
1199 172 113 36 zeigen,
1340 176 69 28 dass
1437 176 48 28 Du
1513 176 80 30 nicht
1618 178 83 29 bloss
1726 188 68 19 zum
1821 180 93 37 Spass
1936 181 103 30 Kaiser
2063 189 34 30 ge-

1124 219 92 26 nannt
1254 218 87 29 wirst.
1405 220 79 34 Jetzt
1521 223 110 28 kannst
1667 225 48 28 Du
1754 225 113 36 zeigen,
1894 228 70 27 dass
1990 228 48 28 Du
2065 228 47 29 ein

1121 261 114 30 Führer
1261 264 52 28 der
1338 265 121 29 Geister
1484 266 58 30 bist
1562 284 30 3 —
1616 268 47 29 ein
1684 270 287 31 Gedankenkaiser!
2016 273 95 36 Einer,

1124 307 52 28 der
1211 308 76 28 auch
1317 310 52 28 des
1406 311 111 30 Volkes
1556 313 169 30 Gedanken
1764 316 82 29 lenkt
1870 333 35 3 —
1931 325 36 22 so
1995 319 117 29 ähnlich

1120 352 72 29 wies
1228 354 52 27 der
1314 360 106 29 grosse
1449 356 70 30 Geit
1552 360 53 33 tut,
1636 360 57 29 den
1719 360 51 29 wir
1795 362 171 37 Volksgeist
1993 372 118 21 nennen

1120 398 61 27 und
1207 397 42 29 als
1276 399 76 29 Gott

1194 452 75 28 Herr
1295 454 162 30 Bartmann
1484 457 76 29 blieb
1586 459 116 28 stehen.
1742 460 55 29 Die
1818 461 106 30 Sterne
1944 463 164 30 funkelten.

1121 496 74 28 Herr
1221 498 171 31 Haberland
1418 501 75 29 blieb
1521 504 76 28 auch
1623 505 115 35 stehen,
1766 508 59 27 und
1853 508 77 28 dann
1950 512 85 33 sagte
2056 511 52 28 der

1120 541 75 29 Herr
1221 543 162 31 Bartmann
1409 553 75 29 ganz
1511 548 71 30 leise
1609 551 61 28 und
1695 550 63 30 sich
1784 552 93 29 scheu
1904 555 203 30 umblickend:

1193 597 103 35 „Kann
1326 608 56 20 uns
1409 601 63 29 hier
1499 603 138 30 niemand
1664 606 119 28 hören?
1822 607 129 30 Können
1978 609 49 29 Sie
2054 611 54 28 mir

1118 642 166 37 schwören,
1318 646 74 28 über
1427 648 61 34 das,
1524 657 61 20 was
1621 649 46 30 ich
1694 651 91 29 Ihnen
1811 652 73 36 jetzt
1909 658 197 26 anvertrauen

1118 686 65 36 will,
1208 696 38 21 zu
1272 691 168 36 schweigen
1465 710 37 3 —
1527 698 87 25 unter
1640 696 75 28 allen

1193 743 65 33 „Ich
1499 749 56 35 gab
1593 750 75 28 Herr
1695 752 170 29 Haberland
1889 754 73 29 leise
1988 757 120 28 zurück.

1193 797 65 34 „Ich
1407 802 152 30 erwiderte
1597 806 36 27 da
1661 806 51 28 der
1739 807 75 28 Herr
1837 808 162 30 Bartmann
2030 813 78 28 noch

1118 841 89 29 leiser
1242 844 43 28 als
1320 846 114 35 vorhin,
1472 849 114 33 „selber
1620 851 52 28 der
1698 851 103 30 Kaiser
1827 853 164 31 Philander.
2030 856 80 30 Aber

1119 887 48 29 Sie
1204 889 121 30 dürfens
1361 892 119 30 keinem
1506 901 102 30 sagen.
1647 897 31 28 In
1708 898 118 29 Schiida
1852 899 69 30 sitzt
1946 902 53 28 der
2023 902 68 37 Flug-

1117 933 156 30 techniker
1298 936 158 31 Sebastian
1483 941 60 28 und
1568 943 44 26 tut
1638 950 45 27 so,
1710 943 44 29 als
1779 946 78 27 wäre
1885 954 31 20 er
1943 947 164 30 Philander.

1119 979 61 28 Der
1215 980 159 31 Sebastian
1408 985 142 37 schweigt
1585 988 76 28 auch
1698 990 59 28 und
1793 999 105 21 ausser
1924 1000 56 21 uns
2006 994 101 29 dreien

1118 1024 87 29 weiss
1232 1026 104 30 keiner
1360 1037 59 21 von
1447 1030 96 30 dieser

1191 1080 61 29 Der
1291 1082 75 29 Herr
1404 1084 170 31 Haberland
1607 1088 118 29 machte
1763 1096 107 30 grosse
1907 1093 113 36 Augen,
2050 1096 56 28 sah

1119 1125 57 28 den
1212 1126 105 30 Kaiser
1352 1129 58 28 fest
1444 1138 48 28 an,
1525 1131 111 30 reichte
1663 1133 59 30 ihm
1750 1135 46 29 die
1823 1137 87 29 Hand
1937 1140 60 28 und
2022 1143 85 31 sagte

1118 1169 130 32 einfach:

1192 1227 80 33 „Das
1307 1229 78 29 freut
1421 1230 94 30 mich!
1567 1234 62 28 Das
1666 1235 37 28 ist
1737 1236 175 31 kaiserliche
1945 1239 68 30 Art!
2064 1242 43 29 So

1116 1270 63 29 hätt
1205 1271 72 30 ich's
1303 1282 38 20 an
1369 1275 80 29 Ihrer
1475 1277 89 30 Stelle
1590 1281 78 28 auch

1190 1326 56 29 Die
1286 1328 114 30 Herren
1439 1332 179 30 schüttelten
1656 1335 63 29 sich
1759 1336 47 30 die
1844 1338 106 30 Hände
1986 1340 28 29 in
2048 1343 57 28 den

1117 1370 318 41 Fausthandschuhen,
1472 1380 61 27 und
1568 1379 46 29 ein
1652 1381 228 32 Unterbeamter
1905 1387 115 29 steckte
2048 1389 57 27 den

1116 1415 80 37 Kopf
1239 1426 38 21 zu
1323 1420 96 30 einem
1461 1423 236 38 naheliegenden
1736 1428 125 30 Fenster
1899 1430 106 30 hinaus
2044 1435 61 28 und

1115 1460 75 31 rief:

1193 1519 117 33 „Meine
1339 1520 123 37 Herren,
1494 1531 33 21 es
1553 1524 67 30 sind
1646 1526 236 40 fünfundvierzig
1901 1531 83 30 Grad
2005 1533 99 30 Kälte!

1116 1561 49 29 Sie
1200 1564 122 30 müssen
1350 1566 256 40 hereinkommen,
1633 1575 86 26 sonst
1745 1575 127 35 passiert
1898 1576 91 31 Ihnen

1190 1618 166 35 „Kommen
1392 1622 49 29 Sie
1478 1625 75 28 nach
1794 1630 93 37 fragte
1915 1634 52 28 der
1992 1634 111 30 Kaiser.

1186 1673 81 29 Aber
1293 1676 52 28 der
1371 1677 76 29 Herr
1473 1679 171 31 Haberland
1669 1684 158 30 schüttelte
1855 1688 57 28 den
1939 1688 79 36 Kopf
2044 1691 61 28 und

1113 1720 86 34 sagte
1223 1719 88 31 leise:

1188 1775 66 34 „Ich
1293 1776 48 29 bin
1381 1777 63 30 hier
1482 1781 67 28 dem
1588 1782 219 33 Nachthimmel
1845 1794 36 22 so
1917 1789 87 29 nahe.
2055 1791 48 29 Ich

1114 1820 122 28 möchte
1263 1821 80 30 nicht
1367 1839 36 5 —
1428 1824 128 31 wirklich

1188 1875 47 29 Da
1270 1876 108 37 gingen
1405 1879 46 29 die
1477 1881 108 30 beiden
1613 1883 113 31 Herren
1752 1886 70 29 Arm
1849 1887 28 29 in
1903 1888 70 29 Arm
2001 1890 27 29 in
2056 1891 47 30 die

1113 1928 132 22 warmen
1272 1922 113 30 Stuben
1413 1925 107 30 hinein.

1856 1988 168 31 Fortsetzung
2037 1991 65 29 folgt

1113 2332 139 72 Der
1298 2333 147 94 Tag
1493 2338 127 74 der
1668 2340 206 77 Stadt

1112 2469 83 35 Von
1220 2471 125 41 Jakob
1370 2483 72 26 van
1470 2475 141 37 Hoddis

1158 2625 69 34 Am
1253 2626 134 36 Abend

1221 2725 78 29 Ach!
1326 2726 47 30 die
1398 2728 135 39 glitschig
1559 2739 89 22 nasse
1675 2733 112 31 Planke

1221 2772 69 28 War
1315 2772 60 29 ihm
1402 2775 128 37 mächtig
1555 2778 179 37 unbequem.

1221 2817 73 29 Sass
1321 2826 32 20 er
1379 2820 77 29 doch
1482 2822 52 28 auf
1559 2822 81 30 einer
1666 2824 104 31 Bänke

1222 2862 67 30 Und
1315 2864 146 30 bedachte
1489 2866 47 29 ein
1562 2868 148 31 Problem.

1221 2954 125 37 Dachte,
1373 2957 107 29 dachte
1489 2968 7 24 ;
1522 2967 33 20 er
1579 2968 61 21 war
1665 2961 116 39 wichtig

1222 3000 88 29 Denn
1338 3009 32 21 er
1394 3003 57 35 gab
1477 3003 64 30 sich
1567 3006 55 28 das
1647 3007 117 30 Gebot:

1223 3046 96 34 „Löse
1345 3048 70 35 jene
1441 3048 95 37 Frage
1562 3050 104 38 richtig
1904 3046 4 42 ,

1223 3090 84 30 Oder
1332 3094 87 27 mach
1447 3094 74 36 dich,
1548 3095 79 37 bitte,

1222 3182 30 29 In
1280 3184 52 28 der
1359 3184 216 31 Bülowstrasse
1601 3196 61 21 war
1688 3197 41 21 es.

1222 3227 43 35 Ja,
1292 3236 33 20 es
1351 3238 61 20 war
1438 3229 47 30 ein
1511 3231 172 31 Abenteuer

1223 3272 139 30 Heldisch
1388 3283 60 21 war
1473 3278 60 28 und
1559 3278 57 29 voll
1635 3280 116 30 Gefahr
1776 3290 33 21 es

1221 3318 89 30 Ward
1337 3327 31 21 er
1395 3321 159 30 dümmer?
1592 3325 88 29 Ward
1707 3334 32 20 er
1763 3328 161 30 schläuer?

1221 3408 49 35 Ja!
1297 3417 32 21 er
1348 3417 67 23 sass
1441 3413 52 28 auf
1519 3413 81 30 einer
1627 3415 104 31 Bänke

1221 3454 68 29 Und
1315 3463 32 21 er
1373 3456 80 30 hatte
1479 3458 47 29 ein
1553 3459 137 31 Problem

1222 3499 67 29 Und
1315 3501 47 29 die
1388 3502 205 36 pitschenasse
1620 3506 111 31 Planke

1220 3544 89 31 Ward
1329 3546 59 29 ihm
1414 3549 77 29 auch
1517 3551 71 29 sehr
1613 3553 179 37 unbequem.

1157 3689 69 37 Die
1251 3691 108 36 Stadt

1219 3791 49 29 Ich
1293 3792 55 29 sah
1375 3795 57 27 den
1458 3795 94 31 Mond
1578 3798 61 28 und
1665 3799 53 28 des
1743 3799 160 36 ägäischen

1219 3836 191 32 Grausamen
1436 3840 119 30 Meeres
1581 3843 237 30 tausendfachen
1845 3845 95 37 Pomp

1218 3882 43 29 All
1288 3882 97 31 meine
1412 3885 91 30 Pfade
1529 3894 111 29 rangen
1668 3888 51 28 mit
1739 3890 52 30 der
1815 3890 104 30 Nacht.

1220 3973 86 29 Doch
1332 3974 103 29 sieben
1461 3976 129 30 Fackeln
1616 3986 99 21 waren
1741 3979 79 30 mein
1846 3981 99 30 Geleit

1219 4018 101 29 Durch
1345 4019 125 31 Wolken
1496 4023 138 35 glühend,
1658 4023 101 36 jedem
1785 4025 69 37 Sieg
1879 4027 94 30 bereit

1219 4108 91 34 „Darf
1330 4109 44 29 ich
1396 4111 67 28 dem
1483 4111 103 30 Nichts
1606 4113 137 37 erliegen,
1764 4116 64 28 darf
1847 4116 77 31 mich
1945 4119 105 36 quälen

1218 4153 62 30 Der
1306 4153 101 31 Städte
1433 4156 106 30 weiten
1566 4157 102 31 Städte
1694 4160 91 29 böser
1809 4161 110 30 Wind?

1219 4198 46 29 Da
1292 4199 45 29 ich
1364 4202 142 28 zerbrach
1533 4203 57 29 den
1617 4204 80 29 öden
1722 4205 63 36 Tag
1811 4207 54 29 des
1891 4207 116 30 Lebens

2307 94 213 30 Verschollene
2545 96 144 30 Fahrten!
2740 99 76 30 Eure
2843 101 86 36 Siege
2954 102 66 30 sind

2307 139 45 28 Zu
2377 139 86 36 lange
2489 141 96 29 schon
2612 143 147 30 verflackt.
2810 146 62 28 Ah!
2923 148 74 29 helle
3024 149 104 30 Flöten

2307 184 67 29 Und
2401 185 116 36 Geigen
2543 187 92 29 tönen
2663 188 118 30 meinen
2808 191 94 28 Gram
2926 195 173 34 vergebens.

2243 327 76 36 Der
2343 329 138 35 Traum

2306 428 129 35 Jawohl!
2492 430 59 29 Wir
2569 432 137 29 träumen
2734 433 44 30 oft
2802 442 59 21 von
2886 442 127 30 grossen
3040 439 137 31 Prünken

2305 473 66 29 Und
2399 475 90 28 durch
2517 475 46 30 die
2589 477 128 35 goldene
2743 479 93 36 Stadt,
2863 481 42 29 als
2931 482 211 39 Triumphator

2305 519 195 30 Kutschieren
2526 522 50 28 wir
2602 523 132 29 erhaben
2763 526 66 28 dem
2856 526 93 30 Senat
2973 537 53 21 vor

2305 564 68 30 Und
2400 567 107 28 nackte
2532 568 150 29 Mädchen
2708 571 88 28 stehn
2822 572 51 28 auf
2898 574 279 33 Marmelstrünken.

2305 654 61 30 Der
2391 657 111 36 Wagen
2528 657 80 37 fliegt
2633 660 58 29 den
2717 661 146 38 Vogelfug
2890 665 51 28 der
2967 666 119 30 Möwen

2306 699 161 30 Trotzdem
2495 710 31 21 er
2551 704 126 30 köstlich
2703 708 84 28 teure
2815 708 94 30 Beute
2935 711 79 30 führt

2304 745 67 29 Und
2397 747 206 31 diamantenes
2630 751 141 30 Geschirr
2797 755 174 30 umschnürt

2305 790 54 29 Die
2387 792 100 29 Löwin
2514 795 60 28 und
2600 796 57 28 den
2683 797 292 34 Tibetaner-Löwen.

2303 881 47 28 Da
2376 883 93 28 stürzt
2496 885 51 28 der
2573 886 119 36 Wagen.
2721 888 155 31 Plötzlich!
2901 893 82 36 Weh,
3010 896 141 30 verlieren

2305 926 54 28 Die
2387 928 109 30 Löwen
2522 930 63 29 sich
2611 940 37 20 zu
2674 934 68 28 Wut
2768 936 52 28 der
2844 937 231 33 Wüstennächte

2303 971 89 30 Weh!
2418 982 60 20 wer
2503 975 37 28 ist
2567 977 76 29 nahe
2671 980 52 28 der
2749 989 56 20 uns
2832 982 74 29 Hilfe
2933 985 120 31 brächte

2303 1017 88 29 Weh!
2418 1018 28 29 in
2474 1021 52 28 der
2552 1022 74 29 Not!
2652 1040 36 4 —
2714 1025 56 30 Die
2790 1027 121 29 Bestien
2938 1031 150 31 coitieren.

2237 1180 69 35 Am
2333 1181 158 46 Morgen

2301 1280 37 29 Er
2363 1281 126 36 spricht:
2517 1284 103 34 „Nicht
2646 1287 143 36 ängstlich
2816 1298 37 21 an
2880 1292 154 31 Gestaden

2299 1326 58 28 Auf
2383 1327 113 30 offnem
2522 1330 103 29 Meere
2651 1333 55 28 will
2733 1333 44 29 ich
2804 1336 97 30 baden
2928 1355 34 4 —

2302 1371 61 29 Ha!
2392 1374 51 27 der
2469 1375 154 36 Vergleich
2651 1377 37 29 ist
2714 1380 47 28 ein
2786 1384 163 34 gewagter!

2300 1416 48 29 Ich
2373 1420 99 28 werde
2498 1420 54 29 frei
2571 1430 69 21 vom
2667 1424 99 30 Frohn
2796 1428 51 28 der
2872 1429 104 30 Zeiten

2299 1462 76 29 Zum
2401 1465 413 40 kosmisch-schöpferischen
3041 1495 34 3 —

2300 1507 181 39 (Kosmisch,
2507 1516 66 33 sagt
2599 1514 52 35 er).

2300 1554 37 29 Er
2362 1557 128 28 wandelt
2514 1559 83 28 kühn
2624 1569 49 20 um
2699 1563 104 29 seinen
2829 1565 96 37 Tisch,
2953 1576 32 21 er
3009 1572 127 29 wandelt

2742 1610 78 29 wohl
2847 1611 46 30 die
2918 1620 95 29 ganze
3039 1616 97 31 Nacht

2300 1644 146 37 Beglückt
2472 1648 28 29 in
2526 1650 99 30 seiner
2651 1653 112 37 Lampe
2790 1655 90 37 Licht,

2298 1690 63 30 Das
2386 1691 73 37 jetzt
2484 1703 48 21 am
2558 1697 63 36 Tag
2646 1707 49 20 am
2722 1700 73 30 Blau
2821 1703 152 31 zerbricht.

2300 1736 55 30 Die
2380 1744 96 29 ganze
2496 1741 98 30 Nacht
2619 1743 52 30 hat
2697 1754 32 20 er
2754 1750 207 34 umgebracht!

2298 1782 56 36 (So
2381 1784 46 29 ein
2455 1786 97 38 Kerl!)

2188 2080 269 89 Mystik

2186 2217 82 35 Von
2296 2218 188 40 Friedrich
2510 2225 96 36 Kurt
2629 2228 194 38 Benndorf

2258 2373 45 29 Zu
2340 2376 57 28 den
2432 2377 189 33 Erlebnissen
2660 2392 56 21 aus
2751 2387 52 28 der
2839 2389 111 36 Region
2984 2394 53 28 des
3065 2394 85 31 Unter-

2185 2417 213 33 bewusstseins
2419 2424 108 34 gehört
2550 2425 87 37 jenes
2658 2429 172 33 kosmische
2856 2434 122 38 Fühlen,
3005 2440 53 28 das
3083 2439 84 36 jeder

2184 2464 99 28 wahre
2311 2466 140 31 Künstler
2476 2470 115 30 besitzt.
2647 2474 80 30 Aber
2759 2478 141 32 während
2933 2490 33 21 es
2991 2483 47 29 für
3064 2485 102 31 diesen

2185 2516 54 21 nur
2265 2511 168 37 Peripherie
2470 2516 53 28 des
2557 2518 143 37 geistigen
2735 2522 254 41 Hervorbringens
3025 2530 45 36 ist,
3101 2533 65 30 weil

2183 2554 63 28 sich
2288 2565 64 20 sein
2391 2559 141 31 Schaffen
2569 2565 50 27 auf
2657 2566 168 33 bestimmte
2865 2572 301 36 Lebensausschnitte

2183 2600 113 37 richtet,
2323 2602 142 32 bedeutet
2491 2615 32 21 es
2549 2608 46 30 für
2627 2612 57 28 den
2717 2613 102 31 reinen
2845 2617 144 37 Mystiker
3014 2621 152 38 Zentrum,

2183 2646 64 28 weil
2274 2647 58 29 ihm
2370 2650 46 29 die
2451 2652 175 36 allgemeine
2662 2657 322 44 Lebensanschauung,
3020 2675 54 21 aus
3113 2671 53 28 der

2183 2690 191 38 Perspektive
2410 2697 52 28 der
2504 2699 138 31 Identität
2679 2704 71 29 aller
2787 2707 132 37 Kreatur,
2958 2714 206 30 wesentliches

2183 2737 132 31 Erlebnis
2343 2740 42 30 ist.
2437 2742 131 32 Frühere
2594 2747 111 36 Mystik
2737 2750 81 37 (zum
2854 2754 128 38 Beispiel
3015 2758 46 29 die
3093 2760 58 29 sufi-

2181 2783 95 29 tische
2303 2786 153 38 Weisheit)
2492 2794 110 26 nannte
2635 2794 81 30 diese
2743 2797 197 41 Versenkung
2973 2802 44 29 ins
3051 2805 95 36 Hyper-

2183 2829 184 31 mdividuelle
2402 2834 214 40 „Vereinigung
2648 2840 52 29 mit
2733 2843 52 28 der
2810 2844 137 31 Gottheit
2976 2850 89 28 durch
3093 2851 54 29 Ver-

2183 2874 140 38 nichtung
2349 2879 53 28 des
2583 2884 56 29 Die
2870 2891 28 29 in
2930 2894 135 31 solchem
3091 2896 72 30 Sinn

2181 2922 81 27 steht
2288 2923 76 28 auch
2391 2925 47 29 bei
2465 2927 57 28 den
2556 2933 145 27 neuesten
2733 2934 174 38 Mystikern,
2940 2939 47 29 bei
3011 2940 153 32 Mombert

2181 2967 61 27 und
2268 2967 108 31 Rainer
2401 2971 95 30 Maria
2529 2973 91 37 Rilke,
2654 2976 37 29 im
2723 2979 189 38 Mittelpunkt
2943 2984 79 30 ihres
3054 2987 108 32 Sinnes

2181 3012 60 28 und
2267 3012 173 32 Trachtens.
2489 3019 63 28 Alle
2578 3021 145 36 Mystiker
2747 3025 66 29 sind
2833 3027 201 39 Pantheisten,
3058 3034 103 30 sofern

2180 3063 43 22 sie
2250 3057 75 30 Gott
2352 3062 59 27 und
2435 3062 43 29 All
2505 3063 220 42 identifizieren,
2756 3073 59 27 und
2841 3074 132 36 zugleich
2998 3076 163 39 Atheisten,

2179 3102 103 30 sofern
2308 3113 43 21 sie
2378 3109 160 29 wiederum
2564 3111 43 29 All
2639 3116 60 27 und
2733 3115 48 30 Ich
2814 3117 101 37 (nebst
2940 3122 67 29 dem
3034 3124 127 30 Werden

2181 3148 98 29 dieses
2324 3151 77 37 Ichs)
2444 3154 209 36 gleichsetzen.
2729 3162 148 31 Während
2929 3168 51 27 der
3024 3169 137 37 religiöse

2180 3193 122 31 Dichter
2336 3197 242 34 Gottsucher
2613 3204 45 36 ist,
2695 3207 36 29 ist
2766 3210 52 28 der
2853 3212 160 35 mystische
3039 3215 122 30 Dichter

2180 3240 27 27 G
2217 3247 20 22 o
2244 3243 11 25 t
2263 3243 251 38 tverkünder;
2533 3248 141 32 während
2684 3252 86 36 jener
2783 3255 74 29 Gott
2871 3257 43 29 als
2928 3261 229 30 transzendente

2179 3285 199 32 Wirklichkeit
2403 3291 133 37 auffasst,
2564 3295 42 28 als
2640 3297 119 37 Urquell
2792 3302 52 28 des
2877 3304 129 30 Daseins
3037 3314 106 22 voraus-

2178 3334 85 32 setzt,
2301 3334 110 36 verlegt
2437 3336 49 30 ihn
2522 3339 98 31 dieser
2655 3342 45 30 ins
2734 3346 270 33 Menscheninnere
3038 3353 120 35 zurück,

2180 3377 99 28 macht
2305 3379 47 28 ihn
2380 3382 38 28 im
2444 3382 167 33 Menschen
2638 3388 81 30 bloss
2746 3391 138 37 bewusst,
2915 3410 35 4 —
2975 3396 108 29 schafft
3109 3398 50 28 ihn

2178 3425 68 25 erst.
2286 3424 61 29 Ihm
2368 3425 36 29 ist
2424 3428 76 29 Gott
2519 3431 53 28 das
2758 3438 53 28 das
2839 3438 190 38 Unendliche,
3049 3443 109 29 dessen

2178 3468 170 31 Immanenz
2376 3471 37 30 im
2441 3474 160 32 Endlichen
2623 3480 90 29 durch
2735 3481 46 30 die
2801 3483 147 31 Tatsache
2968 3487 53 28 des
3040 3487 102 30 Tiefen-

2178 3512 211 34 bewusstseins
2429 3521 60 28 und
2523 3521 100 31 seiner
2658 3526 200 32 ekstatischen
2896 3530 177 30 Erkenntnis
3107 3539 34 30 ge-

2178 3558 179 33 währleistet
2392 3566 155 30 erscheint.
2608 3570 30 28 In
2665 3572 57 28 den
2756 3573 134 36 Urgrund
2917 3577 52 28 des
2994 3577 77 29 Zeit-
3097 3580 60 27 und

2179 3603 180 33 Raumlosen
2399 3609 268 41 hinabzutauchen,
2710 3633 37 5 —
2789 3620 54 27 das
2884 3621 185 34 persönliche
3108 3624 48 28 Ich

2176 3649 230 41 gefühlsrnässig
2439 3664 69 22 zum
2544 3659 194 32 universellen
2774 3664 48 28 Ich
2856 3673 38 21 zu
2933 3667 162 36 erweitern,
3120 3685 36 5 ——

2176 3694 75 29 Welt
2277 3699 60 28 und
2357 3699 47 30 Ich
2425 3702 44 28 als
2489 3703 130 31 dieselbe
3007 3713 149 30 Substanz

2176 3748 37 20 zu
2240 3743 179 38 empfinden,
2445 3763 35 5 —
2505 3748 90 37 jenen
2627 3752 133 30 Zustand
2787 3755 52 27 des
2870 3756 151 30 Rausches
3046 3767 38 21 zu
3111 3768 30 21 er-

2176 3786 128 38 reichen,
2331 3798 47 21 wo
2404 3793 71 29 alles
2510 3795 263 37 Naturgeschehen
2801 3799 27 29 in
2858 3802 52 27 der
2935 3802 105 36 eignen
3067 3805 87 30 Seele

2175 3830 62 30 sich
2266 3835 76 28 noch
2380 3836 108 30 einmal
2514 3841 132 35 abspielt,
2682 3851 46 21 wo
2756 3845 51 28 der
2836 3845 319 40 Kausalitätsgedanke

2174 3875 114 32 sinnlos
2323 3881 70 30 wird
2427 3886 59 27 und
2517 3886 172 37 schwindet,
2721 3897 47 21 wo
2794 3891 52 28 der
2871 3892 87 29 Geist
2982 3894 118 30 vibriert
3125 3896 29 28 in

2176 3922 51 28 der
2242 3923 309 43 Uebereinstimmung
2563 3931 147 31 zwischen
2731 3935 66 28 dem
2818 3936 117 37 Ewigen
2956 3939 52 30 der
3024 3941 112 29 Aussen-

2174 3969 67 27 welt
2267 3972 59 28 und
2353 3973 67 29 dem
2447 3974 117 36 Ewigen
2591 3979 214 30 menschlicher
2836 3982 177 32 Innenwelt:
3039 4002 31 3 —
3100 3988 54 28 das

2174 4012 37 30 ist
2236 4016 53 27 der
2314 4017 178 31 Grundtrieb
2518 4020 84 36 jedes
2628 4023 169 36 Mystikers.

2246 4070 101 29 Schon
2374 4071 27 29 in
2429 4075 52 27 der
2512 4075 188 39 Darstellung
2731 4080 176 35 mystischer
2938 4083 88 30 Ideen
3059 4085 92 29 durch

2173 4113 47 30 die
2247 4115 208 32 islamitischen
2482 4120 71 35 Sufi,
2580 4121 37 29 im
2853 4128 70 29 wird
2942 4132 113 33 gesagt,
3080 4131 71 28 dass

2173 4169 68 21 man
2293 4163 177 30 niemanden
2516 4174 85 27 „zum
2652 4169 117 37 Ewigen
3039 4176 111 29 könne.

2174 4209 119 36 Mystik,
2319 4210 43 29 als
2388 4210 65 28 eine
2480 4212 96 30 Sache
2597 4212 116 32 innerer
2731 4217 173 38 Sammlung
2923 4221 52 27 des
2995 4219 154 30 einzelnen
