3241 4366
88 4270 57 29 420

107 99 208 35 einträchtigen
331 101 72 26 oder
423 99 45 28 die
488 98 185 36 subjektiven
687 99 172 35 Ansprüche
879 107 37 19 zu
937 99 140 28 mindern.

105 146 71 28 Man
212 145 102 27 erfand
348 144 70 35 sich,
455 153 48 19 um
539 145 46 27 die
618 144 308 35 Uebereinstimmung
961 145 117 27 denken

104 197 37 20 zu
177 190 138 28 können:
360 189 44 29 die
440 190 241 33 sonderbarsten,
716 189 271 36 scharfsinnigsten,
1021 190 58 28 fast

104 233 205 37 aberwitzigen
348 235 176 28 Theoreme.
576 235 72 28 Bald
695 235 105 28 sollten
848 234 125 35 Subjekt
1020 235 59 27 und

105 279 113 35 Objekt
254 279 141 29 identisch
431 280 73 34 sein,
542 280 153 35 Attribute,
729 279 213 29 verschiedene
978 279 99 29 Seiten

105 324 154 28 derselben
286 325 155 28 Substanz.
493 325 73 28 Bald
597 333 59 20 war
682 325 74 28 Gott
788 325 51 27 der
865 324 64 34 Ort,
961 332 47 21 wo
1034 324 43 28 sie

103 368 153 36 eigentlich
277 369 235 34 harmonierten;
539 371 144 27 nachdem
710 371 52 27 der
787 369 125 29 influxus
940 369 138 36 physicus

105 414 78 28 nicht
215 416 83 27 mehr
324 415 78 28 Stich
438 415 137 36 gehalten
611 416 89 27 hatte.
750 414 117 29 Wieder
891 422 99 21 waren
1016 423 47 20 ver-

102 459 160 29 schiedene
288 461 90 27 Arten
410 468 37 20 zu
481 460 147 34 ersinnen,
661 459 51 28 auf
742 459 111 29 welche
879 459 43 28 sie
949 459 27 28 in
1003 460 76 28 Gott

103 503 207 31 harmonieren
337 506 149 32 könnten;
511 505 84 29 war's
622 505 88 28 durch
738 505 139 35 göttliche
898 505 165 29 Hilfsbereit-

101 550 97 27 schaft
230 550 26 28 in
288 550 99 35 jedem
413 549 204 36 Augenblick?
669 550 83 28 Oder
780 558 61 20 war
866 558 33 20 es
924 551 153 35 würdiger,

103 595 69 28 dass
206 595 73 28 Gott
312 595 28 28 in
373 595 95 28 einem
495 594 181 36 Augenblick
709 595 106 36 ewiger
841 595 235 30 Prädestinetion

102 639 46 28 die
175 640 161 28 Harmonie
363 640 147 35 endgültig
536 640 184 35 besiegelte?

174 693 111 29 Diesen
317 693 176 37 Wagnissen
525 694 184 36 gemeinsam
747 695 36 28 ist
816 695 45 28 die
897 695 180 29 unkritische

100 738 194 36 Arglosigkeit
329 745 94 29 gegen
460 741 52 26 das
548 740 157 29 denkende
731 740 125 37 Subjekt
893 741 50 28 mit
973 740 104 29 seinen

101 783 155 36 Begriffen.
309 785 66 28 Den
411 785 104 35 Finger
555 785 28 28 in
619 785 82 29 diese
737 787 113 28 Wunde
885 787 76 35 legte
998 787 79 35 John

100 829 109 28 Locke.
268 830 30 28 In
331 831 52 27 der
415 830 107 28 Schule
556 830 128 36 Bacons,
719 832 52 28 des
805 832 189 36 Begründers
1027 833 52 28 der

100 873 117 36 Physik,
256 876 52 27 des
347 875 384 36 Wirdlichkeitsfanatikers,
771 879 58 26 und
869 877 27 29 in
936 879 51 27 der
1025 879 53 27 des

98 919 211 29 Materialisten
337 920 123 29 Hobbes
486 921 77 29 wohl
589 922 186 35 vorbereitet,
801 929 95 30 gegen
924 925 52 27 das
1003 924 56 28 Sub-

98 964 63 36 jekt
185 965 51 28 auf
270 966 98 28 seiner
394 966 60 28 Hut
478 974 37 20 zu
550 966 73 36 sein,
659 969 120 28 brachte
814 976 32 21 er
871 968 46 29 die
943 968 134 36 Neigung

99 1010 51 27 mit
182 1009 71 35 sich,
288 1012 107 27 dessen
430 1011 228 30 Immaterialität
699 1014 220 28 anzuzweifeln.
970 1014 90 34 Jeden-

97 1055 65 28 falls
199 1056 93 28 erhält
328 1065 33 19 es
396 1065 37 20 zu
469 1058 75 28 allen
581 1058 147 36 Begriffen
764 1060 57 27 den
855 1060 128 28 Anstoss
1018 1067 59 21 von

98 1108 118 21 aussen.
287 1101 194 38 Ueberhaupt
524 1106 122 26 stammt
690 1105 55 28 alle
790 1105 86 28 echte
921 1105 155 35 allgemein

98 1146 116 35 gültige,
242 1148 187 35 notwendige
458 1148 176 30 Erkenntnis
661 1157 58 21 von
745 1158 125 20 aussen:
897 1150 62 28 hier
985 1151 90 28 brach

96 1190 63 30 sich
194 1192 45 28 die
266 1193 119 28 Willkür
417 1195 53 27 des
496 1194 159 36 Subjektes
688 1203 38 20 an
754 1195 127 35 Realien,
914 1204 37 20 an
979 1197 97 28 denen

97 1244 33 21 es
158 1237 78 28 nicht
262 1237 106 30 einmal
394 1238 28 29 in
449 1239 167 29 Gedanken
643 1243 91 26 etwas
761 1241 111 28 ändern
899 1242 122 28 konnte.

169 1292 192 36 Antipodisch
382 1295 146 34 entgegen
547 1297 57 25 trat
631 1296 51 27 der
700 1295 80 29 Alles
806 1295 269 36 subjektivierende

97 1337 152 36 Berkeley.
301 1338 153 29 Sinnreich
474 1348 36 19 zu
531 1340 163 29 vermitteln
714 1341 104 28 suchte
839 1341 127 35 Leibniz,
994 1341 82 29 einer

97 1383 51 28 der
167 1383 291 37 liebenswürdigsten
485 1386 60 27 und
571 1385 243 30 erfindnrichsteu
835 1387 127 29 Geister.
1012 1388 62 28 Aus

96 1427 81 29 einer
202 1428 75 29 Welt
310 1430 86 28 schuf
431 1438 32 20 er
495 1430 65 29 eine
588 1431 162 29 Harmonie
784 1433 149 29 zahlloser
960 1434 113 28 Welten

96 1473 46 29 die
174 1473 63 29 sich
265 1475 89 28 durch
386 1475 139 35 göttliche
552 1477 122 35 Fügung
703 1486 68 19 zum
799 1477 198 37 Reigentanze
1023 1488 34 19 zu-

94 1520 290 35 sammengeschickt
417 1521 105 28 haben.
573 1522 87 29 Einer
692 1523 124 29 solchen
842 1524 62 28 rein
930 1525 144 36 geistigen

94 1565 185 29 Weltmonas
300 1566 148 35 ereignete
467 1566 62 29 sich
557 1569 52 27 das
641 1568 141 29 materiell
802 1570 272 35 Gegenständliche

95 1611 91 28 durch
207 1611 65 28 eine
291 1612 51 27 Art
367 1612 270 36 perspektivischen
659 1614 69 29 Um-
754 1616 60 28 und
840 1616 234 29 Herabblickens

94 1656 51 28 auf
180 1656 45 28 die
264 1656 188 30 Gesamtheit
489 1660 51 27 der
585 1659 129 36 übrigen.
766 1661 63 28 Das
865 1662 208 29 Aeusserliche

94 1709 60 21 war
197 1702 46 28 ein
288 1702 354 37 Sumationsphänomen,
689 1705 46 29 ein
762 1707 213 36 Konglomerat
1020 1716 54 21 aus

93 1747 142 36 geistigen
262 1747 180 29 Elementen.
470 1765 30 4 —

167 1803 41 27 So
241 1802 66 29 weit
340 1811 60 21 was
434 1805 53 27 das
514 1804 136 30 Problem
682 1806 44 28 bis
751 1815 38 19 zu
816 1808 77 28 Kant
917 1808 146 36 gediehen

94 1848 136 28 Ueberall
268 1856 59 21 war
366 1857 68 20 man
473 1850 104 28 darauf
615 1858 62 28 aus,
717 1853 57 28 den
810 1853 171 30 Dualismus
1020 1856 53 28 des

92 1893 134 29 Aussens
265 1896 59 27 und
362 1894 107 29 Innens
507 1904 38 20 zu
584 1896 198 37 überwinden,
822 1900 56 28 den
918 1900 64 30 Riss
1022 1902 52 28 der

93 1939 190 36 Weltglocke,
334 1941 91 27 deren
470 1942 174 29 blechernes
689 1943 173 37 Geklapper
905 1949 71 25 statt
1020 1949 52 26 des

93 1984 127 36 Klanges
254 1993 68 20 man
355 1985 96 37 längst
481 1988 149 35 vernahm,
665 1990 199 29 auszuheilen.
916 1992 71 29 Man
1013 2001 60 21 war

93 2030 90 29 voller
202 2030 188 30 Zuversicht:
416 2032 54 29 Mit
489 2032 47 29 ein
557 2041 72 28 paar
649 2035 147 36 Dogmen,
823 2036 51 29 mit
901 2039 67 27 dem
989 2039 83 28 Deus

112 2084 17 19 x
164 2076 137 28 machina
335 2077 120 35 glaubte
491 2087 68 20 man
595 2079 72 29 alles
702 2081 140 35 geleistet.
895 2084 87 28 Denn
1019 2086 53 28 das

110 2130 42 41 £ir
187 2130 33 20 es
255 2123 85 34 eben,
375 2124 69 27 dass
471 2124 138 29 niemand
636 2126 57 28 den
719 2128 64 28 Mut
809 2128 115 36 besass,
952 2130 45 28 die
1023 2137 33 29 ge-

96 2166 138 30 fährliche
261 2168 78 28 Kluft
377 2169 128 28 wirklich
545 2171 109 28 klaffen
693 2180 38 20 zu
768 2173 109 35 lassen,
918 2175 46 28 die
1003 2184 69 21 man

93 2211 94 37 längst
222 2220 53 21 vor
308 2213 105 36 Augen
447 2215 63 28 sah.
562 2217 61 27 Der
650 2217 64 29 Riss
750 2218 105 29 drohte
891 2221 91 28 durch
1018 2222 54 28 das

93 2258 99 28 Leben
227 2258 98 28 selber
359 2268 36 19 zu
430 2260 106 36 gehen.
589 2262 66 29 Und
691 2264 80 28 ohne
806 2264 63 29 sich
905 2266 168 37 überhaupt

91 2304 151 34 gründlich
277 2312 37 21 zu
357 2306 56 27 den
452 2306 156 29 Extremen
645 2309 208 29 entschlossen
891 2320 37 20 zu
964 2312 107 36 haben,

92 2349 99 28 behalf
230 2357 68 21 man
336 2349 62 29 sich
434 2352 95 28 schon
566 2352 50 29 mit
652 2354 151 30 allerhand
829 2357 242 37 Vermittlungen.

163 2395 78 28 Aber
268 2396 96 28 Hume
392 2397 80 28 hatte
500 2398 107 29 bereits
634 2399 51 29 mit
710 2401 164 30 schwerem
902 2403 106 36 Finger
1034 2413 37 21 an

91 2439 47 29 ein
174 2440 136 29 Problem
345 2443 128 35 gerührt,
507 2444 128 29 welches
670 2446 94 29 schon
802 2448 46 28 die
875 2448 197 31 Zündschnur

89 2493 54 20 zur
177 2485 81 29 Mine
294 2487 92 29 Kants
422 2488 27 28 in
486 2489 98 29 Brand
618 2493 104 33 setzte,
768 2493 46 28 die
850 2494 131 30 hernach
1016 2497 55 28 alle

89 2530 70 36 jene
193 2533 261 35 metaphysischen
489 2535 218 30 Luftschlösser
745 2540 134 35 gewaltig
912 2542 159 36 auffliegen

91 2576 78 29 liess.
221 2578 96 28 Hume
352 2581 153 27 wunderte
540 2580 71 36 sich,
652 2584 70 28 dass
759 2585 52 28 wir
849 2587 142 29 manches
1030 2591 28 26 in-

89 2621 120 30 stinktiv
234 2624 104 28 besser
352 2626 59 27 und
425 2625 100 29 früher
539 2627 139 37 wüssten,
699 2629 43 29 als
758 2638 32 20 es
805 2631 137 29 erfahren
955 2650 37 3 —
1004 2633 55 29 viel-

91 2669 92 34 mehr,
219 2669 42 28 als
298 2678 31 20 es
369 2671 166 36 überhaupt
562 2673 46 28 nie
635 2676 60 27 und
722 2675 124 30 nimmer
872 2678 52 29 mit
949 2680 121 29 rechten

91 2712 116 37 Dingen
255 2715 137 29 erfahren
431 2719 119 27 werden
589 2719 121 30 konnte.
762 2722 83 29 Nach
885 2725 97 28 einem
1022 2726 33 28 be-

89 2759 178 30 denklichen
307 2761 228 36 Kopfschütteln
575 2765 153 30 entschied
775 2776 33 20 er
844 2768 72 35 sich,
956 2778 32 21 es
1027 2772 43 28 sei

90 2804 144 30 vielleicht
248 2805 65 30 eine
334 2808 84 28 mehr
438 2809 144 29 nützliche
597 2811 42 28 als
655 2812 50 27 auf
718 2813 151 30 Wahrheit
889 2816 181 37 beruhende,

87 2849 158 37 jedenfalls
282 2852 52 29 tief
371 2853 224 36 eingewurzelte
633 2857 244 36 Angewohnheit.
928 2862 53 29 Mit
1020 2872 34 20 un-

89 2897 202 36 vergleichlich
313 2899 267 37 denkkräftigerem
602 2902 121 36 Organe
749 2905 66 35 griff
841 2905 61 30 hier
924 2908 75 29 Kant
1025 2918 45 19 zu.

164 2952 70 29 Eine
271 2954 170 35 ungeheure
468 2956 138 28 Vorsicht
642 2958 173 30 bezeichnet
850 2962 104 29 seinen
990 2964 80 36 Weg,

89 2996 88 30 einen
216 2999 72 35 Weg
336 3000 52 27 des
435 3002 246 30 erstaunlichsten
721 3005 157 30 Lavierens
922 3008 148 30 zwischen

91 3043 92 28 durch
209 3044 143 29 einander
385 3045 174 30 treibenden
587 3048 186 31 Eisblöcken.
825 3053 49 28 Als
900 3054 92 29 Mann
1020 3057 52 27 der

89 3088 156 37 Ordnung,
281 3092 52 26 des
369 3092 188 36 Vertrauens,
595 3095 51 28 der
681 3095 212 38 Sicherheiten,
935 3100 69 29 hielt
1040 3110 31 20 er

91 3135 53 28 das
172 3135 199 29 Bewusstsein
403 3139 52 27 der
480 3141 310 30 ausserordentlichen
816 3144 254 39 Verantwortung,

89 3180 112 28 welche
228 3189 69 19 man
324 3181 51 29 mit
407 3183 81 29 einer
515 3185 174 30 Revolution
717 3189 51 28 auf
792 3189 63 29 sich
883 3191 111 35 nimmt,
1021 3193 34 28 be-

87 3225 119 36 ständig
242 3226 28 28 in
305 3226 62 29 sich
402 3229 84 28 wach
546 3231 139 35 Zögernd
721 3235 60 27 und
815 3236 120 35 zaghaft
952 3239 120 34 gesteht

89 3270 64 29 sich
192 3271 46 28 ein
276 3272 118 29 solcher
420 3274 85 29 Geist
543 3276 46 29 die
628 3277 103 37 eigene
770 3281 218 31 revolutionäre
1016 3284 36 29 Be-

89 3315 193 38 stimmmung
297 3318 54 28 ein.
404 3320 92 29 Unter
514 3321 54 28 viel
582 3323 282 32 Vorbehaltlichkeit
884 3330 59 26 und
963 3332 106 26 stetem

91 3361 117 29 Protest
233 3368 95 30 gegen
354 3363 62 30 sich
442 3366 93 29 selbst
560 3372 77 32 wagt
663 3378 32 20 er
719 3371 63 29 sich
809 3372 51 28 mit
886 3373 43 28 ihr
956 3375 114 29 hervor.

90 3407 38 29 Er
163 3407 156 29 klammert
353 3409 62 29 sich
442 3419 37 20 an
507 3413 53 28 das
585 3413 64 30 Alte
669 3422 37 22 so
731 3417 95 35 lange,
854 3418 44 29 bis
923 3427 54 21 vor
1003 3422 67 28 dem

89 3452 165 29 wehenden
290 3454 103 29 Winde
429 3457 53 28 des
508 3458 106 29 Neuen
650 3460 54 29 alle
731 3462 87 36 Segel
852 3463 62 30 sich
954 3466 116 35 blähen,

91 3497 54 29 alle
164 3498 83 29 Taue
267 3499 62 29 sich
350 3501 123 29 straffen
555 3504 78 29 dann
660 3507 188 30 entschliesst
873 3518 32 20 er
929 3511 63 28 sich
1018 3520 54 20 zur

89 3543 97 29 Fahrt.
213 3560 34 4 —

163 3599 58 28 Wir
255 3601 95 28 sehen
387 3602 76 29 Kant
502 3603 28 28 in
569 3604 104 30 seinen
709 3607 92 29 reifen
837 3610 233 38 Mannesjahren

88 3651 60 21 von
200 3645 118 29 Leibniz
330 3647 199 30 -Wolffischer
585 3650 151 31 Tradition
792 3662 53 21 zur
901 3657 170 36 englischen

90 3688 128 37 Empirie
238 3692 133 29 zweifeld
392 3693 49 28 hin
461 3695 60 28 und
541 3695 108 30 wieder
670 3699 134 34 pendeln.
856 3701 63 29 Das
934 3703 136 30 Problem

91 3735 51 28 der
160 3736 159 36 Apriorität
345 3740 99 28 macht
471 3739 58 30 ihm
557 3742 45 28 die
629 3743 93 29 Natur
749 3744 185 32 interessant.
985 3749 87 30 Nicht

89 3781 80 28 ohne
190 3782 97 29 Glück
306 3786 138 28 versucht
458 3794 31 21 er
505 3788 167 35 mehrmals,
687 3789 51 29 auf
750 3791 214 35 spakulativem
979 3794 91 37 Wege

92 3826 178 35 physischen
293 3829 215 31 Phänomenen
529 3833 239 31 beizukommen.
820 3837 37 29 Er
876 3839 95 29 stösst
997 3840 60 30 hier-

90 3870 48 29 bei
173 3873 49 28 auf
259 3875 56 27 den
341 3876 185 30 Widerstand
562 3880 52 27 der
638 3880 103 35 Natur,
767 3882 50 28 auf
844 3883 45 28 die
916 3885 154 30 berühmte

89 3915 129 37 Grenze,
241 3920 90 28 deren
352 3921 196 39 Festsetzung
567 3924 83 30 seine
677 3928 78 27 erste
782 3929 59 27 und
867 3928 87 30 letzte
976 3930 94 38 Sorge

91 3969 67 20 war.

164 4017 106 36 Hume,
307 4019 54 29 wie
399 4026 111 33 gesagt,
550 4025 79 29 hatte
669 4026 48 29 ihn
757 4028 44 28 bis
840 4028 78 29 dicht
953 4038 37 21 an
1018 4033 53 28 das

92 4061 136 30 Problem
268 4064 217 38 herangeführt,
524 4071 66 27 dem
630 4080 32 19 er
698 4073 186 35 gründlicher
918 4083 38 20 zu
983 4076 88 30 Leibe

89 4108 48 27 als
171 4107 105 36 jemals
313 4110 80 29 einer
418 4120 53 21 vor
505 4113 68 31 ihm.
624 4116 62 30 Wie
717 4118 37 28 ist
780 4127 33 21 es
839 4120 136 36 möglich,
1002 4123 69 28 dass

90 4152 51 28 wir
161 4155 142 28 manches
324 4156 72 29 über
416 4157 46 29 die
483 4159 95 37 Dinge
599 4162 36 27 da
656 4163 145 29 draussen
829 4167 242 35 unvergleichlich

90 4197 131 30 sicherer
255 4200 117 36 wissen,
416 4203 44 28 als
505 4212 32 21 es
564 4214 56 21 uns
646 4207 165 38 Erfahrung
836 4210 106 37 jemals
968 4212 103 30 lehren

1163 100 137 29 könnte?
1367 101 212 35 Apaodiktisch
1629 101 132 29 wissen?
1796 118 35 4 —
1864 103 116 28 Grosse
2025 103 119 29 Geister

1163 145 101 28 hatten
1284 145 63 29 hier
1366 146 212 28 verschiedene
1597 147 173 28 Antworten
1790 148 150 35 gegeben:
1959 155 59 21 von
2039 149 104 29 Piaton

1163 191 194 35 angefangen,
1385 192 51 27 der
1462 191 193 35 allegorische
1681 192 195 28 Aufschlüsse
1906 192 67 36 gibt,
2000 202 86 19 wenn
2113 202 31 20 er

1163 235 98 35 meint,
1300 235 51 29 wir
1389 235 166 29 erinnerten
1595 244 55 20 uns
1679 236 141 36 gewisser
1846 238 223 28 überzeitlicher
2094 239 34 29 Er-

1161 280 129 28 lebnisse
1302 291 6 22 ;
1345 280 44 28 bis
1424 282 50 27 auf
1510 281 128 34 Leibniz,
1665 282 66 28 dem
1759 282 45 28 die
1831 283 123 29 äussere
1981 284 163 35 Erfahrung

1163 333 53 20 nur
1254 325 66 28 eine
1358 332 350 29 zusammengeronnene
1751 327 101 28 innere
1891 327 44 29 ist.
1998 329 146 28 Niemand

1162 371 80 28 hatte
1268 371 63 28 sich
1358 372 78 27 noch
1463 379 48 20 um
1540 371 45 29 die
1611 372 142 35 gehörige
1774 372 279 37 Systematisierung
2080 375 48 27 der-

1162 416 106 35 artiger
1293 416 197 35 apriorischer
1516 416 212 30 Erkenntnisse
1755 418 130 28 bemüht.

1235 469 90 29 Diese
1361 470 91 29 Kritik
1487 471 70 28 aller
1583 471 129 29 Kritiken
1749 472 191 28 unternimmt
1966 481 59 20 nun
2052 473 91 28 Kant:

1162 515 46 29 die
1244 515 91 30 Kritik
1370 517 53 27 der
1457 516 101 29 reinen
1594 517 153 28 Vernunft.
1801 517 70 29 Hier
1907 518 35 28 ist
1977 519 53 27 das
2061 519 81 28 Ende

1161 561 71 28 alles
1259 561 264 35 philosophischen
1549 562 265 35 Vagabundierens
1845 562 45 28 ins
1916 563 92 28 Blaue
2045 563 97 29 hinein

1161 607 80 28 ohne
1277 607 87 28 einen
1391 607 130 28 anderen
1547 607 144 28 Aufwand
1723 607 42 28 als
1791 609 254 28 wunderschöner
2070 609 55 28 Ima-

1160 651 180 36 ginationen.
1392 651 171 36 Gleichviel,
1584 652 92 28 heisst
1702 660 33 20 es
1761 652 81 36 jetzt,
1868 654 39 27 ob
1934 654 38 27 da
1999 655 144 27 draussen

1161 697 66 28 eine
1262 696 209 37 selbständige,
1505 705 59 21 von
1601 705 139 21 unserem
1776 698 126 36 Subjekt
1936 699 206 35 unabhängige

1160 742 74 29 Welt
1255 743 117 28 dasteht
1392 743 73 28 oder
1486 742 93 29 nicht:
1607 759 33 3 —
1666 743 59 29 Wir
1751 743 97 28 haben
1876 752 38 20 an
1940 743 44 29 ihr
2009 744 133 36 zugleich

1160 795 91 21 unser
1285 788 179 34 Machwerk,
1499 788 133 35 zugleich
1671 796 90 22 unser
1794 789 146 34 Problem,
1975 790 70 35 Mag
2081 791 62 33 das,

1159 840 63 21 was
1243 840 55 21 uns
1325 834 52 27 der
1396 833 147 28 Verstand
1570 833 37 28 im
1634 841 110 21 voraus
1770 833 117 36 eingibt,
1908 835 51 28 mit
1986 836 76 34 dem,
2081 843 62 21 was

1161 886 57 20 uns
1245 879 52 28 der
1322 878 72 29 Sinn
1427 879 186 35 hinterdrein]
1639 879 120 29 kennen
1784 879 83 35 lehrt,
1895 879 28 29 in
1951 881 51 27 der
2027 880 116 29 Wurzel

1159 925 151 27 verwandt
1335 924 81 28 sein:
1443 932 55 20 uns
1524 924 166 29 Menschen
1718 924 36 29 ist
1780 924 82 30 diese
1888 926 256 28 Verwandtschaft

1160 968 46 29 ein
1243 968 186 30 Geheimnis.
1481 969 58 29 Wir
1575 971 122 28 müssen
1734 971 227 28 unterscheiden
1994 972 148 28 zwischen

1160 1015 51 27 der
1237 1014 163 35 Weltform,
1444 1015 112 29 welche
1600 1015 51 29 wir
1695 1016 94 28 selbst
1831 1016 112 35 liefern,
1988 1018 60 27 und
2075 1018 66 28 dem

1157 1060 184 35 Weltgehalt,
1377 1061 52 28 der
1464 1061 271 35 problematischen
1762 1061 170 37 Ursprungs
1965 1062 46 29 ist.
2061 1062 65 36 Apri-

1159 1105 132 29 orischer
1316 1106 147 28 Verstand
1490 1107 59 27 und
1575 1107 251 34 aposteriorische
1853 1107 192 29 Sinnlichkeit
2076 1107 67 29 sind

1159 1151 50 28 auf
1229 1151 339 36 einanderangewiesen.
1613 1153 77 28 Dem
1711 1152 104 29 Geiste
1836 1152 37 29 ist
1893 1161 33 20 es
1945 1154 98 27 fortan
2065 1152 79 29 nicht

1159 1197 84 28 mehr
1271 1199 147 33 gestattet,
1446 1197 45 28 die
1519 1197 193 30 Sinnlichkeit
1738 1198 54 29 wie
1819 1198 66 29 eine
1911 1198 102 37 lästige
2040 1199 102 29 Fessel

1157 1250 60 21 von
1252 1242 63 28 sich
1350 1243 216 33 abzustreifen;
1601 1244 132 28 sondern
1767 1244 84 28 seine
1886 1251 96 29 ganze
2018 1245 124 36 Energie

1159 1287 70 29 wird
1256 1296 37 20 au
1330 1288 46 28 die
1403 1288 102 29 Kultur
1533 1290 51 27 der
1610 1289 90 28 Sinne
1727 1291 177 27 verwendet.

1230 1343 94 28 Allein
1361 1351 31 20 er
1427 1343 124 28 braucht
1585 1343 44 29 sie
1665 1344 86 28 dabei
1786 1344 78 29 nicht
1890 1344 64 29 auf!
2005 1345 55 28 Wo
2086 1345 56 28 soll

1159 1395 31 21 er
1217 1388 51 28 mit
1295 1390 66 27 dem
1384 1389 87 29 Reste
1498 1388 74 29 hin?
1622 1389 149 29 Ebenfalls
1799 1390 79 28 nicht
1904 1390 45 28 ins
1975 1390 108 29 Blaue:
2111 1399 31 20 er

1157 1435 157 28 verwende
1361 1434 50 29 ihn
1455 1443 69 20 zum
1571 1435 134 34 Ordnen,
1749 1444 68 19 zum
1864 1435 172 37 Regulieren
2081 1437 61 28 und

1157 1479 260 36 Systematisieren
1427 1481 351 36 desschonErrungenen
1802 1481 67 29 Und
1878 1482 108 28 meldet
1994 1482 62 28 sich
2065 1482 76 28 auch

1157 1526 131 28 darnach
1316 1526 77 28 noch
1425 1526 47 28 ein
1499 1526 156 29 Bedürfnis
1682 1526 190 29 herzlichster
1896 1528 51 28 Art
1973 1527 28 28 in
2026 1527 115 28 seinem

1158 1571 115 35 Innern,
1309 1579 36 21 so
1381 1572 79 28 kann
1497 1571 48 29 ihn
1582 1572 63 29 dies
1681 1571 50 30 mit
1768 1573 94 28 nichts
1896 1573 159 28 Besserem
2091 1574 34 27 be-

1156 1617 154 28 schenken
1331 1617 44 28 als
1396 1616 50 30 mit
1467 1616 81 30 einer
1566 1618 145 35 sicheren,
1738 1618 133 29 wiewohl
1899 1618 241 30 unerweislichen

1158 1662 162 36 Hoffnung.
1371 1662 101 29 Damit
1493 1663 36 28 ist
1549 1663 55 29 alle
1630 1664 198 29 wunderliche
1849 1664 221 36 Verflogenheit
2096 1664 45 29 ins

1157 1708 243 29 Ueberweltliche
1434 1709 197 36 eingefangen
1665 1709 28 28 in
1727 1711 51 27 der
1804 1710 74 28 Welt
1905 1710 53 28 des
1985 1710 77 35 Hier,
2090 1711 52 27 der

1158 1753 187 36 Gegenwart.
1397 1754 54 29 Hic
1488 1754 136 30 Rhodus!
1660 1755 46 28 hic
1742 1755 90 29 salta!
1867 1756 59 27 ruft
1961 1756 77 29 Kant
2072 1757 69 27 dem

1157 1799 105 29 Geiste
1288 1808 45 19 zu.

1231 1854 106 29 Dieser
1384 1855 160 35 grandiose
1592 1855 214 36 Positivismus,
1845 1856 52 28 der
1934 1864 69 21 zum
2042 1858 99 27 ersten

1156 1901 89 34 Male,
1280 1909 86 20 wenn
1409 1901 76 29 auch
1527 1900 161 36 gleichsam
1725 1902 67 28 halb
1829 1903 61 27 und
1924 1902 67 28 halb
2028 1902 29 28 in
2090 1903 52 28 der

1156 1946 126 34 Tasche,
1302 1946 46 29 die
1366 1946 91 29 Faust
1477 1947 87 28 ballte
1578 1953 95 29 gegen
1688 1947 151 29 allerhand
1853 1948 120 28 absolut
1985 1948 156 35 gewähnte

1159 1991 164 31 Realitäten
1344 1993 60 27 und
1425 1992 94 36 Dinge
1540 2001 38 19 an
1604 1992 72 35 sich,
1697 1994 121 29 brachte
1845 1993 132 36 sogleich
2003 1994 52 28 tief
2081 1993 45 29 ein-

1156 2037 156 30 wühlende
1347 2037 180 37 Wirkungen
1566 2039 116 28 hervor.
1735 2040 61 28 Der
1822 2039 214 36 Skeptizismus
2072 2040 70 29 hielt

1156 2083 83 29 seine
1259 2084 101 28 rechte
1381 2084 113 28 Stunde
1521 2084 46 28 für
1591 2085 191 35 gekommen.
1834 2086 62 28 Der
1916 2085 224 36 Dogmatismus

1157 2130 121 27 bäumte
1308 2129 64 28 sich
1407 2137 55 20 aus
1489 2130 223 29 Leibeskräften
1739 2137 95 29 gegen
1862 2132 57 27 den
1945 2131 111 36 Zwang
2082 2131 58 35 auf,

1157 2175 53 27 der
1263 2174 59 28 ihm
1377 2178 128 32 angetan
1561 2177 120 27 werden
1723 2177 97 27 sollte.
1872 2177 172 28 Besonders
2089 2178 52 28 der

1157 2218 173 30 Idealismus
1365 2220 128 35 glaubte,
1526 2220 124 29 Gründe
1685 2229 68 20 zum
1779 2221 142 36 Triumph
1956 2230 37 20 zu
2032 2223 107 28 haben.

1156 2264 39 29 Es
1220 2265 132 35 geschah
1375 2265 115 29 endlich
1518 2265 66 29 eine
1610 2274 50 20 um
1686 2273 36 22 so
1749 2267 139 35 grössere
1908 2267 232 37 Ernüchterung,

1157 2311 65 27 eine
1243 2311 91 34 Ebbe,
1356 2311 45 29 die
1429 2319 68 21 man
1525 2312 78 28 noch
1629 2313 179 35 heutzutage
1835 2313 189 29 beobachten
2051 2314 89 35 kann,

1157 2356 134 35 obgleich
1327 2357 194 35 geschrieben
1560 2358 94 28 steht:
1695 2357 73 35 „Die
1807 2361 99 26 ernste
1945 2359 58 28 alte
2029 2359 112 36 Sphinx

1156 2401 52 29 mit
1234 2401 83 29 ihren
1345 2403 98 29 Rätsel
1475 2402 69 37 liegt
1577 2404 201 35 unbeweglich
1810 2406 37 27 da
1873 2406 60 27 und
1959 2405 93 28 stürzt
2077 2404 63 30 sich

1157 2448 112 35 darum,
1309 2449 69 28 dass
1418 2448 44 29 ihr
1498 2449 44 29 sie
1580 2450 47 28 für
1663 2449 47 29 ein
1738 2450 154 36 Gespenst
1918 2451 116 34 erklärt,
2062 2450 79 29 nicht

1155 2500 69 21 vom
1403 2493 273 38 (Schopenhauer).

1843 2560 165 28 Fortsetzung
2023 2561 63 27 folgt

1157 2786 136 72 Der
1343 2788 253 71 Kaiser
1643 2810 142 50 von
1837 2789 251 89 Utopia

1155 2934 96 56 Ein
1292 2934 372 56 Volksroman

1154 3061 83 34 Von
1268 3061 91 34 Paul
1386 3061 224 35 Scheerbart

1607 3163 74 28 XLII

1163 3243 76 34 Der
1262 3244 204 33 Astronom

1227 3333 50 29 Als
1314 3333 46 29 die
1398 3334 85 29 Lotte
1523 3343 60 20 nun
1611 3337 75 27 nach
1721 3337 137 36 Ulaleipu
1892 3339 76 34 fuhr,
2004 3347 60 21 war
2091 3342 50 27 der

1157 3379 75 29 Herr
1259 3380 163 28 Bartmann
1458 3380 51 28 auf
1542 3382 52 27 der
1628 3387 128 30 grossen
1791 3382 179 31 Sternwarte
1997 3384 39 29 im
2063 3386 78 29 alten

1156 3424 237 37 Schneegebirge
1421 3427 60 27 und
1507 3426 82 29 hatte
1616 3429 67 26 dort
1709 3428 45 29 die
1782 3429 188 30 Sturmküste
1998 3433 59 27 und
2085 3433 56 27 den

1154 3470 202 36 beweglichen
1396 3471 104 36 Sumpf
1539 3473 127 29 beinahe
1705 3474 97 29 schon
1850 3482 178 30 vergessen;
2067 3478 74 28 Herr

1156 3516 162 28 Bartmann
1345 3518 108 34 sprach
1479 3517 59 29 fast
1565 3519 58 28 den
1648 3526 117 28 ganzen
1791 3520 63 36 Tag
1881 3521 51 28 mit
1952 3523 68 28 dem
2039 3523 85 30 Astro-

1156 3569 111 21 nomen
1295 3562 188 34 Haberland;
1519 3563 82 30 diese
1630 3564 107 30 beiden
1772 3566 114 28 Herren
1918 3567 144 30 schienen
2089 3577 35 21 un-

1154 3607 195 29 zertrennlich
1375 3616 38 20 zu
1439 3608 74 29 sein.

1229 3662 74 28 Herr
1330 3662 170 30 Haberland
1527 3664 185 30 entwickelte
1747 3667 68 28 dem
1849 3667 95 29 Herrn
1979 3669 161 30 Bartmann

1154 3707 150 30 Theorien
1333 3709 73 28 über
1434 3708 45 29 die
1506 3709 94 29 Natur
1636 3712 52 27 der
1714 3713 223 29 menschlichen
1964 3714 160 30 Sinnesvor-

1156 3753 167 36 stellungen
1368 3755 60 27 und
1473 3755 74 28 über
1591 3756 46 28 die
1681 3757 235 31 verschiedenen
1954 3760 91 29 Arten
2088 3762 52 28 des

1156 3798 154 30 Denkens.

1229 3854 147 33 „Denken
1494 3858 84 33 sagte
1606 3856 75 29 Herr
1701 3857 170 31 Haberland
1898 3860 162 34 „natürlich
2088 3869 53 21 nur

1155 3897 48 30 ein
1229 3899 191 36 Verknüpfen
1447 3908 58 21 von
1532 3901 345 39 Sinnesvorstellungen;
1905 3907 51 27 der
1977 3906 162 37 Philosoph

1155 3944 157 36 verknüpft
1337 3945 127 29 zumeist
1500 3955 55 20 nur
1590 3948 146 35 Formeln,
1776 3949 46 29 die
1858 3950 46 29 die
1939 3951 117 30 Gestalt
2081 3961 59 21 von

1154 3989 122 28 Worten
1304 3992 178 34 annehmen,
1510 3993 51 28 der
1588 3993 135 29 bildende
1751 3995 139 29 Künstler
1916 3998 156 36 verknüpft
2094 3998 45 29 die

1155 4034 336 39 Augenvorstellungen,
1528 4038 71 28 aber
1641 4040 51 27 der
1730 4040 130 29 Gärtner
1897 4043 158 36 verknüpft
2093 4044 46 29 die

1156 4079 360 39 Geruchsvorstellungen
1589 4101 36 3 —
1700 4087 60 27 und
1830 4088 51 27 der
1944 4089 83 29 Koch
2079 4090 40 28 Ge-

1155 4125 390 39 schmacksvorstellungen.
1598 4130 55 28 Die
1686 4130 107 30 beiden
1828 4132 156 30 Letzteren
2023 4135 116 36 pflegen

1156 4169 61 30 ihre
1262 4171 303 38 Gedankentätigkeit
1601 4175 78 29 nicht
1714 4176 51 28 mit
1800 4178 107 29 vollem
1935 4179 204 30 Bewusstsein

1155 4217 185 35 auszuüben,
1367 4219 72 28 aber
1465 4219 61 29 ihre
1548 4221 305 37 Gedankentätigkeit
1872 4224 74 29 lässt
1965 4224 63 30 sich
2048 4229 77 26 trotz
2129 4245 10 4 -

2227 106 68 26 dem
2324 106 193 28 nachweisen.
2557 108 67 27 Nun
2650 108 74 28 lässt
2749 108 62 28 sich
2838 110 71 27 aber
2942 110 45 28 die
3022 111 153 33 Gedanken-

2225 150 134 34 tätigkeit
2385 152 52 27 des
2465 151 145 29 Gärtners
2637 154 58 27 und
2723 154 52 27 des
2803 154 109 35 Kochs,
2944 163 85 21 wenn
3064 158 74 28 auch
3172 161 21 30 in

2227 195 70 27 sehr
2322 195 149 35 geringem
2498 197 102 27 Masse
2627 198 76 27 doch
2731 198 47 28 bei
2803 198 99 36 jedem
2923 200 165 29 Menschen
3116 207 64 28 nach-

2226 239 119 29 weisen.
2398 241 62 28 Das
2493 242 126 27 Denken
2656 242 51 28 mit
2740 244 56 27 den
2835 246 130 27 anderen
3001 246 120 35 Sinnen,
3156 251 38 29 die

2229 284 78 28 nicht
2331 284 82 36 Auge
2441 287 60 27 und
2529 287 65 28 Ohr
2619 287 74 35 sind,
2722 296 117 21 nennen
2866 290 51 28 wir
2948 292 169 34 gemeinhin
3151 303 30 21 un-

2227 330 167 28 bewusstes
2430 331 127 28 Denken
2591 348 36 3 —
2664 349 36 3 —
2736 341 67 21 man
2830 335 85 29 sollte
2942 343 92 28 sagen
3050 347 5 17 :
3090 339 106 31 schwer

2227 374 263 30 kontrollierbares
2517 377 126 28 Denken
2692 377 107 30 Dieses
2825 380 86 34 spielt
2937 381 38 28 im
2997 387 199 30 sogenannten

2226 419 258 32 Traumzustande
2512 422 45 28 die
2585 422 181 35 Hauptrolle.
2824 425 78 28 Aber
2935 427 51 27 der
3018 433 180 29 sogenannte

2227 464 238 31 Traumzustand
2502 466 87 36 spielt
2626 468 108 29 wieder
2772 469 27 28 in
2839 478 138 21 unserem
3020 472 98 29 Leben
3158 475 40 29 die

2227 510 188 36 Hauptrolle;
2443 513 52 27 der
2519 513 163 28 wachende
2709 514 142 34 Zustand,
2885 515 27 28 in
2949 518 66 26 dem
3044 525 53 20 nur
3123 518 76 37 Auge

2228 557 60 27 und
2315 557 65 28 Ohr
2406 557 28 28 in
2462 557 303 37 Gedankentätigkeit
2790 560 155 30 befindlich
2984 562 75 35 sind,
3093 565 106 32 könnte

2227 601 43 29 als
2297 602 301 29 Ausnahmezustand
2626 604 164 29 betrachtet
2815 607 127 28 werden.
3001 607 47 29 Sie
3087 612 112 29 werden

2227 645 54 29 mir
2307 649 62 33 das,
2397 648 75 28 Herr
2498 649 171 34 Bartmann,
2695 651 113 27 schnell
2834 652 252 36 unterschreiben,
3119 663 80 23 wenn

2227 691 48 28 Sie
2302 692 181 37 eingesehen
2510 694 107 35 haben,
2644 696 70 28 dass
2740 696 63 34 das,
2829 705 62 20 was
2917 698 42 27 sie
2987 699 96 28 hinter
3107 699 93 36 jedem

2228 736 248 36 Augeneindruck
2496 739 114 29 suchen
2637 757 34 3 —
2698 740 154 36 eigentlich
2881 751 54 20 nur
2961 745 49 27 auf
3031 744 46 28 die
3114 745 73 31 Fixie-

2227 789 73 29 rung
2320 784 52 27 der
2398 785 212 29 unbewussten
2638 786 138 29 Geruchs
2791 804 10 3 -
2817 787 208 31 Geschmacks
3041 806 11 5 -
3067 790 118 31 Gefühls-

2227 828 230 37 empfindungen
2490 831 135 35 ausgeht.
2674 832 56 28 Die
2767 833 191 29 unbewusste
2994 835 207 39 Verknüpfung

2227 873 97 29 dieser
2344 874 236 37 Empfindungen
2599 878 117 28 sowohl
2738 878 228 30 untereinander
2985 880 54 28 wie
3060 881 75 28 auch
3157 884 44 28 mit

2227 919 68 27 dem
2320 919 250 36 Augeneindruck
2594 938 37 3 —
2657 924 99 28 macht
2783 924 102 28 diesen
2907 925 89 28 intim.
3037 926 55 29 Die
3119 934 66 29 soge-

2228 967 110 25 nannte
2375 965 257 37 Gehirntätigkeit,
2672 968 46 29 die
2756 978 60 20 von
2853 971 56 27 den
2937 972 132 27 arideren
3096 971 105 31 Sinnen

2227 1010 134 34 ausgeht,
2401 1012 99 28 macht
2527 1012 45 28 die
2592 1013 150 30 bewusste
2769 1014 147 37 Tätigkeit
2942 1017 53 28 des
3020 1016 100 36 Auges
3147 1023 56 25 erst

2227 1054 188 36 interessant,
2442 1058 185 35 bedeutsam,
2662 1059 88 35 reich,
2777 1061 233 35 geheimnisvoll,
3036 1064 166 35 grossartig,

2227 1098 126 31 intensiv
2379 1103 60 26 und
2477 1103 154 35 glänzend.
2684 1105 67 29 Und
2788 1106 91 29 somit
2911 1108 109 28 wissen
3053 1108 48 28 Sie
3127 1108 76 37 jetzt,

2228 1145 75 29 Herr
2330 1146 169 36 Bartmann,
2520 1157 60 20 was
2601 1149 49 29 Sie
2677 1150 154 35 eigentlich
2858 1153 107 28 wollen
2992 1155 60 26 und
3079 1153 124 31 suchen:

2228 1191 46 28 die
2301 1191 187 36 Mittätigkeit
2514 1194 52 27 der
2591 1195 132 28 anderen
2750 1196 91 29 Sinne
2867 1199 108 27 wollen
3003 1199 49 27 Sie
3079 1199 44 27 ins
3152 1199 34 29 Be-

2225 1237 160 29 wusstsein

2674 1350 84 27 XLIII

2227 1419 76 35 Der
2331 1420 273 35 Nachthimmel

2300 1501 77 28 Dem
2406 1502 94 28 Herrn
2528 1503 162 28 Bartmann
2716 1504 65 29 fiels
2808 1506 138 35 plötzlich
2966 1516 54 20 wie
3048 1507 157 38 Schuppen

2225 1554 60 20 von
2313 1547 56 28 den
2396 1547 121 36 Augen;
2539 1549 52 27 der
2610 1549 164 29 Astronom
2795 1551 169 30 Haberland
2984 1554 70 28 kam
3076 1554 59 28 ihm
3155 1555 50 29 wie

2227 1590 48 29 ein
2302 1592 119 29 Erlöser
2446 1601 54 21 vor
2525 1610 36 3 —
2588 1596 60 27 und
2674 1603 33 20 es
2728 1597 112 28 währte
2866 1598 94 36 lange,
3001 1599 44 29 bis
3072 1600 63 29 sich
3163 1601 42 29 die

2227 1636 94 29 Natur
2347 1639 52 27 des
2427 1639 94 28 Herrn
2551 1639 161 30 Bartmaun
2739 1642 108 28 wieder
2883 1644 202 30 konzentriert
3111 1647 94 34 hatte;

2227 1690 32 20 er
2285 1683 69 28 kam
2380 1683 64 29 sich
2471 1693 36 21 so
2534 1686 150 35 aufgelöst
2709 1695 54 21 vor
2788 1704 36 3 —
2860 1697 32 20 er
2916 1691 127 35 verglich
3069 1691 63 29 sich
3160 1693 46 28 mit

2227 1728 97 28 einem
2352 1729 129 36 Knoten,
2510 1732 52 27 der
2580 1740 60 21 von
2662 1734 51 27 der
2735 1733 86 29 Hand
2842 1734 83 30 eines
2946 1736 168 30 Zauberers
3134 1744 71 29 ganz

2226 1773 89 30 leicht
2341 1775 300 38 auseinandergelöst
2675 1780 100 27 wurde
2809 1782 60 26 und
2902 1789 59 20 nun
2988 1783 43 27 als
3059 1783 146 30 einfaches

2226 1820 160 36 schlappes
2426 1821 64 28 Tau
2530 1822 134 36 daliegen
2705 1832 83 21 muss
2828 1827 59 27 und
2922 1827 46 28 für
3003 1829 111 27 andere
3141 1829 64 29 kein

2226 1865 137 29 weiteres
2390 1866 147 30 Interesse
2565 1869 98 28 bietet.

2301 1930 67 29 Und
2395 1932 52 27 der
2472 1936 89 25 sonst
2594 1941 37 21 so
2667 1934 96 29 stolze
2800 1935 104 29 Kaiser
2931 1936 158 30 Philander
3114 1939 91 30 verlor

2226 1975 28 29 in
2290 1975 45 29 ein
2370 1984 73 27 paar
2478 1978 133 29 Stunden
2656 1980 64 28 sein
2756 1987 112 29 ganzes
2902 1982 302 40 Selbstbewusstsein,

2226 2022 71 28 dass
2325 2030 31 20 er
2382 2024 68 27 dem
2488 2023 94 29 Herrn
2620 2025 171 30 Haberland
2828 2027 50 28 mit
2904 2028 82 29 einer
3013 2029 110 29 Demut
3150 2034 55 26 und

2228 2067 156 29 Ehrfurcht
2423 2069 174 36 begegnete,
2638 2070 45 30 die
2720 2074 92 26 etwas
2846 2073 169 30 Kindliches
3043 2076 80 29 hatte
3150 2079 54 27 und

2225 2114 71 28 sehr
2320 2114 59 28 fein
2407 2115 149 28 berührte.

2300 2170 66 27 Und
2393 2178 36 20 so
2457 2170 107 36 gingen
2592 2171 46 29 die
2659 2172 106 28 beiden
2788 2173 114 29 Herren
2924 2175 83 29 eines
3027 2175 123 30 Abends
3171 2178 32 28 im

2226 2213 117 30 Schnee
2370 2215 50 28 auf
2447 2216 67 28 dem
2540 2222 127 29 grossen
2697 2217 115 29 Balkon
2840 2219 112 29 lebhaft
2978 2220 226 35 gestikulierend

2226 2260 50 28 auf
2302 2262 60 26 und
2394 2262 54 31 ab;
2485 2261 43 29 sie
2565 2262 102 28 hatten
2704 2262 86 29 dicke
2827 2264 88 29 Pelze
2949 2267 61 26 und
3047 2267 140 29 Pelzhand-

2224 2305 115 29 schuhe
2376 2314 36 21 an
2450 2308 61 27 und
2546 2307 137 29 achteten
2721 2308 80 29 nicht
2836 2309 50 29 auf
2912 2310 46 29 die
2991 2312 212 35 rotglühenden

2226 2351 242 37 Schneekuppen
2506 2353 52 27 der
2592 2359 126 29 grossen
2760 2354 94 36 Berge
2888 2356 131 36 ringsum
3048 2359 60 27 und
3134 2359 70 28 auch

2226 2396 80 29 nicht
2332 2397 50 28 auf
2417 2397 46 29 die
2496 2397 105 29 Sterne
2629 2400 54 27 des
2716 2399 153 36 Himmels,
2906 2401 46 29 die
2989 2403 216 30 nacheinander

2226 2441 130 30 sichtbar
2382 2444 121 28 wurden
2530 2445 61 27 und
2617 2444 129 37 mächtig
2770 2445 164 31 funkelten.

2301 2497 57 34 „Es
2386 2498 120 28 handelt
2649 2500 109 29 meinte
2786 2501 75 29 Herr
2881 2501 180 37 Haberland,
3084 2504 106 34 „sicher-

2225 2542 57 29 lich
2309 2542 105 29 immer
2452 2544 110 29 wieder
2597 2546 114 34 darum,
2747 2547 47 28 die
2830 2549 213 28 unbewussten
3081 2550 106 37 Empfin-

2229 2590 118 34 dungen
2375 2591 60 27 und
2468 2590 469 39 Vorstellungsverknüpfungen,
2972 2594 47 29 die
3051 2596 51 28 wir
3134 2596 70 28 auch

2226 2635 43 28 als
2297 2634 370 38 Gedankenoperationen
2704 2638 183 29 bezeichnen
2930 2641 130 34 müssen,
3088 2641 45 29 ins
3160 2643 30 28 be-

2226 2683 111 26 wusste
2362 2681 118 35 Augen-
2520 2683 59 27 und
2620 2682 195 30 Ohrenleben
2855 2685 267 35 hineinzuziehen;
3160 2688 45 28 wir

2227 2726 121 28 müssen
2377 2735 56 19 uns
2460 2728 75 27 eben
2564 2728 159 35 bemühen,
2750 2729 105 29 immer
2881 2731 84 28 mehr
2990 2740 37 19 zu
3054 2733 149 29 erwachen

2226 2787 34 4 —
2287 2780 48 20 um
2364 2773 53 27 das
2445 2773 71 28 aber
2542 2782 37 19 zu
2608 2775 131 34 können,
2777 2776 122 29 müssen
2935 2777 53 29 wir
3020 2778 105 29 immer
3149 2779 42 29 leb-

2226 2817 96 29 hafter
2348 2818 46 28 die
2421 2817 258 31 Traumzustände
2706 2822 61 27 und
2793 2822 47 28 die
2860 2822 146 36 Tätigkeit
3032 2825 52 27 der
3110 2824 93 35 Sinne,

2227 2863 46 29 die
2300 2863 80 29 nicht
2417 2864 83 36 Auge
2536 2866 60 27 und
2634 2865 65 29 Ohr
2734 2867 74 34 sind,
2835 2876 54 20 aus
2917 2869 67 28 dem
3012 2869 120 30 Dunkel
3159 2871 45 28 der

2227 2909 96 28 Nacht
2350 2909 27 28 in
2407 2909 45 29 die
2480 2910 75 29 helle
2584 2911 205 37 Beleuchtung

2299 2964 78 34 Jetzt
2402 2964 133 29 funkelte
2563 2966 53 28 der
2641 2966 219 30 Nachthimmel
2886 2975 75 29 ganz
2990 2970 65 34 hell,
3083 2972 59 26 und
3163 2970 39 29 die

2227 3012 85 26 roten
2340 3009 111 29 Gluten
2480 3010 26 28 in
2535 3012 56 27 den
2620 3012 186 37 Berggipfeln
2834 3015 121 28 wurden
2990 3016 126 28 dunkler
3149 3016 53 28 und

2227 3055 134 35 dunkler,
2389 3057 59 26 und
2476 3057 52 27 der
2555 3057 76 28 Herr
2658 3058 160 29 Bartmann
2846 3060 153 29 erwiderte
3026 3064 109 33 erregt:

2301 3119 80 34 „Das
2403 3119 36 29 ist
2460 3120 46 29 die
2528 3121 204 37 Beleuchtung
2759 3124 118 34 dessen,
2898 3133 61 20 was
2979 3125 45 28 ich
3049 3126 152 31 erstrebte;

2227 3164 44 28 ich
2299 3165 78 28 habe
2404 3165 105 29 immer
2535 3166 27 28 in
2591 3168 176 28 unsicheren
2796 3169 154 29 Konturen
2981 3170 123 36 gefühlt,
3140 3173 61 27 dass

2226 3210 52 28 wir
2304 3210 96 29 hinter
2435 3211 46 29 die
2518 3212 257 30 Sinneseindrüke
2810 3215 142 28 kommen
2988 3217 149 33 müssten;
3164 3217 37 28 ich

2227 3255 98 29 meine
2353 3257 143 28 natürlich
2532 3266 68 20 nur:
2634 3259 96 29 hinter
2763 3260 47 28 die
2843 3260 287 36 Augeneindrücke;
3164 3262 37 29 die

2228 3300 270 31 Ohreneindrücke
2525 3304 158 28 beachtete
2704 3305 45 28 ich
2771 3306 79 27 noch
2871 3307 142 35 garnicht.
3040 3307 49 29 Sie
3112 3309 88 28 haben

2227 3347 63 33 mir,
2327 3347 75 28 Herr
2429 3348 179 35 Haberland,
2646 3351 53 28 das
2740 3351 241 36 Allerwichtigste
3019 3353 27 28 in
3082 3354 118 28 meinem

2227 3393 100 28 Leben
2354 3398 119 31 gesagt;
2510 3394 46 28 ich
2592 3395 120 35 glaubte
2747 3397 183 35 tatsächlich,
2968 3400 70 27 dass
3064 3400 136 28 zunächst

2227 3438 46 28 die
2299 3438 148 36 Tätigkeit
2483 3441 52 27 der
2568 3442 130 27 anderen
2734 3441 92 29 Sinne
2860 3444 67 27 dem
2960 3443 238 37 Augeneindruck

2227 3483 87 29 einen
2342 3485 200 36 Hintergrund
2561 3486 69 35 gibt.
2670 3487 116 34 Jawohl
2797 3487 6 28 1
2829 3488 136 34 Jawohl!
2992 3490 70 29 Was
3087 3490 47 29 für
3153 3497 45 22 uns

2227 3529 98 29 hinter
2360 3531 66 27 dem
2460 3531 155 29 einfachen
2659 3532 248 36 Augeneindruck
2951 3535 96 29 lauert
3083 3552 35 4 —
3156 3537 42 26 das

2226 3575 66 28 sind
2319 3575 105 28 immer
2450 3576 46 28 die
2535 3578 131 27 anderen
2704 3577 341 39 Sinnesvorstellungen,
3081 3582 46 28 die
3162 3579 35 30 bei

2227 3621 68 27 dem
2321 3621 251 35 Augeneindruck
2600 3622 125 37 mittätig
2751 3624 75 35 sind,
2865 3626 81 28 ohne
2974 3627 71 28 dass
3070 3627 52 28 wir
3146 3627 51 28 ihre

2226 3666 189 36 Mittätigkeit
2440 3673 98 29 genau
2566 3668 214 30 kontrollieren
2810 3671 132 29 können.
2982 3672 79 29 Aber
3082 3681 58 20 nun
3162 3671 34 28 die

2226 3712 132 27 anderen
2395 3711 109 30 Sinne!
2568 3713 138 29 Glauben
2742 3715 44 29 sie
2826 3716 88 35 nicht,
2951 3719 70 27 dass
3054 3718 50 29 wir
3131 3716 64 30 noch

2226 3758 110 27 andere
2372 3757 92 29 Sinne
2501 3758 97 29 haben
2637 3760 131 34 können,
2805 3770 59 20 von
2899 3764 91 27 deren
3019 3763 111 29 Dasein
3157 3760 38 31 wir

2224 3802 144 36 vorläufig
2401 3804 78 27 noch
2516 3804 87 29 keine
2630 3812 152 29 genauere
2808 3807 190 38 Vorstellung

2299 3857 61 28 Der
2395 3857 219 30 Nachthimmel
2651 3860 165 35 leuchtete;
2850 3864 61 27 und
2938 3864 75 28 Herr
3039 3861 154 32 Haberland

2225 3902 152 28 erwiderte
2405 3904 72 27 sehr
2503 3905 131 28 schnell:

2298 3956 66 35 „Sie
2392 3958 98 35 gehen
2519 3967 37 20 zu
2582 3960 113 29 schnell
2721 3961 67 29 vor!
2829 3963 49 28 Sie
2905 3964 104 28 dürfen
3039 3965 81 28 nicht
3144 3969 36 24 ver-

2224 4008 118 29 gessen,
2370 4004 71 27 dass
2469 4012 32 20 es
2528 4005 47 28 die
2603 4005 66 29 Idee
2697 4015 126 21 unseres
2850 4008 162 37 Schöpfers
3033 4010 64 29 sein
3118 4011 73 27 kann,

2224 4055 57 21 uns
2307 4048 166 30 allmählich
2502 4050 104 29 immer
2631 4052 119 28 wacher
2775 4062 37 20 zu
2840 4055 127 28 machen
2993 4071 36 4 —
3055 4057 72 27 aber
3151 4059 40 24 nur

2224 4092 165 30 allmählich
2415 4111 37 3 —
2477 4096 166 29 allmählich
2669 4113 37 4 —
2732 4099 91 28 damit
2842 4100 52 29 wir
2918 4101 76 28 auch
3014 4101 66 28 Zeit
3100 4101 89 29 haben,

2224 4139 57 28 den
2308 4146 115 29 ganzen
2452 4141 326 37 Vorstellungsrausch,
2806 4146 56 27 den
2892 4154 55 20 uns
2968 4147 54 27 das
3043 4146 145 29 Weltleben

2224 4184 99 29 bieten
2351 4186 89 35 kann,
2478 4186 27 28 in
2543 4195 55 21 uns
2634 4188 223 31 aufzunehmen
2892 4207 35 3 —
2954 4200 32 20 es
3013 4192 107 36 gehört
3143 4193 45 26 was

2224 4230 76 28 dazu
2329 4230 74 29 Herr
2429 4231 171 30 Bartmann.
2666 4233 38 29 Es
2730 4236 78 27 wäre
2836 4236 78 28 doch
2941 4237 144 33 schlimm,
3118 4239 68 26 wenn
