2717 4325
1323 4046 59 43 63

310 485 135 46 Welt
476 488 92 54 hin,
604 490 92 41 und
731 490 79 42 der
832 486 103 47 Tod
967 489 93 43 und
1082 484 166 58 Teufel
1278 498 53 41 zu
1363 486 274 56 gewohnten
1661 483 264 59 Gefährten
1956 487 101 55 hat.
2099 484 100 46 Der
2221 486 162 56 Kriegs-

312 572 155 43 mann,
509 563 80 42 der
629 556 303 59 keineSache
975 558 89 57 auf
1093 559 226 56 Behagen
1361 560 171 56 gestellt
1577 561 97 54 hat,
1719 563 92 42 und
1854 561 142 55 einzig
2039 561 46 44 in
2124 558 287 55 unendlicher

313 633 166 55 ewiger
512 631 187 58 Gefahr
743 634 232 54 unendlich
1019 632 107 57 stille
1169 631 210 57 feststeht
1439 633 112 53 Zzier
1593 634 50 54 ist
1686 634 68 43 die
1791 632 240 56 Substanz
2077 635 79 42 des
2198 632 212 55 Krieges.

309 705 121 56 Hitze
461 718 89 34 vor
589 709 81 42 der
711 719 77 33 am
828 708 166 55 ehesten
1034 705 244 54 zerbrennt
1311 718 106 32 was
1450 718 78 32 am
1560 702 369 58 entzündlichsten
1960 730 57 6 -———
2043 706 74 44 die
2147 703 135 46 Welt
2314 716 93 33 von

312 779 177 55 Stroh.
535 779 129 45 Weil
697 793 47 31 es
776 778 48 58 so
857 779 92 45 viel
981 779 161 54 Stroh
1173 778 117 56 gibt,
1325 779 140 55 einzig
1499 782 170 41 darum
1701 780 95 44 dies
1829 779 218 55 Sengen;
2090 779 69 44 die
2190 777 220 57 granitne

309 851 136 46 Welt
476 852 236 47 verlodert
747 855 127 52 nicht,
917 853 67 44 die
1017 848 188 60 erglüht
1239 865 103 32 nur.
1401 853 78 46 So
1512 853 85 44 wie
1629 854 47 43 in
1708 855 83 42 den
1826 850 234 58 lichtlosen
2091 850 319 56 verborgenen

311 925 428 55 Katodenstrahlen
761 926 197 56 gemeine
979 923 130 56 fal)le
1124 923 382 59 Schlackenstücke
1529 926 46 44 in
1597 924 253 56 zauberisch
1871 926 194 56 eigenem
2082 922 329 57 unerborgtem

311 995 125 57 Licht
479 997 364 58 aufschimmern
900 999 274 54 ,,Quidquid
1212 1001 111 40 latet
1365 998 296 55 apparebitfL
1717 999 152 54 »Was
1912 997 258 56 verborgen
2210 1021 54 5 ——-
2299 994 110 57 muß

312 1069 284 56 erscheinen«
649 1073 112 55 Hier
792 1073 169 43 wieder
992 1072 50 55 ist
1073 1073 68 43 die
1173 1069 239 59 Substanz
1445 1074 79 42 des
1556 1073 211 58 Krieges.
2276 1069 2 62 »

427 1143 106 46 Vor
554 1143 164 56 diesem
740 1140 411 61 tausendjåhrigen
1172 1145 289 56 Kriegsreich
1485 1132 212 68 erscheint
1721 1147 80 42 der
1822 1143 217 46 Staaten
2061 1139 189 59 Kampf
2268 1139 142 58 dieser

309 1217 200 56 Wochen
547 1215 92 58 fast
683 1219 176 55 gering.
906 1220 105 42 Und
1055 1220 101 51 doch
1190 1219 120 43 wird
1344 1220 105 53 auch
1491 1217 110 54 diese
1632 1216 115 53 Flut
1789 1219 115 52 nicht
1944 1217 119 52 allzu
2104 1215 113 45 bald
2251 1213 159 46 ebben.

311 1288 136 47 Denn
478 1292 96 43 dies
614 1291 115 44 alles
761 1292 52 54 ist
856 1292 116 54 nicht
1004 1290 293 57 Spannung,
1341 1292 67 43 die
1448 1289 211 57 zwischen
1702 1288 133 58 fester
1866 1286 543 58 MåchtvKonstellation

312 1361 78 55 sich
424 1364 219 58 entladet,
676 1367 94 41 und
803 1366 126 42 dann
951 1363 175 45 vorbei.
1172 1365 71 43 Es
1275 1365 52 55 ist
1358 1368 169 52 gerade
1547 1359 191 60 Lösung
1761 1363 115 44 aller
1898 1361 137 57 festen
2058 1361 351 56 Konstellation.

311 1434 79 46 So
422 1436 52 55 ist
505 1448 47 32 es
586 1437 114 54 nicht
733 1440 80 40 der
834 1435 239 55 Ausbruch
1107 1440 79 41 der
1207 1435 294 58 Feindschaft
1530 1435 212 58 zwischen
1774 1434 313 57 Deutschland
2120 1437 94 43 und
2237 1431 144 54 Frank-

312 1509 122 54 reich,
469 1521 45 31 es
548 1509 50 55 ist
630 1512 88 41 das
751 1507 122 57 letzte
905 1510 131 44 Ende
1067 1509 188 46 uralter
1277 1509 162 57 Fehde.
1485 1511 71 43 Es
1588 1511 50 56 ist
1672 1508 48 58 so
1755 1510 115 53 nicht
1903 1504 311 59 europåischer
2247 1507 160 54 Krieg,

311 1594 48 31 es
391 1582 51 54 ist
464 1581 147 56 Krieg
641 1594 77 32 um
740 1581 148 56 Asien,
921 1583 148 57 Krieg
1102 1586 105 51 auch
1241 1596 77 32 um
1349 1585 122 55 jenes
1501 1582 203 55 zentrale
1725 1581 148 56 Asien,
1906 1586 89 40 das
2027 1582 109 54 stets
2166 1583 80 41 der
2268 1579 141 44 Quell

311 1657 79 41 der
420 1649 503 62 Völker-Erneuerung
954 1667 120 34 war.
1133 1658 138 54 Osten
1314 1660 93 42 und
1438 1657 184 56 Westen
1664 1659 184 42 werden
1891 1656 67 44 die
1989 1650 158 61 Plåtze
2184 1650 225 58 tauschen.

309 1726 101 45 Der
440 1727 412 55 kontemplierende
883 1727 125 57 ferne
1032 1730 137 56 Osten
1201 1730 121 44 wird
1355 1731 45 43 in
1421 1728 99 46 Tat
1542 1727 309 59 fortgerissen,
1884 1731 93 41 und
2002 1722 407 59 abendlåndisches

309 1799 107 46 Tun
459 1800 46 45 in
549 1812 134 33 neues
714 1800 232 56 Schauen.
994 1804 107 43 Und
1133 1801 341 46 Revolutionen
1516 1805 183 42 werden
1731 1800 151 57 rasen,
1925 1803 94 42 und
2062 1814 47 30 es
2141 1800 121 43 wird
2294 1798 85 45 Ent-

310 1870 234 58 scheidung
575 1871 144 57 fallen
752 1873 114 46 über
898 1877 83 43 den
1012 1874 177 57 großen
1220 1871 237 60 Prüfstein
1489 1878 79 42 der
1600 1873 419 57 Menschenkultur,
2064 1876 90 42 das
2185 1869 222 58 Kapital.

309 1944 109 45 Das
449 1946 130 45 Ende
608 1946 124 56 jenes
763 1945 249 58 Menschen
1046 1949 84 55 hat
1163 1947 248 59 begonnen,
1457 1951 79 42 der
1579 1950 185 53 rechnet,
1808 1948 107 44 weil
1947 1960 48 31 er
2024 1948 47 44 in
2104 1945 140 56 seiner
2275 1944 99 64 Arm-

309 2015 204 59 seligkeit
545 2021 183 53 rechnen
761 2019 148 56 muß.
960 2020 99 45 Der
1091 2021 69 44 die
1191 2007 191 60 tönende
1417 2019 161 59 heilige
1608 2019 115 57 Zahl
1755 2024 80 42 des
1855 2020 312 56 Pythagoras
2198 2019 45 44 in
2268 2015 112 58 Pfen-

309 2091 102 56 nige
444 2088 303 60 ausgemünzt
780 2093 98 55 hat.
928 2091 101 46 Der
1059 2094 353 55 Quantitative,
1457 2097 80 42 der
1572 2096 89 53 »im
1692 2094 158 45 Raum
1882 2094 278 56 gekreuzigte
2192 2089 211 55 Mensch«

310 2162 232 57 (gnostisch
575 2162 304 59 gesprochen).
925 2164 175 48 Davon
1133 2170 79 42 der
1243 2165 215 58 englische
1489 2165 189 58 Mensch
1711 2168 69 44 die
1810 2168 159 55 reinste
1989 2160 329 61 Ausprågung
2341 2163 65 56 ist.

309 2238 106 43 Und
450 2235 48 57 so
530 2237 51 55 ist
613 2250 47 31 es
681 2238 147 56 Krieg
859 2249 140 46 gegen
1033 2243 88 41 das
1144 2238 228 58 englische,
1407 2243 88 41 das
1518 2236 313 60 neu-römische
1851 2238 281 58 Impirium,
2177 2240 89 43 das
2289 2234 118 58 ewig

307 2321 54 41 zu
392 2308 339 57 zerschmettern
764 2312 117 55 ewig
911 2310 305 58 gerntanische
1248 2313 235 56 Sendung
1514 2314 66 55 ist.

424 2381 154 57 Durch
617 2381 136 57 solche
783 2384 219 45 Wirrnis
1041 2382 84 58 für
1154 2384 364 58 Jahrhunderte
1551 2386 162 56 dringt
1746 2383 114 47 aber
1896 2396 55 42 zu
1989 2396 91 33 uns
2113 2384 68 44 ein
2214 2381 189 57 Gesicht.

307 2453 277 58 Unsichtbar
622 2452 82 59 für
744 2457 68 44 die
845 2456 355 58 ,,Intelligenz«,
1243 2455 83 58 für
1365 2460 69 43 die
1474 2458 264 56 Gelehrten,
1781 2459 69 44 die
1887 2456 270 56 Sublimen,
2201 2458 93 43 und
2336 2456 69 45 die

310 2527 367 57 Ueberraschten
711 2530 151 56 wenig
900 2529 168 57 gefaßt
1108 2536 92 40 und
1234 2530 359 56 unvorbereitet,
1626 2534 62 42 da
1720 2529 59 55 sie
1808 2532 50 54 ja
1890 2530 107 55 stets
2029 2530 115 53 ohne
2174 2527 103 47 Tod
2310 2530 95 43 und

306 2598 167 58 Teufel
512 2593 128 64 ihren
671 2603 125 56 Weg
834 2605 216 54 machten,
1085 2607 93 42 und
1218 2607 108 51 nach
1360 2602 273 57 wortlosem
1664 2605 157 54 erstem
1854 2602 190 56 Schreck
2076 2602 120 53 allzu
2229 2598 173 59 schnell,

308 2677 93 41 und
433 2675 169 44 wieder
634 2677 113 54 ohne
778 2675 101 47 Tod
912 2680 93 41 und
1037 2675 178 57 Teufel,
1250 2677 344 57 altgewohntes
1628 2677 177 45 Gerede
1838 2677 196 54 machen.
2080 2673 127 45 Aber
2240 2675 47 43 in
2320 2677 84 41 den

307 2744 365 60 Lazarettzügen
714 2750 85 45 mit
838 2753 85 41 den
953 2733 386 74 Zzeimgekehrtem
1382 2753 62 41 da
1483 2747 310 58 überschattet
1833 2747 229 57 gewaltig
2101 2748 95 43 dies
2229 2744 176 56 Gesicht

310 2821 68 43 die
419 2816 226 59 Gesichter
683 2825 94 42 und
818 2821 183 47 überall
1040 2824 163 55 dringt
1243 2826 79 42 der
1360 2823 162 55 gleiche
1560 2821 240 46 Ausdruck
1838 2833 90 32 aus
1971 2823 84 41 den
2099 2818 305 56 riesenweiten

307 2892 176 58 Augen,
518 2894 67 44 die
616 2893 250 58 gesehen
899 2894 151 57 haben
1091 2899 93 41 und
1225 2898 105 53 noch
1363 2894 139 57 sehen,
1536 2894 76 45 bis
1643 2893 56 56 sie
1732 2896 45 43 in
1811 2897 84 42 den
1928 2892 222 46 albernen
2182 2890 223 58 Straßen

310 2969 80 42 der
421 2965 160 46 Stadt
621 2967 168 44 wieder
829 2967 117 45 klein
985 2971 93 43 und
1120 2979 85 45 eng
1244 2972 197 42 werden.
1501 2967 110 46 Das
1651 2969 51 56 ist
1741 2971 90 41 das
1871 2964 174 57 Gesicht
2086 2969 79 41 des
2207 2965 198 56 Krieges

309 3038 142 56 selbst,
486 3040 69 43 die
596 3039 150 45 nackte
777 3040 242 56 Substanz
1056 3044 79 41 des
1168 3042 209 56 Krieges,
1412 3043 68 43 die
1520 3042 127 56 mehr
1679 3041 284 54 hervortritt
2005 3039 77 45 als
2123 3040 47 43 in
2202 3038 202 56 Kriegen

307 3122 94 35 von
442 3108 180 59 früher,
664 3112 158 54 welche
863 3124 119 45 ganz
1024 3102 419 65 Zweck-umdunkelt
1483 3126 175 44 waren,
1699 3111 226 58 während
1969 3116 79 42 der
2090 3111 143 49 Zweck
2273 3112 132 54 heute

307 3184 191 56 beinahe
530 3185 155 54 hinter
716 3188 99 42 dem
839 3187 148 55 Krieg
1021 3184 285 59 zurücksteht
1358 3187 78 46 So
1469 3189 86 44 wie
1588 3187 114 46 aber
1732 3188 68 44 die
1832 3184 229 48 Urvölker
2090 3186 189 44 Wetter
2311 3186 92 42 und

306 3256 137 47 Wild
476 3256 329 57 beherrschten,
838 3259 150 44 indem
1020 3258 55 55 sie
1107 3263 96 42 dass
1217 3259 117 46 Bild
1367 3264 167 43 davon
1556 3261 46 45 in
1635 3261 97 56 ihre
1752 3261 227 56 geheimen
2001 3254 182 60 Zgöhlen
2212 3255 190 63 walten,

309 3328 49 58 so
400 3331 121 45 wird
562 3331 69 44 die
663 3332 166 54 Macht
869 3334 80 42 des
980 3332 199 57 Krieges
1217 3332 245 57 gebrochen
1504 3331 106 58 sein,
1643 3345 134 33 wenn
1816 3334 92 44 wir
1939 3332 89 55 sein
2061 3329 175 56 Gesicht
2271 3329 106 57 abge-

308 3401 146 48 bildet
486 3402 165 57 haben.
712 3404 75 46 An
820 3403 162 58 diesem
1014 3406 132 55 Tage
1178 3409 185 42 werden
1395 3407 111 44 wir
1535 3418 54 41 zu
1622 3406 249 46 Gebietern
1904 3402 115 49 über
2049 3408 84 42 den
2165 3404 161 55 Krieg.

2078 3520 124 37 Erich
2227 3520 173 37 Gutfind
