2283 3716
918 181 229 37 JOHANNES
1182 176 178 32 BRAHMS

136 183 80 52 516

133 284 81 55 J'ai
237 280 196 43 entendu
456 279 93 40 dire
583 277 52 40 de
670 275 226 53 plusieurs
919 273 121 39 côtés
1080 281 85 40 que
1197 266 211 49 Brahms,
1443 264 102 53 plus
1570 263 146 52 jeune,
1743 268 106 32 était
1882 273 59 25 un
1974 258 183 40 homme

131 352 124 50 rude,
281 350 171 40 hérissé
472 355 41 32 et
534 345 293 41 récalcitrant.
852 339 62 42 Le
938 344 168 44 succès,
1133 338 76 51 qui
1230 335 168 50 n'était,
1426 337 21 36 à
1465 332 94 40 vrai
1578 331 112 45 dire,
1712 342 120 27 venu
1853 327 212 52 qu'après
2089 339 70 27 ses

131 423 132 39 luttes
287 419 257 44 acharnées,
569 415 118 39 avait
709 426 53 26 eu
787 425 76 26 sur
884 423 47 26 sa
949 419 241 41 personne,
1216 418 77 27 sur
1316 416 47 28 sa
1388 403 201 40 manière
1606 399 54 40 de
1682 399 124 40 vivre
1834 405 60 41 et,
1917 411 81 38 par
2019 404 137 41 suite,

127 503 78 26 sur
224 501 70 27 ses
317 486 214 41 relations
552 496 103 27 avec
678 482 39 39 le
736 479 165 41 monde
924 480 235 45 extérieur,
1185 474 11 39 1
1216 473 221 40 influence
1463 471 39 39 la
1524 470 101 52 plus
1676 467 229 41 salutane.
1946 464 55 41 Et
2022 478 115 39 pour

131 565 109 39 tant,
260 560 21 36 à
306 564 110 32 cette
435 559 176 46 époque
627 551 54 39 de
703 562 82 28 son
807 548 237 47 existence,
1067 549 88 35 très
1173 541 215 42 brillante
1401 540 393 46 extérieurement,
1819 534 39 40 la
1886 534 196 40 solitude
2117 542 41 31 et

129 626 38 40 le
188 626 100 40 vide
310 625 54 39 de
387 637 46 26 sa
449 623 70 39 vie
538 620 53 40 de
608 632 168 38 garçon
801 614 269 43 semblaient
1096 612 61 40 lui
1181 616 91 36 être
1295 609 295 42 doublement
1633 603 240 43 sensibles.
1898 615 21 27 ((
1947 600 208 42 Heureux

130 694 236 41 homme!((
387 689 167 42 avait-il
580 696 207 33 coutume
809 685 55 40 de
884 684 110 45 dire,
1016 682 183 51 lorsque
1224 693 115 27 nous
1360 691 116 28 nous
1500 675 315 42 rencontrions
1838 672 114 40 dans
1992 671 40 39 la
2060 683 93 36 rue,

131 764 38 40 le
199 764 104 46 soir,
325 769 41 31 et
408 757 260 55 qu'attendu
692 755 104 40 chez
831 755 107 44 moi,
964 752 38 52 je
1025 751 153 40 devais
1214 748 192 53 prendre
1430 749 143 47 congé
1615 743 55 40 de
1710 743 61 40 lui
1807 755 8 26 :
1843 753 21 27 «
1891 739 126 41 Vous
2044 739 112 40 allez

132 832 278 40 maintenant
431 835 168 33 rentrer
623 825 114 40 dans
753 832 124 32 votre
898 821 122 40 home
1039 832 9 38 ;
1072 832 114 28 vous
1209 833 26 38 y
1267 826 231 32 trouverez
1532 813 165 41 femme
1733 820 41 31 et
1808 808 179 42 enfants
2010 840 8 19 ,
2046 809 106 48 moi,

133 913 168 40 pauvre
321 900 129 38 vieux
469 908 169 39 garçon
663 893 255 41 solitaire...
949 902 20 27 »

187 968 120 41 C'est
330 964 334 54 généralement
681 963 115 39 ainsi
821 959 108 54 qu'il
954 958 240 52 exprimait
1218 968 70 27 ses
1316 961 170 43 regrets
1510 952 53 40 de
1604 964 55 27 ne
1700 963 82 39 pas
1813 945 132 44 s'être
1983 947 142 40 marié
2145 960 7 25 :

134 1051 87 27 une
240 1044 118 32 sorte
377 1032 239 42 d'humour
639 1037 57 33 où
716 1028 88 42 l'on
827 1042 55 26 ne
905 1028 223 52 percevait
1161 1037 86 40 que
1272 1033 97 41 trop
1394 1035 87 26 une
1503 1033 175 28 nuance
1722 1018 53 40 de
1812 1025 170 42 îegiet.
2026 1014 32 40 Il
2093 1014 61 40 lui

135 1105 180 40 arrivait
334 1103 53 39 de
409 1102 94 39 dire
520 1105 22 35 à
567 1100 78 39 des
668 1099 155 39 dames
849 1105 96 42 trop
971 1095 227 39 curieuses
1219 1105 8 26 :
1253 1103 21 28 ((
1302 1089 136 41 Hélas
1465 1093 7 36 !
1499 1089 130 40 chère
1648 1086 230 47 Madame,
1904 1087 39 51 je
1972 1098 54 26 ne
2064 1085 93 39 suis

135 1174 200 51 toujours
370 1183 80 40 pas
474 1169 153 48 marié,
672 1166 113 40 Dieu
809 1165 134 39 merci
967 1162 6 39 !
1004 1174 19 27 ))
1058 1161 252 41 Widmann
1333 1156 59 54 (i)
1420 1170 115 27 nous
1561 1164 179 32 laconte
1780 1168 59 38 qu
1859 1168 60 26 un
1962 1154 114 50 joui,
2102 1166 54 26 en

131 1242 130 40 visite
285 1244 21 36 à
331 1239 159 46 Berne,
515 1237 30 40 il
570 1234 245 53 s'expliqua
841 1232 229 41 là-dessus
1093 1243 103 27 avec
1213 1241 123 27 assez
1358 1227 54 40 de
1436 1225 135 41 détail
1595 1233 42 32 et
1660 1224 201 51 exprima
1904 1235 48 27 sa
1991 1225 165 49 pensée

133 1311 169 39 intime.
326 1319 21 28 «
367 1305 82 56 J'ai
473 1306 134 39 laissé
629 1315 155 41 passer
807 1301 255 41 l'occasion.
1084 1296 206 52 Lorsque
1305 1296 84 52 j'en
1409 1295 152 40 aurais
1585 1307 54 27 eu
1663 1293 145 49 envie,
1831 1291 39 52 je
1887 1303 55 28 ne
1966 1290 190 52 pouvais

135 1377 123 42 offrir
276 1381 22 35 à
322 1388 87 28 une
429 1374 163 41 femme
612 1386 46 27 ce
682 1371 108 53 qu'il
816 1371 147 39 aurait
987 1367 109 42 fallu
1124 1367 193 53 pouvoir
1336 1366 63 39 lui
1433 1363 139 42 offrir.
1599 1374 21 28 ))
1638 1362 32 41 Il
1688 1375 56 27 ne
1763 1361 172 41 voulait
1960 1372 80 39 pas
2061 1358 95 40 dire

136 1461 79 38 par
233 1446 40 40 là
293 1442 106 54 qu'il
416 1443 165 41 n'avait
602 1455 80 38 pas
700 1441 40 39 la
765 1438 215 41 certitude
1002 1437 53 40 de
1081 1437 189 52 pouvoir
1292 1434 246 40 entretenir
1560 1432 165 40 femme
1749 1439 41 31 et
1811 1428 181 42 enfants
2011 1442 9 33 ;
2041 1428 115 39 mais

135 1515 29 40 il
184 1514 173 53 pensait
378 1516 21 36 à
433 1512 204 51 l'époque
657 1515 57 34 où
747 1508 28 40 il
797 1508 144 39 aurait
966 1508 115 38 aimé
1105 1518 46 27 se
1189 1505 163 38 marier
1451 1502 29 39 il
1503 1502 120 39 avait
1648 1500 118 40 alors
1803 1511 88 27 une
1935 1497 221 40 trentaine

135 1582 200 46 d'annés,
436 1590 41 30 et
496 1578 105 42 c'est
622 1582 22 36 à
668 1590 47 27 ce
738 1584 200 32 moment
959 1588 86 39 que
1069 1587 72 27 ses
1162 1585 178 28 œuvres
1364 1572 166 39 étaient
1554 1568 162 41 sifflées
1739 1568 114 40 dans
1875 1566 63 40 les
1954 1573 202 33 concerts

135 1666 57 27 ou
216 1663 152 38 reçues
388 1662 102 27 avec
515 1661 87 27 une
625 1646 201 40 froideur
844 1643 192 52 glaciale
1062 1656 7 26 :
1094 1655 20 26 ((
1138 1641 108 40 Cela
1279 1654 54 26 ne
1369 1653 71 27 me
1469 1638 150 41 faisait
1641 1649 172 29 aucune
1834 1637 146 51 peine,
2009 1648 74 26 car
2118 1634 37 52 je

136 1720 280 41 connaissais
430 1717 94 40 leur
536 1715 154 40 valeur
712 1723 40 31 et
773 1714 38 52 je
835 1714 148 40 savais
1002 1725 86 38 que
1112 1711 63 40 les
1198 1710 159 40 choses
1377 1708 323 50 changeraient
1717 1706 54 39 de
1785 1704 110 41 face.
1914 1703 56 41 Et
1985 1702 167 53 quand,

133 1794 128 47 après
283 1787 54 40 de
357 1785 81 41 tels
460 1787 217 46 insuccès,
700 1784 39 50 je
763 1783 191 39 rentrais
978 1781 112 39 dans
1114 1794 71 25 ma
1208 1776 214 42 chambre
1446 1776 217 47 solitaire,
1691 1776 39 51 je
1754 1771 160 44 n'étais
1940 1785 82 40 pas
2041 1771 115 40 dans

135 1870 86 27 une
242 1855 270 52 disposition
534 1853 25 40 d
579 1853 136 51 esprit
731 1849 310 52 désagréable.
1067 1847 118 41 Mais
1206 1846 64 41 s'il
1296 1846 181 40 m'avait
1501 1844 109 40 fallu
1631 1844 119 40 alors
1771 1846 198 49 paraître
1989 1841 165 40 devant

136 1940 71 25 ma
232 1924 177 49 femme,
433 1924 97 39 voir
552 1935 71 26 ses
640 1920 184 50 regards
846 1920 187 39 anxieux
1058 1916 313 50 m'interroger
1392 1924 42 30 et
1456 1914 95 40 dire
1584 1924 8 28 :
1618 1926 21 26 «
1665 1911 64 41 Ce
1752 1910 113 41 n'est
1885 1924 82 39 pas
1994 1922 163 28 encore

141 2007 112 38 pour
274 2001 111 31 cetie
403 1990 84 40 fois
512 2001 38 36 )),
576 1990 38 51 je
643 1987 198 42 n'aurais
861 2001 81 38 pas
966 2000 54 26 eu
1041 1986 40 39 la
1102 1984 120 41 force
1246 1984 54 40 de
1321 1984 39 39 le
1385 1990 241 45 supporter
1651 1984 7 37 !
1775 1979 56 41 Et
1856 1981 36 39 si
1922 1978 84 41 elle
2039 1980 117 38 avait

138 2061 137 41 voulu
293 2074 70 26 me
386 2058 220 47 consoler,
641 2056 67 40 s'il
732 2053 178 42 m'avait
929 2054 107 40 fallu
1059 2055 98 38 voir
1180 2067 69 25 ma
1277 2065 162 39 propre
1460 2049 166 41 femme
1646 2049 223 53 compatir
1904 2052 21 36 à
1952 2060 95 28 mes
2092 2048 44 39 in-

139 2135 150 35 succès
374 2127 145 53 j'aime
537 2127 145 38 mieux
703 2138 54 26 ne
788 2136 80 40 pas
886 2122 284 49 m'imaginer
1190 2120 102 52 quel
1316 2118 123 42 enfer
1455 2119 93 40 cela
1573 2119 146 39 aurait
1739 2121 70 36 été
1826 2130 116 38 pour
1967 2118 91 38 moi
2083 2119 5 36 !
2136 2127 19 26 »

192 2197 252 44 D'ailleurs,
469 2195 30 39 il
521 2203 66 31 est
608 2194 166 39 certain
795 2205 85 39 que
900 2191 63 40 les
984 2190 140 40 droits
1142 2203 86 38 que
1251 2190 61 39 lui
1336 2203 114 37 paya
1476 2201 83 26 son
1582 2187 174 40 éditeur
1769 2182 211 55 jusqu'au
2000 2183 155 41 milieu

136 2267 54 40 de
213 2279 45 27 sa
284 2266 188 39 carrière
494 2276 55 27 ne
568 2262 147 40 furent
736 2274 81 39 pas
840 2261 296 51 précisément
1169 2257 223 40 brillants.
1426 2256 51 54 Je
1502 2256 10 39 1
1533 2255 236 40 entendais
1806 2254 98 40 dire
1924 2268 60 25 un
2007 2254 102 51 jour
2132 2257 22 36 à

135 2347 165 40 propos
347 2333 53 40 de
439 2345 82 27 son
571 2330 203 54 Requiem
818 2328 217 40 allemand
1080 2328 75 50 qui
1189 2334 128 44 porte
1358 2326 39 39 le
1432 2328 188 36 numéro
1651 2321 202 42 d'œuvre
1875 2335 49 39 45
1971 2331 43 32 et
2053 2321 103 41 date

139 2404 53 39 de
220 2405 129 37 1868:
371 2413 21 27 «
419 2399 230 51 Regardez
674 2413 60 26 un
766 2411 87 39 peu
894 2397 39 40 le
966 2396 247 40 manuscrit
1232 2394 54 40 de
1309 2406 107 28 mon
1446 2392 223 54 Requiem.
1696 2390 126 42 Vous
1857 2400 232 32 trouverez
2115 2390 40 40 là

139 2472 59 39 du
221 2472 155 51 papier
390 2470 53 39 de
463 2477 145 32 toutes
632 2468 63 39 les
720 2475 142 32 sortes
901 2474 41 31 et
977 2465 54 40 de
1065 2473 99 31 tous
1189 2464 62 39 les
1282 2461 190 41 formats
1505 2460 226 54 possibles
1767 2469 41 31 et
1844 2459 310 53 impossibles.

137 2538 119 41 C'est
277 2551 85 40 que
385 2538 38 51 je
444 2537 157 40 n'étais
621 2550 80 38 pas
724 2535 118 40 riche
865 2547 55 27 en
942 2547 47 26 ce
1013 2532 208 52 temps-là
1242 2542 9 35 ;
1272 2532 38 51 je
1343 2529 171 41 n'avais
1536 2543 81 39 pas
1643 2543 125 27 assez
1794 2528 210 50 d'argent
2040 2542 116 38 pour

138 2620 70 27 me
229 2620 209 39 procurer
459 2604 105 41 d'un
584 2604 95 41 seul
702 2617 113 39 coup
841 2615 85 28 une
964 2601 172 51 grande
1171 2601 204 52 quantité
1399 2599 54 40 de
1470 2600 157 51 papier
1657 2610 19 26 »
1707 2613 7 33 ;
1830 2606 41 32 et
1892 2598 29 39 il
1949 2598 203 52 ajoutait,

140 2689 102 27 avec
261 2688 60 27 un
345 2675 171 40 sourire
537 2673 53 40 de
614 2671 278 41 satisfaction
917 2686 8 25 :
950 2682 22 27 ((
993 2669 286 40 Maintenant
1302 2669 38 50 je
1361 2669 94 39 suis
1479 2667 113 40 dans
1617 2665 252 53 l'opulence
1897 2669 6 36 !
1933 2678 21 27 ))

193 2744 194 40 Brahms
409 2744 116 38 avait
545 2742 223 52 plusieurs
788 2739 85 41 fois
896 2739 174 50 changé
1093 2738 53 40 de
1171 2737 244 47 résidence,
1455 2737 114 39 mais
1592 2735 29 40 il
1646 2736 120 39 avait
1810 2733 78 42 fini
1917 2749 82 38 par
2023 2733 111 42 s'éta-

141 2811 85 41 blir
249 2816 23 36 à
298 2811 191 41 Vienne.
522 2810 32 40 Il
578 2823 46 26 se
647 2810 161 38 sentait
839 2812 22 35 à
886 2820 82 28 son
988 2809 93 38 aise
1104 2806 113 40 dans
1250 2806 39 40 la
1323 2805 149 40 vieille
1486 2804 106 41 ville
1622 2803 249 53 impériale,
1898 2810 57 35 où
1976 2803 30 40 il
2038 2805 118 38 avait

139 2879 226 41 d'ailleurs
389 2882 203 37 retrouvé
616 2878 101 52 plus
736 2876 107 41 d'un
866 2878 89 38 ami
975 2876 53 40 de
1058 2876 221 52 jeunesse.
1306 2873 118 41 Mais
1448 2888 59 26 un
1536 2872 145 51 grand
1703 2872 191 40 nombre
1930 2871 226 41 d'artistes

140 2948 100 52 plus
277 2949 153 50 jeunes
451 2948 106 39 était
578 2959 116 27 venu
718 2944 224 41 renforcer
964 2944 38 40 le
1040 2957 149 39 noyau
1213 2945 76 50 qui
1329 2956 46 26 se
1397 2943 242 39 réunissait
1663 2950 162 32 autour
1857 2941 54 40 de
1936 2940 79 49 lui,
2037 2949 42 32 et
2109 2953 46 27 ce

139 3024 296 45 groupement
452 3028 54 27 ne
529 3015 172 40 laissait
717 3027 80 38 pas
816 3012 138 41 d'être
976 3025 55 27 en
1056 3011 124 41 butte
1199 3016 22 35 à
1244 3012 53 39 de
1322 3010 300 41 nombreuses
1647 3019 225 43 attaques.
1898 3008 257 42 Lui-même

139 3086 104 39 était
260 3090 87 35 très
377 3085 205 51 apprécié
604 3092 42 31 et
668 3083 173 40 honoré
880 3081 53 40 de
958 3090 100 31 tous
1080 3092 9 37 ;
1135 3079 120 41 seuls
1281 3079 219 53 quelques
1536 3079 171 51 grands
1737 3079 255 50 seigneurs,
2033 3083 22 35 à
2079 3079 77 51 qui

139 3167 81 27 son
243 3156 248 47 sans-gêne
513 3161 41 31 et
594 3165 47 27 sa
677 3150 267 53 brusquerie
968 3163 55 26 ne
1065 3151 297 38 convenaient
1397 3154 152 45 guère,
1587 3147 324 41 s'abstenaient
1946 3147 55 40 de
2034 3155 122 32 toute

138 3223 355 39 démonstration
517 3225 22 35 à
557 3234 82 26 son
661 3219 154 51 égard.
844 3218 32 41 Il
901 3219 154 40 aimait
1081 3231 83 27 son
1201 3231 108 39 pays
1333 3226 42 31 et
1416 3217 30 40 il
1467 3219 108 38 était
1605 3221 116 36 resté
1745 3222 88 35 très
1859 3216 177 41 attaché
2065 3219 22 36 à
2116 3215 40 40 la

138 3292 142 51 patrie
301 3289 267 41 allemande.
592 3288 169 55 J'étais,
787 3288 91 40 moi
903 3288 137 46 aussi,
1067 3287 245 50 originaire
1329 3286 53 40 de
1403 3285 300 51 l'Allemagne
1722 3286 60 39 du
1801 3283 125 42 Nord
1951 3293 41 32 et
2015 3284 141 52 j'étais

138 3372 131 34 venu,
294 3371 173 28 comme
490 3358 79 49 lui,
599 3355 222 43 m'établir
846 3360 22 36 à
905 3354 201 50 Vienne;
1133 3356 122 39 aussi
1295 3368 114 27 nous
1450 3367 54 27 ne
1547 3355 277 52 manquions
1848 3366 80 40 pas
1958 3353 53 40 de
2041 3365 115 28 nous

183 3499 46 42 (1)
253 3500 33 38 J.
314 3500 42 32 V.
377 3499 213 41 Widmann,
615 3500 183 40 Johannes
819 3500 154 31 Brahms
992 3500 41 31 in
1053 3499 287 42 Erinnerungen
1365 3499 153 42 (Berlin,
1548 3499 123 42 1898)»
