2280 3799
817 192 329 29 PUBLICATIONS
1180 193 261 30 NOUVELLES

2065 198 80 42 529

115 279 90 40 tien
229 284 88 36 très
338 280 174 49 intime,
530 283 207 51 apprécie
755 286 219 38 certaines
990 284 262 42 théoriesde
1269 284 358 55 Schopenhauer
1646 286 64 55 (p.
1734 287 71 53 79)
1819 302 56 28 ou
1893 289 251 53 s'applique

117 352 22 36 à
165 348 254 52 distinguer
452 349 40 41 la
525 352 155 51 poésie
717 352 217 41 musicale
973 353 53 41 de
1066 354 109 40 celle
1215 356 76 51 qui
1325 369 56 27 ne
1413 353 97 44 Test
1530 371 81 38 pas
1649 365 61 44 (p.
1737 356 106 53 125).
1870 357 205 52 Wagner
2098 373 47 27 se

118 426 179 32 montre
320 418 40 40 là
379 423 88 35 très
493 420 172 40 sincere
704 429 41 32 et
769 426 89 35 très
882 421 205 51 humain,
1115 427 158 37 maître
1295 424 55 41 de
1381 425 61 40 lui
1483 425 123 52 (bien
1651 426 108 53 qu'il
1780 426 62 41 lui
1876 428 146 40 arrive
2058 442 86 26 une

117 482 86 45 fois
222 486 55 40 de
300 486 95 40 dire
418 487 112 51 qu'z/
555 503 50 24 ne
629 495 108 34 croit
767 489 100 55 plus
889 493 24 36 à
948 491 129 52 rien),
1118 493 249 41 nullement
1398 496 162 39 vaincu
1602 510 82 38 par
1723 494 169 53 l'orage
1931 498 215 40 intérieur

118 567 176 28 comme
316 554 194 52 Berlioz,
534 565 41 32 et
600 571 90 27 non
722 558 219 41 détourné
960 559 55 41 de
1039 573 71 27 ses
1139 562 196 49 grandes
1378 562 122 42 idées
1539 566 321 47 coutumières,
1885 567 115 39 mais
2031 566 109 52 pris,

120 628 182 48 pénétré
332 624 59 41 du
428 625 182 41 charme
630 626 55 40 de
710 625 185 42 l'amitié
932 627 233 50 féminine,
1201 643 46 27 se
1267 630 205 42 donnant
1498 640 94 33 tout
1616 635 157 47 entier,
1807 647 106 28 sans
1956 636 187 41 attitude

119 698 254 48 composée,
396 702 42 32 et
461 691 257 44 infiniment
738 696 339 52 sympathique,
1100 698 175 50 malgré
1295 700 219 51 quelques
1539 701 185 41 touches
1742 717 58 26 un
1814 716 87 39 peu
1925 703 216 42 brutales.

120 762 71 42 Un
214 762 238 41 Allemand
471 776 56 27 ne
546 765 171 39 saurait
736 776 105 28 sans
862 773 147 41 regret
1032 765 39 40 le
1093 767 98 39 voir
1214 767 181 52 appeler
1418 781 85 27 une
1524 771 259 50 procession
1800 771 93 40 eine
1913 772 233 55 unsaglich

128 830 267 42 Widerliche
416 830 348 56 Flittereligions
785 832 218 42 Komôdie
1008 865 11 20 ,
1044 846 21 26 ((
1091 848 87 27 une
1201 834 213 41 indicible
1450 845 41 31 et
1524 842 283 47 répugnante
1848 841 201 40 comédie
2091 842 52 40 de

120 900 236 54 clinquant
379 912 21 28 ))
429 902 65 52 (p.
532 900 111 55 156),
668 915 57 28 ou
750 901 149 54 parler
918 902 79 41 des
1022 901 269 43 Allemands
1315 908 283 37 eux-mêmes
1623 919 104 27 avec
1753 909 181 50 mépris.
1955 907 64 41 Ce
2037 908 105 53 qu'il

121 969 93 42 faut
240 979 176 32 surtout
435 973 180 45 retenir,
638 969 105 43 c'est
774 985 87 39 que
894 970 221 42 Malhilde
1138 972 323 42 Wesendonck
1495 976 206 51 occupait
1730 988 83 27 son
1835 976 140 52 esprit
1998 985 42 31 et
2063 991 82 27 son

122 1053 123 28 cœur
280 1040 154 52 quand
474 1040 29 41 il
547 1053 215 40 composa
789 1040 184 42 l'œuvre
1010 1041 106 54 qu'il
1154 1042 199 53 appelait
1391 1056 55 27 en
1476 1046 102 49 1859
1620 1042 64 54 (p.
1730 1058 76 37 114
1826 1044 61 41 du
1911 1044 126 53 livre)
2063 1046 84 40 «le

121 1118 194 32 sommet
338 1109 53 41 de
407 1122 82 28 son
509 1119 66 32 art
595 1121 37 28 ».
659 1109 127 42 Cette
806 1110 296 53 publication,
1129 1111 102 53 plus
1251 1125 161 28 encore
1440 1126 85 39 que
1550 1113 63 40 les
1635 1113 151 41 lettres
1823 1117 22 37 à
1870 1112 183 52 Heckel,
2081 1124 66 31 est

123 1193 59 26 un
219 1178 243 42 document
485 1180 54 40 de
574 1181 195 51 premier
804 1180 130 42 ordre
971 1194 114 39 pour
1124 1180 219 42 l'histoire
1383 1182 171 41 morale
1593 1183 54 40 de
1668 1181 220 53 Wagner.

256 1282 85 42 CH.
362 1284 121 40 FÉRÉ
510 1296 8 28 :
561 1284 176 42 Travail
759 1291 37 34 et
807 1285 171 55 plaisir,
1004 1301 12 25 1
1045 1287 89 41 vol.
1158 1302 72 36 gr.
1265 1289 127 47 in-B°,
1416 1293 79 47 463
1520 1303 42 39 p.
1584 1303 104 28 avec
1705 1289 298 44 nombreuses
2021 1293 101 52 plan-

123 1352 119 49 ches,
269 1352 105 41 chez
396 1353 158 41 Alcan.
577 1353 192 42 —Dans
789 1368 47 27 ce
860 1355 126 51 livre,
1001 1354 62 41 M.
1089 1355 125 50 Féré,
1244 1358 76 51 qui
1343 1366 66 32 est
1434 1358 204 41 médecin
1661 1359 54 41 de
1761 1359 189 50 Bicêtre,
1995 1362 151 40 donne

122 1420 40 41 le
183 1421 187 41 résultat
388 1422 54 40 de
466 1428 89 35 très
569 1425 386 39 consciencieuses
979 1426 284 51 expériences
1283 1425 131 42 faites
1432 1440 114 39 pour
1566 1429 219 51 répondre
1825 1433 22 36 à
1882 1438 111 32 cette
2017 1444 105 38 ques-

125 1491 94 40 tion
240 1505 6 25 :
269 1488 164 54 Quelle
453 1500 67 31 est
544 1489 267 47 l'influence,
843 1505 77 28 sur
939 1492 214 52 l'énergie
1186 1495 288 51 musculaire,
1501 1496 54 40 de
1582 1498 222 40 certaines
1847 1499 298 51 impressions

123 1569 237 42 purement
380 1560 248 53 physiques
661 1562 224 52 imposées
903 1576 54 26 au
983 1562 260 41 travailleur
1262 1568 16 35 ?
1315 1563 31 40 Il
1372 1564 105 42 s'est
1514 1567 116 38 servi
1654 1566 107 40 d'un
1806 1567 198 52 appareil
2030 1566 95 53 (l'er-

125 1629 238 52 gographe
386 1629 54 41 de
459 1628 177 55 Mosso)
661 1631 93 52 qui,
794 1630 235 53 lorsqu'on
1070 1632 182 41 soulève
1287 1647 59 26 un
1385 1634 144 51 poids,
1575 1636 154 40 inscrit
1769 1636 53 40 de
1842 1636 240 41 lui-même
2105 1636 38 41 la

126 1710 173 28 somme
322 1695 175 44 d'effort
514 1699 176 41 donnée
716 1710 9 39 ;
746 1699 63 41 les
833 1700 138 52 sujets
991 1700 233 53 employés
1246 1716 81 38 par
1351 1702 58 40 lui
1437 1712 76 31 ont
1537 1707 69 36 été
1629 1705 172 39 soumis
1826 1708 20 36 à
1868 1705 78 40 des
1984 1707 139 39 excita-

126 1768 118 39 tions
261 1766 200 42 diverses
485 1767 54 41 de
562 1767 207 49 l'odorat,
799 1768 60 41 du
882 1774 126 45 goût,
1027 1769 59 41 du
1112 1770 201 48 toucher,
1339 1771 78 40 des
1440 1773 187 50 poisons
1651 1785 210 37 nerveux,
1884 1773 54 41 de
1955 1773 192 52 l'alcool,

125 1836 60 40 du
210 1836 89 47 thé,
323 1836 60 41 du
408 1836 109 50 café,
543 1836 59 41 du
624 1836 147 49 tabac,
797 1835 121 42 enfin
938 1837 79 41 des
1037 1851 107 27 sons
1168 1840 232 40 musicaux
1424 1851 9 39 ;
1459 1849 41 31 et
1522 1846 130 47 après
1673 1841 173 53 chaque
1870 1844 276 51 expérience,

124 1904 29 41 il
174 1904 167 52 donne,
365 1919 104 27 avec
492 1905 64 41 les
573 1905 255 42 évalutions
845 1920 54 27 en
924 1905 196 51 chiffres,
1134 1907 39 40 le
1195 1908 256 53 graphique
1467 1907 150 43 fourni
1641 1924 82 38 par
1743 1909 303 43 l'instrument
2069 1912 61 40 lui-

127 1977 161 37 même.
313 1973 62 41 M.
412 1974 110 41 Féré
546 1989 22 26 a
593 1980 205 36 constaté
821 1989 87 40 que
931 1975 63 41 les
1037 1977 260 41 intervalles
1321 1990 20 26 «
1375 1977 264 42 dissonants
1664 1990 19 27 »
1705 1988 101 32 sont
1823 1978 261 54 dépressifs,
2110 1989 42 32 et

127 2056 85 40 que
236 2043 63 41 les
320 2044 259 40 intervalles
599 2053 278 33 consonants
901 2055 102 31 sont
1019 2047 216 40 excitants
1258 2045 63 54 (p.
1351 2061 74 38 129
1448 2056 41 32 et
1513 2037 150 63 suiv.j.
1689 2047 232 42 Résultats
1937 2049 53 41 de
2007 2051 145 39 mince

127 2114 280 51 importance
431 2112 7 39 !
466 2112 235 42 dira-t-on.
722 2112 63 42 Ce
805 2111 113 43 n'est
941 2128 82 38 pas
1044 2120 87 36 très
1155 2124 123 32 exact
1305 2126 7 37 ;
1336 2130 73 26 car
1437 2114 62 42 M.
1528 2116 124 50 Féré,
1677 2127 135 43 ayant
1848 2117 210 54 employé
2074 2118 78 41 des

128 2182 140 50 sujets
289 2182 180 41 atteints
512 2182 55 41 de
606 2183 170 41 surdité
818 2183 216 41 musicale
1072 2184 292 49 (c'est-à-dire
1408 2184 265 54 incapables
1712 2187 54 39 de
1802 2187 256 51 distinguer
2089 2187 63 41 les

128 2250 258 41 intervalles
409 2260 125 33 entre
550 2251 119 53 eux),
696 2251 141 42 réfute
857 2251 133 50 ainsi,
1017 2253 359 52 implicitement,
1397 2253 41 41 la
1465 2255 125 40 thèse
1612 2253 184 42 d'Euler
1815 2264 42 32 et
1873 2256 55 41 de
1946 2254 206 43 Leibnitz

127 2317 177 55 d'après
337 2320 194 53 laquelle
555 2321 40 40 la
620 2323 230 39 sensation
870 2322 217 40 musicale
1108 2323 135 40 serait
1265 2323 86 40 due
1377 2326 22 37 à
1426 2336 84 27 une
1528 2324 286 40 numération
1844 2325 308 41 inconsciente

129 2388 78 41 des
230 2389 141 40 ondes
405 2389 298 53 rythmiques,
728 2399 42 32 et
793 2390 30 39 il
846 2403 116 27 nous
983 2389 153 51 oblige
1160 2394 22 36 à
1207 2390 219 41 attribuer
1443 2405 83 27 aux
1564 2405 107 27 sons
1696 2406 58 26 un
1788 2391 103 43 effet
1914 2403 237 42 purement

130 2457 369 54 physiologique.
526 2457 63 41 Ce
609 2458 108 40 livre
741 2467 65 31 est
822 2458 134 40 d'une
991 2464 194 35 extrême
1205 2460 225 51 précision
1455 2458 298 55 scientifique,
1793 2462 115 39 mais
1949 2474 85 40 peu
2077 2471 74 31 net

130 2540 54 26 en
209 2539 70 27 ses
302 2526 288 41 conclusions
610 2542 8 33 ;
642 2540 58 27 on
721 2540 55 27 ne
797 2528 93 39 voit
906 2540 82 39 pas
1017 2542 56 26 au
1099 2528 114 52 juste
1237 2529 52 46 si,
1317 2530 73 39 oui
1419 2542 58 27 ou
1498 2542 107 37 non,
1629 2526 192 44 l'auteur
1849 2530 215 42 conseille
2098 2530 54 41 de

129 2594 112 42 faire
264 2596 216 40 entendre
503 2596 53 40 de
577 2596 41 40 la
650 2598 210 51 musique
884 2600 22 36 à
932 2610 106 27 ceux
1063 2598 76 50 qui
1165 2598 254 40 travaillent
1439 2608 8 28 :
1489 2601 21 37 à
1533 2599 93 39 vrai
1663 2598 110 50 dire,
1799 2598 29 41 il
1849 2612 55 27 ne
1938 2599 106 40 s'est
2069 2613 81 39 pas

132 2668 167 48 occupé
318 2664 54 41 de
395 2664 191 54 musique
593 2698 9 17 ,
621 2665 115 39 mais
755 2665 78 40 des
846 2678 102 26 sons
964 2664 236 49 musicaux,
1225 2679 46 27 ce
1295 2667 77 51 qui
1396 2675 66 31 est
1481 2664 222 43 différent.
1729 2665 124 41 Dans
1874 2679 82 28 son
1974 2667 178 40 dernier

134 2733 216 53 chapitre,
369 2740 57 35 où
450 2733 29 40 il
501 2732 273 42 abandonne
803 2733 39 41 le
870 2733 212 42 domaine
1099 2735 320 52 expérimental
1441 2749 115 38 pour
1579 2735 296 53 philosopher
1895 2751 60 26 un
1978 2749 104 40 peu,
2105 2746 42 31 et

131 2808 58 35 où
208 2800 89 43 l'on
321 2804 93 39 voit
436 2804 107 39 cités
565 2803 113 40 dans
701 2816 87 27 une
809 2806 146 37 même
990 2817 116 39 page
1144 2803 209 49 Bossuet,
1388 2802 161 51 Ovide,
1588 2803 161 50 Dante,
1790 2804 178 49 Balzac,
1992 2803 64 42 M.
2099 2805 53 41 de

130 2871 162 48 Tarde,
309 2881 140 39 etc...,
475 2871 28 41 il
524 2887 26 38 y
572 2886 23 26 a
609 2886 61 27 un
690 2886 85 39 peu
797 2881 95 45 trop
913 2873 54 40 de
989 2885 169 38 vague;
1178 2882 57 41 et,
1258 2887 175 27 comme
1456 2874 36 40 si
1517 2873 39 41 le
1576 2882 158 32 savant
1756 2874 203 42 médecin
1979 2876 170 50 passait

133 2939 105 41 d'un
258 2945 195 36 extrême
474 2945 22 36 à
518 2941 173 48 l'autre,
709 2942 39 40 la
767 2947 164 47 pensée
949 2940 283 55 scientifique
1249 2956 46 27 se
1311 2943 108 53 perd
1433 2943 113 41 dans
1567 2957 59 27 un
1641 2956 152 38 nuage
1814 2943 54 41 de
1884 2943 266 41 littérature.

190 3034 225 42 Viennent
434 3035 55 41 de
511 3040 197 48 paraître
730 3036 105 41 chez
861 3035 237 55 Breitkopf
1112 3045 42 33 et
1176 3036 151 42 Martel
1347 3034 219 55 (Leipzig)
1590 3050 7 26 :

189 3102 192 42 HECTOR
402 3104 216 49 BERLIOZ,
657 3104 188 42 Œuvres
880 3106 224 40 musicales
1111 3136 9 16 ,
1157 3106 88 41 vol.
1287 3104 121 49 XVI,
1446 3105 159 41 chants
1628 3109 22 35 à
1676 3106 227 52 plusieurs
1926 3107 100 39 voix
2047 3119 105 27 avec

134 3186 90 26 acc.
247 3172 54 40 de
323 3173 153 51 piano,
499 3181 42 31 et
562 3173 88 40 vol.
689 3173 139 47 XVII,
854 3174 157 40 chants
1036 3179 22 34 à
1083 3188 88 27 une
1190 3175 116 40 voix.
1334 3173 120 42 Edit.
1477 3175 189 51 critique
1698 3173 181 53 publiée
1914 3188 82 38 par
2031 3173 121 41 Félix

136 3239 325 52 Weingartner
483 3249 42 32 et
563 3240 193 41 Charles
778 3240 252 43 Malherbe.
1069 3242 223 41 Partition
1332 3241 122 51 in-f°,
1499 3242 174 52 chaque
1717 3242 87 40 vol.
1835 3252 51 36 29
1919 3241 52 42 fr.
1995 3255 70 39 70.

136 3308 223 43 ORLANDO
384 3323 45 26 DI
462 3307 165 51 LASSO,
651 3309 89 41 vol.
766 3309 101 42 XIV
887 3310 78 41 des
981 3310 188 41 Œuvres
1191 3323 9 26 :
1219 3312 327 51 compositions
1563 3323 105 28 avec
1691 3310 179 53 paroles
1887 3309 264 52 françaises,

135 3393 47 37 27
200 3377 54 42 fr.
355 3377 241 51 VICTORIA,
615 3378 89 41 vol.
728 3377 56 42 111
806 3379 78 40 des
910 3378 188 42 Œuvres
1117 3377 285 56 (Magnificat
1424 3387 41 33 et
1488 3377 229 42 Canticum
1743 3377 240 55 Simeonis)
1998 3378 154 54 publié

136 3462 81 39 par
238 3447 153 53 Felipe
412 3446 193 51 Pedrell,
628 3461 48 37 27
692 3445 54 42 fr.
845 3445 119 57 J.-S.
986 3447 145 48 BACH,
1156 3447 216 41 Cantates
1386 3447 266 51 religieuses
1675 3446 251 55 (partition)
1948 3447 204 54 publiées

134 3530 81 39 par
243 3516 39 40 la
315 3514 178 43 Société
518 3515 54 41 de
603 3515 138 41 Bach.
774 3514 70 42 Du
880 3520 160 47 même,
1063 3514 200 56 Musique
1292 3516 182 54 d'orgue
1510 3516 87 41 vol.
1623 3515 12 41 I
1658 3514 254 55 (Préludes,
1938 3517 214 54 chorals),

268 3598 40 31 R.
334 3596 46 32 M.

2021 3608 48 32 40
