2283 3716
2075 165 152 53 517

919 174 229 34 JOIIANNES
1184 175 178 28 BRAHMS

126 266 349 51 communiquer
507 278 84 28 nos
609 268 299 51 impressions
929 274 147 34 toutes
1100 266 64 42 les
1189 265 86 43 fois
1293 266 166 54 qu'une
1478 268 226 49 nouvelle,
1730 282 115 27 nous
1865 270 291 52 remplissant

126 332 53 40 de
204 331 127 43 fierté
366 342 42 32 et
443 334 191 52 d'envie,
677 337 184 39 arrivait
899 335 53 41 de
987 347 22 29 «
1049 334 215 55 l'Empire
1288 348 41 28 )).
1355 348 21 28 «
1402 336 176 50 Allons,
1622 350 113 28 vous
1759 350 171 40 pouvez
1955 339 201 40 attendre

126 402 259 52 longtemps
404 412 133 32 avant
560 404 53 40 de
632 405 99 40 voir
754 404 91 41 cela
867 417 55 27 en
947 403 215 43 Autriche
1186 416 39 40 )),
1250 405 203 50 disait-il,
1481 419 90 28 non
1589 419 106 28 sans
1731 415 266 33 amertume.
2023 406 107 43 Peut-

125 474 92 37 être
241 470 176 40 allait-il
442 480 99 44 trop
565 472 93 40 loin
681 473 114 40 dans
819 487 48 26 ce
910 486 120 33 sens,
1068 487 93 28 non
1187 488 80 39 pas
1299 472 107 55 qu'il
1430 479 210 47 exagérât
1673 475 292 54 l'expression
1998 476 54 41 de
2085 490 71 27 ses

127 541 284 45 sentiments,
437 541 115 39 mais
576 553 82 28 son
697 543 283 50 patriotisme
1001 544 179 39 couvait
1220 557 55 27 au
1315 543 101 52 plus
1439 543 193 53 profond
1669 545 54 40 de
1746 545 233 41 lui-même
2011 555 41 32 et
2095 546 60 41 lui

127 609 174 41 rendait
322 609 316 53 antipathique
658 618 96 33 tout
774 623 47 27 ce
846 612 76 51 qui
952 612 107 39 était
1088 616 227 45 étranger.
1342 611 32 41 Il
1395 614 107 40 était
1526 619 229 36 sûrement
1778 614 101 52 plus
1915 619 128 48 porté
2065 619 19 36 à
2110 615 39 40 la

125 677 260 42 teutomanie
402 677 134 55 qu'au
559 678 376 55 cosmopolitisme.
965 678 32 41 Il
1021 693 56 27 ne
1101 684 145 48 paraît
1265 693 81 40 pas
1371 683 125 39 avoir
1527 686 69 36 été
1620 686 21 36 à
1670 682 129 41 Paris
1823 685 41 38 ni
1897 696 54 28 en
1982 684 168 41 France

199 748 38 52 je
255 760 54 28 ne
326 748 40 40 le
385 747 61 41 lui
469 747 207 41 entendis
709 747 58 41 du
788 749 150 39 moins
968 748 161 53 jamais
1163 748 95 41 dire
1280 764 8 33 ;
1316 749 38 52 je
1375 762 54 28 ne
1458 752 117 38 crois
1598 764 79 38 pas
1697 764 92 28 non
1808 752 101 51 plus
1943 750 107 54 qu'il
2078 759 70 35 sût

127 830 126 28 assez
277 817 39 40 le
336 816 194 52 français
553 829 115 40 pour
691 816 39 41 le
772 816 163 53 parler.
972 816 90 41 Par
1100 825 169 36 contre,
1296 817 29 39 il
1362 820 279 39 connaissait
1662 823 22 35 à
1723 818 109 41 fond
1872 820 40 40 la
1944 822 208 51 musique

126 884 243 51 française:
392 886 78 40 des
494 898 178 28 œuvres
696 885 242 41 modernes
959 885 29 40 il
1013 886 155 40 aimait
1192 893 177 33 surtout
1395 884 186 42 Carmen
1676 885 104 42 bien
1806 886 106 53 qu'il
1928 888 102 41 n'en
2052 903 76 38 par-

127 954 60 41 lât
208 967 97 40 pas.
338 953 323 52 L'Angleterre
681 953 212 42 semblait
917 954 279 41 l'intéresser
1218 954 255 52 davantage
1497 969 8 26 :
1538 955 30 40 il
1587 969 28 38 y
1638 969 22 26 a
1689 954 230 42 d'ailleurs
1943 956 113 41 dans
2089 957 63 41 les

126 1037 170 27 mœurs
320 1032 40 32 et
381 1023 63 41 les
480 1023 123 41 idées
626 1023 78 41 des
725 1023 191 52 Anglais
952 1032 42 33 et
1027 1023 79 41 des
1145 1022 269 42 Allemands
1437 1023 102 53 plus
1569 1024 106 41 d'un
1707 1027 127 50 point
1857 1037 228 29 commun.
2116 1025 36 41 Il

126 1090 69 43 n'a
221 1093 252 53 cependant
490 1093 161 53 jamais
674 1097 69 37 été
766 1107 55 27 en
855 1092 284 52 Angleterre.
1164 1092 172 56 Joseph
1358 1093 227 55 Joachim,
1607 1095 76 51 qui
1704 1093 158 54 depuis
1882 1093 79 41 des
1985 1098 166 38 années

125 1175 53 28 va
204 1162 351 51 régulièrement
579 1166 23 36 à
625 1161 222 48 Londres,
881 1176 56 27 au
971 1164 270 52 printemps,
1274 1163 175 41 donner
1486 1162 80 41 des
1600 1171 220 40 concerts,
1862 1162 104 42 s'est
2001 1164 150 41 donné

127 1229 237 55 beaucoup
397 1231 54 41 de
489 1232 132 52 peine
644 1244 114 40 pour
796 1232 180 40 décider
999 1244 83 28 son
1114 1234 88 38 ami
1237 1230 234 43 d'enfance
1493 1235 21 37 à
1545 1229 376 56 l'accompagner,
1947 1234 115 40 mais
2095 1246 54 28 en

123 1302 121 39 vain.
271 1299 231 42 Peut-être
526 1300 39 41 la
591 1301 167 50 langue
778 1300 106 54 qu'il
903 1314 54 27 ne
975 1301 164 53 parlait
1162 1314 81 40 pas
1260 1309 311 33 couramment
1590 1309 42 33 et
1648 1301 40 40 la
1716 1305 175 38 réserve
1914 1303 76 52 qui
2011 1307 138 46 règne

124 1370 113 40 dans
261 1370 39 40 la
326 1371 165 40 société
512 1370 205 50 anglaise
741 1370 39 40 le
803 1369 462 42 détournèrent-elles
1284 1370 54 41 de
1361 1383 48 28 ce
1436 1383 193 40 voyage.
1655 1369 33 42 Il
1714 1371 153 40 aimait
1886 1379 133 33 avant
2053 1379 96 34 tout

126 1452 70 27 ses
237 1440 116 39 aises
377 1449 42 31 et
461 1453 47 26 sa
543 1438 183 41 liberté!
776 1437 84 43 Ses
898 1439 280 53 sympathies
1222 1439 182 40 allaient
1443 1442 22 37 à
1500 1437 189 50 l'ltalie;
1732 1439 29 40 il
1783 1453 29 38 y
1835 1437 48 43 fit
1922 1439 226 52 plusieurs

124 1519 217 42 voyages,
362 1521 169 40 poussa
557 1511 145 37 même
734 1505 209 56 jusqu'en
968 1505 152 49 Sicile,
1152 1515 42 33 et
1216 1521 55 27 en
1292 1509 143 39 revint
1461 1508 202 52 toujours
1688 1508 199 40 charmé.

184 1576 30 41 Il
236 1578 107 40 était
359 1577 113 40 dans
493 1590 80 28 son
587 1576 193 42 élément
792 1591 85 26 aux
898 1578 166 40 soirées
1080 1576 381 42 hebdomadaires
1476 1576 59 42 du
1553 1589 20 26 «
1593 1576 496 42 Tonkunstler-Verein
2105 1588 41 29 ».

125 1644 64 42 Ce
208 1643 154 43 n'était
386 1659 80 39 pas
490 1658 88 28 une
617 1648 164 38 société
804 1646 54 40 de
878 1655 201 31 concerts
1103 1652 56 34 oû
1194 1648 258 50 quiconque
1488 1647 101 51 paie
1613 1658 46 28 sa
1695 1645 125 53 place
1849 1654 107 44 peut
1982 1655 163 42 entrer,

124 1716 114 39 mais
258 1728 88 27 une
369 1723 120 32 sorte
513 1714 54 40 de
587 1714 140 41 cercle
751 1714 109 41 dont
881 1722 102 33 tous
1007 1714 64 41 les
1096 1713 230 42 membres
1350 1728 46 27 se
1420 1716 337 40 connaissaient
1780 1714 103 53 plus
1907 1727 57 29 ou
1982 1716 164 50 moins,

124 1796 87 28 une
229 1785 191 40 réunion
444 1782 221 42 familière
689 1783 103 40 d'où
814 1791 124 32 toute
958 1785 251 39 contrainte
1234 1784 106 40 était
1353 1782 166 42 bannie
1538 1794 9 39 ;
1571 1783 30 40 il
1620 1798 28 38 y
1663 1784 119 39 avait
1804 1783 54 41 de
1881 1783 39 40 la
1940 1785 209 51 musique

218 1853 38 40 le
299 1865 291 40 programme
632 1853 107 40 était
773 1851 122 52 réglé
938 1851 214 42 d'avance
1263 1853 116 40 mais
1415 1863 107 30 sans
1556 1853 254 40 cérémonie
1838 1867 9 33 ;
1886 1866 61 27 un
1983 1865 166 40 souper

124 1923 165 40 suivait
329 1922 39 41 le
404 1931 193 32 concert.
639 1919 64 43 Le
737 1925 161 37 maître
922 1923 106 39 était
1052 1921 57 51 là,
1142 1921 341 51 généralement
1506 1925 189 36 entouré
1711 1920 55 41 de
1789 1920 128 53 jolies
1941 1919 206 52 femmes,

122 1990 278 53 plaisantait,
440 1992 117 47 riait,
608 1991 224 52 taquinait
883 1990 173 41 chacun
1086 2001 9 38 ;
1218 1990 28 41 il
1290 1991 107 39 était
1449 1990 231 53 président
1724 1987 256 43 d'honneur
2012 1990 55 40 de
2109 1990 40 40 la

125 2062 164 38 société
316 2070 8 37 ;
437 2060 30 40 il
487 2059 235 42 s'amusait
745 2059 78 41 des
848 2059 101 53 plus
972 2058 174 42 vieilles
1171 2059 315 53 plaisanteries
1519 2072 177 28 comme
1730 2058 67 41 s'il
1822 2058 64 42 les
1919 2058 232 42 entendait

124 2140 114 41 pour
270 2130 39 39 la
334 2130 221 52 première
578 2128 86 42 fois
681 2129 53 40 de
753 2142 46 27 sa
824 2130 86 39 vie.
938 2128 112 42 Vers
1075 2130 165 39 minuit
1261 2142 58 27 on
1340 2130 228 51 apportait
1598 2128 39 40 le
1670 2127 96 41 café
1874 2133 89 36 très
1988 2126 88 43 fort
2110 2137 42 33 et

124 2203 87 35 très
235 2198 163 41 chaud,
496 2207 42 32 et
562 2196 146 43 c'était
729 2197 40 40 la
795 2195 62 42 fin
886 2197 55 40 de
964 2197 41 40 la
1027 2210 20 27 «
1081 2197 265 41 charmante
1374 2199 145 38 soirée
1542 2208 37 28 ».
1607 2196 70 42 Un
1699 2197 220 40 musicien
1942 2200 210 48 étranger

122 2267 54 40 de
199 2267 196 52 quelque
419 2268 280 51 importance
731 2267 207 40 venait-il
961 2270 21 36 à
1006 2265 191 49 Vienne,
1222 2265 29 41 il
1275 2267 107 40 était
1405 2265 39 40 le
1465 2265 228 41 bienvenu
1718 2269 22 36 à
1764 2279 72 26 ces
1859 2267 215 40 réunions

123 2338 75 50 qui
220 2337 177 40 avaient
418 2335 87 42 lieu
529 2336 114 40 dans
667 2350 60 26 un
748 2335 113 40 local
880 2335 88 40 laid
994 2343 41 32 et
1053 2347 85 40 peu
1162 2342 143 42 vaste,
1325 2335 86 39 mis
1436 2338 21 35 à
1483 2333 41 40 la
1552 2333 273 52 disposition
1845 2334 55 40 de
1923 2333 40 42 la
1988 2335 164 40 société

122 2417 80 40 par
226 2404 38 40 le
284 2404 349 40 Conservatoire
656 2404 55 40 de
750 2405 230 50 musique.
1012 2402 56 41 Et
1103 2401 72 54 j'ai
1197 2411 190 32 souvent
1409 2402 199 41 entendu
1641 2401 96 41 dire
1773 2406 22 35 à
1829 2415 71 28 ces
1937 2403 128 41 hôtes
2098 2403 54 40 de

123 2483 222 43 passage:
373 2485 20 27 «
433 2472 120 42 C'est
586 2473 61 41 lui
683 2472 41 41 le
764 2472 184 40 maître!
987 2471 51 55 Je
1084 2471 175 41 m'étais
1315 2471 79 41 fait
1432 2471 54 40 de
1533 2470 195 41 Brahms
1773 2484 87 27 une
1893 2479 96 33 tout
2025 2480 126 32 autre

124 2542 97 41 idée
244 2542 6 38 !
280 2553 20 27 »

178 2610 193 41 Brahms
394 2608 203 42 n'aimait
619 2622 81 40 pas
738 2610 298 52 précisément
1060 2613 22 37 à
1107 2608 221 42 favoriser
1347 2608 63 42 les
1433 2609 155 53 jeunes
1617 2620 8 37 ;
1661 2610 192 39 certains
1886 2608 265 52 prétendent

122 2684 146 36 même
293 2678 106 54 qu'il
423 2677 153 42 n'était
593 2692 79 39 pas
694 2678 181 51 éloigné
897 2678 55 41 de
985 2678 214 51 regarder
1219 2691 105 28 avec
1354 2678 191 53 jalousie
1568 2686 42 32 et
1631 2678 130 40 envie
1796 2676 64 42 les
1890 2681 154 37 succès
2074 2676 78 41 des

122 2750 155 52 jeunes
317 2749 243 40 musiciens
600 2763 8 33 ;
651 2749 115 39 mais
804 2761 47 27 ce
888 2749 135 40 serait
1060 2747 219 53 dépasser
1298 2747 38 41 le
1367 2746 133 42 cadre
1529 2746 54 41 de
1616 2754 112 33 cette
1750 2747 207 52 esquisse
1980 2759 86 40 que
2098 2745 54 41 de

121 2817 260 42 m'attarder
405 2831 77 27 sur
507 2831 48 27 ce
590 2817 131 53 sujet.
745 2816 50 56 Je
834 2817 99 40 dois
957 2817 96 41 dire
1070 2817 59 40 du
1150 2817 149 41 moins
1324 2829 103 40 que,
1453 2815 203 42 membre
1677 2815 61 42 du
1757 2815 100 54 jury
1881 2818 22 37 à
1924 2815 227 53 plusieurs

120 2900 234 35 concours,
381 2887 29 39 il
435 2886 238 53 s'acquitta
695 2886 54 40 de
773 2900 82 27 son
893 2886 167 53 emploi
1100 2900 107 27 avec
1243 2886 39 40 la
1327 2886 102 53 plus
1463 2885 173 52 grande
1673 2887 263 39 conscience
1965 2893 42 33 et
2046 2884 108 54 qu'il

119 2956 318 41 recommanda
460 2959 22 36 à
507 2968 81 28 son
611 2955 175 41 éditeur
806 2954 186 42 Simrok
1012 2955 115 41 deux
1144 2956 159 52 jeunes
1322 2968 113 38 gens
1457 2954 111 42 dont
1592 2955 63 41 les
1683 2963 185 33 travaux
1890 2954 61 41 lui
1970 2955 184 40 avaient

121 3025 235 53 beaucoup
378 3025 96 53 plu.
508 3024 31 41 Il
564 3023 168 43 n'avait
752 3026 164 52 jamais
940 3039 54 27 eu
1018 3025 11 41 1
1049 3027 228 39 intention
1300 3024 54 42 de
1377 3023 112 42 faire
1526 3024 79 41 des
1636 3024 163 49 élèves,
1825 3025 116 39 mais
1973 3024 119 40 lisait
2114 3031 42 33 et

119 3095 228 51 critiquait
371 3098 22 35 à
415 3093 246 42 l'occasion
700 3093 64 41 les
794 3107 179 28 œuvres
1006 3095 136 52 qu'on
1174 3095 62 40 lui
1279 3094 247 53 présentait
1566 3101 43 33 et
1633 3094 107 40 était
1761 3093 202 53 toujours
1999 3095 96 49 prêt
2132 3096 22 36 à

119 3162 210 53 indiquer
355 3162 79 40 des
465 3163 275 40 corrections
780 3175 57 28 ou
870 3163 78 40 des
987 3163 241 41 retouches
1249 3164 293 39 nécessaires.
1576 3161 65 41 Ce
1664 3159 153 43 n'était
1854 3161 302 40 évidemment

120 3245 81 39 pas
225 3245 60 26 un
304 3232 190 51 critique
511 3231 173 40 tendre.
710 3231 71 42 Un
802 3231 56 41 de
887 3245 82 28 nos
992 3232 104 53 plus
1121 3233 160 52 jeunes
1302 3232 346 52 compositeurs,
1674 3230 226 53 plusieurs
1935 3227 87 43 fois
2053 3242 77 29 cou-

122 3304 157 44 ronné,
303 3297 166 43 s'arma
494 3314 61 26 un
579 3300 101 53 jour
701 3300 55 41 de
780 3314 197 38 courage
994 3309 42 33 et
1056 3301 87 41 alla
1170 3301 61 41 lui
1272 3309 202 33 montrer
1495 3313 71 27 ses
1590 3299 231 41 dernières
1844 3298 308 53 productions.

122 3369 211 48 Brahms,
359 3370 76 52 qui
471 3368 293 42 s'intéressait
788 3373 22 37 à
847 3370 79 49 lui,
951 3370 64 42 les
1039 3371 64 41 lut
1140 3384 110 28 avec
1273 3370 62 41 lui
1357 3382 56 29 en
1435 3368 152 49 détail,
1625 3369 114 40 mais
1771 3383 28 38 y
1822 3376 159 33 trouva
2013 3376 95 34 tant
2133 3372 18 36 à

120 3440 214 51 critiquer
349 3448 41 32 et
412 3442 21 36 à
460 3440 202 49 corriger
686 3452 87 40 que
792 3439 39 41 le
852 3440 132 52 jeune
1009 3441 239 47 musicien,
1269 3439 271 50 découragé,
1567 3436 154 44 s'écria
1742 3448 8 28 :
1775 3450 20 27 «
1819 3436 133 52 Mais,
1977 3441 175 46 maître,

120 3510 36 38 si
178 3521 114 28 vous
311 3507 135 42 devez
475 3521 71 28 me
565 3506 175 43 blâmer
761 3509 133 49 ainsi,
936 3508 243 54 j'aimerais
1220 3510 148 39 mieux
1406 3521 152 28 cesser
1587 3507 54 41 de
1675 3520 251 40 composer.
1949 3518 21 29 »
1991 3507 38 42 A
2050 3511 107 51 quoi
