2214 2816
451 331 51 21 Man
518 332 57 22 hatte
592 335 54 21 auch
664 335 49 23 kein
728 337 135 23 Verständnis
879 337 35 23 für
930 340 36 21 das
986 341 116 22 Heroische
1119 342 55 22 einer

451 362 142 30 gefahrvollen
614 369 209 24 Künstlerlaufbahn.
853 373 52 20 Man
924 373 57 21 ehrte
1000 374 41 21 den
1058 375 116 21 Reichtum

451 404 93 22 weniger
567 398 85 28 darum,
672 402 51 22 weil
743 410 22 14 er
785 404 136 30 Gelegenheit
942 414 25 13 zu
991 407 68 21 einem
1082 406 92 23 feineren

451 428 151 32 Lebensgenufs
620 432 49 27 bot,
686 435 91 23 sondern
792 437 50 22 weil
858 446 21 13 er
896 438 54 22 auch
968 440 57 21 noch
1043 439 40 22 den
1099 441 60 21 Nach-

451 459 98 25 kommen
567 464 33 22 die
616 467 114 22 Sicherheit
750 477 38 14 vor
809 470 56 22 einer
880 471 189 30 problematischen
1086 473 76 22 Lebens-

451 493 89 32 stellung
553 497 38 29 gab
601 499 42 21 und
653 499 29 22 als
693 502 67 29 Lump
771 503 44 28 galt
827 504 57 21 noch
897 513 38 13 vor
948 505 52 21 zwei
1010 507 163 25 Generationen,

451 534 44 13 wer
506 536 40 14 von
558 531 76 22 seinem
647 533 83 30 Kapital
743 535 74 23 zehrte.

501 561 38 21 Ein
550 563 105 23 stehendes
664 566 118 23 Witzwort
790 568 100 23 Böcklins
903 561 78 36 lautet:
994 570 85 27 „Greift
1088 580 41 13 nur
1138 572 36 22 das

451 592 83 29 Kapital
549 596 57 21 nicht
621 602 48 22 an«,
686 599 27 21 ob
729 608 50 14 man
791 609 43 14 nun
847 603 73 29 gerade
933 604 64 26 berät,
1009 604 43 22 wie
1064 604 49 31 lang
1125 613 49 14 man

452 625 54 21 noch
519 625 54 24 beim
583 629 86 23 Chianti
681 633 112 21 verweilen
804 636 66 21 wolle
882 636 52 22 oder
945 636 28 22 ob
983 637 37 21 ihn
1030 637 82 29 jemand
1124 637 50 22 über

452 658 32 19 die
501 658 55 22 beste
572 661 138 33 Zubereitung
730 666 54 22 eines
802 668 128 23 Oelfirnisses
948 669 34 22 für
997 669 175 27 Temperafarben

452 690 61 29 tragt.
1052 690 9 11 r

800 752 18 22 *

501 821 38 21 Die
548 823 83 22 Familie
640 827 98 23 Böcklins
751 830 86 29 gehörte
848 831 111 31 allerdings
970 833 58 22 nicht
1036 842 24 13 zu
1070 834 40 22 den
1117 834 55 22 alten

454 855 75 19 Baseler
542 856 163 26 Geschlechtern.
734 863 41 21 Der
787 865 166 22 Mannesstamm
967 867 25 20 ist
1004 874 37 14 aus
1053 867 120 30 Beggingen

453 890 29 15 im
491 887 82 22 Kanton
583 890 150 25 Schaffhausen
742 895 162 30 eingewandert,
915 899 60 21 wohl
986 899 47 21 aber
1042 900 88 29 gehörte
1139 900 34 21 die

454 920 76 19 Mutter
546 920 33 21 des
593 923 103 24 Künstlers
713 927 55 22 einer
782 929 185 31 alteingesessenen
980 932 84 21 Familie
1080 940 34 17 an,
1127 932 45 22 und

453 953 72 23 gerade
531 960 28 13 sie
565 961 44 15 war
616 955 32 23 für
655 957 39 22 den
699 961 160 23 Künstlerberuf
863 963 34 22 des
904 964 88 25 Sohnes,
999 965 53 21 ihres
1057 965 114 29 Lieblings,

454 985 53 18 beim
519 985 60 22 Vater
591 994 45 15 eine
648 989 118 33 beständige
777 995 164 31 Fürsprecherin.

501 1017 68 22 Dieser
585 1028 44 14 war
645 1023 32 21 ein
693 1025 174 32 hervorragender
879 1028 134 28 Kaufmann;
1026 1039 21 12 er
1058 1031 58 21 hatte
1128 1031 45 21 sich

453 1052 21 14 in
486 1055 65 15 einem
561 1052 105 29 Geschäft,
679 1056 34 22 das
727 1058 105 25 türkische
841 1063 86 20 Mützen
939 1063 112 25 herstellte,
1064 1063 65 22 durch
1139 1063 34 22 die

454 1084 135 29 Entdeckung
598 1085 35 22 der
642 1089 100 30 richtigen
751 1098 59 16 roten
818 1094 62 22 Farbe
889 1096 157 28 ausgezeichnet
1054 1096 43 22 und
1105 1099 68 25 später

454 1114 75 20 höhere
542 1116 119 33 Stellungen
672 1121 22 22 in
706 1124 153 25 Bandfabriken
872 1128 170 30 eingenommen.

456 1175 56 18 nirU
543 1155 10 12 C
572 1181 10 12 j
626 1153 79 23 Arnold
718 1157 88 23 Bücklin
822 1160 28 21 als
866 1160 37 22 der
915 1162 57 21 Sohn
985 1171 43 13 von
1040 1163 82 25 Eltern,
1140 1162 33 21 die

455 1182 54 44 blnt
521 1186 26 40 f
569 1191 81 35 w/™
662 1194 70 16 Waren
738 1205 6 9 '
761 1192 6 27 J
771 1199 36 14 ene
821 1193 161 32 Schulbildung,
1000 1196 34 22 die
1049 1196 46 22 ihm
1112 1196 61 22 nicht

469 1215 18 14 ic
501 1217 8 13 s
521 1215 39 18 den
569 1215 117 30 Wortsinn,
699 1221 89 23 sondern
800 1226 54 21 auch
867 1226 39 22 den
919 1228 122 30 poetischen
1050 1229 78 22 Gehalt
1137 1229 36 21 der

457 1245 83 20 antiken
550 1246 107 25 Litteratur
666 1254 107 26 erschloss,
786 1257 43 21 und
839 1258 93 24 daneben
943 1262 61 25 auch,
1017 1263 42 20 wie
1068 1262 40 21 alle
1118 1262 55 21 seine

455 1305 57 18 Wnn
522 1283 26 40 \
638 1284 65 21 tüchti
705 1293 13 22 S
720 1294 9 13 e
731 1295 13 13 n
764 1289 215 31 Zeichenunterricht;
1002 1303 40 12 nur
1064 1294 39 21 mit
1124 1294 49 21 dem

456 1307 105 23 Wunsche
578 1312 32 21 des
625 1315 96 27 Knaben,
738 1320 67 22 Maler
820 1331 24 13 zu
859 1326 95 26 werden,
973 1326 80 22 konnte
1070 1327 44 21 sich
1130 1326 42 22 sein

456 1347 67 42 irennl
558 1376 19 13 n
607 1378 10 11 J
611 1346 137 26 befreunden:
771 1361 20 14 «
811 1356 50 29 gebe
879 1359 66 21 schon
963 1359 123 30 hungernde
1104 1359 69 22 Maler

457 1409 12 12 n
480 1403 34 20 cht
532 1404 17 19 1,
606 1378 33 45 f
655 1381 13 42 !
669 1383 69 22 amiUe
757 1386 102 25 Mhlreich
877 1399 46 14 war
924 1409 6 8 >
951 1392 80 22 konnte
1050 1401 49 13 man
1117 1393 55 21 auch

456 1403 144 60 üisttt.
655 1414 33 21 Ml
708 1415 18 21 cl
743 1418 116 25 aUfeeiben
864 1439 6 8 >
887 1431 37 16 ™
942 1425 12 21 d
957 1433 25 14 -
997 1427 12 20 S
1011 1434 14 13 °
1025 1425 15 22 h
1147 1433 25 15 »

457 1496 75 26 kanme
523 1469 24 22 be
544 1511 7 12 s
549 1478 8 13 r
554 1504 52 21 chon
816 1486 159 33 Temperament
981 1491 82 22 Arnold
1072 1491 100 23 Böcklins

457 1530 15 21 E
523 1504 123 53 huntlt
646 1517 20 13 m
668 1543 11 14 v
780 1518 109 24 Bedenken
893 1538 6 9 >
915 1531 64 14 ™»
994 1532 20 14 «
1029 1524 45 23 **
1088 1533 38 14 um
1138 1525 34 22 die

457 1563 26 20 Er
501 1571 33 15 nat
588 1547 40 44 seTn
667 1550 132 41 .""u"'"
808 1551 48 22 dler
863 1554 74 23 echten
1067 1558 104 22 handelte.

459 1627 83 27 jubelnd
560 1633 36 22 auf
597 1610 55 48 Ten
673 1616 59 45 ZZ
946 1623 63 21 BeUte
1018 1631 29 14 ™
1049 1624 13 21 d
1072 1624 31 22 Sk
1105 1633 14 21 *
1128 1625 44 21 sich

459 1666 108 20 gonnenen
582 1668 79 22 Kamnf
673 1641 32 49 T
751 1651 100 39 "T*"'
869 1652 47 22 aber
931 1653 40 22 den
988 1655 135 32 leichtsinnig
1138 1657 24 22 be-

460 1690 34 23 *
506 1668 292 70 giänzent^LgZ^
811 1685 48 19 ~
1141 1689 32 24 *

461 1727 393 72 *>£**?£2z&
864 1748 18 21 al
882 1727 2 72 ,
884 1749 53 23 lseki
938 1760 26 39 f
970 1755 184 30 verania^em-

461 1787 45 23 soll.
530 1792 35 21 Als
577 1795 96 26 Plastiker
689 1802 11 19 h
716 1807 61 14 fl
777 1816 8 5 ,
848 1781 40 21 mal
906 1784 81 22 Wahrer
1130 1790 42 21 sein

461 1819 41 21 *ic
518 1823 28 21 als
561 1827 92 24 Kolorist
691 1835 36 18 AU
741 1813 34 40 %.
815 1818 22 14 m
852 1815 79 22 mnier
942 1819 126 29 Originelles
1080 1822 93 28 geleistet

462 1851 144 28 Musikfreund
622 1867 42 17 und
679 1867 54 22 ohne
751 1878 9 11 a
765 1848 78 41 »!Tw
851 1852 13 22 B
865 1853 43 36 T
910 1848 28 21 ler
942 1867 6 8 '

462 1883 102 26 mehreren
578 1891 148 28 Instrumenten
820 1876 189 30 «Unterricht
1023 1886 97 23 Virtuose
1136 1887 40 22 auf

462 1922 43 15 -as
517 1926 47 15 man
576 1928 40 16 etw
641 1903 27 46 aTs
966 1915 34 23 für
1013 1917 34 22 das
1058 1920 114 30 -ranlagt,

462 1954 21 12 «
497 1948 53 24 doch
566 1955 76 23 wieder
656 1939 115 48 denken
1002 1949 80 24 künnte
1086 1969 6 8 >
1106 1952 12 22 b
1141 1961 11 14 a
1155 1953 16 23 *

464 1980 42 21 und
522 1984 128 31 ästhetische,
889 1977 108 25 athematis
999 1983 53 22 chen
1063 1986 108 26 Verstand,

464 2011 103 26 Probleme

487 2045 13 43 .
512 2046 32 21 Ab
546 2055 20 13 er
583 2050 33 22 der
633 2056 100 26 eminente
751 2045 113 43 Scharffinr
882 2048 12 21 8
904 2057 5 6 '
932 2074 10 14 J
997 2079 5 3 •

464 2082 64 17 seiner
554 2081 215 33 Phantasiethätiekeit
823 2076 45 38 T
905 2082 10 13 a
932 2075 12 21 d
963 2085 59 16 meist
1039 2081 30 22 im
1087 2083 39 21 Die
1128 2089 44 17 nste

466 2106 70 31 öfters,
564 2112 63 25 besafs
650 2127 19 14 er
691 2101 112 47 ausserdem
867 2111 42 15 **
931 2109 75 23 Stirnm
1007 2117 165 26 ungsmenschen

465 2140 126 27 Farbensinn.
612 2150 63 23 Noch
684 2154 21 22 in
715 2160 89 24 späteren
897 2169 12 13 t
981 2148 190 28 gesprochenen

466 2179 52 15 emes
529 2176 126 32 Farbstoffes,
670 2185 39 23 den
726 2197 19 13 er
760 2191 52 21 beim
826 2165 12 47 J
873 2199 11 13 c
912 2179 13 13 °
926 2178 49 17 nMe
986 2183 11 13 e
997 2184 9 13 r
1015 2176 55 24 beim
1079 2181 93 23 Anblick

466 2204 141 36 Begeisterung
625 2221 79 21 geraten
704 2202 19 46 .
741 2202 73 46 DieseT
957 2206 105 29 grflmden
1064 2228 5 8 '
1086 2213 21 21 in
1119 2214 53 23 helle

466 2238 92 27 genährt,
570 2243 48 22 weil
630 2246 31 22 die
889 2242 48 46 X
945 2248 77 44 BanT
1132 2247 43 45 f

871 2281 12 12 &
899 2274 35 14 aer
945 2274 135 24 Bandmuster
1092 2285 22 14 in
1132 2279 40 22 den

1241 344 69 21 Basler
1327 343 100 23 Fabriken
1449 343 72 23 früher
1542 345 126 30 wenigstens
1690 345 55 21 noch
1766 345 33 21 die
1818 342 98 32 Aufgabe
1934 340 34 22 der

1241 377 68 21 Leiter
1326 386 56 17 war,
1401 377 105 22 vielleicht
1524 378 36 21 hat
1578 378 44 21 sich
1641 378 55 21 auch
1714 378 33 21 die
1765 380 90 23 Mutter,
1876 376 33 21 die
1929 373 39 22 den

1242 409 89 22 Knaben
1343 419 23 13 so
1379 409 48 22 früh
1440 411 129 25 verstanden,
1582 411 65 21 öfters
1660 410 66 22 damit
1739 409 85 24 befafst.

1290 443 52 21 Wie
1351 444 33 20 bei
1391 443 113 26 Lionardo,
1512 444 38 21 mit
1559 443 48 22 dem
1614 443 89 22 Böcklin
1713 444 58 21 nicht
1781 442 54 23 blofs
1843 443 34 21 die
1884 440 84 32 geistige

1240 475 160 31 Vielseitigkeit,
1413 476 90 21 sondern
1515 477 54 21 auch
1581 476 33 22 die
1625 476 149 31 Körperstärke
1785 477 128 29 gemeinsam
1926 474 42 22 hat,

1240 508 81 22 scheint
1336 508 47 22 aber
1401 508 34 22 die
1447 509 88 21 Malerei
1550 510 55 21 auch
1621 509 33 21 bei
1671 510 45 20 ihm
1733 518 43 13 von
1787 508 81 32 Jugend
1880 506 41 24 auf
1929 505 39 22 den

1240 543 57 20 Kern
1310 541 50 22 aller
1371 543 111 20 Interessen
1496 541 91 31 gebildet
1599 550 25 13 zu
1637 541 75 22 haben.

1290 576 26 20 Es
1328 574 86 22 bestand
1427 574 79 22 damals
1519 575 21 21 in
1550 574 57 22 Basel
1620 575 56 21 noch
1686 574 61 22 keine
1757 574 122 23 öffentliche
1890 574 65 21 Kunst-

1240 607 127 30 sammlung,
1380 607 33 22 die
1425 615 24 14 zu
1462 607 132 22 bestimmten
1605 607 92 22 Stunden
1709 608 124 28 Jedermann
1843 603 125 34 zugänglich

1240 648 58 18 war;
1316 640 22 22 in
1350 640 70 22 einem
1438 640 93 22 dunklen
1550 640 184 22 unzureichenden
1746 643 82 19 Räume
1844 640 35 22 der
1889 637 68 24 Biblio-

1240 672 51 22 thek
1313 673 78 29 hingen
1410 673 34 21 die
1465 673 160 22 Meisterwerke
1644 673 105 22 Holbeins
1770 673 134 22 beisammen.
1936 671 32 20 Da

1239 711 88 17 wartete
1340 706 53 21 denn
1406 706 36 21 der
1451 706 72 21 Knabe
1534 706 32 22 die
1576 707 45 21 Zeit
1634 706 33 26 ab,
1677 715 65 13 wenn
1752 706 85 22 Fremde
1851 703 117 32 eingeführt

1240 739 89 21 wurden
1335 746 36 14 um
1377 739 38 21 mit
1419 739 147 29 zugelassenzu
1573 739 93 25 •werden,
1672 739 138 22 obwohlsich
1815 739 35 22 der
1855 736 113 25 mürrische

1240 771 90 22 Abwart
1342 777 48 16 stets
1403 772 22 21 in
1435 771 180 31 Schimpfworten
1628 772 50 22 über
1690 772 33 22 die
1733 771 166 31 unbegreifliche
1908 771 45 21 Neu-

1239 804 44 29 gier
1294 804 36 21 des
1341 806 81 28 Jungen
1435 805 79 29 erging.

1289 838 54 20 Was
1355 836 90 22 Böcklin
1463 837 25 22 da
1504 838 46 25 sah,
1569 838 77 21 bildete
1663 838 37 22 ihn
1712 838 72 26 wohl,
1802 838 51 22 weil
1870 845 20 14 es
1906 835 50 22 über-

1239 870 67 30 haupt
1317 869 70 31 grofse
1396 872 69 19 Kunst
1474 878 53 17 war,
1540 871 57 21 hatte
1609 871 49 21 aber
1667 871 76 21 keinen
1752 871 119 22 dauernden
1880 865 87 27 Einflufs

1240 901 41 22 auf
1299 903 55 21 seine
1370 903 186 30 Geistesrichtung.
1588 903 277 30 Ausgesprochenermafsen
1894 902 74 31 gehört

1239 934 91 22 Böcklin
1342 935 58 22 nicht
1416 944 25 13 zu
1453 938 56 27 jener
1521 937 67 21 Reihe
1603 944 42 14 von
1658 937 122 25 Künstlern,
1798 937 62 21 deren
1873 938 95 19 Interesse

1239 976 27 13 an
1279 967 35 22 der
1327 968 138 22 Sichtbarkeit
1477 968 68 31 völlig
1557 968 96 31 aufgeht,
1671 970 40 25 die,
1729 978 37 13 wo
1779 970 28 21 sie
1820 969 104 24 erzählen,
1942 972 26 16 an

1239 1000 126 22 dichterisch
1377 1002 67 21 schon
1457 1001 134 23 verarbeitete
1604 1001 67 23 Stoffe
1687 1001 125 31 anknüpfen
1824 1005 83 19 müssen
1920 999 49 22 oder

1239 1033 56 21 doch
1313 1042 26 13 an
1352 1032 77 28 Stoffe,
1450 1034 33 22 die
1504 1043 22 13 so
1545 1036 46 21 sehr
1609 1035 21 21 in
1647 1035 36 22 der
1696 1034 51 23 Luft
1763 1036 80 29 liegen,
1864 1035 43 21 wie
1918 1041 17 14 z.
1946 1032 22 21 B.

1239 1066 35 21 der
1283 1067 124 22 Totentanz.

1289 1099 89 22 Böcklin
1393 1100 26 21 ist
1431 1101 60 21 nicht
1503 1109 40 13 nur
1559 1100 109 22 bildender
1684 1100 108 26 Künstler,
1809 1100 90 22 sondern
1914 1097 54 23 auch

1239 1131 80 31 grofser
1330 1133 114 26 Novellist,
1460 1142 51 13 man
1526 1134 54 21 sieht
1596 1134 42 21 dies
1655 1133 75 31 gerade
1743 1133 37 26 da,
1796 1142 38 13 wo
1852 1142 22 13 er
1890 1141 27 13 an
1933 1131 24 22 Er-

1239 1165 118 31 zählungen
1372 1165 114 32 anknüpft,
1502 1166 33 22 die
1548 1167 72 21 bereits
1638 1167 45 20 eine
1700 1167 106 31 poetische
1818 1165 150 27 Verarbeitung

1239 1197 97 23 erfahren
1345 1199 76 22 haben.
1439 1201 25 20 Es
1475 1199 47 22 sind
1531 1199 60 22 nicht
1600 1208 40 13 nur
1649 1200 45 21 eine
1704 1199 72 26 „Fülle
1788 1208 42 13 von

1239 1231 50 22 über
1296 1231 35 22 das
1338 1232 46 21 Bild
1392 1238 137 24 ausgestreut,
1540 1232 33 21 die
1582 1232 30 21 im
1620 1233 145 21 Dichterwort
1774 1232 59 22 nicht
1844 1231 124 31 angedeutet

1239 1264 58 26 sind,
1315 1264 89 22 sondern
1423 1265 55 22 auch
1497 1265 156 22 novellistische
1669 1266 64 29 Züge.
1761 1265 66 21 Selbst
1842 1266 30 20 im
1889 1264 79 22 Porträt

1239 1297 72 22 deutet
1331 1298 33 21 ein
1382 1298 111 21 fiedelnder
1510 1297 55 27 Tod,
1587 1298 51 21 oder
1656 1298 53 21 auch
1728 1297 55 22 blofs
1802 1298 33 21 ein
1855 1305 48 24 paar
1920 1292 36 26 auf-

1239 1330 119 22 flatternder
1371 1330 72 22 Raben
1455 1331 57 21 noch
1526 1331 44 21 eine
1582 1331 126 21 Geschichte
1720 1339 34 14 an.

1289 1363 114 31 Uebrigens
1418 1364 26 21 ist
1460 1363 94 22 Holbein
1570 1364 21 21 in
1606 1363 58 22 Basel
1681 1372 38 13 nur
1735 1363 66 22 durch
1814 1359 154 35 Jugendwerke

1239 1402 101 17 vertreten
1358 1396 43 23 und
1417 1402 59 17 unter
1493 1396 39 23 den
1548 1396 116 23 Gemälden
1677 1396 126 30 wenigstens
1817 1396 94 23 befinden
1924 1392 43 23 sich

1239 1437 39 14 nur
1289 1430 91 30 wenige,
1397 1430 33 22 die
1446 1428 41 24 auf
1495 1430 61 22 einen
1569 1430 187 22 Unvorbereiteten
1768 1430 61 21 einen
1842 1428 65 23 tiefen
1919 1429 38 19 Ein

1239 1462 66 22 druck
1317 1463 90 22 machen
1416 1463 93 22 werden.

1289 1497 99 28 Dagegen
1404 1495 57 23 mufs
1477 1496 32 21 die
1526 1494 175 23 landschaftliche
1717 1495 128 30 Umgebung
1858 1495 35 22 der
1911 1490 57 25 Stadt

1239 1529 35 21 der
1286 1529 112 22 Phantasie
1419 1529 35 21 des
1473 1528 88 21 Knaben
1576 1528 68 21 reiche
1660 1528 108 29 Nahrung
1787 1528 90 30 geboten
1893 1526 74 23 haben.

1239 1562 57 21 Basel
1309 1562 51 29 liegt
1372 1569 35 14 am
1420 1560 98 30 Anfange
1530 1565 35 17 der
1579 1560 85 30 grofsen
1673 1561 141 26 Rheinebene,
1825 1561 33 22 die
1870 1561 43 21 sich
1926 1564 42 16 von

1239 1594 36 22 der
1287 1594 94 22 Schweiz
1393 1594 31 21 bis
1440 1594 53 21 nach
1508 1594 129 21 Rüdesheim
1653 1593 92 22 hinzieht
1760 1595 43 21 und
1816 1594 43 22 drei
1872 1593 95 27 Gebirge,

1239 1627 33 22 die
1285 1628 103 28 Vogesen,
1402 1626 35 22 der
1449 1626 158 21 Schwarzwald
1620 1626 43 21 und
1675 1626 36 22 der
1721 1628 54 27 Jura,
1792 1628 125 21 umsäumen
1929 1627 38 19 mit

1239 1659 218 30 verschiedenartigen
1469 1659 250 30 schöngeschwungenen
1729 1662 111 20 Konturen
1852 1659 40 21 den
1901 1660 53 20 Hori-

1239 1698 56 16 zont.
1324 1692 90 22 Böcklin
1431 1692 36 21 hat
1482 1691 129 22 namentlich
1628 1692 30 21 im
1672 1694 47 26 Jura
1736 1693 55 21 seine
1806 1699 65 15 ersten
1884 1689 82 24 Motive

1239 1724 114 31 gefunden.
1383 1725 40 21 Die
1441 1723 85 31 grofsen
1543 1725 74 21 Linien
1639 1724 35 23 der
1692 1725 77 30 langen
1786 1725 33 22 oft
1838 1726 21 21 in
1876 1723 90 32 gleicher

1239 1760 61 20 Form
1322 1758 44 22 sich
1392 1757 185 23 wiederholenden
1603 1758 144 30 Höhenzüge,
1774 1758 34 22 die
1830 1756 137 24 malerischen

1240 1791 136 25 Schluchten,
1389 1789 91 24 schroffe
1493 1790 128 26 Kalkfelsen,
1634 1791 34 21 die
1680 1790 110 23 senkrecht
1802 1800 36 13 aus
1851 1789 116 24 herrlichen

1239 1824 105 22 Wäldern
1363 1832 146 23 emporragen,
1530 1823 44 22 und
1592 1824 140 30 Burgruinen,
1752 1824 33 21 die
1802 1823 109 30 beständig
1927 1821 39 22 den

1239 1856 116 23 Gedanken
1372 1866 27 13 an
1415 1858 45 21 eine
1476 1856 66 23 wilde
1557 1856 137 31 kriegerische
1712 1857 168 31 Vergangenheit
1892 1854 60 23 wach-

1238 1890 79 26 halten,
1330 1899 71 13 waren
1413 1890 43 26 das,
1470 1898 44 13 was
1526 1889 41 22 den
1580 1889 87 22 Knaben
1679 1889 115 31 begeistern
1806 1890 87 21 konnte.

1288 1925 44 20 Aus
1349 1924 78 21 seinem
1443 1923 148 21 sechszehnten
1602 1923 59 28 Jahre
1677 1923 26 20 ist
1720 1922 36 22 das
1772 1929 51 15 erste
1838 1921 86 23 Oelbild
1935 1926 21 14 er-

1239 1955 80 22 halten:
1341 1957 46 21 eine
1404 1954 178 24 wildzerklüftete
1600 1955 119 26 Felswand,
1741 1955 64 22 davor
1823 1955 33 22 die
1873 1952 93 24 dunklen

1239 1989 132 22 Silhouetten
1383 1989 78 30 einiger
1472 1990 88 20 Tannen
1573 1989 30 20 im
1614 1988 153 26 Mondschein,
1783 1989 56 21 Alles
1851 1989 22 21 in
1886 1989 79 29 grünen

1239 2022 43 21 und
1298 2022 119 22 schwarzen
1429 2023 75 20 Tönen
1515 2021 105 30 gehalten.
1643 2021 52 22 Eine
1710 2016 254 36 Stimmungslandschaft,

1239 2063 55 13 zwar
1310 2060 64 17 etwas
1391 2055 47 22 hart
1453 2054 43 22 und
1511 2054 67 25 flach,
1597 2054 47 22 aber
1658 2054 67 22 schon
1741 2063 44 13 von
1804 2054 92 31 grofsem
1913 2053 51 26 Zug.

1239 2088 39 21 Die
1290 2087 90 22 kleinere
1389 2089 124 24 Schwester,
1526 2087 33 22 die
1569 2087 35 22 der
1614 2087 73 22 Knabe
1699 2087 65 22 davor
1776 2087 79 26 führte,
1868 2085 50 24 fand
1930 2083 34 22 das

1239 2120 44 22 Bild
1296 2121 142 26 unheimlich;
1455 2120 76 30 jedoch
1543 2120 36 22 der
1592 2119 101 31 Schöpfer
1704 2120 89 22 lächelte
1805 2120 29 22 sie
1846 2115 118 27 freundlich

1239 2161 33 18 an,
1286 2153 54 22 denn
1353 2154 75 30 gerade
1440 2153 36 22 das
1489 2153 57 22 hatte
1558 2161 20 14 er
1590 2153 96 29 gewollt.

1288 2186 59 22 Seine
1356 2187 148 29 Stimmungen
1514 2194 69 14 waren
1594 2192 79 16 vorerst
1683 2186 39 22 alle
1734 2186 57 22 noch
1803 2186 97 22 düsteren
1910 2182 41 23 Cha-

1239 2218 83 23 rakters.
1338 2221 45 20 Erst
1393 2219 34 22 der
1434 2221 59 20 Ernst
1503 2219 34 21 des
1548 2221 92 28 späteren
1648 2219 77 21 Lebens
1735 2219 66 22 lechzt
1810 2219 54 22 nach
1874 2218 90 22 heiteren

1239 2252 89 26 Bildern,
1342 2259 39 15 erst
1393 2252 36 22 der
1442 2254 67 20 Mann
1521 2251 88 31 geniefst
1621 2252 33 21 die
1667 2252 76 22 Freude
1759 2252 39 22 mit
1810 2252 71 22 vollen
1893 2251 70 27 Zügen

1239 2284 43 22 und
1294 2293 40 14 nur
1346 2285 33 22 die
1391 2285 51 23 reife
1454 2286 68 21 Kunst
1534 2284 61 23 weifs
1608 2284 33 22 die
1653 2285 142 22 darzustellen.

1264 2443 0 0 74
