2214 2816
552 1500 231 40 CASPAR
818 1493 187 45 DAVID
1039 1488 342 42 FRIEDRICH

481 1689 90 21 ASPAR
596 1689 90 21 DAVID
713 1685 164 25 FRIEDRICH,
903 1682 35 22 der

490 1721 63 31 lange
564 1729 118 23 vergessene
694 1720 107 26 Künstler,
814 1717 93 24 verdient
918 1723 20 14 es

491 1754 111 22 besonders
624 1757 49 28 jetzt
695 1753 81 23 wieder
798 1754 92 28 genannt
912 1756 26 14 zu

491 1787 95 27 werden,
603 1787 56 22 denn
675 1795 21 14 er
712 1786 132 30 verkörperte
860 1784 23 21 in
894 1781 44 23 sich

491 1820 34 22 die
533 1820 75 23 beiden
617 1820 145 30 Richtungen,
770 1819 34 22 die
813 1817 33 23 die
856 1818 69 28 Gegen-

490 1859 57 17 wart
558 1853 148 27 beherrschen,
721 1853 33 22 die
771 1848 167 26 naturalistische

491 1887 43 22 wie
546 1887 34 22 die
592 1886 178 31 symbolistische,
785 1883 44 24 und
845 1890 55 15 zwar
912 1888 25 15 zu

491 1920 56 22 einer
553 1921 54 26 Zeit,
612 1920 26 22 da
645 1920 33 22 die
684 1924 90 26 gesamte
780 1917 72 30 übrige
859 1917 66 20 Künst-

491 1953 99 22 lerschaft
601 1953 58 22 noch
674 1953 40 22 den
726 1952 86 22 Bahnen
828 1949 34 22 des
878 1947 60 23 acht-

212 1976 87 27 zehnten
310 1984 152 26 Jahrhunderts
474 1984 68 32 folgte
557 1986 51 22 oder
623 1986 48 22 dem
686 1982 180 32 fernabliegenden
881 1978 56 25 Ideal

212 2006 24 22 de
237 2017 10 14 r
262 2014 80 24 Antike
358 2018 137 23 nachstrebte.
522 2021 50 21 Nur
586 2020 44 21 sein
642 2019 134 30 Zeitgenosse
792 2018 53 20 Otto
862 2016 76 27 Runge

212 2045 25 42 |st
248 2046 67 25 neben
332 2050 47 22 ihm
393 2059 27 14 zu
435 2060 91 14 nennen.
556 2053 62 21 Beide
630 2051 142 31 begründeten
786 2050 22 21 in
820 2049 40 22 den
872 2051 65 18 ersten

210 2074 75 27 Jahren
301 2090 83 15 unseres
395 2084 151 28 Jahrhunderts
563 2086 48 21 eine
623 2087 39 20 Art
677 2084 35 23 der
728 2082 99 25 Malerei,
845 2081 34 22 die
894 2087 42 14 von

211 2113 48 19 uem
274 2116 166 23 unmittelbaren
456 2118 99 23 Studium
572 2119 37 22 der
623 2120 71 21 Natur
708 2115 120 32 ausgehend
844 2114 35 22 das
892 2110 44 24 Ziel

211 2142 109 34 verfolgte,
333 2150 108 30 poetische
452 2151 172 31 Empfindungen
636 2159 26 14 zu
674 2150 96 23 wecken.
795 2144 141 26 Romantiker

210 2177 73 23 Waren
293 2181 96 24 insofern
397 2183 68 26 beide,
474 2184 30 23 als
516 2185 29 22 sie
557 2184 41 23 auf
607 2185 33 22 die
649 2182 151 31 Befriedigung
811 2180 33 22 des
854 2178 71 23 Seelen-

210 2206 69 27 lebens
295 2216 128 31 ausgingen;
439 2218 29 21 sie
484 2219 87 21 suchten
586 2218 71 22 solche
670 2217 47 22 aber
732 2215 59 22 nicht
803 2214 22 22 in
837 2212 35 22 der
883 2213 39 20 Ver-

209 2245 136 30 gangenheit,
358 2250 89 23 sondern
459 2251 31 22 im
502 2252 87 30 eigenen
601 2253 82 20 Innern.

259 2277 111 32 Friedrich,
384 2283 35 22 der
432 2292 62 23 1774
505 2285 23 22 in
537 2283 130 24 Greifswald
679 2281 93 33 geboren
783 2287 53 18 war,
848 2277 86 23 erlernte

209 2305 33 22 dle
252 2310 178 36 Anfangsgründe
443 2318 36 22 der
491 2318 88 22 Malerei
591 2325 26 15 zu
626 2315 57 24 Ende
694 2315 35 22 des
745 2314 32 22 18.
785 2310 149 32 Jahrhunderts

1004 1686 26 15 zu
1039 1676 150 32 Kopenhagen.
1213 1676 48 21 Von
1270 1674 48 22 dort
1330 1674 87 22 wandte
1429 1683 21 14 er
1459 1675 43 22 sich
1512 1675 54 22 nach
1575 1675 98 27 Dresden,
1686 1686 38 13 wo

1005 1720 20 14 er
1037 1711 29 22 bis
1079 1718 26 14 zu
1114 1709 76 21 seinem
1199 1708 29 22 im
1237 1708 59 28 Jahre
1309 1715 7 14 i
1325 1707 44 29 840
1380 1707 104 31 erfolgten
1492 1708 60 22 Tode
1560 1708 60 22 lebte.
1648 1709 75 23 Gleich

1004 1747 76 27 Runge
1098 1743 33 21 ein
1148 1741 120 22 nordischer
1279 1740 101 22 Künstler
1397 1741 67 22 durch
1482 1741 45 22 und
1541 1741 77 27 durch,
1637 1743 52 30 ging
1703 1752 21 13 er

1004 1777 58 24 nicht
1074 1774 76 24 darauf
1160 1782 45 17 aus,
1221 1774 33 22 die
1266 1774 71 21 Natur
1348 1773 23 22 in
1383 1774 54 22 ihrer
1449 1774 148 22 berückenden
1608 1776 116 22 Schönheit

1003 1808 142 26 darzustellen,
1154 1807 90 22 sondern
1253 1806 105 30 begnügte
1369 1807 45 22 sich
1425 1807 29 22 im
1464 1807 109 30 Gegenteil
1582 1808 40 21 mit
1630 1808 41 22 den
1683 1818 28 13 un-

1003 1842 153 25 scheinbarsten
1167 1842 87 21 Formen
1265 1840 55 21 ihrer
1328 1840 150 30 Erscheinung,
1491 1840 33 22 die
1537 1849 21 13 er
1568 1840 77 30 jedoch
1657 1842 66 22 durch

1003 1878 41 22 den
1055 1873 208 31 Stimmungsgehalt,
1275 1873 39 21 mit
1326 1873 48 21 dem
1386 1881 20 14 er
1418 1874 28 21 sie
1458 1872 90 27 erfüllte,
1561 1874 52 22 weit
1625 1874 50 23 über
1687 1876 36 22 das

1003 1909 127 30 Alltägliche
1142 1905 167 24 hinauszuheben
1321 1907 128 22 vermochte.

1052 1944 42 20 Der
1108 1941 45 22 hier
1168 1938 181 31 wiedergegebene
1361 1940 205 30 Sonnenuntergang
1582 1949 35 13 am
1632 1942 78 21 Meeres-

1002 1975 82 23 strande
1100 1974 76 31 gehört
1193 1972 175 23 wahrscheinlich
1385 1980 25 14 zu
1427 1974 61 28 jenen
1505 1973 217 32 Tuschzeichnungen

1002 2017 36 15 aus
1054 2010 84 28 Rügen,
1156 2006 32 22 die
1203 2005 72 22 bereits
1292 2013 25 14 zu
1329 2004 87 31 Anfang
1432 2013 81 15 unseres
1524 2006 149 28 Jahrhunderts
1685 2016 25 22 ge-

1002 2043 77 21 schätzt
1090 2048 78 14 waren.

1050 2073 111 25 Friedrich,
1177 2072 36 22 der
1229 2070 170 31 vorübergehend
1414 2070 41 23 auf
1469 2071 35 23 der
1519 2073 132 22 Münchener
1666 2075 42 20 Aus-

1000 2107 91 30 stellung
1110 2114 43 14 von
1176 2105 58 29 1858
1254 2104 34 22 die
1305 2103 195 24 Aufmerksamkeit
1519 2106 81 22 wieder
1619 2106 41 22 auf
1677 2108 45 21 sich

1000 2140 79 26 lenkte,
1100 2140 38 21 hat
1154 2144 40 17 erst
1211 2137 95 23 kürzlich
1324 2138 60 22 einen
1401 2138 138 30 begeisterten
1555 2139 124 23 Verkünder
1699 2141 23 21 in

1000 2173 92 24 Andreas
1115 2172 80 22 Aubert
1221 2169 118 32 gefunden,
1366 2178 36 15 aus
1429 2167 72 27 dessen
1527 2173 135 30 norwegisch
1685 2182 24 22 ge-

1000 2205 141 24 schriebenem
1150 2205 70 22 Buche
1229 2203 121 27 „Professor
1438 2205 35 22 das
1484 2205 101 22 Friedrich
1596 2205 125 24 betreffende

1000 2238 82 33 Kapitel
1094 2239 22 22 in
1125 2238 35 23 der
1370 2246 51 14 vom
1435 2246 20 21 5.
1464 2239 60 21 März
1540 2239 59 29 1896
1613 2240 22 21 in
1643 2239 65 23 Ueber-

999 2279 85 24 setzung
1097 2272 118 22 erschienen
1226 2271 33 22 ist.

1034 2472 0 0 111
