2214 2816
510 315 54 23 diese
575 319 123 31 Leistungen
710 323 45 22 sind
766 332 46 16 zum
824 327 93 30 gröfsten
928 332 46 22 Teil
986 341 42 14 von
1041 334 73 23 aufsen
1126 343 98 23 angeregt

509 349 88 23 worden
625 354 31 20 Da
668 353 78 25 könnte
757 357 33 23 die
801 359 141 35 Befürchtung
954 369 165 30 ausgesprochen
1131 347 92 49 werden,

508 382 59 51 nlt
578 392 16 41 l
658 394 33 39 7
693 396 25 14 Cn
729 389 48 23 Halb
789 393 115 29 Spielenden
906 414 5 8 '
928 398 107 29 Planlosen
1047 401 84 23 Anlauf
1139 402 32 22 bei
1183 411 39 14 uns

606 426 13 13 n
620 426 43 41 ri
846 427 35 23 daS
909 438 7 13 S
917 438 14 14 °
933 430 40 24 lide
1001 435 187 23 Kunsthandwerk
1201 437 21 21 in

508 451 714 47 semerNachahmungundAnpassungandieälterenKunstepochen

508 480 55 23 doch
640 486 22 22 H
714 488 45 23 haft
771 490 95 26 behaken
878 504 22 14 w
900 479 11 45 .
911 496 29 24 rd>
962 498 89 23 Sokhen
1063 501 61 22 Kkin
1139 479 12 20 ?
1208 510 13 14 n

507 515 115 28 gegenüber
630 519 55 23 mufs
694 520 44 23 hier
746 525 56 22 noch
811 526 76 24 einmal
895 529 225 34 daraufhingewiesen
1127 535 94 25 werden,

507 549 43 20 dals
559 549 33 26 da,
602 559 36 13 wo
647 551 53 24 diese
708 556 99 24 moderne
815 559 126 26 Kleinkunst
950 564 63 22 heute
1023 574 33 13 am
1066 567 109 22 weitesten
1184 576 25 20 ge-

506 580 13 20 d
529 580 50 23 ehen
591 583 42 22 und
645 592 35 16 zur
690 587 119 27 Herrschaft
817 593 84 32 gelangt
910 596 33 27 ist,
952 597 46 23 dafs
1008 598 21 22 in
1039 598 41 22 den
1087 601 133 30 Vereinigten

505 616 81 20 Staaten
602 623 39 16 erst
652 627 38 15 vor
701 620 41 23 drei
752 624 136 28 Jahrzehnten
900 629 35 22 der
947 630 41 23 alte
1000 631 86 31 Tiffany
1097 634 41 20 mit
1149 635 71 20 seinen

505 653 137 27 eigenartigen
663 653 250 30 Goldschmiedearbeiten
939 663 127 28 hervortrat,
1094 665 45 23 dafs
1162 667 58 27 John

504 685 85 26 batarge
599 689 38 16 erst
647 686 56 29 1878
715 688 53 23 seine
778 697 64 16 ersten
851 695 106 23 Versuche
965 697 23 22 in
997 697 36 22 der
1041 700 124 27 Erzeugung
1176 699 43 22 und

503 713 161 27 künstlerischen
676 720 147 35 Verwendung
838 735 41 13 von
895 727 102 32 farbigem
1010 731 49 22 Glas
1072 732 98 29 gemacht
1181 732 37 22 hat

503 752 42 16 und
558 752 44 18 dals
613 752 40 21 fast
665 753 50 22 zehn
724 756 57 27 Jahre
793 759 119 32 vergingen,
928 762 30 22 bis
971 763 44 22 sich
1026 766 46 27 jene
1083 765 134 29 eigenartige,

502 785 114 19 vollendete
623 785 42 22 und
671 789 159 32 mannigfaltige
834 794 69 22 Kunst
910 794 73 24 daraus
990 796 142 28 entwickelte,
1142 800 20 27 ja
1171 797 45 22 dafs

1291 346 61 21 sogar
1366 339 63 21 heute
1444 339 57 22 noch
1513 339 68 29 einige
1592 339 84 29 wenige
1688 339 99 22 Künstler
1802 340 40 21 mit
1857 340 60 21 ihren
1932 339 84 31 grofsen

1291 371 94 26 Ateliers,
1398 380 39 13 vor
1449 372 63 21 allem
1520 370 86 30 Tiffany
1620 385 28 3 —
1663 373 63 21 Vater
1738 372 43 22 und
1790 372 59 22 Sohn
1861 386 32 3 —
1905 373 43 21 und
1960 372 55 29 John

1290 403 88 31 Lafarge
1393 405 34 21 die
1441 404 120 30 Ausübung
1577 404 34 22 des
1628 404 136 23 dekorativen
1780 405 196 22 Kunsthandwerks
1993 405 22 21 in

1289 437 101 22 Amerika
1399 445 23 14 so
1432 442 38 24 gut
1479 438 42 21 wie
1530 438 64 22 allein
1602 438 23 21 in
1634 438 35 22 der
1675 438 65 22 Hand
1746 438 75 22 haben.
1840 440 33 20 Da
1882 438 28 22 ist
1919 438 35 22 der
1963 439 35 21 Um-

1288 470 68 26 stand,
1363 469 45 23 dafs
1416 470 44 22 sich
1466 470 33 22 bei
1505 478 39 14 uns
1551 478 41 14 nur
1599 476 40 16 erst
1645 471 118 22 vereinzelte
1768 471 75 22 Keime
1849 472 79 30 zeigen,
1935 471 69 22 keines-

1288 510 59 22 wegs
1356 503 34 21 ein
1397 503 83 25 Grund,
1490 503 128 22 verächtlich
1628 503 71 22 davon
1708 512 26 14 zu
1743 504 100 31 sprechen
1849 504 52 23 oder
1907 504 64 22 ihnen
1978 510 36 24 gar

1287 535 35 22 die
1341 535 144 30 Möglichkeit
1508 536 140 29 gedeihlicher
1670 536 166 31 Entwickelung
1859 538 108 22 entziehen
1989 543 25 15 zu

1287 568 87 22 wollen.
1391 569 68 21 Nicht
1468 576 40 14 nur
1515 569 36 21 der
1557 570 88 28 Energie
1652 569 37 22 der
1694 570 106 22 einzelnen
1807 571 106 25 Künstler,
1922 570 90 22 sondern

1287 600 41 22 fast
1339 601 124 22 ebensosehr
1475 601 35 22 der
1523 603 166 28 Unterstützung
1701 603 75 21 seitens
1792 603 35 22 des
1841 603 172 22 wohlhabenden

1286 633 132 26 Publikums,
1425 634 41 22 den
1470 633 120 32 Aufträgen
1595 635 31 21 im
1631 635 89 22 Kleinen
1725 635 43 22 und
1774 635 91 23 Grofsen
1871 636 102 22 verdankt
1980 635 32 22 die

1286 667 128 21 Kleinkunst
1419 668 22 20 in
1446 667 39 22 den
1490 668 133 30 Vereinigten
1628 670 83 20 Staaten
1716 668 45 22 ihre
1765 669 246 29 raschcEntwickelung,

1286 700 44 21 ihre
1343 700 66 21 Blüte.
1439 702 67 29 Möge
1518 700 55 22 diese
1584 702 167 29 Unterstützung
1764 701 33 22 bei
1808 709 40 14 uns
1859 702 59 22 nicht
1930 710 24 14 zu
1966 703 45 28 spät

1286 732 110 26 kommen,
1408 741 38 13 wo
1459 733 21 21 in
1492 733 36 22 der
1536 734 65 30 Regel
1613 734 34 21 die
1659 742 69 17 „neue
1835 743 52 14 vom
1896 734 114 23 Publikum

1284 765 43 22 und
1341 774 50 13 vom
1402 767 57 20 Staat
1472 765 116 23 anerkannt
1604 767 66 25 wird,
1685 775 65 14 wenn
1761 768 29 21 sie
1802 767 73 22 bereits
1888 768 84 22 veraltet
1984 767 26 21 ist

1285 798 50 21 oder
1347 799 44 21 ihre
1402 798 73 22 Triebe
1487 799 30 21 im
1529 799 82 22 sterilen
1623 800 72 22 Boden
1708 800 137 30 abgestorben
1857 801 54 22 sind.

1867 868 39 20 W.
1921 868 56 20 Bode

1310 2438 0 0 120
