2214 2816
240 302 68 32 liegen
323 306 34 22 die
374 308 90 21 Leichen
480 308 124 21 reihenweis
619 306 41 24 auf
671 307 114 23 hölzernen
797 308 106 22 Pritschen
920 314 36 15 aus-

240 338 109 28 gestreckt.
385 341 59 22 Zwei
457 340 159 23 Blendlaternen
628 339 82 24 werfen
722 341 59 22 ihren
793 341 86 29 grellen,
892 339 74 31 gelben

241 370 131 25 Lichtschein
385 373 40 23 auf
434 374 33 21 die
479 374 70 22 stillen
560 375 77 24 Toten,
650 374 102 22 während
764 375 31 20 im
804 372 163 31 Vordergrunde

239 410 34 15 ein
286 413 50 22 paar
347 408 87 24 Frauen,
447 407 42 22 wie
502 407 120 22 versteinert
634 408 22 21 in
668 408 55 21 ihrer
734 405 113 32 dumpfen,
861 413 105 15 stummen

239 436 79 24 Trauer
330 439 34 22 die
375 439 90 23 weißen
478 441 165 21 Leichentücher
655 440 204 22 zurechtschneiden.

288 473 43 21 Das
341 480 63 22 ganze
414 473 69 22 Leben
492 473 36 22 der
535 474 65 21 Leute
608 474 22 21 in
639 473 37 22 der
684 473 108 22 lastenden
801 471 166 31 Einförmigkeit

239 502 36 22 der
294 505 106 30 täglichen
419 506 83 25 Arbeit,
525 507 23 21 in
569 507 40 21 den
630 507 81 25 hellen,
732 506 119 22 fröhlichen
872 504 95 23 Stunden

239 535 35 23 der
286 538 79 26 Muße,
377 540 23 20 in
413 538 81 24 Gefahr
506 539 43 22 und
562 540 47 21 Tod
622 540 55 22 zieht
689 540 22 22 in
723 540 107 21 Meuniers
844 537 123 24 Oelbildern

238 570 45 22 und
295 572 102 22 Pastellen
409 580 27 14 an
447 580 40 14 uns
499 572 98 23 vorüber.

287 605 55 21 Man
349 606 37 21 hat
392 605 44 22 sich
443 613 38 15 vor
488 605 118 30 derartigen
612 605 118 23 Gemälden
740 605 34 22 des
783 604 105 23 Künstlers
899 603 55 22 mehr-

237 633 50 25 fach
299 638 36 21 der
347 639 150 22 Bauernbilder
507 639 80 22 Millets
600 639 95 22 erinnert.
723 640 23 20 In
759 638 36 22 der
803 638 56 22 That
871 638 25 21 ist
908 637 59 21 nicht

237 675 41 16 nur
294 670 34 23 die
344 672 110 30 Richtung
474 671 41 23 auf
532 672 36 22 das
586 671 131 23 Volksleben
738 671 73 22 beiden
828 670 82 23 Malern
931 678 24 22 ge-

238 703 109 26 meinsam,
360 705 91 22 sondern
463 705 56 22 auch
531 706 34 21 ein
577 706 48 29 Zug
637 713 43 15 von
690 704 77 23 Größe
779 705 43 21 und
833 703 134 22 Einfachheit

238 734 21 22 in
281 737 36 21 der
335 738 93 30 Bildung
444 739 54 21 ihrer
518 738 114 23 Gestalten.
668 739 72 21 Dieser
761 738 56 22 wird
837 737 58 22 nicht
911 736 56 22 ohne

237 768 109 25 Eindruck
363 770 40 23 auf
418 771 40 22 den
474 771 212 30 geistesverwandten
702 773 101 28 jüngeren
818 769 98 23 Künstler
932 777 24 23 ge-

239 799 83 26 blieben
334 805 51 21 sein.
419 804 56 23 Aber
487 805 72 21 Millet
570 805 27 22 ist
609 813 39 14 vor
660 805 63 22 allem
734 802 157 24 Landschafter.
917 804 50 20 Von

238 833 48 24 dem
302 845 45 14 was
362 838 57 21 seine
431 839 81 21 Bauern
528 838 47 21 sind
591 838 44 22 und
651 846 45 14 was
713 838 29 21 sie
759 836 102 23 innerlich
876 836 90 30 bewegt,

237 869 55 21 wird
309 870 34 22 das
356 871 166 22 Wesentlichste
538 872 22 21 in
573 872 61 21 Form
649 871 44 22 und
708 870 62 23 Licht
786 869 45 22 und
848 869 119 29 Stimmung

237 899 37 23 der
293 904 130 29 Umgebung
443 904 84 22 erzählt.
562 904 46 22 Ihre
629 904 108 22 Gestalten
759 902 63 23 selbst
842 902 83 22 wirken
945 902 22 20 in

237 932 36 24 der
288 936 139 30 allgemeinen
439 937 133 30 Andeutung
586 938 55 21 ihrer
653 938 92 21 Umrisse
762 936 44 22 und
819 938 148 27 Bewegungen

237 968 59 22 mehr
305 970 29 23 als
347 971 187 29 Gattungswesen,
546 970 56 22 denn
614 970 29 23 als
652 970 136 23 Individuen.
808 969 99 22 Meunier
919 967 48 22 aber

237 1001 62 22 treibt
312 1010 19 14 es
342 1003 70 30 grade,
422 1004 55 21 seine
486 1004 117 22 Menschen

236 1040 26 14 zu
275 1033 121 25 bedeutsam
410 1036 121 30 bewegten,
547 1045 42 14 mar-

237 1065 72 32 kigen,
319 1068 230 31 scharfgeschnittenen
556 1071 36 21 Per-

236 1100 154 24 sönlichkeiten
401 1103 200 22 herauszuarbeiten.

236 1133 27 21 Er
283 1135 54 22 sieht
357 1135 51 23 eben
431 1136 30 22 als
481 1136 120 26 Bildhauer,

237 1167 42 21 und
295 1176 56 14 zwar
366 1170 40 21 mit
419 1169 36 22 der
467 1170 46 21 Zeit
528 1170 75 21 immer

236 1200 60 22 mehr
307 1202 43 22 und
362 1203 67 21 mehr.

285 1236 113 22 Während
417 1245 62 13 unser
501 1236 101 22 Künstler

235 1268 94 23 nämlich
350 1269 21 22 in
393 1269 75 22 immer
493 1270 107 21 weiterem

235 1299 72 24 Kreise
319 1302 48 22 dem
380 1302 68 22 Leben
461 1302 36 22 der
507 1302 95 22 Arbeiter

235 1339 22 14 m
269 1334 41 22 den
323 1335 137 22 Eisenhütten
473 1335 44 22 und
527 1337 63 29 Ziege-

235 1363 66 31 leien,
318 1368 28 22 im
359 1368 72 22 Hafen
443 1369 44 22 und
499 1369 30 22 im
542 1369 59 22 Felde

235 1400 112 31 nachgeht,
357 1402 62 30 steigt
431 1401 36 23 für
478 1402 38 22 ihn
525 1403 75 21 mitten

235 1439 36 15 aus
300 1434 78 23 diesem
405 1435 129 22 Gewimmel
557 1444 44 13 von

235 1465 110 25 Arbeitern
358 1468 44 22 und
415 1470 82 20 Bauern
509 1468 78 22 allmäh-

234 1496 43 25 lich
286 1501 44 22 sein
337 1501 55 22 Ideal
402 1501 68 22 hoher
480 1502 121 31 plastischer

234 1531 69 24 Kunst
318 1533 84 23 herauf.
435 1536 26 20 Es
479 1535 27 22 ist
523 1535 77 22 höchst

234 1565 95 27 reizvoll,
353 1567 49 22 dem
423 1568 107 22 Wachsen
555 1568 44 22 und

234 1596 76 25 Reifen
331 1600 64 22 dieses
417 1609 68 13 neuen
503 1603 84 29 Formge-

234 1630 57 23 rühls
301 1633 22 22 in
335 1633 71 22 seinen
416 1633 84 23 Bildern
509 1634 79 22 nachzu-

234 1664 78 29 gehen;
339 1675 25 14 zu
388 1667 142 26 beobachten,
557 1668 43 22 wie

234 1703 56 17 seine
314 1700 109 22 Gestalten
452 1700 44 22 sich
525 1701 75 22 immer

234 1731 59 22 mehr
320 1733 137 31 reliefmäßig
481 1733 118 27 aufreihen,

235 1764 44 21 sich
305 1766 22 21 in
351 1766 126 31 plastischen
500 1769 99 30 Gruppen

235 1796 121 31 aufbauen,
379 1799 51 22 oder
452 1808 26 14 zu
501 1801 88 21 statuari-

234 1829 58 23 scher
304 1832 76 22 Größe
393 1833 43 21 und
445 1834 155 30 Typenstrenge

235 1860 128 34 lebensgroß
369 1867 144 21 auswachsen.
523 1868 77 20 Immer

234 1896 59 22 mehr
302 1898 79 23 rücken
391 1899 29 22 sie
428 1899 22 22 in
461 1899 39 22 den
508 1900 78 22 Vorder-

234 1930 68 25 grund
318 1932 37 21 der
367 1932 69 22 Bilder
452 1933 43 21 und
508 1933 91 22 nehmen

235 1959 48 24 bald
301 1964 61 23 deren
385 1974 63 21 ganze
466 1965 73 22 Fläche
559 1966 40 22 ein.

234 1997 25 18 Es
287 1998 103 22 erscheint
416 2006 40 14 nur
484 1999 43 22 wie
553 1999 46 22 eine

234 2026 70 28 letzte,
318 2031 118 22 natürliche
449 2031 74 32 Folge,
535 2040 64 14 wenn

234 2058 48 25 dem
289 2064 68 22 Maler
368 2064 96 22 inmitten
474 2065 35 22 des
516 2064 70 23 Hafen-

234 2096 97 24 gewühls
347 2106 43 13 von
406 2099 140 30 Antwerpen,
561 2107 38 13 vor

234 2124 34 23 der
276 2129 79 23 stolzen
359 2130 97 31 Haltung
463 2132 55 21 eines
524 2131 75 22 Laders

234 2158 51 23 oder
296 2170 38 14 vor
346 2163 36 23 der
394 2164 63 31 ruhig
469 2163 130 24 kraftvollen

233 2192 96 34 Stellung
336 2197 55 22 eines
398 2197 157 23 Eisenarbeiters
565 2198 34 22 die

234 2225 142 35 Empfindung
398 2230 146 23 überkommt:
564 2232 33 21 ein

233 2257 81 25 solcher
329 2263 91 26 Umriß,
436 2264 72 22 solche
524 2264 75 23 Glied-

1034 305 94 23 maafsen
1143 311 99 26 vermöge
1257 316 42 14 nur
1313 309 34 22 die
1363 310 112 31 plastische
1487 312 69 20 Kunst
1572 310 86 31 würdig
1673 311 78 21 wieder-

1035 339 102 30 zugeben.

1084 374 27 20 So
1121 372 74 23 wurde
1205 375 98 22 Meunier
1312 375 55 22 denn
1378 376 29 21 im
1415 376 58 22 Alter
1483 385 43 14 von
1535 376 41 23 fast
1585 375 179 32 fünfundfünfzig

1032 405 76 28 Jahren
1124 405 44 22 sich
1186 407 65 21 seines
1264 408 84 22 Berufes
1365 417 48 14 zum
1425 409 113 23 Bildhauer
1553 418 41 14 neu
1611 409 92 23 bewußt
1720 410 44 21 und

1034 443 41 16 trat
1091 438 67 21 damit
1173 439 22 21 in
1212 439 34 22 die
1262 441 56 22 volle
1334 441 102 23 Reifezeit
1450 444 66 21 seiner
1532 443 166 22 künstlerischen
1714 445 38 20 Ent-

1033 470 124 31 wicklung
1169 472 45 25 ein,
1231 473 22 21 in
1265 474 94 22 welcher
1371 483 21 13 er
1405 475 81 23 Werke
1499 485 43 13 von
1557 476 207 31 epochemachender

1034 503 42 22 und
1087 503 119 23 bleibender
1216 506 124 31 Bedeutung
1350 507 95 23 schaffen
1455 509 67 23 sollte.
1541 510 61 22 Seine
1611 516 51 15 erste
1671 509 93 31 größere

1033 538 72 20 Statue
1117 545 46 13 war
1175 537 36 22 der
1223 540 113 22 Marteleur
1347 549 51 13 vom
1408 542 60 28 Jahre
1484 542 60 23 1886
1559 543 67 30 (siehe
1638 543 84 30 unten).

1083 571 25 20 Es
1118 575 27 15 ist
1157 569 34 22 oft
1203 570 70 23 davon
1286 573 34 21 die
1329 573 59 22 Rede
1400 583 105 22 gewesen,
1516 575 46 23 dafs
1571 575 35 23 der
1615 575 94 23 Anblick
1721 584 43 15 von

1033 601 96 23 Werken
1139 603 80 22 Rodins
1229 606 99 22 Meunier
1338 607 40 22 den
1388 609 50 20 Mut
1448 609 92 30 gegeben
1549 608 61 26 habe,
1621 609 35 22 das
1670 610 37 21 ihn
1716 618 33 14 um-

1033 634 92 32 gebende
1137 635 69 22 Leben
1219 637 100 30 plastisch
1331 647 25 15 zu
1369 640 75 22 fassen.
1469 642 119 31 Allerdings
1602 642 106 31 begegnen
1720 643 45 22 sich

1034 668 33 21 die
1074 668 73 22 beiden
1154 667 150 26 befreundeten
1311 673 99 22 Künstler
1419 674 22 21 in
1451 674 36 22 der
1494 674 178 32 Selbstbefreiung
1681 684 43 14 von
1731 676 35 22 der

1034 700 146 23 überlieferten
1192 702 93 32 Bildung
1298 704 34 22 des
1345 706 107 27 Nackten,
1466 708 44 21 und
1521 709 46 21 ihre
1580 709 138 30 Behandlung
1731 709 33 22 des

1034 734 156 22 menschlichen
1208 737 91 30 Körpers
1317 738 38 22 hat
1373 741 99 21 manches
1488 741 136 23 Verwandte.
1658 743 107 21 Meuniers

1033 767 39 22 Stil
1092 767 29 22 als
1141 769 80 20 Ganzes
1247 769 49 22 aber
1320 771 26 22 ist
1371 772 29 22 im
1421 772 83 24 tiefsten
1522 775 88 22 Grunde
1630 783 36 15 aus
1687 776 78 22 seinem

1034 801 87 29 eigenen
1133 802 81 20 Wesen
1232 802 44 22 und
1292 804 108 23 Schicksal
1416 806 215 32 herausgewachsen:
1649 809 36 22 der
1701 809 52 22 male-

1033 833 83 22 rischen
1128 833 110 32 Schulung
1254 836 45 21 und
1311 836 114 33 Befreiung
1441 840 66 22 seines
1520 842 71 30 Auges
1610 842 44 22 und
1670 842 85 22 anderer-

1034 866 46 22 seits
1093 866 47 22 dem
1153 866 136 31 plastischen,
1306 877 28 14 an
1346 870 37 22 der
1395 872 80 22 Antike
1487 874 115 30 genährten
1614 875 75 22 Triebe
1701 876 66 21 seiner

1032 899 90 31 Jugend,
1133 899 35 22 der
1177 908 51 18 nun,
1240 901 44 22 wie
1293 910 36 14 aus
1339 904 57 22 einer
1405 910 94 22 unteren,
1510 906 68 32 längst
1589 908 177 22 überwachsenen

1033 932 259 31 Entwickelungsschicht
1300 935 81 23 wieder
1390 945 37 14 ans
1437 938 62 22 Licht
1510 939 79 23 herauf
1599 949 24 13 zu
1636 941 84 23 wirken
1731 941 24 23 be-

1032 974 86 22 gonnen
1138 965 64 23 hatte.
1238 966 52 22 Hält
1311 967 56 23 diese
1383 971 144 31 Behauptung
1546 974 79 21 seinem
1643 975 124 21 erwähnten

1400 1004 182 30 Erstlingswerke,
1587 1006 47 22 dem
1639 1009 128 23 „Hammer-

1534 1039 119 29 gegenüber
1690 1040 64 21 Stand
1760 1043 7 18 ?

1401 1068 128 32 Allerdings,
1542 1079 42 14 von
1597 1072 48 22 dem
1655 1072 98 22 Nackten-

1400 1100 73 22 kultus
1491 1103 37 20 der
1545 1104 89 26 Antike,
1657 1113 43 14 von
1718 1105 48 22 dem

1399 1133 223 32 Muskelprotzentum
1627 1138 36 21 der
1667 1139 99 29 Späteren

1398 1166 72 22 hatten
1490 1168 37 21 ihn
1545 1169 55 22 seine
1618 1170 87 23 Studien
1722 1172 43 22 und

1398 1199 34 21 die
1443 1199 126 23 Teilnahme
1585 1210 26 13 an
1628 1202 49 23 dem
1694 1204 60 22 leben-

1398 1232 64 29 digen
1471 1232 118 24 Volkstum
1600 1235 67 22 seiner
1678 1237 88 22 Heimat

1397 1265 113 28 gründlich
1523 1265 82 24 befreit.
1625 1269 64 21 Auch
1700 1270 52 25 „dra-

1478 1306 21 14 er
1515 1299 56 22 seine
1584 1301 108 22 Gestalten
1705 1303 60 21 nicht

1397 1331 67 22 mehr.
1490 1332 25 21 Es
1530 1332 57 29 giebt
1604 1332 35 22 für
1651 1334 38 22 ihn
1701 1334 63 23 keine

1597 1366 83 22 welche
1689 1376 75 14 unsere

1396 1397 114 22 Bildhauer
1533 1406 35 13 aus
1593 1398 48 22 dem
1664 1399 99 32 Anfange

1396 1430 44 21 und
1451 1429 35 22 der
1495 1431 63 21 Mitte
1571 1431 34 22 des
1612 1432 151 27 Jahrhunderts

1396 1471 24 14 so
1433 1463 46 22 sehr
1491 1463 126 26 fürchteten,
1627 1464 46 22 dafs
1686 1467 29 20 sie
1724 1475 39 14 vor

1397 1497 32 21 ihr
1439 1504 52 22 ganz
1503 1497 51 21 oder
1563 1497 50 22 halb
1624 1497 21 22 in
1658 1498 36 22 das
1705 1501 58 21 Land

1397 1530 35 22 der
1451 1529 80 23 Antike
1555 1530 208 30 zurückflüchteten;

1396 1565 44 28 jene
1451 1564 67 28 Frage,
1531 1563 34 21 die
1578 1564 55 21 auch
1645 1566 49 27 jetzt
1705 1567 58 21 noch

1397 1597 33 22 die
1435 1595 127 30 Verfertiger
1566 1595 109 24 offizieller
1680 1599 67 22 Monu-

1397 1635 69 17 mente
1473 1630 39 21 mit
1518 1630 190 30 Zwittergebilden
1717 1632 46 23 sich

1397 1663 102 30 abquälen
1517 1661 55 24 läfst.
1600 1663 61 22 Diese
1676 1663 76 31 gefähr-

1397 1696 54 22 liche
1469 1696 76 30 Klippe
1562 1696 37 22 der
1618 1704 69 14 neuen
1705 1699 47 22 Bild-

1396 1729 84 22 hauerei
1490 1729 37 22 hat
1533 1737 21 13 er
1562 1729 69 30 längst
1639 1730 122 32 übersegelt.

1396 1762 33 22 Sie
1455 1762 51 30 liegt
1532 1762 52 22 weit
1611 1762 70 24 hinter
1708 1766 53 23 ihm.

1396 1796 98 22 Meunier
1511 1795 53 22 sieht
1582 1796 57 22 seine
1654 1799 109 23 Gestalten

1396 1829 39 22 mit
1445 1829 54 21 ihrer
1507 1829 79 21 Tracht
1596 1829 21 22 in
1628 1830 60 27 Eins;
1698 1832 29 22 sie
1737 1833 26 22 ist

1396 1862 45 22 ihm
1451 1862 21 21 in
1482 1862 36 21 der
1523 1862 110 23 Phantasie
1643 1864 68 31 völlig
1718 1874 34 14 ver-

1396 1894 99 23 wachsen
1505 1895 39 21 mit
1556 1895 71 23 seinen
1637 1898 123 24 Menschen.

1396 1929 26 20 Er
1434 1927 129 23 vereinfacht
1573 1929 33 22 ihr
1616 1932 98 21 Gewand
1727 1932 36 23 für

1395 1961 55 22 seine
1476 1960 169 25 künstlerischen
1669 1966 93 23 Zwecke

1395 1994 43 22 wie
1466 1994 40 22 mit
1536 1995 226 27 selbstverständlicher

1395 2027 115 23 Sicherheit
1536 2029 43 23 und
1606 2030 83 24 kühner
1716 2034 32 21 Un-

1395 2059 134 25 fehlbarkeit.

1446 2097 27 21 So
1494 2096 49 24 läfst
1564 2107 21 14 er
1608 2099 78 23 seinem
1707 2103 42 20 Vor-

1395 2128 89 23 arbeiter
1501 2138 35 16 am
1552 2132 159 24 Eisenhammer
1727 2134 35 23 die

1395 2162 56 22 volle
1469 2164 93 24 schwere
1579 2166 182 33 Arbeitsrüstung,

1395 2195 62 23 deren
1467 2205 21 14 er
1497 2198 80 27 bedarf,
1584 2208 37 13 um
1628 2201 44 21 sich
1681 2210 38 13 vor
1726 2201 36 22 der

1395 2229 217 33 funkensprühenden
1641 2234 53 22 Glut
1725 2234 37 22 der

1395 2265 143 22 Eisenmassen
1543 2275 25 13 zu
1573 2267 188 25 schützen,welche

646 2278 97 9 CONSTANTIN
756 2277 75 12 MEUNIER,
845 2278 30 9 DER
887 2277 132 9 HAMMERMBISTEK

1062 2427 0 0 125
