2490 4032
1201 473 0 0 551

205 560 177 77 pitié.
424 562 80 56 Le
540 560 281 76 pécheur
857 564 91 56 est
1001 581 85 40 un
1132 562 341 77 passionné
1525 562 74 59 de
1650 561 65 59 la
1755 560 173 60 main
1980 560 107 77 qui

209 648 213 68 efface,
457 667 84 39 un
574 648 217 59 artiste
822 649 74 58 de
930 649 63 58 la
1025 650 432 60 miséricorde.

818 855 89 48 LA
941 855 165 48 VOIX
1134 855 83 47 DE
1251 853 231 50 JUDAS.

292 966 184 60 Point
526 968 75 58 de
658 968 170 59 faute
883 969 441 70 irrémissible,
1378 968 268 77 puisque
1702 970 389 69 moi-même,

215 1054 390 76 sycophante
636 1072 125 42 aux
781 1055 492 59 hallucinations
1297 1055 74 59 de
1402 1055 195 70 croix,
1627 1056 127 58 moi
1782 1058 58 58 le
1871 1058 95 56 roi
1990 1056 107 59 des

215 1142 380 74 hypocrites,
631 1143 127 57 moi
793 1142 57 58 le
883 1157 397 62 personnage
1321 1159 79 41 au
1430 1142 209 59 baiser
1668 1143 331 77 visqueux,
2033 1143 64 76 je

216 1229 160 57 serai
403 1229 327 75 pardonné
762 1229 264 76 quelque
1056 1230 165 75 jour.

402 1418 299 50 L'ESPRIT
738 1420 89 47 DE
861 1420 353 57 L'AMANTE,
1247 1421 256 46 montrant
1533 1420 74 47 les
1650 1420 263 47 Amantes.

300 1534 503 60 Pardonne-leur
835 1552 78 40 au
945 1552 146 40 nom
1110 1534 74 58 de
1214 1534 65 58 la
1306 1535 360 59 Courtisane
1696 1535 106 76 qui
1834 1534 271 62 chaussa

226 1620 74 60 de
333 1638 273 43 caresses
634 1622 57 58 le
723 1622 105 58 Bel
861 1638 122 41 aux
1016 1622 334 76 paraboles
1378 1622 10 54 !

287 1796 88 48 LA
409 1798 160 50 VOIX
605 1798 87 47 DE
724 1798 233 59 JUDAS,
982 1812 61 33 au
1068 1798 132 60 sujet
1227 1798 90 47 des
1341 1797 144 48 Amis
1515 1799 49 46 et
1595 1797 91 47 des
1738 1796 284 48 Familiers.

308 1912 495 60 Pardonne-leur
859 1931 78 41 au
1004 1933 143 39 nom
1209 1912 85 59 du
1355 1912 177 59 lâche
1604 1911 107 78 qui
1757 1911 232 57 motiva
2044 1910 62 60 le

226 1999 224 58 fécond
484 2003 361 72 Sycomore.

291 2111 183 48 Chœur
501 2114 87 46 des
619 2113 247 47 Amantes
894 2116 49 44 et
974 2113 89 47 des
1089 2112 259 47 Familiers
1386 2127 10 32 :
1430 2111 40 48 0
1501 2112 71 46 toi
1607 2112 82 60 qui
1731 2111 311 58 sanglotas...

976 2278 83 46 LE
1091 2277 267 48 PRINCE.

310 2391 368 59 Pardonner
705 2392 62 59 !..
800 2392 169 58 Pour
1000 2408 153 42 vous
1174 2390 288 58 maudire
1494 2389 45 57 il
1562 2406 98 41 me
1688 2386 279 59 faudrait
1988 2403 122 40 une

231 2479 172 58 main
429 2497 177 59 pure,
639 2497 107 39 car
774 2498 76 39 ne
882 2484 148 70 peut
1063 2479 289 58 maudire
1381 2494 118 60 que
1527 2476 65 59 la
1612 2475 173 58 main
1815 2474 187 76 digne
2035 2474 77 57 de

231 2566 256 59 bénir...
520 2568 167 57 Cette
710 2566 172 58 main
913 2584 77 40 ne
1015 2566 131 74 lyse
1176 2583 112 58 pas
1318 2582 149 40 mon
1492 2564 270 76 poing...
1821 2568 271 61 (Troublé).

233 2654 49 56 A
310 2669 149 42 mon
488 2657 166 63 tour,
690 2653 61 75 je
780 2669 144 41 sens
973 2669 118 58 que
1122 2652 58 59 le
1230 2652 158 58 seuil
1425 2652 75 57 de
1533 2667 104 40 ma
1665 2649 99 60 vie
1799 2666 36 40 a
1890 2649 225 57 besoin

231 2739 192 60 d'être
442 2739 225 78 purifié
701 2757 116 60 par
842 2757 118 42 une
992 2740 122 58 fine
1142 2739 174 57 main
1344 2757 118 58 que
1492 2739 148 57 fana
1665 2753 103 41 ma
1824 2739 278 57 cruauté.

1025 2854 229 58 Arpèges
1287 2866 86 33 sur
1414 2852 89 47 des
1533 2851 194 58 llarpes
1745 2848 357 61 Séraphiques.

541 3015 79 48 LE
654 3012 252 49 PRINCE
939 3011 91 48 DU
1052 3010 410 58 PRINTEMPS,
1485 3008 329 49 visionnaire.

318 3130 94 60 Oh
442 3129 12 56 I
492 3128 270 58 derrière
793 3128 90 58 les
904 3127 185 76 joncs
1123 3125 84 59 du
1250 3125 193 60 ciel...

612 3312 84 46 LE
717 3309 246 49 PRINCE
997 3308 88 47 DE
1110 3294 193 71 L'ÉTÉ,
1330 3320 117 33 sous
1465 3306 45 45 le
1537 3304 220 47 charme.

325 3426 224 60 Grains
582 3425 274 57 d'arome
887 3424 185 75 jetés,
1125 3421 74 59 de
1233 3420 64 58 la
1322 3425 273 53 terrasse
1630 3416 231 71 divine,
1898 3431 78 46 en
2013 3434 118 41 nos

249 3515 311 60 blessures
586 3513 11 54 1
