2490 4032
1137 414 110 55 569

246 570 246 77 gnirent
523 584 121 41 aux
672 562 287 60 rebelles.
995 564 87 54 La
1106 560 383 58 destruction
1517 570 379 57 commença.
1933 552 170 55 Deux

245 656 320 75 fabriques
595 652 210 58 furent
826 650 324 74 saccagées
1183 647 73 56 de
1285 645 151 58 fond
1469 663 74 39 en
1572 641 259 60 comble.
1842 640 89 56 Au
1971 655 89 38 mo-

244 744 165 56 ment
438 748 80 51 où
541 740 87 57 les
663 735 344 60 tisserands
1036 752 62 39 se
1129 731 367 76 dirigeaient
1527 746 103 40 sur
1662 745 83 38 un
1781 724 321 58 troisième

246 826 484 67 établissement,
749 824 159 57 deux
939 820 406 76 compagnies
1376 815 394 58 d'infanterie
1784 810 283 77 apparais-

246 914 201 57 saient
476 913 248 57 aubout
754 910 83 57 du
867 908 248 75 village.
1138 908 130 54 Une
1285 903 330 58 invitation
1630 908 33 49 à
1695 918 62 39 se
1794 899 311 72 disperser

246 1000 95 58 fut
371 998 322 60 accueillie
725 1013 113 59 par
868 995 104 58 des
999 993 216 57 risées.
1247 994 82 55 Le
1380 989 203 72 major
1623 987 70 55 fit
1748 985 152 56 tirer
1954 999 106 59 par-

249 1087 214 58 dessus
494 1086 62 57 la
586 1084 121 57 tête
743 1083 105 57 des
872 1078 370 58 tisserands.
1262 1079 130 56 Une
1428 1074 167 78 grêle
1628 1074 71 56 de
1733 1070 238 75 pierres
2000 1070 66 55 ré-

246 1173 244 75 pondit.
522 1171 180 57 Alors
729 1169 62 58 la
812 1166 295 59 fusillade
1149 1167 344 71 s'engagea.
1516 1159 305 73 Quelques
1834 1154 268 59 révoltés

257 1262 307 55 restèrent
583 1275 102 40 sur
715 1257 56 57 le
797 1254 259 68 terrain,
1075 1251 157 57 mais
1256 1249 136 56 leur
1423 1246 266 58 attitude
1726 1244 138 55 n'en
1897 1241 211 58 devint

250 1364 117 56 que
390 1346 141 74 plus
574 1345 388 69 menaçante.
994 1341 196 72 Après
1225 1336 301 73 quelques
1562 1332 222 67 salves,
1818 1327 290 74 toujours

252 1434 494 72 accompagnées
801 1427 72 57 de
933 1441 193 56 coups
1185 1422 72 56 de
1293 1421 257 74 pierres,
1581 1417 57 56 le
1688 1414 204 74 major
1940 1428 126 40 com-

252 1519 229 56 manda
536 1517 62 56 la
654 1514 274 58 retraite.
978 1514 111 53 Les
1133 1507 337 59 tisserands
1524 1501 379 75 comptaient
1959 1514 150 40 onze

252 1610 199 52 morts
476 1606 57 56 et
560 1604 178 73 vingt
760 1601 254 66 blessés,
1047 1597 163 56 deux
1233 1591 449 61 sous-officiers
1710 1592 56 54 et
1793 1605 84 38 un
1908 1583 203 59 soldat

256 1691 247 58 avaient
531 1694 92 53 été
655 1689 255 57 atteints
939 1702 112 58 par
1074 1684 104 57 des
1213 1682 121 74 jets
1364 1680 72 56 de
1468 1679 253 75 pierres.
1751 1675 91 57 On
1872 1671 202 57 détrui-

255 1778 79 56 sit
377 1793 242 49 encore,
658 1775 58 57 le
748 1774 200 56 même
984 1770 149 69 soir,
1168 1768 64 55 la
1279 1766 289 74 fabrique
1620 1762 73 56 de
1740 1761 97 57 W.
1873 1756 230 75 Dierig.

257 1867 75 54 Et
360 1881 66 39 ce
458 1863 97 56 fut
584 1862 62 55 la
668 1860 85 56 fin
778 1859 71 57 de
872 1856 306 59 l'émeute.
1207 1855 298 71 Lorsque,
1531 1850 56 56 le
1607 1848 127 58 soir
1770 1846 79 55 du
1882 1846 33 52 5
1945 1841 162 75 juin,

256 1967 81 38 un
387 1945 302 60 bataillon
730 1942 395 59 d'infanterie
1167 1940 259 73 pénétra
1468 1936 151 56 dans
1660 1934 61 56 la
1756 1931 274 64 contrée,
2065 1926 45 56 il

257 2052 75 39 ne
383 2039 332 52 rencontra
760 2047 239 41 aucune
1047 2025 365 58 résistance.
1460 2024 88 55 En
1599 2019 297 76 quelques
1934 2016 175 74 jours

252 2121 226 57 l'ordre
504 2119 150 57 était
683 2116 240 58 rétabli.
955 2117 110 53 Les
1101 2112 171 57 chefs
1309 2109 211 57 furent
1572 2104 255 67 arrêtés,
1863 2104 210 71 quatre-

254 2207 212 74 vingts
487 2221 338 60 personnes
843 2199 378 60 condamnés
1246 2212 33 42 a
1308 2194 108 57 des
1440 2193 213 75 peines
1671 2189 433 75 importantes,

255 2292 105 57 des
393 2295 229 53 années
655 2290 72 55 de
764 2290 201 72 bagne
1002 2301 80 41 ou
1108 2283 74 57 de
1209 2281 350 57 forteresse.

326 2377 178 57 Yoici
534 2395 74 39 en
641 2375 295 76 quelques
959 2371 175 57 traits
1150 2368 57 57 le
1229 2366 156 58 récit
1416 2366 72 57 de
1512 2361 463 59 l'insurrection
2002 2357 105 57 des

249 2462 344 59 tisserands
617 2479 74 39 en
720 2460 242 57 l'année
997 2456 170 56 1844.
1200 2453 75 56 Ce
1299 2470 75 39 ne
1403 2451 98 56 fut
1522 2450 64 55 ni
1607 2465 119 39 une
1755 2442 349 60 révolution

252 2551 324 75 politique,
621 2565 240 39 comme
913 2544 218 58 voulut
1186 2538 57 58 le
1293 2538 199 58 croire
1538 2535 188 58 Henri
1780 2532 219 66 Heine,
2041 2528 63 56 ni

250 2654 118 39 une
424 2639 183 70 grève
660 2632 335 66 socialiste,
1040 2629 359 71 longtemps
1453 2624 301 74 préparée
1808 2618 295 56 d'avance

249 2739 114 57 par
393 2720 304 57 d'habiles
749 2734 311 41 meneurs.
1096 2718 82 54 La
1226 2714 154 57 faim
1413 2711 104 57 des
1558 2723 287 61 pauvres,
1878 2704 64 55 la
1994 2701 74 56 du-

249 2810 129 55 reté
410 2808 104 57 des
545 2805 203 57 riches
783 2806 57 55 et
887 2820 113 40 une
1032 2801 225 75 simple
1315 2799 296 62 chanson,
1646 2790 458 79 provoquèrent

249 2894 199 58 seules
478 2894 61 55 la
564 2893 254 57 révolte.
847 2890 155 57 C'est
1032 2908 66 39 ce
1131 2889 140 75 qu'à
1296 2884 272 74 compris
1592 2884 52 53 M
1704 2881 399 70 Hauptmann

247 2980 61 59 Si
341 2997 93 39 ses
475 2978 346 57 tisserands
865 2993 73 41 ne
980 2975 246 75 parlent
1265 2989 109 59 pas
1414 2970 63 56 la
1515 2969 227 71 langue
1775 2965 103 56 des
1915 2963 136 54 hom-

244 3083 129 40 mes
404 3067 72 56 de
509 3067 170 68 1848,
716 3064 79 57 ils
840 3082 74 39 ne
953 3062 249 76 parlent
1247 3077 112 58 pas
1398 3074 127 40 non
1564 3055 139 73 plus
1736 3064 240 43 comme
2022 3045 73 57 de

241 3153 331 56 modernes
607 3149 367 77 prolétaires
1009 3148 101 75 qui
1146 3146 282 58 auraient
1465 3143 66 56 lu
1562 3143 166 53 Marx
1759 3140 59 52 et
1845 3132 251 76 Engels;

240 3237 134 57 leur
425 3237 226 72 langue
715 3237 89 55 est
847 3234 63 56 la
941 3233 222 75 simple
1219 3231 225 72 langue
1478 3228 72 56 de
1602 3227 63 54 la
1715 3223 153 56 faim
1911 3223 58 52 et
2024 3217 75 57 de

240 3323 62 57 la
332 3323 247 65 misère,
613 3337 238 42 comme
877 3325 142 52 tous
1050 3319 89 58 les
1167 3323 204 66 temps
1399 3316 154 56 l'ont
1580 3311 193 76 parlé.
1809 3311 126 53 Peu
1964 3306 138 57 leur

241 3407 211 57 chault
510 3407 229 57 l'ordre
800 3407 104 55 des
960 3405 231 57 classes
1225 3407 60 51 et
1323 3401 86 56 les
1464 3400 184 55 luttes
1705 3394 281 68 sociales,
2022 3389 81 60 ils

237 3497 217 55 savent
517 3509 114 58 que
670 3492 146 57 chez
858 3507 117 40 eux
1019 3488 80 59 ils
1145 3488 173 56 n'ont
1369 3502 113 58 pas
1529 3485 72 54 de
1635 3486 148 71 pain
1822 3485 60 53 et
1917 3478 79 57 ils
2038 3496 61 41 se
