2490 4032
535 1309 173 147 LA
779 1309 335 147 BASE
1195 1309 798 168 HISTORIQUE

301 1619 422 91 DES
824 1619 1398 91 TISSERANDS

378 2344 614 80 Lareprésentation
1023 2343 109 58 des
1174 2340 359 61 Tisserands
1564 2361 80 40 au
1669 2342 260 61 Théâtre
1951 2344 183 60 Libre
2162 2365 56 53 a,

295 2437 282 79 pendant
593 2434 309 78 quelques
930 2432 203 76 jours,
1157 2432 347 76 passionné
1534 2431 317 77 l'opinion
1877 2434 337 79 publique.

294 2528 99 60 On
425 2545 36 41 a
494 2526 338 74 beaucoup
868 2522 249 58 discuté
1155 2526 138 53 tant
1316 2522 409 76 l'esthétique
1769 2541 121 59 que
1935 2523 91 61 les
2069 2531 112 53 ten-

300 2617 238 59 dances
567 2612 269 59 sociales
874 2610 74 58 de
981 2610 65 58 la
1077 2610 277 77 pièce,et
1381 2610 91 59 les
1507 2611 372 76 quotidiens
1912 2612 268 61 s'encom-

295 2706 257 60 brèrent
577 2702 75 59 de
675 2701 548 76 renseignements
1244 2700 143 77 plus
1414 2719 84 41 ou
1522 2701 211 59 moins
1758 2702 460 80 authentiques

295 2813 109 42 sur
437 2810 70 42 sa
539 2794 230 75 genèse
802 2793 59 55 et
899 2807 117 40 son
1051 2789 405 80 auteur(i).ll
1484 2789 124 58 m'a
1630 2808 162 58 paru
1828 2791 390 63 intéressant

296 2885 76 59 de
407 2884 277 76 dégager
714 2879 107 70 ici,
859 2878 255 78 d'après
1159 2881 312 77 quelques
1515 2879 383 61 documents
1951 2881 231 61 histori-

295 2991 182 59 ques,
546 2970 64 59 la
659 2974 148 71 part
861 2968 77 58 de
1002 2968 228 60 réalité
1291 2968 155 79 qu'il
1494 2987 39 58 y
1575 2986 37 42 a
1651 2968 159 60 dans
1852 2969 60 60 le
1957 2973 257 60 sombre

291 3063 222 58 drame
544 3059 76 59 de
651 3061 75 64 M,
762 3058 280 60 Gerhart
1072 3058 438 77 Hauptmann.

375 3151 63 61 Si
470 3151 130 58 l'on
628 3147 242 61 voulait
897 3151 300 56 raconter
1226 3147 61 60 la
1336 3149 232 59 misère
1618 3147 108 58 des
1775 3166 278 58 pauvres
2100 3153 115 60 tis-

355 3320 47 48 1.
436 3320 60 47 cf.
543 3317 138 48 Paul
746 3316 164 58 Marx,
944 3317 102 47 Der
1080 3316 322 49 schlesische
1470 3315 439 52 Weberaufstand
1956 3320 256 62 (Magazin

298 3393 78 47 fur
394 3392 272 55 Literatur,
687 3387 59 47 13
779 3388 181 48 février
983 3391 160 61 1892).

356 3459 400 60 Schneer,Uber
785 3459 80 47 die
892 3459 141 50 Noth
1067 3464 92 47 der
1188 3461 355 62 Leineweber,
1561 3463 145 55 1814.
1721 3468 488 61 A.Zimmermann,

295 3537 147 49 Blute
475 3534 102 46 und
609 3532 198 49 Yerfall
841 3533 90 47 des
958 3533 387 51 Schlesischen
1380 3533 436 63 Leinegewerbes
