2490 4032
1247 295 116 56 530

336 452 323 62 auditoire
713 455 143 54 tout
910 448 487 79 sympathique,
1431 465 69 42 sa
1531 449 338 60 virtuosité
1920 449 317 64 littéraire
2262 475 11 48 ;

334 546 82 58 M.
476 545 159 58 Jean
725 541 245 57 Moréas
1026 541 108 56 eut
1196 537 173 58 aussi
1437 537 110 60 des
1614 540 311 76 critiques
2004 542 245 60 oiseuse-

335 635 178 61 ment
538 630 521 70 bienveillantes,
1101 645 165 61 pour
1299 645 98 42 ses
1431 646 253 42 œuvres
1713 631 573 62 universellement

336 721 410 81 appréciées;
783 719 190 72 mais,
1008 717 351 72 vraiment,
1392 735 163 42 nous
1594 717 348 63 aimerions
1985 721 299 79 qu'après

335 815 67 59 la
430 813 324 61 trentaine
898 813 59 57 et
990 809 209 58 même
1234 813 194 54 avant
1572 810 302 78 l'orgueil
1919 818 36 54 à
1994 814 63 58 la
2108 815 134 59 Ron-

338 904 171 66 sard,
528 902 140 61 naïf
689 919 149 41 sans
863 900 195 59 doute
1089 902 60 55 et
1171 898 250 77 parfois
1442 899 352 72 inoffensif,
1815 902 167 61 mais
2008 907 273 57 souvent

339 994 186 59 d'une
592 989 336 61 obsession
984 988 462 75 disgracieuse,
1479 989 217 78 perdît
1745 992 77 59 de
1878 1010 118 41 son
2048 994 236 59 ardeur

338 1081 435 63 afTirmatrice.

420 1176 172 56 Nous
608 1171 207 59 lisons
840 1186 78 43 en
941 1168 125 61 tête
1093 1167 85 61 du
1202 1186 300 43 nouveau
1526 1175 230 72 poème
1778 1171 75 59 de
1879 1172 402 79 M.Adolphe

340 1265 180 59 Retté
556 1260 77 81 (1)
669 1281 13 38 :

421 1377 32 33 «
499 1355 72 58 Je
600 1349 322 80 pourrais,
960 1352 38 55 à
1036 1366 240 61 propos
1315 1350 77 58 de
1441 1368 70 42 ce
1561 1351 165 78 petit
1775 1351 282 74 volume,
2089 1354 152 59 déve-

339 1446 228 75 lopper
609 1440 158 79 qu'il
807 1440 247 60 affirme
1096 1444 37 54 à
1167 1458 300 42 nouveau
1508 1440 92 60 les
1655 1443 332 77 principes
2034 1444 244 61 d'unité

341 1535 160 60 dans
532 1531 65 60 la
631 1529 387 76 conception
1055 1531 58 58 et
1157 1528 76 59 de
1276 1529 307 60 diversité
1639 1531 160 59 dans
1846 1533 93 58 les
1986 1534 291 76 rythmes

340 1642 122 61 que
492 1639 160 61 posa
678 1623 281 74 naguère
1097 1622 60 54 et
1193 1618 111 58 des
1347 1624 142 54 tout
1540 1622 316 73 premiers
2002 1641 70 40 ce
2118 1622 163 59 livre

340 1716 79 59 de
448 1730 146 42 vers
625 1728 11 40 :
680 1707 252 62 Cloches
971 1725 73 39 en
1089 1704 61 60 la
1187 1704 177 74 Nuit,
1397 1708 331 77 principes
1771 1728 111 41 sou
1897 1714 216 56 ventes
2154 1712 128 60 fois

336 1799 374 86 préconisés
749 1798 227 76 depuis
1020 1813 119 61 par
1182 1796 285 59 d'autres
1511 1802 60 56 et
1620 1801 177 57 aussi
1850 1818 119 60 par
2018 1801 152 59 moi.
2211 1803 72 59 Je

340 1891 304 82 pourrais
675 1887 336 79 expliquer
1040 1904 122 61 que
1191 1886 326 80 j'apporte
1548 1907 124 41 une
1701 1890 397 78 application
2127 1910 118 42 nou-

331 1982 165 63 velle
528 1980 86 59 du
660 1976 320 80 symbole.

423 2095 34 35 «
501 2071 73 60 Je
625 2069 166 59 dirai
844 2067 358 59 seulement
1237 2066 133 61 ceci
1408 2084 13 41 :
1456 2067 65 59 la
1554 2067 268 79 plupart
1856 2070 75 60 de
1964 2090 135 41 mes
2135 2090 114 42 con-

336 2164 203 58 frères
574 2156 538 80 m'apparaissent
1140 2174 87 41 un
1261 2174 123 59 peu
1416 2156 109 60 des
1561 2158 215 61 dieux.
1922 2161 88 59 La
2042 2180 201 59 propo-

341 2254 196 59 sition
580 2250 179 59 étant
811 2245 269 73 admise,
1116 2245 64 78 je
1234 2245 136 60 leur
1417 2248 227 58 citerai
1694 2252 161 57 cette
1906 2252 236 74 phrase
2206 2253 77 60 de

343 2346 275 57 Pétrone
647 2357 14 42 :
693 2357 34 39 «
774 2340 50 55 A
859 2338 224 70 Rome,
1122 2353 83 42 on
1249 2337 359 59 trouverait
1657 2337 218 77 plutôt
1929 2339 109 59 des
2093 2342 190 58 dieux

341 2453 35 35 «
421 2431 196 78 qu'un
647 2429 287 59 homme.
984 2447 34 34 »

419 2544 33 34 «
500 2522 295 57 Prenons
830 2535 122 59 que
985 2517 198 58 Rome
1216 2518 399 76 représente,
1648 2517 159 61 dans
1835 2525 183 54 notre
2053 2539 129 58 cas,
2220 2521 67 61 la

339 2610 244 80 poésie.
750 2607 151 69 Moi,
950 2606 63 79 je
1065 2624 101 42 me
1228 2607 133 59 suis
1420 2607 236 60 efforcé
1708 2608 76 59 de
1839 2608 198 63 n'être
2089 2611 197 79 qu'un

339 2704 284 58 homme.
679 2721 31 32 »

421 2795 179 57 Nous
635 2791 397 57 étonnerons
1069 2804 119 42 nos
1232 2786 278 61 lecteurs
1558 2808 77 40 en
1677 2807 164 41 nous
1896 2790 391 61 demandant

339 2880 103 64 s'il
471 2880 136 60 faut
636 2878 141 59 voir
812 2876 63 60 là
915 2876 418 78 l'expression
1380 2879 150 58 d'un
1571 2880 257 76 orgueil
1883 2880 404 79 inopportun

339 2989 86 44 ou
456 2969 190 61 d'une
680 2967 300 59 humilité
1004 2967 219 61 réelle.
1262 2969 75 57 Et
1367 2972 313 73 pourtant
1719 2970 64 59 la
1818 2970 456 80 phraséologie

339 3063 79 60 de
468 3059 372 60 manifestes
882 3058 110 58 des
1035 3057 310 59 vaniteux
1373 3058 77 60 de
1492 3077 70 41 ce
1595 3063 208 72 temps
1851 3077 65 42 se
1959 3061 235 61 hausse
2236 3068 38 54 à

338 3171 88 43 un
451 3152 87 60 tel
572 3155 112 55 ton
713 3147 414 60 d'autolâtrie
1162 3147 150 77 qu'à
1342 3149 65 60 la
1439 3149 454 78 comparaison
1920 3149 63 61 la
2016 3156 149 54 note
2204 3153 78 60 de

339 3243 77 59 M.
456 3243 183 58 Retté
677 3238 241 60 semble
948 3238 300 61 anodine.
1301 3241 177 57 Nous
1511 3257 77 41 ne
1634 3238 283 61 citerons
1953 3259 77 42 en
2052 3242 206 76 justifi-

341 3334 214 59 cation
592 3349 120 58 que
740 3349 102 42 ces
870 3330 212 77 lignes
1112 3330 76 58 de
1216 3331 78 58 M.
1317 3330 379 59 Emmanuel
1719 3331 323 76 Signoret,
2063 3335 224 60 rédac-

398 3521 44 48 1.
486 3521 103 47 Une
622 3520 130 48 belle
778 3521 161 47 Dame
953 3534 186 48 passa.
1174 3520 60 50 L.
1262 3520 215 59 Vanier,
1493 3520 215 49 éditeur.
