2490 4032
1167 418 109 56 567

301 570 73 58 de
405 575 165 55 terre
604 589 304 59 sauvages
945 571 55 59 et
1028 568 74 59 de
1134 566 200 59 farine
1374 566 198 68 noire,
1595 565 253 75 pitance
1877 562 72 59 de
1982 561 196 59 bêtes.

299 659 276 75 Presque
597 663 143 56 tous
758 659 91 58 les
868 661 298 72 ménages
1185 672 76 42 ne
1281 653 294 76 voyaient
1590 653 233 76 jamais
1842 651 74 57 de
1933 650 247 58 viande.

301 748 96 56 Un
423 747 298 59 vieillard
752 747 74 58 de
860 745 462 71 soixante-sept
1370 759 112 40 ans
1522 745 263 54 raconta
1826 745 34 52 à
1910 739 273 57 Schneer

299 851 148 40 avec
476 833 107 58 des
611 833 231 60 larmes
879 833 73 57 de
981 833 155 75 joie,
1181 829 592 76 qu'heureusement
1827 827 160 57 deux
2028 825 114 57 che-

298 938 163 40 vaux
489 921 245 58 avaient
767 923 179 59 crevé
980 938 123 40 aux
1135 918 319 58 environs.
1491 915 110 59 Lui
1629 919 59 55 et
1718 915 89 58 les
1849 914 169 59 siens
2051 912 129 59 s'en

301 1009 230 58 étaient
580 1008 212 78 régalé
839 1008 280 76 pendant
1162 1025 84 38 un
1314 1004 239 59 certain
1616 1008 226 69 temps.
1907 1003 273 57 Poussée

299 1114 116 58 par
443 1095 63 57 la
536 1095 176 69 faim,
749 1114 121 40 une
898 1095 241 58 famille
1172 1093 165 59 avait
1375 1095 226 72 mangé
1639 1111 85 38 un
1764 1107 298 41 morceau
2108 1088 75 57 de

298 1183 169 78 pain,
505 1201 139 59 que,
674 1185 133 58 lors
839 1185 85 57 du
966 1183 301 75 mariage,
1305 1181 176 58 selon
1529 1199 84 38 un
1651 1178 153 59 vieil
1844 1194 213 59 usage,
2102 1194 80 39 on

302 1270 164 60 avait
534 1272 191 59 caché
800 1272 153 58 dans
1016 1271 63 57 la
1147 1270 245 57 maison
1461 1267 93 59 six
1619 1270 234 54 années
1929 1281 218 60 aupara-

303 1361 144 56 vant
479 1359 104 76 (1).
619 1379 33 34 »

381 1448 85 56 La
492 1446 301 59 situation
829 1445 151 59 était
1016 1444 390 75 désespérée.
1442 1440 362 77 Cependant
1841 1440 89 58 les
1968 1441 183 56 événe-

303 1537 205 54 ments
542 1533 105 76 qui
683 1552 62 39 se
776 1534 410 57 déroulèrent
1219 1531 155 58 dans
1417 1529 90 58 les
1545 1529 268 75 villages
1839 1528 73 58 de
1947 1529 207 56 Peters-

306 1620 253 59 waldau
597 1623 55 56 et
684 1620 74 57 de
819 1618 475 77 Langenbielau
1346 1617 154 58 dans
1543 1615 504 76 l'Eulengebirge
2105 1629 80 41 au

307 1709 352 75 printemps
691 1709 73 57 de
785 1708 243 57 l'année
1053 1708 174 70 1844,
1253 1723 75 41 ne
1361 1711 272 69 peuvent
1661 1703 373 76 s'expliquer
2066 1719 118 59 que

308 1812 117 59 par
457 1796 105 55 des
602 1794 214 59 motifs
866 1793 399 76 particuliers
1319 1792 107 76 qui
1468 1792 254 58 vinrent
1768 1789 299 76 s'ajouter
2108 1806 80 40 au

308 1886 571 54 mécontentement
929 1882 278 75 général.
1271 1882 85 56 La
1411 1881 244 57 maison
1721 1877 353 79 Zwanziger
2130 1886 54 48 et

307 1967 99 80 fils
442 1968 82 78 (2)
557 1976 36 51 à
627 1970 494 68 Peterswaldau,
1159 1985 117 58 par
1308 1967 105 58 des
1463 1966 453 58 abaissements
1961 1966 73 57 de
2081 1982 71 41 sa-

310 2055 174 72 laire,
513 2074 114 57 par
650 2056 105 58 des
782 2074 278 40 mesures
1086 2055 351 58 vexatoires
1467 2053 73 59 de
1567 2058 137 53 tous
1726 2070 245 60 genres,
2006 2057 186 71 porta

310 2160 78 41 au
414 2161 377 59 paroxysme
821 2144 61 58 la
912 2144 184 58 haine
1135 2160 141 59 que,
1315 2159 116 60 par
1474 2160 69 41 sa
1573 2142 240 69 dureté,
1846 2141 117 58 elle
1992 2140 202 58 s'était

311 2230 142 75 déjà
481 2230 224 58 attirée
735 2229 206 76 parmi
967 2230 91 57 les
1088 2230 286 57 ouvriers
1398 2227 366 59 tisserands.
1795 2229 134 57 Une
1964 2226 228 59 sourde

311 2318 206 58 colère
553 2318 315 76 grondait,
909 2334 62 41 se
1018 2316 410 59 manifestant
1472 2315 73 58 de
1591 2316 141 75 plus
1780 2333 76 40 en
1895 2315 139 76 plus
2077 2332 116 58 par

312 2404 107 58 des
448 2404 243 75 injures
716 2406 57 56 et
796 2405 107 59 des
929 2422 291 40 menaces
1244 2409 36 53 à
1300 2403 241 77 l'égard
1571 2403 105 57 des
1698 2408 280 71 patrons.
2008 2404 148 56 Peut-

312 2492 128 58 être
490 2494 159 56 cette
702 2492 375 76 population
1107 2490 271 76 placide,
1413 2489 200 60 d'âme
1666 2490 358 59 obéissante
2071 2507 122 39 aux

310 2580 323 67 autorités,
664 2578 425 60 n'aurait-elle
1119 2597 111 60 pas
1265 2582 94 56 été
1392 2579 268 76 poussée
1681 2578 253 76 jusqu'à
1961 2578 62 58 la
2048 2578 108 58 vio-

310 2664 199 73 lence,
565 2666 75 68 si,
686 2666 154 58 dans
881 2666 90 58 les
1013 2666 395 58 chaumières
1449 2664 305 70 désolées,
1798 2664 231 59 n'avait
2081 2682 112 60 pas

315 2753 170 75 surgi
518 2753 265 57 soudain
815 2771 119 41 une
969 2753 279 60 chanson
1280 2756 288 56 amèreet
1594 2753 257 59 terrible
1881 2753 127 75 qui,
2042 2753 152 59 dans

310 2838 62 59 la
405 2841 255 58 rudesse
684 2841 74 58 de
788 2859 68 42 sa
885 2841 202 58 forme
1114 2841 304 70 inhabile,
1456 2841 306 76 adéquate
1787 2859 118 40 aux
1928 2859 225 57 concep-

308 2927 169 59 tions
501 2928 74 58 de
604 2946 99 41 ces
735 2928 285 59 hommes
1047 2928 279 77 simples,
1356 2928 239 59 alluma
1615 2928 62 59 la
1698 2928 237 59 révolte
1959 2946 116 57 par
2098 2945 96 41 ses

310 3020 250 54 accents
597 3016 73 58 de
701 3034 270 60 sauvage
1006 3016 346 76 désespoir.

388 3105 89 55 En
506 3104 187 70 voici,
725 3104 311 58 traduites
1067 3102 449 61 littéralement
1538 3124 12 48 ;
1576 3104 306 77 quelques
1905 3104 289 75 strophes

376 3407 44 47 1.
453 3407 71 47 M.
546 3409 129 48 Paul
706 3409 161 46 Marx.

372 3477 47 47 2.
447 3477 70 47 M.
547 3477 332 61 Hauptmann
903 3492 26 33 a
952 3480 252 59 remplacé
2160 3480 34 44 Z
1561 3492 87 47 par
2000 3492 194 37 comme

308 3549 113 58 plus
448 3548 108 47 tard
580 3548 178 59 Dierig
785 3562 87 45 par
901 3548 249 48 Dietrich.
