3479 4440
1685 150 111 54 270

124 294 101 51 und
580 294 305 50 Beelhoven's
1223 297 260 69 Lortzing's
1525 297 177 58 „Czaar

127 373 99 51 und
674 372 95 49 und
810 373 117 56 „Die
960 372 168 52 beiden
1477 377 223 50 Flotow's

425 452 97 51 und
552 453 256 66 Wagner's

247 536 121 47 Dass
397 532 182 49 endlich
625 532 73 48 die
742 548 173 33 neuere
946 532 286 53 italiänische
1262 537 170 48 Schule
1482 536 70 49 bis
1603 536 72 48 ein-

129 611 276 52 schliesslich
435 612 86 49 auf
542 611 144 50 Verdi
724 612 96 49 und
863 612 75 49 die
978 631 176 34 neuere
1201 616 309 51 französische
1540 634 160 49 grosse

129 694 146 65 Oper,
307 692 95 48 also
433 692 283 49 namentlich
745 692 299 67 Meyerbeer,
1074 696 224 49 ebenfalls
1328 697 102 50 ihre
1453 697 142 50 Stelle
1619 714 54 50 ge-

131 769 188 60 funden,
348 771 119 67 zeigt
496 771 74 49 ein
598 772 131 48 Blick
758 772 44 48 in
833 772 81 48 das
946 772 140 69 obige
1115 776 295 66 Repertoire.

247 851 122 50 Was
418 852 170 49 wollen
631 851 123 50 denn
804 870 95 31 nun
950 852 247 67 eigentlich
1243 855 74 50 die
1347 857 353 51 Frankfurter?

131 929 129 51 Oder
288 931 169 49 wissen
485 932 65 50 sie
580 932 285 67 überhaupt,
907 948 97 35 was
1034 935 64 48 sie
1121 936 188 59 wollen,
1357 954 140 33 wenn
1526 938 65 50 sie
1622 940 83 49 mit

131 1011 129 49 einer
289 1011 188 51 solchen
509 1012 264 67 Opernliste
815 1013 126 50 nicht
982 1015 238 50 zufrieden
1262 1016 137 51 sind?
1542 1020 160 50 Wenn

133 1089 300 69 dergleichen
462 1092 255 50 Ansichten
764 1100 124 43 etwa
929 1095 120 49 auch
1095 1095 72 50 bei
1213 1096 108 51 dem
1351 1098 353 52 verwaltenden

131 1171 292 51 Ausschüsse
453 1172 85 50 der
565 1173 249 50 Actionäre
837 1175 301 68 Fürsprache
1167 1177 157 51 finden
1355 1178 115 51 oder
1501 1197 86 50 gar
1618 1196 87 36 von

131 1248 166 52 dessen
339 1252 298 66 Mitgliedern
679 1253 191 66 getheilt
914 1255 211 59 werden,
1169 1274 50 33 so
1258 1257 119 51 wird
1415 1258 175 52 freilich
1623 1260 82 50 der

131 1331 275 49 Entschluss
437 1331 78 51 des
543 1333 158 49 Herrn
729 1333 311 52 Intendanten
1083 1337 277 60 Benedix,
1410 1341 124 49 seine
1564 1342 143 50 Stelle

133 1411 175 49 binnen
338 1412 129 50 sechs
496 1413 221 50 Monaten
747 1413 379 70 niederzulegen,
1156 1418 110 50 sehr
1294 1418 260 54 erklärlich.
1586 1423 121 50 Sehr

137 1490 405 52 charakteristisch
573 1492 55 50 ist
658 1510 47 32 es
735 1493 134 61 aber,
914 1496 106 51 dass
1064 1514 60 33 an
1166 1500 143 49 zwölf
1332 1500 267 67 Mitglieder
1627 1502 81 51 des

137 1570 208 68 hiesigen
376 1572 225 50 Theaters
631 1572 229 52 ebenfalls
890 1576 236 68 abgehen,
1163 1596 104 32 zum
1300 1578 134 52 Theil
1464 1581 145 49 schon
1641 1583 62 49 im

133 1648 401 52 bevorstehenden
590 1651 225 62 Herbste,
879 1656 96 48 und
1025 1656 227 51 darunter
1302 1658 73 50 die
1423 1660 286 68 tüchtigsten

132 1730 241 59 Künstler,
402 1731 91 49 wie
514 1750 37 30 z.
574 1732 54 51 B.
653 1732 245 52 Friedrich
923 1737 128 48 Hase
1082 1737 93 48 und
1206 1737 162 51 dessen
1393 1741 159 49 Gattin
1584 1740 125 68 (geb.

137 1808 278 69 Capitaine),
446 1812 158 48 Fräul.
634 1812 158 61 Veith,
823 1816 128 47 Herr
982 1816 257 51 Schneider
1267 1835 45 33 u.
1343 1836 34 33 s.
1410 1836 57 35 w.

253 1891 100 49 Das
381 1892 254 50 Zerstören
678 1892 81 50 des
804 1895 85 49 seit
929 1897 113 48 zwei
1072 1898 179 50 Jahren
1295 1900 216 51 mühsam
1544 1902 138 68 aufge-

140 1967 191 51 führten
353 1971 156 49 Baues
538 1971 179 51 scheint
747 1972 229 52 demnach
1007 1994 55 30 zu
1093 1977 242 67 gelingen;
1365 1978 88 51 wie
1454 1999 13 12 -
1477 1978 73 53 die
1575 1982 102 50 Wie-

134 2044 373 74 derherstellung
537 2052 220 67 gelingen
787 2055 179 61 werde,
997 2060 186 47 müssen
1215 2058 87 50 wir
1331 2058 261 53 abwarten.

1392 2138 199 50 Verus.

577 2322 680 82 Entgegnung.

256 2441 99 49 Das
404 2441 326 67 August-Heft
786 2442 85 51 der
931 2446 275 56 „Wiener

137 2518 160 68 bringt
325 2521 216 66 folgende
566 2521 346 68 Entgegnung:

240 2599 115 58 „Die
383 2601 158 48 Neue
568 2601 344 52 Zeitschrift
942 2603 79 49 für
1050 2603 155 51 Musik
1236 2606 44 48 in
1309 2606 191 68 Leipzig
1529 2610 177 49 enthält

133 2677 45 51 in
207 2677 127 51 ihrer
361 2679 232 50 Nummer
621 2697 104 33 vom
753 2682 48 50 9.
825 2683 93 49 Juli
950 2683 103 50 eine
1082 2685 321 68 Entgegnung
1432 2686 80 51 des
1542 2688 162 51 Herrn

132 2758 251 50 Brendel
429 2761 85 48 auf
546 2761 187 49 meinen
775 2762 62 50 im
866 2763 278 51 Juni-Hefte
1187 2765 84 50 der
1313 2767 380 57 „Monatschriff

134 2838 334 50 erschienenen
517 2840 212 50 Artikel:
792 2880 17 19 „
832 2845 123 55 „Zur
1002 2845 385 66 gegenwärtigen
1437 2848 242 50 Parteistel-

133 2917 182 66 lung'"'
357 2935 44 32 u.
433 2935 34 32 s.
500 2935 59 33 w.
581 2921 166 48 —Es
794 2920 123 50 freut
959 2922 139 58 mich,
1150 2922 105 51 dass
1294 2926 126 48 Herr
1460 2926 244 52 Brendel

134 2994 73 51 die
235 2996 63 49 im
331 2997 187 50 Ganzen
557 3000 280 67 gemässigte
866 3001 215 67 Haltung
1123 3003 173 50 meines
1326 3003 205 52 Artikels
1566 3024 111 33 aner-

131 3074 143 51 kennt
324 3076 95 51 und
467 3077 98 50 ihm
608 3077 103 51 eine
761 3080 194 67 gewisse
1003 3082 280 69 Beachtung
1331 3085 127 49 nicht
1505 3095 197 59 versagt.

131 3154 289 51 Gleichwohl
452 3156 146 51 findet
636 3175 52 32 er
729 3158 46 50 in
816 3160 201 49 meinem
1048 3161 262 52 Verfahren
1343 3162 135 52 einen
1510 3182 190 51 grossen

133 3234 245 50 Irrthum
428 3234 96 50 und
566 3237 160 60 meint,
768 3256 47 32 es
860 3238 123 51 habe
1020 3240 113 59 sich,
1177 3242 89 50 mir
1293 3243 228 51 vielleicht
1550 3246 120 51 unbe-

127 3321 162 52 wusst,
333 3321 146 43 etwas
523 3316 348 68 Gehässiges
922 3320 386 66 eingeschlichen.
1352 3325 97 49 Das
1488 3327 215 50 Letztere

128 3395 132 49 sollte
289 3395 91 49 mir
409 3395 89 49 leid
526 3395 146 60 thun;
721 3397 122 50 denn
875 3400 259 64 persönlich
1176 3403 222 51 wünsche
1439 3406 72 49 ich
1542 3407 158 50 Herrn

128 3473 152 50 Liszt
311 3473 95 51 und
437 3476 120 49 allen
587 3476 500 52 Zukunfts-Musikern
1117 3480 82 49 das
1228 3482 152 60 Beste,
1423 3485 96 49 und
1549 3486 122 51 feind-

129 3553 141 65 selige
298 3553 173 51 Motive
500 3555 153 68 liegen
686 3556 87 49 mir
801 3574 117 49 ganz
950 3557 114 50 fern.
1115 3558 160 51 lieber
1304 3561 80 49 das
1413 3565 191 50 Erstere
1628 3567 48 66 je-

131 3629 118 50 doch
279 3631 80 51 bin
397 3633 73 50 ich
515 3652 79 32 um
637 3651 51 33 so
728 3636 260 67 geneigter,
1034 3636 73 51 die
1136 3638 213 50 Polemik
1379 3641 319 63 fortzusetzen,

133 3709 66 49 als
232 3712 120 47 Herr
381 3713 254 51 Brendel
673 3717 75 48 ein
777 3716 109 51 sehr
915 3716 356 52 ehrenwerther
1302 3720 189 67 Gegner
1517 3723 70 59 ist,
1619 3727 84 49 mit

131 3788 227 50 welchem
387 3807 47 32 es
462 3792 94 50 sich
587 3795 124 48 wohl
743 3796 146 58 lohnt,
922 3796 103 49 eine
1055 3797 155 50 Lanze
1239 3816 54 31 zu
1326 3798 221 52 brechen.

263 3869 155 58 „Herr
454 3872 251 52 Brendel
747 3876 144 49 findet
921 3876 90 49 den
1042 3892 194 51 grossen
1587 3885 85 48 mei-

128 3948 196 50 nerseits
354 3948 46 50 in
430 3949 319 67 Folgendem:
805 3994 17 18 „
846 3956 127 56 „Wo
1004 3974 110 33 man
1144 3958 335 51 vermitteln

127 4036 103 58 sagt
261 4045 66 40 er,
372 4068 18 17 „
413 4032 214 55 „müssen
656 4032 112 48 zwei
799 4035 217 49 Parteien
1045 4036 44 49 in
1120 4036 230 51 schroffer
1378 4038 325 69 Einseitigkeit

124 4108 226 50 einander
400 4108 443 69 gegenüberstehen
893 4113 113 60 und,
1054 4132 98 33 was
1194 4116 73 51 die
1296 4118 305 68 Hauptsache
1631 4121 71 60 ist,

129 4186 80 49 mit
251 4188 261 65 gleicher
550 4188 454 70 Berechtigung.
1062 4195 97 49 Das
1203 4196 114 51 aber
1357 4197 58 50 ist
1454 4198 245 51 hierauch

1777 297 127 49 nicht
1933 298 203 49 entfernt
2163 298 85 49 der
2569 303 207 49 Hierauf
2798 303 57 51 ist
2881 322 58 32 zu
2968 305 250 63 erwidern,
3247 309 108 51 dass

1777 384 177 42 erstens
1991 393 89 34 von
2111 378 151 49 einem
2293 379 768 71 Vermittlungs-Versuche
3104 404 86 50 gar
3229 389 130 51 nicht

1777 455 73 50 die
1881 457 132 49 Bede
2042 458 95 49 sein
2170 458 150 58 kann;
2352 459 123 51 denn
2506 462 90 50 wie
2627 463 174 51 könnte
2832 481 49 33 es
2911 465 90 50 mir
3022 465 235 64 einfallen,
3283 468 73 52 die

1779 535 168 51 beiden
1985 544 242 43 extremen
2258 540 236 60 Parteien,
2540 544 178 48 welche
2758 544 252 69 allerdings
3053 547 46 48 in
3129 548 230 52 schroffer

1783 615 320 69 Einseitigkeit
2145 619 226 51 einander
2420 624 461 66 gegenüberstehen,
2931 627 262 52 versöhnen
3242 628 116 52 oder

1777 695 227 52 einander
2033 697 147 50 näher
2211 698 198 68 bringen
2438 721 56 30 zu
2525 704 205 51 wollen?
2766 704 100 51 Das
2897 704 150 52 hiesse
3076 724 49 32 so
3156 708 103 60 viel,
3289 711 67 49 als

1779 777 154 49 Nord-
1957 777 98 50 und
2078 778 177 68 Südpol
2279 779 309 70 verknüpfen,
2619 784 269 67 Antipoden
2918 793 140 43 unter
3086 788 154 50 Einen
3256 791 103 49 Hut

1778 857 199 68 bringen
2006 859 185 51 wollen.
2250 860 164 51 Wenn
2453 863 73 49 ich
2572 865 102 50 eine
2704 867 431 51 Mittel-Partei
3174 877 156 44 consta-

1779 938 125 58 tirte,
1953 956 51 33 so
2047 939 112 69 liegt
2201 939 151 52 hierin
2394 943 123 49 noch
2566 943 138 52 keine
2746 945 323 51 vermittelnde
3099 947 255 53 Absicht.

1779 1019 165 51 Wenn
1987 1037 110 33 man
2140 1019 118 51 aber
2299 1020 90 52 den
2419 1023 224 69 Gegnern
2686 1025 85 51 der
2812 1027 412 51 Zukunfts-Musik
3269 1031 87 49 alle

1779 1099 352 69 Berechtigung
2160 1099 272 69 abläugnet,
2475 1121 51 33 so
2569 1103 124 52 kann
2735 1105 73 50 ich
2848 1105 152 51 hierin
3044 1107 121 51 eben
3207 1108 149 52 nichts

1780 1178 216 52 Anderes
2045 1182 66 48 als
2166 1182 228 58 „schroffe
2850 1187 277 61 entdecken,
3177 1189 178 51 welche

1780 1258 148 52 durch
1959 1259 74 52 die
2056 1260 296 69 Argumente
2382 1262 80 52 des
2484 1264 160 52 Herrn
2673 1265 254 53 Brendel
2959 1267 289 70 keineswegs
3270 1269 56 51 ab-

1780 1338 218 68 disputirt
2024 1342 247 49 erscheint.
2312 1343 130 49 Herr
2470 1344 246 51 Brendel
2761 1346 134 50 führt
2922 1365 106 33 zum
3055 1348 163 69 Beleg,
3250 1348 105 52 dass

1780 1419 126 51 seine
1962 1422 156 49 Partei
2188 1461 18 19 „
2229 1422 90 59 „im
2376 1424 357 51 Wesentlichen
2789 1426 96 50 und
2941 1427 139 49 allein
3111 1426 45 69 (!)
3199 1429 152 50 Recht

2033 1518 76 42 an,
2152 1502 74 49 die
2257 1503 261 69 Principien
2563 1506 82 49 der
2672 1507 415 49 Zukunfts-Partei
3137 1509 124 50 seien
3303 1527 51 33 so

1784 1580 214 68 allseitig,
2041 1580 64 51 sie
2133 1582 143 49 selbst
2305 1600 49 33 so
2385 1584 110 50 sehr
2523 1586 87 49 auf
2641 1584 86 52 der
2754 1588 117 58 Hut,
2901 1586 242 52 wirkliche
3171 1588 153 51 Ueber-

1784 1660 135 67 griffe
1947 1678 56 33 zu
2032 1662 268 51 vermeiden
2332 1662 64 68 (!),
2437 1664 104 51 dass
2579 1666 84 50 der
2692 1667 316 67 Gegenpartei
3036 1667 150 51 nichts
3217 1668 139 69 übrig

1784 1738 173 61 bleibe,
2006 1740 68 50 als
2116 1740 82 51 das
2238 1743 278 51 erfreuliche
2547 1746 235 61 Geschäft,
2827 1747 74 49 die
2931 1747 290 51 Schwächen
3261 1748 97 50 und

1784 1820 206 65 Mängel,
2033 1819 75 52 die
2145 1822 157 67 jedem
2346 1822 229 53 irdischen
2607 1826 156 59 Thun,
2813 1826 96 50 und
2951 1827 97 48 also
3086 1827 121 49 auch
3250 1827 105 51 dem

1785 1899 200 68 ihrigen,
2022 1902 240 61 anhaften,
2305 1903 169 51 immer
2502 1906 178 49 wieder
2707 1906 124 50 breit
2856 1925 53 31 zu
2941 1913 165 43 treten.
3156 1908 206 51 Hierauf

1784 1979 57 50 ist
1868 1997 53 32 zu
1956 1979 273 61 bemerken,
2259 1982 104 51 dass
2393 1983 102 51 eine
2525 1984 174 60 Partei,
2729 1986 72 50 die
2823 1987 191 66 Mängel
3044 1986 95 50 und
3163 1988 160 50 Schwä-

1785 2059 120 50 chen
1934 2059 390 69 eingestandener
2351 2064 215 50 Maassen
2605 2066 313 50 aufzuweisen
2958 2066 96 61 hat,
3099 2067 143 49 schon
3273 2067 54 49 da-

1788 2137 149 51 durch
1980 2138 73 51 die
2083 2141 349 68 Berechtigung
2471 2143 129 51 einer
2630 2146 315 66 Gegenpartei
2986 2144 204 51 darlhut.
3247 2146 107 50 Und

1788 2217 83 51 hat
1892 2217 121 51 denn
2037 2218 74 51 die
2132 2221 412 52 Zukunfts-Partei
2568 2224 48 66 je
2640 2223 73 50 die
2735 2226 187 66 Mängel
2946 2224 95 50 und
3066 2224 288 51 Schwächen

1785 2297 129 49 ihrer
1944 2298 189 66 Gegner
2163 2301 240 66 geschont,
2446 2302 127 51 nicht
2612 2303 224 50 vielmehr
2864 2303 236 51 dieselben
3130 2304 194 51 fortwäh-

1787 2377 115 49 rend
1934 2378 93 50 und
2057 2379 198 69 gehörig
2285 2381 502 68 breitgetreten?!
2824 2383 144 52 Wird
2997 2383 128 51 nicht
3152 2386 52 48 F.
3235 2386 87 49 Hil-

1785 2457 82 49 ler
1902 2457 116 49 oder
2050 2458 152 67 jeder,
2245 2461 85 49 der
2366 2461 94 49 sich
2506 2463 85 48 auf
2612 2463 165 67 irgend
2805 2463 103 51 eine
2939 2463 165 52 Weise
3133 2464 66 50 als
3228 2464 125 51 nicht

1782 2555 54 30 zu
1868 2535 127 51 ihrer
2023 2538 164 50 Fahne
2216 2539 279 51 schwörend
2523 2541 211 52 bekannt
2772 2543 97 57 hat,
2918 2542 263 51 immerfort
3209 2561 114 49 ange-

1783 2614 173 52 feindet
1992 2617 94 51 und
2123 2636 76 32 wo
2241 2619 202 68 möglich
2475 2621 246 50 lächerlich
2753 2622 269 67 gemacht?!
3083 2622 149 58 „„Bei
3264 2623 87 50 den

1782 2697 222 66 Gegnern
2033 2698 57 50 ist
2118 2698 356 52 Willkürliches
2504 2702 96 49 und
2625 2703 297 60 Gemachtes,
2953 2702 73 49 bei
3058 2720 85 31 uns
3168 2703 152 50 Ueber-

2119 2778 86 50 So!
2234 2779 113 50 Also
2371 2779 127 59 alles,
2530 2798 96 32 was
2648 2801 35 29 z.
2709 2782 51 49 B.
2793 2798 151 51 gegen
2973 2783 204 47 Liszt's
3210 2782 105 49 Com-

1779 2854 259 66 positionen
2067 2857 315 67 vorgebracht
2412 2858 179 60 wurde,
2630 2859 174 51 beruht
2845 2861 163 50 nicht
3048 2861 85 48 auf
3168 2861 152 49 Ueber-

1782 2936 240 66 zeugung!
2061 2937 102 48 Der
2189 2937 183 49 Beweis
2401 2937 160 51 hiefür
2589 2941 56 48 ist
2672 2941 129 49 nicht
2828 2939 215 68 gegeben
3072 2939 96 50 und
3198 2939 155 52 dürfte

1783 3014 157 49 Herrn
1972 3014 249 51 Brendel
2250 3017 183 51 schwer
2461 3035 159 50 genug
2652 3019 151 51 fallen.
2842 3019 142 51 Nicht
3011 3018 184 51 minder
3223 3022 127 48 stark

1782 3092 56 49 ist
1867 3092 72 49 die
1968 3094 183 65 Frage:
2194 3134 17 19 „
2234 3112 101 41 „wo
2367 3096 121 50 denn
2520 3096 72 50 die
2615 3098 284 67 Leistungen
2926 3098 82 50 der
3034 3099 314 68 Gegenpartei

1779 3172 144 58 seien,
1961 3172 73 51 die
2064 3173 142 51 ihnen
2235 3176 264 59 erlaubten,
2539 3178 94 48 sich
2666 3178 208 50 wirklich
2906 3179 64 50 als
3001 3179 154 50 Partei
3189 3179 133 51 hinzu-

2090 3253 285 67 Abgesehen
2423 3272 89 33 von
2555 3256 100 59 der,
2705 3257 184 67 gelinde
2931 3266 182 58 gesagt,
3157 3276 193 49 grossen

1779 3331 259 59 Kühnheit,
2070 3333 88 50 alle
2183 3334 378 68 Compositionen
2593 3337 65 49 als
2686 3338 96 48 null
2812 3356 54 32 zu
2899 3337 297 60 bezeichnen,
3236 3341 85 47 wel-

1778 3409 85 51 che
1905 3428 87 33 von
2034 3412 418 70 Nichtanhängern
2493 3416 115 49 oder
2650 3417 444 68 ausgesprochenen
3125 3418 223 66 Gegnern

1778 3489 84 51 der
1890 3507 87 33 von
2001 3492 224 51 Weimar
2254 3493 93 51 und
2366 3494 189 69 Leipzig
2584 3513 84 33 aus
2691 3497 243 67 dirigirten
2958 3498 153 50 Partei
3135 3498 187 65 geschaf-

1779 3569 74 50 fen
1895 3569 193 52 worden
2123 3572 118 60 sind,
2286 3591 126 33 muss
2456 3576 102 48 hier
2601 3576 101 50 eine
2740 3593 115 51 arge
2894 3578 342 67 Vermengung
3265 3577 84 49 der

1778 3648 326 52 urtheilenden
2136 3653 83 48 mit
2241 3652 84 51 der
2347 3654 302 51 schaffenden
2672 3657 269 49 Musikwelt
2964 3657 241 51 constatirt
3228 3675 89 31 wer-

1775 3728 104 51 den.
1924 3731 113 49 Man
2067 3731 126 50 kann
2225 3733 87 50 alle
2343 3736 323 67 gegenwärtig
2693 3736 303 50 schaffenden
3025 3737 211 49 Musiker
3265 3752 83 33 aus

1777 3808 105 50 dem
1909 3809 155 68 Spiele
2093 3811 166 59 lassen,
2291 3813 95 50 und
2415 3813 75 51 die
2512 3814 258 69 Parteiung
2799 3816 119 49 über
2947 3814 74 51 die
3049 3816 156 66 Frage
3228 3814 118 50 nach

1778 3887 107 51 dem
1916 3889 207 51 Werthe
2151 3889 84 52 der
2263 3899 225 44 neuesten
2517 3893 187 51 Werke
2732 3894 119 50 wird
2880 3894 120 50 doch
3031 3893 317 50 fortbestehen

1775 3968 230 51 zwischen
2055 3969 87 51 den
2194 3972 308 51 ausübenden
2551 3974 242 50 Musikern
2843 3974 89 51 wie
2981 3973 228 51 zwischen
3255 3972 90 52 den

1775 4047 404 62 Kunstfreunden,
2208 4049 91 51 den
2325 4051 220 50 Gliedern
2575 4052 80 49 des
2678 4053 286 50 Publicums.
2994 4052 91 49 Die
3115 4052 206 53 musicali-

1775 4126 108 50 sche
1912 4128 167 51 Presse
2108 4129 58 51 ist
2193 4147 65 43 es,
2288 4131 178 49 welche
2495 4131 91 50 den
2608 4132 362 51 verschiedenen
2993 4131 242 52 Urtheilen
3266 4133 82 50 für

1775 4204 97 51 und
1914 4207 148 51 wider
2104 4209 299 51 öffentlichen
2432 4211 251 52 Ausdruck
2727 4212 129 60 leiht,
2899 4211 97 50 und
3036 4211 177 52 welche
3255 4211 89 52 den
