3479 4440
358 164 1474 219 ledeiTlieinisdie
1938 159 1189 249 Musik-Zeitung

704 477 200 89 für
960 474 882 86 Kunstfreunde
1900 472 244 83 und
2202 461 595 92 Hünstier.

145 667 446 85 Herausgegeben
636 682 101 39 von
786 661 268 57 Professor
1086 660 70 57 L.
1184 656 272 82 Bischof.
1586 656 197 85 Verlag
1826 656 94 57 der
1943 653 87 59 M.
2059 646 811 83 DuMont-Schauberg'schen
2916 644 444 88 Buchhandlung.

1421 855 174 86 KÖLN,
1635 865 73 60 21.
1748 865 197 74 August
1984 861 139 60 1858.

2898 855 79 58 VI.
3015 854 277 74 Jahrgang.

215 875 84 60 Nr.
337 874 70 59 34

532 1056 208 36 Pariser
767 1055 170 37 Briefe
965 1053 247 46 (Oettinger's
1241 1053 157 37 Rossini
1508 1048 203 39 Kästners
1742 1048 159 36 Sirenen
1930 1045 79 36 und
2039 1043 259 38 dramatische
2327 1041 237 50 Symphonie
2675 1041 172 36 Theater
2986 1038 191 47 einactige
3208 1036 160 48 Operet-

249 1057 226 39 Inhalt.

320 1118 177 48 Gretry's
527 1117 176 50 Meprises
810 1118 214 36 Musikfest
1052 1129 49 25 zu
1129 1116 233 38 Rocheforte
1471 1113 115 38 Herz'
1618 1111 173 37 sechstes
1822 1109 166 36 Concert
2017 1109 62 34 für
2106 1108 223 35 Pianoforte
2437 1105 72 37 Th.
2540 1105 158 40 Ritter).
2740 1103 86 36 Von
2853 1102 45 36 B.
2928 1102 43 34 I.
3102 1099 259 36 Stadttheatei

141 1185 40 35 in
209 1182 212 37 Frankfurt
450 1192 62 24 am
540 1179 108 37 Main
678 1178 492 51 (Opern-Aufführungen).
1199 1179 86 36 Von
1312 1178 138 39 Verus.
1560 1176 348 46 Entgegnung
1936 1169 168 44 (Selmar
2131 1169 135 47 Bagge
2293 1179 123 36 gegen
2445 1166 191 36 Brendel.
2745 1166 185 45 Tages-
2962 1161 100 35 und
3093 1160 241 36 Unterhal-

151 1244 294 49 tungsblatt
474 1242 132 47 (Köln,
635 1243 67 39 Dr.
730 1246 34 35 J.
796 1242 74 37 Th.
899 1241 210 38 Mosewius
1218 1239 169 46 Crefeld,
1418 1239 214 36 Musikfest
1740 1234 131 44 Cleve,
1901 1232 99 36 Karl
2028 1232 185 35 Fettweis
2322 1230 113 36 Unna
2540 1227 162 38 London
2811 1224 299 48 Birmingham).

723 1399 200 59 Pariser
961 1398 177 59 Briefe.

147 1516 248 49 [Oettinger's
424 1517 157 37 Eossini
903 1514 159 37 Sirenen
1085 1512 82 37 und
1190 1509 259 40 dramatische
1471 1508 245 49 Symphonie

228 1580 169 36 Theater
506 1579 193 48 einactige
727 1578 211 48 Operetten
1026 1575 176 48 Gretry's
1233 1574 178 49 Meprises
1504 1571 133 37 Musik
1645 1572 76 34 fest

198 1644 39 36 in
266 1643 210 37 Rochefort
582 1641 115 37 Herz'
729 1641 36 38 G.
795 1641 167 36 Concert
992 1640 64 36 für
1083 1638 225 36 Pianoforte
1418 1635 73 38 Th.
1511 1634 153 48 Ritter.]

1021 1724 104 35 Den
1170 1719 60 38 14.
1273 1719 200 48 August
1520 1717 113 39 1858.

263 1803 102 50 Vor
391 1803 206 48 Kurzem
628 1800 157 51 haben
813 1797 113 51 zwei
958 1796 226 51 Büchlein
1227 1813 84 33 aus
1341 1794 84 49 der
1454 1792 231 52 Musik-Li-

146 1890 181 43 teratur
356 1881 72 50 die
459 1880 351 51 musicalischen
835 1877 163 50 Kreise
1029 1876 101 50 hier
1160 1875 151 67 einige
1335 1876 131 65 Tage
1495 1874 108 64 lang
1635 1872 54 50 be-

146 1963 231 66 schäftigt,
423 1961 125 50 eines
586 1978 87 32 von
716 1959 107 49 dem
869 1955 386 52 unermüdlichen
1298 1956 187 65 George
1515 1955 204 47 Kastner

150 2041 95 51 und
275 2041 81 52 das
398 2040 172 51 andere
610 2058 85 32 von
727 2040 54 48 E.
812 2040 63 48 M.
906 2037 261 67 Oettinger.
1227 2035 74 48 An
1346 2034 106 49 dem
1498 2034 219 48 letzteren

149 2120 216 52 bewährt
393 2120 92 50 sich
511 2119 82 51 das
617 2119 91 49 alte
1332 2118 101 50 Ilabent
1434 2114 68 48 auf
1503 2129 92 49 arge
1626 2111 95 48 und

150 2203 80 48 für
258 2200 90 51 den
379 2200 261 57 Verfasser,
678 2214 140 33 wenn
861 2214 51 33 er
951 2196 121 50 noch
1110 2192 243 69 irgendwo
1383 2192 195 59 existirt,
1621 2190 72 49 kei-

148 2297 214 50 neswegs
389 2276 410 52 schmeichelhafte
830 2276 179 51 Weise.

269 2359 249 66 Oettinger
548 2358 80 49 hat
654 2374 84 32 vor
766 2363 122 43 etwa
916 2354 213 51 vierzehn
1143 2354 179 49 Jahren
1345 2368 84 34 aus
1452 2350 105 49 dem
1590 2350 102 48 Füll-

151 2441 120 49 horn
300 2440 152 48 seiner
479 2438 222 66 vielseitig
736 2435 337 69 zersplitterten
1104 2431 317 51 literarischen
1452 2429 268 66 Thätigkeit

153 2528 137 43 unter
332 2518 205 52 anderen
569 2516 121 51 auch
730 2516 102 50 eine
861 2514 174 51 Schrift
1075 2512 120 50 über
1223 2510 233 52 Rossini
1509 2510 85 49 auf
1628 2507 89 51 den

150 2598 348 52 Büchermarkt
526 2596 277 68 geschüttet.
833 2595 77 50 Sie
932 2595 58 48 ist
1011 2594 46 49 in
1075 2590 321 52 Deutschland
1421 2590 122 49 wohl
1569 2589 151 67 längst

151 2695 264 51 vergessen,
445 2676 95 50 und
569 2678 45 48 in
643 2674 291 52 Frankreich
964 2674 173 49 kannte
1166 2672 64 49 sie
1260 2671 105 48 kein
1395 2667 207 52 Mensch.

273 2760 75 48 Da
396 2756 230 51 erscheint
669 2755 86 50 auf
790 2754 191 49 einmal:

160 2838 211 52 l'homms
649 2839 46 48 et
819 2833 212 64 l'artiste,
1320 2830 186 56 traduit

153 2915 152 55 sation
327 2916 55 51 de
405 2916 201 51 l'auteur
622 2932 102 53 par
752 2915 61 50 P.
837 2914 172 66 Royer.
1039 2910 252 52 BruxeUes
1318 2911 45 49 et
1390 2905 203 72 Leipsic,
1622 2905 98 51 drei

155 2996 153 51 kleme
337 2995 268 51 Bändchcn.

276 3078 99 48 Das
417 3075 132 50 Buch
595 3075 194 66 beginnt
831 3074 82 48 mit
957 3069 265 70 folgendem
1252 3066 374 54 Sendschreiben
1668 3081 58 33 an

156 3154 212 51 Joachim
400 3153 201 58 Rossini,
647 3153 81 49 das
769 3153 71 48 ich
883 3153 44 48 in
969 3149 358 66 Ermangelung
1369 3146 82 50 des
1489 3144 238 67 Originals

158 3252 83 33 aus
271 3234 106 49 dem
409 3231 366 52 Französischen
803 3230 174 50 zurück
1009 3227 268 51 übersetze:

290 3313 259 58 „Erinnern
601 3311 76 49 Sie
715 3310 125 58 Sich,
889 3306 398 68 ruhmgekrönter
1329 3305 222 56 Maestro,
1602 3301 125 50 eines

154 3395 179 66 jungen
362 3391 287 56 Deutschen,
694 3389 83 49 der
816 3389 143 48 Ihnen
1000 3386 59 48 im
1091 3385 132 67 April
1264 3384 81 49 des
1372 3382 169 51 Jahres
1576 3380 149 51 1830

160 3475 45 48 in
236 3473 130 49 Paris
410 3470 149 50 durch
589 3470 157 48 Herrn
780 3466 305 51 Castil-Blaze
1124 3464 267 67 vorgestellt
1426 3461 166 51 wurde
1632 3459 92 50 und

161 3554 145 49 Ihnen
694 3546 309 54 illustrissimo
1369 3546 98 52 Dio
1619 3545 111 51 della
1343 3544 102 48 eine
1476 3542 135 51 Welt
1638 3540 87 48 voll

163 3631 264 51 liebevoller
456 3630 191 57 Grüsse,
691 3628 71 49 ein
807 3630 172 64 grünes
1009 3622 428 68 Sammtkäppchen
1468 3620 93 49 und
1592 3619 133 49 einen

161 3708 470 72 Empfehlungsbrief
681 3708 85 49 auf
816 3704 384 52 rosenfarbenem
1257 3701 172 68 Papier
1492 3718 88 31 von
1644 3697 82 50 der

164 3793 201 67 Signora
393 3791 53 50 L.
487 3788 188 50 M...i
720 3804 83 32 aus
846 3784 239 51 München
1123 3780 314 51 mitbrachte?
1492 3779 234 49 Erinnern

167 3874 76 48 Sie
273 3871 107 51 Sich
418 3870 147 50 dieses
598 3868 179 67 jungen
807 3866 213 55 Mannes,
1071 3862 82 50 der
1195 3861 146 50 Ihnen
1386 3860 109 49 bald
1533 3859 102 48 eine
1677 3874 49 32 so

164 3948 441 53 freundschaftliche
631 3945 281 66 Zuneigung
960 3942 249 56 einflösste,
1252 3940 105 48 dass
1397 3940 76 48 Sie
1515 3937 96 50 ihm
1654 3936 73 48 ein

163 4030 208 50 Zimmer
399 4031 44 49 in
474 4030 155 48 Ihrem
658 4028 178 58 Hause,
880 4025 134 50 einen
1043 4024 127 48 Platz
1209 4020 43 49 in
1294 4020 134 48 Ihrer
1454 4019 132 64 Loge
1616 4015 113 58 und,

167 4110 189 50 worauf
377 4128 52 30 er
452 4128 77 32 am
553 4108 193 49 meisten
767 4105 109 50 stolz
899 4104 73 58 ist,
1002 4104 71 49 ein
1090 4100 245 52 Plätzchen
1358 4099 44 48 in
1426 4099 155 48 Ihrem
1609 4096 90 48 Her-

164 4205 80 36 zen
277 4188 323 50 einräumten?
630 4188 67 48 Zu
722 4186 134 68 jener
883 4184 101 52 Zeit
1014 4183 127 53 hatte
1170 4177 251 56 Schreiher
1449 4176 150 52 dieser
1626 4175 78 52 Zei-

1122 4336 9 18 *

1787 1397 76 50 len
1892 1394 83 50 das
2006 1392 167 60 Glück,
2223 1392 87 50 alle
2340 1392 130 65 Tage
2500 1390 154 49 neben
2682 1390 148 48 Ihnen
2868 1405 85 33 vor
2996 1386 108 50 dem
3135 1386 206 50 knistern-

1787 1476 92 50 den
1908 1476 156 48 Feuer
2093 1472 131 50 Ihres
2253 1471 196 50 Kamins
2477 1488 54 30 zu
2770 1485 45 33 u.
2845 1484 33 33 s.
2911 1484 58 32 w.
3001 1467 70 49 Im
3100 1466 153 52 Laufe
3283 1465 81 49 des

1787 1555 178 49 Briefes
1988 1552 157 51 macht
2167 1550 253 67 Oettinger
2441 1549 125 49 dann
2590 1547 119 51 auch
2733 1547 182 50 Rossini
2940 1545 294 68 begreillich,
3259 1543 107 51 dass

1788 1653 51 31 er
1867 1651 90 33 nur
1986 1632 138 51 dabei
2155 1631 251 69 gewinnen
2449 1630 171 56 könne,
2652 1645 138 32 wenn
2820 1626 148 50 dieses
2996 1626 133 48 Buch
3160 1626 81 48 ihn
3284 1641 80 43 „so

1786 1715 146 66 zeige,
1962 1714 88 49 wie
2080 1730 53 32 er
2160 1712 83 58 sei,
2272 1711 123 50 ohne
2425 1707 254 52 Schminke
2709 1705 95 51 und
2834 1706 124 50 ohne

1906 1792 221 50 Rossini's
2158 1791 218 48 Antwort
2407 1789 85 49 auf
2516 1787 286 66 Oettinger's
2831 1786 156 66 Frage
3029 1783 57 50 ist
3122 1783 62 50 im
3212 1782 151 51 Jahre

1795 1872 146 52 1858
1974 1870 236 68 folgende:
2272 1870 107 58 „Ich
2423 1867 125 51 habe
2590 1866 195 51 niemals
2830 1865 159 51 weder
3032 1864 148 49 dieses
3211 1862 121 51 Send-

1787 1952 264 59 schreiben,
2082 1951 119 50 noch
2233 1949 81 50 das
2346 1947 222 68 fragliche
2599 1945 222 51 deutsche
2850 1945 150 58 Buch,
3043 1944 121 49 noch
3196 1942 166 50 dessen

1790 2031 307 51 französische
2121 2029 352 66 Uebersetzung
2502 2026 230 58 erhalten,
2762 2024 96 49 und
2881 2041 90 32 von
2994 2024 160 48 Herrn
3176 2021 161 51 Oettin-

1791 2129 84 49 ger
1917 2111 123 50 habe
2082 2110 73 49 ich
2196 2109 69 49 bis
2304 2125 81 32 vor
2423 2106 216 66 wenigen
2668 2107 166 64 Tagen
2870 2104 196 49 niemals
3096 2110 147 42 etwas
3281 2119 55 49 ge-

1912 2270 133 49 Aber
2073 2267 103 51 eine
2205 2267 156 50 solche
2385 2265 253 51 Frechheit
2667 2267 128 46 wäre
2818 2262 52 68 ja
2898 2262 254 50 unerhört!
3185 2261 182 50 Rossini

1793 2350 80 49 hat
1904 2349 74 50 bei
2007 2347 174 50 seinem
2215 2346 246 66 bewegten
2489 2344 164 49 Leben
2698 2341 95 50 und
2832 2341 90 50 den
2957 2340 280 51 Tausenden
3278 2358 89 31 von

1791 2427 427 52 Bekanntschaften
2240 2425 242 49 sicherlich
2507 2424 90 49 den
2621 2425 185 48 Namen
2823 2422 251 65 Oettinger
3096 2421 270 66 vergessen!

1913 2509 62 48 So
2004 2506 131 50 sollte
2166 2521 107 33 man
2305 2504 87 49 fast
2432 2502 220 68 glauben.
2703 2501 152 50 Allein
2886 2500 183 51 Rossini
3100 2499 162 50 besitzt
3291 2499 75 48 ein

1791 2584 510 69 aussergewöhnliches
2352 2582 320 57 Gedächtniss,
2722 2580 81 49 das
2845 2580 126 48 seine
3014 2579 352 66 Umgebungen

1792 2666 66 50 oft
1885 2665 292 51 überrascht.
2223 2665 66 47 Er
2320 2662 143 50 kennt
2491 2662 148 49 Leute
2670 2660 85 49 auf
2778 2659 84 50 der
2889 2659 143 49 Stelle
3062 2657 192 60 wieder,
3286 2657 75 50 die

1793 2764 51 32 er
1873 2746 86 50 seit
1979 2744 194 67 dreissig
2195 2744 178 49 Jahren
2397 2742 127 50 nicht
2545 2741 221 67 gesehen,
2798 2737 95 52 und
2922 2739 209 49 erinnert
3152 2737 98 50 sich
3279 2736 87 51 der

1796 2826 42 48 0
1848 2824 274 59 ertlichkeit,
2152 2841 75 32 wo
2257 2821 97 51 und
2381 2827 139 44 unter
2548 2820 211 49 welchen
2788 2817 291 51 Umständen
3108 2834 52 32 er
3189 2817 64 49 sie
3284 2834 54 49 ge-

1795 2906 157 50 sehen.
2009 2904 134 50 Aber
2183 2902 271 68 abgesehen
2494 2919 89 32 von
2627 2900 151 49 dieser
2808 2899 281 55 .bekannten
3121 2896 133 51 Gabe
3286 2896 81 50 des

1796 2986 222 56 Maestro,
2042 2984 89 49 wie
2152 2984 83 48 soll
2260 2982 72 49 ein
2355 2982 161 58 Mann,
2547 2980 83 49 der
2658 2979 126 49 seine
2813 2977 112 50 fünf
2948 2977 143 49 Sinne
3121 2976 119 50 noch
3269 2976 73 48 bei-

1795 3080 209 33 sammen
2042 3062 96 59 hat,
2174 3060 112 68 jede
2314 3060 305 65 Erinnerung
2657 3075 58 32 an
2752 3057 136 49 einen
2916 3055 255 51 Menschen
3199 3071 54 33 ve
3260 3055 84 49 liie-

1795 3159 100 42 ren,
1938 3141 84 48 mit
2063 3140 106 49 dem
2213 3156 52 32 er
2312 3145 207 43 vertraut
2562 3153 352 49 umgegangen,
2957 3134 84 49 der
3071 3134 72 49 bei
3176 3134 94 49 ihm
3302 3134 60 49 im

1795 3224 161 47 Hause
2004 3219 239 68 gewohnt,
2294 3216 84 51 der
2425 3217 96 50 ihm
2576 3216 134 50 einen
2752 3215 135 49 Brief
2929 3212 98 51 und
3075 3214 72 48 ein
3192 3216 172 64 grünes

1795 3299 426 67 Sammtkäppchen
2251 3314 89 33 von
2370 3296 130 51 einer
2526 3297 154 49 Dame
2710 3294 244 68 gebracht,
2983 3292 73 50 die
3086 3291 125 51 dann
3240 3291 119 50 auch

1796 3380 83 49 mit
1915 3380 47 48 in
1992 3377 340 69 Vegessenheit
2366 3376 242 69 gesunken
2647 3375 157 49 wäre?

1795 3459 170 69 Apclla
1976 3469 21 39 !

1914 3539 125 50 Was
2069 3556 95 32 nun
2193 3536 83 51 das
2303 3536 133 50 Buch
2467 3534 141 50 selbst
2637 3532 190 60 betrifft,
2858 3549 49 33 so
2939 3531 160 51 macht
3126 3528 86 53 der
3240 3531 92 50 Ver-

1793 3617 145 50 fasser
1967 3616 108 51 kein
2105 3617 124 49 Hehl
2260 3616 189 56 daraus,
2491 3614 104 49 dass
2624 3629 47 33 es
2700 3611 243 66 Dichtung
2980 3608 97 54 und
3107 3610 262 52 Wahrheit

1795 3697 176 51 enthält
2072 3697 72 50 ein
2162 3695 312 57 Geständniss,
2506 3694 80 49 das
2616 3691 174 50 freilich
2813 3691 178 50 wieder
3014 3691 84 48 mit
3119 3690 110 51 dem
3245 3691 91 50 Vor-

1796 3776 175 60 haben,
2012 3776 180 51 Rossini
2246 3775 149 57 „ohne
2426 3771 251 51 Schminke
2714 3770 95 49 und
2849 3771 124 50 ohne
3283 3769 83 49 der

1797 3857 137 51 Welt
1962 3876 56 31 zu
2046 3857 175 66 zeigen,
2252 3855 114 67 grell
2397 3851 279 52 contrastirt.
2733 3852 68 47 Er
2831 3851 161 67 bringt
3029 3851 79 51 ihn
3138 3850 82 48 mit
3248 3865 113 50 ganz

1799 3936 250 52 ordinären
2080 3935 303 51 Abenteuern
2416 3948 288 43 zusammen,
2735 3931 109 50 lässt
2867 3931 78 51 ihn
2969 3929 263 68 Gespräche
3259 3927 77 49 füh-

1799 4034 85 32 ren
1914 4015 95 51 und
2039 4015 151 49 Briefe
2219 4010 262 58 schreiben,
2526 4010 74 51 die
2628 4010 96 51 ihm
2757 4011 167 66 gewiss
2953 4010 72 48 nie
3055 4009 41 48 in
3128 4006 88 48 den
3248 4006 113 50 Sinn

1800 4097 280 68 gekommen
2110 4092 115 59 sind,
2256 4091 111 59 und,
2398 4109 98 34 was
2525 4091 83 51 das
2639 4092 174 50 Tollste
2841 4091 73 59 ist,
2954 4086 173 69 spricht
3154 4104 87 32 von
3272 4085 90 51 den

1800 4175 169 52 beiden
1995 4177 188 51 Frauen
2214 4171 239 59 Rossini's,
2496 4170 84 51 der
2621 4170 228 68 Sängerin
2888 4166 196 51 Isabella
3122 4163 242 54 Colbrand

2752 4248 69 53 34
