4886 6635
75 6535 80 43 140

59 123 330 121 Schutz
440 123 169 121 den
667 120 589 124 Schaffenden

58 298 124 53 Von
218 299 266 52 Heinrich
519 299 186 52 Pudor

184 430 337 51 Bekanntlich
556 431 165 57 gehen
760 428 137 51 nicht
933 439 93 37 nur
1064 426 80 48 die
1180 421 197 56 Krebse
1412 416 119 52 rück-

59 503 180 56 wärts,
274 501 221 49 sondern
532 501 79 49 die
645 497 176 51 Blicke
858 498 89 47 der
983 496 239 54 heutigen
1257 487 305 58 Kulturwelt

58 570 112 50 sind
202 582 156 45 sogar
389 570 391 56 vorzugsweise
811 565 131 50 nach
974 562 291 52 rückwärts
1294 557 266 60 gerichtet.

55 637 95 51 Die
171 637 301 60 Techniker,
495 639 79 50 die
594 637 218 49 Männer
835 637 90 47 der
947 633 357 54 Erfindungen,
1328 630 80 47 die
1433 626 96 56 Zep-

53 709 132 55 pelin
209 708 100 50 und
328 707 209 58 Bl6riot,
558 720 97 35 vor
678 706 148 48 allem
852 705 88 47 der
964 698 396 60 unvergeßliche
1378 697 156 49 Lilien-

55 777 102 50 thal
180 777 221 49 blickten
423 779 263 46 vorwärts
710 774 99 50 und
832 772 215 51 suchten
1073 772 90 47 das
1185 769 143 49 Land
1354 768 88 48 der
1464 765 64 50 Zu-

59 846 160 50 kunft.
285 846 138 49 Aber
460 845 79 49 die
573 844 265 49 Vertreter
907 842 90 48 der
1065 841 250 55 geistigen
1384 836 177 55 Kultur

57 915 196 50 treiben
325 917 145 46 einen
540 912 353 58 regelrechten
931 906 629 60 Vergangenheitskultus.

58 983 195 51 Einmal
281 985 48 47 in
356 984 89 48 der
472 981 153 50 Form
654 982 90 48 der
770 979 339 51 historischen
1137 977 298 55 Forschung
1461 973 101 50 und

58 1051 392 58 Wissenschaft,
489 1051 80 49 die
606 1050 139 50 nicht
783 1051 126 49 oder
946 1049 101 49 viel
1088 1062 64 35 zu
1190 1047 171 56 wenig
1400 1045 161 49 ihrem

59 1121 335 57 eigentlichen
429 1119 239 58 Zwecke,
706 1119 115 49 dem
857 1117 337 51 Verständnis
1232 1117 90 48 der
1358 1114 169 57 Gegen-

58 1194 133 45 wart
218 1191 101 47 und
345 1189 221 49 Zukunft
592 1203 63 35 zu
684 1189 196 57 dienen,
907 1187 216 50 nutzbar
1148 1184 241 59 gemacht
1416 1183 145 50 wird.

58 1257 87 51 Sie
174 1259 104 49 will
312 1272 83 35 um
428 1257 134 50 ihrer
594 1257 163 50 selbst
787 1257 170 49 willen
989 1255 263 57 bestehen,
1285 1254 100 50 und
1417 1265 144 36 zwar

58 1327 159 49 schon
252 1327 86 49 auf
372 1327 96 49 den
504 1326 221 50 Schulen
756 1355 64 8 —
852 1326 108 49 hier
1025 1323 393 58 vorzugsweise
1484 1321 75 48 als

58 1395 497 59 Kriegsgeschichte.
633 1394 105 50 Der
782 1396 218 57 geistige
1046 1393 144 50 Blick
1234 1393 91 49 des
1370 1388 191 52 Volkes

58 1466 207 48 wendet
294 1465 110 49 sich
433 1467 48 47 in
544 1465 401 58 unorganischer
1008 1463 101 50 und
1173 1459 387 52 unfruchtbarer

58 1533 176 52 Weise
268 1535 305 50 rückwärts.
638 1532 114 50 Und
785 1532 138 51 nicht
985 1546 94 35 nur
1145 1529 260 52 innerhalb
1470 1528 90 48 der

59 1603 339 50 historischen
421 1601 166 59 Zunft,
610 1603 222 50 sondern
858 1601 85 50 auf
965 1602 168 49 vielen
1158 1599 248 50 Gebieten
1432 1598 130 49 auch

58 1673 269 57 allgemein
389 1675 67 46 im
516 1671 188 50 Leben.
798 1670 95 50 Die
952 1669 376 55 Kultusstätten
1391 1667 169 50 dieses

58 1740 398 58 Kulturunfuges
492 1741 113 49 sind
641 1741 80 48 die
756 1739 235 58 Museen,
1024 1768 63 6 —
1121 1738 123 50 aber
1279 1735 143 50 mehr
1459 1735 101 50 und

58 1809 146 50 mehr
238 1812 48 47 in
321 1811 93 49 das
449 1808 400 58 Werktagleben
883 1807 119 50 frißt
1036 1821 55 36 er
1127 1806 108 51 sich
1269 1807 101 48 ein:
1408 1807 152 55 junge

58 1878 177 61 Leute,
260 1879 80 50 die
366 1879 228 50 heiraten
620 1879 101 49 und
744 1878 109 51 sich
880 1877 292 57 einrichten,
1196 1875 185 49 kaufen
1407 1875 128 49 alter-

57 1948 241 49 tümliche
323 1946 175 51 Möbel
527 1948 100 48 und
654 1945 315 59 Porzellane,
997 1947 101 48 alte
1126 1944 174 51 Stiche
1329 1944 99 49 und
1459 1942 67 55 Ra-

57 2016 279 56 dierungen
369 2017 99 48 und
501 2016 264 57 Gemälde,
794 2018 127 47 statt
952 2013 276 58 produktiv
1259 2012 109 51 sich
1400 2011 160 50 selbst

59 2087 77 47 ins
164 2083 143 51 Land
334 2085 90 48 der
451 2083 220 50 Zukunft
699 2099 63 34 zu
790 2096 185 44 wagen
1003 2083 99 50 und
1130 2095 117 36 zum
1274 2082 286 48 mindesten

58 2152 79 50 für
167 2154 79 49 die
274 2151 317 52 Produktion
621 2155 90 47 der
740 2152 192 50 Besten
964 2151 133 50 ihrer
1126 2150 109 51 Zeit
1264 2151 93 49 das
1388 2154 173 52 regste

58 2220 257 51 Interesse
344 2236 62 35 zu
434 2221 180 50 haben.
676 2221 131 50 Dem
837 2220 342 51 Schaffenden
1209 2232 213 38 unserer
1450 2217 110 51 Zeit

60 2291 101 49 und
196 2304 212 37 unserer
443 2288 204 52 Heimat
680 2289 245 51 verekeln
962 2292 96 47 wir
1091 2290 92 50 das
1218 2288 190 59 Leben,
1441 2302 90 35 ver-

56 2371 160 44 sagen
248 2360 97 48 wir
375 2359 80 49 die
485 2359 377 57 Anerkennung
895 2359 100 49 und
1025 2362 216 54 warten,
1273 2358 77 51 bis
1383 2370 55 37 er
1470 2370 59 44 ge-

57 2427 210 49 storben
301 2428 67 49 ist
399 2455 64 9 —
496 2428 132 48 dann
662 2426 153 50 fallen
848 2429 97 48 wir
980 2428 100 49 wie
1114 2428 81 49 die
1229 2425 170 50 Wölfe
1434 2426 125 49 über

59 2496 97 50 den
185 2495 498 58 zurückgelassenen
710 2494 250 53 Proviant
985 2495 106 59 her,
1119 2496 76 52 als
1223 2495 65 50 ob
1315 2497 96 48 wir
1435 2497 126 53 jetzt

58 2564 177 49 weder
267 2563 189 51 Furcht
489 2564 131 51 noch
653 2564 245 50 Brotneid
931 2564 145 49 mehr
1140 2578 63 36 zu
1270 2564 288 56 empfinden

58 2632 273 59 brauchen,
368 2633 99 50 und
502 2644 160 47 sagen
699 2634 100 48 und
833 2633 269 51 schreiben
1137 2633 101 50 und
1273 2635 201 48 melden
1511 2635 47 47 in

60 2702 96 50 alle
188 2699 159 52 Welt:
384 2703 111 57 „ein
531 2701 198 50 Großer
762 2702 66 49 ist
859 2702 279 57 gestorben
1169 2730 65 8 —
1264 2703 96 48 wir
1394 2701 166 49 haben

58 2771 101 49 viel
541 2768 114 51 Und
689 2784 100 35 nun
825 2769 240 51 kommen
1100 2770 79 49 die
1212 2768 219 58 Hyänen
1466 2770 91 49 des

58 2838 405 51 Schlachtfeldes
503 2840 99 48 und
643 2838 260 51 entreißen
942 2840 99 48 den
1111 2838 447 50 Hinterbliebenen

59 2907 81 49 die
202 2907 497 58 zurückgelassenen
760 2906 357 57 Manuskripte
1196 2907 123 49 oder
1383 2906 148 50 Zeich-

57 2989 203 44 nungen
295 2977 124 49 oder
456 2975 246 52 Gemälde
736 2978 101 48 und
871 2976 308 60 wetteifern,
1213 2977 98 48 den
1376 2977 182 49 besten

60 3042 258 59 Nekrolog
357 3059 63 35 zu
458 3044 281 50 schreiben.
809 3044 146 51 Denn
994 3046 90 49 der
1124 3044 171 50 Große
1334 3046 64 48 ist
1436 3046 125 53 jetzt

57 3116 92 54 tot,
177 3113 110 49 also
315 3114 343 57 unschädlich,
683 3114 101 49 und
811 3115 80 48 die
917 3112 334 57 Konkurrenz
1279 3113 88 51 hat
1392 3113 166 50 nichts

58 3181 145 51 mehr
229 3194 104 38 von
359 3182 102 50 ihm
485 3197 64 35 zu
573 3182 247 50 fürchten.
878 3182 73 50 Im
978 3183 282 60 Gegenteil,
1288 3196 55 36 er
1368 3184 66 48 ist
1459 3196 101 36 nun

58 3249 91 49 der
183 3248 308 51 Geschichte
525 3250 378 59 eingegliedert,
936 3252 100 48 und
1101 3253 89 48 der
1255 3251 304 51 historische

59 3315 363 61 Fruchtacker,
455 3318 85 49 auf
573 3320 116 49 dem
723 3333 117 35 man
875 3320 108 49 sein
1049 3319 138 56 Korn
1252 3320 101 50 und
1418 3322 142 48 seine

68 3381 284 50 Kartoffeln
430 3381 168 51 bauen
675 3383 151 60 kann,
903 3383 68 51 ist
1048 3383 191 49 wieder
1316 3392 91 40 um!
1480 3387 82 47 ein

61 3451 193 50 kleines
310 3451 151 51 Stück
518 3452 297 66 vergrößert
870 3453 226 50 worden.
1186 3454 70 48 Ist
1312 3467 57 35 es
1428 3453 136 49 nicht

59 3524 224 52 ekelhaft
347 3528 98 47 und
511 3527 276 58 widerlich,
853 3529 169 48 dieses
1088 3526 235 59 Treiben,
1389 3529 169 50 dieses

60 3592 192 52 Stehen
287 3596 100 49 und
421 3593 194 52 Stoßen
650 3595 86 51 auf
770 3596 116 50 dem
918 3595 255 59 Friedhof,
1207 3597 171 49 dieses
1413 3595 117 51 Fest-

57 3662 156 51 reden
242 3664 99 48 und
370 3662 180 51 Feiern
581 3678 82 36 am
693 3664 187 59 Grabe,
908 3666 169 49 dieses
1107 3663 419 51 In-den-Himmel-

56 3729 202 52 heben?
318 3730 144 54 Fatal
493 3734 101 49 und
622 3734 215 55 peinlich
865 3734 130 50 wird
1025 3735 80 49 die
1135 3733 168 51 Sache
1333 3733 226 51 dadurch

56 3800 146 60 noch,
233 3799 96 50 daß
361 3800 131 54 nach
554 3802 116 49 dem
701 3801 142 50 Tode
875 3802 119 50 sehr
1056 3802 173 58 häufig
1262 3803 80 49 die
1374 3802 157 51 öffent-

54 3867 130 51 liche
212 3867 244 60 Meinung
487 3872 76 49 ins
596 3873 489 55 entgegengesetzte
1115 3870 210 52 Extrem
1353 3872 207 50 verfällt

57 3938 100 48 und
196 3939 146 48 einen
379 3938 209 55 Kleinen
627 3939 79 49 für
742 3939 128 58 groß
909 3941 100 48 und
1048 3942 147 48 einen
1234 3939 208 52 Großen
1479 3940 78 50 für

57 4006 79 48 ein
160 4006 339 52 riesenhaftes
527 4006 160 51 Genie
710 4013 330 52 ausposaunt.
1096 4008 93 50 Bei
1213 4010 165 49 einem
1403 4008 125 50 wirk-

57 4072 98 51 lich
197 4073 208 50 Großen
444 4088 216 45 vermag
701 4078 75 48 sie
815 4077 162 50 selbst
1018 4091 84 35 am
1141 4077 204 50 offenen
1388 4077 171 52 Grabe

57 4142 98 49 den
194 4141 246 51 Brotneid
478 4143 133 50 noch
649 4144 138 49 nicht
824 4159 63 36 zu
926 4147 394 58 unterdrücken,
1359 4148 102 49 und
1502 4160 56 37 es

58 4209 181 51 dauert
270 4210 74 51 oft
376 4209 157 52 Jahre
565 4214 100 48 und
697 4212 325 61 Jahrzehnte,
1056 4215 95 50 ehe
1214 4216 81 49 die
1359 4215 199 50 kleinen

57 4276 255 52 Forscher
350 4279 100 50 und
487 4280 410 58 Alltagskrüppel
935 4284 248 57 zugeben,
1220 4283 97 50 daß
1356 4285 65 49 da
1459 4286 99 49 und

58 4346 133 49 dann
255 4348 79 48 ein
398 4347 160 51 Genie
618 4351 258 50 verblutet
938 4353 80 49 ist.
1113 4350 116 52 Wie
1290 4353 89 50 hat
1440 4367 119 36 man

58 4412 273 53 Nietzsche
365 4415 81 51 bei
484 4419 175 48 seinen
693 4417 276 53 Lebzeiten
1006 4419 296 53 behandelt!
1376 4420 53 51 In
1467 4424 91 49 der

58 4481 216 54 Malerei
312 4485 100 49 und
452 4485 48 50 in
540 4486 98 50 den
706 4488 224 50 anderen
969 4488 159 52 freien
1169 4490 230 56 Künsten
1438 4506 90 36 ver-

58 4551 106 51 hält
193 4566 55 37 es
276 4552 109 50 sich
412 4554 207 51 ebenso.

183 4632 137 51 Aber
346 4634 93 50 das
466 4633 458 60 Beklagenswerte
952 4640 80 59 ist,
1061 4639 96 50 daß
1186 4640 97 49 wir
1311 4640 97 49 den
1435 4638 123 50 Sinn

59 4701 100 48 und
185 4701 93 50 das
306 4701 335 53 Verständnis
667 4704 79 50 für
774 4707 307 54 produktive
1110 4706 181 52 Werte
1318 4709 240 48 verloren

59 4767 182 60 haben,
274 4769 97 49 daß
406 4770 86 50 auf
525 4772 90 51 der
649 4776 145 47 einen
828 4774 141 52 Seite
1002 4789 94 36 nur
1129 4776 310 59 technische,
1473 4776 87 51 auf

59 4838 90 47 der
192 4839 224 49 anderen
460 4853 93 36 nur
598 4844 364 53 reproduktive
1036 4845 125 49 oder
1236 4846 323 50 distributive

58 4903 180 52 Werte
263 4908 290 57 gewürdigt
578 4910 226 50 werden.
863 4910 94 50 Die
982 4910 457 61 Ueberschätzung
1466 4915 91 50 des

59 4971 353 53 Technischen
451 4978 181 49 wurde
671 4979 160 48 schon
905 4981 248 51 erwähnt.
1227 4982 178 58 Gegen
1479 4983 80 49 die

65 5036 450 68 Ueberschätzung
539 5041 90 49 des
658 5042 405 62 Reproduktiven
1088 5045 86 48 bin
1199 5045 78 52 ich
1301 5047 96 47 seit
1423 5046 112 61 Jahr-

62 5106 217 50 zehnten
308 5122 63 35 zu
403 5109 151 50 Felde
583 5125 255 50 gezogen;
870 5113 50 48 in
951 5114 90 48 der
1069 5115 111 60 Tat,
1211 5116 94 48 wir
1334 5115 148 49 leben
1511 5119 50 47 in

60 5183 163 48 einem
249 5183 398 55 reproduktiven
672 5184 254 52 Zeitalter.
984 5186 94 53 Die
1102 5187 457 60 Ueberschätzung

59 5249 93 50 des
188 5248 371 54 Distributiven
595 5253 139 59 aber,
803 5256 109 48 also
980 5257 90 49 der
1106 5256 295 59 Verteilung
1468 5271 60 45 ge-

54 5319 227 57 gebener
305 5317 179 53 Werte
507 5323 192 50 seitens
722 5324 91 49 des
837 5323 225 51 Handels
1085 5325 131 50 habe
1240 5327 79 48 ich
1343 5329 47 47 in
1414 5330 116 55 jüng-

58 5391 107 46 ster
192 5386 109 53 Zeit
328 5402 117 36 zum
472 5388 103 51 Ziel
604 5393 193 47 meiner
824 5393 175 50 Arbeit
1026 5395 261 57 gemacht;
1320 5397 75 48 sie
1423 5399 137 56 zeigt

57 5456 109 51 sich
193 5459 47 47 in
268 5457 512 52 charakteristischer
805 5458 191 61 Weise,
1024 5463 97 49 daß
1150 5466 95 47 wir
1272 5467 287 55 gemeinhin

58 5523 195 52 Handel
291 5527 101 48 und
431 5525 251 53 Industrie
719 5531 513 59 zusammenwerfen,
1270 5534 75 49 als
1384 5534 65 49 ob
1484 5537 75 48 sie

58 5595 389 59 wesensgleich,
487 5596 139 50 nicht
696 5597 124 49 aber
891 5606 669 53 wesensentgegengesetzt

58 5665 194 49 wären.
317 5662 106 53 Der
456 5663 263 53 Deutsche
782 5667 124 50 aber
940 5669 66 48 ist
1039 5670 194 49 seinem
1300 5672 258 50 innersten

58 5728 191 54 Wesen
283 5733 130 50 nach
447 5733 277 57 produktiv
757 5738 285 56 veranlagt,
1077 5739 100 48 und
1212 5738 347 53 Deutschland

57 5799 117 48 muß
207 5800 376 58 infolgedessen
614 5818 63 36 zu
710 5805 116 49 dem
886 5803 175 52 Lande
1123 5807 90 48 der
1276 5803 254 60 (landwirt-

58 5866 332 54 schaftlichen
430 5872 98 49 und
567 5867 368 62 industriellen)
972 5872 86 53 Pr
1076 5888 31 36 o
1127 5877 30 48 d
1177 5890 30 36 u
1227 5876 32 49 k
1279 5877 51 49 ti
1349 5891 30 35 o
1398 5893 31 35 n
1467 5891 92 44 par

60 5937 290 49 excellence
386 5941 239 54 gemacht
663 5943 228 59 werden,
929 5944 248 51 während
1245 5944 153 53 heute
1469 5949 91 49 der

59 6001 195 52 Handel
280 6006 93 49 das
397 6009 159 55 große
581 6009 150 52 Wort
755 6011 150 52 führt.

183 6073 144 50 Auch
365 6075 212 51 deshalb
615 6081 183 49 sollten
837 6084 96 47 wir
970 6086 127 47 statt
1136 6082 292 60 Nekrologe
1469 6086 91 50 der

57 6141 403 56 Ausgebluteten
520 6147 100 49 und
679 6149 401 58 Ausgeatmeten
1154 6150 224 61 Prologe
1469 6155 90 52 der

62 6207 273 52 Lebenden
377 6212 281 52 schreiben.
730 6217 179 55 Kultus
949 6220 90 49 der
1109 6219 291 61 Lebenden,
1472 6224 90 49 der

58 6276 343 53 Schaffenden
426 6286 146 46 unter
595 6285 96 49 den
715 6285 273 55 Lebenden
1013 6291 183 49 sollten
1220 6292 97 48 wir
1340 6291 219 52 treiben!

61 6346 70 51 So
157 6348 148 59 lange
329 6351 132 49 noch
485 6349 109 54 Zeit
619 6354 79 58 ist,
723 6357 183 49 sollten
929 6359 96 48 wir
1049 6359 97 49 den
1172 6374 84 36 um
1280 6361 76 49 ihr
1381 6359 150 53 Schaf-

55 6415 214 53 fensheü
312 6416 315 62 Bangenden
669 6420 115 53 Mut
827 6426 335 60 zusprechen,
1207 6428 150 51 ihnen
1403 6429 154 54 Stim-

1695 132 158 46 mung
1913 116 232 59 machen,
2205 115 150 51 ihnen
2415 111 127 51 freie
2601 106 146 51 Bahn
2808 104 229 52 schaffen
3101 102 100 50 und

1698 189 149 51 ihnen
1919 201 103 37 von
2127 186 117 48 dem
2315 181 189 58 Erfolg,
2608 178 90 50 der
2768 175 239 50 Wunden
3079 173 123 49 heilt

1697 260 101 48 und
1830 257 316 50 Saatkörner
2208 253 262 57 künftigen
2501 246 228 51 Werken
2792 247 120 56 legt,
2977 257 59 37 so
3100 241 102 50 viel

1698 328 75 50 als
1807 326 221 58 möglich
2090 323 301 56 rechtzeitig
2454 322 201 55 gönnen
2721 316 100 50 und
2853 314 189 57 geben!
3111 311 60 49 Er-

1696 396 137 57 folge
1859 395 204 49 können
2089 406 144 36 zwar
2261 392 130 49 auch
2417 385 320 54 berauschen
2766 385 101 49 und
2897 384 80 48 die
3006 382 168 50 Selbst-

1697 464 152 50 kritik
1891 463 217 58 lähmen,
2151 461 123 49 aber
2317 461 89 48 der
2446 457 138 50 nicht
2626 452 400 52 auszurottende
3066 449 102 55 Kon-

1698 532 337 49 kurrenzneid
2061 534 145 53 sorgt
2231 529 160 51 schon
2418 526 159 57 dafür,
2604 523 97 49 daß
2729 524 79 48 die
2834 521 206 55 Erfolge
3067 519 137 48 nicht

1697 603 45 47 in
1779 602 96 48 den
1908 600 219 49 Himmel
2160 599 261 49 wachsen.
2487 595 84 50 Ich
2604 593 166 49 kenne
2802 604 94 37 nur
2931 592 79 46 ein
3043 587 159 58 Land,

1699 671 92 48 das
1829 672 175 47 seinen
2041 668 245 50 Dichtern
2323 668 82 48 bei
2439 664 211 50 Lebzeit
2689 662 100 49 und
2828 659 377 50 Schaffenszeit

1698 738 290 51 Pensionen
2019 740 251 53 aussetzt;
2306 737 92 49 das
2430 737 65 47 ist
2524 731 306 57 Schweden,
2862 731 169 48 dieses
3061 726 144 49 Land

1698 809 90 48 der
1824 807 233 50 Zukunft.
2125 806 54 48 In
2213 802 349 53 Deutschland
2597 801 147 50 hörte
2781 799 80 50 ich
2897 798 132 49 noch
3064 796 139 49 nicht

1697 879 184 56 davon,
1906 875 96 50 daß
2025 876 89 48 der
2136 874 181 55 Kaiser
2341 874 125 49 oder
2489 872 90 48 der
2603 868 163 58 König
2790 869 123 49 oder
2940 868 89 48 der
3053 865 148 49 Staat

1699 946 126 49 oder
1857 946 80 49 die
1969 945 285 55 Kommune
2287 945 164 48 einem
2516 939 342 50 Schaffenden
2924 939 112 46 eine
3101 937 78 47 ein-

1699 1014 186 57 malige
1920 1014 126 48 oder
2082 1015 110 47 eine
2228 1009 344 59 regelmäßige
2638 1007 206 50 Prämie
2912 1005 294 57 zugebilligt

1697 1083 157 57 hätte,
1882 1084 158 48 damit
2065 1095 55 37 er
2147 1082 90 48 der
2263 1079 167 58 Sorge
2457 1091 84 37 um
2567 1077 92 50 das
2688 1076 220 57 tägliche
2935 1075 129 50 Brot
3094 1077 81 45 ent-

1704 1148 160 48 rissen
1903 1150 151 46 wäre.
2110 1146 96 48 Die
2243 1149 216 46 meisten
2497 1141 341 50 Schaffenden
2879 1143 206 45 müssen
3128 1137 80 48 für

1698 1216 107 49 sich
1836 1216 103 50 und
1964 1216 84 49 die
2077 1216 200 65 Ihrigen
2304 1216 100 47 den
2435 1213 138 48 Platz
2601 1211 82 49 für
2708 1211 95 49 das
2833 1210 112 48 Bett
2971 1208 105 49 und
3105 1207 100 48 den

1706 1287 141 48 Herd
1874 1285 310 63 erkämpfen.
2226 1285 132 49 Weil
2383 1281 298 51 schaffende
2707 1281 174 48 Arbeit
2907 1280 123 48 aber
3057 1278 151 47 heute

1699 1355 143 53 ihren
1881 1355 143 49 Lohn
2059 1355 137 49 nicht
2234 1354 161 50 findet
2431 1351 104 52 und
2573 1365 94 34 nur
2705 1349 379 52 Kärrnerarbeit
3120 1347 58 48 be-

1700 1425 135 50 zahlt
1861 1425 144 61 wird,
2032 1425 240 48 kommen
2300 1425 74 47 sie
2402 1437 91 35 vor
2521 1421 160 49 lauter
2711 1418 330 51 Frohnarbeit
3070 1415 136 49 nicht

1700 1509 65 35 zu
1795 1495 106 49 sich
1931 1494 175 50 selbst.
2155 1493 233 50 Welcher
2417 1490 308 52 Schaffende
2757 1489 173 49 wüßte
2964 1502 55 34 es
3054 1486 151 60 nicht,

1702 1564 101 50 daß
1842 1580 67 45 er,
1943 1564 49 62 je
2030 1563 160 50 höher
2223 1578 56 34 er
2313 1562 176 60 strebt,
2545 1562 48 60 je
2632 1560 238 48 Besseres
2910 1572 54 33 er
2997 1554 205 61 schafft,

1700 1641 148 49 desto
1883 1640 229 56 weniger
2150 1636 85 52 auf
2270 1636 304 59 klingenden
2609 1633 146 50 Lohn
2792 1632 224 51 rechnen
3052 1630 151 49 kann.

1696 1707 400 57 Hinabgezogen
2127 1707 130 49 wird
2289 1720 55 37 er
2375 1705 85 50 auf
2492 1706 80 48 die
2602 1702 201 59 Straße,
2836 1705 48 47 in
2917 1702 97 49 den
3046 1700 124 55 Rinn-

1695 1778 148 57 stein,
1869 1777 159 49 durch
2053 1777 96 49 den
2174 1774 211 61 Zwang,
2411 1774 129 50 Geld
2565 1788 64 35 zu
2653 1773 295 50 verdienen.
3007 1769 195 50 Sollten

1699 1847 96 48 wir
1828 1846 138 49 nicht
1999 1846 124 49 alles
2159 1849 103 54 tun,
2298 1858 85 36 um
2447 1842 212 51 Palmen
2725 1842 102 50 und
2892 1840 312 56 Lorbeeren,

1696 1913 297 60 Ehrensold,
2024 1912 414 60 Ehrenprämien,
2471 1911 449 57 Ehrenpensionen
2985 1909 85 50 auf
3102 1908 66 48 Ta-

1696 1984 137 49 lente
1865 1998 63 35 zu
1959 1981 225 53 häufen?
2250 1982 180 51 Haben
2462 1984 96 47 wir
2591 1982 96 48 den
2752 1979 144 50 Stolz
2957 1979 244 57 verlernt,

1697 2051 220 51 Mäzene
1941 2067 64 35 zu
2028 2050 147 53 sein?
2235 2050 96 51 Die
2356 2050 148 60 Ehre,
2532 2052 164 48 einem
2722 2048 340 52 Schaffenden
3090 2050 113 47 eine

1698 2121 171 50 Stätte
1896 2136 64 35 zu
1987 2122 244 57 bereiten,
2259 2134 86 36 wo
2376 2133 54 37 er
2459 2120 228 49 arbeiten
2716 2116 173 51 kann?
2952 2117 95 49 Die
3075 2117 96 50 Ver-

1697 2189 295 60 pflichtung,
2024 2204 55 36 es
2108 2205 64 34 zu
2201 2194 104 54 tun,
2336 2203 152 35 wenn
2517 2202 119 36 man
2666 2188 145 49 mehr
2842 2188 103 59 hat,
2975 2188 76 49 als
3083 2200 118 35 man

1697 2259 216 50 braucht
1950 2260 99 48 und
2087 2260 162 50 selbst
2284 2258 138 50 nicht
2489 2257 231 51 schaffen
2789 2255 174 51 kann?
3034 2254 169 51 Wenn

1698 2326 151 51 heute
1886 2329 79 47 ein
2002 2326 337 51 Schaffender
2375 2328 281 57 protegiert
2724 2327 101 49 und
2892 2329 312 47 unterstützt

1698 2396 145 58 wird,
1876 2394 134 51 kann
2043 2409 118 37 man
2194 2396 102 51 fast
2328 2398 180 48 immer
2571 2409 184 44 sagen:
2824 2393 267 52 Cherchez
3156 2395 49 49 la

1695 2463 203 51 femme.
1995 2464 348 58 Ausgehalten
2408 2465 211 50 werden
2684 2466 66 49 ist
2812 2464 195 50 freilich
3070 2464 133 50 noch

1696 2532 294 50 schlimmer
2026 2535 77 49 als
2140 2547 63 37 zu
2241 2534 230 57 hungern
2538 2534 126 49 oder
2731 2532 338 51 Frohnarbeit
3138 2547 64 35 zu

1698 2602 195 50 leisten.
1959 2600 68 52 Es
2063 2604 66 48 ist
2162 2602 196 60 richtig,
2394 2602 98 50 daß
2527 2603 80 49 die
2641 2602 294 58 geborenen
2971 2602 203 51 Geistes-

1697 2669 196 51 fürsten
1926 2683 60 37 so
2019 2672 102 49 viel
2155 2670 143 51 Stolz
2364 2672 165 49 haben
2593 2674 179 58 sollen,
2837 2685 85 36 um
2987 2670 185 60 „Unter-

2067 2739 458 52 zurückzuweisen
2555 2770 63 8 —
2648 2741 124 49 aber
2806 2743 80 47 ein
2919 2739 284 52 Ehrensold

1697 2821 123 35 vom
1861 2807 181 51 Staate
2081 2810 125 49 oder
2245 2808 419 60 Landesfürsten,
2705 2812 81 48 ein
2825 2809 346 52 Unkostenbei-

1697 2879 114 55 trag
1852 2876 79 50 für
1974 2878 78 49 ein
2094 2878 190 57 großes
2328 2877 176 60 Werk,
2547 2881 79 47 ein
2667 2878 411 60 Ehrenhonorar,
3123 2881 80 47 ein

1698 2942 478 63 Reisestipendium,
2219 2949 92 49 das
2354 2949 222 50 verletzt
2617 2949 138 50 nicht
2800 2950 97 48 den
2941 2949 160 58 Stolz,
3146 2963 56 36 es

1697 3013 122 51 hebt
1854 3015 98 50 ihn.
2020 3014 204 52 Ebenso
2262 3019 66 47 ist
2365 3031 55 35 es
2457 3020 90 47 mit
2583 3018 97 48 den
2718 3016 344 60 Biographien
3101 3020 102 48 und

1695 3082 423 61 Monographien,
2163 3086 81 49 die
2286 3086 137 50 nicht
2466 3087 277 51 beeinflußt
2788 3088 101 50 und
2932 3088 139 50 nicht
3112 3088 60 50 be-

1696 3152 136 50 zahlt
1866 3154 116 48 dem
2013 3153 306 51 Verdienste
2351 3155 336 57 nachspüren.

1820 3221 138 50 Statt
2020 3222 92 52 des
2172 3222 466 59 Vergangenheits-
2701 3226 101 50 und
2862 3225 339 51 Totenkultus

1696 3292 209 47 müssen
1941 3292 96 48 wir
2074 3292 145 50 einen
2254 3291 180 56 Kultus
2470 3295 91 49 des
2597 3292 276 52 Lebenden
2941 3297 102 49 und
3112 3297 89 48 der

1695 3356 274 52 Lebenden
1999 3360 212 60 treiben,
2239 3359 79 51 für
2349 3362 79 49 die
2456 3360 308 59 Zeugenden
2795 3378 214 36 unserer
3038 3364 165 56 Kunst

1693 3429 210 47 müssen
1931 3430 97 47 wir
2055 3427 343 53 Heimstätten
2428 3430 246 51 schaffen.
2734 3431 248 51 Wirklich
3007 3464 66 6 —
3100 3436 102 48 wie

1694 3497 146 48 wäre
1874 3509 56 37 es
1960 3497 91 50 mit
2084 3496 233 52 Dichter-
2383 3501 100 48 und
2548 3500 650 57 Künstler-Heimstätten?

1694 3562 422 62 Vorausgesetzt,
2148 3566 97 50 daß
2278 3569 75 49 sie
2383 3567 221 53 Freiheit
2633 3570 178 51 ließen.
2874 3571 100 51 Für
3007 3574 80 48 die
3120 3588 54 35 re-

1695 3634 438 53 produzierenden
2174 3635 360 59 Schauspieler
2577 3640 100 49 und
2718 3639 234 51 Musiker
2992 3642 109 58 gibt
3144 3657 56 36 es

1695 3701 175 50 solche
1908 3701 359 62 Heimstätten,
2303 3719 95 37 nur
2433 3707 138 51 nicht
2605 3707 80 50 für
2722 3710 80 49 die
2838 3709 362 53 Schaffenden.

1693 3767 110 54 Wir
1831 3769 165 52 haben
2027 3773 96 50 den
2152 3771 303 55 Tierschutz
2482 3778 98 50 seit
2606 3777 183 59 langen
2820 3778 205 53 Jahren.
3089 3779 111 52 Wir

1694 3837 165 52 haben
1894 3842 98 48 seit
2053 3842 181 57 junger
2267 3841 110 53 Zeit
2443 3845 96 50 den
2604 3845 361 64 Naturschutz,
3031 3850 135 51 Land-

1693 3906 394 62 schaftsschutz,
2121 3909 350 63 Waldschutz,
2536 3914 497 58 Denkmälerschutz
3098 3922 102 50 und

1693 3974 393 54 Mutterschutz.
2163 3977 202 54 Wollen
2409 3985 96 48 wir
2548 3985 137 51 nicht
2730 3987 131 50 auch
2906 3991 183 49 einmal
3135 4005 64 35 an

1687 4043 469 55 Menschenschutz
2179 4049 237 52 denken?
2471 4052 77 50 An
2571 4054 97 50 den
2692 4054 192 54 Schutz
2905 4059 91 50 der
3018 4058 151 52 Schaf-

1693 4111 224 53 fenden?

1696 4350 298 121 Sühne

1693 4508 123 54 Von
1853 4510 187 54 Oskar
2074 4513 174 53 Baum

1825 4636 70 50 Im
1922 4639 371 50 verzweifelten
2318 4641 153 63 Zorn,
2498 4645 50 48 in
2571 4645 91 50 der
2683 4646 224 53 dunkeln
2931 4651 123 50 Wut
3078 4652 125 52 über

1697 4705 101 50 den
1845 4707 113 49 Tod
2006 4709 165 49 seines
2221 4710 206 51 Weibes
2474 4728 102 49 zog
2621 4717 93 49 der
2758 4718 116 50 edle
2920 4721 134 49 Herr
3099 4739 101 34 von

1699 4775 252 64 Armpach
1990 4779 90 49 mit
2117 4779 115 49 dem
2276 4780 212 53 Rotbart
2523 4799 169 50 gegen
2732 4788 144 51 Rom.
2945 4791 117 49 Sein
3098 4799 79 47 ein-

1698 4845 155 63 ziges,
1899 4847 101 48 den
2046 4848 200 50 kleinen
2298 4850 190 64 Ulmar,
2538 4854 100 51 ließ
2683 4871 57 34 er
2784 4860 193 49 seinem
3026 4863 175 51 Vetter

1699 4916 89 49 auf
1807 4916 344 65 Gallersberg.
2207 4920 99 49 Für
2324 4921 195 62 immer,
2541 4925 97 48 wie
2658 4940 60 36 es
2737 4927 107 52 sich
2865 4930 138 50 dann
3024 4935 174 63 ergab.

1762 5049 41 9 _
1825 4996 104 51 Der
1964 5000 165 64 Junge
2168 5001 138 51 hatte
2344 5003 321 55 frauenhafte
2699 5010 182 68 Augen
2917 5015 106 49 und
3060 5017 143 49 Haar

1698 5080 100 35 von
1826 5070 378 62 mattgoldener
2229 5071 163 52 Seide.
2451 5075 136 50 Aber
2611 5093 57 34 er
2695 5079 102 63 lief,
2826 5096 206 52 sprang,
3062 5086 139 51 focht

1699 5136 104 48 und
1836 5137 83 49 ritt
1950 5153 61 35 so
2043 5140 96 49 viel
2169 5142 106 48 und
2307 5142 120 52 wild
2459 5146 97 49 wie
2588 5148 110 61 alle,
2729 5150 182 52 bekam
2945 5156 255 64 wuchtige

1701 5205 242 51 Knochen
1976 5209 103 49 und
2114 5210 142 49 trank
2289 5211 119 51 bald
2438 5216 266 53 mannhaft
2736 5221 95 48 wie
2863 5222 92 51 des
2989 5225 211 64 Papstes

1701 5275 370 52 Kellermeister
2112 5295 80 34 am
2234 5280 246 67 Sonntag.

1825 5358 78 50 Da
1928 5362 175 48 wurde
2127 5363 92 48 der
2242 5364 174 51 Vetter
2437 5368 92 49 des
2555 5368 292 56 lärmenden
2872 5375 188 51 Gastes
3083 5383 116 57 satt,

1698 5426 90 50 der
1818 5430 93 49 mit
1944 5430 130 49 allen
2112 5433 262 51 Freunden
2411 5435 201 54 Händel
2646 5440 137 52 hatte
2815 5446 105 48 und
2952 5448 128 48 auch
3113 5465 89 33 zur

1700 5496 220 52 Brutzeit
1958 5499 165 52 hinter
2159 5502 116 50 dem
2316 5504 136 52 Wild
2492 5507 89 51 her
2617 5525 121 48 war,
2778 5516 107 47 und
2921 5531 151 36 wenn
3111 5519 92 48 der

1696 5566 331 69 Gallersberg
2063 5572 168 50 selber
2267 5589 94 34 vor
2399 5575 194 64 Aerger
2628 5582 279 62 geborsten
2946 5590 151 48 wäre.

1823 5650 144 60 „Zeit
2000 5654 79 60 ist,
2114 5654 101 50 daß
2250 5655 71 50 du
2352 5656 114 52 dich
2500 5673 86 37 um
2622 5662 251 65 Armpach
2905 5667 293 66 kümmerst,

1700 5716 198 53 Ulmar!
1978 5721 94 51 Die
2120 5724 270 53 Nachbarn
2439 5729 187 51 wollen
2673 5733 105 50 sich
2825 5736 174 52 darein
3051 5742 147 48 teilen

1699 5788 104 48 und
1848 5804 56 34 es
1950 5794 137 47 wäre
2132 5794 189 50 schade

1823 5871 137 51 Aber
2004 5875 211 51 Ulmarn
2258 5878 155 65 gefiel
2457 5895 56 35 es
2558 5882 122 62 hier,
2725 5885 105 49 und
2874 5885 102 52 ihm
3021 5893 178 57 graute

1698 5954 92 34 vor
1831 5942 100 50 den
1973 5948 314 49 verrosteten
2336 5950 400 65 Felsennestern,
2781 5970 84 34 wo
2909 5957 166 49 sicher
3114 5960 86 48 die

1702 6009 165 50 Keller
1905 6012 103 50 leer
2045 6030 172 35 waren
2259 6018 104 49 und
2400 6020 83 49 die
2525 6020 196 52 Bauern
2761 6025 94 49 das
2894 6026 305 52 Gehorchen

1699 6093 272 49 vergessen
2023 6082 188 54 hatten.
2294 6086 66 50 Er
2411 6088 110 64 fing
2572 6107 81 46 an,
2702 6094 106 48 sich
2859 6099 92 48 mit
3001 6098 198 50 Vetters

1702 6147 151 51 Hilde
1892 6165 62 35 zu
1993 6155 280 62 vertragen.
2343 6158 96 50 Mit
2476 6159 92 50 der
2604 6163 385 65 zwölfjährigen
3033 6169 166 61 Hilde,

1699 6218 82 49 die
1807 6219 120 50 leise
1953 6223 103 47 und
2081 6226 93 59 gut
2196 6239 110 35 war
2324 6228 108 48 und
2456 6228 96 50 das
2571 6245 164 48 ganze
2757 6233 186 51 Schloß
2971 6242 229 59 regierte,

1698 6289 115 49 weil
1846 6291 73 49 sie
1952 6306 62 34 zu
2045 6292 166 62 jedem
2244 6296 232 67 demütig
2505 6301 198 62 sprach,
2736 6317 62 35 so
2830 6305 100 49 daß
2963 6308 106 48 sich
3103 6309 97 48 alle

1696 6361 251 62 sputeten,
1980 6376 61 35 zu
2075 6367 198 49 erraten
2302 6367 107 50 und
2439 6382 63 38 zu
2536 6371 105 60 tun,
2673 6386 113 41 was
2812 6374 77 50 sie
2917 6377 106 48 sich
3057 6381 106 46 wün-

1695 6428 154 51 schen
1897 6429 207 55 könnte.

3469 92 65 48 Er
3567 90 97 50 ließ
3702 85 107 54 sich
3843 101 64 35 an
3941 89 164 47 einem
4140 81 100 50 Seil
4274 84 51 47 in
4357 79 100 50 den
4492 79 151 50 tiefen
4676 82 160 67 Teich,

3344 178 83 34 um
3456 162 147 48 einen
3631 159 108 48 Ball
3767 159 80 47 für
3871 158 73 48 sie
3971 152 414 59 heraufzuholen,
4411 151 106 49 und
4542 165 54 34 er
4619 148 218 58 tauschte

3343 233 105 49 sich
3492 231 81 47 für
3615 232 80 46 ein
3739 228 212 61 heiliges
3995 224 218 59 Amulet,
4256 223 93 47 das
4393 222 102 49 ihm
4537 236 114 34 vom
4694 224 144 53 Vater

3338 301 273 70 geblieben
3658 315 122 44 war,
3826 293 82 52 ein
3957 294 400 65 goldgewirktes
4404 291 139 48 Tuch
4590 293 95 60 ein,
4729 298 108 49 weil

3344 388 54 33 es
3445 371 78 48 ihr
3569 370 83 47 bei
3703 372 137 46 einer
3891 366 252 48 Freundin
4193 361 222 64 gefallen
4465 360 151 50 hatte.

3471 441 105 47 Das
3617 439 140 47 Ende
3795 452 101 33 von
3932 436 91 47 der
4058 433 158 49 Sache
4255 447 121 43 war,
4414 429 100 50 daß
4553 429 88 50 der
4675 432 163 54 Vetter

3344 511 105 51 sich
3501 509 259 49 zufrieden
3813 505 125 63 gab;
3991 504 83 50 die
4125 503 185 48 beiden
4363 501 330 49 miteinander
4740 520 74 35 ver-

3344 580 138 51 lobte
3519 579 103 49 und
3656 579 118 46 dem
3813 576 188 61 Junker
4034 576 226 59 zusagte,
4294 572 74 48 sie
4404 571 170 47 werde
4606 573 107 47 sein
4745 576 62 49 Ge-

3344 650 152 61 mahl,
3537 664 151 33 wenn
3731 662 54 33 er
3825 648 49 46 in
3914 647 105 46 vier
4059 644 125 48 oder
4226 642 113 48 fünf
4380 641 182 62 Jahren
4602 641 73 49 als
4715 644 123 52 Herr

3344 721 88 50 auf
3472 717 469 52 wohlversehenem
3985 714 132 48 Erbe
4154 714 74 48 sie
4267 726 63 36 zu
4371 712 152 47 holen
4562 711 158 52 käme.

3471 930 110 49 Viel
3628 929 196 63 blutige
3874 926 175 48 Arbeit
4100 924 122 48 fand
4270 937 56 32 er
4373 918 152 62 wohl,
4577 922 118 48 aber
4738 928 97 48 sein

3345 1003 175 47 Vetter
3560 1000 137 48 hatte
3739 999 102 48 ihm
3885 999 149 46 einen
4076 994 261 60 tüchtigen
4382 991 205 49 Haufen
4630 994 206 53 eiserner

3347 1071 223 51 Knechte
3608 1067 343 66 mitgegeben,
3990 1064 104 50 und
4129 1065 168 59 einige
4333 1062 319 48 schwächere
4687 1063 119 52 Nach-

3342 1141 127 48 barn
3505 1141 159 48 boten
3702 1139 101 48 ihm
3848 1133 397 51 Freundeshilfe.

3471 1211 129 47 Hart
3640 1209 103 48 und
3785 1208 150 61 lange
3974 1220 109 34 war
4121 1201 268 65 eigentlich
4430 1216 95 33 nur
4561 1201 80 51 die
4681 1204 152 52 Fehde

3344 1282 91 47 mit
3479 1280 115 47 dem
3642 1277 309 49 Pellsteiner.
4024 1275 120 49 Sein
4189 1272 165 60 Weib,
4401 1272 115 48 hieß
4565 1286 69 46 es,
4679 1276 157 50 wollte

3344 1350 137 49 nicht
3520 1349 321 64 nachgeben;
3884 1348 108 47 sein
4032 1346 219 47 schönes
4291 1343 165 59 Weib,
4497 1356 99 34 von
4635 1343 110 49 dem
4780 1361 53 36 so

3343 1419 229 49 kitzliche
3616 1418 341 49 Geschichten
4003 1415 296 64 umgingen.
4379 1412 144 48 Ganz
4568 1413 129 49 weiß
4742 1418 93 47 und

3343 1490 232 63 biegsam
3621 1490 98 47 wie
3769 1486 552 60 Kirschblütenzweige
4365 1486 68 46 im
4481 1481 153 49 Wind
4679 1498 154 38 waren

3343 1560 107 48 ihre
3487 1559 206 48 Glieder
3727 1558 104 48 und
3867 1557 105 51 ihre
4008 1556 141 47 Haut
4183 1569 106 33 war
4323 1568 59 33 so
4417 1552 117 48 heiß
4568 1555 95 46 wie
4700 1554 133 51 Eisen

3345 1632 197 47 unterm
3581 1627 332 49 Schleifstein.
3984 1626 174 59 Einen,
4197 1624 90 48 der
4321 1624 82 47 die
4440 1623 180 46 Mauer
4655 1622 155 52 hinauf-

3342 1700 232 47 kletterte
3624 1698 105 48 und
3776 1695 159 49 durch
3986 1697 81 45 die
4116 1694 207 61 Spalten
4374 1694 66 47 im
4494 1693 339 51 Fensterladen

3344 1768 173 61 zusah,
3558 1769 96 47 wie
3692 1768 75 48 sie
3808 1781 60 33 zu
3909 1766 142 47 Bette
4089 1767 150 64 stieg,
4282 1763 96 48 ließ
4418 1764 73 47 sie
4529 1764 78 49 ins
4647 1763 186 52 Verließ

3344 1839 210 60 werfen,
3598 1838 105 49 und
3746 1836 166 48 Nacht
3956 1835 80 48 für
4076 1835 164 47 Nacht
4282 1833 175 48 mußte
4501 1847 116 32 man
4657 1834 82 47 ihn
4777 1851 57 33 an

3343 1909 78 48 ihr
3467 1909 113 48 Bett
3626 1907 204 49 fesseln.
3909 1906 103 46 Der
4059 1904 308 59 Pelisteiner,
4414 1902 76 51 ihr
4533 1902 173 61 Mann,
4747 1920 88 48 zog

3345 1980 110 48 eine
3497 1978 182 49 krause
3721 1978 157 56 Stirn;
3924 1975 120 49 aber
4082 1978 76 46 sie
4196 1973 176 49 zuckte
4414 1974 91 46 mit
4543 1973 98 47 den
4680 1973 130 50 Schul-

3346 2053 125 56 tern,
3522 2049 103 48 und
3676 2062 54 33 er
3780 2046 239 64 schwieg.
4103 2045 103 47 Der
4254 2045 159 60 junge
4456 2042 379 52 Waffenknecht

3344 2119 151 49 stand
3533 2117 164 49 Nacht
3738 2117 81 49 für
3857 2116 164 48 Nacht
4057 2130 102 34 von
4196 2114 169 48 abend
4404 2113 79 48 bis
4522 2111 113 50 früh
4670 2128 62 33 an
4768 2115 68 49 ihr

3346 2189 114 49 Bett
3497 2188 260 63 gefesselt,
3796 2187 79 47 bis
3913 2201 56 33 er
4005 2199 101 34 von
4144 2184 189 48 Sinnen
4371 2183 116 49 kam
4528 2183 102 48 und
4666 2186 168 48 einmal

3342 2260 135 47 beim
3543 2257 360 49 Losschnallen
3966 2258 90 46 mit
4121 2254 129 50 allen
4315 2254 183 50 Vieren
4561 2253 272 63 ausschlug,

3344 2329 215 48 Schaum
3602 2343 91 34 vor
3734 2328 190 48 seinem
3968 2325 194 48 Munde
4205 2324 108 49 floß
4354 2323 106 48 und
4500 2324 141 47 seine
4677 2324 157 49 Zähne

3344 2399 105 49 sich
3499 2398 273 49 festbissen
3819 2400 53 48 in
3922 2396 80 48 die
4054 2393 285 49 Holzlehne
4384 2393 92 49 des
4526 2393 191 58 Bettes;
4761 2394 73 49 die

3345 2469 166 61 Nägel
3539 2469 120 47 aber
3683 2466 177 49 krallte
3886 2481 56 33 er
3967 2464 106 50 sich
4099 2465 79 48 ins
4210 2463 191 51 Fleisch
4430 2463 103 49 und
4558 2466 276 47 entmannte

3344 2539 105 48 sich
3490 2539 91 47 mit
3621 2537 98 49 den
3762 2541 214 57 eigenen
4020 2536 233 60 Fingern.
4326 2534 66 47 Es
4432 2536 137 45 wäre
4606 2534 229 49 vielleicht

3344 2609 91 48 mit
3471 2608 190 61 klugen
3701 2606 432 61 Verhandlungen
4174 2604 120 48 alles
4331 2603 255 62 beigelegt
4622 2604 211 61 worden,

3346 2678 120 49 aber
3513 2678 177 47 Ulmar
3737 2676 159 48 fühlte
3945 2675 105 49 sich
4095 2674 78 49 als
4217 2674 93 48 der
4353 2674 246 60 Stärkere,
4645 2673 99 49 und
4785 2687 49 35 es

3345 2747 163 49 freute
3555 2746 104 61 ihn,
3709 2747 91 48 mit
3849 2748 191 48 seinem
4092 2744 337 63 rauflustigen
4481 2743 235 48 Fähnlein
4762 2744 71 48 die

3346 2818 139 66 Burg
3520 2832 62 33 zu
3618 2817 273 47 berennen.
3958 2815 69 48 So
4062 2815 82 47 ein
4180 2814 178 48 wildes
4395 2813 164 60 Weib,
4593 2812 103 49 und
4728 2814 106 61 jetzt

3343 2889 194 47 zitterte
3582 2888 73 47 sie
3700 2901 91 34 vor
3835 2885 120 51 ihm.

3471 2958 170 60 Lange
3686 2956 231 48 Wochen
3962 2955 244 48 berannte
4253 2969 118 33 man
4417 2955 246 48 umsonst.
4735 2953 98 48 Viel

3342 3029 185 61 junges
3566 3027 115 47 Blut
3717 3027 206 61 spritzte
3961 3039 168 49 gegen
4170 3024 112 48 Fels
4316 3023 106 49 und
4459 3023 193 49 Mauer.
4717 3022 88 48 End-

3344 3097 95 49 lich
3486 3097 193 48 konnte
3728 3110 118 34 man
3897 3096 90 47 mit
4034 3095 116 48 dem
4204 3095 217 61 Hunger
4466 3097 51 47 in
4564 3094 90 47 der
4702 3094 128 47 Feste

3344 3166 232 49 rechnen.
3640 3167 90 47 Ein
3762 3167 283 61 gerüstetes
4080 3164 153 48 Pferd
4264 3164 104 49 und
4397 3164 81 47 ein
4513 3162 317 51 Kettenhemd

3343 3236 268 62 versprach
3655 3236 176 48 Ulmar
3873 3236 133 59 dem,
4047 3235 92 47 der
4178 3235 82 47 die
4305 3234 346 50 Pellsteinerin
4691 3231 113 50 wohl-

3341 3306 240 49 behalten
3620 3305 259 68 gefangen
3918 3304 221 49 brächte.

3471 3376 149 49 Eines
3651 3375 208 61 Nachts,
3891 3375 73 49 als
3995 3374 295 49 unverhofft
4317 3374 94 48 das
4445 3375 158 46 Feuer
4630 3382 89 40 atis
4745 3371 86 49 den

3341 3446 372 65 Burgfenstern
3749 3445 183 62 schlug
3968 3445 106 47 und
4116 3444 202 48 Ulmars
4358 3445 153 47 Leute
4548 3458 61 34 zu
4648 3442 185 49 leichter

3344 3516 174 49 Arbeit
3555 3530 92 34 aus
3684 3516 114 47 dem
3837 3514 169 49 Schlaf
4040 3514 209 61 weckte,
4286 3514 256 49 verdiente
4581 3517 132 47 einer
4743 3512 89 48 den

3345 3586 154 49 Preis.
3578 3585 114 49 Den
3741 3585 296 49 Pellsteiner
4083 3584 173 49 hatten
4302 3585 82 50 die
4432 3585 215 61 eigenen
4693 3584 142 49 Leute

3343 3656 314 62 erschlagen,
3694 3654 115 50 weil
3843 3657 111 47 sein
3990 3654 149 51 Weib
4174 3654 106 49 sich
4316 3656 91 47 mit
4442 3655 116 47 dem
4593 3652 137 49 Mehl
4759 3652 74 49 die

3342 3727 237 62 Wangen
3609 3726 202 60 weißte,
3842 3725 91 49 das
3962 3740 55 33 er
4045 3724 153 52 ihnen
4227 3740 116 34 vom
4375 3724 195 49 Munde
4597 3723 234 63 absparte.

3466 3935 143 49 Zwei
3656 3936 248 60 Knappen
3952 3936 148 47 ritten
4146 3950 114 33 zum
4310 3934 140 49 Hofe
4496 3933 185 62 herein,
4725 3947 104 35 vom

3343 4004 110 50 Huf
3487 4005 81 48 bis
3605 4019 89 34 zur
3730 4005 340 49 Sturmhaube
4106 4005 267 62 weißgrau
4409 4020 100 34 von
4551 4002 278 55 Reisestaub

3342 4075 104 49 und
3483 4075 177 58 müde;
3700 4077 147 47 sonst
3885 4075 122 48 aber
4040 4077 127 60 jung
4203 4076 106 47 und
4346 4074 237 62 stattlich,
4618 4073 101 50 und
4752 4074 79 47 mit

3339 4145 270 48 Wämsern
3639 4146 52 47 in
3722 4144 247 63 gleichem
4006 4145 111 53 Rot.
4180 4145 177 48 Ulmar
4386 4144 167 50 lehnte
4586 4160 77 34 am
4691 4143 112 50 weiß-

3338 4214 294 50 blühenden
3676 4215 347 49 Lindenbaum
4068 4215 134 49 beim
4251 4215 237 49 Brunnen
4531 4215 102 49 und
4675 4211 154 52 befahl

3339 4285 101 48 den
3484 4284 276 61 Knechten,
3802 4285 191 48 welche
4034 4286 83 47 die
4157 4300 118 34 vom
4316 4286 198 49 Winter
4544 4287 284 66 gerissenen

3339 4354 234 65 Sprünge
3617 4354 104 48 und
3765 4354 192 48 Löcher
3997 4357 52 47 in
4090 4355 92 48 der
4224 4354 318 67 Burgmauer
4581 4357 88 47 mit
4708 4353 121 49 Stein

3341 4424 105 50 und
3488 4424 154 49 Lehm
3686 4423 220 51 flickten.

3467 4500 165 60 „Vom
3679 4500 146 49 edlen
3871 4501 166 48 Herrn
4079 4516 65 35 zu
4184 4500 331 68 Gallersberg
4556 4502 141 49 Gruß
4739 4496 90 52 und

3469 4639 102 49 Der
3631 4640 311 62 Armpacher
3999 4642 176 48 wurde
4237 4644 192 64 glutrot
4489 4658 92 34 vor
4640 4639 187 51 Freude.

3343 4709 183 61 „Wie?
3584 4710 103 48 Der
3729 4712 211 49 Vetter?
3997 4712 124 49 Lebt
4160 4728 56 33 er
4256 4713 169 48 noch?
4480 4714 112 47 Wie
4630 4712 116 63 geht
4783 4722 45 34 es

3339 4778 104 50 ihm
3476 4780 104 48 und
3610 4781 99 47 den
3741 4782 190 48 andern
3962 4783 168 48 allen?
4188 4784 123 48 Was
4343 4783 167 50 macht
4537 4783 90 49 der
4655 4781 145 52 Raben-

3343 4863 117 48 egg>
3494 4850 91 48 der
3618 4852 207 61 zornige
3864 4852 116 50 Kerl
4012 4855 92 46 mit
4136 4853 91 48 der
4262 4854 327 61 Judennase?
4651 4847 178 53 Erzählt

3342 4919 95 48 mir
3479 4920 157 50 doch!
3712 4918 118 52 Seid
3877 4921 81 49 Ihr
4002 4923 159 48 schon
4209 4923 150 65 lange
4404 4928 50 47 in
4498 4925 90 47 der
4630 4916 197 67 Gegend

3470 5059 94 50 Die
3611 5061 248 62 Knappen
3920 5062 253 49 erzählten
4231 5064 321 63 ehrerbietig,
4610 5076 103 35 was
4764 5058 63 49 sie

3341 5130 235 58 wußten;
3622 5131 257 61 darunter,
3924 5132 101 49 daß
4073 5134 92 47 der
4211 5135 174 47 Vetter
4428 5135 272 48 todesmatt
4741 5141 86 37 von

3344 5200 137 47 einer
3515 5199 165 50 bösen
3722 5202 275 50 Krankheit
4034 5207 88 47 sei.
4194 5203 103 49 Der
4332 5204 180 49 Teufel
4551 5207 170 62 würge
4753 5197 73 51 ihn

3341 5284 100 33 von
3480 5270 111 48 Zeit
3627 5286 61 33 zu
3729 5272 125 60 Zeit,
3890 5273 103 47 daß
4033 5288 54 33 er
4121 5288 62 38 zu
4218 5275 249 49 ersticken
4503 5273 197 63 glaube,
4735 5264 88 53 und

3340 5338 91 47 der
3478 5340 190 59 Junker
3718 5341 117 52 Rolf
3882 5341 117 50 kam
4048 5358 118 33 vom
4218 5345 292 62 Königshof
4559 5352 92 41 ausi
4695 5341 129 56 Prag,

3341 5408 108 48 sein
3487 5408 221 50 Erbland
3741 5426 63 35 zu
3837 5413 207 48 wahren
4077 5414 106 48 und
4215 5414 117 49 dem
4369 5416 155 47 Vater
4553 5415 79 47 die
4664 5412 161 58 Augen

3338 5479 368 50 zuzudrücken.

3465 5549 163 60 „Jetzt
3671 5551 65 48 ist
3780 5567 53 33 er
3875 5552 248 51 vielleicht
4167 5554 135 49 nicht
4582 5546 241 56 murmelte

3341 5617 177 49 Ulmar
3564 5621 104 47 und
3714 5620 182 51 blickte
3946 5623 178 49 finster
4169 5639 92 33 vor
4305 5625 247 49 Schmerz.

3465 5689 142 59 „Wir
3645 5690 162 49 sollen
3848 5692 87 49 auf
3975 5694 236 49 Antwort
4247 5699 209 56 warten,
4495 5694 113 50 weil
4645 5706 52 35 es
4735 5684 89 52 Eile

3468 5827 103 49 Der
3610 5829 311 64 Armpacher
3960 5833 73 49 las
4073 5834 92 48 das
4167 5826 2 72 l
4204 5834 151 50 Stück
4398 5833 311 65 Pergament,
4746 5826 80 48 das

3343 5895 134 49 nicht
3528 5899 351 50 verschlossen
3931 5918 123 47 war,
4106 5905 117 48 weil
4274 5921 56 33 es
4382 5906 114 49 kein
4548 5898 279 54 Geistlicher

3340 5965 206 50 brachte
3577 5970 104 47 und
3710 5971 116 49 kein
3857 5973 253 61 gelehrter
4140 5975 171 61 Ritter,
4340 5976 92 47 der
4460 5991 53 33 es
4543 5975 133 47 hätte
4702 5970 124 48 lesen

3340 6035 221 51 können.
3654 6040 65 47 Er
3780 6044 185 47 atmete
4028 6044 249 61 mühsam,
4340 6046 164 48 reckte
4563 6042 101 50 sich
4724 6037 105 49 aber

3342 6105 222 49 stählern
3613 6109 104 48 und
3765 6113 203 48 wandte
4016 6114 101 48 den
4168 6115 137 62 Kopf
4350 6117 82 47 ein
4479 6130 123 46 paar
4644 6112 154 57 Augen-

3339 6174 162 49 blicke
3532 6191 88 34 zur
3653 6180 276 50 Kemenate
3962 6184 89 47 der
4084 6186 344 50 Pellsteinerin
4460 6183 187 51 hinauf.
4695 6180 131 46 Dann

3342 6244 137 49 holte
3516 6261 54 33 er
3604 6248 194 63 einiges
3835 6252 119 49 ailte
3990 6255 522 63 Frauengeschmeide
4548 6268 96 34 von
4678 6248 151 50 seiner

3342 6315 194 64 seligen
3574 6317 193 51 Mutter
3804 6322 125 47 oder
3965 6324 247 50 vielleicht
4247 6326 158 48 schon
4443 6340 98 34 von
4578 6324 87 47 der
4701 6317 125 48 Ahne

3344 6385 103 48 und
3490 6385 97 49 ließ
3634 6387 117 53 Rolf
3792 6390 177 63 bitten,
4011 6394 102 50 ihm
4159 6396 168 60 Hilde,
4371 6398 137 47 seine
4550 6392 162 58 Braut,
4750 6381 77 54 mit

3343 6454 322 53 ritterlichem
3710 6457 167 55 Geleit
3919 6477 65 36 zu
4029 6465 209 51 senden.
4313 6467 68 53 Et
4422 6464 175 51 würde
4639 6461 74 51 ihr
4752 6447 75 57 auf
