2423 4186
1000 441 214 42 LAURO
1249 442 166 42 ROSSI

2029 458 54 42 79

331 586 231 49 régulateur
583 587 69 37 des
673 587 203 38 destinées
898 588 54 37 du
972 589 235 50 San-Carlo,
1231 592 53 34 du
1301 592 141 36 Fondo
1459 597 39 30 et
1519 588 307 38 desFiorentini
1846 590 48 37 de
1910 590 173 50 Naples;

331 653 49 36 de
412 652 37 37 la
480 653 116 37 Scala
629 661 38 30 et
694 655 48 36 de
774 655 37 36 la
834 655 268 38 Cannobiana
1128 658 48 36 de
1200 656 141 50 Milan,
1374 658 103 36 ainsi
1504 668 78 38 que
1604 657 54 35 du
1689 656 156 38 théâtre
1877 657 140 37 italien
2039 658 48 36 de

332 720 173 39 Vienne.
539 720 31 37 11
590 720 47 37 fit
656 720 115 39 venir
792 722 119 37 Rossi
934 722 148 50 auquel
1105 722 28 38 il
1155 724 198 38 demanda
1374 725 165 37 d'écrire
1564 737 105 37 pour
1689 724 228 38 San-Carlo
1935 725 152 49 l'opéra

332 786 158 38 sérieux
511 788 201 42 Costanza
731 790 48 36 ed
802 789 228 53 Oringaldo
1037 821 8 15 ,
1060 799 39 29 et
1120 804 104 36 pour
1245 793 36 37 le
1297 793 155 37 théâtre
1468 795 148 35 Nuovo
1639 793 38 37 II
1693 792 153 38 Casino
1869 793 41 37 di
1927 804 135 38 campa-

329 866 85 37 gna
446 862 39 29 et
504 854 58 37 Lo
579 856 126 49 Sposo
725 856 40 38 al
784 858 94 36 lotto
885 887 8 19 ,
917 859 69 48 qui
1014 865 92 30 tous
1127 867 143 29 eurent
1286 872 57 24 un
1362 868 85 30 sort
1468 861 193 37 heureux.

381 920 77 37 Sur
486 933 64 25 ces
577 922 246 44 entrefaites,
850 924 220 49 Donizetti,
1094 926 69 48 qui
1180 938 40 24 se
1241 926 90 47 plut
1353 926 187 48 toujours
1561 930 22 34 à
1606 939 248 37 encourager
1875 927 56 38 les
1949 926 141 50 jeunes

331 985 161 38 artistes
513 988 49 36 de
581 988 144 47 talent,
754 1002 175 37 proposa
950 998 38 28 et
1011 990 45 36 fit
1075 999 188 40 accepter
1286 992 115 36 Rossi
1421 1004 158 24 comme
1599 993 278 48 compositeur
1900 1001 39 28 et
1957 993 110 37 direc-

331 1060 92 29 teur
443 1054 54 37 du
516 1054 156 38 théâtre
689 1057 128 46 Valle,
842 1061 22 32 à
887 1059 146 35 Rome.
1066 1058 30 35 Il
1119 1071 26 35 y
1164 1058 140 36 écrivit
1327 1070 49 24 en
1398 1058 93 36 1832
1509 1059 37 35 II
1560 1059 215 37 Disertore
1989 1061 99 37 dans

331 1120 135 49 lequel
499 1124 185 36 Ronconi
715 1123 146 38 chanta
884 1126 38 34 le
953 1125 85 36 rôle
1066 1125 200 48 principal
1307 1132 39 29 et
1381 1125 71 48 qui
1475 1133 69 29 eut
1576 1137 57 24 un
1658 1129 140 33 succès
1828 1127 84 36 fort
1945 1127 141 48 grand,

333 1198 159 26 comme
519 1200 54 24 on
602 1189 92 36 n'en
727 1189 84 37 voit
844 1190 121 47 qu'en
997 1190 114 36 Italie
1144 1193 54 33 où
1230 1190 36 36 le
1298 1190 139 48 public
1457 1203 50 25 ne
1531 1191 130 37 craint
1682 1204 70 36 pas
1773 1192 49 36 de
1847 1193 185 48 rappeler
2050 1193 37 37 le

332 1261 175 30 maestro
528 1253 156 51 jusqu'à
706 1262 131 29 trente
854 1255 77 37 fois
955 1256 99 37 dans
1074 1256 38 37 la
1134 1257 132 36 même
1288 1257 141 36 soirée.
1532 1258 185 36 Pendant
1736 1258 57 37 les
1809 1260 105 36 deux
1936 1260 151 36 années

333 1320 98 49 qu'il
461 1322 119 36 vécut
601 1324 22 33 à
647 1323 143 45 Rome,
816 1322 133 37 Lauro
983 1323 119 36 Rossi
1125 1335 40 24 se
1197 1323 99 37 livra
1315 1335 95 26 avec
1446 1324 231 38 sollicitude
1700 1333 39 29 et
1760 1325 169 37 fermeté
1951 1329 22 34 à
1993 1327 77 37 l'ac-

335 1388 334 48 complissement
690 1389 69 36 des
782 1389 160 37 devoirs
964 1390 49 37 de
1034 1402 72 25 son
1129 1390 151 49 emploi
1303 1401 7 26 :
1334 1392 28 36 il
1381 1404 26 36 y
1430 1404 192 38 composa
1654 1393 211 50 beaucoup
1887 1395 48 36 de
1962 1395 102 37 musi-

334 1467 94 37 que,
452 1463 113 30 entre
582 1463 112 30 autre
716 1457 36 36 le
770 1456 157 38 Fucine
948 1457 42 36 di
1011 1458 164 50 Bergen
1202 1470 103 36 pour
1322 1458 36 37 le
1379 1456 156 40 théâtre
1552 1460 128 47 Valle,
1701 1468 38 29 et
1763 1461 208 37 Foratorio
1990 1461 102 38 Saul

334 1535 80 37 que
429 1524 59 36 lui
508 1524 199 37 demanda
726 1524 37 37 le
784 1524 204 37 directeur
1014 1525 47 36 de
1085 1524 193 50 l'hospice
1307 1526 299 45 San-Michele,
1635 1528 291 49 monseigneur
1952 1529 139 49 Tosti;

334 1590 99 36 dans
454 1593 106 34 cette
588 1602 139 26 œuvre
751 1591 178 37 sérieuse
955 1591 28 36 il
1010 1591 45 36 fit
1082 1603 149 37 preuve
1260 1591 285 50 d'inspiration
1568 1592 169 39 féconde
1760 1602 39 29 et
1820 1595 132 37 variée
1974 1604 40 28 et
2047 1607 41 25 se

335 1655 160 39 dévoila
515 1669 158 25 comme
694 1670 56 24 un
773 1658 279 49 compositeur
1085 1658 173 37 familier
1293 1671 96 25 avec
1421 1667 93 29 tous
1546 1660 58 37 les
1639 1673 144 37 genres
1816 1662 48 37 de
1886 1663 203 48 musique.

334 1722 155 49 Appelé
511 1726 21 32 à
552 1723 128 38 Milan
700 1736 50 25 en
780 1724 110 48 1834,
912 1724 28 37 il
962 1724 141 38 écrivit
1125 1736 103 38 pour
1252 1725 37 36 la
1315 1725 127 48 Scale,
1470 1726 37 36 la
1534 1726 108 37 Casa
1670 1728 225 36 désabitata
1901 1756 8 17 ,
1933 1729 100 37 dont
2054 1729 37 37 le

334 1790 94 35 titre
451 1788 62 37 fut
537 1789 153 48 changé
709 1790 159 37 ensuite
888 1799 140 29 contre
1050 1791 104 36 celui
1183 1792 48 36 de
1251 1791 136 48 Ifalsi
1409 1794 217 35 monetarii
1630 1823 9 19 ,
1661 1794 69 48 qui
1755 1794 134 36 obtint
1912 1795 155 49 l'appro-

332 1856 139 37 bation
492 1856 199 47 générale.
716 1858 113 35 Tous
857 1856 57 38 les
941 1855 176 40 théâtres
1141 1858 47 36 de
1209 1858 146 37 l'ltalie
1376 1863 236 33 montèrent
1630 1867 63 29 cet
1710 1862 136 47 opéra,
1870 1868 40 30 et
1939 1862 27 36 il
1999 1863 88 47 plut

331 1922 212 37 tellement
563 1924 124 47 qu'on
709 1922 119 38 disait
848 1924 303 47 généralement
1178 1936 78 37 que
1285 1925 134 37 c'était
1449 1926 38 36 II
1524 1926 199 38 Barbiere
1753 1928 42 36 di
1821 1928 188 52 Seviglia
2037 1929 49 37 de

335 1989 130 39 Rossi.
485 1989 125 49 Paris,
631 1993 53 34 où
703 2002 54 25 011
778 1989 36 38 le
837 1992 232 49 représenta
1092 2004 49 25 en
1174 1992 110 43 1835,
1311 1992 130 38 ratifia
1459 2005 43 25 ce
1519 1992 221 50 jugement.

387 2056 187 37 Madame
598 2056 220 49 Malibran,
842 2057 108 37 alors
972 2061 21 33 à
1016 2058 164 49 Naples,
1202 2061 68 46 où,
1291 2071 160 25 comme
1470 2067 181 42 partout,
1668 2061 75 37 elle
1765 2062 97 37 était
1881 2062 135 38 l'idole
2035 2064 54 36 du

333 2123 152 50 public,
503 2124 186 37 entendit
709 2131 104 31 cette
834 2125 259 48 production,
1118 2133 39 30 et
1172 2138 51 25 en
1245 2126 64 37 fut
1331 2127 31 36 si
1393 2126 221 38 enchantée
1634 2129 147 47 qu'elle
1804 2130 145 37 voulut
1970 2133 96 36 abso-

334 2191 161 37 lument
509 2203 79 37 que
607 2190 117 38 Rossi
743 2191 141 38 écrivît
901 2204 56 25 un
971 2194 123 47 opéra
1113 2194 305 49 expressément
1433 2207 105 36 pour
1550 2195 90 39 elle.
1662 2197 53 36 Le
1732 2196 76 37 duc
1823 2197 49 37 de
1889 2199 201 47 Visconti,

335 2258 288 37 surintendant
658 2259 69 36 des
750 2256 193 49 théâtres,
965 2260 163 37 n'osant
1153 2261 88 37 rien
1261 2262 58 36 lui
1352 2262 169 48 refuser,
1546 2262 46 37 fit
1610 2264 70 36 des
1698 2264 278 50 propositions
2012 2270 82 33 très

341 2333 288 40 avantageuses
650 2337 51 25 au
736 2327 292 49 compositeur,
1068 2328 70 48 qui
1158 2328 59 36 les
1238 2336 166 42 accepta
1437 2330 48 36 de
1511 2331 128 47 grand
1673 2342 113 26 cœur
1820 2339 38 29 et
1886 2333 208 48 s'engagea

334 2394 21 34 à
384 2391 126 37 écrire
531 2391 152 49 l'opéra
712 2392 134 50 obligé
875 2406 102 37 pour
1011 2395 36 35 le
1077 2396 185 36 carnaval
1285 2396 48 36 de
1373 2396 109 37 1835.
1526 2396 103 37 Mais
1659 2397 187 37 Madame
1877 2399 214 48 Malibran,

342 2458 233 49 lorsqu'elle
590 2461 104 36 avait
710 2460 116 38 envie
844 2461 121 37 d'une
988 2461 135 47 chose,
1145 2462 210 37 entendait
1375 2463 148 48 qu'elle
1536 2462 62 38 fût
1618 2464 189 37 exécutée
1828 2465 230 39 surTheure
2080 2477 9 37 ;

348 2526 76 37 elle
445 2534 145 30 trouva
605 2526 36 37 le
663 2526 104 38 délai
790 2535 91 40 trop
897 2528 98 49 long
1018 2537 53 40 et,
1092 2530 186 36 d'accord
1300 2542 95 25 avec
1419 2530 184 48 Barbaja,
1626 2531 75 37 elle
1720 2531 46 37 fit
1787 2544 212 37 composer
2021 2545 70 37 par

334 2601 118 29 notre
472 2593 120 37 héros
610 2593 37 37 la
670 2594 189 49 musique
887 2595 48 36 de
958 2595 188 38 YAmelia
1166 2608 104 36 pour
1299 2596 37 37 le
1366 2594 158 40 théâtre
1546 2597 79 37 San
1647 2598 138 38 Carlo.
1813 2600 53 36 Le
1896 2608 192 41 maestro,

334 2661 202 37 enchanté
553 2661 49 36 de
617 2661 205 37 travailler
837 2674 106 36 pour
964 2662 36 37 la
1021 2662 93 49 plus
1135 2663 158 37 célèbre
1312 2664 220 36 cantatrice
1555 2665 54 36 du
1634 2665 134 49 siècle,
1793 2674 38 28 et
1849 2666 70 48 qui
1940 2668 149 36 sentait

336 2728 188 38 combien
540 2728 37 37 le
599 2740 202 26 concours
814 2730 48 36 de
878 2737 105 29 cette
1011 2730 148 37 femme
1188 2732 221 36 étonnante
1438 2732 167 48 pouvait
1627 2732 110 38 avoir
1759 2733 241 38 d'influence
2021 2747 69 24 sur

336 2808 74 26 son
428 2796 141 38 avenir
589 2796 228 50 artistique,
839 2797 75 37 mit
936 2808 48 26 en
1005 2810 141 25 œuvre
1167 2805 90 30 tout
1277 2810 43 26 ce
1341 2798 99 49 qu'il
1463 2800 207 49 possédait
1692 2800 49 38 de
1756 2801 133 49 génie,
1903 2802 48 36 de
1964 2802 127 37 talent

344 2871 39 29 et
403 2864 312 48 d'intelligence.
747 2864 116 48 Mais,
887 2864 131 39 hélas!
1054 2873 163 29 souvent
1223 2867 162 47 femme
1418 2867 156 37 varies,
1600 2867 59 36 dit
1689 2867 194 52 François
1909 2870 14 35 ler,I
1929 2876 30 18 er
1964 2899 7 18 ,
1999 2876 40 30 et
2061 2869 28 36 il

336 2930 108 37 avait
464 2930 158 37 raison!
643 2930 135 37 Celles
793 2931 70 47 qui
887 2939 92 29 sont
1001 2931 151 37 douées
1164 2933 55 35 du
1239 2932 92 49 plus
1351 2932 62 36 bel
1437 2932 139 49 esprit,
1594 2933 132 37 même
1746 2933 120 37 celles
1887 2935 198 49 inspirées

340 3010 70 36 par
431 2999 37 36 le
647 3010 158 25 comme
829 2999 37 37 le
887 2999 61 37 fut
971 2999 37 37 la
1030 2999 214 46 Malibran,
1268 3012 50 24 ne
1341 3008 92 29 sont
1455 3012 70 36 pas
1548 3008 205 41 exemptes
1777 3001 48 37 de
1847 3001 176 50 caprices
2046 3010 39 28 et

336 3065 117 37 Rossi
476 3078 49 24 en
554 3066 58 45 fit,
637 3069 21 33 à
680 3076 61 26 ses
765 3066 166 49 dépens,
953 3066 37 38 la
1012 3069 114 35 triste
1147 3067 252 49 expérience.
1440 3068 56 36 La
1534 3068 100 37 Diva
1669 3080 41 24 se
1750 3067 74 38 mit
1846 3080 55 25 un
1924 3067 92 49 jour
2035 3078 51 27 en

333 3132 79 36 tête
434 3132 159 37 défaire
613 3132 216 37 intercaler
849 3133 101 37 dans
981 3133 187 38 YAmelia
1197 3146 80 25 une
1309 3137 119 34 scène
1448 3134 100 36 dans
1570 3133 177 49 laquelle
1770 3134 76 37 elle
1879 3135 207 37 danserait

332 3255 93 34 avait
443 3266 94 33 pour
560 3255 160 44 système
750 3255 137 35 d'offrir
913 3268 70 22 aux
1006 3258 125 43 jeunes
1159 3259 116 33 élèves
1295 3259 48 31 du
1365 3258 136 43 collège
1524 3257 99 44 royal
1640 3256 44 34 de
1706 3258 182 43 musique,
1912 3257 63 45 qui
1999 3259 68 33 don-

336 3316 123 33 naient
483 3317 63 32 des
572 3317 226 43 espérances,
822 3318 44 32 de
885 3329 195 33 composer
1098 3320 97 31 leurs
1220 3318 179 45 premiers
1421 3318 128 42 opéras
1569 3327 94 33 pour
1685 3317 51 32 les
1766 3318 160 34 théâtres
1947 3330 139 35 royaux

336 3374 43 32 de
396 3375 35 32 S.
454 3375 107 34 Carlo
585 3382 34 27 et
649 3376 49 33 du
720 3375 139 34 Fondo.
884 3376 26 33 Il
953 3377 110 33 disait
1098 3378 147 43 qu'avec
1272 3377 179 44 quelques
1472 3372 181 44 quattrini
1680 3375 87 42 qu'il
1797 3375 155 35 donnait
1974 3377 20 33 à
2030 3386 55 23 ces

353 3443 109 25 eunes
491 3447 100 31 gens,
615 3436 24 33 il
657 3436 95 34 avait
776 3436 115 34 réussi
911 3436 20 33 à
951 3447 135 33 gagner
1108 3437 62 34 des
1193 3437 153 33 milliers
1362 3438 43 31 de
1425 3434 117 33 Lires.
