2423 4186
985 408 216 41 LAURO
1236 406 163 43 ROSSI

2017 415 58 42 77

326 553 125 50 ciples
464 554 163 48 Bellini,
651 554 139 48 Costa,
812 553 58 38 les
889 553 124 38 frères
1034 553 125 49 Ricci,
1177 553 180 37 Florimo
1381 551 70 49 (1),
1473 558 93 39 etc.,
1584 555 74 30 etc.
1675 558 9 37 ;
1706 558 53 26 on
1781 557 174 26 avouera
1974 543 100 50 qu'il

328 633 52 26 ne
400 622 167 49 pouvait
589 622 83 37 être
693 634 49 25 en
763 621 210 37 meilleure
993 621 253 49 compagnie.
1270 621 71 36 Ses
1364 620 165 50 progrès
1547 616 137 36 furent
1705 614 32 37 si
1757 611 171 50 rapides,
1954 612 122 48 qu'au

329 690 101 36 bout
458 690 48 37 de
525 697 142 41 quatre
687 701 74 25 ans
781 690 30 37 il
832 701 38 25 se
896 690 122 37 sentit
1037 701 49 26 en
1107 691 80 35 état
1209 690 47 35 de
1279 686 217 40 concourir
1516 696 104 38 pour
1641 694 81 26 une
1742 680 224 38 admission
1989 690 67 38 gra-

329 756 101 38 tuite
452 770 51 24 au
526 757 168 49 collège,
722 757 100 48 qu'il
844 757 136 38 obtint
999 755 116 52 grâce
1143 761 21 34 à
1185 770 42 25 sa
1245 769 86 25 rare
1355 754 261 49 intelligence
1635 750 201 50 quoiqu'il
1859 760 50 25 ne
1929 749 63 35 tût
2011 758 70 39 pas

327 826 253 49 Napolitain.
603 825 33 39 Il
653 826 87 38 faut
761 838 78 38 que
861 827 36 36 le
924 827 155 37 lecteur
1100 825 118 38 sache
1243 837 93 37 que,
1357 825 101 36 dans
1479 823 89 37 leur
1589 819 236 39 institution
1850 816 224 52 primitive,

328 892 59 38 les
410 893 167 38 anciens
607 893 334 38 Conservatoires
976 894 49 37 de
1048 894 149 48 Naples
1220 894 68 47 (2),
1312 892 100 36 dont
1439 891 36 36 le
1497 889 152 48 collège
1671 886 132 38 actuel
1834 892 61 31 est
1923 884 36 37 le
1984 894 72 26 suc-

329 971 163 26 cesseur
513 968 40 30 et
574 960 211 49 l'héritier,
821 961 138 37 furent
992 962 69 36 des
1082 960 118 38 asiles
1229 960 48 35 de
1308 957 274 38 bienfaisance
1608 967 105 37 pour
1745 955 58 36 les
1823 952 157 38 enfants
2012 950 69 36 des

331 1028 220 38 musiciens
577 1042 171 37 pauvres
768 1037 39 29 et
828 1041 105 37 pour
955 1030 55 35 les
1030 1027 209 49 orphelins
1261 1025 198 48 dispersés
1479 1024 99 36 dans
1601 1023 38 36 la
1655 1022 109 37 ville.
1790 1019 200 38 C'étaient
2012 1019 69 35 des

332 1105 161 26 œuvres
531 1095 50 37 de
602 1094 152 38 charité
774 1093 167 38 fondées
964 1101 39 29 et
1025 1092 236 38 alimentées
1293 1102 70 37 par
1385 1091 47 35 de
1454 1089 202 48 généreux
1689 1085 206 37 habitants
1928 1084 49 36 de
1999 1084 55 35 Na-

333 1161 100 50 ples,
456 1174 52 25 au
525 1162 180 37 bénéfice
726 1161 187 48 exclusif
929 1161 49 37 de
1000 1160 108 37 leurs
1130 1158 267 48 concitoyens
1418 1167 9 37 ;
1450 1167 45 26 ce
1522 1155 69 49 qui
1611 1153 159 49 signifie
1789 1163 93 37 que,
1899 1162 71 37 par
1992 1150 89 36 leur

333 1238 159 39 nature,
514 1240 65 26 ces
600 1229 326 37 établissements
947 1226 149 38 étaient
1114 1232 217 43 purement
1349 1222 269 49 municipaux
1624 1250 7 7 .
1719 1219 185 36 Pendant
1921 1217 91 49 plus
2034 1218 47 36 de

329 1297 99 37 trois
451 1297 141 37 siècles
614 1296 49 37 ils
697 1304 74 29 ont
788 1295 193 37 conservé
1002 1306 43 25 ce
1065 1295 202 36 caractère
1293 1291 148 48 spécial
1455 1301 8 37 ;
1484 1288 108 38 aussi
1609 1285 254 39 l'admission
1886 1286 48 36 de
1961 1284 121 37 Rossi

331 1376 160 26 comme
512 1364 186 36 boursier
716 1375 52 25 au
791 1363 154 48 collège
962 1362 49 37 de
1030 1362 79 36 San
1131 1359 237 38 Sebastiano
1389 1356 155 39 fut-elle
1566 1355 235 38 considérée
1817 1363 160 27 comme
1996 1362 81 25 une

332 1430 121 38 chose
473 1430 166 37 insolite
660 1437 39 29 et
726 1437 116 30 toute
861 1426 340 52 exceptionnelle.

383 1498 33 36 Il
439 1498 135 37 étudia
595 1498 167 37 d'abord
781 1497 37 37 le
843 1496 123 38 chant
988 1508 94 25 avec
1103 1495 36 37 le
1163 1494 156 37 célèbre
1342 1489 257 41 Crescentini
1622 1488 90 50 qui,
1735 1490 116 46 après
1873 1486 117 37 s'être
2015 1497 42 25 re-

333 1565 74 37 tiré
428 1566 54 36 du
504 1566 170 48 théâtre,
694 1565 107 38 avait
818 1565 162 48 accepté
996 1564 36 36 la
1051 1563 111 50 place
1184 1563 48 35 de
1251 1560 231 50 professeur
1503 1559 49 36 de
1573 1557 122 36 chant
1717 1568 51 24 au
1787 1555 155 47 collège
1967 1552 114 48 royal

333 1633 49 36 de
405 1633 170 49 Naples;
600 1632 26 36 il
658 1645 26 36 y
701 1630 204 50 apportait
926 1631 56 36 les
1003 1630 90 49 plus
1114 1628 125 38 belles
1260 1626 217 38 traditions
1498 1625 49 36 de
1582 1630 104 31 cette
1724 1620 221 38 admirable
1970 1618 111 38 école

333 1699 193 37 italienne
548 1700 115 46 dont,
686 1698 414 46 malheureusement,
1123 1708 54 25 on
1200 1694 137 39 oublie
1357 1701 91 40 trop
1469 1692 234 37 facilement
1730 1686 258 51 aujourd'hui
2021 1686 58 36 les

334 1765 204 49 principes
557 1765 212 37 salutaires
805 1776 105 38 pour
928 1775 41 25 se
992 1763 137 37 lancer
1162 1762 100 36 dans
1282 1761 37 36 la
1340 1760 91 38 voie
1453 1757 233 50 déplorable
1723 1756 69 36 des
1825 1753 79 39 cris
1942 1762 38 28 et
2012 1753 68 35 des

336 1831 262 38 contorsions
634 1832 285 50 épileptiques.
1013 1830 118 37 Rossi
1152 1841 118 36 passa
1295 1827 156 38 ensuite
1472 1837 95 24 sous
1587 1824 38 36 la
1646 1821 129 38 férule
1810 1821 48 36 de
1881 1820 202 37 Giovanni

338 1899 153 46 Furno,
520 1910 94 27 avec
635 1899 134 48 lequel
790 1898 29 36 il
841 1910 41 24 se
904 1898 102 38 livra
1023 1900 23 33 à
1063 1896 148 37 l'étude
1227 1896 69 36 des
1314 1891 249 40 Partimenti
1564 1924 7 16 ,
1593 1902 103 38 pour
1709 1896 135 30 entrer
1855 1890 115 45 après
1985 1887 98 37 dans

336 1964 139 38 l'école
505 1966 48 36 de
583 1966 147 36 Nicolo
752 1964 233 49 Zingarelli,
1021 1963 70 49 qui
1120 1963 58 36 lui
1200 1960 192 50 enseigna
1413 1960 36 36 le
1472 1956 262 50 contrepoint
1763 1962 38 29 et
1820 1953 37 37 la
1877 1954 182 48 composi-

336 2031 89 37 tion
447 2032 76 48 (3);
548 2032 92 50 plus
661 2034 89 35 tard
768 2063 8 17 ,
799 2032 172 38 voulant
996 2042 40 25 se
1058 2028 257 39 familiariser
1336 2039 94 26 avec
1464 2026 57 37 les
1550 2025 178 36 diverses
1763 2021 132 37 écoles
1924 2020 137 50 napoli-

337 2098 143 49 taines,
498 2100 28 36 il
548 2100 132 48 quitta
700 2099 38 37 le
753 2112 118 25 cours
882 2100 48 36 de
950 2097 217 50 Zingarelli
1188 2109 105 37 pour
1315 2095 134 38 suivre
1472 2093 104 38 celui
1603 2093 47 35 de
1680 2090 231 49 Raimondi,
1936 2089 149 37 second

336 2167 141 36 maître
493 2168 47 35 de
560 2167 261 49 contrepoint
842 2167 54 36 du
915 2166 167 49 collège.

395 2234 89 37 Une
504 2242 140 30 courte
667 2234 226 49 digression
917 2241 61 29 est
1009 2232 52 38 ici
1090 2231 224 38 nécessaire
1334 2242 104 37 pour
1459 2241 77 37 que
1557 2229 82 36 l'on
1660 2238 250 38 comprenne
1932 2238 43 25 ce
2006 2236 78 38 que

339 2300 183 50 j'appelle
559 2302 57 37 les
654 2302 179 38 diverses
861 2301 127 37 écoles
1021 2300 283 50 napolitaines.
1342 2299 35 35 A
1406 2298 186 47 l'époque
1630 2299 54 34 où
1714 2296 82 35 Léo
1832 2302 40 29 et
1902 2295 182 35 Durante

336 2369 134 47 (1720)
486 2368 241 48 dirigeaient
749 2380 159 26 comme
929 2367 197 49 premiers
1148 2364 176 49 maîtres,
1343 2364 85 36 l'un
1448 2363 36 36 le
1509 2361 313 39 Conservatoire
1843 2361 48 35 de
1912 2361 37 35 la
1966 2359 119 36 Pieta

336 2434 47 36 de
400 2435 7 12 '
422 2434 196 36 Turchini
624 2465 7 17 ,
653 2435 142 37 l'autre
818 2447 101 25 ceux
938 2434 47 36 de
1008 2437 28 33 S
1066 2432 169 43 Onofrio
1255 2444 24 24 a
1302 2432 194 48 Capuana
1516 2437 38 29 et
1573 2430 48 36 de
1639 2430 128 36 Santa
1782 2427 144 37 Maria
1945 2426 42 36 di
2004 2427 54 34 Lo-

338 2504 101 42 reto,
464 2501 149 49 Naples
639 2502 57 36 vit
716 2514 41 24 se
779 2500 153 38 former
951 2502 107 35 deux
1077 2500 127 49 partis
1223 2498 213 37 musicaux
1458 2507 6 26 :
1505 2496 104 37 celui
1646 2496 68 36 des
1737 2495 158 36 Leistes
1919 2501 39 28 et
1978 2492 107 37 celui

376 2659 49 44 (1)
449 2660 258 35 L'intéressant
727 2670 156 35 ouvrage
903 2660 43 33 de
970 2660 48 34 M.
1044 2659 197 34 Franceseo
1258 2656 176 43 Florimo,
1454 2655 119 36 Cenno
1594 2654 136 35 siorico
1745 2653 95 35 sulla
1860 2653 125 34 scuolct
2008 2662 50 24 mu-

333 2723 113 33 sicale
464 2722 39 33 di
525 2722 152 43 Napoli,
705 2722 69 33 m'a
797 2721 122 33 fourni
941 2721 229 33 d'excellents
1192 2719 202 34 matériaux
1416 2729 94 33 pour
1533 2724 90 26 cette
1644 2717 117 32 étude.

376 2803 50 43 (2)
449 2804 38 32 Je
513 2809 145 38 compte
679 2801 101 35 offrir
808 2813 71 23 aux
903 2802 152 33 lecteurs
1079 2801 43 33 de
1143 2801 32 33 la
1199 2800 206 43 Chronique
1425 2797 172 35 musicale
1618 2795 179 35 l'histoire
1818 2800 121 28 exacte
1961 2793 43 33 de
2027 2802 57 24 ces

336 2863 167 34 instituts
524 2863 159 43 fameux,
705 2863 91 33 dont
815 2870 83 27 sont
919 2863 107 33 sortis
1053 2863 51 32 les
1126 2862 82 43 plus
1225 2862 133 43 grands
1382 2860 148 33 maîtres
1549 2860 48 31 du
1624 2856 107 34 siècle
1756 2855 159 42 dernier,
1942 2860 34 27 et
2000 2855 84 41 j'ose

336 2926 144 43 espérer
501 2936 72 32 que
596 2936 37 22 ce
657 2924 126 35 travail
805 2935 44 23 ne
867 2935 78 23 sera
967 2935 63 33 pas
1045 2934 84 22 sans
1152 2923 130 33 intérêt
1303 2933 93 33 pour
1411 2931 80 24 eux.

378 2999 50 44 (3)
453 2999 59 33 On
533 3010 151 22 nomme
703 2998 224 35 Partimenti
941 2999 51 32 les
1007 2999 124 33 basses
1148 2997 164 33 chiffrées
1324 3008 72 33 que
1412 2997 70 32 l'on
1500 2994 139 45 appelle
1650 2992 97 35 aussi
1769 2992 169 33 armonia
1957 2994 129 29 sonata

338 3061 208 42 (harmonie
570 3060 197 44 pratique);
801 3072 46 21 on
878 3062 51 31 les
960 3061 147 32 exécute
1135 3070 63 23 sur
1218 3060 138 43 l'orgue
1380 3069 47 22 ou
1449 3069 63 22 sur
1533 3058 31 32 le
1591 3056 111 44 piano
1726 3064 92 34 pour
1846 3051 113 35 servir
1989 3051 76 33 d'ac-

335 3128 310 39 compagnement
660 3132 46 22 au
727 3122 110 32 chant
858 3133 47 21 ou
926 3132 71 22 aux
1019 3121 260 33 instruments.
1307 3121 94 31 C'est
1430 3119 132 33 l'étude
1592 3114 251 47 préliminaire
1863 3114 50 31 du
1940 3118 125 27 contre-

334 3185 115 42 point.
473 3185 67 32 Les
572 3183 148 33 anciens
757 3183 230 44 marquaient
1019 3184 51 32 les
1094 3183 122 44 signes
1250 3183 63 32 des
1345 3191 87 24 sons
1453 3190 64 33 par
1557 3179 44 32 de
1634 3177 150 43 simples
1819 3174 124 43 points
1973 3180 45 35 et,
2041 3183 45 23 en

334 3251 216 39 composant
571 3244 19 33 à
611 3244 183 43 plusieurs
815 3244 146 42 parties,
980 3243 44 33 ils
1044 3244 52 32 les
1114 3243 177 44 plaçaient
1311 3243 51 32 les
1380 3252 69 22 uns
1471 3251 86 22 sous
1577 3240 53 32 les
1653 3243 124 28 autres
1801 3247 47 22 ou
1869 3236 74 32 l'un
1964 3241 124 27 contre

336 3309 147 41 l'autre;
502 3307 44 32 de
566 3305 33 33 là
620 3305 32 33 le
674 3315 87 22 nom
779 3304 45 33 de
839 3296 231 54 'contrepoint
1093 3304 76 44 qui,
1194 3305 20 32 à
1248 3314 69 33 peu
1341 3304 44 31 de
1406 3301 110 33 chose
1537 3300 92 44 près,
1659 3296 144 46 signifie
1823 3296 261 44 composition.

334 3366 244 46 Aujourd'hui
602 3367 33 32 le
654 3364 175 35 véritable
858 3375 83 22 sens
963 3365 43 32 de
1027 3375 38 22 ce
1086 3371 77 26 mot
1186 3376 45 21 ne
1248 3371 85 27 veut
1355 3373 63 34 pas
1439 3362 77 33 dire
1536 3367 103 27 autre
1660 3361 111 31 chose
1791 3368 71 34 que
1886 3359 31 32 la
1950 3357 138 34 science

335 3429 43 33 de
402 3429 86 33 bien
507 3428 112 34 écrire
635 3427 53 33 les
709 3425 161 35 diverses
893 3425 134 43 parties
1049 3425 85 33 d'un
1155 3436 169 22 morceau
1343 3424 19 33 à
1384 3433 72 24 une
1476 3433 46 22 ou
1542 3420 182 45 plusieurs
1747 3420 95 33 voix.
