2423 4186
387 502 53 42 62

844 505 70 40 LA
945 502 378 50 CHRONIQUE
1354 503 313 42 MUSICALE

388 650 165 41 l'année
585 666 123 39 1710,
731 650 186 41 attribué
938 653 24 36 à
980 648 197 41 Fuzelier
1195 658 41 32 et
1256 658 174 46 portant
1462 651 71 40 des
1565 649 216 42 additions
1815 646 289 55 autographes

387 723 50 41 de
464 723 113 40 Pont
598 722 51 40 de
670 722 138 40 Vesle.

443 793 144 42 Parmi
608 794 58 39 les
689 793 246 40 nombreux
952 793 254 40 documents
1229 792 161 41 relatifs
1405 797 24 36 à
1451 794 207 40 l'histoire
1679 793 59 41 du
1758 793 163 40 théâtre
1944 790 78 56 qui
2036 798 78 33 ont

387 866 64 41 été
471 865 206 54 dispersés
702 865 31 40 il
747 879 27 40 y
793 879 23 26 a
837 864 208 54 quelques
1069 865 170 50 années,
1264 863 86 41 lors
1368 865 49 40 de
1433 866 39 39 la
1497 873 125 32 vente
1645 865 170 48 Favart,
1850 878 110 28 nous
1981 876 132 28 avons

385 937 65 40 été
471 950 113 27 assez
604 936 193 41 heureux
820 950 111 40 pour
947 936 197 55 acquérir
1166 949 85 27 une
1272 936 136 54 partie
1425 936 71 40 des
1519 944 122 32 notes
1657 945 39 32 et
1717 936 164 54 papiers
1903 936 51 40 de
1978 936 109 40 Fuze-

383 1007 79 41 lier
493 1008 156 41 relatifs
680 1012 21 36 à
733 1008 384 55 l'opéra-comique
1150 1016 40 34 et
1224 1022 83 27 aux
1336 1007 183 42 théâtres
1552 1008 51 40 de
1634 1009 39 40 la
1700 1008 104 40 foire
1832 1022 7 25 :
1869 1009 99 39 c'est
1994 1012 24 35 à
2047 1020 65 27 ces

386 1089 121 33 notes
535 1081 288 54 autographes
841 1095 83 41 que
947 1096 107 27 nous
1077 1081 136 41 allons
1241 1088 251 48 emprunter
1514 1081 209 54 quelques
1745 1080 193 41 extraits.

440 1154 54 41 Et
515 1161 95 33 tout
631 1154 193 48 d'abord,
853 1155 196 40 Fuzelier
1071 1168 111 28 nous
1200 1155 189 55 apprend
1411 1167 84 41 que
1514 1155 101 40 c'est
1633 1154 64 40 lui
1719 1153 77 54 qui
1819 1166 24 27 a
1865 1153 64 40 été
1949 1152 38 40 le
2009 1165 75 41 par-

386 1227 96 40 rain
501 1227 51 40 de
591 1226 404 55 Vopéra-comique,
1031 1228 91 52 qui,
1159 1235 130 33 avant
1331 1228 52 40 de
1416 1235 142 46 porter
1593 1240 45 27 ce
1678 1239 119 40 nom,
1827 1224 222 55 s'appelait
2072 1224 41 40 la

385 1307 153 45 troupe
559 1298 50 40 de
634 1298 72 41 Bel
728 1299 94 51 Air,
844 1300 42 40 la
908 1307 154 46 troupe
1078 1299 218 52 d'Allard,
1321 1314 54 26 au
1393 1301 70 53 gré
1496 1300 72 40 des
1599 1307 331 45 entrepreneurs
1967 1296 77 54 qui
2073 1296 39 40 le

386 1371 316 41 conduisaient.
797 1372 198 41 Fuzelier
1023 1385 110 28 nous
1157 1373 65 40 dit
1246 1373 116 40 aussi
1383 1380 218 33 comment
1625 1373 31 40 il
1677 1372 67 41 fut
1764 1371 151 40 amené
1936 1375 23 35 à
1980 1369 133 40 écrire

387 1457 61 27 un
469 1443 72 40 des
566 1443 203 54 premiers
790 1457 113 41 pour
922 1458 45 26 ce
987 1458 129 40 genre
1147 1445 50 39 de
1216 1445 222 53 spectacle.

442 1530 18 22 «
493 1514 231 54 J'ignorois
740 1515 329 53 complètement
1090 1515 175 54 l'espèce
1288 1515 235 40 bouffonne
1542 1515 71 40 des
1639 1515 228 54 spectacles
1890 1514 161 41 forains
2068 1521 41 33 et

384 1584 146 55 j'avois
553 1598 110 40 pour
683 1598 83 27 eux
787 1599 84 26 une
893 1585 238 54 antipathie
1153 1585 152 40 fondée
1330 1599 74 26 sur
1419 1585 38 41 la
1488 1587 267 53 prévention,
1780 1586 171 53 lorsque
1970 1585 139 40 l'abbé

390 1656 139 40 Nadal
549 1656 208 53 entreprit
777 1656 50 40 de
853 1656 86 54 m'y
961 1657 104 40 faire
1093 1657 229 40 travailler.
1345 1658 310 53 Monseigneur
1684 1659 39 39 le
1742 1658 83 40 duc
1844 1657 262 51 d'Aumont,

391 1729 77 53 qui
489 1742 23 27 a
533 1730 64 39 été
618 1729 306 40 ambassadeur
960 1743 53 26 en
1047 1730 267 53 Angleterre,
1330 1729 158 54 daigna
1523 1744 41 27 se
1596 1730 130 41 mêler
1757 1731 51 39 de
1839 1737 108 33 cette
1980 1728 132 55 petite

388 1800 287 54 négociation,
699 1815 62 26 ses
781 1801 181 41 conseils
984 1801 313 54 triomphèrent
1316 1801 50 40 de
1388 1815 88 27 mes
1497 1802 237 54 scrupules.
1757 1802 48 40 Je
1826 1800 188 41 n'aurois
2036 1813 75 40 pas

387 1873 148 50 hésité,
556 1873 34 40 si
611 1872 147 55 j'avois
779 1886 54 28 eu
855 1873 70 40 dès
946 1886 46 28 ce
1011 1874 198 53 temps-là
1230 1873 221 55 l'exemple
1470 1873 51 41 de
1536 1874 63 40 M.
1625 1869 159 59 Lesage
1805 1873 76 55 qui
1899 1886 23 27 a
1940 1873 163 52 prouvé

386 1959 74 40 par
480 1945 95 53 plus
594 1944 130 41 d'une
750 1945 118 54 pièce
889 1959 84 40 que
995 1945 50 40 de
1066 1946 105 39 bons
1206 1945 208 40 écrivains
1451 1945 237 54 pouvoient
1723 1946 217 53 s'occuper
1973 1945 51 40 de
2060 1957 45 28 ce

387 2016 153 42 travail
561 2016 215 55 comique.
817 2016 61 42 La
914 2017 120 50 foire,
1070 2018 109 40 alors
1212 2018 241 54 persécutée
1473 2032 76 40 par
1568 2019 40 41 la
1629 2018 476 52 Comédie-Françoise,

387 2103 52 27 ne
453 2090 281 53 représentoit
755 2103 84 41 que
860 2102 75 42 par
955 2090 72 40 des
1048 2090 229 41 écriteaux.
1302 2106 22 22 »

442 2164 72 40 On
545 2164 38 39 le
606 2163 103 48 voit,
747 2163 34 40 si
809 2164 156 53 Popéra
985 2175 24 29 a
1028 2164 64 40 été
1117 2164 216 40 introduit
1369 2178 53 27 en
1458 2164 165 41 France
1657 2177 77 42 par
1772 2165 328 42 l'intervention

385 2235 106 41 d'un
512 2235 206 53 cardinal,
734 2235 401 55 l'opéra-comique,
1155 2241 22 36 à
1194 2249 44 27 sa
1262 2236 236 52 naissance,
1521 2244 75 33 eut
1615 2250 111 41 pour
1747 2244 263 47 protecteurs
2034 2251 63 27 un

387 2306 105 41 abbé
513 2314 41 33 et
577 2320 57 27 un
655 2308 318 42 ambassadeur.

439 2378 61 40 Le
521 2382 144 37 succès
690 2378 51 41 de
768 2390 45 30 ce
851 2380 205 54 spectacle
1091 2380 66 41 fut
1197 2380 267 54 prodigieux.
1509 2380 66 40 En
1612 2379 140 41 même
1782 2387 139 47 temps
1951 2393 83 41 que
2063 2382 41 40 la

384 2451 206 42 Comédie
611 2453 88 38 s'en
720 2451 215 53 alarmait,
954 2451 174 56 l'Opéra
1144 2467 28 39 y
1192 2453 64 40 vit
1273 2465 84 27 une
1377 2452 198 41 nouvelle
1597 2465 151 28 source
1771 2451 51 42 de
1843 2465 183 28 revenus
2048 2461 57 43 et,

385 2533 167 31 comme
580 2537 57 27 on
672 2524 38 40 le
755 2524 107 51 sait,
902 2524 184 41 concéda
1129 2533 270 46 moyennant
1445 2538 86 28 une
1565 2524 234 41 redevance
1837 2524 39 41 le
1914 2525 114 41 droit
2060 2524 52 41 de

380 2595 175 41 dianter
575 2595 77 55 qui
672 2596 178 40 relevait
869 2596 59 41 du
947 2596 203 55 privilège
1169 2596 185 41 exclusif
1370 2596 50 41 de
1435 2596 261 41 l'Académie
1719 2596 164 54 Royale
1902 2596 50 40 de
1974 2596 112 41 Musi-

383 2679 99 42 que*
508 2665 37 42 Il
569 2680 53 27 ne
642 2667 190 41 faudrait
871 2681 75 41 pas
980 2669 135 40 croire
1154 2683 86 40 que
1273 2682 67 27 ces
1374 2669 229 54 spectacles
1634 2669 51 40 de
1718 2669 40 40 la
1794 2667 106 41 foire
1940 2669 167 40 fussent

384 2738 243 54 fréquentés
646 2740 238 40 seulement
898 2754 77 40 par
996 2741 41 40 la
1058 2740 267 54 bourgeoisie
1345 2754 57 27 ou
1437 2742 61 38 les
1518 2740 197 40 artisans.
1744 2739 58 41 Ici
1824 2753 151 27 encore
1999 2754 112 28 nous

383 2824 53 28 ne
456 2824 197 40 pouvons
677 2812 148 40 mieux
856 2812 105 40 faire
987 2825 84 40 que
1103 2813 51 39 de
1185 2810 146 42 laisser
1350 2813 39 39 la
1410 2812 146 55 parole
1577 2817 23 35 à
1625 2811 211 42 Fuzelier.

439 2899 17 21 «
492 2882 68 41 En
587 2884 106 53 1713
717 2882 175 55 l'Opéra
910 2883 185 41 attendri
1117 2898 77 41 par
1212 2885 60 40 les
1293 2884 219 41 malheurs
1533 2891 40 34 et
1590 2885 60 40 les
1670 2885 98 40 écus
1789 2885 51 39 de
1857 2884 40 41 la
1919 2883 105 42 foire
2043 2885 66 41 lui

383 2954 157 56 permit
556 2955 51 40 de
627 2954 174 42 chanter
821 2954 71 42 des
910 2956 276 42 vaudevilles.
1210 2957 60 41 La
1286 2964 157 48 troupe
1472 2957 51 41 de
1543 2956 77 42 Bel
1640 2956 81 42 Air
1735 2956 106 42 dont
1862 2957 57 41 les
1945 2956 139 56 princi-

384 3043 112 40 paux
514 3035 168 34 acteurs
700 3029 162 40 étoient
882 3029 170 51 Baxter,
1077 3029 185 53 Anglois
1277 3045 10 35 ;
1322 3029 110 53 Joli,
1470 3029 216 55 Arlequin
1701 3044 12 39 ;
1737 3029 175 55 Saurin,
1942 3029 142 42 Mezze-

381 3100 87 54 tin;
493 3100 247 54 Hamoche,
767 3101 190 53 Pierrot;
980 3109 40 33 et
1048 3101 316 41 mademoiselle
1384 3099 219 57 Maillard,
1625 3102 259 41 Colombine
1912 3101 194 55 enjouée,

381 3171 158 42 débuta
556 3177 24 35 à
600 3172 39 41 la
660 3172 105 41 foire
785 3172 346 42 Saint-Laurent
1153 3187 76 40 par
1252 3168 184 59 VOpéra
1456 3172 55 42 de
1533 3187 261 41 campagne.
1825 3175 62 39 La
1916 3173 193 41 dernière

381 3244 339 53 représentation
741 3244 51 41 de
811 3252 109 34 cette
940 3245 119 55 pièce
1080 3259 52 27 ne
1154 3258 42 28 se
1215 3245 61 53 fit,
1301 3259 76 41 par
1395 3246 121 41 ordre
1536 3247 51 40 de
1603 3246 40 42 la
1664 3260 121 37 cour,
1808 3245 101 54 qu'à
1927 3245 180 54 minuit,

381 3322 41 32 et
436 3313 38 41 le
498 3316 202 53 spectacle
721 3316 106 42 étoit
848 3316 116 55 plein
985 3318 72 40 dès
1077 3318 120 41 midi*
1234 3318 311 54 Monseigneur
1571 3326 42 34 et
1637 3320 197 39 madame
1869 3318 50 39 de
1953 3318 154 53 Berry,

381 3390 308 51 accompagnés
708 3389 53 41 de
781 3391 305 54 monseigneur
1105 3391 38 42 le
1163 3391 86 41 duc
1284 3392 244 52 d'Orléans,
1549 3391 153 56 depuis
1734 3391 181 52 Régent,
1933 3397 42 33 et
2003 3390 106 41 d'un

382 3459 165 53 cortège
566 3459 51 41 de
638 3460 218 54 seigneurs
876 3471 39 33 et
935 3463 51 41 de
1006 3464 146 41 dames
1171 3464 51 41 de
1256 3464 40 41 la
1325 3465 98 52 plus
1448 3465 132 41 haute
1613 3462 181 55 qualité,
1814 3462 297 42 l'honorèrent
