2423 4186
865 1216 336 71 REVUE
1295 1216 527 75 MUSICALE

480 1682 169 33 ATHÉNÉE
670 1693 9 24 :
700 1684 393 45 Royal-Champagne.
1176 1686 322 41 OPÉRA-COMIQUE.
1515 1690 136 34 Débuts
1670 1703 10 21 :
1702 1691 116 36 Mmes
1835 1694 94 34 Isaac
1945 1700 36 28 et
1994 1695 150 37 Franck,

893 1740 86 31 MM.
1006 1740 142 45 Bouhy,
1167 1741 207 47 Duvernoy,
1389 1743 132 44 Viçini,
1543 1745 195 45 Dekeghel.

508 1888 145 42 Fidèle
673 1905 54 26 au
745 1905 268 42 programme
1035 1907 85 42 que
1134 1908 110 28 nous
1267 1908 111 28 nous
1403 1910 187 29 sommes
1613 1901 111 39 tracé
1745 1907 42 35 et
1804 1915 86 40 que
1911 1915 111 28 nous
2042 1916 136 31 avons

449 1963 153 52 exposé
621 1963 92 53 déjà
734 1977 85 28 aux
839 1966 182 40 lecteurs
1036 1967 50 41 de
1107 1968 41 41 la
1917 1967 247 56 Chronique
1684 1985 109 29 nous
1813 1975 273 52 inaugurons
2105 1990 50 29 au-

449 2033 220 52 jourd'hui
688 2035 38 42 le
741 2041 186 49 système
947 2039 52 41 de
1018 2039 186 55 critique
1223 2042 335 53 impersonnelle
1577 2057 85 41 que
1677 2058 111 28 nous
1809 2060 134 28 avons
1964 2047 140 42 résolu
2126 2048 52 42 de

449 2114 235 35 soumettre
721 2123 56 27 au
799 2112 163 52 public.
994 2110 94 42 Une
1110 2113 80 41 fois
1209 2127 112 41 pour
1348 2122 157 44 toutes,
1536 2116 31 40 il
1597 2124 63 33 est
1680 2118 98 41 bien
1801 2121 188 39 entendu
2010 2133 84 41 que
2116 2121 59 41 les

448 2187 191 47 comptes
661 2182 160 40 rendus
839 2182 71 40 des
932 2197 169 28 œuvres
1124 2185 228 42 musicales
1373 2187 134 53 qu'on
1529 2201 157 40 pourra
1707 2189 80 42 lire
1812 2194 24 37 à
1856 2198 108 34 cette
1983 2193 120 53 place
2124 2207 55 28 ne

447 2259 143 33 seront
611 2253 124 54 point
768 2254 276 55 l'expression
1063 2256 52 42 de
1134 2258 213 54 l'opinion
1374 2260 51 41 de
1454 2262 112 40 celui
1587 2262 76 54 qui
1684 2263 61 40 les
1766 2264 120 52 écrit,
1916 2267 108 40 mais
2046 2269 38 40 le
2105 2269 47 40 ré-

447 2325 123 41 sumé
592 2325 177 56 sincère,
788 2326 234 56 impartial,
1045 2329 72 42 des
1140 2331 148 41 débats
1327 2331 51 42 de
1403 2333 41 40 la
1475 2333 183 54 critique
1681 2336 245 54 parisienne
1945 2352 58 28 au
2030 2339 121 42 lende-

446 2396 120 41 main
586 2397 73 41 des
680 2400 367 53 représentations
1069 2409 39 33 et
1138 2401 71 42 des
1241 2404 221 42 auditions
1483 2408 235 40 nouvelles.
1743 2408 125 42 Nous
1896 2418 282 47 apporterons

444 2469 108 40 dans
573 2481 45 28 ce
639 2471 153 41 travail
814 2471 37 41 le
885 2474 95 53 plus
1016 2474 136 52 grand
1177 2476 201 54 scrupule
1398 2480 23 37 à
1448 2490 54 28 ne
1524 2477 91 41 rien
1641 2479 229 42 dénaturer
1890 2481 50 41 de
1959 2481 41 42 la
2023 2485 154 52 pensée

444 2540 52 40 de
514 2540 186 54 chacun,
722 2550 41 33 et
778 2547 23 36 à
824 2555 52 28 ne
898 2556 111 28 nous
1032 2545 135 40 servir
1188 2560 84 41 que
1290 2547 74 41 des
1382 2555 154 34 termes
1559 2550 77 53 qui
1656 2551 40 39 la
1718 2551 183 42 rendent
1921 2551 112 46 bien.
2060 2554 115 44 C'est

444 2626 88 27 une
555 2613 185 55 besogne
760 2615 197 42 d'autant
992 2618 97 54 plus
1119 2618 181 42 délicate
1321 2620 109 54 qu'il
1445 2622 184 55 importe
1643 2624 52 40 de
1717 2637 53 27 ne
1792 2625 124 53 point
1935 2627 42 40 la
1999 2629 151 52 présen-

444 2693 62 33 ter
527 2700 169 28 comme
717 2701 85 28 une
823 2690 282 53 compilation
1128 2691 224 54 indigeste,
1388 2695 56 40 où
1465 2707 42 27 se
1545 2696 204 42 heurtent
1775 2711 97 27 sans
1893 2698 202 44 cohésion
2116 2701 58 43 les

442 2758 245 55 jugements
707 2761 59 40 les
788 2761 97 54 plus
907 2762 248 56 disparates.
1185 2764 35 41 Il
1235 2778 51 28 va
1309 2780 97 26 sans
1425 2768 91 41 dire
1536 2781 103 42 que,
1656 2770 174 54 lorsque
1854 2785 112 29 nous
1983 2773 190 45 citerons

444 2832 346 52 textuellement,
809 2846 110 29 nous
936 2834 208 42 rendrons
1164 2839 23 39 à
1202 2837 130 42 César
1343 2852 49 27 ce
1404 2839 78 55 qui
1503 2841 65 40 lui
1590 2843 258 54 appartient,
1864 2857 53 28 en
1940 2844 234 58 indiquant

443 2903 41 41 la
504 2917 147 28 source
672 2909 57 37 où
752 2918 110 28 nous
885 2921 133 28 avons
1040 2908 138 55 puisé,
1201 2923 54 28 ne
1276 2912 180 40 voulant
1475 2926 111 42 pour
1605 2914 93 41 rien
1719 2930 56 28 au
1797 2918 157 42 monde
1976 2933 112 28 nous
2113 2922 38 41 li-

442 2988 96 28 vrer
559 2980 24 37 à
603 2991 44 26 ce
665 2979 181 52 procédé
861 2980 52 41 de
933 2980 155 42 forban
1103 2983 134 53 qu'on
1260 2985 188 41 assimile
1468 2987 107 40 dans
1595 2988 41 41 la
1660 2988 241 44 littérature
1920 2992 207 44 familière
2147 3002 23 37 à

439 3048 258 56 l'opération
719 3050 50 41 de
790 3051 265 56 démarquer
1075 3055 41 40 le
1141 3055 138 55 linge.
1303 3055 113 45 C'est
1448 3067 172 34 surtout
1642 3074 84 28 aux
1747 3064 188 55 époques
1964 3071 58 36 où
2042 3067 39 42 la
2102 3068 69 42 vie

440 3121 228 55 artistique
688 3124 182 54 reprend
891 3133 121 34 toute
1034 3139 77 29 son
1130 3128 187 53 activité,
1340 3130 105 42 dans
1465 3132 41 40 la
1528 3134 144 41 saison
1689 3139 57 37 où
1768 3135 38 42 le
1826 3137 225 44 feuilleton
2071 3154 66 27 mu-

439 3194 106 40 sical
566 3208 28 28 n
609 3203 63 34 est
692 3209 72 42 pas
797 3200 220 53 suspendu
1049 3214 167 28 comme
1238 3206 23 37 à
1280 3204 190 55 présent,
1492 3206 133 54 qu'on
1662 3210 245 54 appréciera
1929 3214 211 53 complète-

440 3274 121 33 ment
575 3266 15 41 1
608 3266 266 56 importance
895 3279 39 33 et
954 3271 187 43 l'intérêt
1167 3274 52 40 de
1239 3288 45 28 ce
1300 3275 126 42 mode
1446 3278 52 40 de
1517 3278 186 55 critique
1717 3281 76 54 qui
1806 3284 230 42 ressemble
2052 3298 116 28 assez

439 3349 56 26 au
517 3337 336 55 dépouillement
872 3346 244 41 commenté
1136 3346 107 41 d'un
1265 3349 184 40 scrutin.
1475 3350 68 41 En
1563 3352 241 56 attendant,
1827 3368 111 28 nous
1958 3356 182 56 indique-

439 3421 99 28 rons
560 3410 13 40 1
590 3412 85 41 état
692 3416 138 39 actuel
846 3416 58 41 du
923 3417 192 46 tribunal
1135 3420 182 43 musical
1337 3421 107 43 dont
1458 3438 111 28 nous
1590 3435 226 46 comptons
1835 3427 248 56 reproduire
2104 3431 61 41 les
