2423 4186
789 493 354 44 L'HISTOIRE
1176 493 81 43 EN
1289 488 328 46 CHANSONS

2023 481 50 56 75

331 649 73 41 En
437 646 163 43 avant!
618 645 217 54 citoyens,
854 641 52 41 de
929 640 263 42 Lemonnier
1212 645 40 36 et
1272 636 174 43 Samuel
1467 634 159 51 David;
1671 633 62 40 les
1769 629 236 43 Débitants
2027 626 52 39 de

331 721 139 41 Paris
475 753 9 21 ,
517 719 200 41 souvenir
755 718 60 40 du
855 717 111 53 siège
1003 729 74 41 par
1101 714 188 53 Mérigot
1324 720 39 33 et
1397 712 53 40 G.
1477 708 198 57 Raspail;
1711 709 38 39 le
1777 703 224 42 Tambour
2029 701 53 40 de

338 793 275 44 Gravelotte,
637 806 75 40 par
734 790 120 42 René
874 789 52 41 de
958 788 270 42 Saint-Prest
1258 794 40 32 et
1335 785 50 40 F.
1412 783 198 52 Barbier;
1661 780 115 40 Vous
1814 780 14 66 m
1842 780 13 66 1

336 866 95 42 bien
439 899 9 21 ,
472 865 163 56 paroles
656 865 53 40 de
732 865 299 51 Mouvement,
1054 861 200 53 musique
1269 860 51 40 de
1341 857 242 49 Balancier;
1607 854 185 42 Mourir
1808 866 55 28 ou
1886 851 195 52 vaincre,

336 953 246 41 anonyme;
617 939 62 40 les
713 937 169 55 Infects
887 969 9 20 ,
921 950 74 40 par
1032 935 48 39 L,
1109 933 164 41 Martin
1305 940 40 33 et
1381 931 83 40 Ad.
1489 930 183 48 Carron;
1711 927 145 54 Appel
1877 928 26 39 à
1926 926 14 39 l
1957 924 101 41 Alle-

338 1027 176 40 magne,
540 1012 162 56 paroles
727 1011 50 40 de
802 1009 182 42 Pauline
1001 1006 234 52 Maritoud,
1260 1004 203 53 musique
1483 1004 51 39 de
1554 1001 290 55 Campisiano.

397 1086 133 41 Enfin
553 1086 192 55 apparaît
768 1084 41 39 le
838 1083 118 39 Plan
976 1081 54 39 de
1060 1079 190 49 Trochu,
1274 1077 121 41 seule
1416 1076 185 40 histoire
1632 1074 126 40 vraie
1791 1073 57 40 du
1880 1072 122 54 siège
2032 1070 54 40 de

344 1160 137 40 Paris
491 1192 8 8 .
530 1158 119 41 Cette
672 1156 129 54 pièce,
819 1152 228 54 imprimée
1068 1164 72 26 sur
1161 1162 87 27 une
1269 1148 144 41 feuille
1436 1146 136 54 grand
1591 1146 192 51 in-folio,
1804 1159 53 26 ne
1873 1151 118 47 porte
2010 1157 74 40 pas

340 1226 51 41 de
412 1238 105 27 nom
537 1224 223 46 d'auteur;
785 1220 99 40 c'est
906 1231 86 28 une
1014 1218 143 53 espèce
1177 1216 51 40 de
1249 1214 260 55 complainte
1537 1213 238 52 historique
1806 1219 40 33 et
1879 1210 207 55 satirique

341 1312 52 26 en
415 1303 138 34 trente
583 1294 210 54 couplets,
818 1305 97 27 sans
936 1297 191 47 compter
1148 1289 38 40 le
1206 1287 172 41 refrain.
1420 1288 72 39 Au
1526 1284 150 42 milieu
1710 1284 50 40 de
1791 1284 41 40 la
1860 1283 145 41 feuille
2045 1297 41 26 se

348 1380 150 33 trouve
519 1369 39 42 la
576 1369 152 54 charge
748 1367 59 40 du
826 1364 187 56 général,
1033 1364 104 39 orné
1163 1361 131 41 d'une
1315 1359 197 42 médaille
1526 1359 51 40 de
1593 1356 413 43 Sainte-Geneviève
2026 1370 7 27 ;

776 1488 181 48 Lorsque
976 1483 214 50 Napoléon
1215 1482 99 37 trois

786 1559 12 40 (
813 1554 43 38 Si
876 1550 269 51 m'exprimer
1162 1550 108 37 ainsi
1279 1562 22 37 j
1319 1553 87 41 ose)

786 1615 19 52 S
824 1615 19 52 9
862 1615 123 52 rendît,
1009 1630 93 25 sans
1123 1618 114 49 qu'on
1260 1616 64 37 sût
1341 1615 213 50 pourquoi,

786 1686 251 40 Maintenant
1058 1696 48 25 on
1129 1684 78 37 sait
1223 1695 106 38 pour
1350 1681 120 52 quelV
1488 1693 120 26 cause
1628 1695 11 22 :

787 1753 149 38 C'était
957 1753 99 35 dans
1079 1752 34 36 le
1136 1752 27 35 V
1174 1750 96 49 plan
1293 1750 47 36 de
1371 1749 170 42 Trochu,

788 1820 132 38 Grâce
941 1823 21 33 à
986 1818 68 44 lui,
1081 1818 86 37 rien
1192 1819 99 35 n'est
1304 1816 128 50 fichu.

788 1923 216 38 Gambetta
1026 1922 56 36 dit
1100 1925 22 33 à
1151 1921 174 43 Trochu,

791 1991 115 36 Dans
926 1990 66 35 un'
1013 1988 108 37 lettr'
1141 1987 139 37 tombé'
1309 1987 68 36 des
1397 1997 97 26 nues
1515 2000 9 22 :

788 2074 16 15 «
832 2056 81 38 J'ai
919 2055 91 50 fait
1024 2055 171 50 prendr'
1214 2055 140 36 Rouen
1373 2065 79 38 par
1469 2052 91 51 plu-

788 2124 139 37 Sieurs
946 2121 229 44 Prussiens,
1202 2121 109 38 selon
1334 2133 68 26 vos
1423 2133 108 26 vues.
1560 2136 13 19 »

790 2191 108 38 C'est
919 2190 87 37 bien
1029 2190 98 37 dans
1149 2190 78 37 vot'
1241 2189 110 50 plan,
1386 2188 173 44 Trochu,

793 2258 129 39 Grâce
943 2261 22 34 à
988 2256 70 47 lui,
1081 2256 88 38 rien
1193 2257 98 36 n'est
1310 2256 116 44 fichu.

1378 2361 39 40 J.
1455 2360 51 42 B.
1545 2360 353 42 WEKERLIN.

466 2493 64 41 (La
544 2490 51 36 fin
611 2503 46 23 au
680 2489 173 47 prochain
877 2489 188 42 numéro.)
