2423 4186
960 503 77 39 LA
1066 499 382 50 CHRONIQUE
1480 499 313 42 MUSICALE

502 517 57 42 74

505 649 224 54 Napoléon
755 646 65 42 111
846 654 60 33 est
931 645 103 40 orné
1072 644 51 40 de
1164 643 303 55 lithographies
1501 644 95 54 plus
1623 644 205 41 horribles
1858 644 57 41 les
1945 657 105 28 unes
2076 657 83 41 que
2179 644 55 40 les

506 729 157 34 autres.

559 797 83 38 Les
660 793 126 40 Ailes
808 792 51 39 de
883 791 45 40 la
950 790 158 40 liberté
1111 822 9 19 ,
1143 789 292 55 parTheolier
1456 798 40 32 et
1513 790 260 50 A.d'Hack;
1794 792 86 39 Pas
1895 790 213 41 redoublé
2117 802 120 42 pour

506 868 41 38 le
569 878 51 40 92
625 871 12 17 e
656 865 230 50 bataillon,
910 863 200 52 musique
1129 862 52 40 de
1213 862 156 47 Marié;
1393 862 37 39 le
1461 861 178 41 Chemin
1670 863 52 39 de
1747 863 275 40 Montretout
2027 896 9 19 ,
2074 875 74 42 par
2180 863 52 39 A.

506 939 176 53 Vilmay
714 945 40 33 et
790 936 306 47 Lassimonne;
1123 939 22 36 à
1169 949 45 27 ce
1249 948 105 27 nom
1388 948 58 27 on
1484 934 180 42 s'attend
1688 940 22 36 à
1732 934 71 40 des
1834 935 148 41 détails
2015 935 219 53 lugubres;

506 1011 106 40 mais
633 1023 108 38 non,
776 1009 31 41 il
828 1009 106 42 n'est
954 1007 199 56 question
1175 1021 84 41 que
1283 1007 49 40 de
1353 1007 237 54 printemps
1611 1014 40 33 et
1671 1007 50 40 de
1743 1006 142 54 fleurs,
1910 1020 106 42 pour
2037 1007 200 40 terminer

507 1083 109 40 ainsi
640 1098 7 26 :

947 1149 128 37 Toute
1093 1146 218 37 résistance
1331 1158 17 25 s
1352 1146 8 14 7
1364 1146 192 47 émousse,

939 1217 70 47 £7,
1031 1215 35 36 le
1085 1215 93 37 bras
1195 1214 121 49 passé
1339 1225 70 26 sur
1428 1214 35 36 le
1482 1225 86 35 cou,

942 1284 58 36 On
1023 1294 41 25 se
1084 1282 118 37 laisse
1223 1280 102 38 aller
1345 1292 70 25 sur
1435 1280 37 37 la
1493 1291 201 27 mousse...

945 1350 108 35 C'est
1072 1348 106 37 ainsi
1199 1348 113 49 qu'on
1335 1347 140 37 arrive
1495 1359 50 24 au
1566 1346 93 36 bout

940 1414 66 37 Du
1027 1414 97 36 beau
1141 1413 153 37 chemin
1316 1413 47 35 de
1378 1413 264 36 Montretout.

563 1531 194 39 Serrons
778 1542 78 27 nos
873 1542 141 39 rangs
1020 1561 9 19 ,
1051 1528 52 39 de
1124 1527 225 52 Béranger,
1373 1526 200 52 musique
1593 1526 51 38 de
1665 1526 96 38 José
1785 1524 212 50 Barrièrej
2027 1524 139 40 Chant
2187 1524 54 40 de

508 1614 166 42 guerre
695 1602 127 40 dédié
842 1603 25 37 à
892 1602 44 38 la
954 1601 147 53 garde
1123 1599 158 40 mobile
1286 1630 8 14 ,
1322 1611 233 40 anonyme;
1592 1597 158 40 Patrie
1755 1628 9 19 ,
1787 1597 162 53 paroles
1971 1604 40 33 et
2041 1596 198 53 musique

510 1675 50 40 de
585 1674 50 40 E.
653 1673 184 52 Tarade;
865 1673 45 40 la
933 1672 245 43 Nationale
1184 1704 9 21 ,
1211 1672 161 54 paroles
1389 1679 40 31 et
1450 1670 201 53 musique
1671 1669 51 40 de
1742 1669 257 40 l'aumônier
2025 1668 51 40 de
2110 1667 131 42 l'asile

509 1746 199 55 impérial
727 1747 52 40 de
799 1745 243 42 Vincennes
1056 1758 9 39 ;
1103 1744 256 41 Travailler
1376 1755 116 41 pour
1516 1743 39 39 le
1575 1742 71 40 roi
1667 1742 53 40 de
1740 1743 167 39 Prusse
1911 1773 9 17 ,
1945 1754 73 40 par
2042 1740 139 40 Pierre
2201 1747 40 32 et

514 1819 181 49 Ouvier;
734 1818 94 40 Ode
853 1821 25 37 à
902 1819 44 39 la
969 1817 171 51 Patrie,
1166 1816 51 40 de
1240 1815 227 50 Quinchez
1488 1823 40 33 et
1552 1813 193 54 Ludvig;
1779 1814 109 39 Aux
1917 1825 159 39 armes,
2100 1813 68 39 cri
2189 1812 53 39 de

511 1906 115 40 rage
632 1925 8 20 ,
665 1892 160 54 paroles
846 1890 50 41 de
914 1891 80 41 Ch.
1018 1890 180 52 Olivier,
1222 1890 201 53 musique
1444 1889 50 40 de
1515 1887 53 42 G.
1595 1886 204 55 Dufayel;
1828 1886 143 41 Chant
2001 1887 75 39 des
2104 1886 108 40 Pari-

508 1966 131 48 siens,
665 1964 161 54 paroles
846 1962 59 40 du
927 1962 168 54 citoyen
1127 1964 58 37 A.
1220 1962 190 53 Tourey,
1442 1961 202 53 musique
1681 1959 58 40 du
1774 1958 172 54 citoyen
1966 1958 52 41 V.
2046 1958 164 53 Bovery
2228 1973 10 35 ;

519 2037 95 40 Vite
636 2050 95 27 aux
757 2037 248 51 Remparts,
1038 2048 53 26 on
1121 2047 107 28 nous
1249 2034 152 40 attend
1406 2066 8 20 ,
1446 2034 71 40 des
1544 2033 159 39 mêmes
1724 2032 191 53 citoyens
1937 2044 83 40 que
2039 2031 37 39 le
2097 2032 119 52 précé-

508 2110 123 51 dent;
656 2109 42 39 la
724 2108 282 51 Délivrance,
1032 2121 75 40 par
1137 2107 50 40 E.
1212 2107 170 52 Grangé
1409 2115 39 31 et
1474 2108 50 38 A.
1549 2105 194 49 Goullet;
1771 2104 135 39 Paris
1930 2106 26 37 à
1982 2103 177 40 Varmée
2183 2102 60 40 du

508 2183 115 40 Rhin
630 2215 8 17 ,
663 2182 160 54 hymne
845 2181 260 54 patriotique
1126 2180 50 40 de
1197 2180 181 52 Saulais,
1409 2179 200 53 musique
1637 2178 51 40 de
1708 2177 186 53 Vignix;
1924 2178 38 38 le
1996 2176 187 40 Travail
2204 2182 40 34 et

513 2256 44 40 la
580 2255 165 52 liberté,
778 2255 50 40 de
854 2254 193 41 Chabrut
1076 2260 40 33 et
1148 2253 48 39 L.
1228 2253 211 51 Tolmau;
1463 2252 189 40 Marche
1677 2251 58 39 du
1764 2263 80 40 192
1850 2256 13 16 0
1881 2249 230 51 bataillon,
2142 2261 68 27 mu-

512 2328 120 54 sique
652 2328 51 40 de
726 2328 111 39 Rose
863 2326 390 41 Louchet-Kerven
1268 2338 9 39 ;
1322 2324 281 53 Vengeance,
1631 2338 73 40 par
1729 2324 38 40 J.
1794 2322 214 54 Chabrut;
2039 2319 206 57 Nymphe

513 2408 42 34 et
574 2401 281 53 Pot-au-feu,
886 2414 75 41 par
982 2399 159 41 Duclos
1162 2406 40 33 et
1225 2397 181 42 Ploosen
1426 2412 7 25 :

852 2528 58 36 On
934 2526 82 38 voit
1037 2537 114 25 errer
1171 2537 50 25 au
1244 2525 163 36 château
1429 2524 48 36 de
1507 2522 226 42 Versailles,

847 2594 58 37 La
928 2594 99 47 nuit,
1051 2593 145 46 dit-on,
1221 2592 163 35 Vombre
1406 2591 50 35 du
1480 2590 62 36 roi
1562 2589 140 45 Soleil,

844 2660 58 36 Et
922 2660 75 36 Von
1020 2659 144 36 entend
1187 2658 35 36 le
1238 2658 137 45 fracas
1397 2657 68 36 des
1486 2656 180 36 batailles

845 2725 223 50 Lorsqu'un
1093 2724 95 36 obus
1209 2724 108 37 vient
1337 2722 195 37 sillonner
1554 2722 34 35 le
1609 2721 96 43 ciel;

856 2792 134 36 Diane
1012 2798 37 29 et
1068 2802 63 26 ses
1153 2790 194 48 nymphes
1366 2796 68 28 ont
1454 2792 23 32 à
1498 2794 112 31 votre
1630 2786 212 49 approche,

854 2857 33 38 0
906 2857 74 38 vils
1001 2856 231 46 Prussiens,
1252 2853 237 38 abandonné
1506 2865 63 25 ces
1592 2852 113 36 lieux
1708 2884 9 14 y

854 2923 59 38 Où
929 2935 106 37 pour
1055 2934 69 25 son
1147 2922 63 35 roi
1230 2920 192 37 Bismark
1444 2926 142 30 tourne
1606 2919 36 36 la
1665 2917 142 37 broche

1037 2987 61 37 Et
1119 2994 80 30 met
1221 2987 34 37 le
1271 2985 248 51 pot-au-feu.

562 3112 67 40 La
661 3112 272 54 Vengeresse
934 3144 11 17 ,
984 3111 50 39 de
1067 3109 190 40 Galibert
1277 3116 40 32 et
1338 3107 195 50 Trémel;
1559 3106 174 40 Devant
1764 3105 138 41 Paris
1909 3138 8 21 ,
1940 3105 51 40 de
2019 3104 171 41 Berthel
2210 3112 40 33 et

516 3184 211 41 Lhuillier
738 3200 9 34 ;
771 3184 170 54 Espoir
961 3184 54 40 de
1053 3182 43 40 la
1132 3180 253 42 délivrance
1389 3215 10 19 ,
1423 3179 51 39 de
1505 3177 197 41 madame
1724 3178 50 40 de
1799 3178 263 53 Lagoanère;
2107 3177 143 40 Chant

513 3258 75 39 des
609 3258 171 40 soldats
802 3258 201 53 citoyens
1010 3289 8 19 ,
1042 3255 51 40 de
1115 3253 204 51 Babinol;
1351 3255 42 38 la
1433 3252 115 39 Voix
1580 3251 53 40 de
1661 3251 44 39 la
1728 3251 159 40 Patrie
1893 3283 9 20 ,
1924 3264 77 40 par
2022 3249 225 53 Geoffroy,

516 3328 258 53 Vlnvasion,
814 3344 74 40 par
912 3330 48 40 C.
985 3329 184 41 Vincent
1190 3335 39 32 et
1253 3327 47 39 F.
1329 3326 141 52 Féret;
1496 3327 42 38 la
1561 3324 231 41 Revanche
1820 3323 52 40 de
1901 3322 223 41 Waterloo
2131 3353 9 20 ,
2177 3334 74 40 par

520 3402 58 39 H.
602 3401 50 40 de
672 3402 316 40 Saint-Hilaire
1010 3409 39 32 et
1070 3403 54 38 A.
1153 3399 187 54 Lagard;
1380 3399 43 39 la
1468 3398 195 40 Victoire
1702 3409 53 27 ou
1799 3396 43 39 la
1877 3401 113 33 mort
1997 3426 9 20 ,
2042 3393 209 52 d'Angèle

520 3474 181 40 Deltour
720 3482 40 34 et
781 3475 37 39 J.
846 3474 309 53 Millescamps;
1179 3473 72 41 En
1280 3478 148 43 avant,
1461 3484 75 41 par
1556 3470 85 39 Th.
1667 3465 213 44 Fournier
1900 3474 40 33 et
1962 3465 54 41 O.
2041 3465 179 53 Fouque
2238 3481 10 35 ;
