2954 4031
1022 332 86 69 G.
1195 332 499 67 MAHLER

2438 351 147 68 243

293 486 223 66 Certes,
552 503 116 35 une
699 478 239 82 pareille
965 476 393 80 personnalité
1393 499 72 35 ne
1497 480 279 77 s'impose
1808 496 102 60 pas
1941 495 127 38 sans
2100 475 99 57 des
2230 475 178 56 luttes
2432 473 133 59 d'au-

115 586 127 44 tant
290 574 130 77 plus
468 571 165 78 âpres
668 589 115 58 que
831 588 59 35 sa
923 566 201 56 valeur
1169 580 84 43 est
1300 567 133 78 plus
1468 566 238 79 grande,
1756 581 57 41 et
1853 565 238 77 j'avoue
2123 562 323 57 volontiers
2480 584 115 57 que

116 660 379 67 moi-même,
546 658 104 77 qui
683 655 133 79 puis
859 666 275 65 compter
1165 652 381 79 aujourd'hui
1579 654 195 78 parmi
1822 652 79 56 les
1934 650 387 57 admirateurs
2353 650 80 56 les
2466 650 131 77 plus

116 746 174 70 zélés,
326 748 53 56 ai
414 740 349 62 commencé
797 762 106 58 par
934 740 122 56 être
1089 739 325 58 fortement
1447 739 237 81 choqué
1726 762 102 58 par
1861 739 251 58 certains
2145 757 265 59 passages
2443 736 70 57 de
2545 738 54 55 la

123 856 29 58 3
158 838 52 19 me
242 848 57 43 et
334 834 69 57 de
436 834 54 56 la
539 831 36 59 6
580 834 50 19 me
663 828 424 82 Symphonies;
1138 849 97 36 car
1271 828 263 71 Mahler,
1581 842 132 43 tout
1761 848 239 37 comme
2051 824 362 70 Beethoven,
2449 825 149 56 n'est

116 945 102 58 pas
251 922 248 58 homme
525 919 30 57 à
581 919 226 57 reculer
828 915 213 57 devant
1063 917 269 78 l'emploi
1367 915 177 57 d'une
1576 914 313 80 vulgarité,
1925 917 46 55 si
2006 914 123 57 cela
2161 927 84 43 est
2281 910 318 59 nécessaire

118 1011 31 58 à
181 1009 382 80 l'expression
598 1007 71 57 de
702 1027 103 37 son
839 1003 150 58 idée.
1023 1005 162 56 Mais
1216 1007 55 54 la
1303 1005 414 56 connaissance
1755 1002 393 81 approfondie
2183 1000 71 58 de
2287 1013 194 45 toutes
2513 1021 85 37 ses

119 1119 230 38 œuvres
370 1098 120 56 m'a
510 1093 234 60 montré
765 1113 119 59 peu
917 1092 30 57 à
972 1113 117 58 peu
1125 1113 115 59 que
1254 1093 60 78 je
1336 1113 96 36 me
1455 1093 259 56 trouvais
1739 1091 455 57 véritablement
2220 1110 72 35 en
2317 1085 284 82 présence

122 1186 177 58 d'une
356 1183 220 80 grande
608 1179 189 82 figure
847 1181 71 56 de
950 1179 292 58 l'histoire
1291 1179 302 70 musicale,
1634 1193 59 42 et
1726 1200 92 37 ces
1851 1178 337 79 explosions
2226 1176 71 57 de
2330 1176 269 57 violence

122 1272 350 73 effroyables
499 1293 115 57 que
631 1271 59 77 je
716 1268 232 80 prenais
974 1266 282 60 autrefois
1281 1289 151 57 pour
1459 1267 98 57 des
1582 1265 340 80 vulgarités,
1945 1287 97 35 me
2062 1266 320 79 paraissent
2408 1276 194 44 toutes

122 1361 313 59 naturelles
486 1359 149 57 chez
680 1356 295 57 l'homme
1023 1356 106 77 qui
1162 1376 31 36 a
1226 1375 82 58 pu
1356 1355 317 57 concevoir
1717 1375 115 36 une
1880 1374 205 37 œuvre
2132 1373 240 36 comme
2418 1351 56 56 la
2517 1371 29 57 3
2554 1352 49 19 1110

122 1449 391 82 Symphonie.

298 1538 95 55 De
428 1548 193 45 toutes
641 1531 222 80 façons,
889 1533 54 55 la
975 1529 397 81 personnalité
1395 1529 71 58 de
1496 1529 245 58 Mahler
1774 1543 84 43 est
1891 1549 105 58 par
2028 1541 134 65 trop
2197 1524 405 59 considérable

122 1646 153 59 pour
307 1625 122 56 être
462 1619 378 61 indifférente
871 1642 13 34 :
920 1619 126 57 ceci
1079 1619 287 79 explique
1399 1618 180 78 qu'en
1612 1614 129 58 face
1774 1615 209 57 d'amis
2010 1615 104 79 qui
2147 1615 85 56 lui
2259 1613 244 57 doivent
2523 1613 80 57 les

124 1715 132 78 plus
290 1710 246 80 grandes
558 1710 152 78 joies
757 1708 71 57 de
859 1708 129 57 leur
1035 1708 95 56 vie
1163 1707 282 57 musicale
1493 1726 57 36 se
1583 1704 257 57 dressent
1888 1704 98 57 des
2019 1700 358 59 détracteurs
2425 1701 147 78 impi-

123 1801 283 80 toyables,
440 1801 54 54 le
529 1799 240 56 traitant
802 1795 71 58 de
1865 1794 314 79 dangereux
2584 1794 30 57 ch
1765 1807 58 42 et
1858 1790 69 57 de
2419 1790 98 68 Et,
2550 1788 56 56 la

124 1889 239 79 plupart
397 1886 79 57 du
509 1900 212 63 temps,
755 1903 93 38 ces
873 1881 362 59 détracteurs
1268 1883 46 56 si
1339 1879 228 59 féroces
1599 1881 248 57 seraient
1874 1878 139 56 bien
2046 1873 377 61 embarrassés
2448 1877 47 56 si
2528 1894 78 37 on

124 1978 83 57 les
241 1976 284 77 obligeait
569 1972 30 58 à
650 1974 148 56 citer
845 1992 115 37 une
994 1972 156 57 seule
1197 1991 233 36 mesure
1479 1968 179 57 d'une
1708 1969 376 78 quelconque
2131 1963 99 58 des
2263 1963 134 57 huit
2444 1983 123 60 sym-

124 2065 253 80 phonies
412 2062 11 59 !
469 2063 72 77 Je
574 2062 96 56 l'ai
704 2057 262 61 constaté
999 2080 105 58 par
1146 2057 360 58 moi-même
1555 2056 70 57 de
1659 2070 134 65 trop
1827 2052 381 60 nombreuses
2246 2049 132 72 fois,
2424 2051 154 78 parti-

125 2150 391 61 culièrement
556 2147 30 59 à
623 2148 181 70 Paris,
853 2145 79 59 où
964 2147 367 78 l'ignorance
1364 2145 99 57 des
1508 2145 322 56 musiciens
1861 2156 59 43 et
1968 2140 98 58 des
2099 2140 286 77 critiques
2425 2137 78 79 (je
2536 2157 73 37 ne

125 2241 162 79 parle
321 2237 452 58 naturellement
798 2255 102 60 pas
933 2235 71 57 de
1030 2235 143 57 celle
1197 2234 79 57 du
1310 2254 135 58 gros
1472 2231 226 81 public)
1727 2230 32 58 à
1781 2228 224 81 l'égard
2039 2227 71 59 de
2133 2226 245 58 Mahler
2399 2226 210 57 atteint

127 2328 99 58 des
256 2328 224 57 limites
511 2321 398 83 stupéfiantes.

304 2413 456 59 L'Association
793 2411 98 59 des
928 2411 287 58 Concerts
1266 2409 272 57 Colonne
1571 2428 31 37 a
1633 2406 208 59 inscrit
1888 2425 74 37 au
1995 2423 383 59 programme
2411 2400 80 58 du
2536 2418 71 59 17

129 2504 173 59 Avril
350 2500 310 82 prochain,
712 2521 132 38 sous
891 2500 80 56 les
1018 2499 266 79 auspices
1323 2498 71 57 de
1441 2498 55 56 la
1545 2493 230 61 Société
1825 2494 97 57 des
1972 2490 268 60 Grandes
2284 2489 328 58 Auditions

132 2590 325 59 Musicales
504 2588 71 57 de
610 2589 246 67 France,
890 2601 58 43 et
983 2607 139 37 avec
1155 2585 226 79 l'appui
1416 2584 99 57 des
2247 2579 54 55 la
2345 2597 17 37 i
2376 2587 33 19 re
2441 2575 135 59 audi-

129 2679 131 57 tion
308 2677 32 57 à
391 2677 160 57 Paris
602 2676 72 57 de
723 2677 54 56 la
829 2695 32 38 2
868 2677 50 20 me
952 2673 371 81 Symphonie
1365 2672 164 78 (avec
1579 2670 287 77 chœurs),
1917 2669 106 79 qui
2057 2688 123 37 sera
2226 2662 226 81 dirigée
2508 2684 105 59 par

129 2768 259 57 l'auteur
421 2787 73 36 en
527 2785 308 58 personne.
884 2762 176 58 Voilà
1092 2759 178 73 enfin,
1305 2782 155 59 pour
1505 2761 54 57 la
1591 2757 293 81 première
1931 2756 113 58 fois
2076 2761 15 26 1
2140 2776 115 35 une
2303 2773 204 37 œuvre
2540 2752 71 57 de

133 2853 249 59 Mahler
421 2852 82 79 (et
536 2872 119 36 non
688 2852 53 56 la
773 2850 297 78 moindre)
1104 2847 286 60 exécutée
1425 2848 30 59 à
1484 2850 179 55 Paris.
1693 2843 262 81 J'espère
1990 2863 115 59 que
2138 2862 144 37 mon
2315 2839 296 79 exemple,

130 2942 148 59 dont
318 2942 107 78 j'ai
459 2938 162 82 parlé
668 2941 132 77 plus
833 2938 166 70 haut,
1049 2940 249 56 incitera
1329 2940 82 54 les
1445 2937 317 57 musiciens
1794 2949 59 41 et
1884 2935 82 55 les
1999 2932 283 78 critiques
2315 2927 32 58 à
2381 2927 232 57 étudier

130 3031 32 57 à
194 3030 146 57 fond
383 3030 248 56 l'œuvre
664 3041 173 43 avant
871 3027 71 57 de
974 3026 348 70 l'entendre,
1357 3040 57 43 et
1449 3024 31 58 à
1512 3045 73 37 ne
1620 3044 100 60 pas
1743 3022 178 79 juger
1954 3041 116 36 une
2103 3015 214 83 pensée
2352 3016 69 57 de
2456 3029 155 44 cette

132 3119 376 77 importance
556 3135 96 37 sur
703 3137 111 35 une
862 3115 352 79 impression
1262 3115 131 77 plus
1441 3134 78 36 ou
1566 3112 196 56 moins
1807 3109 275 77 fugitive.
2119 3106 164 56 Dans
2314 3105 81 56 les
2427 3104 187 77 lignes

133 3208 315 64 suivantes,
473 3204 60 76 je
570 3204 120 56 vais
735 3203 339 57 m'efforcer
1121 3201 70 57 de
1239 3199 226 59 décrire
1513 3213 157 44 cette
1719 3218 201 37 œuvre
1974 3194 298 68 colossale,
2333 3191 184 80 qu'on
2583 3210 31 37 a

133 3289 381 63 surnommée
565 3312 72 35 en
690 3291 356 78 Allemagne

312 3383 86 56 La
435 3399 32 39 2
472 3382 52 20 me
557 3379 393 79 Symphonie,
983 3401 72 35 en
2071 3391 61 44 ut
2234 3378 209 57 mineur
1436 3378 71 57 de
1543 3378 228 56 Gustav
1799 3371 244 60 Mahler
2076 3392 31 35 a
2138 3366 93 60 été
2267 3368 255 57 achevee
2543 3387 71 35 en

250 3559 11 24 1
292 3562 68 37 Au
382 3560 217 53 printemps
619 3559 165 45 dernier,
819 3560 66 37 M.
917 3561 88 48 José
1026 3555 167 41 Lassalle
1215 3571 98 24 nous
1341 3571 22 24 a
1385 3556 69 39 fait
1484 3556 186 38 entendre
1691 3557 22 36 à
1734 3553 36 39 la
1790 3552 90 39 salle
1903 3554 173 43 Gaveau,
2109 3563 68 39 par
2198 3547 34 40 le
2313 3547 285 38 Tonkïïnstlercve-

135 3618 262 40 reinorchester
468 3616 47 37 de
537 3616 193 45 Munich,
763 3613 36 41 la
826 3631 15 22 i
849 3620 27 17 re
899 3616 254 52 Symphonie.
1186 3613 163 50 Malgré
1371 3612 36 39 la
1440 3613 132 38 bonne
1603 3611 158 40 volonté
1789 3611 53 36 du
1866 3608 93 39 chef
1974 3617 38 30 et
2033 3606 37 39 la
2091 3604 146 53 qualité
2258 3606 46 36 de
2326 3602 12 39 1
2355 3604 205 45 orchestre,
2580 3602 37 48 je

135 3676 79 39 n'ai
236 3689 66 39 pas
323 3687 179 25 reconnu
523 3670 176 40 l'œuvre.
