2954 4031
1258 1135 542 69 BIBLIOTHÈQUE
1828 1149 447 48 WECKERLIN.
2399 1150 69 47 La
2501 1150 170 62 grande
2709 1159 135 35 vente

1118 1237 89 44 que
1244 1233 102 34 tous
1370 1221 302 58 attendaient,
1713 1232 46 33 et
1802 1220 112 44 dont
1958 1219 194 62 Leipzig
2176 1238 26 28 a
2227 1220 80 45 fini
2336 1237 78 44 par
2445 1221 95 45 être
2566 1219 42 46 le
2649 1218 195 57 témoin,

1121 1291 126 44 vient
1273 1291 168 45 d'avoir
1468 1290 104 46 lieu.
1603 1289 69 46 La
1698 1288 309 61 bibliothèque
2033 1289 158 46 réunie
2218 1308 58 27 au
2303 1307 132 28 cours
2461 1290 55 45 de
2537 1306 72 29 ces
2626 1298 220 51 quarante

1124 1359 229 47 dernières
1371 1359 170 46 années
1567 1376 77 44 par
1670 1358 42 46 la
1738 1359 200 59 patiente
1965 1359 185 45 volonté
2178 1359 54 45 de
2254 1358 274 46 Weckerlin
2574 1370 66 33 est
2676 1354 150 48 actuel-

1123 1427 175 47 lement
1324 1429 235 60 dispersée.
1590 1427 84 48 On
1712 1445 26 27 a
1778 1428 234 59 beaucoup
2039 1428 137 46 vanté
2211 1439 121 35 cette
2373 1428 246 46 collection
2657 1437 45 35 et
2741 1441 109 29 avec

1121 1499 164 59 raison,
1338 1500 112 44 mais
1498 1515 101 28 sans
1641 1513 260 43 remarquer
1936 1496 168 61 qu'elle
2148 1496 163 47 n'était
2360 1514 58 28 en
2470 1495 156 47 réalité
2677 1494 171 62 qu'une

1122 1567 310 61 bibliothèque
1460 1568 54 45 de
1541 1566 200 45 doubles.
1766 1565 69 46 La
1873 1565 216 46 véritable
2134 1566 312 61 bibliothèque
2498 1564 273 47 Weckerlin
2805 1580 46 28 se

1120 1648 162 34 trouve
1306 1655 58 28 au
1383 1637 352 46 Conservatoire
1756 1635 54 44 de
1832 1634 221 61 Musique
2080 1636 54 45 de
2163 1635 123 46 Paris
2305 1652 9 29 :
2343 1653 62 28 on
2432 1652 57 29 en
2508 1651 130 30 saura
2658 1644 127 35 toute
2807 1632 42 45 la

1121 1705 154 46 valeur
1302 1706 40 46 le
1363 1707 104 61 jour
1493 1706 60 46 où
1579 1722 64 28 un
1670 1703 238 61 catalogue
1935 1703 42 46 la
2001 1705 165 45 rendra
2192 1704 268 46 facilement
2485 1702 256 48 accessible.
2781 1701 70 46 La

1120 1775 245 45 collection
1410 1775 180 45 vendue
1626 1773 25 46 à
1689 1773 195 61 Leipzig
1921 1785 66 33 est
2037 1791 57 28 en
2144 1774 203 61 quelque
2395 1784 120 35 sorte
2562 1773 41 45 le
2651 1772 199 59 superflu

1123 1844 170 46 amassé
1322 1862 76 42 par
1428 1862 61 28 un
1518 1842 263 60 bibliophile
1807 1841 213 61 acharné,
2049 1843 113 45 dont
2183 1854 151 35 toutes
2359 1843 63 45 les
2448 1843 213 59 passions,
2703 1851 150 34 toutes

1124 1913 64 45 les
1214 1914 249 45 ambitions
1488 1912 210 46 s'étaient
1725 1911 300 46 concentrées
2049 1929 74 28 sur
2149 1930 64 27 un
2242 1912 153 45 même
2421 1913 137 62 objet,
2594 1910 41 46 le
2661 1910 110 45 livre
2798 1909 55 45 de

1126 1984 224 59 musique.

1266 2052 133 45 Nous
1423 2067 141 30 avons
1590 2062 103 33 tous
1720 2066 157 29 connu
1903 2048 42 46 le
2023 2049 104 60 père
2153 2050 272 45 Weckerlin
2536 2050 173 44 hirsute
2751 2064 102 29 sous

1124 2137 83 29 son
1234 2121 231 59 pardessus
1492 2119 251 61 négligent,
1764 2117 263 46 indifférent
2051 2136 89 28 aux
2167 2120 201 44 voitures
2394 2120 75 59 qui
2492 2119 243 45 mettaient
2754 2132 99 30 sans

1127 2205 121 29 cesse
1273 2206 46 28 sa
1344 2190 70 44 vie
1435 2206 56 28 en
1513 2189 185 60 danger,
1727 2189 200 43 trainant
1952 2205 62 27 un
2037 2205 88 42 peu
2142 2188 42 44 la
2197 2189 155 62 jambe
2374 2205 114 43 pour
2508 2188 127 45 venir
2655 2185 198 47 s'asseoir

1125 2258 25 46 à
1188 2257 159 47 l'hôtel
1375 2258 201 46 Drouot.
1606 2257 83 59 Là,
1717 2255 112 47 d'un
1855 2257 65 45 air
1945 2256 409 46 volontrairement
2388 2257 187 62 dégagé,
2621 2256 29 45 il
2691 2255 162 46 laissait

1126 2344 145 43 passer
1306 2328 168 45 devant
1494 2326 63 46 lui
1585 2326 39 45 le
1651 2326 80 46 flot
1774 2326 76 45 des
1889 2325 159 60 épaves
2073 2343 86 44 que
2187 2326 62 46 les
2272 2337 160 35 ventes
2470 2326 302 60 apportaient,
2809 2335 44 35 et

1128 2397 246 45 choisissait
1418 2396 41 46 le
1507 2394 186 47 volume
1759 2412 96 28 rare
1905 2395 113 44 dont
2058 2395 29 44 il
2137 2396 274 45 connaissait
2451 2396 104 45 bien
2599 2394 42 46 la
2683 2394 169 46 valeur.

1128 2465 272 46 Weckerlin
1428 2464 249 47 n'achetait
1703 2481 75 43 pas
1803 2465 137 54 cher;
1964 2464 44 62 je
2039 2481 57 28 ne
2124 2481 74 28 me
2223 2464 197 61 rappelle
2447 2465 138 61 guère
2611 2462 156 47 l'avoir
2794 2479 59 29 vu

1131 2533 256 47 s'emballer
1423 2533 108 61 qu'à
1574 2533 41 46 la
1656 2544 136 35 vente
1836 2533 61 44 du
1928 2534 139 44 baron
2095 2532 192 48 Pichon.
2326 2533 37 46 Il
2404 2545 79 34 eut
2513 2533 258 60 cependant
2813 2531 40 46 le

377 2620 197 46 courage
608 2603 55 46 de
690 2602 176 46 donner
894 2600 125 46 mille
1045 2601 149 49 francs
1220 2604 55 45 de
1300 2603 280 47 YOdechaton
1612 2603 54 45 de
1700 2601 210 47 Petrucci
1946 2601 25 45 à
2007 2619 91 28 une
2134 2602 174 61 époque
2334 2605 60 43 où
2434 2602 154 46 c'était
2614 2619 91 29 une
2731 2601 123 59 folie,

376 2685 45 36 et
447 2674 246 45 Ambroise
720 2671 214 46 Thomas
958 2671 71 45 fut
1061 2672 103 46 bien
1191 2672 99 61 près
1315 2672 54 46 de
1395 2690 58 28 ne
1480 2689 75 43 pas
1579 2670 168 47 ratifier
1774 2682 119 34 cette
1919 2671 106 45 folie
2060 2670 111 46 d'un
2207 2671 343 47 bibliothécaire
2576 2671 276 46 mélomane.

514 2742 91 47 Ces
631 2753 147 48 temps
802 2751 104 36 sont
931 2739 110 47 loin.
1070 2740 313 64 Aujourd'hui
1401 2740 43 47 la
1470 2740 308 61 bibliothèque
1799 2740 290 60 particulière
2107 2740 53 46 de
2187 2741 275 45 Weckerlin
2481 2742 182 59 produit
2681 2740 99 61 plus
2800 2740 55 45 de

375 2813 249 60 cinquante
652 2810 125 46 mille
805 2810 162 45 francs.
995 2808 103 47 Elle
1137 2811 62 45 lui
1226 2812 133 58 avait,
1401 2809 326 60 m'écrivait-il,
1769 2809 134 46 coûté
1929 2820 150 34 trente
2105 2810 141 46 mille.
2291 2810 84 47 On
2412 2822 187 34 raconte
2640 2808 110 63 qu'il
2795 2808 60 46 l'a

374 2881 138 47 cédée
532 2899 58 27 au
616 2880 192 58 libraire,
836 2879 202 45 vendeur
1064 2880 165 59 actuel,
1258 2897 114 43 pour
1398 2880 75 45 dix
1501 2879 139 46 mille.
1672 2878 67 46 Le
1766 2878 99 60 plus
1891 2879 111 44 haut
2029 2880 99 58 prix
2145 2896 25 28 a
2196 2878 72 46 été
2289 2880 167 45 atteint
2484 2897 75 42 par
2580 2879 42 46 la
2648 2880 207 59 musique

374 2951 62 45 du
461 2951 184 45 fermier
671 2947 183 64 général
882 2948 225 57 Ferrand;
1136 2949 41 45 le
1209 2950 250 44 manuscrit
1498 2949 55 45 de
1598 2948 37 45 Z
1637 2947 75 46 èlie
1713 2984 12 23 y
1758 2947 111 46 orné
1906 2948 328 59 superbement
2265 2966 77 42 par
2383 2949 202 45 Moreau
2616 2967 26 27 a
2667 2965 188 43 presque

372 3021 169 45 atteint
579 3020 108 45 trois
727 3017 125 46 mille
903 3018 163 46 francs.
1095 3018 69 46 Le
1191 3018 168 46 recueil
1387 3019 54 44 de
1466 3017 257 59 Mangeant
1748 3034 25 28 a
1798 3017 80 45 fait
1912 3028 144 47 1250.
2085 3017 70 45 La
2183 3017 116 46 belle
2324 3017 113 47 série
2465 3019 76 45 des
2587 3017 217 47 Chansons
2828 3036 27 26 a

370 3090 154 44 danser
525 3125 14 22 ,
572 3102 127 33 iooo
725 3088 59 46 frs
802 3108 12 36 ;
842 3086 63 46 les
931 3088 222 59 poinçons
1179 3088 54 44 de
1259 3087 42 46 la
1326 3088 174 44 maison
1521 3087 197 45 Ballard
1734 3102 87 44 que
1835 3085 275 46 Weckerlin
2137 3088 119 44 avait
2282 3087 183 46 trouvés
2482 3105 54 28 en
2556 3104 64 29 un
2641 3104 72 29 sac
2740 3087 116 45 chez

372 3158 119 46 leurs
514 3174 281 30 successeurs
820 3155 186 59 actuels,
1036 3170 97 33 200
1160 3157 65 45 fcs
1247 3177 12 36 ;
1287 3156 42 45 le
1353 3155 237 46 Mersenne
1618 3169 96 48 900
1739 3177 11 35 ;
1779 3153 244 47 VErminia
2055 3156 55 45 de
2140 3156 350 63 Michelangelo
2517 3156 131 47 Rossi
2687 3154 169 63 (1637)

377 3241 129 32 1000
532 3227 79 60 fcs,
647 3237 45 35 et
725 3240 127 32 1000
885 3226 114 45 aussi
1027 3225 41 46 le
1096 3226 161 45 Cerone
1260 3261 11 11 .
1300 3225 90 46 Les
1416 3225 242 46 tablatures
1682 3241 46 29 se
1753 3235 104 34 sont
1892 3225 105 44 bien
2027 3226 201 45 vendues
2254 3241 11 30 :
2298 3226 205 45 Gaultier
2530 3227 114 58 650,
2674 3225 183 46 Gallilèe

372 3295 115 61 650,
516 3295 162 46 Delair
696 3309 114 46 200,
838 3294 188 45 Perinne
1059 3309 141 32 1000.
1231 3294 70 47 Ce
1328 3306 104 35 sont
1458 3311 72 28 ces
1568 3294 131 45 livres
1725 3294 54 44 de
1806 3292 100 46 luth
1936 3294 77 60 qui
2045 3311 74 28 me
2148 3296 246 58 paraissent
2437 3296 124 45 avoir
2587 3294 269 47 réellement

370 3365 188 61 apporté
584 3366 61 44 du
671 3382 211 28 nouveau
908 3381 89 28 aux
1025 3365 99 59 prix
1151 3365 55 44 de
1233 3375 139 34 vente
1398 3363 237 46 habituels.
1666 3362 136 46 Tout
1842 3362 41 45 le
1927 3374 115 34 reste
2070 3362 104 47 s'est
2201 3375 113 35 tenu
2341 3365 111 45 dans
2477 3365 42 45 la
2557 3381 232 46 moyenne
2832 3363 26 47 à

371 3434 192 61 laquelle
589 3451 60 29 on
676 3434 185 60 pouvait
885 3431 261 49 s'attendre.
1176 3432 264 60 D'ailleurs,
1468 3450 57 27 en
1553 3432 200 45 vendant
1779 3431 24 45 à
1830 3431 200 62 Leipzig
2056 3449 59 28 on
2143 3434 167 45 atteint
2336 3445 180 35 surtout
2542 3433 40 47 le
2600 3433 176 45 libraire
2802 3433 54 45 de

370 3504 265 61 profession,
661 3515 61 46 et,
749 3504 34 45 si
811 3501 94 47 l'on
932 3513 65 35 est
1023 3503 73 45 sûr
1123 3501 190 47 d'éviter
1339 3520 64 28 un
1432 3501 209 59 désastre,
1665 3518 60 29 on
1753 3499 75 47 n'a
1854 3518 94 43 pas,
1977 3500 178 47 d'autre
2181 3515 115 47 part,
2338 3502 42 47 la
2406 3504 169 61 grande
2602 3504 173 44 chance
2802 3502 55 46 de

370 3573 211 47 Londres
606 3591 60 28 ou
692 3574 54 44 de
772 3572 137 59 Paris,
938 3571 41 46 la
1004 3573 174 44 chance
1205 3572 54 45 de
1287 3571 42 46 la
1355 3582 136 35 vente
1517 3570 374 47 sensationnelle.
1920 3570 120 45 Pour
2075 3570 42 46 la
2143 3573 226 60 musique,
2406 3574 75 60 qui
2507 3585 67 33 est
2599 3589 166 29 encore
2798 3588 58 28 en

369 3643 228 61 suspicion
624 3643 111 45 dans
759 3654 131 34 notre
916 3640 211 61 librairie,
1155 3640 98 48 cela
1279 3652 107 35 vaut
1412 3652 111 49 peut
1550 3640 94 47 être
1673 3640 173 47 mieux.
1884 3639 148 64 Soyez
2059 3641 106 46 bien
2190 3642 75 46 sûr
2291 3660 89 44 que
2408 3642 64 47 les
2500 3654 183 48 50,000
2700 3641 66 46 fcs
2783 3641 75 47 des
