2954 4031
551 268 862 75 L'ACTUALITÉ
1493 289 654 58 MUSICALE

107 411 265 45 demandais
407 429 57 27 au
491 411 295 45 clarinettiste
812 409 67 45 s'il
907 409 109 45 était
1041 412 186 44 satisfait
1254 413 53 43 de

104 498 81 28 son
226 482 278 43 instrument
529 498 9 28 :
720 478 279 46 mécanisme
1037 492 66 33 est
1141 482 139 59 impos-

103 549 109 45 sible
291 549 103 45 telle
423 550 69 44 fut
517 567 45 27 sa
588 549 203 59 réponse.

176 618 83 48 On
304 630 109 49 peut
457 618 267 62 m'objecter
768 634 88 43 que
894 615 63 46 les
994 618 109 45 trois
1140 620 144 43 instru-

106 699 152 34 ments
285 689 112 44 dont
417 689 45 61 je
490 689 125 44 viens
641 688 53 43 de
721 685 144 61 parler
891 701 58 28 ne
975 698 103 33 sont
1099 704 75 41 pas
1195 687 111 45 d'un

104 774 137 44 usage
267 769 193 33 courant
481 769 44 32 et
551 774 87 43 que
659 772 112 43 pour
797 771 56 28 en
883 755 103 44 bien
1007 755 132 61 jouer
1160 756 29 45 il
1211 757 95 44 faut

108 825 61 46 les
195 826 224 45 travailler
446 843 184 28 comme
656 842 59 27 on
743 822 201 46 travaille
971 823 41 45 la
1046 825 109 45 flûte
1181 842 59 28 ou
1268 825 39 45 le

107 896 171 45 basson.
310 895 113 46 Cela
447 907 66 33 est
550 895 88 44 fort
675 895 119 60 juste
833 893 112 44 mais
981 893 215 46 n'excuse
1235 911 72 43 pas

2471 297 111 76 169

1386 429 92 28 une
1504 414 266 45 fabrication
1798 414 204 47 arriérée.
2033 416 40 46 Si
2103 417 61 45 les
2190 418 187 48 luthiers
2403 439 58 27 ne
2487 424 98 45 font

1385 482 98 44 rien
1511 500 113 42 pour
1651 483 176 44 donner
1864 485 276 45 satisfaction
2177 505 88 27 aux
2307 490 251 46 instrumen-

1385 551 139 59 tistes,
1570 553 184 43 ceux-ci
1800 553 344 59 continueront,
2190 573 75 41 par
2306 558 136 59 force,
2481 560 24 45 à
2541 578 44 29 se

1385 633 242 33 contenter
1655 621 54 44 de
1735 638 51 27 ce
1813 621 131 60 qu'ils
1970 635 81 31 ont
2073 624 210 61 jusqu'au
2313 627 96 57 jour
2435 628 59 45 où
2521 647 62 28 un

1384 689 222 46 fabricant
1624 689 210 61 étranger
1860 690 188 59 forcera,
2077 709 76 42 par
2180 693 40 44 la
2257 711 326 45 concurrence,

1385 757 63 46 les
1474 758 188 45 luthiers
1688 759 190 57 français
1904 759 24 44 à
1953 762 130 43 sortir
2111 762 53 45 de
2191 762 96 45 leur
2313 767 195 45 routine.

1459 865 51 59 (à
1536 866 184 59 suivre).

2003 867 530 47 Emile
2533 867 1 47 Stiévenard.

970 1084 592 58 “IMPROMPTU
1562 1084 60 58 ”

281 3645 71 63 ―
423 3645 62 45 Et
513 3647 103 43 bien
645 3664 87 43 que
760 3664 167 42 pensez
953 3664 110 28 vous
1089 3649 54 44 de
1172 3660 119 34 cette
1319 3648 168 60 affaire,
1515 3650 108 44 cher
1649 3650 161 44 maître
1835 3647 12 47 ?

281 3720 72 63 ―
425 3720 90 61 Joli
543 3722 115 60 sujet
685 3739 113 42 pour
824 3740 91 27 une
942 3723 140 60 fugue
1108 3740 58 27 en
1193 3736 51 32 ut
1272 3723 155 47 Duez.
