2954 4031
1075 273 133 69 LE
1279 271 279 68 MOIS

2404 263 149 90 267

76 430 248 57 retirent
369 428 144 57 d'un
556 440 211 44 auteur
815 419 215 71 favori,
1083 440 78 37 ou
1211 417 201 81 plutôt
1456 417 106 80 qui
1611 417 19 56 1
1655 412 327 71 attendent,
2028 431 174 59 parce
2245 430 118 58 que
2414 409 44 56 si
2512 408 53 56 la

72 516 198 60 forme
303 517 73 59 de
409 536 85 40 ses
528 531 292 60 ouvrages
853 522 149 46 reste
1037 507 268 79 toujours
1338 506 306 70 musicale,
1677 502 314 60 l'émotion
2017 499 175 79 qu'ils
2225 497 340 80 expriment

73 626 75 38 ne
183 607 130 57 l'est
348 606 133 79 plus
578 615 145 47 let
724 602 172 57 cela
897 597 68 59 doit
1015 596 124 58 être
1186 595 137 58 bien
1371 593 348 60 indiffèrent
1766 611 118 38 aux
1931 590 362 57 littérateurs
2342 600 57 42 et
2450 604 118 36 aux

79 695 280 79 peintres.
407 694 59 57 A
505 691 126 57 vrai
684 689 148 69 dire,
886 684 316 59 l'émotion
1256 704 30 37 a
1342 682 262 79 disparu,
1650 692 154 46 cette
1859 676 273 60 émotion
2184 673 179 58 d'une
2414 684 155 45 sorte

80 783 226 80 unique
366 781 142 57 dans
555 779 129 57 l'art
734 788 133 45 tout
901 774 211 70 entier,
1158 772 107 79 qui
1312 769 383 80 enveloppait
1742 767 73 58 de
1862 788 58 37 sa
1970 761 383 84 mystérieuse
2401 756 168 61 unité

79 892 115 37 une
239 868 325 59 multitude
613 866 70 58 de
730 863 324 59 sensations
1102 860 177 58 d'une
1327 858 303 71 intensité,
1679 856 37 57 d
1743 877 116 36 une
1898 854 266 78 justesse,
2199 850 37 57 d
2259 870 116 36 une
2424 847 119 58 déli-

77 973 240 56 catesse,
382 957 178 58 d'une
607 949 334 63 nouveauté
989 962 414 67 surprenantes
1436 968 13 37 :
1501 944 198 60 c'était
1745 944 175 57 l'âme
1970 941 105 79 qui
2123 952 322 45 concentre
2492 936 82 56 les

77 1047 416 80 témoignages
527 1044 99 59 des
664 1062 143 38 sens.
857 1040 79 58 Et
968 1039 162 57 voici
1164 1058 117 60 que
1331 1038 81 57 les
1458 1034 322 58 sensations
1829 1032 185 59 seules
2061 1028 337 67 subsistent,
2427 1038 56 44 et
2532 1024 42 57 il

77 1136 224 59 semble
334 1134 246 80 qu'elles
612 1152 58 38 se
703 1129 191 59 soient
928 1125 31 60 à
1013 1128 55 56 la
1114 1124 114 60 fois
1275 1124 345 80 rapetissees
1667 1136 60 43 et
1774 1118 315 70 alourdies,
2124 1138 82 59 qu
2230 1117 136 55 elles
2415 1114 157 56 aient

80 1223 190 82 perdu
306 1223 71 59 de
407 1225 130 55 leur
567 1217 305 61 fraîcheur
905 1230 57 43 et
998 1214 71 59 de
1102 1216 130 56 leur
1265 1212 364 80 originalité.
1684 1211 101 57 Au
1817 1209 120 56 lieu
1971 1206 71 58 de
2076 1227 56 37 se
2171 1203 232 69 fondre,
2437 1202 138 57 elles

79 1334 57 38 se
170 1312 306 59 heurtent.
523 1310 163 58 C'est
719 1308 53 56 le
806 1302 257 84 procédé
1096 1298 273 62 artificiel
1417 1299 72 59 de
1534 1299 56 58 la
1638 1297 330 79 technique
2018 1293 284 59 musicale
2349 1305 57 43 et
2456 1310 119 36 non

81 1402 133 79 plus
247 1402 54 56 le
335 1400 323 58 sentiment
686 1396 105 80 qui
825 1391 134 61 crée
989 1390 211 61 l'unité
1225 1413 12 35 :
1272 1391 82 57 les
2105 1378 235 62 édifiées
2373 1399 97 38 sur
2495 1397 82 37 un

86 1490 123 58 seul
245 1487 207 60 thème
484 1501 57 44 et
589 1504 253 62 presque
891 1482 162 58 selon
1086 1481 81 57 les
1200 1479 302 80 principes
1652 1475 245 57 horresco
1923 1472 99 57 !....
2170 1470 98 57 des
2316 1466 231 58 nourris-

81 1599 135 38 sons
266 1578 72 57 de
385 1576 55 57 la
493 1574 234 70 Schola,
772 1593 74 35 ne
903 1569 266 58 donnent
1233 1587 103 59 pas
1389 1565 57 57 la
1497 1561 202 59 même
1754 1560 353 80 impression
2159 1556 72 58 de
2295 1552 285 61 cohésion

81 1665 246 82 qu'avec
363 1686 116 36 une
514 1659 274 84 quantité
824 1659 71 57 de
941 1655 234 61 thèmes
1209 1653 306 59 différents
1562 1651 81 57 les
1691 1668 290 59 ouvrages
2029 1646 73 57 de
2135 1646 53 56 la
2288 1642 294 80 première

81 1752 272 61 manière
449 1752 73 58 de
557 1752 99 57 M.
694 1748 294 79 Debussy.

260 1843 113 58 Par
435 1862 80 37 un
581 1838 248 80 étrange
893 1830 384 87 phénomène
1338 1832 55 57 la
1451 1828 281 77 musique
1779 1825 72 57 de
1901 1825 98 57 M.
2052 1820 272 79 Debussy
2387 1814 200 61 reflète

82 1929 385 82 aujourd'hui
501 1929 146 58 celle
682 1927 72 58 de
787 1946 85 39 ses
905 1943 244 61 propres
1183 1921 357 58 imitateurs.
1583 1917 100 58 On
1732 1936 32 35 a
1812 1909 290 84 reproché
2151 1908 32 60 à
2231 1909 98 59 M.
2378 1905 210 69 Ravel,

82 2035 59 43 et
206 2020 132 80 plus
402 2017 150 80 qu'il
616 2036 75 38 ne
763 2012 339 69 convenait,
1168 2009 71 59 de
1304 2004 346 61 ressembler
1712 2001 31 58 à
1807 2002 99 57 M.
1963 1999 296 78 Debussy,
2324 2009 57 44 et
2445 2014 31 36 c
2504 2006 84 43 est

86 2110 98 57 M.
222 2107 276 80 Debussy
533 2106 106 79 qui
678 2124 71 38 en
797 2103 165 56 vient
997 2098 33 60 à
1061 2097 347 60 ressembler
1441 2093 32 59 à
1507 2092 101 60 M.
1648 2089 209 60 Ravel.
1909 2084 392 63 Assurément
2349 2083 43 57 il
2442 2093 149 45 reste

84 2218 116 37 une
236 2196 281 59 distance.
555 2195 138 63 Que
727 2192 122 57 l'on
891 2209 281 59 compare
1219 2187 55 56 la
1323 2181 273 82 Rapsodie
1642 2178 283 80 espagnole
1929 2223 16 24 ,
1996 2176 104 79 qui
2151 2187 84 45 est
2281 2173 20 56 1
2329 2188 260 59 ouvrage

85 2286 218 79 capital
327 2282 289 80 jusqu'ici
650 2281 72 59 de
764 2281 97 57 M.
901 2279 211 70 Ravel,
1147 2275 30 58 à
2358 2274 187 59 Ibena
1449 2272 107 79 qui
1606 2291 37 36 n
1672 2288 230 58 occupe
1953 2286 80 59 qu
2062 2285 79 36 un
2191 2282 146 58 rang
2385 2279 173 38 secon-

87 2374 163 58 daire
284 2373 141 58 dans
457 2373 250 56 l'œuvre
741 2369 72 58 de
847 2369 99 57 M.
978 2366 299 79 Debussy,
1312 2376 58 44 et
1402 2361 122 59 l'on
1561 2359 369 77 distinguera
1977 2373 214 38 encore
2225 2350 147 58 chez
2406 2346 155 58 celui-

87 2464 56 57 ci
178 2483 118 37 une
327 2474 167 45 autre
528 2458 164 59 force
727 2472 56 44 et
819 2478 114 37 une
968 2469 167 45 autre
1168 2449 269 63 subtilité
1472 2449 71 57 de
1575 2449 55 56 la
1663 2442 411 61 construction
2124 2437 304 69 musicale,
2479 2454 115 38 une

89 2566 166 43 autre
291 2547 419 83 personnalité,
745 2567 116 37 une
895 2558 168 45 autre
1112 2540 200 83 poésie
1360 2550 253 49 surtout.
1658 2534 225 80 Jamais
1933 2531 98 59 M.
2086 2529 188 58 Ravel
2323 2547 35 35 n
2387 2545 32 37 a
2467 2524 125 56 rien

90 2638 150 60 écrit
289 2638 107 79 qui
444 2657 56 38 se
545 2637 194 79 puisse
787 2630 366 83 rapprocher
1186 2630 79 58 du
1300 2646 282 40 morceau
1616 2622 224 59 central
1874 2619 37 58 d
2158 2630 57 44 et
2249 2615 98 59 des
2380 2611 214 59 idéales

91 2727 419 80 dégradations
543 2724 71 58 de
649 2743 256 39 nuances
940 2722 105 79 qui
1078 2722 53 56 le
1167 2719 211 59 relient
1427 2737 73 37 au
1550 2712 235 59 dernier
1820 2733 14 47 ;
1884 2709 126 57 rien
2061 2727 118 37 non
2229 2705 132 79 plus
2409 2722 81 58 qu
2518 2719 75 37 on

90 2817 196 80 puisse
320 2834 254 59 opposer
607 2811 30 58 à
669 2813 55 56 la
758 2810 287 59 conduite
1086 2806 350 81 ingénieuse
1487 2802 98 58 des
2395 2788 168 58 Seule-

91 2919 168 44 ment
291 2905 54 57 la
380 2902 407 60 construction
824 2898 149 59 chez
1009 2898 97 59 M.
1145 2895 272 81 Debussy
1578 2905 59 44 et
1685 2910 67 38 ce
1799 2901 132 44 sont
1980 2903 214 39 encore
2243 2882 97 56 des
2390 2877 206 58 choses

92 2995 106 79 qui
255 2992 396 79 n'importent
703 2990 226 79 qu'aux
985 2989 151 55 seuls
1183 2985 324 58 musiciens
1689 2977 240 59 devient
1978 2975 134 78 plus
2160 2981 323 70 apparente
2539 2977 58 43 et

92 3083 133 80 plus
259 3079 218 59 tendue
512 3103 14 47 ;
578 3099 102 37 son
715 3076 277 70 écriture,
1051 3074 144 58 d'un
1232 3071 147 81 goût
1413 3067 325 61 admirable
1774 3061 286 61 autrefois
2104 3079 151 59 pour
2304 3076 58 38 sa
2410 3069 156 43 trans-

94 3184 244 67 parente
372 3168 329 68 concision,
735 3166 202 58 insiste
981 3178 58 44 et
1088 3163 323 77 surcharge
1446 3183 13 47 ;
1511 3178 104 38 son
1663 3154 218 59 coloris
1928 3150 242 58 devient
2220 3140 379 86 quelquefois

94 3279 125 50 cru,
277 3277 127 39 sans
456 3276 224 59 gagner
727 3254 72 57 de
846 3251 318 59 franchise.
1219 3250 52 59 Il
1319 3245 353 83 employait,
1721 3241 31 59 à
1801 3239 209 59 rendre
2057 3239 80 54 les
2185 3234 300 58 émotions
2516 3230 81 56 les

94 3348 133 80 plus
261 3367 173 50 rares,
472 3366 113 37 une
618 3343 324 60 étonnante
974 3338 255 61 sobriété
1265 3338 71 58 de
1370 3354 269 63 moyens,
1674 3347 56 43 et
1765 3352 104 38 son
1905 3326 373 60 raffinement
2329 3318 169 60 infini
2541 3338 58 37 se

95 3436 278 59 résolvait
407 3455 72 37 en
524 3453 117 37 une
673 3431 354 80 impression
1063 3428 71 60 de
1169 3428 230 57 naturel
1434 3439 57 44 et
1528 3423 71 58 de
1633 3418 344 81 simplicité.
2029 3417 87 57 La
2164 3406 433 84 complication

94 3538 57 45 et
184 3521 489 61 l'accumulation
708 3519 99 59 des
841 3537 248 61 moyens
1122 3513 384 81 aujourd'hui
1540 3508 375 61 dissimulent
1949 3504 120 57 mal
2084 3523 67 37 ce
2177 3500 419 79 quelapensee

95 3636 31 37 a
159 3613 72 59 de
264 3632 93 40 sec
409 3625 58 44 et
500 3610 73 58 de
606 3610 256 69 tatillon,
908 3607 72 58 de
1027 3602 337 84 superficiel
1412 3616 58 44 et
1519 3601 72 57 de
1638 3619 203 38 menu.
1893 3596 177 57 Cette
2117 3589 281 79 musique
2447 3598 149 43 reste
