2954 4031
1402 311 75 69 S.
1546 311 66 70 I.
1679 311 120 70 M.

360 328 152 70 232

534 452 146 59 Fort
727 452 458 59 heureusement
1240 474 153 58 pour
1426 469 171 44 notre
1645 454 198 73 étude,
1901 456 71 59 de
2007 455 335 58 nombreux
2376 456 278 57 tableaux
2688 456 165 60 notés

360 539 77 80 (le
469 540 148 58 livre
650 563 74 35 ne
757 543 254 57 consiste
1061 539 180 81 guère
1275 541 200 59 même
1510 544 177 79 qu'en
1722 545 145 78 cela)
1924 565 146 37 nous
2103 543 333 59 révéleront
2474 545 81 57 les
2587 546 233 79 particu-

352 626 199 61 larités
584 628 318 59 d'écriture
950 629 422 80 qu'entraînait
1405 631 54 58 la
1492 631 352 80 disposition
1879 634 71 57 de
1983 635 424 56 l'instrument.
2450 634 370 79 Progressive-

353 731 188 57 ment,
575 718 253 57 l'auteur
861 738 219 59 expose
1114 718 71 57 de
1218 719 53 56 la
1297 733 155 43 sorte
1484 722 54 56 le
1565 720 236 80 doigter
1826 722 98 58 des
1951 737 166 43 notes
2139 723 240 79 simples
2413 722 71 57 de
2510 723 53 56 la
2590 743 259 57 gamme,

352 805 157 58 celui
544 805 99 59 des
695 807 335 57 intervalles
1063 821 57 42 et
1170 805 98 59 des
1301 807 191 59 divers
1548 811 258 58 accords.
1863 812 160 68 Puis,
2058 825 252 66 prenant
2359 809 233 80 chaque
2639 825 106 44 ton
2779 833 72 36 en

352 894 366 79 particulier,
752 894 43 58 il
828 908 140 44 note
1000 894 81 58 les
1114 893 342 61 harmonies
1482 898 106 78 qui
1622 899 400 58 conviennent
2050 898 32 59 à
2113 898 254 71 chacun,
2395 899 82 58 les
2511 897 342 62 différentes

351 981 284 58 cadences
669 1002 140 37 avec
842 983 55 56 la
930 979 174 82 façon
1133 982 72 58 de
1237 983 81 57 les
1350 985 108 57 lier
1490 1000 57 43 et
1583 986 69 57 de
1678 987 81 57 les
1782 986 273 59 résoudre
2080 987 73 58 de
2178 990 52 54 la
2257 988 309 57 meilleure
2588 987 263 60 manière

351 1082 58 45 et
443 1068 72 59 de
558 1070 54 56 la
644 1071 132 77 plus
832 1070 338 58 commode.
1230 1071 95 58 De
1357 1072 293 59 l'examen
1684 1073 71 59 de
1804 1095 92 37 ces
1941 1075 338 71 tablatures,
2314 1096 78 37 on
2423 1090 146 66 peut
2605 1073 245 61 déduire

352 1156 235 58 d'utiles
620 1155 457 81 conséquences.

529 1246 93 57 En
657 1246 322 79 indiquant
1014 1247 254 58 l'accord
1303 1247 80 59 du
1418 1246 269 75 théorbe,
1724 1251 238 79 Angelo
1990 1251 277 59 Michèle
2300 1273 74 37 ne
2408 1253 86 58 dit
2530 1254 160 57 nulle
2715 1268 134 66 part

349 1354 117 59 que
499 1334 82 57 les
614 1334 160 58 deux
804 1334 325 80 premières
1151 1336 206 59 cordes
1377 1335 223 61 fussent
1623 1339 357 60 descendues
2014 1340 176 59 d'une
2219 1355 226 45 octave.
2483 1341 80 59 Et
2590 1363 70 37 en
2685 1341 161 72 effet,

349 1420 200 60 c'était
583 1443 117 37 une
749 1423 180 58 chose
963 1444 117 59 que
1114 1438 132 44 tout
1302 1425 53 57 le
1388 1426 221 59 monde
1664 1429 201 57 savait.
1920 1430 164 57 Mais
2119 1429 199 80 quand
2367 1430 42 57 il
2441 1444 278 66 rapporte
2768 1432 81 58 les

348 1524 168 43 notes
548 1509 72 58 de
652 1512 54 55 la
739 1531 244 59 gamme
1007 1510 32 60 à
1071 1513 54 57 la
1147 1513 312 72 tablature,
1495 1514 53 59 la
1575 1536 222 58 preuve
1833 1517 71 57 de
1929 1532 157 43 cette
2120 1519 423 79 transposition
2577 1518 271 81 apparaît

348 1620 142 36 avec
522 1595 304 63 évidence.

515 2916 115 59 Les
661 2919 201 57 lettres
895 2919 311 81 marquées
1239 2935 57 45 et
1329 2923 80 57 les
1442 2923 205 59 cordes
1680 2924 254 60 choisies
1966 2924 133 60 font
2133 2947 158 38 assez
2315 2930 133 56 voir
2482 2928 134 81 qu'à
2648 2931 187 79 partir

336 3001 80 59 du
448 3004 86 57 sol
567 3004 97 79 (de
696 3006 54 56 la
783 3005 125 59 clef
932 3008 72 57 de
1036 3009 108 77 sol)
1186 3031 77 36 on
1298 3011 254 79 reprend
1586 3013 53 56 la
1665 3033 242 58 gamme
1933 3011 30 60 à
1988 3014 251 58 l'octave
2267 3014 339 62 inférieure.
2630 3022 15 29 1
2670 3019 163 57 Mais

336 3104 156 46 cette
525 3095 444 79 transposition,
997 3095 511 82 théoriquement,
1531 3114 85 44 est
1649 3100 289 80 supposée
1971 3103 376 60 inexistante.
2377 3105 100 59 On
2513 3107 136 57 n'en
2683 3107 150 57 tient

330 3254 53 25 ou
406 3242 250 39 instruction.
680 3243 111 38 Mais
812 3242 46 39 ils
875 3257 48 25 ne
936 3258 38 25 se
988 3254 89 29 sont
1092 3258 67 40 pas
1176 3246 194 40 accordés.
1432 3249 149 48 (Lettre
1595 3249 53 38 du
1672 3264 13 23 i
1733 3248 133 54 Juillet
1889 3253 136 49 1666.)
2046 3250 119 51 (Bibl.
2190 3254 91 38 Nat.
2297 3255 94 40 MS.
2409 3257 139 49 Franç.
2574 3259 121 48 9360,
2715 3262 44 34 n°
2777 3271 18 35 3
2816 3257 17 54 )

444 3300 33 36 L
495 3308 156 30 entente
673 3314 92 25 avec
786 3302 12 37 1
816 3302 163 47 éditeur,
996 3304 68 50 qui
1086 3318 25 23 n
1130 3304 103 38 avait
1253 3318 54 39 pu
1329 3318 37 25 se
1387 3304 95 41 faire
1503 3319 48 26 en
1577 3311 117 43 1666,
1711 3308 103 39 avait
1835 3307 71 40 fini
1927 3323 71 38 par
2018 3311 109 38 avoir
2147 3309 80 41 lieu
2249 3312 95 40 trois
2364 3326 70 26 ans
2451 3312 89 55 plus
2560 3315 98 47 tard,
2677 3328 155 26 comme

329 3368 54 25 on
406 3353 35 41 le
462 3356 94 38 voit.

487 3426 57 36 La
565 3426 177 37 Méthode
762 3427 48 37 de
833 3425 157 54 Fleury,
1014 3429 69 50 qui
1105 3431 24 36 d
1147 3428 155 41 ailleurs
1333 3439 55 30 est
1409 3432 170 39 destinée
1601 3434 22 37 à
1644 3434 220 52 apprendre
1895 3432 413 56 l'accompagnement
2329 3439 23 39 à
2371 3452 101 27 ceux
2502 3441 68 51 qui
2592 3441 85 51 déjà
2698 3450 134 31 savent

323 3481 119 50 jouer
462 3482 47 37 de
531 3481 281 49 Pinstrument,
831 3498 50 25 ne
901 3485 58 38 dit
979 3486 85 38 rien
1087 3500 81 25 non
1186 3485 88 54 plus
1295 3488 55 38 du
1371 3488 187 40 véritable
1579 3490 188 52 diapason
1790 3492 65 37 des
1877 3493 136 38 cordes
2033 3494 254 52 supérieures.

442 3539 55 38 Le
522 3538 139 39 Traité
672 3540 391 51 d'Accompagnement
1082 3544 48 38 de
1151 3542 137 40 Delair
1318 3554 56 30 est
1404 3544 87 55 plus
1522 3544 193 55 explicite.
1785 3549 73 36 Sur
1879 3546 34 41 le
1936 3550 198 48 Théorbe,
2168 3551 156 48 écrit-il,
2348 3551 28 40 il
2406 3556 70 50 n'y
2506 3568 22 25 a
2548 3554 114 54 point
2685 3556 47 38 de
2756 3553 81 41 clef

325 3594 51 39 de
397 3596 156 47 Dessus,
576 3597 24 36 d
619 3606 139 28 autant
780 3612 76 36 que
878 3608 59 29 cet
958 3599 240 40 instrument
1220 3615 25 24 n
1263 3615 21 24 a
1305 3615 67 39 pas
1393 3616 99 24 assez
1514 3603 24 38 d
1555 3605 168 37 etendue
1743 3605 96 38 dans
1860 3603 35 41 le
1917 3606 97 38 haut
2034 3620 103 39 pour
2176 3607 157 41 fournir
2354 3612 22 38 à
2404 3610 197 41 l'étendue
2633 3612 66 39 des
2729 3612 100 39 dites

325 3650 109 41 clefs.
459 3653 111 39 Mais
591 3666 52 26 on
664 3652 160 55 supplée
845 3656 22 38 à
888 3669 42 26 ce
951 3656 136 40 défaut
1108 3671 47 25 en
1177 3667 169 44 prenant
1366 3657 52 41 les
1441 3669 109 30 notes
1571 3661 54 38 du
1647 3661 130 39 dessus
1799 3675 77 26 une
1898 3672 135 31 octave
2054 3662 87 55 plus
