1529 2286
141 268 103 10 MATERNITY

140 289 31 10 From
175 289 15 10 Le
193 289 29 11 Mot,
226 289 35 11 Paris,
265 289 39 10 March
308 289 41 11 6,1915.

153 302 7 10 I
165 302 27 10 wish
200 303 10 9 to
217 302 18 10 tell
242 304 21 10 you
270 302 61 12 something
339 302 23 9 that
369 302 45 9 borders
421 304 14 7 on

140 315 18 10 the
166 315 51 10 sublime.
233 315 41 10 Unable
282 316 11 9 to
301 315 26 10 hide
335 315 20 10 her
362 315 43 12 anxiety
414 317 21 10 any

139 328 41 13 longer,
188 331 6 7 a
202 328 81 10 chambermaid
290 328 12 13 of
308 328 54 10 Madame
369 328 15 9 de
392 328 11 10 F.
410 330 19 7 con-

138 342 40 12 fessed
185 342 22 9 that
214 342 21 9 she
242 342 22 9 had
271 341 25 12 had,
304 342 40 11 twenty
350 344 33 9 years
390 344 24 9 ago,
421 344 14 7 an

139 355 68 12 illegitimate
211 355 29 10 child
245 355 22 10 and
272 355 24 10 that
301 355 23 10 that
329 355 29 10 child
363 357 22 7 was
388 354 47 13 fighting

139 368 11 10 in
157 368 19 10 the
183 368 53 13 Argonne.

154 381 34 12 Then,
196 384 13 7 as
215 381 54 10 Madame
275 381 12 10 F.
294 381 67 13 reproached
367 381 19 10 the
392 381 20 12 girl
417 381 19 12 for

139 395 40 12 having
183 395 56 10 remained
243 395 32 10 silent
279 397 13 8 so
295 395 25 12 long
325 394 22 11 and
353 397 22 7 was
380 394 56 12 consoling

139 407 21 10 her
165 408 13 12 by
185 408 60 12 reminding
251 408 19 10 her
276 408 23 10 that
304 408 20 9 her
329 410 24 7 own
359 410 20 7 son
385 410 22 7 was
412 407 23 10 also

139 424 15 7 on
161 421 19 10 the
184 421 34 12 firing
225 421 26 10 line.
378 421 57 10 answered

140 434 18 10 the
162 434 33 12 maid,
218 435 10 10 is
232 435 18 10 not
254 435 19 9 the
276 437 32 7 same
312 434 34 13 thing;
354 437 18 9 my
376 434 21 12 boy
401 434 14 12 by
419 434 17 9 his

138 447 24 12 fine
169 447 59 10 behaviour
234 448 20 9 has
259 447 33 13 given
299 450 18 7 me
324 447 27 10 back
357 450 18 9 my
381 447 47 10 honor!’’

153 461 45 12 Lasting
205 464 52 9 remorse,
265 461 44 10 humble
315 461 35 12 pride,
356 461 43 12 patient
405 460 24 10 wait-

139 473 23 13 ing.
177 474 27 10 That
210 474 9 10 is
226 474 18 10 the
250 474 23 10 real
278 474 42 10 French
326 476 46 8 woman.

141 504 54 11 BEING
207 504 65 11 HUMAN
284 504 16 11 IN
312 504 40 11 NEW
362 504 50 11 YORK

154 526 8 9 A
169 526 52 11 company
228 526 12 11 of
245 526 28 9 Irish
278 526 44 11 players
324 530 12 2 —
337 526 56 9 amateurs
394 526 42 9 —have

141 538 28 10 been
176 538 36 13 giving
218 538 82 13 performances
308 539 11 9 at
324 539 19 9 the
351 538 85 13 Neighborhood

140 551 62 13 Playhouse
211 555 14 7 on
235 551 38 11 Grand
282 552 40 10 Street.
341 551 34 11 When
385 551 51 13 reaching

141 565 18 10 the
166 565 43 10 theater
212 565 31 12 from
247 565 19 10 the
272 565 33 10 Third
310 565 44 10 Avenue
359 565 51 9 elevated
414 567 22 8 one

140 578 20 10 has
169 579 10 9 to
188 578 28 10 walk
223 578 43 10 several
275 578 37 10 blocks
320 578 32 10 down
360 578 22 10 this
390 578 46 13 densely

139 591 59 12 populated
201 592 37 10 street.
254 591 11 13 If
266 594 22 9 you
292 595 18 7 are
315 591 72 12 walking—as
392 591 8 10 is
403 591 27 12 prob-

140 605 50 9 able—at
197 605 19 10 the
222 605 23 12 gait
251 605 12 12 of
270 608 6 6 a
283 607 25 8 man
316 605 23 9 who
346 605 21 9 has
374 605 11 9 to
392 605 31 9 catch
430 608 6 7 a

140 617 28 11 train
178 621 12 7 or
200 618 33 10 make
243 621 14 7 an
267 617 74 13 appointment
351 621 21 9 you
383 617 21 11 will
412 617 25 13 feel

140 631 50 12 annoyed
198 632 11 9 at
216 631 19 10 the
242 631 51 12 leisurely
299 632 28 11 pace
334 631 13 12 of
353 631 19 10 the
378 631 40 12 people
425 631 11 10 in

140 644 18 10 the
166 645 38 9 street.
221 644 34 10 While
262 647 22 10 you
291 644 36 13 dodge
335 644 11 10 in
354 644 22 10 and
383 645 19 9 out
411 645 25 12 they

139 660 19 7 are
165 657 49 13 strolling
219 657 38 12 slowly
263 659 14 11 up
284 657 22 11 and
311 657 32 11 down
350 661 12 7 or
367 657 49 12 chatting
422 661 14 7 on

140 671 18 9 the
173 671 66 12 door-steps.
255 671 29 12 They
299 674 20 7 are
333 671 32 12 going
381 671 55 10 nowhere.

141 683 29 13 They
175 687 19 7 are
199 684 11 10 in
215 684 18 10 the
238 685 35 9 street
276 684 18 12 for
299 687 14 7 no
317 685 48 12 purpose
371 684 19 10 but
395 685 10 9 to
411 684 26 10 take

140 700 6 7 a
152 697 38 10 breath
195 697 12 12 of
214 697 19 11 air.
248 697 61 11 Husbands
313 697 23 10 and
343 697 32 10 wives
381 697 28 10 walk
412 701 23 6 arm

140 710 11 10 in
158 713 28 7 arm.
200 710 30 11 Such
238 710 37 13 things
283 713 19 7 are
309 711 19 9 not
339 711 30 9 done
381 713 14 7 on
407 711 29 12 Fifth

140 723 48 11 Avenue.
204 724 29 12 They
239 723 44 13 impede
288 723 71 13 speed—and
365 723 44 11 besides
415 727 21 7 one

139 737 40 9 should
186 738 18 9 not
211 737 41 12 display
259 737 51 12 affection
317 737 10 10 in
332 737 41 12 public.

156 750 34 10 When
195 750 19 10 the
220 750 42 10 curtain
266 750 27 13 falls
299 751 11 9 at
317 750 19 10 the
342 750 22 10 end
369 750 13 13 of
387 750 18 10 the
411 751 18 12 per-

139 763 57 13 formance
203 766 21 10 you
232 763 35 11 notice
275 763 23 11 that
306 763 30 11 three
343 763 62 13 plays—six
412 764 24 10 acts

140 776 11 10 in
156 776 56 10 all—have
218 777 28 9 been
250 777 41 12 played
296 777 10 10 in
312 777 18 10 the
335 779 32 7 same
371 777 51 12 settings.
423 782 13 1 —

141 789 23 11 The
167 789 32 13 plays
205 789 39 11 violate
249 790 19 10 the
273 790 29 10 rules
307 790 12 12 of
322 790 54 10 dramatic
380 791 50 9 construc-

141 803 25 9 tion.
182 803 22 10 The
214 804 36 9 actors
261 803 31 10 know
302 803 27 11 little
339 803 13 13 of
360 803 19 11 the
388 803 27 10 laws
425 803 12 13 of

140 816 39 12 acting.
195 816 19 10 Yet
221 816 24 13 they
251 816 26 10 hold
280 819 28 10 your
314 816 53 10 attention
374 816 23 10 and
402 816 28 10 inter-

141 830 20 11 est,
171 830 21 9 and
202 830 31 10 when
242 833 22 9 you
273 830 33 10 reach
315 830 33 10 home
357 833 22 9 you
386 830 24 12 feel
419 833 12 7 re-

139 842 49 12 freshed.
204 843 22 10 You
232 843 28 10 have
265 843 33 13 spent
303 846 6 7 a
312 843 24 13 few
341 843 33 10 hours
378 843 25 13 free
406 843 30 13 from

140 856 29 10 rules
174 856 23 10 and
201 856 75 10 conventions.
292 856 22 10 You
319 856 28 10 have
352 856 22 10 had
379 859 6 7 a
390 856 47 13 glimpse

139 870 12 8 at
160 869 22 10 real
190 869 41 10 human
240 869 42 13 beings,
291 870 24 10 who
323 870 28 10 have
359 870 50 10 retained
418 870 19 10 the

139 885 47 9 courage
193 883 11 9 to
210 882 14 10 be
230 882 28 11 their
264 882 39 14 simple
309 882 40 11 selves.

140 912 65 12 WATCH
216 913 54 12 THEIR
280 913 58 12 STEPS

154 933 65 13 Apollinaire
231 934 23 10 that
265 935 55 12 profound
331 934 52 10 observer
395 934 12 13 of
418 934 18 10 the

140 947 61 12 superficial
211 947 46 12 brought
267 948 11 9 to
287 947 41 10 artistic
338 947 70 13 significance
418 947 19 10 the

140 960 60 13 squeaking
211 961 12 12 of
233 961 19 10 the
263 961 31 10 “new
305 961 33 10 shoes
348 961 13 12 of
371 961 18 10 the
399 961 37 12 poet.”

141 973 59 13 Unhappily
209 976 16 7 we
232 974 28 9 have
268 977 14 7 no
288 975 27 12 poet
322 974 11 10 in
341 974 27 10 New
377 974 28 9 York
412 974 25 10 who

140 987 32 10 could
177 987 24 12 sing
207 987 12 12 of
223 987 19 10 the
244 987 37 12 forms
285 987 13 13 of
304 987 18 10 the
326 987 34 10 shoes
365 987 23 10 that
394 990 43 7 women

154 1013 20 10 For
181 1013 18 10 the
202 1013 26 12 first
234 1013 26 10 time
266 1013 19 10 the
290 1013 30 13 spirit
326 1013 12 13 of
343 1013 45 10 modern
394 1014 17 9 art
416 1013 21 10 has

141 1026 28 10 been
174 1027 59 12 genuinely
240 1027 67 12 manifested
313 1027 11 10 in
332 1027 21 10 this
360 1027 48 12 country.

156 1039 55 10 Women’s
220 1040 34 10 shoes
263 1040 37 10 reveal
310 1043 6 7 a
325 1043 25 7 new
360 1040 56 12 mentality
426 1041 11 8 at

140 1053 33 10 work.

592 1230 24 26 A
637 1231 129 27 BUNCH
785 1231 52 27 OF
857 1231 98 27 KEYS

808 2167 15 14 J.
834 2167 17 14 B.
862 2167 97 15 KERFOOT

1018 831 28 24 LE
1065 831 47 30 COQ
1130 831 104 24 GAULOIS

544 888 69 17 STEICHEN

1093 922 11 9 to
1110 922 29 9 heed
1146 922 18 10 the
1170 922 43 12 yelping
1220 921 12 13 of
1238 921 18 10 the
1262 921 39 12 yellow
1305 921 66 12 journalists
1378 921 12 12 of

1093 935 14 10 all
1115 935 42 10 shades
1165 935 23 10 that
1197 935 28 10 have
1233 935 61 12 constantly
1302 934 52 10 hounded
1362 934 26 11 him,

1093 948 40 10 certain
1143 948 23 11 that
1175 948 32 10 those
1216 948 24 10 who
1249 948 30 10 cried
1287 948 19 9 out
1315 947 42 12 against
1366 947 22 10 him

1093 962 29 9 most
1128 964 29 7 were
1163 961 31 10 those
1201 961 24 10 who
1231 962 29 9 most
1266 961 44 10 needed
1315 961 18 10 his
1340 961 48 11 wisdom,

1093 975 14 10 he
1113 975 20 10 has
1138 978 29 9 gone
1173 978 14 7 on
1193 975 51 12 working,
1250 974 48 12 meeting
1303 974 14 10 all
1323 974 65 10 hindrances

1093 988 22 10 and
1120 988 65 13 difficulties,
1192 988 35 12 lastly,
1233 987 43 13 turning
1282 987 22 10 into
1310 987 18 10 the
1334 987 54 12 country's

1093 1002 48 11 greatest
1147 1001 28 13 good
1183 1001 18 10 the
1206 1002 46 12 present
1259 1001 58 12 cataclysm
1325 1001 23 9 that
1355 1000 34 13 might

1093 1018 12 7 so
1112 1015 33 12 easily
1152 1015 28 10 have
1187 1015 27 9 been
1220 1015 15 9 its
1241 1014 27 10 ruin.

1107 1028 10 13 If
1124 1031 16 7 we
1148 1028 27 10 wish
1185 1028 10 10 to
1201 1027 26 13 find
1235 1027 19 10 the
1262 1028 49 11 greatest
1320 1026 69 13 imaginative

1093 1042 41 11 powers
1139 1041 12 13 of
1154 1044 20 7 our
1178 1041 49 12 country,
1231 1041 15 10 do
1251 1043 16 7 we
1271 1040 31 10 think
1306 1040 13 12 of
1322 1042 19 8 our
1345 1039 44 10 artists?

1094 1055 22 9 The
1122 1054 50 13 question
1178 1055 9 9 is
1193 1054 40 10 almost
1239 1054 54 9 ludicrous
1300 1053 31 10 when
1337 1056 17 7 we
1359 1056 22 7 com-

1093 1069 26 11 pare
1128 1068 19 9 the
1156 1067 48 10 realized
1213 1067 76 12 imaginations
1298 1067 13 12 of
1320 1067 18 9 the
1348 1066 41 10 artistic

1093 1081 22 10 and
1125 1081 18 10 the
1154 1081 51 10 business
1216 1080 36 10 world.
1268 1080 39 10 Where
1315 1079 9 10 is
1333 1082 19 7 our
1361 1080 28 9 most

1093 1094 54 13 effective,
1153 1097 20 7 our
1179 1095 29 9 most
1213 1094 75 9 adventurous
1294 1093 53 12 thought?
1363 1093 26 9 Who

1093 1109 43 8 creates
1141 1107 22 10 and
1168 1107 39 12 guides
1211 1107 22 10 and
1238 1107 51 12 supports
1292 1109 20 7 our
1315 1106 73 11 universities,

1093 1124 20 7 our
1122 1121 60 10 charitable
1192 1120 22 10 and
1224 1120 41 10 artistic
1275 1119 22 10 and
1307 1119 53 12 scientific
1370 1122 13 7 en-

1093 1135 47 9 deavors
1145 1134 12 12 of
1162 1136 32 10 every
1199 1133 29 10 sort?
1242 1133 13 10 In
1260 1133 31 10 short
1296 1133 25 9 who
1326 1133 9 10 is
1341 1133 18 9 the
1364 1132 25 13 only

1094 1150 25 7 man
1129 1147 45 10 without
1184 1147 35 10 whom
1230 1149 16 7 we
1256 1146 32 10 could
1297 1147 19 8 not
1325 1147 19 11 get
1354 1145 35 12 along,

1093 1161 64 12 politicians,
1162 1160 34 10 social
1202 1160 47 10 workers
1254 1159 22 10 and
1281 1159 41 12 college
1326 1159 63 12 professors

1093 1173 106 13 notwithstanding?
1214 1173 44 12 Finally,
1268 1173 9 12 if
1286 1175 36 10 wrong
1331 1172 21 10 has
1361 1172 28 10 been

1093 1187 33 12 done,
1133 1187 23 10 who
1162 1187 20 10 has
1188 1187 28 10 been
1222 1186 22 10 and
1251 1186 20 10 will
1277 1185 51 11 continue
1335 1186 10 10 to
1352 1185 13 11 be
1371 1185 19 11 the

1093 1201 26 12 only
1126 1203 26 8 man
1159 1200 26 10 with
1192 1199 55 13 sufficient
1254 1199 65 12 knowledge
1326 1199 11 10 to
1345 1199 45 12 remedy

1094 1214 31 10 those
1133 1213 48 13 wrongs?
1197 1213 23 10 The
1227 1215 43 8 answer
1277 1213 11 9 to
1296 1212 14 10 all
1318 1212 32 10 these
1356 1215 27 9 ques-

1094 1227 28 10 tions
1129 1227 9 10 is
1145 1228 18 9 too
1169 1226 50 11 obvious.
1234 1226 23 10 Our
1263 1225 34 11 social
1303 1226 55 10 structure
1365 1228 25 9 may

1094 1241 13 9 be
1115 1244 7 6 a
1130 1240 50 10 machine
1188 1239 24 10 that
1220 1239 9 10 is
1237 1239 45 12 clumsy,
1291 1238 63 13 inefficient,
1362 1238 23 10 anti-

1093 1254 44 12 quated,
1143 1253 19 10 but
1167 1253 34 12 verily
1206 1253 8 10 it
1219 1252 27 10 hath
1251 1252 14 10 its
1269 1251 25 13 god.

1100 1287 70 31 £9l

1093 1339 101 15 —TWELVE
1200 1339 95 14 NUMBERS
1301 1339 13 13 A
1319 1338 71 14 YEAR-

1094 1366 108 14 Subscription
1214 1369 49 14 price,
1276 1369 70 10 regular
1359 1369 24 9 edi-

1093 1389 41 10 tion:
1135 1394 18 1 —
1154 1385 40 15 ONE
1215 1385 82 14 DOLLAR.
1328 1385 62 14 Special

1094 1409 61 10 EDITION
1168 1409 61 10 LIMITED
1242 1409 19 10 TO
1274 1409 31 10 ONE
1317 1408 73 10 HUNDRED

1094 1429 59 10 COPIES
1177 1429 22 10 ON
1223 1429 70 10 SPECIAL
1316 1429 54 9 PAPER
1372 1432 18 2 —

1094 1445 80 15 TWELVE
1183 1445 100 17 NUMBERS,
1291 1444 45 14 FIVE
1344 1444 35 14 DOL-

1094 1465 52 14 LARS.
1176 1465 54 14 Single
1250 1468 51 10 copies
1321 1468 69 10 regular

1094 1488 65 14 EDITION,
1178 1488 19 10 AT
1215 1488 73 10 PRESENT:
1288 1484 55 14 —NOS.
1355 1489 11 12 I,
1378 1488 12 13 2,

1094 1510 14 13 3:
1108 1509 47 9 —TEN
1169 1508 51 10 CENTS.
1239 1504 55 14 SINGLE
1308 1507 51 10 COPIES
1371 1507 19 10 DE

1094 1528 40 10 LUXE
1143 1528 66 14 EDITION,
1218 1528 19 10 AT
1246 1528 72 10 PRESENT:
1318 1531 18 2 —

1112 1545 67 13 Number
1190 1549 12 12 i,
1213 1547 21 10 on
1244 1547 45 10 light
1298 1544 49 17 Japan
1353 1543 28 14 Vel-

1094 1568 37 10 lum;
1150 1564 40 14 ONE
1199 1564 82 14 DOLLAR.

1112 1584 68 13 Number
1194 1588 12 13 2,
1221 1587 20 10 on
1254 1587 74 10 heaviest
1342 1583 48 18 Japan

1094 1604 63 14 Vellum
1180 1607 30 10 and
1233 1606 115 11 hand-colored
1371 1607 19 10 by

1094 1624 91 13 Katharine
1201 1623 18 14 N.
1235 1623 72 13 Rhoades
1322 1627 31 9 and
1368 1623 22 13 M.

1094 1647 20 10 DE
1126 1644 53 16 ZAYAS,
1192 1646 30 11 ONE
1235 1646 58 11 DOLLAR
1305 1646 30 11 AND
1348 1646 42 11 FIFTY

1094 1667 46 10 CENTS
1149 1667 29 10 FOR
1187 1666 50 10 COPIES
1248 1667 5 9 I
1263 1666 19 10 TO
1292 1667 20 13 50.
1314 1663 38 13 —AS
1361 1666 29 10 THE

1094 1686 61 11 EDITION
1171 1686 69 11 BECOMES
1256 1686 89 10 EXHAUSTED
1361 1686 29 10 THE

1094 1707 43 9 PRICE
1148 1706 18 10 OF
1177 1706 53 10 SINGLE
1241 1705 50 11 COPIES
1302 1705 19 11 OF
1331 1706 30 10 THE
1371 1706 19 10 DE

1094 1726 40 11 LUXE
1148 1726 61 10 EDITION
1223 1726 18 10 OF
1255 1722 28 14 No.
1299 1726 6 9 2
1320 1726 37 9 WILL
1371 1726 19 9 BE

1094 1746 83 10 INCREASED
1183 1745 18 11 AS
1208 1745 74 11 FOLLOWS:

1095 1763 55 14 Copies
1157 1766 15 14 51
1180 1765 18 10 to
1205 1763 18 12 60
1270 1761 42 18 $2.50
1318 1765 29 10 per
1353 1765 38 10 copy

1118 1782 8 6 “
1158 1783 16 13 61
1181 1785 19 10 to
1208 1786 17 13 70
1279 1786 31 13 3.50
1326 1781 8 6 “
1373 1781 8 6 “

1118 1802 8 6 “
1159 1806 15 13 71
1181 1805 19 10 TO
1207 1802 17 13 80
1280 1806 30 13 5.00
1326 1801 9 6 “
1373 1801 8 7 “

1118 1822 8 6 “
1158 1822 16 13 8l
1181 1825 19 10 TO
1207 1826 17 13 90
1280 1825 30 14 7.50
1326 1821 8 6 “
1373 1821 8 6 “

1118 1841 8 7 “
1158 1846 16 12 91
1181 1844 19 11 TO
1208 1846 25 9 100
1272 1846 38 9 10.00
1326 1841 8 6 “
1373 1841 8 6 “

1112 1862 68 13 Number
1194 1865 12 14 3,
1221 1864 21 10 on
1255 1864 74 10 heaviest
1342 1861 49 17 Japan

1094 1881 70 14 Vellum:
1176 1884 30 11 one
1216 1884 61 10 dollar.

1112 1901 87 13 Published
1211 1904 19 10 by
1243 1900 50 18 “291”,
1307 1905 24 13 291
1345 1900 46 14 Fifth

1094 1921 69 17 Avenue,
1171 1921 38 13 New
1216 1921 49 16 York,
1274 1921 18 13 N.
1300 1920 17 14 Y.

1112 1941 31 13 All
1154 1944 133 10 communications
1298 1944 30 10 and
1338 1944 44 9 remit-

1094 1964 56 10 tances
1158 1964 18 10 TO
1184 1964 20 10 BE
1211 1963 86 11 ADDRESSED
1304 1963 18 11 TO
1330 1960 61 13 ALFRED

1094 1980 80 14 Stieglitz.

1112 2013 34 15 Our
1161 2017 41 10 next
1217 2017 46 14 issue,
1280 2014 28 13 No.
1324 2018 14 12 4,
1354 2017 38 10 will

1094 2037 65 10 CONTAIN
1173 2038 10 9 A
1197 2037 75 10 HITHERTO
1286 2036 105 11 UNPUBLISHED

1094 2057 41 10 POEM
1144 2057 20 10 BY

1161 2077 50 13 PAUL
1223 2076 101 15 VERLAINE

1094 2100 41 10 FROM
1152 2100 21 11 AN
1190 2100 90 10 AUTOGRAPH
1296 2100 95 10 MANUSCRIPT

1094 2120 17 10 IN
1119 2120 88 10 POSSESSION
1214 2120 19 10 OF
1241 2120 30 10 THE
1279 2119 45 11 HEIRS
1333 2119 19 11 OF
1361 2119 30 11 THE

1094 2140 38 10 late
1145 2137 71 13 Philippe
1230 2137 57 16 Burty,
1301 2140 28 9 art
1343 2139 48 10 critic

1094 2160 30 10 AND
1132 2160 55 10 FRIEND
1195 2159 18 11 OF
1220 2159 29 11 THE
1257 2156 62 14 FRENCH
1326 2159 42 10 POET.

472 921 29 13 They
513 921 34 10 break
558 924 30 10 away
599 921 29 13 from
640 922 69 10 convention.
724 922 30 12 They

457 935 25 12 give
487 935 19 10 the
511 935 53 12 pleasure
569 935 13 12 of
587 935 19 10 the
613 935 71 12 unexpected.

472 948 29 12 They
508 951 19 7 are
534 948 19 10 the
560 948 63 13 expression
630 947 14 14 of
649 951 6 7 a
662 948 25 10 love
693 948 13 13 of
712 948 42 11 dishar-

473 975 29 12 They
505 974 29 10 have
537 977 14 7 no
555 974 47 13 rhythm.

473 987 29 13 They
506 987 29 10 have
539 990 15 7 no
559 987 48 10 balance.

473 1001 29 12 They
509 1001 62 12 synthetize
579 1001 18 10 the
604 1001 52 10 abstract.

472 1014 48 10 Another
526 1014 55 13 profound
588 1014 52 10 observer
648 1014 12 13 of
667 1014 19 10 the
693 1014 62 13 superficial

458 1027 24 10 said
487 1027 23 10 that
513 1027 48 12 perhaps
567 1027 18 10 the
590 1027 30 13 spirit
625 1027 13 12 of
642 1027 46 10 modern
693 1028 17 9 art
715 1027 40 12 having

456 1040 35 13 failed
499 1041 11 9 to
518 1041 32 9 reach
559 1041 19 10 the
585 1041 35 9 heads
628 1041 12 12 of
647 1041 19 10 the
673 1041 64 10 Americans
745 1041 10 10 is

458 1053 34 13 trying
499 1055 11 8 to
515 1055 19 11 get
539 1053 23 10 into
568 1053 28 10 their
600 1053 28 13 feet.

776 922 35 12 AVE
822 922 73 11 CAESAR
907 922 131 12 IMPERATOR!!!

776 940 89 11 MORITURI
877 940 21 11 TE
910 940 103 11 SALUTANT!

789 961 42 12 Among
839 961 14 10 all
860 961 19 10 the
886 961 41 12 talking
934 961 22 10 and
964 961 41 12 writing
1012 961 22 10 and
1041 961 31 10 other

773 975 36 12 forms
815 975 13 12 of
833 974 93 13 trouble-making
932 974 23 10 that
960 977 21 7 our
987 974 45 10 modern
1038 974 34 9 social

775 988 38 9 unrest
824 988 20 9 has
854 987 60 13 produced,
926 990 21 7 one
957 988 41 11 person
1009 987 25 12 only
1044 990 28 9 goes

775 1001 46 12 steadily
830 1001 48 11 onward,
887 1001 19 9 the
916 1000 78 10 AMERICAN
1002 1000 70 10 BUSINESS

775 1014 37 10 MAN.
823 1014 22 10 Too
847 1014 68 12 far-sighted
920 1014 23 9 and
948 1015 18 8 too
969 1016 36 7 aware
1011 1013 12 13 of
1027 1013 17 10 his
1047 1016 25 7 own

776 1027 33 10 worth
814 1028 11 9 to
830 1027 24 10 lose
858 1027 35 10 either
898 1027 17 10 his
919 1027 55 12 optimism
980 1030 12 7 or
995 1027 18 10 his
1017 1027 55 12 efficiency

775 1041 39 12 during
821 1041 19 10 the
847 1043 32 10 many
884 1043 33 10 years
922 1040 12 13 of
941 1041 50 9 constant
996 1040 76 12 unintelligent

775 1054 40 11 attack,
827 1055 18 8 too
854 1053 73 13 preoccupied
939 1053 13 13 by
964 1053 58 13 important
1034 1054 38 9 events

464 889 55 16 Drawing
527 889 15 16 by
