2725 4038
289 3612 70 38 LA
385 3601 125 49 CITÉ

1327 3609 60 49 50

2001 3629 303 40 SEPTEMBRE
2333 3634 92 37 1919

883 276 1003 55 URBANISME

198 447 115 41 sisté,
345 463 73 23 ces
447 446 198 43 derniers
675 460 158 39 temps,
866 468 71 23 sur
966 451 40 40 la
1036 455 215 39 nécessité
1283 453 56 41 de

197 505 372 50 n'entreprendre
605 526 144 24 aucun
786 510 157 41 travail
982 510 356 43 d'urbanisation

198 576 138 30 avant
367 566 178 44 d'avoir
572 571 124 38 réuni
726 585 87 24 une
845 569 372 44 documentation
1250 573 89 44 fort

198 627 228 48 complète
457 638 44 30 et
533 627 150 41 dressé
713 646 58 24 un
804 646 290 34 programme
1124 631 104 42 bien
1263 633 50 41 dé-

199 684 88 42 fini.
329 686 275 43 Constatons
640 705 112 24 avec
786 690 278 41 satisfaction
1101 708 87 33 que
1226 692 113 42 leurs

198 747 190 40 conseils
417 758 79 30 ont
526 750 69 38 été
625 748 276 49 pleinement
929 753 134 38 suivis
1091 768 116 32 pour
1235 751 26 42 Y
1270 771 46 23 or-

198 807 251 47 ganisation
479 807 57 40 de
562 825 52 22 ce
640 825 219 24 concours
887 809 195 42 modèle.

264 865 44 40 Si
331 865 92 42 ron
448 865 171 43 voulait
642 870 26 38 à
693 877 97 31 tout
812 870 99 48 prix
933 868 172 43 relever
1129 870 63 42 les
1216 871 97 50 quel-

197 941 109 33 ques
333 928 150 46 points
511 926 160 41 faibles
699 927 57 40 de
781 945 52 23 ce
860 945 303 34 programme,
1195 948 52 23 ce
1272 948 44 25 se-

197 987 94 43 rait,
331 1002 101 24 sans
469 986 151 46 doute,
658 1004 88 24 aux
780 986 170 43 clauses
984 1001 277 31 concernant
1294 990 42 42 la

194 1047 304 47 composition
527 1045 60 41 du
613 1049 100 47 jury
738 1046 105 51 qu'il
872 1047 196 42 faudrait
1092 1048 246 52 s'attaquer

197 1114 97 31 tout
333 1104 209 41 d'abord.
586 1105 73 42 On
699 1123 29 32 y
766 1117 210 31 retrouve
1012 1118 119 31 cette
1171 1112 162 43 manie,

194 1180 124 24 assez
365 1164 209 50 générale
620 1164 107 43 chez
774 1182 83 24 nos
901 1169 169 39 voisins
1119 1168 59 41 du
1225 1168 107 47 Sud,

194 1222 266 43 d'accorder
525 1241 84 24 une
673 1223 129 52 place
863 1226 371 50 prépondérante
1279 1246 55 24 au

193 1282 172 42 monde
390 1283 167 41 officiel
583 1295 44 31 et
651 1283 331 50 administratif,
1009 1303 58 25 au
1093 1286 242 43 détriment

194 1341 81 42 des
306 1342 269 43 techniciens
604 1354 45 31 et
679 1343 353 51 professionnels
1063 1348 87 48 qui,
1187 1364 58 24 on
1279 1364 55 24 ne

193 1412 110 39 peut
336 1401 42 42 le
412 1404 106 44 nier,
557 1413 102 32 sont
710 1402 116 43 seuls
858 1404 106 42 bien
999 1408 26 38 à
1060 1404 94 43 leur
1204 1406 130 50 place

194 1461 114 42 dans
334 1461 63 42 les
425 1462 226 42 fonctions
678 1462 59 43 de
762 1466 140 49 juges.
934 1463 84 43 Les
1044 1477 290 30 concurrents

193 1520 188 42 doivent
414 1538 47 24 se
495 1522 262 47 demander,
794 1540 92 24 non
919 1541 102 24 sans
1054 1524 192 50 frayeur,
1281 1542 52 24 ce

191 1597 87 34 que
310 1592 103 30 sont
445 1581 79 41 des
557 1581 321 43 délibérations
909 1583 261 51 auxquelles
1201 1602 105 34 pren-

191 1651 108 30 nent
318 1651 101 39 part
440 1651 96 31 tant
557 1641 58 41 de
635 1658 108 33 gens
762 1640 258 44 chamarrés
1040 1654 45 30 et
1106 1643 58 42 de
1183 1644 149 42 beaux

190 1699 211 50 parleurs.
426 1698 122 43 Tous
569 1700 115 42 leurs
703 1703 172 48 espoirs
895 1705 130 44 iront,
1051 1719 103 25 sans
1175 1703 152 48 doute,

190 1775 101 25 vers
321 1758 115 43 leurs
465 1777 188 33 propres
682 1760 94 42 élus
804 1772 45 31 et
876 1761 63 42 les
969 1762 215 51 quelques
1212 1766 119 47 jurés

191 1817 136 42 d'une
352 1821 191 39 autorité
569 1820 310 42 indiscutable.

258 1877 54 42 Et
348 1877 51 42 ils
433 1877 289 47 s'attendent,
763 1897 103 24 sans
903 1880 152 48 doute,
1097 1884 25 39 à
1158 1899 52 24 ce
1244 1900 87 33 que

189 1940 145 48 parmi
364 1954 85 25 eux
477 1955 47 24 se
553 1949 159 31 trouve
739 1938 115 43 celui
882 1943 75 47 qui
986 1957 48 25 se
1062 1951 179 32 montre
1269 1959 59 24 un

187 1996 229 42 urbaniste
438 1997 282 51 clairvoyant
743 2016 55 24 en
823 1998 96 43 leur
940 1999 247 48 adressant,
1216 1999 113 44 dans

187 2055 43 42 le
255 2073 304 34 programme,
589 2074 74 25 ces
690 2074 130 35 sages
846 2058 190 42 conseils
1065 2062 73 48 qui
1166 2062 164 39 situent

188 2126 285 31 exactement
500 2116 42 41 le
569 2116 238 51 problème
844 2135 7 23 :

301 2346 271 62 Échos
635 2352 75 57 et
774 2346 434 63 Nouvelles

250 2503 79 42 LA
359 2503 551 44 RECONSTRUCTION
938 2505 253 43 D'YPRES
1220 2540 7 7 .

183 2563 73 40 Un
280 2563 360 50 correspondant
665 2563 116 42 local
806 2582 113 25 nous
943 2565 183 41 adresse
1150 2565 42 41 la
1216 2577 108 30 note

183 2624 204 40 suivante
419 2639 9 25 :
1219 2647 8 6 •

247 2691 31 31 *«
308 2681 157 42 Avant
492 2681 42 42 la
561 2699 170 34 guerre,
762 2682 62 43 M.
856 2683 209 43 Cooman
1094 2686 108 40 était
1228 2684 77 42 l'in-

185 2743 181 48 génieur
392 2751 45 31 et
463 2740 26 42 F
496 2740 242 44 architecte
765 2741 58 43 de
848 2741 43 43 la
919 2742 105 42 ville
1052 2742 208 52 d'Ypres.
1291 2743 32 43 Il

183 2799 14 41 l
217 2810 67 31 est
305 2817 164 25 encore
491 2812 44 31 et
557 2818 68 24 ses
646 2800 127 43 chefs
793 2801 331 52 hiérarchiques
1147 2803 59 42 lui
1228 2814 93 36 ont,

184 2869 99 31 tout
306 2859 357 48 naturellement,
691 2860 149 43 confié
898 2860 64 43 les
1018 2862 131 51 plans
1176 2862 58 42 de
1258 2879 44 25 re-

183 2921 304 40 construction
516 2919 57 42 de
600 2919 42 42 la
670 2919 117 43 ville.
819 2920 87 43 Ces
933 2921 130 51 plans
1089 2932 105 32 sont
1221 2922 102 42 faits

185 2977 159 51 depuis
376 2977 270 52 longtemps.
686 2979 125 43 Nous
845 2983 206 39 écrivons
1101 2981 132 52 plans
1267 2999 56 25 au

183 3036 172 52 pluriel,
382 3055 75 24 car
479 3038 29 41 il
528 3040 81 48 n'y
632 3056 26 25 a
680 3056 82 34 pas
785 3057 87 33 que
895 3044 42 37 le
960 3045 107 46 plan
1091 3047 174 41 terrien,
1293 3041 27 42 il

181 3114 31 33 y
246 3114 26 24 a
310 3114 163 24 encore
511 3097 81 42 des
626 3097 131 52 plans
793 3099 298 49 d'élévation;
1130 3100 52 42 ils
1218 3111 104 32 sont

179 3173 179 34 conçus,
399 3156 320 49 évidemment,
760 3173 57 27 en
853 3158 113 52 style
1004 3160 216 52 gothique

179 3215 149 51 Ypres
367 3233 47 24 se
456 3216 97 42 doit
592 3217 107 47 cela,
741 3221 199 48 voyons!
1086 3231 46 31 et
1171 3220 150 42 furent

179 3278 194 48 exposés
395 3278 28 39 à
447 3275 42 43 la
514 3275 99 43 Cité
637 3280 297 40 reconstituée
966 3278 149 52 (Paris
1147 3279 169 51 1916),

179 3337 59 39 où
264 3334 52 42 ils
342 3338 339 48 provoquèrent
706 3339 142 40 maint
873 3340 169 40 sourire
1066 3339 248 43 malicieux.

179 3393 134 42 Voici
345 3394 41 42 la
440 3410 22 26 «
497 3394 193 43 Gazette
738 3396 81 42 des
868 3395 283 46 Beaux-Arts
1183 3415 24 26 y>
1263 3400 58 41 de

1491 468 22 25 «
1554 451 83 42 Les
1662 465 288 31 concurrents
1975 472 56 24 ne
2056 456 197 43 devront
2276 462 161 47 jamais
2463 477 73 33 per-

1421 512 79 40 dre
1528 512 57 40 de
1610 529 86 24 vue
1722 530 87 33 que
1836 513 121 42 Paris
1982 526 45 30 et
2051 515 63 42 les
2138 533 266 26 communes
2430 519 57 41 de
2511 537 48 24 sa

1418 571 221 47 banlieue,
1674 571 280 52 limitrophes
1983 592 60 24 ou
2071 592 106 30 non,
2211 588 80 30 ont
2320 594 87 26 une
2436 596 93 25 com-

1418 634 212 41 munauté
1663 632 57 41 de
1750 632 211 43 relations
1990 646 44 30 et
2063 635 232 43 d'intérêts
2325 638 115 47 telle,
2473 657 86 33 que

1417 693 333 48 pratiquement
1787 710 142 24 aucun
1969 694 238 50 problème
2260 700 300 50 économique

1418 761 44 29 et
1484 750 136 41 social
1644 768 57 24 ne
1723 763 107 39 peut
1855 757 93 37 être
1970 757 212 48 envisagé
2205 767 45 30 et
2272 757 148 42 résolu
2443 774 115 34 pour

1420 809 119 42 Paris
1568 810 105 46 seul,
1705 814 112 39 mais
1846 830 56 24 au
1931 816 146 40 moins
2106 832 114 33 pour
2248 833 87 24 une
2365 816 191 42 fraction

1419 869 58 41 de
1514 868 405 52 l'agglomération,
1961 875 142 45 sinon,
2145 873 40 42 le
2223 891 75 26 cas
2351 875 203 49 échéant,

1416 946 115 32 pour
1561 929 393 51 l'agglomération
1985 943 97 31 tout
2112 936 178 40 entière.
2326 933 31 43 Il
2388 947 77 35 est,
2500 953 56 26 en

1413 991 325 48 conséquence,
1775 992 323 42 recommandé
2148 1011 88 24 aux
2267 1007 289 30 concurrents

1418 1048 374 50 d'entreprendre
1829 1049 169 44 l'étude
2052 1051 257 43 demandée
2344 1070 111 26 avec
2493 1054 64 42 les

1415 1124 109 24 vues
1553 1107 62 41 les
1644 1108 99 50 plus
1773 1108 156 52 larges,
1963 1128 102 24 sans
2093 1129 47 23 se
2170 1115 276 48 préoccuper
2477 1116 80 39 des

1413 1169 390 49 circonscriptions
1828 1168 393 50 administratives,
2250 1182 44 31 et
2320 1188 55 26 en
2401 1173 129 51 englo-

1415 1225 111 43 bant
1559 1227 113 41 dans
1705 1227 94 42 leur
1831 1228 107 51 plan
1973 1229 80 42 des
2084 1247 265 26 communes
2384 1232 60 42 du
2477 1233 52 41 dé-

1414 1295 254 41 partement
1703 1287 58 41 de
1813 1287 42 42 la
1889 1288 145 47 Seine,
2074 1300 43 31 et
2170 1294 160 44 même,
2370 1293 90 41 s'ils
2513 1295 40 40 le

1411 1349 157 47 jugent
1599 1348 258 45 nécessaire,
1893 1347 79 43 des
2020 1354 164 45 parties
2217 1352 80 40 des
2345 1354 181 48 départe-

1415 1416 145 30 ments
1588 1408 180 45 voisins,
1799 1423 56 25 en
1883 1423 59 26 un
1972 1419 109 35 mot,
2116 1420 97 31 tout
2240 1428 51 23 ce
2320 1415 87 47 qui,
2440 1411 113 42 dans

1409 1464 94 41 leur
1558 1469 269 47 conception
1884 1470 222 40 constitue
2161 1468 392 52 l'agglomération

1411 1526 266 49 parisienne,
1711 1542 93 26 non
1836 1526 248 43 seulement
2115 1528 104 41 telle
2250 1529 164 51 qu'elle
2445 1542 109 40 peut

1412 1586 93 39 être
1542 1583 165 43 définie
1759 1587 27 40 à
1820 1585 170 42 l'heure
2041 1588 202 48 actuelle,
2284 1592 112 39 mais
2422 1596 8 29 l
2448 1589 104 43 telle

1410 1661 58 33 qu
1489 1643 50 41 ils
1580 1661 55 24 en
1677 1648 246 48 imaginent
1982 1646 40 42 le
2081 1647 386 51 développement
2507 1663 45 28 et

1411 1702 265 43 l'extension
1702 1704 113 43 dans
1836 1703 189 46 l'avenir
2048 1722 41 26 ».

1475 1762 220 51 Organisé
1717 1778 112 28 avec
1851 1782 87 24 une
1959 1766 186 50 pareille
2167 1765 175 53 largeur
2366 1768 59 42 de
2444 1786 101 28 vue,

1407 1839 53 24 ce
1488 1839 220 26 concours
1834 1824 115 43 dont
1977 1825 41 42 la
2049 1825 171 43 clôture
2250 1837 66 32 est
2347 1827 116 43 fixée
2492 1846 57 24 au

1409 1881 28 42 8
1461 1882 164 42 février
1655 1883 121 42 1920
1886 1902 57 24 ne
1964 1896 108 39 peut
2095 1902 219 35 manquer
2337 1887 57 41 de
2417 1891 110 39 susci-

1411 1952 64 30 ter
1506 1942 79 41 des
1615 1942 217 42 solutions
1863 1943 92 42 fort
1984 1947 325 40 intéressantes.
2346 1945 31 43 11
2409 1947 138 42 fixera

1408 2018 86 25 une
1523 2001 79 42 des
1629 2005 155 48 étapes
1811 2003 59 41 de
1898 2003 289 43 l'urbanisme
2214 2006 330 42 international.

2338 2124 50 42 R.
2417 2126 55 40 V.

1406 2335 211 51 l'époque
1648 2340 73 47 qui
1753 2337 164 51 daigna
1948 2356 237 26 consacrer
2214 2343 27 39 à
2269 2358 74 26 ces
2373 2352 171 41 projets

1405 2411 87 25 une
1526 2405 106 31 note
1665 2397 258 47 minuscule,
1959 2414 56 26 en
2048 2400 269 43 minuscules
2348 2407 172 38 caractè-

1406 2471 80 29 res,
1519 2471 56 24 au
1602 2455 82 42 bas
1713 2455 137 43 d'une
1877 2474 119 35 page
2030 2476 9 24 :
2074 2474 23 26 «
2120 2460 67 42 En
2215 2477 48 25 sa
2291 2462 167 50 qualité
2486 2462 58 43 de

1408 2513 233 42 «membre
1670 2514 58 42 de
1754 2514 42 44 la
1826 2516 303 45 Commission
2158 2521 278 49 provinciale
2464 2524 80 40 des

1403 2585 333 36 monuments»,
1766 2575 61 42 M.
1856 2575 210 44 Cooman
2110 2582 125 39 vient
2259 2580 144 42 d'être
2429 2581 91 42 dési-

1401 2634 86 47 gné
1510 2650 115 33 pour
1648 2633 111 43 faire
1782 2638 144 48 partie
1949 2636 59 42 de
2030 2636 44 43 la
2097 2641 290 41 commission
2411 2643 109 40 inter-

1402 2693 300 42 ministérielle
1750 2694 206 51 adjointe
1989 2714 57 25 au
2079 2696 108 43 haut
2236 2702 305 40 commissaire

1401 2768 116 33 pour
1543 2751 40 43 le
1608 2752 84 42 sud
1719 2753 59 43 de
1804 2754 42 42 la
1872 2753 205 45 Flandre.
2109 2756 202 53 Puisque,
2342 2776 55 25 en
2424 2770 118 33 cette

1391 2811 190 49 ,qualité,
1619 2812 28 41 il
1684 2830 56 24 ne
1775 2817 200 47 pourrait
2027 2826 153 40 porter
2216 2817 58 42 de
2308 2822 234 47 jugement

1402 2886 73 25 sur
1502 2888 81 24 son
1613 2889 167 34 propre
1809 2874 173 47 travail,
2014 2886 44 31 et
2087 2893 98 33 que,
2220 2876 174 43 d'autre
2424 2890 113 40 part,

1402 2928 42 42 la
1470 2930 105 42 ville
1600 2930 197 52 d'Ypres
1822 2950 55 25 ne
1903 2945 108 39 peut
2035 2935 310 44 évidemment
2369 2955 47 24 se
2440 2956 76 34 pas-

1400 3005 70 25 ser
1504 2989 58 42 de
1595 2990 129 46 l'avis
1759 2992 57 41 de
1851 2992 42 42 la
1927 2993 303 44 Commission
2266 2996 79 42 des
2380 3014 127 26 monu-

1401 3059 160 37 ments,
1588 3067 60 25 on
1673 3050 66 43 dit
1762 3051 61 42 M.
1853 3051 209 44 Cooman
2086 3071 26 24 a
2136 3055 113 42 cédé
2273 3073 83 24 son
2381 3057 158 42 travail

1402 3107 58 41 de
1482 3113 352 40 reconstruction
1858 3114 27 39 à
1908 3129 58 25 un
1990 3113 204 52 collègue
2219 3130 41 27 ».

1468 3167 125 42 Nous
1624 3172 271 48 apprécions
1930 3172 92 41 fort
2054 3172 41 42 le
2130 3173 139 42 noble
2300 3186 125 40 geste
2466 3194 8 23 :
2511 3175 27 45 il

1401 3243 113 24 nous
1545 3227 128 42 tarde
1738 3229 309 52 d'apprendre
2077 3231 42 43 le
2182 3250 109 26 nom
2341 3234 60 43 du
2448 3239 69 38 vei-

1399 3285 114 43 nard
1522 3303 107 26 ...»

2235 3295 233 42 YPROIS.

1466 3403 119 45 Tout
1625 3424 53 24 ce
1719 3410 74 49 qui
1834 3426 223 26 concerne
2099 3410 42 42 la
2184 3416 353 40 reconstruction
