2349 3952
2033 208 176 96 121

993 236 364 36 BIBLIOGRAPHIE

157 348 62 40 En
239 351 122 42 outre,
388 347 49 38 les
456 360 166 25 nuances
644 345 236 40 d'exécution
900 350 86 35 sont
1001 346 87 52 plus
1102 346 161 53 précises
1284 352 38 35 et
1340 348 202 53 indiquées,
1573 353 142 36 autant
1741 364 70 38 que
1830 353 173 50 possible,
2034 354 95 39 dans
2157 356 31 37 le

158 418 159 52 langage
336 416 204 38 ordinaire.
566 414 46 54 (Il
633 428 30 38 y
684 428 22 26 a
727 414 93 40 telle
842 414 120 40 étude
984 416 49 38 de
1054 416 109 38 Liszt
1185 418 103 37 dont
1316 417 37 39 la
1381 416 195 53 première
1605 432 161 26 mesure
1794 424 61 35 est
1881 422 306 53 accompagnée

157 488 49 38 de
228 487 83 38 huit
331 484 262 46 indications,
620 497 94 26 sans
737 484 130 52 parler
888 485 53 38 du
959 489 42 47 p.
1020 484 66 52 p.)

262 554 74 53 J'ai
360 553 174 40 cherché
555 552 22 40 à
600 555 159 37 donner
781 566 79 26 une
883 553 86 39 idée
992 552 137 40 exaéle
1152 555 54 38 du
1228 555 148 38 travail
1397 554 82 41 très
1502 555 130 52 précis
1655 557 33 39 &
1710 556 82 41 très
1815 562 146 35 savant
1983 560 48 38 de
2055 560 54 39 M.
2135 560 47 40 R.

152 625 45 54 Je
219 625 72 51 n'y
313 624 34 39 ai
372 622 131 40 relevé
526 623 127 51 qu'un
677 622 137 52 lapsus
836 623 59 52 (p.
922 635 67 34 20,
1014 621 23 41 à
1058 622 37 39 la
1118 623 115 54 note)
1254 624 131 51 lequel
1408 625 180 40 consiste
1610 623 22 42 à
1654 630 147 35 mettre
1822 628 101 38 dans
1945 627 37 39 la
1998 629 187 51 musique

157 696 54 38 du
234 706 152 39 moyen
410 694 76 51 âge
507 691 338 54 (mittelalterliche
875 691 273 54 Gesangmusik
1150 693 30 53 ),
1214 706 78 26 une
1323 707 132 26 messe
1477 696 49 37 de
1541 694 172 52 Josquin
1735 696 71 38 des
1829 696 91 39 Prés
1950 697 68 51 qui
2048 701 61 35 est
2137 699 48 38 de

165 774 122 43 1539;
315 762 25 39 il
362 762 104 39 tient
488 774 95 26 sans
605 762 125 38 doute
752 759 22 41 à
795 774 79 26 une
903 760 146 53 simple
1070 774 137 27 erreur
1235 763 48 38 de
1312 761 221 41 rédaction.
1565 764 204 39 Peut-être
1792 765 54 38 M.
1872 765 47 39 R.
1945 766 218 52 n'échappe-

159 833 62 38 t-il
244 845 71 39 pas
337 845 49 26 au
410 831 196 52 reproche
627 830 161 39 d'avoir
809 830 151 52 adopté
983 844 53 26 un
1060 831 94 51 plan
1173 844 53 26 un
1250 844 78 39 peu
1349 836 93 48 trop
1465 833 293 51 scholastique,
1783 835 103 38 dont
1907 834 57 39 les
1986 835 199 40 divisions

158 902 102 39 l'ont
282 900 138 53 obligé
442 899 23 41 à
487 913 41 27 se
550 900 155 52 répéter
727 900 269 51 quelquefois.
1021 900 78 45 Qui
1117 901 182 51 pourrait
1316 903 229 49 cependant
1558 901 55 40 lui
1636 915 49 26 en
1708 903 176 46 vouloir,
1910 916 49 26 en
1983 908 203 48 songeant

161 971 99 52 qu'il
283 970 146 52 parlait
451 971 101 38 dans
574 981 79 28 une
682 969 96 39 salle
807 968 305 40 d'Université?
1132 970 44 51 Je
1205 983 50 25 ne
1282 970 54 39 lui
1367 971 253 51 reprocherai
1649 972 134 38 même
1813 985 71 38 pas
1916 973 48 38 de
1994 985 49 27 ne
2072 973 117 39 s'être

160 1040 120 53 point
307 1039 192 52 appliqué
526 1037 22 40 à
577 1038 194 40 chercher
798 1039 56 38 les
884 1038 108 39 idées
1021 1039 160 38 d'ordre
1210 1039 333 53 psychologique
1575 1053 53 26 ou
1658 1040 124 40 social
1811 1040 68 52 qui
1910 1041 218 40 dominent
2155 1042 35 38 Se

160 1113 181 48 peuvent
376 1108 164 40 éclairer
579 1112 105 35 cette
727 1107 169 40 matière
931 1120 53 27 un
1020 1120 76 39 peu
1132 1108 123 39 aride.
1292 1108 74 39 Les
1397 1109 362 40 transformations
1800 1110 48 38 de
1889 1110 91 39 l'art
2020 1110 171 40 musical

161 1180 188 38 tiennent
377 1191 79 26 aux
490 1176 363 40 transformations
894 1176 221 52 profondes
1150 1178 49 38 de
1234 1177 120 39 l'âme
1390 1179 195 38 moderne
1619 1191 50 26 au
1705 1191 71 25 xix
1780 1185 14 17 e
1829 1177 132 41 siècle.
2000 1180 101 38 Mais
2137 1192 54 26 un

162 1247 229 53 professeur
411 1251 61 35 est
494 1246 98 40 libre
614 1247 49 38 de
684 1246 151 39 limiter
851 1258 75 26 son
943 1247 106 51 sujet
1066 1259 165 26 comme
1253 1246 25 38 il
1302 1246 193 45 l'entend,
1521 1248 35 38 Se
1573 1247 40 52 je
1636 1247 214 40 reconnais
1873 1247 120 52 qu'en
2017 1247 174 40 certains

164 1317 214 39 domaines
400 1316 163 39 d'étude
587 1315 24 39 il
635 1328 49 26 ne
705 1315 87 39 faut
814 1315 119 52 point
955 1315 146 39 abuser
1129 1316 71 38 des
1230 1315 108 39 idées
1361 1315 224 53 générales.
1618 1317 66 38 Ma
1712 1317 109 38 seule
1843 1317 173 51 critique
2038 1331 53 24 un
2114 1331 76 38 peu

164 1386 172 39 sérieuse
359 1390 60 34 est
441 1385 153 40 celle-ci
628 1397 7 26 :
668 1384 224 39 Comment
921 1397 41 27 se
990 1383 120 40 fait-il
1139 1384 201 53 qu'ayant
1368 1383 22 41 à
1418 1383 256 41 caraétériser
1702 1385 90 40 l'art
1822 1386 171 39 musical
2020 1399 172 26 nouveau

164 1455 143 52 depuis
338 1455 115 50 1850,
479 1454 61 39 M:
562 1454 46 39 R.
636 1467 49 26 ne
708 1454 80 39 cite
811 1467 78 38 que
912 1453 56 40 les
991 1454 302 51 compositeurs
1323 1454 188 39 suivants
1543 1466 7 26 :
1588 1455 107 38 Liszt
1722 1453 88 54 (sur
1837 1454 131 51 lequel
1998 1454 25 39 il
2052 1455 140 38 insiste

162 1537 99 26 avec
284 1524 172 51 raison).
484 1523 47 39 R.
559 1523 195 53 Wagner,
788 1523 46 39 R.
867 1522 255 45 Schumann,
1155 1522 49 39 A.
1236 1522 220 46 Bruckner,
1490 1524 48 38 G.
1565 1522 144 46 Keller,
1743 1523 48 38 G.
1823 1522 122 53 Biçet,
1979 1523 41 39 H.
2055 1521 133 47 Tinel,

162 1594 41 38 P.
231 1593 231 46 Cornélius,
487 1592 185 39 Brahms.
700 1592 46 39 R.
774 1591 243 41 Strauss...?
1034 1592 69 51 n'y
1126 1592 109 39 a-t-il
1259 1605 86 39 pas,
1371 1594 101 37 dans
1495 1592 36 39 la
1555 1593 189 51 musique
1767 1592 350 51 contemporaine,
2144 1593 48 37 de

163 1663 152 52 grands
338 1668 193 34 courants
556 1663 88 42 (des
673 1660 410 55 Haupt-Stromungen
1112 1660 230 46 musicaux,
1375 1674 163 26 comme
1566 1661 122 39 disait
1717 1661 54 38 M.
1806 1659 210 55 Brandès),
2043 1662 102 38 dont
2166 1660 26 38 il

162 1731 113 40 avait
302 1729 22 41 à
351 1732 105 38 tenir
483 1729 191 53 compte?
705 1730 201 52 Pourquoi
938 1743 49 26 ne
1015 1730 107 39 dit-il
1152 1731 83 38 rien
1265 1731 70 38 des
1364 1730 221 39 musiciens
1615 1742 149 34 russes,
1790 1729 239 47 Balakirew,
2055 1729 109 39 Mous-

162 1800 177 53 sorgski,
366 1801 102 38 Boro
486 1801 93 45 iine,
607 1799 423 40 Rimski-Korsakov?
1053 1799 203 52 Pourquoi
1280 1799 83 39 rien
1385 1801 49 37 de
1457 1798 148 53 Grieg?
1628 1799 117 38 Enfin
1832 1799 33 38 &
1883 1798 99 40 c'est
2004 1797 36 40 là
2062 1811 78 38 que
2152 1799 40 51 je

164 1882 107 27 veux
292 1882 49 26 en
365 1870 114 39 venir
500 1892 55 9 —»
576 1870 203 51 pourquoi
797 1882 49 25 ne
863 1869 165 39 cite-t-il
1045 1870 133 37 même
1195 1882 72 38 pas
1283 1869 57 38 les
1359 1881 118 26 noms
1495 1870 48 37 de
1561 1869 122 38 César
1700 1867 144 46 Frank,
1864 1869 48 38 de
1930 1867 262 39 Saint-Saëns

164 1939 35 38 Se
220 1940 49 37 de
292 1939 218 45 Massenet,
536 1939 48 38 de
613 1938 174 40 Vincent
814 1938 159 52 d'lndy,
1006 1939 48 37 de
1084 1937 281 52 Charpentier,
1398 1938 49 38 de
1478 1937 203 52 Debussy,
1715 1938 48 38 de
1793 1937 199 46 Bruneau,
2025 1937 49 38 de
2102 1940 91 35 tant

164 2007 178 39 d'autres
365 2008 302 51 compositeurs
689 2007 173 50 français
885 2008 69 50 qui
976 2008 184 38 auraient
1183 2020 52 38 pu
1259 2006 55 40 lui
1340 2006 113 40 offrir
1482 2019 79 26 une
1590 2006 110 40 riche
1731 2006 183 39 moisson
1945 2005 248 51 d'exemples

165 2074 377 55 caractéristiques?
639 2077 43 53 Je
705 2077 170 39 conclus
903 2090 50 26 en
983 2076 240 40 souhaitant
1252 2090 77 38 que
1360 2076 35 39 le
1423 2076 101 39 livre
1554 2077 49 38 de
1633 2076 53 38 M.
1721 2075 112 39 Rietz
1861 2075 82 39 soit
1970 2075 151 39 traduit
2144 2087 48 27 en

165 2145 188 51 français,
456 2146 103 39 mais
581 2159 101 26 avec
705 2159 78 26 une
806 2160 24 25 «
853 2144 280 41 Introduélion
1157 2159 23 26 \>
1203 2145 68 51 qui
1295 2158 48 26 en
1366 2145 193 51 élargisse
1582 2157 54 26 un
1660 2157 76 39 peu
1760 2144 214 39 l'horizon.

1764 2237 35 52 J.
1835 2237 44 38 C.

171 2449 266 55 Origines
491 2450 67 44 de
609 2450 406 55 l'lmprimerie
1064 2463 69 32 en
1184 2453 233 42 France.
1471 2452 377 42 Conférences
1893 2449 169 42 faites
2106 2449 85 42 les

279 2519 69 43 15
370 2519 186 53 juillet
577 2523 56 40 et
661 2522 70 40 17
761 2523 139 40 août
926 2522 160 52 1900,
1117 2533 107 42 par
1254 2523 75 40 M.
1359 2522 64 41 A.
1458 2520 308 51 Christian,
1800 2519 302 42 Directeur
2123 2518 68 42 de

277 2589 399 54 l'Imprimerie
699 2591 306 44 nationale,
1029 2604 64 41 gr.
1119 2593 103 49 in-4.
1255 2591 73 42 128
1351 2604 127 41 pages
1499 2593 51 38 de
1569 2595 110 36 texte
1701 2591 34 38 &
1757 2594 145 35 autant
1916 2588 212 54 (environ)
2143 2589 50 38 de

276 2657 210 53 planches.
515 2659 123 47 Paris,
663 2659 253 53 Imprimerie
938 2660 232 47 Nationale,
1197 2660 39 41 M
1254 2660 33 39 D
1304 2659 151 42 CCCC.

279 2765 55 39 Ce
357 2766 214 52 magistral
595 2767 179 48 volume,
801 2770 68 50 qui
894 2768 80 40 fera
996 2769 38 39 la
1050 2768 83 54 joie
1155 2769 72 39 des
1256 2780 107 28 rares
1392 2766 259 52 bibliophiles
1680 2778 111 27 assez
1820 2765 180 39 heureux
2027 2775 104 40 pour
2157 2763 35 39 le

169 2833 205 52 posséder,
400 2848 40 26 se
463 2848 196 40 compose
684 2849 7 26 :
724 2845 36 30 i°
782 2838 123 38 d'une
927 2838 138 39 notice
1088 2850 68 27 sur
1176 2828 150 48 l'École
1349 2834 314 41 internationale
1691 2836 70 37 des
1790 2833 270 52 expositions,
2091 2833 103 38 dont

168 2902 170 40 l'œuvre
359 2904 62 39 fut
443 2904 98 40 utile
563 2910 112 35 entre
697 2909 152 43 toutes,
875 2908 35 38 &
932 2907 68 51 qui
1022 2911 61 34 est
1105 2906 287 52 l'inspiratrice
1420 2918 52 26 ou
1503 2904 37 40 la
1568 2909 200 47 patronne
1797 2904 49 38 de
1874 2915 44 27 ce
1947 2904 247 36 monument

168 2970 111 41 élevé
300 2970 23 41 à
344 2985 42 27 sa
409 2986 145 39 propre
576 2975 128 52 gloire
721 2987 6 35 ;
754 2984 44 29 2°
818 2976 121 39 d'une
960 2976 118 39 lettre
1100 2977 49 38 de
1171 2976 55 38 M.
1253 2975 111 39 Léon
1387 2974 238 52 Bourgeois,
1644 2973 117 39 lettre
1778 2972 237 40 charmante
2031 2983 163 27 comme

169 3043 92 37 tout
283 3053 43 27 ce
349 3042 68 50 qui
441 3046 90 48 part
552 3045 49 38 de
621 3044 35 39 la
680 3044 138 52 plume
840 3058 53 27 ou
915 3046 141 39 tombe
1079 3046 70 38 des
1171 3043 131 42 lèvres
1324 3046 48 38 de
1395 3057 44 26 ce
1461 3042 117 41 lettré
1600 3042 147 40 délicat
1768 3041 122 53 (mais
1912 3039 23 40 à
1956 3039 172 53 laquelle
2144 3052 49 26 ne

169 3111 273 38 convenaient
463 3114 201 49 peut-être
686 3127 72 38 pas
780 3114 57 39 les
860 3112 221 42 caraétères
1103 3114 188 39 d'affiche
1314 3125 99 28 avec
1434 3111 175 52 lesquels
1625 3124 54 26 on
1696 3111 51 38 l'a
1764 3109 250 53 reproduite)
2030 3120 6 36 ;
2057 3121 20 40 3
2085 3116 13 16 0
2116 3121 77 26 une

167 3177 278 42 introduélion
480 3179 80 41 très
595 3182 187 53 élégante
818 3184 34 38 Se
888 3184 207 39 courtoise
1129 3184 49 38 de
1213 3184 55 38 M.
1309 3182 43 39 L.
1392 3182 193 38 Herbette
1603 3192 6 35 ;
1648 3192 26 38 4
1677 3189 15 17 0
1720 3181 107 38 deux
1855 3178 261 40 conférences
2144 3178 49 37 de

172 3246 53 39 M.
251 3247 223 41 Christian.

282 3316 126 40 L'une
430 3320 49 38 de
501 3332 66 26 ces
589 3320 261 41 conférences
880 3334 104 27 nous
1013 3321 60 39 dit
1102 3334 78 39 que
1209 3334 44 26 ce
1282 3324 96 35 sont
1406 3321 105 39 deux
1540 3319 251 52 professeurs
1820 3318 48 38 de
1895 3317 38 39 la
1961 3316 228 43 Sorbonne..

164 3384 95 51 Jean
291 3387 48 37 de
366 3387 38 39 la
433 3387 128 40 Pierre
594 3391 35 38 Se
658 3391 231 39 Guillaume
919 3391 141 39 Fichet
1088 3391 89 50 qui,
1211 3391 49 38 de
1288 3390 85 39 leur
1401 3389 203 39 initiative
1639 3386 160 54 privée,
1833 3386 119 38 Firent
1982 3384 115 40 venir
2123 3384 71 38 des

169 3453 123 39 bords
320 3455 53 39 du
403 3455 105 40 Rhin
538 3458 101 39 trois
668 3471 289 40 compagnons
992 3472 104 39 pour
1129 3459 211 51 imprimer
1375 3460 70 37 des
1479 3457 124 39 livres
1637 3456 23 39 à
1686 3456 157 51 l'usage
1865 3455 70 38 des
1958 3453 208 39 étudiants
2183 3463 6 35 ;

167 3521 188 41 c'étaient
379 3525 146 39 Michel
547 3527 230 53 Friburger,
802 3529 49 38 de
874 3528 180 46 Colmar,
1082 3528 138 39 Ulrich
1243 3527 168 52 Gering,
1437 3528 49 37 de
1517 3525 247 45 Constance,
1790 3525 34 38 Se
1848 3522 149 40 Martin
2028 3521 162 44 Crantz,

167 3591 197 45 deStein;
383 3593 190 52 lesquels,
593 3598 48 36 de
671 3608 101 40 1470
795 3596 22 40 à
847 3609 116 41 1473,
984 3610 48 26 ne
1055 3596 276 52 produisirent
1354 3608 72 40 pas
1448 3595 136 39 moins
1605 3595 49 38 de
1677 3605 49 42 23
1752 3593 189 39 volumes
1962 3596 95 34 tous
2072 3589 122 40 écrits

165 3673 46 24 en
239 3660 111 40 latin.
382 3662 55 39 Ce
465 3663 62 39 fut
557 3677 52 27 un
639 3665 160 40 libraire
828 3666 191 51 parisien,
1052 3666 192 52 Pasquier
1272 3666 278 44 Bonhomme,
1582 3664 84 50 qui,
1698 3675 49 26 en
1783 3659 117 55 1476,
1940 3659 190 52 imprima
2159 3658 34 38 le
