2349 3952
154 245 78 50 82

351 259 177 36 DANSES
557 260 288 48 FRANÇAISES
874 260 56 35 ET
958 260 217 43 MUSIQUE
1206 260 397 38 INSTRUMENTALE
1633 260 64 34 DU
1727 260 76 33 XVI
1808 254 18 20 e
1854 248 156 46 SIÈCLE

291 372 57 44 LE
376 375 207 41 SEPTIÈME
611 385 123 33 LIVRE
755 372 190 45 contient
969 371 75 46 six
1063 376 193 52 pavanes
1280 386 103 31 avec
1404 374 117 43 leurs
1542 370 255 58 gaillardes,
1829 371 118 42 deux
1971 369 138 44 suites
2129 372 53 42 de

168 454 185 50 branles,
379 456 117 42 deux
515 454 137 44 suites
668 457 55 41 de
743 455 170 43 branles
933 454 207 50 d'Ecosse,
1165 454 74 44 six
1259 455 171 43 branles
1448 456 55 41 de
1522 451 194 51 Poiâlou,
1743 450 95 44 huit
1866 451 173 43 branles
2054 464 123 44 gays,

167 535 100 57 cinq
287 535 258 57 gaillardes,
577 534 179 61 (1557).

292 619 117 42 Pour
441 616 164 46 l'étude
639 617 53 44 de
727 630 73 32 ces
835 616 202 46 diverses
1071 617 182 51 danses,
1291 616 28 45 il
1355 615 191 46 faudrait
1580 629 47 30 se
1664 619 197 52 reporter
1894 615 24 42 à
1954 614 228 58 l'ouvrage

168 697 104 45 bien
300 711 149 31 connu
479 697 59 45 du
568 710 69 32 xvi
642 709 16 20 e
687 697 131 46 siècle
850 713 9 30 :
894 696 375 60 Orchésographie,
1301 700 20 55 /
1353 701 41 41 et
1421 695 154 47 traiclé
1604 710 52 31 en
1674 696 148 57 forme
1855 697 53 42 de
1933 695 206 57 dialogue
2164 697 18 56 /

164 784 84 51 par
275 781 138 55 lequel
441 783 136 41 toutes
605 785 232 50 personnes
863 783 189 53 peuvent
1084 781 19 55 /
1137 780 253 43 facilement
1421 780 243 53 apprendre
1695 780 43 41 et
1766 776 251 59 pratiquer

169 863 117 40 nesfe
323 861 19 55 /
374 859 190 44 exercice
595 863 75 40 des
700 863 156 41 dances
891 863 14 54 /
935 866 85 50 par
1054 860 205 44 THOINOT
1293 861 186 43 ARBEAU
1513 857 70 60 (1)
1618 860 258 42 demeurant
1910 857 28 44 à
1971 860 207 55 Langres,

172 939 202 58 imprimé
405 941 148 45 audicl
599 944 187 54 Langres
826 948 85 49 par
957 943 125 44 lehan
1128 945 74 41 des
1442 941 256 55 imprimeur
1743 943 42 40 et
1832 940 180 44 libraire
2054 940 124 44 &c...

169 1023 130 44 MDL
314 1024 187 43 XXXIX.
534 1025 26 42 11
588 1038 30 44 y
645 1038 40 38 a,
717 1024 111 44 dans
856 1038 49 30 ce
933 1024 176 52 recueil,
1142 1025 79 43 des
1250 1024 147 56 pièces
1425 1024 300 49 charmantes,
1758 1021 171 57 pleines
1957 1023 55 43 de
2032 1021 146 60 grâce,

169 1105 55 43 de
253 1103 220 45 fraîcheur
499 1105 40 43 &
565 1105 54 43 de
648 1105 258 45 sentiment.
944 1106 122 44 C'est
1101 1118 60 32 un
1195 1105 91 45 très
1320 1103 206 58 agréable
1560 1104 156 43 album
1753 1103 298 57 d'esquisses.
2091 1104 90 44 Son

172 1184 156 46 intérêt
355 1191 68 39 est
451 1185 156 57 capital
638 1199 115 45 pour
779 1185 217 46 l'histoire
1023 1186 53 44 de
1107 1186 39 44 la
1173 1184 274 61 symphonie
1474 1185 39 43 &
1540 1185 54 43 de
1625 1197 73 31 ses
1733 1183 214 59 origines.
1978 1185 123 45 C'est
2128 1199 53 29 en

171 1268 104 43 effet
301 1280 54 31 en
384 1269 199 56 ajoutant
612 1269 119 42 l'une
759 1268 22 43 à
811 1268 153 44 l'autre
992 1269 361 56 quelques-unes
1382 1268 53 42 de
1465 1279 72 32 ces
1573 1266 163 44 danses
1773 1265 36 45 si
1846 1266 160 44 brèves
2041 1268 141 56 qu'on

172 1363 24 29 a
223 1346 143 46 formé
394 1349 39 43 la
463 1362 26 30 «
518 1349 116 43 suite
663 1362 26 30 »
804 1362 136 44 genre
969 1349 59 48 où
1057 1349 113 43 Bach
1200 1348 149 44 devait
1378 1348 188 43 exceller
1678 1346 39 44 &
1747 1349 139 53 qu'on
1917 1348 108 43 s'est
2059 1346 123 46 élevé

173 1444 85 43 peu
289 1430 24 42 à
341 1443 86 43 peu
456 1444 89 29 aux
567 1430 241 56 premières
831 1432 169 43 formes
1021 1430 54 43 de
1098 1430 40 43 la
1159 1428 210 45 véritable
1394 1442 25 30 «
1442 1428 305 57 composition
1768 1442 27 30 »
1819 1428 358 53 instrumentale,

172 1510 225 46 associant
437 1512 226 57 plusieurs
705 1512 186 55 phrases
931 1512 54 43 de
1025 1509 217 46 cara&ère
1282 1512 39 41 &
1368 1512 53 43 de
1470 1512 176 57 rythme
1693 1509 231 46 différents
1970 1510 85 60 (2).
2101 1512 80 44 Les

172 1592 298 47 instruments
498 1592 236 59 employés
764 1599 102 38 sont
894 1594 40 42 la
960 1593 150 52 violle,
1143 1594 38 42 le
1209 1593 112 51 luth,
1355 1593 39 43 la
1423 1605 28 31 «
1477 1592 205 58 guiterne
1708 1607 45 38 »,
1792 1593 284 57 l'épinette...
2112 1593 70 61 (3)

173 1673 301 53 mentionnés,
507 1675 112 44 dans
647 1674 188 45 certains
863 1674 256 57 Privilèges,
1152 1675 24 42 à
1211 1675 38 42 la
1284 1673 116 46 suite
1435 1674 80 45 des
1550 1674 165 45 danses
1743 1688 89 43 que
1861 1688 118 32 nous
2007 1689 174 31 venons

173 1755 53 44 de
267 1769 210 31 nommer
513 1754 86 61 (4).
638 1755 314 58 (Au-dessous
986 1757 54 42 de
1080 1757 39 42 la
1160 1755 138 58 partie
1336 1757 294 43 Contratenor
1661 1757 55 43 de
1752 1757 40 43 la
1825 1769 27 31 «
1888 1757 171 44 Pavane
2100 1757 80 45 des

173 1835 135 45 dieux
336 1851 26 30 »
391 1837 77 56 qui
498 1849 47 32 se
573 1842 158 39 trouve
759 1838 111 43 dans
901 1837 38 43 le
968 1849 23 44 7
999 1847 16 20 E
1043 1835 123 54 livre,
1200 1838 37 42 le
1267 1849 271 45 possesseur
1565 1838 61 43 du
1663 1837 108 44 livre
1805 1835 71 60 (3)
1909 1852 24 29 a
1968 1835 105 47 écrit
2106 1852 74 30 ces

270 2046 59 46 (1)
351 2047 243 45 Anagramme
616 2046 196 34 d'Antoine
833 2046 197 41 Tabourot,
1051 2045 179 34 chanoine
1250 2046 44 33 de
1317 2046 167 45 Langres.
1510 2046 201 45 L'ouvrage
1735 2046 154 45 original
1914 2050 51 30 est
1986 2047 19 34 à
2028 2047 34 33 la
2078 2047 36 33 B.
2135 2047 43 34 N.

171 2102 99 47 (Inv.
295 2101 82 35 Rés.
402 2103 29 32 V
461 2102 120 46 1631).
605 2102 115 34 Outre
740 2102 49 34 les
809 2102 129 34 danses
959 2101 174 34 ci-dessus
1155 2100 263 46 mentionnées,
1448 2113 46 23 on
1523 2113 24 34 y
1574 2105 181 41 trouvera,
1786 2113 87 23 avec
1901 2103 61 33 des
1991 2114 19 23 «
2039 2103 122 35 tabula-

172 2162 97 31 ires
292 2170 18 22 »
334 2158 194 44 indiquant
550 2159 49 33 les
621 2159 117 33 divers
761 2161 255 31 mouvements
1039 2157 142 47 (ruade,
1207 2158 214 44 entretaille,
1449 2162 143 40 posture
1618 2159 49 33 du
1694 2159 82 45 pied
1806 2157 135 47 &c...),
1971 2159 61 34 des
2054 2158 127 36 détails

172 2226 59 22 sur
253 2214 32 34 la
306 2215 89 32 volte
418 2213 196 47 (gaillarde
637 2213 247 48 provençale),
912 2214 31 33 la
965 2217 171 31 courante
1159 2213 130 47 (danse
1311 2213 152 48 sautée),
1487 2214 32 34 la
1541 2218 156 42 gavotte,
1721 2214 50 34 les
1800 2214 176 35 Canaries
1982 2244 6 16 ,
2021 2214 100 35 Sec...
2147 2215 32 34 Se

172 2274 141 30 surtout
336 2281 69 22 une
427 2270 137 44 grande
593 2268 134 36 variété
756 2271 43 32 de
828 2270 156 34 brans/es
1011 2268 132 49 (danse
1171 2270 186 45 populaire
1386 2270 32 33 Se
1447 2270 190 45 ancienne,
1667 2269 196 47 gesticulée
1892 2271 32 34 Se
1954 2270 133 45 sautée,
2118 2272 61 43 qui

172 2326 129 34 variait
321 2326 98 34 selon
443 2326 98 46 les
639 2326 33 46 :
705 2326 228 46 branles
960 2327 57 32 des
1046 2327 232 43 lavandières,
1309 2327 57 33 des
1388 2327 93 43 pois,
1511 2328 58 33 des
1596 2327 160 34 hermites
1763 2354 8 17 )
1799 2327 50 34 du
1876 2328 217 44 chandelier,
2123 2329 58 33 des

170 2382 130 41 sabots,
324 2383 56 33 des
400 2383 183 40 chevaulx,
605 2383 42 32 de
667 2383 34 33 la
723 2383 199 39 moutarde,
946 2383 41 33 de
1008 2383 35 33 la
1063 2383 110 42 Haye,
1197 2383 42 33 de
1258 2383 25 33 V
1285 2382 142 46 officiai,
1449 2384 40 32 de
1511 2384 124 41 Malte,
1661 2383 100 34 Sec...
1855 2381 266 47 Réimpression
2138 2385 43 33 de

171 2439 69 35 Yor
242 2437 254 47 chèsôgraphie,
522 2436 169 47 précédée
713 2439 110 33 d'une
847 2450 18 22 «
894 2439 123 33 Notice
1038 2450 58 22 sur
1118 2439 49 34 les
1194 2440 129 33 danses
1351 2439 48 34 du
1428 2450 55 23 xvi
1486 2448 14 17 e
1528 2439 107 35 siècle
1665 2451 18 22 »
1710 2451 63 34 par
1801 2440 34 33 M
1841 2438 55 27 elle
1928 2441 111 33 Laure
2067 2441 113 33 Fonta

171 2494 130 49 (Paris,
325 2495 164 44 Vieweg,
518 2494 102 34 1888.
715 2495 36 33 B.
777 2495 41 33 N.
844 2495 28 33 V
897 2493 129 48 2415).

269 2549 60 48 (2)
353 2550 66 34 Sur
440 2561 37 23 ce
499 2552 105 45 sujet,
630 2551 77 34 voir
728 2552 90 33 deux
840 2562 107 35 pages
968 2552 43 33 de
1034 2551 142 45 Philipp
1199 2551 116 46 Spitta
1338 2550 17 49 (
1359 2552 65 44 Job
1427 2563 46 23 an
1497 2552 185 34 Sébastian
1709 2553 108 40 Bach,
1849 2555 25 32 t.
1901 2554 22 43 I,
1948 2564 35 34 p.
2009 2550 169 49 680-81).

174 2619 18 21 «
217 2608 76 33 Aux
314 2607 168 34 environs
504 2608 42 33 de
574 2606 105 44 1600,
703 2607 52 34 dit
776 2607 129 45 Spitta,
931 2608 33 33 la
986 2618 141 34 pavane
1151 2608 171 34 italienne
1350 2608 33 33 Se
1411 2609 33 33 la
1471 2609 173 44 gaillarde
1672 2608 64 47 (ou
1766 2613 224 42 romanesca)
2016 2608 165 36 s'étaient

172 2663 69 34 fort
263 2661 200 47 répandues
479 2672 8 35 ;
512 2663 33 33 la
567 2663 168 43 musique
759 2663 277 34 instrumentale
1058 2664 71 33 s'en
1154 2663 164 46 inspirait
1347 2664 71 34 très
1446 2665 290 45 heureusement,
1768 2676 142 24 comme
1939 2666 32 33 le
2000 2668 180 42 prouvent

172 2719 51 33 les
244 2717 261 46 compositions
526 2718 19 34 à
568 2719 81 43 cinq
672 2719 81 34 voix
774 2718 33 34 Se
830 2722 242 42 appartenant
1093 2721 78 33 àce
1191 2731 123 34 genre,
1338 2731 69 33 que
1430 2721 139 45 publia,
1592 2732 42 23 en
1665 2721 90 34 1610
1776 2722 33 33 &
1841 2721 57 34 161
1915 2733 28 32 1,
1969 2721 210 45 l'organiste

172 2775 43 34 de
237 2775 33 33 la
293 2785 84 24 cour
399 2775 43 33 de
464 2775 220 43 Darmstadt,
705 2775 111 42 Johan
842 2776 140 33 Moller.
1009 2787 18 22 »
1049 2775 129 47 (ibid).
1202 2776 152 34 Comme
1375 2788 46 23 on
1445 2776 102 35 vient
1568 2778 43 33 de
1633 2778 30 33 le
1683 2777 92 45 voir,
1800 2781 91 30 cette
1913 2778 83 33 date
2017 2778 43 33 de
2089 2776 89 36 1610

172 2830 162 45 pourrait
368 2830 72 34 être
467 2830 70 34 fort
566 2830 149 35 reculée.
741 2831 49 34 En
814 2832 149 33 traitant
985 2835 92 31 cette
1105 2832 180 44 question,
1315 2833 117 45 Spitta
1462 2832 163 48 (comme
1653 2834 23 33 il
1704 2834 143 35 l'avoue
1877 2834 191 34 lui-même
2091 2834 89 34 dans

172 2898 72 23 une
265 2888 104 44 note)
391 2886 190 45 manquait
602 2887 42 34 de
666 2887 228 34 documents.
920 2888 63 34 Les
1004 2888 106 34 livres
1131 2889 43 33 de
1195 2889 127 33 danses
1343 2889 44 33 de
1415 2900 6 22 1
1436 2900 182 35 550-1557
1642 2893 84 31 sont
1747 2891 49 33 les
1818 2891 81 44 plus
1921 2890 146 34 anciens
2082 2889 102 47 (sauf

171 2954 116 23 erreur
376 2954 57 22 car
456 2943 22 33 il
503 2942 144 34 n'existe
668 2954 63 34 pas
753 2943 43 33 de
818 2943 207 47 catalogue)
1045 2956 70 32 que
1136 2944 147 45 possède
1305 2945 33 34 la
1362 2945 251 45 Bibliothèque
1635 2946 203 44 Nationale,
1859 2947 90 33 mais
1972 2947 21 33 il
2010 2957 43 23 en
2071 2947 108 33 existe

171 2999 43 33 de
235 2998 83 35 bien
341 2997 210 35 antérieurs.
577 2999 90 34 Pour
691 3010 43 22 ne
756 2999 115 45 parler
891 3011 70 33 que
977 3001 60 33 des
1057 3011 143 24 œuvres
1221 3001 190 48 françaises
1436 3012 6 24 :
1468 3002 31 34 la
1522 3002 252 45 Bibliothèque
1796 3003 43 34 de
1863 3002 147 35 Munich
2031 3002 148 46 possède

171 3056 92 33 deux
285 3054 148 34 recueils
454 3053 138 46 publiés
613 3066 63 34 par
698 3055 232 45 Attaignant,
955 3056 75 33 l'un
1060 3057 42 33 de
1136 3067 103 35 1529,
1271 3058 128 33 l'autre
1428 3058 44 33 de
1507 3069 103 35 1530.
1644 3060 44 33 Le
1717 3059 155 44 premier
1900 3059 162 35 contient
2086 3071 19 22 «
2128 3059 50 34 six

169 3111 192 46 gaillardes
381 3110 33 33 Se
436 3110 51 34 six
509 3121 156 35 pavanes
687 3123 85 22 avec
793 3116 94 29 treze
909 3112 180 34 chansons
1112 3113 188 34 musicales
1328 3124 41 34 »;
1397 3112 162 48 (auteurs
1586 3126 6 23 :
1616 3114 170 46 Claudin,
1818 3116 176 44 Gonbert,
2019 3116 156 44 Jacotin,

165 3166 221 45 Jannequin,
422 3167 147 44 Lasson,
600 3166 182 45 Lheritier,
814 3168 139 44 Moulu,
985 3168 148 47 Villart)
1148 3169 68 44 ;le
1244 3170 132 34 second
1406 3171 164 33 contient
1604 3183 19 21 «
1652 3171 90 34 neuf
1765 3173 118 33 basses
1912 3172 146 40 dances,
2088 3172 90 34 deux

169 3223 156 44 branles,
351 3222 107 45 vingt
477 3222 32 33 Se
531 3222 83 45 cinq
638 3223 185 34 Pavennes
843 3234 87 24 avec
951 3223 131 44 quinze
1103 3225 194 44 gaillardes
1318 3237 43 22 en
1380 3227 165 43 musique
1570 3238 18 22 a
1611 3230 127 40 quatre
1761 3229 130 44 parties
1913 3240 33 22 ».

268 3278 60 48 (3)
348 3278 66 34 Sur
435 3290 55 22 ces
512 3278 234 35 instruments
768 3278 32 34 Se
823 3279 75 34 leur
920 3279 75 34 rôle
1015 3291 45 23 au
1082 3289 70 25 xvie
1174 3281 117 44 siècle,
1315 3282 79 34 voir
1413 3283 58 33 W.
1498 3284 22 32 I.
1546 3283 42 34 V.
1614 3283 225 36 Wasilewski
1866 3295 6 24 :
1900 3285 199 34 Geschichte
2116 3284 63 35 der

168 3335 370 35 Instrumentalmusik
559 3336 37 32 in
618 3336 97 34 XVI.
729 3335 263 45 Jahrhundert,
1023 3337 88 43 1878
1133 3337 37 45 (à
1193 3337 163 47 l'lndex).

269 3390 61 49 (4)
367 3392 64 33 Par
464 3402 53 23 ex.
554 3391 32 33 le
621 3390 175 46 Privilège
828 3390 148 35 accordé
1010 3392 19 34 à
1060 3392 141 35 Nicolas
1235 3393 49 34 du
1319 3394 170 46 Chemin,
1526 3396 197 34 marchand
1753 3397 143 35 libraire
1929 3397 44 34 de
2002 3397 108 44 Paris,
2147 3397 30 34 le

177 3459 37 34 13
240 3459 94 23 mars
362 3457 103 36 1554.

268 3502 60 49 (5)
348 3504 66 33 Sur
435 3504 33 34 la
497 3503 171 46 première
696 3515 90 34 page
814 3505 47 33 du
891 3504 129 34 recueil
1050 3508 53 31 est
1131 3504 86 35 écrit
1246 3506 19 34 à
1293 3506 33 34 la
1355 3507 97 35 main
1481 3508 92 48 (xvie
1601 3508 125 48 siècle)
1754 3521 45 23 au
1821 3510 146 34 dessous
1987 3510 50 34 du
2060 3509 82 35 titre
2167 3520 6 24 :

172 3573 19 23 «
210 3562 35 33 A
267 3560 153 35 Maistre
442 3560 165 34 Chardin
628 3561 206 33 chastellain
855 3561 208 33 demeurant
1082 3560 22 34 à
1119 3561 155 45 Langres
1297 3574 18 22 »
1331 3573 13 31 ;
1367 3575 42 22 en
1433 3564 63 34 bas
1517 3565 43 33 de
1581 3566 33 33 la
1636 3577 90 34 page
1751 3577 6 22 :
1785 3578 18 21 «
1827 3566 45 33 Et
1890 3567 120 43 depuis
2031 3565 21 35 à
2063 3567 92 43 fran-

167 3628 80 35 çoys
284 3621 130 39 perrin
590 3618 55 45 sergent
646 3617 70 33 de...
717 3615 162 49 (illis.j...
910 3627 40 24 eu
1176 3615 685 38 l'êlcChonde
1430 3631 33 23 ».
1494 3620 194 49 Signature
1708 3622 45 36 de
1782 3622 172 46 François
2131 3632 46 26 au

169 3673 145 36 dessous
334 3672 44 35 de
398 3672 32 34 la
452 3671 112 47 ligne.
