2349 3952
2064 196 118 97 103

812 232 80 34 LES
933 232 282 37 NOTATIONS
1254 235 290 37 BYZANTINES

160 344 238 43 nouvelles
433 344 197 57 hymnes
664 342 55 44 de
755 344 40 42 la
831 341 155 59 poésie
1023 344 238 58 religieuse
1305 349 118 43 alors
1463 348 113 44 dans
1612 361 85 31 son
1733 351 104 55 plus
1871 351 70 44 bel
1984 350 124 55 éclat,
2147 355 40 42 &

154 425 253 58 jusqu'aux
436 424 112 44 odes
577 424 53 43 de
661 425 39 42 la
729 436 134 32 muse
892 425 184 56 profane
1104 426 112 45 dont
1244 428 215 57 l'antique
1487 429 141 56 gloire
1659 429 114 46 n'est
1799 431 99 59 déjà
1918 434 103 54 plus
2044 435 142 56 qu'un

162 506 228 46 souvenir.

285 589 56 43 La
369 586 221 59 première
617 585 188 46 écriture
837 588 219 44 musicale
1082 588 176 59 figurée
1287 596 67 39 est
1390 590 90 45 dite
1514 590 338 61 Ekphonétique.
1893 596 95 44 Une
2023 595 164 59 simple

162 685 114 45 page
306 669 275 46 manuscrite
609 670 59 43 du
699 683 26 30 X
728 680 15 21 e
772 683 60 30 ou
863 683 39 30 xi
908 679 16 18 e
953 670 132 45 siècle
1114 685 56 30 en
1198 685 24 30 a
1250 673 314 56 parfaitement
1585 673 146 47 révélé
1753 678 39 42 la
1815 683 156 38 nature
1993 692 54 29 en
2069 692 118 30 nous

160 753 163 44 faisant
362 750 248 53 connaître,
656 764 113 32 sous
812 765 87 30 une
943 753 146 43 forme
1136 754 199 56 quelque
1382 768 86 43 peu
1512 754 326 60 énigmatique,
1877 759 40 43 le
1959 772 106 30 nom
2107 759 81 44 des

162 833 246 47 caractères
443 833 474 58 sémeiographiques,
957 834 95 43 leur
1087 834 191 44 nombre
1313 835 39 43 &
1386 836 65 45 les
1486 836 145 59 règles
1666 838 304 57 particulières
2004 840 55 43 de
2094 842 96 44 leur

162 915 326 60 composition.

286 1000 27 42 11
341 1000 96 42 faut
464 999 175 57 ajouter
673 998 23 43 à
730 998 96 43 cela
864 1012 89 43 que
988 995 221 47 l'écriture
1245 996 325 61 Ekphonétique
1602 1000 81 45 tire
1720 1014 48 32 sa
1810 1016 163 44 propre
2014 1005 174 58 origine

160 1082 82 43 des
271 1080 155 59 signes
455 1079 306 58 prosodiques
788 1092 130 44 grecs
946 1079 40 43 &
1015 1093 90 30 non
1136 1093 97 44 pas,
1266 1094 182 31 comme
1477 1082 230 57 plusieurs
1736 1084 111 43 l'ont
1875 1084 153 57 pensé,
2068 1088 53 43 de
2152 1089 40 42 la

163 1163 202 44 notation
393 1159 320 60 alphabétique
742 1162 81 43 des
851 1160 200 45 Anciens
1077 1159 87 61 (i).
1204 1163 122 44 C'est
1360 1164 61 43 du
1458 1163 153 46 moins
1646 1178 47 31 ce
1729 1179 89 42 que
1848 1168 45 55 je
1922 1168 117 44 crois
2068 1168 124 44 avoir

163 1245 341 46 suffisamment
531 1243 133 46 établi
695 1244 113 45 dans
840 1257 87 30 une
957 1243 134 46 étude
1115 1243 193 58 spéciale
1331 1247 54 42 de
1409 1247 38 43 la
1829 1248 259 61 Zeitscbrift
2101 1249 86 62 (2).

289 1328 53 43 Le
372 1327 85 43 lieu
489 1323 128 47 exaCt
645 1324 60 46 où
734 1330 113 39 cette
878 1325 220 58 première
1133 1325 203 46 notation
1372 1325 430 60 sémeiographique
1839 1329 85 57 prit
1960 1330 232 45 naissance

163 1416 68 38 est
276 1409 40 43 &
362 1409 266 43 demeurera
678 1419 106 32 sans
822 1407 138 44 doute
1002 1408 23 43 à
1054 1408 167 57 jamais
1258 1408 214 44 inconnu.
1518 1409 279 57 Cependant,
1837 1412 61 42 M.
1942 1412 46 43 P.
2032 1413 162 58 Aubry

160 1489 191 47 n'hésite
381 1503 82 45 pas
492 1491 24 43 à
543 1488 196 46 déclarer
765 1503 90 43 que
884 1503 50 29 ce
962 1491 68 43 fut
1058 1491 24 41 à
1111 1491 162 50 Rome,
1308 1503 129 45 parce
1466 1504 89 44 que
1584 1492 53 43 de
1668 1492 38 43 là
1729 1492 191 44 seraient
1943 1494 163 56 parties
2129 1496 63 43 les

163 1573 199 58 origines
391 1574 60 44 du
482 1573 118 45 culte
628 1571 196 45 chrétien
855 1571 86 60 (3).

287 1654 97 45 Une
410 1654 103 44 telle
543 1653 271 45 affirmation
844 1659 69 39 est
941 1654 200 55 quelque
1176 1667 88 43 peu
1302 1653 232 46 hasardée.
1574 1656 62 43 En
1672 1656 119 52 effet,
1830 1668 102 32 vers
1969 1657 39 43 la
2041 1656 61 44 fin
2131 1657 60 44 du

164 1727 55 68 111
237 1727 19 68 e
274 1727 129 68 siècle,
436 1737 39 43 le
502 1748 103 45 grec
635 1733 153 47 n'était
816 1733 99 57 déjà
950 1736 121 56 plus,
1110 1748 60 31 on
1207 1736 37 43 le
1280 1736 101 52 sait,
1424 1738 39 42 la
1499 1738 165 56 langue
1698 1737 206 44 officielle
1932 1738 55 43 de
2016 1727 178 68 l'Église

165 1819 217 53 romaine,
414 1818 56 52 &,
503 1818 154 57 quand
687 1816 151 45 même
868 1818 40 42 la
936 1817 203 44 notation
1170 1816 322 61 Ekphonétique
1520 1817 77 46 eût
1625 1817 68 46 été
1724 1818 207 46 inventée
1973 1819 80 45 dès
2082 1826 112 39 cette

163 1899 195 60 époque,
391 1899 28 44 il
450 1912 53 32 ne
532 1898 291 46 s'ensuivrait
852 1912 80 43 pas
963 1899 164 56 qu'elle
1157 1898 89 46 soit
1273 1899 240 58 originaire
1534 1899 164 45 d'ltalie
1729 1899 195 59 puisque
1953 1902 40 42 la
2014 1901 180 58 liturgie

163 1997 25 31 a
216 1982 67 44 été
311 1981 197 45 célébrée
537 1996 55 29 en
620 1995 121 45 grec,
772 1987 101 38 tout
901 1981 186 44 d'abord
1117 1982 24 43 à
1169 1981 223 45 Antioche
1421 1982 78 57 qui
1529 1996 219 32 conserva
1776 1983 59 43 du
1867 1990 133 45 reste,
2041 1996 79 32 sur
2147 1997 47 29 ce

164 2065 144 57 point,
342 2079 87 30 une
457 2063 211 45 tradition
697 2062 233 46 différente
960 2063 54 43 de
1044 2065 108 41 celle
1183 2065 53 43 de
1265 2065 164 43 Rome.

286 2147 119 43 Chez
435 2146 63 43 les
527 2145 239 59 Byzantins
795 2146 40 42 la
864 2145 221 57 première
1120 2145 205 44 notation
1362 2145 124 44 issue
1522 2146 56 43 de
1614 2145 220 45 l'écriture
1871 2143 323 59 Ekphonétique

164 2235 67 38 est
259 2228 111 44 celle
398 2241 89 43 que
509 2227 75 59 j'ai
614 2226 204 58 baptisée
850 2226 508 57 Constantinopolitaine
1385 2226 86 61 (4),
1514 2241 130 43 parce
1679 2228 164 56 qu'elle
1879 2230 68 42 fut
1975 2227 195 57 principa-

164 2312 169 42 lement
361 2307 239 61 employée
630 2310 23 42 à
681 2308 395 58 Constantinople.

289 2390 273 45 L'existence
591 2390 53 44 de
673 2396 113 38 cette
817 2388 185 46 écriture
1033 2390 218 44 musicale
1280 2391 89 43 m'a
1397 2388 69 46 été
1495 2388 187 55 révélée,
1716 2390 27 44 il
1773 2392 74 56 n'y
1876 2404 24 29 a
1928 2390 137 57 guère
2089 2390 103 56 plus

165 2473 108 44 d'un
320 2486 73 37 an,
445 2485 78 44 par
562 2473 119 44 deux
722 2473 276 44 documents
1040 2471 268 46 découverts
1362 2486 7 29 :
1415 2472 110 52 l'un,
1580 2485 78 44 par
1697 2472 62 45 M.
1802 2472 38 56 J.
1891 2470 297 59 Ouspensky,

165 2554 234 45 l'éminent
426 2551 222 47 direéfeur
668 2555 54 43 de
752 2555 208 44 l'lnstitut
987 2554 351 58 archéologique
1362 2567 129 32 russe
1513 2555 53 43 de
1595 2554 389 55 Constantinople,
2018 2552 170 51 l'autre,

167 2649 77 44 par
271 2637 62 44 M.
366 2636 43 45 S.
443 2636 291 58 Smolensky,
766 2634 224 47 directeur
1016 2636 56 43 de
1100 2637 24 42 Y
1132 2623 123 58 École
1280 2637 75 44 des
1386 2636 216 45 Chantres
1631 2637 23 42 à
1682 2636 208 43 Moscou.

289 2717 261 46 Transmise
579 2731 89 31 aux
696 2719 175 44 Russes
906 2719 81 43 dès
1023 2719 38 43 le
1096 2730 27 32 X
1127 2726 14 18 e
1176 2717 151 52 siècle,
1362 2719 90 43 lors
1487 2717 61 45 du
1579 2716 197 60 mariage
1811 2716 56 45 de
1895 2717 41 42 la
1962 2715 230 57 princesse

165 2800 131 43 Anne
325 2800 55 43 de
408 2800 199 58 Byzance
635 2814 108 30 avec
772 2801 38 42 le
838 2800 143 57 grand
1010 2800 89 43 duc
1128 2799 236 52 Vladimir,
1397 2805 112 38 cette
1539 2800 196 44 seconde
1764 2797 202 46 notation
1995 2810 54 31 ne
2072 2796 122 45 tarda

268 2992 61 49 (1)
353 2994 96 35 Avec
471 3006 47 22 un
543 2995 48 33 tel
615 2994 162 47 principe
799 2995 18 34 à
842 2995 33 34 la
898 2996 84 34 base
1005 2995 63 34 des
1091 2995 187 34 notations
1300 2995 230 46 byzantines,
1554 2995 138 33 chacun
1717 3006 35 22 se
1774 2993 219 35 convaincra
2016 2990 177 36 aisément

168 3051 87 44 qu'il
278 3055 53 29 est
350 3049 196 36 désormais
567 3052 176 45 superflu,
768 3063 93 34 pour
884 3052 189 45 expliquer
1098 3052 32 33 la
1146 3051 131 45 genèse
1293 3052 43 34 de
1351 3052 261 44 quelques-uns
1627 3051 43 34 de
1692 3051 93 34 leurs
1800 3049 135 46 signes,
1953 3049 44 34 de
2013 3051 180 31 remonter

167 3119 45 23 au
235 3105 130 47 déluge
386 3119 43 22 en
454 3111 146 41 passant
621 3108 305 35 successivement
949 3119 63 35 par
1041 3112 118 30 toutes
1181 3108 52 34 les
1254 3106 165 47 périodes
1442 3108 219 44 historiques
1686 3117 6 25 :
1719 3105 211 46 hébraïque,
1953 3103 238 47 égyptienne,

167 3164 210 45 assyrienne
400 3163 33 34 &
455 3164 138 34 autres!

264 3218 64 49 (2)
351 3219 54 35 Cf.
433 3220 148 45 Byzant.
607 3221 188 46 Zeitschr.,
819 3222 88 43 VIII,
940 3232 29 34 1,
994 3232 36 34 p.
1063 3230 170 37 122-147.

266 3275 61 47 (3)
348 3276 55 34 Cf.
428 3277 50 34 La
506 3276 159 36 Tribune
685 3279 42 33 de
750 3277 276 35 Saint-Gervais
1033 3305 7 12 ,
1064 3277 101 35 Avril
1195 3288 105 34 1900,
1325 3289 35 33 p.
1394 3288 78 33 124.

268 3331 63 48 (4)
352 3332 53 34 Cf.
429 3333 159 35 Bulletin
608 3335 42 33 de
668 3335 173 34 l'lnstitut
857 3333 274 47 archéologique
1152 3345 99 23 russe
1257 3361 6 14 ,
1296 3335 104 44 1898.
1494 3334 42 34 D.
1561 3333 139 35 Gaïsser
1714 3333 63 35 fait
1793 3332 261 35 certainement
2076 3340 117 23 erreur

168 3388 54 34 s'il
243 3389 134 33 entend
403 3390 114 44 parler
539 3390 42 34 de
603 3394 94 31 cette
727 3391 118 34 même
868 3391 167 34 notation
1059 3392 399 42 constantinopolitaine
1478 3391 126 43 quand
1627 3390 24 33 il
1671 3390 55 34 dit
1743 3401 7 22 :
1772 3401 18 22 «
1814 3390 63 32 Les
1906 3385 218 36 manuscrits
2145 3385 48 33 du

167 3448 86 42 type
270 3443 312 48 jérusalémitique
603 3458 35 23 se
659 3447 233 45 distinguent
918 3446 83 47 (par
1030 3447 161 45 exemple
1219 3447 44 33 de
1292 3458 87 23 ceux
1407 3448 49 33 du
1484 3451 88 41 type
1600 3443 415 47 constantinopolitain)
2046 3439 129 49 précisé-

170 3503 101 31 ment
293 3512 63 34 par
380 3512 70 23 une
472 3502 85 45 plus
579 3503 139 44 grande
739 3502 195 46 simplicité
957 3502 33 34 &
1014 3502 153 35 sobriété
1190 3503 43 33 de
1255 3504 93 45 style
1370 3503 97 34 &de
1491 3503 180 33 notation.
1697 3514 18 22 »
1742 3501 74 48 (Cf.
1840 3502 81 34 Rev.
1951 3497 117 36 Bénêcl
2073 3525 23 17 .,
2122 3496 70 34 mai

175 3557 105 44 1899,
302 3569 36 33 p.
366 3556 105 48 225.)
492 3558 95 35 C'est
609 3570 43 23 en
675 3558 81 35 effet
781 3559 32 33 le
836 3559 179 35 contraire
1037 3559 61 44 qui
1118 3559 138 34 semble
1278 3560 32 33 le
1332 3559 92 44 vrai,
1442 3570 143 24 comme
1608 3559 24 33 il
1647 3563 51 30 est
1710 3558 104 34 facile
1830 3557 43 34 de
1889 3557 72 33 s'en
1978 3554 215 35 convaincre

169 3624 43 22 en
224 3614 120 45 jetant
361 3625 48 23 un
432 3615 131 45 simple
586 3625 92 35 coup
695 3615 98 35 d'œil
817 3626 60 24 sur
897 3615 178 44 quelques
1090 3615 172 46 planches
1284 3616 61 44 qui
1369 3618 308 42 accompagnent,
1694 3615 90 34 dans
1805 3615 32 33 \Q
1852 3612 157 35 Bulletin
2030 3611 42 33 de
2093 3610 84 34 l'lns-

170 3669 87 33 titut
276 3668 282 48 archéologique,
585 3681 71 23 une
678 3669 108 36 étude
807 3669 152 47 spéciale
981 3683 61 22 sur
1062 3671 34 34 la
1117 3672 167 33 notation
1308 3672 224 45 hagiopolite.
