2349 3952
181 238 89 50 126

1054 254 247 37 CONCERTS

174 363 398 44 Rectification
596 365 31 42 à
650 375 211 43 propos
884 363 67 44 de
981 365 191 43 Verdi.
1271 365 106 41 Nous
1406 377 173 27 recevons
1607 363 147 39 d'ltalie
1774 375 74 25 une
1875 362 319 40 communication

283 435 70 51 qui
364 437 96 48 peut
480 433 76 40 être
575 436 98 37 ainsi
695 435 168 38 traduite
882 438 38 35 et
940 434 161 39 résumée
1122 450 12 25 :

283 522 51 38 Le
374 521 229 51 professeur
643 522 199 40 Riccardo
877 522 205 45 Gandolfi,
1122 522 307 41 bibliothécaire
1463 522 53 38 du
1553 518 317 41 Conservatoire
1904 519 49 37 de
1983 517 205 48 Florence,

174 588 148 41 reCtifie
343 591 102 38 dans
466 590 36 39 la
525 591 190 53 Rassegna
734 592 199 51 nationale
953 593 52 38 du
1030 604 22 26 2
1077 604 108 27 mars
1209 605 77 26 une
1314 603 135 27 erreur
1479 589 167 39 relative
1675 586 22 40 à
1726 587 184 51 l'hymne
1940 586 155 40 célèbre
2122 589 70 37 des

172 671 164 40 guerres
363 661 49 37 de
440 659 336 52 l'indépendance
805 661 190 38 italienne
1022 673 6 26 :
1055 661 159 38 Fratelli
1237 661 168 43 d'ltalia,
1442 660 103 37 dont
1581 658 37 38 la
1647 656 136 52 poésie
1820 659 62 36 est
1919 657 49 38 de
2000 656 192 40 Gofîredo

172 728 177 44 Mameli,
376 729 33 38 8c
431 729 103 38 dont
555 741 52 26 on
630 730 176 38 attribue
827 729 305 52 généralement
1153 730 36 38 la
1212 729 186 51 musique
1420 727 22 40 à
1464 727 135 38 Verdi.
1625 726 26 38 Il
1673 739 49 25 en
1746 725 166 39 restitue
1933 725 38 38 la
1993 725 200 51 paternité

171 795 22 40 à
216 797 171 39 Michèle
408 797 176 42 Novara,
610 798 141 39 artiste
773 798 172 52 lyrique,
972 799 91 51 puis
1086 798 144 39 maître
1245 800 69 37 des
1331 797 131 40 écoles
1479 797 48 38 de
1543 795 125 40 chant
1684 796 53 37 du
1754 794 207 51 municipe
1978 795 48 38 de
2042 795 146 46 Gênes,

170 869 109 35 mort
301 878 48 26 en
372 864 164 40 oCtobre
565 866 117 52 1885.
701 867 118 38 Verdi
837 866 146 40 écrivit
1001 867 89 39 bien
1108 867 37 39 la
1162 866 188 51 musique
1367 866 96 38 d'un
1482 864 154 53 hymne
1653 863 249 52 patriotique
1924 863 50 38 de
1998 863 160 38 Mameli
2180 875 7 33 ;

173 934 103 38 mais
299 934 55 39 les
377 935 158 51 paroles
557 941 95 33 sont
673 940 92 34 tout
786 941 135 33 autres
950 948 7 26 :

876 1030 18 21 «
918 1017 121 35 Suona
1061 1017 33 34 la
1117 1017 158 34 tromba.
1300 1016 243 45 Ondeggiano

874 1080 44 33 Le
941 1080 151 44 insegne
1110 1079 110 46 gialle
1243 1091 17 22 e
1282 1089 129 23 nere...
1438 1078 67 34 &c.
1532 1089 19 21 »

170 1160 35 38 8c
228 1160 161 38 Mameli
414 1173 47 25 ne
483 1160 34 38 le
540 1174 197 38 composa
760 1161 120 51 qu'en
903 1160 109 39 Août
1042 1160 115 50 1848,
1182 1174 50 25 au
1255 1159 77 39 lieu
1357 1172 78 38 que
1458 1158 34 39 le
1515 1158 124 39 chant
1659 1169 6 26 :
1692 1157 161 39 Fratelli
1870 1157 154 38 d'ltalia
2053 1160 61 35 est
2142 1158 49 37 de

172 1228 221 40 Décembre
429 1229 115 53 1847,
577 1230 34 38 &
640 1230 207 39 conduisit
880 1230 57 38 les
971 1229 160 39 Italiens
1165 1227 23 41 à
1222 1228 37 39 la
1294 1228 176 45 bataille,
1508 1228 103 38 dans
1644 1227 56 38 les
1731 1225 193 53 journées
1959 1227 48 37 de
2047 1226 140 46 Goito,

171 1297 239 53 Pastrengo,
436 1298 127 39 Santa
584 1299 134 43 Lucia,
746 1298 223 39 Curtatone
991 1299 34 38 8c
1048 1299 257 38 Montanara.

360 1424 52 38 Le
437 1423 231 42 London
692 1423 244 42 musical
963 1423 235 42 Courier
1224 1424 195 38 continue
1442 1424 102 37 dans
1567 1435 74 26 son
1658 1422 158 39 dernier
1835 1421 53 39 N°
1904 1421 36 38 la
1957 1419 231 40 traduCtion

172 1505 49 24 en
243 1492 159 52 anglais
431 1492 97 39 d'un
556 1492 140 39 article
724 1505 98 39 paru
852 1493 101 38 dans
983 1505 52 26 un
1064 1492 239 51 périodique
1332 1492 49 38 de
1411 1491 197 52 Chicago.
1635 1490 112 39 Titre
1786 1503 7 26 :
1825 1489 263 54 Spiritualism
2114 1491 79 37 and

171 1561 269 39 Matérialisai.
469 1561 155 39 Auteur
650 1574 7 25 :
683 1562 54 38 M.
765 1561 45 39 C.
837 1561 276 39 Saint-Saëns.

942 1823 482 46 CONCERTS

288 1979 273 42 Concerts
584 1980 76 41 du
687 1980 272 41 Châtelet.
986 1981 56 39 En
1066 1993 43 27 ce
1132 1984 200 41 moment,
1353 1980 33 38 le
1411 1980 107 38 Paris
1534 1978 173 40 musical
1722 1978 232 51 appartient
1970 1991 48 25 en
2035 1979 155 51 grande

172 2049 128 50 partie
321 2061 79 26 aux
422 2049 223 52 étrangers.
673 2049 54 38 Le
749 2061 53 37 24
824 2061 122 34 mars,
972 2063 51 25 au
1045 2049 202 45 Châtelet,
1274 2049 177 38 Concert
1472 2049 49 38 de
1545 2048 189 50 musique
1756 2045 177 53 tchèque
1961 2046 137 39 donné
2120 2060 71 38 par

173 2117 54 38 AL
261 2117 132 38 Oskar
421 2118 169 45 Nedbal,
624 2118 96 39 chef
735 2119 251 38 d'orchestre
1008 2120 48 37 de
1084 2119 36 38 la
1149 2117 159 40 Société
1336 2117 362 52 philharmonique
1727 2118 48 37 de
1805 2116 168 52 Prague.
2006 2115 60 39 Au
2097 2128 71 39 pro-

172 2198 186 39 gramme
397 2198 7 26 :
444 2187 53 38 La
522 2188 212 51 symphonie
767 2201 42 24 en
844 2188 55 38 mi
924 2189 147 37 mineur
1099 2188 47 37 de
1177 2187 187 45 Dvorak,
1398 2200 79 25 une
1505 2187 158 38 Marche
1679 2183 163 54 funèbre
1877 2187 58 49 (la
1966 2183 156 40 Fiancée
2148 2186 43 37 de

171 2254 183 53 Messine)
381 2256 48 38 de
465 2255 137 39 Fibich
621 2267 6 36 ;
671 2256 162 47 Vltava,
871 2270 144 38 poeme
1051 2256 309 52 symphonique
1394 2255 95 53 (tiré
1524 2257 53 37 du
1614 2254 113 53 cycle
1761 2267 116 27 «ma
1906 2254 129 39 Patrie
2063 2254 49 53 »)
2141 2256 49 37 de

170 2323 194 39 Smetana
381 2336 6 35 ;
419 2325 88 37 trois
527 2326 184 37 chansons
741 2324 170 53 tchèques
932 2327 49 37 de
1005 2326 179 43 Dvorak,
1213 2326 100 38 Lud.
1341 2325 233 39 Prochazka
1596 2325 33 38 8c
1652 2324 195 39 Smetana
1868 2335 7 35 ;
1902 2336 78 26 une
2004 2322 186 40 Sérénade

171 2405 104 38 pour
303 2393 271 39 instruments
602 2392 22 40 à
651 2395 141 38 cordes
821 2395 68 52 (en
913 2407 25 37 4
968 2394 168 53 parties)
1164 2395 50 38 de
1236 2394 116 53 Josef
1380 2393 85 40 Suk
1484 2406 7 34 ;
1525 2406 52 26 un
1606 2395 58 37 air
1692 2395 48 37 de
1767 2393 37 39 la
1832 2393 358 39 Marie-Madeleine

170 2463 49 37 de
260 2463 218 45 Massenet,
523 2475 54 26 un
614 2476 74 38 peu
725 2463 179 52 dépaysé
938 2476 49 25 au
1024 2463 136 39 milieu
1197 2464 48 37 de
1281 2468 64 33 cet
1372 2463 217 43 exotisme,
1629 2463 34 38 &
1692 2463 101 38 deux
1826 2463 132 37 danses
1992 2462 118 38 slaves
2140 2461 48 39 de

170 2531 179 39 Dvorak.
376 2532 53 37 M.
449 2531 154 40 Nedbal
626 2531 129 52 parait
776 2534 81 37 être
881 2545 53 25 un
958 2532 197 39 excellent
1178 2532 199 39 musicien
1395 2544 6 35 ;
1428 2531 96 40 chef
1539 2531 264 42 d'orchestre,
1824 2531 23 38 il
1870 2545 23 24 a
1913 2532 49 37 de
1978 2531 207 52 l'énergie,

170 2613 49 26 ne
236 2600 199 53 prodigue
451 2614 72 38 pas
540 2601 56 38 les
613 2606 135 47 gestes
765 2601 164 39 inutiles
951 2602 34 38 8c
1010 2600 180 40 n'aftèéte
1213 2615 72 38 pas
1307 2603 48 37 de
1378 2601 270 52 prétentions.
1675 2601 54 38 La
1753 2613 188 39 musique
1964 2601 97 50 qu'il
2084 2613 104 27 nous

168 2682 23 25 a
219 2669 71 39 fait
318 2670 207 45 entendre,
559 2682 81 26 non
664 2670 152 38 dénuée
839 2671 48 37 de
911 2670 185 38 fantaisie
1125 2672 34 37 8c
1189 2672 49 37 de
1269 2670 180 46 couleur,
1483 2670 79 39 m'a
1592 2682 98 39 paru
1722 2682 54 27 un
1805 2683 77 38 peu
1907 2668 276 48 incohérente,

169 2742 179 34 souvent
370 2738 260 52 improvisée,
657 2739 348 39 insuffisamment
1031 2741 226 43 construite,
1278 2738 206 40 médiocre
1506 2752 48 25 en
1577 2752 160 26 somme
1758 2738 111 54 (bien
1893 2738 125 52 qu'un
2040 2740 49 36 de
2114 2751 74 26 nos

169 2807 141 51 poètes
339 2806 56 39 ait
422 2807 103 39 ainsi
555 2806 233 40 caractérisé
809 2808 90 39 l'art
922 2809 47 37 de
992 2808 194 38 Smetana
1212 2821 7 25 :
1256 2808 62 38 Un
1346 2822 115 38 rayon
1484 2809 43 37 de
1551 2808 105 38 soleil
1681 2808 149 38 d'ltalie
1854 2808 95 38 dans
1976 2821 73 24 une
2073 2812 117 48 coupe

168 2889 44 24 en
240 2875 131 39 cristal
398 2877 44 37 de
468 2875 185 53 Bohême).
688 2877 72 38 Les
788 2876 207 39 honneurs
1017 2878 47 37 de
1087 2876 36 39 la
1144 2876 177 40 matinée
1343 2882 74 33 ont
1439 2876 62 39 été
1522 2889 103 39 pour
1647 2877 38 38 M
1692 2878 37 24 lle
1752 2876 149 53 Emmy
1924 2876 189 45 Destinn,
2139 2877 49 38 de

167 2945 151 51 l'opéra
335 2945 182 51 impérial
533 2946 49 37 de
597 2945 146 38 Berlin.
764 2945 104 40 Voix
884 2947 47 37 de
948 2958 177 39 soprano
1143 2946 284 51 parfaitement
1443 2945 249 54 homogène,
1713 2959 94 26 sans
1823 2952 115 33 trous
1961 2947 39 37 ni
2023 2945 165 40 lacunes

170 3015 143 45 (chose
342 3013 263 54 rarissime!),
639 3027 97 38 pure
765 3015 34 38 8c
827 3014 149 39 fraîche
1005 3027 163 26 comme
1189 3015 101 38 l'eau
1313 3016 70 38 des
1406 3027 180 33 sources,
1612 3016 98 38 d'un
1734 3015 121 38 émail
1877 3027 145 27 encore
2045 3013 138 49 intaél,

167 3085 35 38 8c
224 3083 157 40 maniée
404 3096 100 26 avec
530 3096 50 25 un
603 3083 106 52 style
730 3083 212 39 excellent.
968 3083 33 38 A
1023 3083 147 40 chanté
1191 3084 86 39 l'air
1299 3085 48 37 de
1369 3084 160 39 Samson
1555 3088 38 35 et
1619 3084 133 39 Dalila
1778 3084 116 52 (Mon
1920 3097 103 26 cœur
2042 3084 146 39 s'ouvre

166 3151 86 41 àta
272 3153 88 38 voix
367 3151 66 54 ...)
454 3165 49 25 en
525 3152 36 38 le
585 3156 265 47 transposant
871 3152 97 38 d'un
997 3153 203 39 demi-ton
1224 3152 90 52 plus
1338 3153 112 45 haut,
1477 3154 34 38 8c
1533 3166 102 26 avec
1657 3166 54 26 un
1733 3159 146 33 accent
1900 3152 189 54 étranger
2117 3153 68 51 qui

166 3222 99 39 était
288 3234 78 27 une
388 3222 121 51 grâce
532 3222 48 37 de
602 3221 106 51 plus.

282 3316 273 41 Concerts
577 3315 77 42 du
679 3316 452 41 Conservatoire.
1158 3316 73 38 Les
1261 3329 43 40 17
1329 3316 34 39 8c
1385 3328 53 37 24
1459 3328 123 34 mars,
1607 3317 225 39 excellente
1854 3317 215 39 exécution
2086 3317 102 47 de,la

165 3386 224 52 Symphonie
409 3385 179 38 italienne
608 3386 49 37 de
680 3384 289 39 Mendelssohn
992 3385 34 38 8c
1048 3386 48 37 de
1119 3384 36 39 la
1176 3384 100 41 Nuit
1287 3390 160 47 persane
1473 3386 49 37 de
1551 3386 54 37 M.
1636 3386 277 39 Saint-Saëns.
1946 3387 54 38 Ce
2028 3386 160 39 dernier

165 3453 144 53 poème
331 3457 62 35 est
414 3453 73 39 fait
507 3455 49 37 de
579 3451 132 54 pièces
728 3453 280 52 juxtaposées,
1034 3455 34 37 8c
1090 3453 35 39 la
1142 3454 165 39 couleur
1322 3454 310 39 instrumentale
1647 3468 49 25 en
1713 3456 182 51 pourrait
1910 3457 83 38 être
2009 3459 178 36 souvent

164 3524 91 51 plus
270 3523 181 52 poussée;
473 3523 102 38 mais
597 3522 55 39 les
675 3523 262 50 inspirations
958 3523 219 52 originales
1197 3537 28 37 y
1253 3524 222 39 abondent.
1503 3524 54 39 M.
1582 3524 175 53 Vaguet,
1790 3526 49 38 de
1866 3524 178 53 l'Opéra,
2077 3538 21 26 a
2126 3526 62 38 dit

163 3605 49 26 en
236 3590 220 54 perfeétion
478 3592 37 39 la
539 3587 173 44 mélodie
735 3591 30 39 si
790 3592 231 51 expressive
1044 3592 33 39 8c
1101 3592 31 39 si
1156 3592 115 39 triste
1294 3606 24 25 «
1340 3593 53 38 du
1417 3592 206 40 cimetière
1645 3606 24 25 »
1702 3606 7 26 :
1741 3594 106 39 Assis
1868 3608 65 24 sur
1953 3597 96 36 cette
2057 3595 131 50 froide

155 3662 126 52 pierre
287 3691 45 9 ...
349 3662 56 38 Le
421 3660 203 41 contralto
641 3661 67 51 qui
725 3660 189 40 alternait
929 3673 99 27 avec
1045 3662 54 38 AL
1118 3661 160 53 Vaguet
1293 3661 53 54 (&
1364 3674 76 39 que
1452 3663 40 51 je
1509 3674 49 26 ne
1574 3675 169 27 nomme
1758 3676 72 39 pas
1854 3676 71 39 par
1946 3662 241 53 courtoisie)
