2349 3952
182 253 89 49 104

824 253 81 36 LES
944 253 276 37 NOTATIONS
1260 252 289 37 BYZANTINES

172 378 81 43 pas
282 366 24 43 à
334 364 127 45 subir
489 367 65 43 les
582 366 241 45 variations
854 366 228 58 imposées
1112 381 77 43 par
1215 368 38 42 le
1282 373 151 50 temps
1461 378 58 29 ou
1551 364 37 42 le
1616 359 131 61 génie
1782 358 253 58 particulier
2067 359 54 45 de
2151 360 39 44 la

173 447 164 57 langue
380 447 137 43 slave.
562 447 90 43 Elle
693 453 67 38 est
794 461 158 32 encore
995 447 311 58 parfaitement
1347 443 358 47 reconnaissable
1745 440 289 59 aujourd'hui
2076 442 113 43 dans

173 526 216 47 l'écriture
420 528 215 45 musicale
665 528 237 60 employée
933 543 78 43 par
1038 531 64 43 les
1131 527 252 47 Starovères
1411 541 59 30 ou

298 611 55 43 La
393 608 268 47 découverte
703 611 53 43 de
798 612 223 56 quelques
1063 623 244 32 nouveaux
1349 611 287 47 documents,
1678 604 144 59 jointe
1864 604 21 43 à
1928 617 87 30 une
2057 603 132 44 étude

171 691 297 58 approfondie
496 692 54 43 de
578 692 244 44 l'ancienne
850 693 202 43 notation
1089 705 145 38 russe,
1274 703 118 31 nous
1427 688 226 46 dévoilera
1687 684 222 59 peut-être
1945 683 173 46 bientôt
2151 687 38 42 le

173 786 104 32 sens
306 773 251 57 particulier
585 774 53 44 de
666 776 38 42 la
734 773 361 59 sémeiographie
2097 774 93 45 Con
1695 781 115 44 pour
1844 768 39 43 le
1919 773 207 38 moment
2161 767 28 43 il

173 868 117 31 nous
319 861 66 38 est
413 868 159 31 encore
601 854 268 59 impossible
897 857 102 43 d'en
1028 854 203 59 pénétrer
1258 856 38 42 le
1325 858 156 40 secret.

298 937 88 42 Peu
414 936 130 57 après
573 937 40 42 la
642 936 199 44 notation
881 933 514 57 Constantinopolitaine,
1433 933 39 43 &
1505 932 91 44 très
1631 931 348 57 probablement
2012 942 102 32 vers
2149 931 38 42 la

172 1014 150 46 même
356 1016 193 58 époque,
590 1031 47 30 se
671 1017 178 44 formait
884 1031 52 30 en
973 1016 216 45 Palestine
1226 1030 88 30 une
1348 1013 187 45 écriture
1571 1011 218 45 musicale
1824 1011 229 53 similaire,
2098 1011 89 44 dite

168 1097 279 57 Hagiopolite
473 1112 58 31 ou
562 1100 54 41 de
643 1100 118 43 saint
775 1100 112 55 Jean
1674 1097 282 46 Damascène.

293 1180 186 43 Chacun
519 1180 83 44 sait
643 1180 249 44 l'influence
933 1181 80 43 des
1051 1178 175 45 moines
1268 1178 203 45 Sabaïtes
1512 1177 39 42 &
1587 1175 308 58 l'importance
1930 1175 59 44 du
2030 1188 128 31 mona-

168 1260 173 45 chisme
369 1261 212 58 byzantin
610 1275 88 30 aux
728 1274 39 30 ix
773 1272 16 19 e
817 1262 38 42 &
884 1274 24 30 X
914 1270 14 18 e
952 1261 172 44 siècles.
1157 1261 55 43 Le
1248 1260 182 57 Typicon
1461 1258 53 44 de
1545 1257 117 45 saint
1691 1256 139 46 Sabas
1860 1262 67 40 est
1949 1257 119 45 alors
2090 1256 78 44 offi-

169 1341 256 46 ciellement
465 1341 179 57 accepté
682 1343 23 42 à
747 1342 141 45 sainte
929 1342 167 56 Sophie
1137 1342 55 50 &,
1239 1341 53 43 de
1334 1341 56 51 là,
1436 1340 111 44 dans
1589 1345 107 38 tous
1731 1340 65 43 les
1832 1338 282 45 monastères
2147 1338 40 44 &

167 1429 151 39 toutes
347 1425 62 43 les
440 1422 164 59 églises
633 1425 53 42 de
717 1423 217 58 l'empire.
968 1425 79 42 Par
1075 1425 39 42 la
1143 1421 152 46 même
1330 1421 227 52 occasion,
1598 1422 39 42 la
1672 1420 202 44 notation
1909 1420 280 57 Hagiopolite

166 1505 240 56 supplante
435 1510 181 51 partout
644 1506 108 42 celle
780 1505 55 43 de
863 1503 391 58 Constantinople,
1282 1503 53 51 &,
1368 1503 80 44 dès
1479 1503 39 42 la
1538 1501 63 44 fin
1623 1502 61 43 du
1710 1514 39 30 xi
1756 1510 14 18 e
1794 1501 148 52 siècle,
1970 1502 104 55 quel
2096 1515 90 43 que

167 1585 86 44 soit
282 1586 332 43 l'attachement
642 1586 79 43 des
743 1586 237 57 Byzantins
1001 1599 117 43 pour
1140 1586 119 43 leurs
1281 1583 241 45 anciennes
1542 1582 255 52 traditions,
1824 1583 41 44 la
1888 1582 298 45 substitution

166 1667 54 42 de
249 1665 364 59 sémeiographie
642 1672 68 38 est
737 1667 240 56 complète.

289 1746 138 46 Détail
458 1747 188 45 curieux
679 1763 8 30 :
718 1749 147 44 tandis
894 1763 88 43 que
1019 1749 62 44 les
2069 1746 121 47 Sévèr
1457 1746 180 60 (Slaves
1667 1747 59 43 du
1758 1747 132 59 nord)
1918 1752 268 38 conservent

167 1830 39 42 la
235 1829 202 44 notation
469 1830 514 54 Constantinopolitaine,
1023 1831 65 43 les
2065 1831 125 56 Jugo-
1413 1827 179 60 (Slaves
1627 1829 60 43 du
1725 1829 125 58 sud),
1890 1829 178 44 soumis
2104 1829 81 44 dès

167 1910 38 42 le
233 1923 28 29 x
266 1919 16 20 e
310 1909 132 44 siècle
472 1924 54 29 au
558 1910 196 56 pouvoir
780 1910 56 43 de
864 1911 212 57 Byzance,
1109 1910 127 43 n'ont
1259 1909 165 58 jamais
1453 1924 54 29 eu
1537 1910 170 43 d'autre
1743 1907 188 46 écriture
1968 1909 217 44 musicale

167 2003 87 43 que
285 1991 108 42 celle
421 1990 53 43 de
505 1990 113 44 saint
639 1991 104 53 Jean
773 1991 292 51 Damascène,
1093 1990 143 58 jointe
1265 2005 55 29 au
1350 1996 120 38 texte
1499 2004 119 44 grec.
1653 1990 43 44 Si
1720 1990 348 44 extraordinaire
2096 2004 89 43 que

166 2071 156 57 puisse
352 2071 184 57 paraître
566 2077 113 40 cette
705 2071 238 52 assertion,
977 2074 81 42 elle
1086 2077 68 40 est
1182 2071 250 57 cependant
1466 2070 161 46 fondée
1656 2084 79 32 sur
1762 2072 121 44 deux
1912 2072 272 44 documents

168 2152 56 44 de
252 2154 136 43 haute
416 2154 155 43 valeur
601 2168 8 29 :
642 2154 54 43 Le
727 2152 248 59 Synodique
1000 2154 55 43 de
1085 2152 123 46 Boris
1237 2151 215 47 conservé
1483 2154 22 43 à
1541 2154 39 43 la
1613 2152 313 58 Bibliothèque
1961 2152 223 45 nationale

166 2234 54 42 de
254 2232 121 45 Sofia
409 2234 40 42 &
483 2248 61 29 un
581 2234 247 44 manuscrit
860 2235 299 56 graeco-slave
1195 2232 277 46 récemment
1505 2232 247 47 découvert
1789 2248 76 43 par
1899 2235 191 43 l'auteur
2129 2235 53 43 de

166 2319 111 39 cette
306 2312 134 46 étude
468 2315 113 44 dans
611 2315 183 44 l'ancien
825 2316 255 43 monastère
1107 2329 104 44 grec
1239 2316 53 43 de
1322 2316 257 45 Batchkovo
1608 2330 54 29 en
1692 2315 220 58 Bulgarie.

281 2395 252 57 J'ajouterai
564 2394 164 54 même,
764 2409 77 30 sur
868 2398 38 41 le
935 2394 290 59 témoignage
1253 2398 53 43 de
1343 2398 100 55 Mgr
1475 2396 223 59 Angelitz,
1726 2396 165 59 primat
1918 2399 53 42 de
2007 2382 177 74 l'Église

164 2475 294 57 autocéphale
498 2476 54 43 de
592 2478 235 50 Carlovitz,
874 2491 88 42 que
1004 2479 63 43 les
1109 2478 177 52 Serbes,
1338 2491 82 44 pas
1461 2480 105 56 plus
1607 2493 90 42 que
1745 2480 63 43 les
1855 2480 228 57 Bulgares,
2129 2493 53 29 ne

163 2556 245 56 possèdent
436 2570 146 31 aucun
614 2559 246 43 manuscrit
888 2559 244 57 liturgique
1161 2573 55 29 en
1244 2559 199 46 notation
1470 2556 302 49 sévéro-slave.
1806 2561 55 44 Le
1889 2561 133 44 chant
2050 2560 112 57 parti-

425 2622 6 11 t

163 2638 137 43 culier
327 2639 24 42 à
379 2638 176 57 l'Eglise
583 2639 54 44 de
665 2640 219 45 Carlovitz
912 2639 70 61 (i)
1009 2640 339 60 (Carlovitchko
1378 2640 167 61 piénié)
1574 2648 67 38 est
1669 2641 108 46 basé
1806 2655 79 32 sur
1913 2644 37 42 le
1980 2643 202 58 système

164 2719 150 42 modal
343 2719 80 44 des
451 2732 129 44 grecs
609 2720 240 45 modernes
869 2733 8 42 ;
911 2720 27 43 il
967 2734 24 31 a
1019 2719 69 46 été
1115 2721 219 52 transcrit,
1368 2735 117 44 pour
1512 2724 40 42 la
1574 2723 220 57 première
1817 2723 86 45 fois
1927 2724 254 44 seulement

162 2799 39 42 &
230 2799 178 44 suivant
437 2800 40 43 la
505 2800 198 45 notation
732 2800 300 59 européenne,
1066 2815 53 31 en
1156 2801 130 56 1864,
1319 2817 78 44 par
1424 2804 221 44 Corneille
1674 2804 311 46 Stankovitch.

287 2879 103 44 Bien
420 2894 87 43 que
535 2895 48 30 ce
614 2895 52 30 ne
696 2881 88 45 soit
812 2895 81 45 pas
921 2883 55 43 ici
1005 2884 38 42 le
1074 2884 86 43 lieu
1192 2885 193 43 d'entrer
1411 2899 55 29 en
1494 2886 55 42 de
1579 2886 255 45 nombreux
1869 2885 158 46 détails
2060 2888 100 43 tech-

164 2960 178 57 niques,
388 2960 26 43 il
453 2975 72 30 me
562 2960 139 59 paraît
738 2963 106 44 utile
879 2965 249 55 cependant
1162 2965 55 43 de
1255 2965 150 45 suivre
1448 2968 115 44 dans
1604 2980 74 32 ses
1719 2969 195 57 grandes
1956 2968 145 57 lignes
2143 2969 38 42 le

162 3039 381 60 développement
569 3044 55 42 de
652 3044 41 42 la
721 3044 201 44 notation
952 3045 277 57 Hagiopolite
1263 3046 76 56 qui
1377 3049 83 51 fut,
1499 3048 24 43 à
1559 3049 190 44 certains
1785 3049 179 58 égards,
2003 3050 41 42 la
2077 3050 104 56 plus

163 3123 286 57 importante,
482 3124 39 43 &
548 3124 110 43 dont
687 3125 172 57 l'usage
889 3126 108 44 s'est
1025 3125 216 59 perpétué
1263 3129 218 56 jusqu'en
1509 3135 127 38 notre
1667 3130 148 45 siècle.

284 3205 57 43 La
367 3205 210 43 tradition
607 3207 225 43 s'accorde
860 3220 127 31 assez
1015 3207 334 58 généralement
1378 3224 116 43 pour
1524 3213 103 43 faire
1656 3213 55 43 de
1735 3213 116 44 saint
1866 3215 107 54 Jean
1993 3214 158 43 Damas-

159 3285 106 43 cène
294 3285 192 45 l'auteur
512 3287 55 43 de
588 3288 40 42 la
651 3287 199 44 notation
873 3289 293 56 Hagiopolite.
1189 3290 253 52 Toutefois,
1469 3292 52 52 si,
1550 3307 115 42 pour
1687 3292 89 47 être
1794 3297 138 56 juste,
1959 3308 58 31 on
2041 3294 139 57 prend

160 3380 54 30 en
249 3365 333 46 considération
619 3369 38 42 le
691 3367 291 59 témoignage
1016 3370 55 44 de
1112 3375 106 40 tous
1260 3372 64 44 les
1364 3372 181 47 anciens
1578 3375 166 45 codices
1782 3377 56 43 de
1880 3375 232 59 musique,
2152 3375 28 44 il

159 3447 212 44 convient
398 3448 263 43 d'attribuer
690 3449 23 42 à
742 3449 114 43 saint
886 3450 195 45 Cosmas
1109 3452 38 42 le
1179 3450 177 46 mélode
1386 3467 88 29 une
1504 3454 140 56 partie
1672 3457 54 43 de
1756 3463 69 38 cet
1853 3458 224 43 honneur.

256 3608 33 48 (1
301 3613 17 43 )
336 3609 47 34 Ce
403 3620 110 34 genre
535 3610 43 34 de
601 3610 111 34 chant
741 3611 211 45 particulier
976 3615 56 32 est
1058 3624 129 24 encore
1216 3613 91 35 usité
1329 3614 90 35 dans
1442 3616 34 33 la
1498 3616 134 45 Serbie,
1659 3619 32 33 le
1715 3619 255 47 Monténégro,
1996 3621 33 33 la
2051 3620 128 36 Bosnie

159 3662 32 34 &
215 3662 288 48 l'Herzégovine,
527 3666 98 34 voire
649 3666 118 34 même
784 3666 171 47 jusqu'en
981 3667 222 37 Macédoine.
