4348 3040
520 210 301 50 POESIA

523 351 224 50 paradosso
778 361 19 27 e
830 349 37 38 di
899 348 202 50 coraggio,
1132 356 103 29 sono
1265 345 38 38 in
1334 344 124 39 realtà
1490 342 61 39 dei
1584 342 151 40 clichès
1765 340 158 39 abusati
1955 350 21 27 e
2007 349 122 28 senza

522 416 144 37 valore.
699 413 186 46 Qualche
916 411 198 49 esempio:
1145 411 34 37 le
1210 409 203 50 signorine
1445 408 38 37 di
1522 406 172 51 famiglia
1737 407 76 36 che
1854 403 275 50 preferiscono

523 479 170 38 ramore
725 477 124 38 libero
881 477 33 38 al
946 475 276 47 matrimonio;
1254 474 33 37 le
1320 473 198 38 mondane
1549 473 77 37 che
1658 469 275 50 preferiscono
1963 467 51 51 gli
2045 476 63 29 sca-

524 542 223 39 vezzacollo
777 541 33 38 ai
843 540 110 38 bravi
985 538 153 51 ragazzi
1153 551 9 33 ;
1198 538 34 38 le
1262 537 169 39 frenesie
1465 537 61 36 del
1556 535 194 50 pubblico
1781 544 21 27 a
1832 535 126 35 teatro
2004 542 69 38 per
2118 530 9 37 i

523 606 192 40 criminali
737 604 208 50 simpatici;
968 603 382 38 l'anticattolicismo
1372 601 60 37 dei
1457 600 109 38 liberi
1590 600 200 48 pensatori
1813 598 74 37 che
1909 596 221 38 affermano

525 671 38 37 di
593 673 155 35 trovare
781 669 66 38 dio
878 669 217 47 dovunque
1125 670 141 34 tranne
1297 666 74 37 che
1403 664 37 38 in
1484 664 155 45 chiesa;
1683 663 8 36 i
1736 660 271 52 gentiluomini
2052 660 77 37 che

527 744 159 38 posano
716 744 23 26 a
768 731 276 46 democratici;
1075 731 8 37 i
1116 730 96 48 preti
1244 730 74 37 che
1349 730 32 36 si
1409 728 260 49 proclamano
1691 725 167 48 liberali;
1881 725 36 38 la
1939 725 192 47 passione

528 796 300 38 baudelairiana
846 793 310 39 dell'artificioso
1173 792 148 38 oramai
1345 791 187 38 divenuta
1551 789 305 45 comunissima;
1878 787 23 38 il
1920 787 211 48 disprezzo

528 860 102 51 degli
662 858 141 40 scolari
835 869 116 27 verso
995 858 7 37 i
1048 858 85 37 loro
1178 855 180 39 maestri:
1403 857 97 35 tutta
1545 853 169 39 retorica
1757 853 38 37 di
1840 855 104 35 terza
1988 851 144 48 classe,

531 923 305 50 paradossismo
871 921 265 39 accademico.

635 987 297 39 Naturalmente
965 985 64 38 noi
1061 984 71 38 soli
1163 994 185 28 eravamo
1376 984 38 36 in
1446 982 129 50 grado
1607 982 36 37 di
1676 990 239 39 apprezzare
1946 980 23 35 il
1999 979 133 36 valore

530 1052 103 38 della
664 1053 138 36 nostra
831 1050 91 46 vita,
953 1049 165 50 giacché
1149 1048 171 38 soltanto
1355 1046 167 49 quando
1561 1045 32 38 ci
1634 1048 230 35 trovavamo
1905 1044 50 37 da
1991 1042 87 46 soli,
2110 1041 22 37 il

530 1119 233 35 retroscena
793 1114 38 38 di
862 1115 63 37 ciò
956 1115 76 37 che
1063 1123 190 28 avevamo
1282 1112 96 37 fatto
1409 1122 20 27 e
1460 1111 107 37 detto
1598 1111 38 35 in
1668 1109 191 50 pubblico
1890 1107 32 39 si
1945 1107 186 38 rivelava.

531 1170 29 47 È
592 1180 230 37 necessario
852 1179 74 37 che
957 1178 37 36 io
1025 1177 34 36 vi
1092 1176 104 37 narri
1228 1175 171 49 qualche
1430 1173 184 50 episodio
1630 1173 21 39 ?
1684 1170 134 42 Credo
1859 1171 37 37 di
1930 1182 63 35 no,
2026 1171 108 47 dopo

530 1246 152 47 quanto
712 1245 35 35 vi
781 1244 52 36 ho
864 1242 120 38 detto.
1005 1241 256 50 Aggiungerò
1289 1241 76 37 che
1386 1240 33 37 ci
1442 1248 206 28 amavamo
1668 1239 122 44 tanto,
1813 1236 74 38 che
1910 1244 225 41 ponevamo

532 1308 93 50 ogni
658 1310 141 36 nostro
829 1306 136 39 studio
995 1317 22 26 a
1047 1304 226 40 soddisfare
1304 1304 8 36 i
1345 1302 125 39 nostri
1515 1300 256 40 scambievoli
1816 1299 185 50 capricci.
2033 1298 103 38 Dico

531 1370 184 50 capricci,
746 1370 165 50 giacché
943 1369 103 38 nella
1078 1372 136 34 nostra
1243 1377 101 28 zona
1374 1365 252 39 intellettuale
1663 1365 8 37 i
1717 1363 175 40 desideri
1936 1374 80 27 non
2060 1361 58 39 esi-

532 1439 141 35 stono:
705 1445 190 28 avevamo
925 1433 88 39 solo
1043 1432 61 38 dei
1135 1431 185 49 capricci,
1352 1429 207 40 minuscoli
1590 1440 19 27 e
1610 1422 11 10 %
1641 1427 296 52 irragionevoli,
1969 1438 61 27 ma
2060 1428 75 37 che

533 1509 72 38 per
637 1508 135 28 essere
805 1496 226 39 soddisfatti
1062 1495 284 39 richiedevano
1377 1505 52 27 un
1461 1504 164 28 enorme
1656 1493 276 49 spostamento
1971 1491 38 37 di
2041 1500 95 29 cose

532 1573 20 27 e
584 1562 38 37 di
653 1572 185 39 persone.
869 1559 30 39 E
931 1562 151 46 quanto
1112 1559 67 49 più
1212 1558 221 38 minuscolo
1463 1568 68 27 era
1561 1557 23 37 il
1615 1556 201 50 capriccio
1846 1567 20 27 e
1888 1556 66 49 più
1976 1563 160 30 enorme

533 1626 22 37 il
588 1626 203 46 resultato,
821 1627 107 35 tanto
971 1624 68 49 più
1078 1623 133 38 valore
1243 1633 123 27 aveva
1396 1622 22 37 il
1449 1624 114 48 gesto
1594 1622 73 37 che
1699 1621 37 38 lo
1770 1620 202 50 eseguiva,
2003 1630 20 27 e
2067 1628 72 39 per

535 1699 284 40 conseguenza
848 1690 106 36 tanta
984 1688 67 49 più
1082 1687 103 50 gioia
1216 1687 23 36 il
1271 1688 137 37 nostro
1438 1686 153 48 spirito.

645 1751 205 38 Divertirsi
881 1762 22 27 a
933 1754 187 47 giuocare
1149 1760 77 28 con
1257 1750 49 50 gli
1339 1749 160 45 uomini,
1532 1748 84 38 farli
1647 1747 207 39 strumenti
1894 1747 64 38 del
1999 1748 141 36 nostro

535 1817 173 49 piacere,
740 1826 62 28 ma
832 1826 80 28 non
943 1815 191 39 accordar
1165 1815 85 37 loro
1281 1815 74 37 che
1386 1824 78 26 una
1508 1813 186 38 funzione
1729 1812 202 46 vilissima,
1963 1810 176 47 bestiale,

535 1880 202 50 prenderli
768 1880 82 37 tutti
882 1879 38 37 in
953 1879 141 38 blocco
1124 1889 20 27 e
1175 1878 60 37 dir
1272 1878 83 38 loro
1373 1889 8 26 :
1466 1877 35 37 io
1534 1887 80 27 non
1662 1878 55 37 ho
1760 1885 154 28 nessun
1959 1874 180 49 rispetto,

538 1955 178 28 nessuna
747 1942 129 47 stima,
908 1953 179 28 nessuna
1117 1942 184 49 simpatia
1332 1951 69 39 per
1430 1941 76 38 voi.
1538 1939 104 40 Però
1663 1943 130 47 potete
1816 1939 147 39 servire
1984 1949 22 27 a
2026 1936 113 40 farmi

538 2010 128 37 ridere
697 2007 151 39 un'ora.
879 2007 156 47 Avanti,
1066 2006 248 51 eseguite!,,,
1349 2017 79 27 non
1459 2006 20 37 è
1501 2008 104 36 forse
1637 2005 62 38 ciò
1729 2006 74 37 che
1834 2006 30 36 si
1897 2003 155 39 chiama
2082 2001 40 37 di-

535 2073 126 39 vino?
693 2069 75 42 Chi
792 2082 79 27 non
895 2071 51 38 ha
968 2072 167 48 provato
1155 2070 37 38 di
1211 2071 140 48 queste
1369 2069 208 45 ebbrezze,
1602 2080 82 27 non
1705 2079 46 28 sa
1771 2069 74 37 che
1863 2067 59 38 sia
1942 2064 197 52 genialità.

644 2135 29 38 E
704 2135 85 39 così
821 2145 113 28 come
967 2134 99 38 nella
1097 2134 90 47 vita,
1219 2133 35 38 io
1285 2143 104 28 sono
1410 2135 102 35 stato
1543 2131 204 39 nelParte:
1769 2130 256 45 iconoclasta,
2049 2139 71 39 pro-

535 2200 192 45 fanatore,
754 2199 141 46 cinico,
921 2198 242 38 irriverente.
1187 2196 222 40 Sbattezzai
1431 2196 33 38 le
1487 2196 177 47 formule,
1686 2195 207 38 m'inoltrai
1914 2193 228 39 fischiando

535 2265 62 38 col
627 2263 184 50 cappello
841 2264 103 37 sulla
975 2264 125 37 fronte
1130 2262 85 38 fino
1245 2261 75 50 agli
1351 2261 122 46 altari,
1508 2262 38 36 in
1586 2260 239 49 compagnia
1868 2258 38 38 di
1953 2255 189 53 bagascie

537 2332 77 37 che
647 2329 135 38 distesi
815 2328 148 51 ignude
994 2330 34 35 ai
1060 2327 104 49 piedi
1201 2327 61 38 dei
1309 2326 261 46 tabernacoli,
1614 2325 179 50 appiccai
1837 2325 23 37 il
1904 2323 120 39 fuoco
2068 2322 73 38 alle

539 2395 112 46 stole,
681 2393 73 39 alle
787 2393 171 49 pianete,
991 2394 35 35 ai
1057 2391 145 49 piviali.
1220 2390 53 39 La
1304 2390 167 49 poesia?
1506 2390 240 46 meccanica,
1772 2388 178 46 artificio,
1968 2389 172 47 gateau.

540 2458 30 38 E
601 2468 103 29 sono
734 2459 103 37 stato
869 2458 116 47 poeta
1014 2466 123 28 senza
1167 2455 163 38 credere
1367 2454 75 38 alla
1471 2454 152 49 poesia.
1652 2454 54 38 La
1737 2455 113 49 gente
1884 2454 50 36 ha
1977 2450 167 40 creduto

537 2532 23 28 a
598 2532 60 28 me
689 2532 112 28 come
834 2522 51 36 ha
914 2520 168 38 creduto
1111 2519 76 50 agli
1219 2519 85 39 altri
1336 2522 115 34 cento
1523 2517 224 50 apostoli...
1779 2516 71 39 Fra
1873 2527 61 28 me
1965 2515 157 50 spregiu-

546 2586 146 47 dicato,
721 2584 159 47 freddo,
912 2587 100 44 ateo,
1043 2583 277 48 alchimistico,
1349 2583 49 38 ed
1442 2583 91 47 essi,
1575 2581 215 47 illuminati,
1819 2580 168 50 ispirati,
2030 2579 95 38 infer-

541 2650 139 47 vorati,
711 2649 36 39 la
777 2653 117 47 gente
926 2659 82 28 non
1041 2649 50 37 ha
1122 2650 95 36 fatto
1248 2647 249 38 distinzione.
1542 2645 147 40 Artista
1731 2645 37 38 io
1814 2656 19 27 e
1878 2644 122 39 artisti
2045 2645 99 37 loro.

542 2711 75 42 Chi
650 2723 124 29 aveva
804 2713 165 49 dunque
1005 2711 160 51 ragione
1182 2711 23 39 ?

2560 334 69 39 Ma
2660 345 96 28 ecco
2787 335 73 37 che
2892 333 297 50 sopraggiunse
3222 333 35 36 la
3301 330 160 39 sazietà.
3511 327 125 41 Come
3681 329 40 37 fu
3739 329 16 35 ?
3800 327 89 40 Una
3930 337 113 29 sensa-

2453 399 127 38 zione.
2612 398 90 39 Una
2732 398 128 39 sottile
2890 399 239 48 inaspettata
3160 396 240 39 sensazione
3431 395 75 38 che
3538 393 48 38 mi
3619 403 187 39 sorprese
3848 392 38 38 in
3932 402 132 27 mezzo

2454 475 22 27 a
2508 473 79 28 una
2617 463 75 46 via,
2723 461 261 39 lasciandomi
3015 461 224 49 perplesso,
3269 470 78 28 con
3378 458 51 50 gli
3461 458 118 39 occhi
3603 456 151 40 fasciati
3772 456 39 38 di
3832 455 232 52 fuggitività,

2456 529 164 47 proteso
2650 536 118 28 verso
2798 536 80 28 una
2909 527 156 36 recente
3097 524 252 38 lontananza.
3373 521 89 41 Che
3485 533 97 27 cosa
3605 532 68 28 era
3695 521 206 49 passato?
3931 519 134 38 Nulla:

2457 602 78 27 una
2566 601 97 28 cosa
2695 590 37 37 di
2763 600 173 38 sempre,
2967 600 79 27 una
3077 599 97 29 cosa
3205 591 92 36 nota
3327 599 20 28 e
3380 598 75 39 pur
3491 587 384 38 tormentosamente
3922 594 144 37 nuova,

2456 656 74 37 che
2563 654 48 38 mi
2645 654 189 49 ricolpiva
2865 654 110 48 dopo
3005 655 109 36 tanto
3144 653 178 38 silenzio.
3353 650 108 39 Mille
3493 662 49 27 ne
3574 661 125 28 erano
3722 652 183 47 passate:
3928 648 35 40 la
3986 647 62 39 mil-

2457 717 222 39 leunesima
2711 718 48 37 mi
2791 717 31 38 si
2855 717 133 37 rivelò.
3020 715 91 40 Una
3140 716 170 50 guancia
3341 716 38 37 di
3412 715 148 47 donna,
3593 725 116 28 rosea
3741 725 20 27 e
3786 714 138 38 intatta
3954 722 114 28 come

2459 783 216 37 un'aurora
2706 780 235 51 mitologica,
2972 791 75 28 con
3079 790 121 39 sopra
3232 791 53 26 un
3315 780 126 38 fascio
3474 780 37 37 di
3542 778 142 50 capelli
3709 778 138 38 biondi
3870 776 197 39 incurvati

2459 857 76 28 con
2567 846 185 38 dolcezza
2782 846 74 37 che
2888 854 80 28 non
3001 846 242 36 staccavano
3275 854 61 27 ma
3365 854 203 38 parevano
3598 842 117 39 fioriti
3749 842 249 38 mollemente
4020 851 48 28 su

2460 911 51 38 da
2542 910 131 49 quella
2703 908 230 49 vaporosità
2964 908 212 38 nuvolare:
3208 919 80 26 uno
3318 907 160 39 scorcio
3509 908 36 37 di
3579 917 172 38 purezza
3781 905 210 50 primitiva,
4014 915 54 27 un

2460 974 148 39 baleno
2639 974 37 38 di
2708 974 234 49 limpidezza
2972 973 203 50 virginale.
3207 971 119 47 Ecco,
3356 983 19 26 e
3407 971 48 38 mi
3486 972 124 38 trovai
3655 971 141 39 tuffato
3840 969 229 47 nell'estasi,

2462 1039 38 38 di
2532 1048 204 39 sorpresa,
2766 1037 183 39 smarrita
2980 1037 35 38 la
3045 1036 136 39 critica
3211 1035 185 44 abituale,
3428 1037 191 49 incapace
3650 1036 38 37 di
3720 1035 213 39 coscienza
3977 1045 20 27 e
4030 1033 38 38 di

2460 1102 195 39 reazione.
2691 1101 130 39 Estasi
2853 1101 38 37 di
2923 1112 54 26 un
3008 1100 153 38 ritorno
3191 1100 188 46 sbadato,
3409 1100 180 49 che-pur
3633 1100 123 38 riesce
3786 1100 52 37 ad
3882 1098 188 39 afferrare

2460 1167 96 50 ogni
2587 1166 233 47 attenzione,
2852 1176 20 28 e
2904 1166 228 38 arrovescia
3161 1165 83 38 fino
3275 1165 22 37 il
3327 1164 165 40 fondo...
3525 1163 344 41 Concentrazione
3901 1162 38 39 di
3971 1164 99 37 tutta

2461 1242 81 27 una
2570 1230 79 38 vita
2679 1229 220 38 volontaria
2937 1231 39 36 in
3017 1241 52 26 un
3112 1230 119 37 breve
3275 1228 159 39 cerchio
3478 1228 38 38 di
3562 1228 188 38 memoria
3794 1227 276 47 involontaria,

2462 1295 247 38 riafferrante
2749 1305 111 28 come
2907 1305 52 27 un
3001 1293 186 49 profumo
3229 1293 256 40 dimenticato
3524 1295 77 36 che
3645 1292 230 51 rigalleggia
3920 1292 52 37 da
4016 1302 54 27 un

2464 1369 127 39 pacco
2610 1357 38 39 di
2672 1357 134 40 lettere
2827 1357 205 40 vecchie...
3054 1357 208 50 Nostalgia
3283 1358 37 37 di
3344 1368 81 28 uno
3441 1359 104 37 stato
3567 1357 181 39 inferiore
3767 1367 62 27 ma
3850 1355 220 49 riposante,

2462 1422 262 38 rinnovellato
2755 1422 106 39 dalla
2890 1422 123 50 lunga
3044 1432 211 28 assenza...
3285 1421 207 39 Blandizia
3522 1422 38 36 di
3602 1422 217 37 un'aurora
3850 1422 221 47 pacificata,

2464 1488 73 37 che
2569 1486 188 49 riappare
2786 1496 50 28 su
2867 1486 84 38 cieli
2986 1486 196 38 maledetti
3214 1486 52 38 da
3296 1497 53 27 un
3382 1486 153 50 ghigno
3574 1486 175 38 ribelle...

2572 1550 29 37 E
2631 1550 134 39 subito
2796 1550 37 39 la
2859 1550 253 48 sensazione,
3142 1550 193 39 scivolata
3365 1550 84 38 fino
3480 1550 75 38 alla
3599 1550 210 49 nostalgia,
3841 1549 49 38 mi
3935 1550 140 48 scoprì

2463 1615 37 38 la
2532 1615 75 38 mia
2638 1616 120 37 verità
2789 1615 64 38 del
2885 1616 212 37 momento.
3129 1614 39 39 Io
3200 1625 69 28 ero
3299 1616 111 37 sazio
3442 1614 37 37 di
3511 1614 91 49 quel
3647 1613 163 39 silenzio
3854 1613 221 39 infecondo

2464 1681 75 37 che
2571 1681 51 35 mi
2653 1679 103 38 dava
2786 1679 260 38 l'immobilità
3076 1690 20 27 e
3128 1679 35 38 la
3193 1679 212 38 freddezza
3428 1678 37 38 di
3490 1689 52 27 un
3574 1677 88 47 dio;
3693 1677 37 39 io
3751 1677 141 39 volevo
3915 1679 161 37 tornare

2466 1743 203 47 sensitivo,
2700 1744 190 50 ingenuo,
2922 1743 174 39 indifeso
3127 1743 51 38 da
3207 1742 95 51 ogni
3332 1744 156 36 ventata
3511 1742 37 38 di
3572 1742 204 48 passione,
3804 1741 142 39 volevo
3967 1752 83 28 com-

2469 1807 217 38 muovermi
2718 1818 111 27 come
2860 1818 73 27 ora
2963 1807 49 37 mi
3044 1818 69 27 ero
3143 1817 229 28 commosso
3403 1816 71 38 per
3494 1805 132 49 quella
3647 1804 174 51 guancia
3842 1806 139 37 rosata
4002 1805 75 38 che

2467 1872 49 37 mi
2548 1871 270 39 riconduceva
2849 1871 37 38 di
2918 1871 117 50 colpo
3066 1870 71 39 alle
3177 1870 285 39 efflorescenze
3504 1869 261 50 immaginose
3806 1868 103 39 della
3949 1869 129 48 prima

2467 1936 77 38 mia
2582 1935 242 50 giovinezza,
2867 1935 142 38 volevo
3052 1934 337 47 abbandonarmi,
3433 1933 147 38 sentire
3621 1944 122 27 senza
3796 1933 282 47 interruzione,

2469 2011 80 27 non
2580 2010 172 40 pensare
2785 1999 81 49 più,
2897 1999 180 47 delirare,
3107 1998 169 39 delirare
3308 2008 70 38 per
3407 2000 101 36 tutto
3537 1997 63 39 ciò
3629 1998 75 37 che
3726 2008 124 27 aveva
3885 1996 22 38 il
3940 1999 138 47 potere

2469 2065 38 37 di
2539 2064 263 49 sconvolgere
2834 2064 8 36 i
2884 2063 86 38 miei
3011 2062 88 39 stati
3139 2061 184 50 psichici,
3354 2060 256 40 concedermi
3641 2071 124 28 senza
3805 2061 212 49 risparmio
4056 2072 23 28 a

2468 2131 100 35 tutto
2598 2128 62 38 ciò
2691 2128 77 38 che
2799 2138 151 38 sapeva
2980 2127 167 38 esaltare
3179 2126 7 37 i
3220 2126 85 38 miei
3337 2127 149 37 sensi...

2576 2190 161 51 Sapevo
2769 2193 238 36 nettamente
3037 2191 74 38 che
3142 2191 35 37 la
3208 2200 133 27 nuova
3372 2189 221 39 situazione
3623 2191 176 37 sarebbe
3834 2191 103 37 stata
3982 2188 80 39 infe-

2469 2257 117 46 riore,
2617 2255 103 39 nella
2751 2255 108 39 scala
2890 2254 264 47 intellettuale,
3184 2264 21 27 a
3236 2253 132 50 quella
3398 2255 77 37 che
3497 2253 327 47 abbandonavo;
3854 2264 69 27 ero
3945 2253 135 38 sicuro

2472 2320 38 38 di
2542 2324 160 45 questo,
2732 2331 20 27 e
2784 2321 240 37 nonostante
3055 2318 199 49 preferivo
3297 2318 211 38 scendere.
3539 2316 66 40 Oh
3651 2328 135 28 essere
3831 2328 149 28 ancora
4025 2328 55 26 un

2471 2395 118 27 uomo
2620 2384 303 49 appassionato,
2954 2393 55 27 un
3040 2382 115 38 umile
3186 2381 193 39 sensitivo
3410 2382 38 37 in
3480 2382 137 38 delirio
3636 2382 8 39 !
3675 2382 158 46 Questo
3866 2382 48 37 mi
3959 2382 99 38 sedu-

2471 2459 97 28 ceva
2598 2460 113 27 come
2742 2448 150 39 seduce
2923 2448 158 38 talvolta
3111 2446 34 39 le
3175 2446 302 39 aristocratiche
3508 2446 116 39 dame
3647 2447 23 38 il
3691 2446 218 50 pittoresco
3929 2446 39 38 di
4000 2456 82 28 una

2469 2515 164 36 taverna
2662 2513 157 49 plebea,
2849 2512 104 39 dove
2984 2512 31 39 si
3061 2511 103 39 balla
3209 2511 35 38 la
3276 2511 171 39 mascìsc
3490 2522 77 28 con
3612 2511 147 39 uomini
3801 2511 65 38 dal
3900 2508 184 52 foulard

2469 2578 36 37 al
2535 2577 103 38 collo
2667 2588 20 27 e
2718 2577 64 38 dal
2813 2575 122 40 ciuffo
2964 2575 102 40 sulla
3087 2575 144 38 fronte.
3254 2574 89 40 Una
3367 2575 204 47 bizzarria,
3593 2585 53 28 un
3669 2575 239 50 capriccio?
3939 2573 143 47 Forse;

2473 2652 64 27 ma
2566 2641 152 38 intanto
2740 2640 58 39 c'è
2819 2640 196 50 qualcosa
3036 2641 38 37 di
3095 2639 86 39 così
3204 2641 201 49 energico,
3426 2639 39 39 di
3487 2640 84 38 così
3593 2639 259 47 irresistibile,
3875 2639 39 38 in
3937 2641 146 47 questo

2472 2706 203 38 desiderio
2706 2706 38 37 di
2776 2706 151 37 ritorno
2958 2715 22 28 a
3014 2704 63 40 ciò
3121 2706 75 37 che
3236 2706 160 37 sembra
3436 2704 175 40 istintivo
3655 2715 20 27 e
3715 2704 261 50 degradante,
4005 2704 77 38 che

537 2852 42 33 22
