4348 3040
556 220 304 50 POESIA

599 421 50 33 Un
677 421 85 32 altro
787 420 88 31 libro
895 419 244 33 interessante,
1157 416 115 33 uscito
1291 416 33 32 in
1349 415 151 32 un'atmo-

555 475 93 32 sfera
665 474 209 34 idealistica,
889 472 20 33 è
927 472 93 32 Paul
1038 470 149 33 Claudel
1209 479 16 23 e
1245 470 13 32 i
1272 470 80 32 suoi
1368 468 153 33 drammi

555 528 33 32 di
615 528 212 32 Francesco
853 526 167 33 Casnati,

599 580 123 33 Com'è
747 582 97 33 noto,
867 580 112 31 siamo
1006 577 32 34 in
1065 587 42 23 un
1135 579 91 30 terna
1244 577 32 31 in
1303 576 96 32 Italia
1425 583 94 32 poco

557 636 184 31 consueto.
766 633 243 34 D'Annunzio,
1034 632 55 32 col
1124 630 164 33 Martirio
1312 630 37 31 di
1363 630 73 32 San
1460 628 42 33 Se-

556 689 165 32 bastiano
745 688 44 31 ha
823 686 86 32 fatto
945 686 33 31 la
1013 694 63 23 sua
1101 684 249 32 affermazione
1385 681 136 33 mistica

557 742 59 40 più
641 751 20 22 o
688 749 114 26 meno,
820 740 92 40 dagli
938 738 192 35 ortodossi,
1146 738 144 31 assolta.
1315 736 21 31 Il
1354 735 167 33 Manzoni

557 796 35 31 fu
617 795 109 32 Poeta
751 793 169 41 religioso
945 801 18 23 e
989 792 9 32 i
1033 792 79 32 suoi
1137 790 144 33 drammi
1315 790 146 31 vibrano
1487 788 34 32 di

557 848 117 41 quella
710 848 140 31 fiamma
885 854 112 23 sacra.
1021 844 69 35 Ma,
1125 845 184 32 insomma,
1332 842 45 32 da
1406 841 57 33 noi
1489 842 32 30 la

557 902 195 33 tradizione
770 899 126 33 melica
914 900 33 31 di
964 898 67 32 San
1051 899 197 31 Francesco
1267 905 17 23 e
1311 896 33 32 di
1369 895 68 32 San
1456 894 45 33 Bo-

558 957 191 30 naventura
773 961 69 24 non
867 954 44 30 ha
935 953 106 30 avuto
1078 950 164 33 soverchi
1267 949 255 32 allacciamenti

559 1010 91 31 colle
675 1008 106 32 menti
808 1007 179 31 moderne.

601 1062 36 32 10
672 1063 130 37 stesso,
827 1060 94 31 colla
956 1059 67 31 mia
1059 1058 156 40 tragedia
1249 1055 157 34 Schaoul
1439 1055 84 40 (San

559 1114 136 42 Paolo),
719 1115 64 31 che
808 1114 145 32 vedrete
979 1121 44 22 un
1048 1112 135 40 giorno,
1200 1112 46 30 ho
1270 1110 87 32 fatto
1383 1109 57 40 più
1467 1109 56 31 del

560 1169 211 33 diabolismo
797 1166 322 41 psico-fisiologico
1138 1166 64 30 che
1231 1172 68 23 non
1328 1164 92 31 della
1444 1171 62 32 pro-

561 1222 74 41 pria
659 1222 126 40 poesia
809 1219 174 41 religiosa.
1008 1219 26 31 E
1058 1218 30 32 si
1114 1218 152 39 capisce.

604 1276 23 31 11
651 1274 146 33 Claudel
823 1272 19 33 è
867 1281 109 24 senza
1001 1272 146 34 dubbio,
1164 1280 44 23 un
1234 1270 97 32 Duce
1358 1269 33 33 di
1410 1269 114 33 anime

562 1339 96 32 pure.

606 1384 33 31 In
659 1382 105 35 Italia,
778 1388 82 25 caro
879 1379 153 36 Casnati,
1057 1387 69 24 non
1141 1378 34 32 fu
1194 1377 85 41 però
1298 1376 227 32 D'Annunzio

563 1438 64 31 che
653 1437 33 31 lo
704 1436 77 31 fece
800 1442 213 28 conoscere;
1032 1441 54 22 ma
1110 1432 33 31 F.
1161 1430 38 32 T.
1224 1430 184 35 Marinetti,
1434 1430 92 32 nella

563 1500 64 22 sua
651 1491 110 39 prima
792 1488 249 40 meravigliosa
1075 1485 163 33 edizione
1264 1484 34 32 di
1324 1497 12 14 «
1354 1484 129 32 Poesia
1501 1497 25 17 ».

564 1544 42 32 Di
631 1543 158 34 Claudel,
807 1543 45 33 io,
883 1542 46 31 ho
955 1549 44 24 un
1025 1540 139 31 ricordo
1190 1538 189 40 personale
1404 1537 104 41 grade-

565 1597 198 32 volissimo.

609 1650 49 32 Lo
682 1649 103 32 sentii
810 1649 32 31 in
880 1657 68 23 una
983 1647 214 32 conferenza
1232 1644 94 32 assai
1352 1643 176 41 profonda

566 1712 41 24 su
632 1704 144 31 materia
809 1702 143 40 poetica
987 1709 19 24 e
1042 1698 187 33 conversai
1265 1698 31 32 al
1321 1698 147 40 Lyceum
1493 1696 36 32 di

565 1757 145 35 Milano,
745 1756 144 31 durante
925 1763 44 22 un
1004 1752 228 33 ricevimento
1272 1752 83 30 dato
1391 1750 32 32 in
1463 1757 65 25 suo

567 1818 122 26 onore,
723 1808 170 41 parlando
926 1805 297 34 dell'evoluzione
1259 1804 94 32 della
1388 1803 141 31 Poesia.

566 1863 163 32 Ammirai
754 1860 212 42 l'equilibrio
990 1860 94 31 della
1102 1859 127 33 mente,
1245 1858 33 31 la
1302 1857 153 33 serenità
1473 1855 57 33 del

566 1916 167 42 giudizio,
757 1915 207 39 l'ampiezza
981 1913 95 40 degli
1094 1911 183 33 orizzonti.
1305 1909 139 33 Parlare
1464 1917 66 23 con

567 1978 46 23 un
638 1968 159 33 futurista
813 1967 47 41 gli
877 1967 35 32 fu
930 1975 86 23 cosa
1041 1965 243 32 interessante.
1301 1963 27 31 E
1345 1963 28 31 si
1399 1961 131 33 mostrò

569 2022 225 33 conoscitore
835 2019 298 33 dell'evoluzione
1168 2017 175 32 letteraria
1381 2016 150 31 italiana.

567 2076 80 31 Non
673 2075 191 40 parlammo
890 2074 33 30 di
949 2072 190 40 ideologie.
1157 2071 58 31 Ma
1239 2069 211 33 nell'occhio
1475 2077 39 23 se-

569 2137 85 24 reno
679 2128 47 41 gli
750 2128 29 31 si
803 2128 198 39 leggevano
1027 2126 8 31 i
1060 2124 156 33 Paradisi
1241 2122 163 41 preferiti.

613 2182 35 31 In
673 2182 126 39 questo
818 2180 88 32 libro
926 2179 57 32 del
1001 2178 153 38 Casnati,
1173 2177 107 31 molto
1299 2176 234 31 chiaramente

571 2235 115 32 ordito
712 2243 18 23 e
755 2233 217 32 nobilmente
997 2232 134 34 scritto,
1156 2232 32 30 la
1204 2230 112 41 figura
1342 2229 55 31 del
1422 2229 91 31 dram-

571 2290 158 39 maturgo
756 2286 229 33 d'eccezione
1011 2293 94 27 esce,
1131 2285 77 31 dice
1238 2282 193 33 benissimo
1457 2281 63 31 l'El-

571 2343 85 33 lero,
681 2341 230 31 interamente
936 2346 178 33 espressa.

614 2394 53 33 Un
685 2394 213 32 costruttore
915 2392 117 41 logico
1051 2392 34 30 di
1110 2391 117 31 favole
1242 2388 209 33 simboliche
1470 2388 64 31 che

572 2448 161 32 sacrifica
758 2448 33 30 la
816 2446 111 32 verità
951 2445 155 33 artistica
1133 2453 21 23 a
1181 2452 67 23 una
1273 2442 114 32 verità
1411 2442 123 31 d'altro

571 2509 141 33 genere,
726 2500 166 40 religiosa
906 2507 20 23 o
941 2499 134 32 sociale
1090 2507 30 26 e,
1132 2498 56 32 nel
1206 2496 195 32 medesimo
1416 2496 119 38 tempo

573 2563 45 24 un
631 2554 90 32 forte
736 2553 120 33 artista
869 2553 64 32 che
948 2553 151 39 avvolge
1109 2551 117 40 quella
1238 2558 64 24 sua
1311 2547 226 33 costruzione

574 2607 117 41 logica
715 2606 79 33 d'un
813 2606 127 32 nembo
960 2605 33 32 di
1009 2604 127 41 poesia
1149 2605 72 31 fino
1235 2612 20 24 a
1269 2601 132 34 obliare
1425 2601 112 32 talora

575 2662 22 31 il
622 2669 66 24 suo
713 2660 154 33 simbolo
885 2659 181 40 teologico
1091 2666 63 33 per
1166 2657 119 32 vivere
1299 2664 44 24 un
1359 2655 178 32 momento

576 2715 34 31 di
628 2722 202 25 commossa
847 2713 122 33 realtà:
989 2720 69 24 uno
1076 2711 123 40 spirito
1218 2709 256 33 sinceramente
1487 2716 35 24 re-

1841 360 130 42 ligioso
1997 360 65 32 che
2088 360 100 32 sente
2223 358 56 31 dal
2305 356 176 42 profondo
2512 356 32 31 la
2570 361 174 34 presenza
2776 352 33 31 di

1842 414 70 33 Dio
1938 423 18 23 e
1981 413 117 33 studia
2121 412 22 32 il
2169 411 130 32 mondo
2336 419 18 23 e
2391 411 32 30 la
2458 409 72 31 vita
2555 408 67 31 alla
2648 408 78 31 luce
2751 406 57 32 del

1844 466 266 35 Cristianesimo
2129 465 178 33 cattolico,
2325 472 17 23 e
2361 472 64 31 pur
2448 462 173 32 un'anima
2639 461 172 31 fremente

1844 522 35 31 di
1903 522 103 31 acuta
2030 518 209 35 sensibilità,
2264 518 64 31 che
2354 524 69 23 non
2441 516 29 31 si
2496 523 149 32 accorge
2671 514 33 31 di
2723 522 66 24 con-

1843 574 168 33 taminare
2036 582 44 23 un
2098 571 166 42 pensiero
2282 569 169 41 religioso
2477 577 66 23 con
2562 566 247 41 un'immagine

1845 628 183 32 sensuale:
2054 635 44 23 un
2126 625 174 40 dipintore
2320 623 34 31 di
2378 621 56 33 ciò
2453 622 63 31 che
2535 621 42 31 ha
2604 620 33 31 di
2663 619 58 41 più
2740 618 54 32 ani-

1845 682 91 31 male
1972 681 31 30 la
2028 680 72 31 vita
2135 678 171 31 moderna
2331 675 209 40 esasperato
2567 673 93 32 dalla
2684 680 109 24 conce-

1846 734 103 32 zione
1975 733 57 32 del
2055 733 74 40 tipo
2161 730 179 33 sostituito
2365 727 241 33 all'individuo
2637 726 105 34 reale,
2767 726 43 30 ed

1846 797 44 23 un
1916 788 179 32 elevatore
2121 785 34 32 di
2180 785 115 32 anime
2318 791 107 24 verso
2461 783 32 30 la
2517 788 155 33 purezza
2709 779 33 32 di
2766 787 45 24 un

1846 840 133 32 mondo
2014 838 264 33 trascendente:
2304 844 86 24 ecco
2427 835 103 40 quale
2567 833 30 32 ci
2633 840 131 32 appare
2790 832 22 31 il

1847 894 148 33 Claudel
2020 893 92 31 dallo
2148 891 118 32 studio
2293 890 56 32 del
2373 887 153 33 Casnati.
2546 887 67 31 Noi
2638 886 174 33 sentiamo

1848 947 171 41 palpitare
2044 955 63 32 per
2131 947 125 38 queste
2291 943 128 41 pagine
2455 940 230 41 quell'artista
2719 947 72 24 com-

1848 1002 124 40 plesso
1999 1001 64 31 che
2088 999 141 32 sembra
2254 998 169 40 poggiare
2458 995 91 32 sulla
2583 995 91 32 terra
2712 1002 19 23 e
2756 1002 40 22 na-

1848 1055 176 32 scondere
2050 1053 21 32 il
2096 1061 65 23 suo
2187 1051 132 32 vertice
2345 1050 31 31 in
2396 1049 104 35 cielo,
2524 1057 40 23 ce
2589 1049 34 30 lo
2648 1047 165 31 vediamo

1849 1108 166 42 presente
2041 1115 66 24 con
2133 1107 32 31 la
2190 1105 116 32 falsità
2331 1103 56 32 de'
2405 1101 80 33 suoi
2504 1100 125 33 artifici
2653 1109 18 23 e
2698 1108 65 23 con
2783 1099 32 31 la

1849 1161 166 33 sincerità
2040 1160 92 32 della
2156 1167 64 23 sua
2244 1157 138 40 poesia,
2411 1156 143 31 mistura
2579 1154 34 31 di
2650 1151 165 34 elementi

1850 1213 216 35 discordanti
2090 1213 65 31 che
2190 1220 102 24 cerca
2317 1220 19 22 e
2371 1210 97 31 forse
2493 1217 68 22 non
2599 1208 43 31 ha
2676 1208 138 30 trovato

1850 1277 130 23 ancora
2015 1268 33 30 la
2071 1275 91 23 vena
2197 1265 58 31 del
2281 1272 67 24 suo
2378 1263 59 40 più
2472 1261 148 40 limpido
2651 1261 115 31 canto.
2790 1259 25 32 E

1851 1322 127 40 questa
2002 1319 19 33 è
2046 1321 33 30 la
2103 1328 65 23 sua
2190 1327 84 23 vera
2299 1317 112 41 figura
2436 1314 165 33 artistica.

1893 1374 187 35 Ricordate
2117 1373 32 31 la
2185 1371 264 32 nomenclatura
2485 1368 34 32 di
2554 1366 80 41 quei
2672 1366 144 31 drammi

1850 1427 198 41 singolari?

1899 1481 79 32 lète
2001 1480 78 31 d'or
2081 1503 7 12 ,
2113 1479 92 31 colla
2222 1486 64 24 sua
2303 1475 222 42 aspirazione
2543 1484 20 22 a
2587 1474 230 41 raggiungere

1852 1536 22 32 il
1898 1534 187 41 traguardo
2111 1531 230 33 dell'Everest
2366 1537 157 26 azzurro,
2547 1537 19 23 a
2596 1529 102 30 costo
2724 1528 94 30 della

1853 1589 115 32 Morte
1983 1597 6 22 :
2015 1587 34 32 la
2079 1587 84 32 Ville
2166 1609 9 12 ,
2210 1585 76 32 così
2323 1585 104 39 piena
2455 1583 33 32 di
2524 1590 109 24 senso
2670 1581 147 41 politico

1853 1642 135 33 sociale
2013 1649 19 24 e
2058 1641 34 31 di
2126 1639 138 31 brivido
2301 1637 219 32 d'avvenire:
2545 1637 33 30 la
2601 1636 114 41 Jeune
2735 1633 84 42 fille

1860 1695 158 33 Violarne
2042 1692 149 32 delicata
2216 1691 229 40 espressione
2470 1690 79 31 d'un
2575 1688 148 32 Mistero
2749 1686 54 41 psi-

1854 1749 103 32 chico
1981 1756 20 23 e
2029 1746 133 40 tragico
2181 1745 54 31 cui
2253 1745 80 31 solo
2350 1743 68 32 Dio
2444 1742 216 40 comprende
2686 1750 18 22 e
2720 1749 74 23 com-

1856 1809 111 33 pensa
1982 1811 7 18 :
2014 1799 194 40 VEchange
2232 1797 154 32 trasfusa
2403 1797 51 31 fra
2477 1797 33 30 la
2527 1796 77 31 sete
2623 1793 95 32 dello
2743 1801 59 31 spa-

1856 1855 57 31 zio
1938 1863 21 22 o
1985 1851 322 40 dell'impossibile;
2338 1859 18 23 e
2384 1849 30 32 le
2438 1849 119 40 Repos
2582 1848 45 31 du
2650 1845 170 42 septième

1853 1909 98 40 jour,
1968 1907 30 32 le
2012 1907 156 38 Partage
2186 1905 41 31 de
2241 1903 98 35 Midi,
2352 1903 153 40 l'Otage,
2519 1902 197 32 VAnnonce
2726 1900 96 40 faite

1856 1961 23 33 à
1903 1960 115 32 Marie
2044 1968 18 23 e
2098 1959 30 31 le
2163 1958 92 32 Pain
2279 1966 82 23 sur:
2397 1956 100 40 saggi
2533 1955 103 32 d'una
2671 1952 150 42 squisita

1858 2014 128 41 poesia
2022 2011 199 33 essenziale
2256 2019 18 24 e
2314 2010 104 31 d'una
2452 2010 138 31 intensa
2626 2006 197 33 modernità

1858 2066 158 36 estética,
2040 2067 125 31 stanno
2190 2073 19 24 a
2234 2064 151 39 deporre
2421 2071 63 32 per
2507 2063 33 30 la
2563 2062 199 40 grandezza
2787 2059 35 32 di

1860 2124 128 37 questo
2015 2119 152 40 ingegno
2194 2118 64 32 che
2283 2117 85 31 mira
2403 2116 66 32 alle
2504 2116 95 31 vette
2625 2114 59 40 più
2709 2114 69 31 alte
2803 2121 19 24 e

1863 2183 68 23 non
1967 2173 30 32 si
2022 2173 163 38 acquieta
2220 2172 64 31 che
2320 2170 143 40 quando
2498 2170 45 30 ha
2700 2168 31 30 al
2756 2175 66 23 suo

1859 2229 106 31 canto
1992 2227 78 31 l'ala
2095 2225 93 33 della
2211 2225 197 40 preghiera.

2311 2299 16 18 *

2289 2322 17 18 %
2332 2321 17 19 *

1903 2386 161 33 Amante
2090 2385 34 32 di
2147 2384 118 33 Sicilia
2290 2384 167 40 pubblica
2481 2392 44 23 un
2554 2382 195 32 volumetto
2775 2380 34 31 di-

1861 2441 94 33 versi
1980 2440 175 32 intitolato
2212 2439 126 32 Poesie
2406 2437 147 32 Aniante
2571 2436 18 31 è
2608 2444 44 23 un
2670 2436 154 40 ingegno

1863 2494 237 33 nobilissimo.
2126 2492 47 32 La
2197 2500 63 24 sua
2284 2491 96 32 lirica
2397 2491 18 32 è
2433 2490 183 40 semplice,
2632 2497 98 32 pura,
2748 2496 63 32 prò

1862 2548 119 32 fonda.
1995 2545 41 33 Vi
2051 2545 18 33 è
2093 2554 69 23 una
2179 2544 212 40 luminosità,
2409 2552 67 23 una
2494 2542 228 33 melodiosità
2738 2542 89 30 tutta

1862 2601 268 32 mediterranea.
2156 2599 78 32 Non
2260 2599 80 32 dico
2366 2598 68 32 che
2456 2598 22 31 il
2503 2598 73 39 tipo
2594 2596 148 32 strofale
2768 2603 18 24 e
2804 2594 22 31 il

1860 2655 130 41 giuoco
2008 2662 131 24 canoro
2157 2653 101 32 siano
2276 2652 194 33 d'assoluta
2488 2650 130 32 novità.
2637 2648 53 33 Da
2706 2651 121 37 tempo

1863 2709 31 32 si
1917 2716 91 24 sono
2034 2707 119 33 venuti
2178 2707 228 36 affermando,
2432 2706 31 31 in
2489 2704 108 39 Italia,
2623 2704 147 32 accanto
2795 2702 33 32 ai

3133 345 126 34 cultori
3284 345 57 31 del
3365 352 106 24 verso
3495 343 124 38 libero,
3646 341 57 33 dei
3727 341 100 33 Poeti
3845 341 76 39 che,
3938 349 67 24 con
4031 347 68 25 una

3135 399 94 32 bella
3253 397 166 33 sincerità
3443 397 57 31 del
3525 404 162 32 porgere,
3704 402 216 32 accennano,
3937 395 33 30 in
3988 392 111 33 strofe

3135 452 94 32 dalla
3253 450 145 33 metrica
3422 449 251 33 abbandonata
3697 456 20 24 a
3734 448 76 31 tutti
3828 447 9 31 i
3855 446 170 41 languori,
4043 446 57 32 dei

3135 505 122 33 motivi
3282 502 370 43 originalitrovando,
3678 510 19 23 a
3721 509 124 24 mezzo
3860 508 126 25 ancora
4007 499 93 32 delle

3135 559 97 37 rime,
3259 558 93 32 delle
3376 557 133 32 riserve
3535 555 33 32 di
3593 554 198 33 sensibilità
3809 562 18 23 e
3852 552 155 33 d'.effetti
4030 561 50 22 mu-

3136 612 110 33 sicali.
3272 611 134 40 Papini,
3424 609 238 39 Moscardelli,
3678 607 94 32 Titta
3788 607 105 38 Rosa,
3910 605 192 42 Ungaretti,

3132 666 116 41 Jahier
3271 666 117 30 hanno
3407 663 202 32 indovinato
3627 662 108 31 molte
3757 660 102 41 saggi
3878 659 57 32 del
3959 667 143 33 genere.

3179 718 147 32 Aniante
3351 717 34 32 vi
3410 717 175 40 aggiunge
3610 724 68 23 una
3709 722 65 25 sua
3797 714 100 31 forza
3920 713 183 40 sdegnosa

3136 781 20 23 e
3181 780 43 24 un
3252 773 124 38 potere
3401 770 165 32 sintetico
3592 769 65 32 che
3690 768 19 32 è
3741 775 102 24 come
3869 768 32 31 la
3926 773 116 24 marca
4067 764 35 32 di

3135 827 261 38 contrassegno
3422 824 57 31 del
3504 831 66 24 suo
3596 823 115 31 canto.
3743 821 24 31 Il
3791 820 116 40 quale,
3931 818 155 33 intendia-

3137 878 93 32 moci
3255 878 102 39 bene,
3382 886 69 22 non
3477 878 44 30 ha
3546 876 168 39 scoperto
3753 882 156 24 nessuna
3943 871 158 41 Esperia.

3137 930 79 39 Qua
3241 939 18 23 e
3286 931 32 31 là
3342 931 28 31 si
3396 929 186 40 compiace
3608 928 112 32 anche
3746 927 33 32 di
3798 926 117 40 quelle
3935 924 152 40 indefini-

3137 984 101 32 hilità
3252 984 142 41 logiche
3413 984 63 32 che
3495 982 42 33 nè
3556 982 230 41 persuadono
3804 980 43 33 nè
3865 988 91 24 sono
3977 986 127 24 nuove.

3267 1069 103 41 Negli
3395 1068 109 32 alberi
3526 1076 65 24 son
3617 1067 128 31 cadute
3778 1066 32 32 le
3836 1064 116 39 stelle,

3226 1122 33 32 la
3282 1123 117 40 grotta
3424 1121 57 32 dei
3506 1121 149 40 castighi
3680 1119 18 32 è
3724 1127 129 24 accesa
3868 1128 7 28 ;

3226 1176 113 32 anche
3365 1183 61 24 ora
3451 1183 67 23 con
3544 1175 31 31 la
3600 1182 78 23 sera
3704 1173 142 31 discesa

3226 1229 219 32 svolazzano
3477 1228 31 31 le
3533 1227 207 38 rondinelle,

3272 1303 130 42 perchè
3427 1303 32 32 le
3485 1302 141 40 signore
3652 1309 126 24 severe

3229 1367 70 23 non
3325 1366 90 23 sono
3441 1364 129 24 ancora
3593 1356 135 30 tornate

3229 1422 21 22 a
3274 1411 85 32 farsi
3384 1411 91 32 ridar
3500 1409 91 32 dalle
3617 1408 68 31 fate

3229 1467 33 31 le
3286 1465 141 41 piccole
3453 1462 225 41 primavere?

3187 1540 139 38 Carino,
3354 1547 101 24 come
3481 1538 178 31 andatura.
3683 1536 59 32 Ma
3760 1535 79 41 guai
3857 1542 40 24 se
3923 1535 31 31 la
3980 1533 129 40 poesia

3144 1594 141 33 italiana
3310 1593 156 32 dovesse
3490 1590 205 33 continuare
3721 1598 63 32 per
3812 1589 116 40 questi
3953 1586 155 33 viottoli!

3187 1646 104 33 Assai
3316 1645 148 41 migliori
3488 1644 134 32 Nuvole
3646 1643 37 32 di
3707 1650 97 24 mare
3819 1653 31 29 :.

3273 1721 139 31 Nuvole
3438 1720 34 31 di
3497 1727 94 23 mare
3617 1717 127 33 erranti

3231 1784 106 24 verso
3361 1775 33 31 la
3419 1781 125 25 serena
3569 1779 198 33 campagna

3275 1858 63 32 per
3362 1857 69 23 non
3457 1847 141 32 baciare
3624 1846 8 31 i
3659 1844 180 42 naviganti

3233 1902 210 33 dormireste
3476 1900 88 32 sulla
3589 1898 223 41 montagna?

3189 1989 36 39 E,
3243 1995 101 25 come
3361 1987 139 31 fusione
3519 1984 177 40 d'impasti
3709 1982 308 42 psico-oggettivi,
4028 1989 66 32 que-

3147 2044 58 31 sto
3229 2042 164 31 Autunno
3407 2050 8 20 :

3277 2115 29 32 O
3332 2114 307 33 diciannovesimo
3665 2114 156 31 autunno

3234 2170 131 31 andato
3394 2177 110 23 senza
3528 2167 167 38 salutare,

3278 2253 39 23 se
3342 2243 23 32 ti
3391 2242 109 33 vedrò
3526 2241 168 33 ritornare

3235 2296 203 41 calpesterò
3464 2304 101 24 come
3591 2304 44 22 un
3660 2295 122 32 bimbo

3279 2373 32 31 le
3335 2371 110 41 foglie
3470 2371 93 32 della
3587 2372 60 29 tua
3672 2378 132 24 corona

3236 2426 65 33 che
3326 2426 154 40 giocano
3506 2424 92 32 sullo
3624 2424 155 31 stradale

3281 2502 32 31 in
3339 2500 214 40 compagnia
3577 2499 94 41 degli
3697 2498 127 33 uccelli

3238 2563 132 24 ancora
3394 2554 171 40 inesperti
3596 2561 20 24 a
3641 2553 132 31 volare.

3196 2641 163 33 Aniante
3397 2639 209 33 dev'essere
3642 2638 95 32 assai
3771 2637 152 41 giovane
3960 2645 18 23 e
4014 2634 103 40 potrà

3154 2694 130 41 meglio
3308 2695 140 31 trovare
3473 2701 39 24 se
3537 2694 120 31 stesso
3683 2692 56 31 nel
3765 2692 103 31 canto
3893 2690 126 31 futuro.

578 2864 42 31 43
