4348 3040
3548 193 301 50 POESIA

298 332 74 38 che
402 332 229 39 l'ambiente
652 344 24 27 o
699 333 36 38 la
757 336 273 47 temperatura
1060 345 22 26 o
1114 334 33 38 le
1170 344 75 28 con-

301 396 145 39 dizioni
492 397 39 38 di
576 398 129 39 salute
749 409 24 28 o
821 398 95 39 altre
967 398 100 39 mille
1112 398 155 49 ragioni

299 464 159 35 esterne
504 473 20 27 e
569 462 167 48 interne,
781 473 181 39 possono
1006 473 179 38 premere
1216 462 51 38 ed

299 527 214 38 esercitare
545 527 61 38 sul
637 538 75 27 suo
741 527 188 51 giudizio.

355 590 53 38 La
453 590 136 39 critica
637 590 129 39 ideale
811 590 154 50 quindi,
1005 591 184 37 secondo
1234 590 34 37 le

299 654 122 38 teorie
452 654 39 37 di
527 652 216 49 Settimelli,
770 655 207 37 dovrebbe
1007 664 135 28 essere
1173 652 97 40 fatta

302 719 51 38 da
383 729 80 28 una
505 719 207 38 macchina
741 717 238 50 imparziale,
1016 717 254 47 insensibile,

301 782 212 51 oggettiva,
544 783 190 49 incapace
772 783 37 37 di
849 781 293 40 commuoversi
1174 793 24 26 o
1228 782 40 37 di

301 847 164 38 irritarsi
497 846 161 39 davanti
687 847 191 48 all'opera
914 845 139 48 d'arte,
1084 857 63 27 ma
1176 846 94 39 solo

302 921 148 38 capace
482 912 37 36 di
549 911 204 46 valutarla,
785 910 38 38 di
864 910 173 50 pesarla,
1070 910 37 38 di
1140 921 104 29 scom-

303 974 111 49 porla
436 976 61 37 nei
515 974 88 39 suoi
621 975 179 38 elementi
832 986 20 27 e
874 974 38 39 di
936 977 157 36 trovare
1117 978 152 45 quanta

303 1039 147 47 abilità,
498 1041 152 46 quanto
697 1040 189 49 ingegno,
931 1042 152 46 quanto
1133 1040 137 37 valore

301 1103 34 38 ci
366 1105 58 37 sia
455 1102 226 39 nell'averla
711 1107 145 36 creata.

355 1166 30 38 E
418 1164 201 42 Settimelli
665 1169 134 37 studiò
837 1168 23 38 il
893 1168 118 38 modo
1041 1167 39 39 di
1112 1167 158 39 ridurre

300 1232 24 37 il
355 1230 136 40 critico
512 1242 23 28 a
556 1242 80 28 una
658 1233 188 49 semplice
869 1232 208 39 macchina
1108 1231 162 39 davanti

301 1297 35 37 al
353 1296 218 38 fenomeno
592 1296 221 49 dell'opera
830 1297 140 39 d'arte.
988 1294 143 41 Studio
1147 1296 125 50 lungo

301 1373 20 26 e
353 1360 183 48 faticoso,
579 1362 98 37 fatto
721 1361 38 38 di
805 1361 180 39 ricerche
1029 1360 191 40 continue
1249 1371 23 27 e

305 1425 147 38 minute
483 1435 20 28 e
527 1425 37 37 di
587 1425 129 51 logica
736 1425 221 50 stringente
987 1426 76 38 che
1094 1425 38 38 lo
1154 1425 118 49 portò

303 1489 36 37 al
370 1489 68 48 più
470 1488 183 38 brillante
686 1488 61 39 dei
779 1488 179 39 risultati.

357 1552 84 52 Egli
487 1553 132 39 disse:
660 1555 35 35 la
739 1553 133 39 critica
916 1554 230 37 dev'essere
1192 1562 80 28 una

303 1618 285 39 misurazione
628 1618 226 39 meccanica
892 1617 220 39 scientifica
1152 1620 97 35 mate-

307 1682 140 39 matica
477 1684 240 49 geometrica
748 1681 219 50 dell'opera
996 1682 139 38 d'arte.

358 1746 54 39 La
442 1748 211 37 creazione
684 1746 221 49 dell'opera
936 1747 125 38 d'arte
1091 1747 179 37 consiste

306 1810 319 39 nell'avvicinare
644 1810 243 39 un'assieme
906 1810 38 39 di
966 1809 180 40 elementi
1168 1821 20 27 e
1207 1809 64 38 nel

303 1874 202 38 formarne
522 1886 53 26 un
594 1877 112 36 tutto.
729 1873 63 41 Gli
814 1874 181 39 elementi
1020 1874 119 38 nuovi
1157 1885 20 27 e
1199 1873 56 38 ori-

304 1938 119 51 ginali
455 1938 37 38 di
524 1937 196 52 un'opera
743 1938 137 47 d'arte,
901 1938 238 39 consistono
1170 1948 24 28 a
1214 1938 58 37 lor

302 2002 107 38 volta
454 2003 62 37 nel
550 2006 369 47 raggruppamento
953 2013 25 28 o
1014 2001 182 39 nell'urto
1231 2001 40 37 di

301 2066 183 39 elementi
513 2066 66 51 già
607 2067 192 38 esistenti.

357 2130 141 39 Perciò
529 2142 72 38 per
630 2132 204 50 giudicare
866 2142 37 37 o,
935 2131 156 52 meglio,
1109 2142 71 38 per
1208 2131 44 37 mi-

305 2205 139 28 surare
466 2194 193 50 un'opera
682 2197 136 46 d'arte,
842 2196 172 50 bisogna
1039 2195 234 48 scomporla

305 2259 62 39 nei
398 2260 91 39 suoi
519 2259 182 40 elementi
733 2260 112 50 primi
877 2271 20 27 e
928 2258 197 41 calcolare
1152 2263 97 34 mate-

306 2323 290 48 maticamente,
618 2335 71 38 per
710 2335 134 28 mezzo
863 2324 37 38 di
917 2323 184 47 formule,
1118 2329 154 43 quanK)

303 2388 137 39 valore
485 2388 34 39 ci
569 2388 59 39 sia
675 2388 209 39 nell'averli
929 2387 223 47 avvicinati,
1192 2387 61 38 nel-

305 2453 146 39 l'averli
483 2454 263 49 amalgamati,
778 2452 214 39 nell'averli
1023 2451 205 40 assimilati
1251 2462 22 28 e

305 2517 241 39 trasformati
574 2519 39 36 in
646 2528 80 28 una
755 2518 93 38 data
877 2527 134 40 opera.

358 2582 150 48 Quindi
548 2581 228 40 abolizione
817 2582 39 38 di
887 2581 93 50 ogni
1020 2581 135 39 valore
1185 2592 66 39 sog-

306 2648 160 50 gettivo,
506 2646 223 39 abolizione
766 2646 62 38 dei
863 2646 170 39 concetti
1070 2646 38 38 di
1150 2646 122 47 bello,

305 2711 39 40 di
377 2712 142 39 brutto
523 2742 9 15 ,
565 2711 38 38 di
630 2711 219 49 piacevole
852 2742 9 15 ,
894 2710 39 38 di
973 2714 296 43 commovente,

1595 332 38 38 di
1658 330 117 51 forte
1779 363 8 15 ,
1813 331 37 38 di
1884 329 209 52 raffinato
2098 363 9 14 ,
2131 342 102 35 ecc.;
2256 342 60 27 ma
2347 333 88 37 solo
2466 332 78 38 rico-

1594 397 250 38 noscimento
1875 395 103 39 della
2014 395 183 50 quantità
2232 395 37 38 di
2311 398 163 48 energia
2504 407 39 28 ce-

1594 461 156 38 rebrale
1772 470 170 29 occorsa
1963 469 20 28 a
2006 459 194 39 costruire
2219 471 79 28 una
2316 461 91 38 data
2427 471 134 39 opera.

1649 523 125 41 Come
1795 525 33 38 si
1850 524 103 38 vede
1969 527 144 46 questa
2130 523 125 39 teoria
2276 524 102 39 della
2401 525 139 38 misura-

1595 590 113 38 zione
1752 591 193 47 permette
1991 588 37 38 di
2075 588 177 49 scoprire
2297 589 36 37 in
2367 588 196 50 un'opera

1595 654 125 37 d'arte
1752 653 88 38 solo
1870 655 9 35 i
1910 652 123 38 valori
2064 652 206 38 cerebrali.
2303 652 147 40 Poiché
2481 664 80 27 non

1596 718 48 37 mi
1681 729 109 38 pare,
1820 728 20 27 e
1872 717 103 38 della
2006 719 75 36 mia
2110 717 192 48 opinione
2333 717 228 40 dev'essere

1595 784 133 37 anche
1758 780 215 47 Settimelli,
2005 782 76 37 che
2104 780 194 50 un'opera
2328 783 122 37 d'arte
2478 792 64 28 rac-

1594 846 151 38 chiuda
1775 845 87 39 solo
1895 844 256 50 dell'energia
2171 845 216 47 cerebrale,
2415 852 102 32 resta
2538 855 25 29 a

1594 909 219 51 chiedergli
1835 920 44 28 se
1902 910 120 38 crede
2043 908 32 40 si
2100 919 124 39 possa
2247 908 190 40 misurare
2459 910 103 38 colla

1595 984 73 29 sua
1698 974 126 38 teoria
1855 974 128 38 anche
2024 973 8 38 i
2069 973 122 38 valori
2232 973 37 38 di
2302 975 96 37 altra
2429 974 132 37 indole

1595 1039 74 38 che
1701 1048 183 38 possono
1914 1048 137 28 essere
2081 1036 146 39 rivelati
2260 1038 51 38 da
2342 1038 219 38 un'artista.

1597 1101 181 40 Sarebbe
1829 1102 266 38 interessante
2143 1101 144 51 ch'egli
2330 1113 52 26 un
2420 1102 143 50 giorno

1595 1167 240 38 estendesse
1867 1167 34 37 la
1932 1176 74 28 sua
2045 1165 123 39 teoria
2211 1165 75 51 agli
2332 1166 82 38 altri
2452 1165 109 39 strati

1595 1230 256 51 dell'energia
1884 1241 158 28 umana.

1648 1294 62 38 Ad
1740 1295 94 50 ogni
1867 1296 120 37 modo
2017 1297 35 37 la
2082 1296 136 39 teoria
2249 1295 107 39 della
2388 1294 149 38 misura-

1595 1360 122 39 zione
1749 1360 52 38 ha
1832 1370 52 27 un
1915 1361 155 49 grande
2101 1360 135 39 valore
2267 1371 19 26 e
2319 1360 242 37 basterebbe

1597 1425 51 37 da
1678 1434 43 28 se
1752 1425 86 37 sola
1868 1435 23 26 a
1920 1423 58 39 far
2009 1425 164 38 credere
2201 1423 361 39 sconfinatamente

1596 1488 63 38 nel
1689 1488 170 38 cervello
1889 1488 38 38 di
1959 1499 52 27 un
2043 1499 133 28 uomo.

1650 1552 156 39 Intanto
1837 1555 157 36 attorno
2024 1563 21 28 a
2089 1555 145 46 questa
2276 1552 137 47 teoria,
2457 1553 105 37 s'era

1596 1616 172 38 formato
1799 1616 21 38 il
1852 1627 161 39 gruppo
2045 1617 62 38 dei
2138 1616 191 39 cerebrali
2361 1616 200 37 fiorentini

1596 1681 74 38 che
1716 1682 103 37 dette
1864 1691 124 38 opere
2020 1680 171 39 notevoli
2225 1680 37 37 di
2308 1680 149 38 lirismo
2496 1690 44 27 ce-

1597 1746 169 38 rebrale.

1650 1809 213 38 Ammesso
1879 1811 74 37 che
1970 1809 24 38 il
2013 1810 134 37 valore
2170 1809 38 38 di
2227 1808 190 50 un'opera
2436 1806 125 40 d'arte

1596 1873 250 39 consistesse
1885 1873 102 39 nella
2032 1873 191 39 difficoltà
2267 1873 102 37 della
2412 1872 151 38 ricerca

1598 1938 103 50 degli
1733 1937 182 39 elementi
1948 1937 37 38 in
2016 1947 93 29 essa
2140 1936 249 47 accumulati,
2411 1938 39 35 fu
2483 1945 80 28 una

1597 2012 118 28 corsa
1761 2013 123 38 pazza
1926 2002 35 37 al
2008 2002 66 49 più
2115 2003 267 48 stravagante,
2413 2000 35 39 al
2494 2000 68 49 più

1597 2067 224 46 fantastico,
1860 2067 251 50 all'analogia
2147 2067 67 48 più
2246 2065 159 38 difficile
2443 2075 19 28 e
2493 2064 69 50 più

1597 2131 176 38 lontana.
1804 2130 155 39 Liriche
1980 2130 190 39 costruite
2192 2132 220 36 attraverso
2441 2127 120 39 sforzi

1597 2206 20 28 e
1639 2195 217 38 lambicchi
1877 2194 166 48 enormi,
2059 2193 247 40 traboccanti
2323 2195 238 48 .d'ingegno.

1653 2258 50 38 Le
1734 2258 137 38 liriche
1902 2259 38 37 di
1969 2256 202 42 Settimelli
2194 2260 133 36 scritte
2357 2257 39 38 in
2419 2260 144 45 questo

1597 2322 169 50 periodo
1797 2333 104 28 sono
1923 2324 130 48 quelle
2073 2324 74 37 che
2178 2322 65 49 poi
2266 2332 177 28 vennero
2465 2323 74 46 pub-

1599 2387 140 38 blicate
1762 2387 62 38 nel
1851 2387 101 38 1916
1972 2390 106 35 sotto
2109 2387 22 37 il
2153 2387 109 38 titolo
2323 2385 240 40 Avventure

1597 2451 223 49 spirituali
1837 2481 18 17 „
1888 2450 120 39 Libro
2030 2451 63 38 nel
2115 2451 117 49 quale
2263 2451 36 38 la
2330 2450 152 39 ricerca
2512 2452 34 36 fa-

1596 2515 128 39 ticosa
1754 2515 40 38 di
1824 2515 182 39 elementi
2029 2515 149 38 lontani
2201 2514 222 51 raggiunge
2454 2513 91 39 l'esa-

1597 2579 251 49 sperazione.
1880 2578 195 40 Prodotto
2111 2580 39 36 di
2186 2590 52 26 un
2279 2579 170 38 cervello
2487 2580 75 36 che

1597 2655 84 26 non
1712 2654 176 28 conosce
1920 2643 250 39 lontananze.

1651 2708 244 39 Avventure
1925 2707 214 49 spirituali
2160 2706 20 39 è
2202 2717 52 27 un
2286 2707 101 37 libro
2410 2705 132 40 densis-

2886 330 115 47 simo,
3042 332 124 49 pieno
3172 363 8 16 ,
3210 344 43 27 se
3293 334 22 36 il
3356 332 225 52 significato
3624 333 37 37 di
3707 337 141 45 queste

2888 396 134 47 parole
3054 398 81 47 può
3175 397 96 38 dare
3315 397 115 39 l'idea
3474 398 38 37 di
3549 408 52 27 un
3643 397 101 38 libro
3773 399 75 37 che

2886 460 198 37 riassuma
3113 460 50 50 gli
3185 460 120 39 sforzi
3337 461 193 39 cerebrali
3554 462 37 37 di
3624 464 99 35 sette
3754 462 93 37 anni

2888 523 37 37 di
2956 523 148 38 lavoro.

2940 588 153 47 Questa
3124 589 169 38 raccolta
3337 589 38 37 di
3408 590 135 38 liriche
3586 601 78 26 non
3696 590 20 38 è
3748 593 102 35 stata

2887 651 240 39 influenzata
3158 652 52 38 da
3250 664 190 36 nessuno,
3472 654 48 38 nè
3551 655 64 37 dal
3647 654 178 38 decaden-

2885 716 119 37 tismo
3034 715 293 40 Baudeleriano
3359 717 47 38 nè
3433 718 63 37 dal
3526 717 253 39 simbolismo
3810 718 39 37 di

2888 769 59 38 De
2978 770 182 50 Régnier,
3203 770 49 38 nè
3282 771 104 38 dalla
3417 770 106 39 lirica
3556 772 37 36 di
3635 770 215 48 Rimbaud,

2886 834 49 38 nè
2966 833 433 51 dall'avanguardismo
3439 835 37 37 di
3521 835 207 38 Mallarmé
3760 846 19 27 e
3811 835 39 38 di

2886 897 254 49 Apollinare,
3185 899 49 37 nè
3265 899 63 37 dal
3374 899 384 38 dannunzianismo:
3800 900 51 37 da

2886 965 142 46 queste
3060 962 135 40 liriche
3227 964 113 37 balza
3379 974 50 27 un
3467 964 171 38 cervello
3678 964 150 48 comple-

2886 1028 171 36 tamente
3089 1026 311 39 assolutamente
3433 1038 146 27 nuovo.

2940 1079 29 48 È
3002 1102 53 25 un
3087 1090 100 39 libro
3209 1092 37 36 di
3278 1091 188 47 ricerche,
3488 1092 20 38 è
3540 1103 51 26 un
3625 1092 101 37 libro
3748 1091 98 39 direi

2886 1154 114 48 quasi
3032 1153 38 38 di
3100 1154 241 38 costruzioni
3373 1155 268 39 meccaniche.

2940 1217 41 39 In
3012 1221 140 45 queste
3191 1218 134 39 liriche
3366 1231 79 26 non
3481 1219 59 39 v'è
3571 1220 22 37 il
3626 1222 117 46 poeta
3773 1220 75 38 che

2886 1293 113 27 cerca
3030 1282 38 38 di
3112 1294 280 28 commuovere
3436 1294 25 27 o
3492 1284 37 38 di
3568 1284 157 49 piacere
3754 1295 23 26 o
3809 1284 38 37 di

2886 1347 301 38 entusiasmare.
3232 1346 68 40 V'è
3344 1348 23 36 il
3412 1351 116 46 poeta
3559 1359 103 38 puro
3706 1349 77 37 che
3814 1348 33 38 si

2885 1421 228 40 preoccupa
3144 1412 88 39 solo
3263 1412 37 37 di
3341 1412 192 39 costruire
3572 1412 61 39 col
3664 1423 76 28 suo
3770 1423 59 28 cer-

2885 1477 116 45 vello,
3031 1476 60 39 coi
3124 1477 89 38 suoi
3246 1477 119 47 nervi,
3384 1478 102 37 colla
3516 1487 74 29 sua
3612 1477 236 47 sensibilità,

2886 1539 35 39 le
2951 1540 182 50 analogie
3163 1541 66 49 più
3262 1541 159 47 difficili,
3452 1541 8 37 i
3492 1541 177 49 rapporti
3701 1541 67 48 più
3800 1541 33 38 ir-

2886 1604 106 48 reali,
3022 1605 73 37 che
3117 1604 32 39 si
3182 1615 228 39 preoccupa
3430 1605 88 38 solo
3541 1605 38 38 di
3612 1606 144 50 legare,
3786 1605 61 38 coi

2884 1668 52 37 fili
2969 1668 63 38 del
3062 1679 77 27 suo
3182 1670 184 45 cervello,
3396 1669 50 50 gli
3479 1669 181 38 elementi
3690 1669 68 50 più
3789 1668 40 38 di-

2886 1732 148 49 sparati
3065 1734 75 37 che
3165 1734 51 37 ha
3239 1733 158 39 davanti
3420 1733 77 39 allo
3518 1733 182 50 sguardo
3730 1744 20 27 e
3772 1734 75 37 che

2886 1799 113 36 sente
3030 1797 61 38 nei
3124 1797 122 47 nervi,
3275 1799 37 36 in
3359 1797 248 39 un'armonia
3638 1797 37 38 di
3707 1808 118 28 sensa-

2885 1861 101 38 zioni
3018 1872 19 28 e
3069 1861 37 38 di
3137 1861 260 39 affioramenti
3428 1861 38 39 di
3498 1861 300 39 avvicinamenti
3826 1872 21 28 e

2886 1925 38 37 di
2969 1925 370 49 sovrapposizioni:
3369 1926 60 38 v'è
3472 1926 23 37 il
3540 1928 116 46 poeta
3699 1926 74 38 che
3813 1926 32 38 si

2887 1999 231 39 preoccupa
3147 1990 89 37 solo
3265 1989 38 38 di
3326 1990 200 50 inseguire
3549 1990 23 37 il
3604 1990 64 37 filo
3698 1989 38 38 di
3760 1990 86 38 luce

2886 2054 75 37 che
3006 2058 111 44 parte
3163 2053 104 38 dalla
3311 2065 74 27 sua
3429 2054 169 39 fantasia
3641 2065 20 27 e
3704 2054 75 39 che
3811 2054 37 37 lo

2886 2120 113 46 porta
3029 2127 118 29 verso
3178 2117 34 38 le
3245 2117 67 49 più
3345 2118 274 50 meravigliose
3650 2120 197 46 scoperte,

2885 2183 78 37 che
2992 2181 51 49 gli
3087 2181 39 38 fa
3169 2181 188 39 afferrare
3402 2182 32 38 le
3481 2192 117 28 meno
3627 2182 219 48 prevedute

2886 2245 208 48 soluzioni,
3126 2245 33 39 le
3189 2246 68 48 più
3301 2248 135 36 strane
3476 2245 306 47 combinazioni,
3813 2246 34 38 le

2887 2310 67 47 più
2985 2320 130 27 nuove
3145 2309 242 39 sensazioni.

2940 2373 125 39 L'arte
3109 2373 38 38 di
3192 2371 199 41 Settimelli
3422 2374 38 37 di
3506 2375 144 47 questo
3680 2373 167 49 periodo

2886 2440 33 35 si
2951 2439 82 48 può
3065 2437 166 38 definire
3262 2448 77 27 con
3361 2441 143 45 questa
3526 2439 159 49 parola:
3715 2437 112 49 esplo-

2886 2503 177 37 razione:

2940 2565 30 39 E
3001 2566 63 38 del
3097 2568 105 36 resto
3232 2566 51 37 lui
3314 2568 132 36 stesso
3474 2566 34 38 ci
3539 2566 88 38 dice
3657 2566 75 38 che

2944 2661 109 32 L'arte
3078 2669 19 24 e
3121 2662 33 29 la
3178 2660 143 32 scienza
3345 2669 69 23 non
3446 2669 93 23 sono
3563 2662 89 30 altro
3683 2661 63 30 che
3777 2667 70 25 uno

2886 2714 120 33 sforzo
3032 2715 286 39 d'esplorazione
3342 2714 215 40 nell'ignoto.

3824 2842 20 31 3
