4348 3040
553 159 300 48 POESIA

621 452 418 147 Hauts
1121 454 297 145 faits
1502 456 170 143 de
1758 469 368 132 notre
2210 469 938 168 garçonnisme
3231 456 775 143 intellectuel

595 793 44 32 La
664 793 207 42 république
897 795 44 31 du
965 795 242 41 gargonnisme
1234 797 160 40 exagère.

596 847 69 31 Son
684 847 88 38 vice,
791 856 18 23 a
833 848 112 40 gagné
971 849 52 31 les
1049 848 134 40 poètes.
1205 849 42 31 Ils
1273 858 42 23 ne
1333 852 81 30 sont
1432 851 79 39 plus

555 900 52 31 les
631 900 197 32 chevaliers
854 901 44 31 du
922 901 166 31 Feminin.
1105 901 42 32 Ils
1171 902 191 32 s'unissent
1386 903 20 31 à
1430 905 81 29 tous

554 953 51 31 les
630 953 121 32 butors
777 953 173 41 d'Europe
975 963 88 30 pour
1087 954 183 41 déprimer,
1301 956 211 39 désespérer

554 1006 32 30 la
609 1005 138 40 femme,
772 1015 87 31 pour
884 1007 31 31 la
940 1007 173 35 désàmer,
1145 1016 87 31 pour
1256 1008 168 32 l'annuler
1447 1018 63 31 ga-

553 1058 176 32 Iamment.
753 1077 41 3 —
817 1059 27 30 A
868 1059 130 32 l'heure
1025 1061 43 31 où
1094 1061 32 30 la
1151 1061 281 39 représentation
1459 1062 34 31 le-

553 1112 162 39 gislative
756 1113 83 30 d'un
880 1114 76 31 seul
991 1122 84 24 sexe
1115 1114 178 31 maintient
1332 1115 180 31 durement

553 1164 272 40 l'impérialisme
843 1167 43 30 de
905 1166 173 39 l'homme,
1096 1166 99 33 méne
1216 1176 38 23 ce
1273 1168 129 39 peuple
1421 1168 91 31 droit

555 1218 18 29 à
598 1218 32 30 la
656 1220 87 29 mort
767 1220 42 30 de
835 1220 30 30 la
891 1228 78 23 race
987 1237 39 4 —
1045 1220 19 30 à
1088 1220 130 31 l'heure
1244 1220 55 40 où,
1325 1228 89 32 pour
1438 1229 56 22 ran-

553 1279 62 31 ger
649 1272 32 31 la
717 1272 135 31 maison
885 1273 44 31 de
965 1273 119 35 l'Etat,
1119 1282 44 23 011
1200 1273 122 32 évince
1359 1273 85 40 qui?
1479 1275 32 30 la

555 1324 182 31 maitresse
764 1325 41 31 de
831 1325 152 38 maison;
1009 1326 19 31 à
1052 1326 130 31 l'heure
1201 1327 44 30 où
1272 1327 222 31 l'administra-

553 1377 72 31 tion
651 1385 38 22 se
716 1377 98 39 prive
840 1387 89 31 pour
953 1380 192 39 cagnarder
1176 1388 42 22 en
1250 1380 89 39 paix,
1365 1380 44 31 du
1434 1378 76 33 zèle

553 1430 153 39 feminin,
731 1431 43 31 de
800 1439 40 23 ce
866 1432 70 30 don
963 1432 42 31 de
1030 1432 122 31 foncer
1176 1433 212 39 qu'apporte
1414 1434 96 30 toute

552 1483 138 39 femme,
708 1492 39 23 ce
766 1484 89 31 n'est
873 1493 65 31 pas
956 1493 103 24 assez
1085 1486 42 30 de
1150 1485 194 41 misogynie
1370 1493 141 31 encore,

558 1543 42 24 un
626 1536 107 40 poète
758 1545 42 23 en
825 1538 119 31 remet.

600 1589 98 31 Voici
724 1590 52 31 les
801 1590 96 32 faits:

597 1642 76 37 Que
699 1642 159 33 restait-il
894 1652 64 23 aux
982 1644 149 31 femmes
1157 1643 159 32 écartées
1345 1645 147 39 cynique-

554 1696 91 29 ment
670 1695 43 31 du
751 1695 150 39 pouvoir
937 1704 41 23 en
1005 1696 155 31 France?
1185 1696 151 32 L'action
1374 1698 138 30 occulte

554 1748 34 29 et
621 1747 183 40 gracieuse
840 1748 64 31 des
939 1749 131 31 salons.
1121 1748 95 32 C'est
1255 1757 128 24 encore
1423 1752 89 37 trop.

553 1799 155 31 Ecoutez
756 1799 161 42 Georges
956 1802 147 30 Armand
1150 1801 147 31 Masson
1343 1802 169 39 (Minerve

550 1853 189 39 frangaise
742 1878 7 14 ,
777 1853 36 31 15
838 1855 89 38 sept.
949 1854 105 39 1919).
1079 1854 119 41 Voyez
1225 1856 53 30 les
1303 1855 122 31 salons
1442 1863 68 31 que

553 1914 91 22 nous
670 1914 156 31 propose
851 1915 43 22 un
922 1907 42 31 de
990 1915 65 23 nos
1084 1908 124 38 jeunes
1233 1907 183 39 écrivains,
1440 1907 70 32 très

553 1957 91 32 délié
691 1959 208 39 cependant,
953 1967 89 32 pour
1087 1968 157 24 ramener
1279 1969 40 23 en
1381 1960 129 32 France

554 2011 163 31 l'activité
757 2011 128 40 parlée.
926 2012 22 31 li
988 2013 184 38 demande,
1203 2032 40 2 —
1279 2016 102 28 tenez
1420 2022 90 23 vous

554 2063 88 37 bien,
663 2082 36 4 —
727 2077 12 14 «
758 2065 64 31 des
845 2066 123 30 salons
993 2066 239 32 d'hommes!»
1259 2066 48 32 Ce
1333 2067 88 31 n'est
1446 2075 64 32 pas

553 2124 102 24 assez
682 2117 154 32 d'usines
861 2119 19 30 à
904 2119 187 31 scandales
1110 2128 68 30 que
1203 2121 51 31 les
1279 2121 144 38 cercies,
1442 2128 67 31 que

553 2172 51 30 les
629 2171 106 31 salles
753 2171 42 31 de
818 2171 189 39 rédaction,
1026 2173 20 30 il
1071 2173 72 31 faut
1161 2182 128 22 encore
1314 2173 197 40 supprimer

553 2224 52 31 les
629 2225 131 38 salons,
786 2224 44 31 où
856 2225 196 31 seulement
1077 2225 162 31 l'homme
1266 2227 145 38 pouvait
1435 2227 57 38 pré-

551 2277 122 30 tendre
709 2277 19 30 à
767 2277 203 40 discipliner
1007 2278 191 32 l'entretien
1239 2279 146 38 d'idées,
1423 2280 19 30 à
1479 2281 30 30 le

552 2329 123 32 rendre
711 2330 18 31 à
766 2330 31 31 la
822 2330 67 32 fois
915 2331 176 39 plastique
1128 2340 86 31 pour
1249 2333 32 31 la
1316 2332 137 36 femme,
1477 2335 33 29 et

552 2382 114 31 solide
692 2391 89 31 pour
812 2383 173 34 l'homme,
1021 2385 18 30 à
1064 2385 121 31 mettre
1211 2385 92 31 enfin
1340 2385 100 31 l'idée
1467 2394 41 22 en

552 2435 55 32 vie
643 2436 102 39 gràce
782 2444 65 23 aux
883 2437 89 31 deux
1007 2445 115 31 sexes,
1158 2437 74 32 href
1267 2438 19 30 à
1321 2438 85 31 taire
1431 2441 77 28 acte

553 2488 174 32 d'homme
753 2490 180 34 essentiel,
957 2490 43 31 de
1026 2490 117 39 poète.

595 2541 22 30 II
642 2542 127 33 admet,
793 2550 90 23 nous
908 2542 97 38 dit-il,
1041 2543 70 31 bon
1136 2543 129 39 prince,
1298 2543 64 32 des
1386 2545 121 30 salons

553 2596 134 34 mixtes,
705 2596 86 31 mais
810 2596 20 31 il
848 2596 145 32 redoute
1012 2596 101 40 qa'ils
1131 2597 235 32 ressemblent
1385 2610 11 14 «
1411 2598 19 30 à
1447 2606 61 23 ces

551 2649 126 30 ruches
702 2649 44 30 où
783 2650 31 31 le
840 2650 87 30 male
963 2650 152 31 honteux
1150 2650 143 31 s'efface
1323 2651 129 30 devant
1477 2651 31 30 la

1834 800 94 31 teine
1953 799 125 32 abeiile
2097 812 24 18 ».
2158 800 52 32 Où
2235 800 112 32 voit-il
2373 800 156 39 d'abord,
2565 809 66 23 une
2664 800 127 32 femme

1834 853 70 38 qui,
1928 854 86 31 chez
2040 854 77 37 elle,
2142 863 42 23 ne
2208 854 151 32 cherche
2385 863 65 30 pas
2474 854 19 31 à
2518 855 121 30 mettre
2665 863 41 22 en
2733 863 41 23 va-

1834 907 74 30 leur
1931 915 60 23 ses
2015 906 97 39 amis,
2137 915 38 23 sa
2201 916 179 23 couronne
2406 907 200 41 d'orgueil?
2629 907 45 38 Si,
2692 907 80 39 pudi-

1835 960 127 34 bonds,
1986 960 41 31 ils
2062 960 44 31 lui
2142 960 155 33 refusent
2332 962 43 30 de
2410 960 191 40 s'emparer
2637 961 44 31 du
2718 960 73 32 ròle

1834 1013 129 38 qu'elle
1987 1013 73 31 leur
2084 1014 92 37 tend,
2201 1014 42 31 de
2269 1013 83 40 quoi
2378 1023 38 23 se
2453 1013 249 40 plaignent-ils
2728 1023 44 21 en-

1834 1065 103 35 suite,
1952 1066 103 30 sinon
2074 1067 42 30 de
2143 1074 166 33 manquer
2332 1067 177 31 d'aisance
2528 1068 33 30 et
2580 1079 11 14 «
2606 1066 159 39 d'acquis
2778 1080 12 13 i

1834 1120 34 30 et
1892 1119 125 39 d'élan,
2034 1128 61 23 ces
2119 1121 118 31 vertus
2261 1129 69 30 que
2355 1121 51 31 les
2430 1120 147 32 femmes
2602 1120 191 39 pouvaient

1834 1172 121 32 seules
1979 1174 74 30 leur
2077 1174 151 31 rendre?

1834 1225 40 31 Et
1897 1234 112 33 voyez
2027 1227 176 31 comment
2220 1235 39 24 ce
2284 1228 103 39 jeune
2412 1227 153 32 écrivain
2586 1235 38 23 se
2650 1228 143 39 guinde,

1834 1287 43 23 au
1902 1280 68 30 lieu
1994 1280 122 32 d'aller
2139 1280 43 32 de
2211 1280 128 32 l'avant
2362 1285 107 35 quant
2493 1281 19 31 à
2536 1281 199 39 emprunter
2760 1281 33 30 la

1834 1333 190 39 souplesse
2070 1342 65 22 aux
2170 1334 156 38 femmes,
2361 1333 202 41 rétrograde
2599 1335 34 30 et
2667 1342 58 22 sur
2760 1335 31 29 le

1834 1386 73 38 pire
1927 1385 105 40 passé
2051 1395 41 22 en
2111 1386 176 39 proférant
2304 1387 75 32 ceci
2393 1396 6 22 :
2426 1387 198 40 «J'entends
2650 1388 63 31 des
2738 1395 36 23 sa-

1834 1439 79 31 lons
1938 1440 46 30 où
2008 1440 31 30 la
2060 1439 126 33 femme
2212 1448 39 24 se
2276 1441 177 31 bornerait
2477 1441 19 31 à
2521 1441 72 38 lier,
2618 1441 18 31 à
2661 1441 131 31 animer

1834 1493 52 31 les
1911 1500 178 31 causeurs,
2107 1492 73 33 ròle
2206 1493 127 39 auquel
2358 1493 67 33 elle
2450 1493 133 33 excelle
2608 1493 120 40 (merci
2746 1494 45 31 du

1834 1545 99 40 peu!)
1958 1546 45 30 où
2028 1554 39 23 sa
2092 1546 171 39 présence
2289 1547 105 31 serait
2428 1555 103 23 assez
2557 1546 151 32 discrète
2733 1546 57 39 (ah

1834 1597 144 40 silence,
2027 1599 205 32 Mesdames
2283 1600 88 30 dans
2422 1601 51 30 les
2517 1600 136 39 rangs!)
2704 1608 89 31 pour

1834 1660 68 31 que
1929 1660 42 23 ne
1996 1653 73 31 s'en
2094 1661 125 23 exerce
2237 1661 63 32 pas
2325 1653 107 31 l'effet
2455 1653 173 31 ordinaire
2654 1653 57 39 qui
2739 1654 54 30 est

1834 1705 196 32 d'abaisser
2053 1707 31 30 le
2110 1706 126 32 niveau
2261 1707 64 31 des
2356 1707 189 31 entretiens
2570 1708 34 30 et
2628 1707 43 31 de
2697 1714 97 24 muer

1834 1760 31 30 la
1890 1759 247 32 conversation
2156 1768 42 22 en
2224 1760 200 40 bavardage
2448 1760 232 32 sentimental.
2692 1772 12 13 »
2725 1758 68 32 Pas

1834 1820 44 23 un
1902 1813 128 31 instant
2047 1821 40 23 ce
2112 1813 107 39 poète
2244 1822 41 22 ne
2311 1822 38 22 se
2368 1813 49 31 dit
2440 1822 67 30 que
2526 1821 40 23 ce
2591 1813 200 40 bavardage

1832 1866 34 31 là
1890 1875 19 22 a
1934 1866 80 31 suffi
2040 1874 88 31 pour
2152 1874 91 23 nous
2267 1866 84 32 faire
2376 1875 43 23 un
2445 1866 198 39 Pétrarque,
2674 1866 47 39 (1)
2747 1874 44 22 un

1834 1917 170 40 Rousard,
2034 1928 43 22 un
2109 1919 125 38 Villon,
2264 1928 44 22 un
2344 1919 147 38 Musset,
2522 1928 79 31 que,
2632 1928 83 22 sans
2751 1928 40 23 ce

1835 1984 12 13 «
1862 1971 199 41 bavardage
2076 1985 12 12 »
2130 1972 229 39 aujourd'hui,
2395 1980 90 24 nous
2523 1973 148 30 n'avons
2712 1972 79 39 plus

1833 2023 106 40 guère
1958 2032 66 31 que
2043 2025 64 30 des
2132 2023 127 40 poètes
2283 2033 42 23 en
2351 2025 120 38 plomb
2490 2033 45 23 ou
2553 2034 41 22 en
2613 2025 176 38 celluloid,

1834 2085 68 31 que
1929 2091 12 12 «
1963 2086 40 23 ce
2027 2078 200 39 bavardage
2248 2091 13 13 »
2288 2078 83 31 était
2387 2078 176 39 peut-ètre
2589 2078 204 33 l'essentiel,

1834 2131 31 31 le
1890 2139 73 29 sue,
1991 2131 31 32 le
2048 2131 82 32 miei
2156 2132 42 31 de
2224 2132 31 31 la
2280 2131 67 38 vie,
2375 2132 42 31 de
2444 2132 30 31 la
2500 2131 106 32 durée
2640 2131 151 40 puisque

1833 2185 98 30 seuis
1965 2185 52 30 les
2052 2184 128 39 poètes
2211 2185 42 31 de
2293 2185 145 31 l'amour
2478 2188 59 28 ont
2574 2186 156 30 traverse
2760 2185 30 31 le

1833 2239 125 37 temps.

1877 2289 81 35 Rien
1999 2299 42 23 ne
2081 2290 153 33 l'avertit
2272 2291 43 31 de
2354 2291 172 32 l'horreur
2565 2291 83 32 d'un
2689 2291 101 32 salon

1832 2343 207 32 d'hommes.
2064 2343 23 32 Il
2112 2352 42 23 ne
2179 2345 122 31 trouve
2320 2352 64 31 pas
2410 2352 129 24 encore
2565 2352 104 24 assez
2696 2345 95 30 raide

1875 2451 32 28 (1)
1928 2450 40 24 De
1988 2450 68 31 quoi
2071 2450 75 25 donc
2161 2452 66 23 sont
2240 2450 68 25 faits
2329 2456 49 19 ces
2393 2451 160 24 immortels
2567 2451 122 24 sonnets
2705 2451 87 24 sinon

1832 2493 35 24 de
1886 2493 86 29 petits
1999 2493 158 24 entretiens
2183 2493 120 31 coupés,
2327 2493 23 24 le
2373 2494 66 30 long
2463 2494 33 23 de
2526 2494 26 23 la
2583 2494 120 30 Sorgue,
2723 2500 69 18 avec

1832 2536 88 24 Laure
1948 2535 34 24 de
2011 2536 94 24 Noves
2126 2536 26 24 la
2179 2536 82 24 dame
2282 2542 54 19 aux
2355 2542 70 19 onze
2450 2536 138 25 enfants?
2616 2536 31 25 Et
2667 2537 34 24 de
2721 2536 69 31 quoi

1831 2578 89 24 serait
1938 2577 76 25 donc
2034 2578 50 24 fait
2104 2578 91 24 Dante
2216 2578 24 24 le
2260 2578 88 30 divin,
2371 2584 71 18 sans
2471 2579 42 23 les
2532 2580 76 23 mots
2628 2578 163 25 immortels

1830 2619 35 24 de
1885 2620 27 23 la
1936 2619 65 25 Vita
2019 2619 117 26 Nuova:
2156 2630 12 11 «
2183 2620 77 25 Ceux
2273 2620 48 31 qui
2336 2621 49 23 ont
2404 2627 35 17 vu
2458 2621 48 23 ton
2522 2620 110 25 sourire
2654 2627 33 17 ne
2708 2627 68 24 pour-

1830 2662 64 24 ront
1913 2662 66 30 plus
1999 2662 107 24 mourir
2125 2662 79 25 mal»
2225 2663 26 29 (à
2272 2662 150 29 Beatrice).

3109 802 34 29 et
3173 802 163 29 cassante
3370 801 99 30 notre
3507 798 135 32 société
3676 800 43 30 de
3754 799 198 40 clergymen
3990 806 84 22 sans

3111 852 90 32 calte
3213 852 5 30 !
3246 852 21 30 Il
3293 850 113 32 réduit
3430 852 31 30 la
3485 851 127 31 femme
3639 859 42 23 au
3714 850 74 32 róle
3815 853 42 29 de
3890 850 184 41 figurante.

3112 905 70 32 Elle
3208 905 89 31 n'est
3322 904 112 32 tnème
3460 905 89 38 plus,
3570 912 88 31 pour
3683 905 100 30 notre
3809 904 81 30 elite
3917 905 99 36 male,
4044 905 31 29 le

3111 957 159 31 Témoin.
3297 957 50 31 Un
3373 957 130 31 témoin
3536 958 112 39 prend
3673 958 100 39 parti,
3806 957 167 40 regimbe,
4001 965 73 31 rue,

3113 1011 169 30 conseille
3301 1011 34 30 et
3352 1010 117 39 risque
3488 1011 43 30 de
3558 1023 12 13 «
3584 1018 133 31 couper
3735 1011 31 29 le
3785 1010 35 30 fil
3836 1023 10 13 »
3867 1019 43 21 au
3929 1011 148 29 conteur

3113 1063 44 31 de
3182 1063 204 31 soi-mème.

3157 1115 49 33 Ce
3241 1115 104 40 qu'/7s
3378 1116 74 31 font
3484 1116 195 31 désorrnais
3714 1117 42 30 de
3796 1117 31 30 la
3858 1116 139 39 femme,
4032 1125 43 22 au

3113 1170 117 30 salon:
3256 1177 65 23 une
3347 1169 125 39 simple
3510 1170 163 37 pancarte
3707 1170 44 30 où
3789 1169 43 31 ils
3866 1169 211 31 voudraient

3114 1221 154 37 s'écrire;
3294 1222 87 31 mais
3412 1223 165 38 pancarte
3603 1221 130 32 mobile
3759 1230 58 23 sur
3842 1223 89 30 deux
3958 1221 116 40 pieds,

3114 1284 87 23 avec
3228 1276 89 30 deux
3342 1283 99 32 yeux,
3471 1276 34 30 et
3530 1275 31 31 le
3587 1275 78 39 plus
3691 1275 112 32 beaux
3832 1275 174 39 possible.
4032 1275 44 31 Ils

3115 1330 61 29 ont
3205 1327 107 42 gardé
3349 1329 29 30 si
3410 1327 87 40 j'ose
3530 1327 70 32 dire
3638 1328 32 31 la
3700 1327 196 32 sensibilità
3928 1329 147 31 murale.

3116 1381 21 30 11
3163 1381 212 39 s'opposent
3392 1380 18 31 à
3427 1389 40 23 ce
3493 1388 67 31 que
3585 1388 91 23 nous
3700 1380 146 40 soyions
3871 1381 82 39 plus
3971 1381 105 39 qu'un

3114 1442 74 23 mur
3212 1434 44 31 où
3283 1434 154 39 projeter
3460 1434 75 31 leur
3559 1433 124 41 image.

3157 1487 215 40 Figurantes,
3392 1486 42 32 ils
3451 1494 91 24 nous
3560 1486 131 40 voient,
3710 1487 191 40 figurantes
3926 1488 42 31 ils
3986 1496 92 23 nous

3116 1540 146 31 laissent
3294 1548 88 32 pour
3415 1540 202 31 n'entendre
3658 1541 99 38 point
3796 1549 40 23 ce
3878 1550 67 30 que
3985 1549 91 24 nous

3114 1593 186 41 pourrions
3338 1594 185 39 répor.dre.
3562 1594 40 30 Et
3637 1594 30 31 le
3707 1594 107 39 poète
3855 1594 141 32 abaisse
4033 1603 43 22 un

3116 1647 99 31 iourd
3241 1647 127 31 vantail
3387 1647 42 30 de
3455 1647 50 30 fer
3530 1648 95 29 entre
3651 1647 52 31 les
3721 1648 141 30 nations
3883 1648 194 31 masculine

3116 1701 33 29 et
3173 1699 174 31 féminine.
3373 1700 21 29 11
3420 1700 108 30 ferme
3554 1700 31 30 la
3610 1700 129 31 raison.
3759 1700 21 30 Il
3808 1700 109 40 opère
3944 1700 135 40 l'esprit

3114 1753 44 31 de
3183 1761 60 23 ses
3268 1752 141 40 régions
3445 1752 125 31 vitales
3596 1752 110 31 celles
3731 1761 63 31 par
3822 1754 45 30 où
3893 1753 31 32 la
3949 1754 128 31 femme

3116 1805 187 32 accointait
3326 1806 31 29 le
3383 1805 69 31 réel
3479 1806 33 30 et
3530 1813 61 31 par
3608 1805 45 30 où
3672 1806 32 31 le
3730 1806 71 31 bon
3827 1815 84 23 sens
3936 1815 120 23 manou-

3116 1860 89 29 vrier
3229 1858 159 40 pratique
3420 1858 129 30 menait
3574 1858 230 33 directement
3827 1861 31 30 la
3891 1861 117 30 raison
4034 1869 44 22 au

3114 1911 113 40 génie.
3252 1910 180 32 Entendez
3447 1919 6 21 :
3490 1910 17 31 à
3533 1910 32 32 la
3590 1910 87 32 mise
3709 1921 42 22 en
3785 1912 127 38 action,
3940 1912 121 32 c'est-à-

3116 1964 73 32 dire
3214 1973 41 22 au
3281 1964 89 37 fruit,
3398 1964 19 30 à
3441 1964 32 30 la
3498 1963 158 39 victoire,
3681 1965 19 31 à
3725 1966 32 30 la
3783 1966 66 31 vie.

3159 2018 21 30 Il
3216 2018 95 30 force
3352 2018 30 30 le
3418 2016 108 32 verbe
3563 2018 19 30 à
3617 2019 111 30 rester
3760 2020 88 29 dans
3885 2020 191 38 l'intellect,

3114 2069 229 33 c'est-à-dire
3375 2070 88 30 dans
3494 2070 190 39 l'irréalisé,
3710 2072 19 30 il
3762 2072 30 31 le
3830 2072 61 31 fait
3922 2073 111 31 braire
4059 2074 18 30 à

3115 2124 90 31 vide.

3158 2177 21 31 Il
3205 2177 31 31 le
3262 2177 68 39 fige
3356 2185 40 23 en
3422 2177 180 38 l'abstrait,
3624 2186 45 23 ou
3695 2178 21 31 il
3743 2189 41 21 en
3804 2180 61 30 fait
3890 2180 187 39 l'eunuque

3114 2230 141 32 sombre
3281 2230 55 39 qui
3363 2230 150 32 reclame
3540 2232 163 38 pourtant
3726 2232 31 31 la
3773 2232 128 33 femme
3928 2234 130 31 baìllon-

3115 2283 75 38 née,
3218 2291 137 24 comme
3381 2285 202 39 spectateur
3608 2285 31 31 di
3666 2286 91 31 cette
3791 2287 97 39 orgie
3914 2287 163 32 bianche.

3114 2337 45 31 La
3184 2337 166 31 créatrice
3376 2346 41 22 ne
3436 2345 78 24 sera
3538 2338 79 39 plus
3636 2347 67 31 que
3723 2340 116 31 «deux
3856 2348 113 32 yeux»
3990 2349 89 31 pour

3113 2390 77 31 voir
3207 2390 142 39 pérorer
3367 2398 61 24 ces
3446 2390 200 33 messieurs.
3666 2391 184 41 Augures?
3874 2394 79 37 soit,
3972 2394 104 38 qu'on

3114 2443 126 31 écoute
3266 2452 41 22 en
3343 2443 145 32 silence.
3524 2444 92 32 Mais
3641 2445 102 39 qu'ils
3780 2446 169 31 veuillent
3973 2447 105 37 alors,

3114 2504 178 24 annoncer
3317 2498 153 38 quelque
3497 2498 120 40 chose,
3645 2498 57 39 qui
3730 2507 41 23 ne
3797 2499 70 31 soit
3895 2507 65 31 pas
3985 2502 92 29 cette

3113 2550 213 39 conception
3364 2550 42 31 de
3440 2550 130 39 harem,
3603 2552 42 30 de
3683 2552 233 37 sous-harem,
3952 2561 58 23 car
4034 2561 43 23 au

3113 2601 88 38 sien,
3230 2601 226 33 Héherazade
3483 2604 133 39 parlait.

3159 2668 11 14 «
3189 2655 76 31 Non
3284 2656 30 31 le
3333 2657 107 31 verbe
3460 2665 41 23 ne
3520 2665 38 23 se
3583 2657 72 31 fera
3674 2658 79 38 plus
3778 2658 94 32 chair
3889 2672 25 25 »,
3931 2659 148 38 jappent

552 2790 42 31 37
