3472 4407
356 169 1458 208 Niedeirheinische
1961 169 1189 264 Musik-Zeitung

727 443 188 89 für
965 449 872 86 Kunstfreunde
1890 449 241 81 und
2185 441 589 89 Künstler.

174 642 447 85 Herausgegeben
663 659 102 37 von
813 640 272 57 Professor
1127 644 58 53 L.
1218 644 247 74 Bischoff.
1635 640 198 87 Verlag
1875 640 94 57 der
2006 642 67 54 M.
2106 638 744 73 DuMont-Schauberg'schen
2887 638 441 86 Buchhandlung.

242 1028 213 38 Inhalt.

513 1026 92 40 Les
634 1028 119 38 Prel
770 1027 138 39 udes.
952 1028 320 50 Symphonische
1305 1028 199 51 Dichtung
1534 1040 77 27 von
1641 1029 42 38 F.
1717 1027 137 39 Liszt
1883 1028 39 38 in
1956 1028 161 39 Wien.
2163 1028 90 38 Von
2283 1028 84 38 Ed.
2399 1027 250 39 Hanslick
2759 1027 43 39 F.
2835 1026 173 40 Brendel
3036 1027 102 39 über
3168 1027 114 40 Liszt.

135 1091 84 36 Aus
250 1087 333 51 Heidelberg
611 1089 391 50 (Musik-Zuslände).
1112 1091 86 36 Aus
1231 1089 130 39 Lille
1393 1089 207 48 (Concert).
1710 1089 150 39 Achtes
1891 1089 471 39 Gesellschafts-Concert
2393 1089 40 39 in
2463 1089 119 39 Köln.
2721 1089 183 50 Tages-
2949 1088 99 39 und
3092 1089 243 40 Unterhal-

134 1149 304 50 tungsblatt
466 1148 137 47 (Köln,
633 1150 127 38 Henri
792 1150 142 47 Litolff,
965 1150 114 38 Erste
1111 1150 370 52 Gasl-Darstellung
1508 1164 77 27 von
1615 1152 133 39 Fräul.
1776 1152 127 40 Marie
1932 1150 209 51 Seebach).

690 1412 121 75 „Les
861 1413 280 60 Préludes.“

216 1522 362 69 Symphonische
620 1522 231 67 Dichtung
894 1522 70 50 für
1009 1540 183 50 grosses
1223 1522 258 53 Orchester
1519 1542 87 33 von

704 1608 187 49 Franz
945 1608 191 52 Liszt.

139 1717 254 54 (Aufgeführt
421 1730 77 28 von
527 1719 71 39 der
628 1717 260 41 Gesellschaft
925 1719 70 39 der
1023 1720 302 40 Musikfreunde
1368 1733 47 26 zu
1458 1719 142 40 Wien
1639 1731 63 28 am

748 1780 37 40 8.
814 1780 110 39 März
959 1781 127 49 1857.)

590 1862 91 39 Von
727 1862 209 38 Eduard
967 1862 281 39 Hanslick.

258 1956 83 51 Als
384 1956 82 51 der
508 1956 224 67 genialste
765 1956 217 51 Virtuose
1011 1975 193 32 unserer
1231 1957 114 60 Zeit,
1387 1960 145 48 Franz
1560 1959 140 59 Liszt,

134 2040 81 51 der
244 2039 250 67 Triumphe
529 2039 135 49 müde
695 2039 143 58 ward,
870 2039 70 49 die
963 2040 188 67 Europa
1184 2041 147 50 seiner
1362 2041 162 50 echten
1550 2042 152 50 Kunst

136 2141 51 33 so
233 2140 113 50 gern
386 2121 118 51 noch
549 2121 159 66 länger
752 2121 193 51 bereitet
991 2122 142 60 hätte,
1179 2124 200 50 schickte
1420 2141 50 32 er
1501 2124 92 50 sich
1625 2124 52 50 be-

136 2205 231 51 kanntlich
414 2223 73 42 an,
532 2204 144 51 durch
718 2204 161 67 eigene
920 2223 160 49 grosse
1111 2206 327 69 Schöpfungen
1468 2208 70 49 die
1573 2208 129 52 Welt

135 2307 57 33 zu
224 2288 324 50 überraschen.
611 2289 119 48 Wer
774 2289 123 48 nicht
941 2288 122 50 bloss
1110 2307 56 33 an
1212 2291 189 66 geistige
1424 2291 276 66 Thätigkeit,

134 2371 200 52 sondern
380 2370 117 52 eben
540 2388 53 33 so
640 2371 104 49 sehr
789 2371 140 50 daran
973 2373 219 66 gewohnt
1236 2374 71 58 ist,
1353 2375 103 48 dass
1498 2375 90 50 ihm
1621 2375 81 50 der

134 2454 180 52 Lorber
343 2455 84 48 auf
464 2454 103 51 dem
598 2455 148 48 Fusse
776 2454 135 65 folge,
955 2455 82 48 der
1067 2472 184 50 vermag
1293 2456 88 51 den
1425 2456 273 69 Schauplatz

135 2538 82 52 der
242 2536 370 53 Oeffentlichkeit
643 2538 123 49 nicht
798 2555 56 32 zu
883 2538 242 59 verlassen,
1157 2557 50 32 er
1240 2540 218 51 wechselt
1489 2540 73 50 ihn
1595 2558 101 33 nur.

258 2623 97 47 Der
376 2620 155 51 Ruhm
562 2620 80 51 des
675 2620 403 51 Tondichters
1109 2623 124 49 Liszt
1265 2624 131 48 sollte
1426 2624 87 50 den
1545 2624 152 50 Ruhm

134 2704 82 51 des
248 2705 334 50 Virtuosen
623 2704 124 50 Liszt
789 2704 143 50 sofort
963 2705 296 51 verdunkeln.
1320 2708 62 48 Es
1412 2707 162 49 fanden
1606 2707 91 49 sich

132 2787 381 50 enthusiastische
558 2787 213 49 Freunde
816 2787 94 50 und
953 2787 164 50 liessen
1162 2788 93 49 sich
1315 2789 114 50 auch
1490 2790 208 66 gefällige

132 2869 328 51 Schriftsteller
503 2869 170 60 finden,
728 2869 173 51 welche
945 2869 126 51 diese
1113 2870 392 68 Transfiguration
1536 2872 160 51 Liszt's

131 2954 65 50 als
228 2953 71 51 ein
329 2953 234 66 Ereigniss
607 2971 88 33 von
741 2952 365 52 unabsehbarem
1139 2956 221 50 Gewinne
1392 2956 69 49 lür
1489 2956 68 50 die
1584 2957 85 48 Ent-

132 3037 230 65 wicklung
403 3037 82 49 der
516 3037 244 49 Tonkunst
807 3037 280 49 darstellten.
1148 3038 108 51 Wir
1287 3038 98 51 sind
1425 3039 60 49 im
1517 3039 150 66 Gegen-

131 3119 111 50 theil
283 3118 83 51 der
395 3119 210 59 Ansicht,
650 3119 103 51 dass
800 3119 70 50 die
915 3121 312 49 musicalische
1260 3122 133 51 Welt
1438 3122 142 51 durch
1626 3122 71 49 die

132 3201 273 52 Abdication
437 3202 79 49 des
545 3203 248 50 Virtuosen
816 3202 128 51 Liszt
976 3203 129 50 einen
1136 3204 188 50 Verlust
1355 3204 178 51 erlitten
1564 3204 134 60 habe,

132 3284 198 51 welcher
360 3284 68 50 ihr
461 3284 142 51 durch
635 3286 87 51 den
751 3286 329 68 Componisten
1120 3287 125 51 nicht
1289 3288 197 51 entfernt
1531 3295 170 43 ersetzt

130 3368 131 51 wird.

261 3451 119 52 Wer
424 3451 70 49 die
540 3451 330 51 künstlerische
911 3452 334 52 Individualität
1275 3453 160 51 Liszt's
1481 3453 219 51 während

130 3535 82 49 der
243 3533 164 66 langen
437 3535 156 48 Dauer
635 3533 148 50 seines
817 3535 409 50 Virtuosenthums
1272 3536 303 51 aufmerksam
1621 3536 52 51 be-

131 3616 216 52 obachtet
391 3616 140 61 hatte,
577 3617 150 50 durfte
772 3617 93 48 sich
913 3618 121 50 wohl
1080 3636 85 33 von
1207 3638 110 31 vorn
1362 3620 152 49 herein
1556 3620 144 66 einige

127 3700 216 51 Schlüsse
365 3700 82 49 auf
470 3700 87 49 den
578 3700 253 51 Charakter
855 3700 151 51 seiner
1033 3720 148 33 neuen
1209 3702 454 69 Compositions-Tha-

127 3791 79 42 ten
252 3781 232 52 erlauben.
530 3784 85 49 Die
662 3782 579 69 Clavier-Compositionen
1283 3786 178 59 Liszt's,
1505 3786 71 50 die
1618 3785 53 51 be-

125 3866 230 52 kanntlich
384 3866 131 51 einen
545 3867 183 65 artigen
758 3869 133 47 Stoss
931 3865 167 61 bilden,
1146 3885 156 33 waren
1348 3870 227 49 durchaus
1612 3888 85 31 von

125 3966 51 33 so
220 3949 367 68 mitlelmässiger
628 3949 269 66 Erfindung
940 3949 91 49 und
1076 3950 325 69 Ausführung,
1447 3952 104 50 dass
1595 3969 103 33 man

123 4033 117 50 auch
269 4034 124 49 nicht
427 4052 86 33 von
548 4034 134 49 Einer
732 4033 172 50 daraus
935 4033 126 50 hätte
1103 4031 265 70 behaupten
1410 4036 182 60 wollen,
1637 4035 61 51 sie

121 4116 155 51 werde
308 4118 92 50 sich
431 4116 45 51 in
507 4118 81 49 der
620 4115 356 52 musicalischen
1006 4116 235 51 Literatur
1268 4116 222 52 erhalten.

1919 1374 115 51 Eine
2061 1391 160 51 grosse
2238 1374 254 50 Kenntniss
2517 1374 79 50 des
2620 1373 403 51 Clavier-Effectes
3047 1372 94 51 und
3163 1372 77 51 hin
3269 1372 95 52 und

1795 1457 169 51 wieder
2008 1458 70 48 ein
2124 1458 325 48 interessantes
2477 1458 188 68 Apercu
2696 1457 98 51 sind
2826 1457 123 60 alles,
2996 1473 94 33 was
3136 1456 94 50 sich
3272 1473 89 35 von

1793 1541 164 49 Liszt's
1989 1539 343 50 Ciaviersachen
2362 1539 193 50 rühmen
2587 1541 111 48 lässt
2830 1538 71 51 bei
2933 1538 146 50 einem
3108 1539 255 51 Virtuosen

1795 1641 85 33 von
1914 1623 127 51 Geist
2070 1622 475 52 selbstverständliche
2576 1623 162 66 Dinge.
2782 1622 160 50 Seiner
2967 1625 204 47 äusserst
3201 1622 136 51 dürfti-

1795 1725 86 49 gen
1905 1706 404 67 Erfindungskraft
2340 1705 226 61 bewusst,
2592 1706 172 68 pflegte
2784 1705 127 50 Liszt
2942 1705 217 50 meistens
3190 1706 171 51 fremde

1795 1791 255 49 Melodieen
2087 1790 42 49 in
2161 1790 441 67 Transscriptionen,
2633 1787 303 52 Phantasieen
2978 1806 45 33 u.
3055 1787 91 67 dgl.
3178 1806 54 32 zu
3263 1805 75 34 ver-

1793 1874 219 52 arbeiten.
2045 1875 49 48 In
2127 1874 122 49 diese
2281 1874 156 49 Classe
2464 1874 168 66 gehört
2662 1874 118 50 ohne
2812 1871 271 51 Ausnahme
3112 1871 127 60 alles,
3268 1889 94 34 was

1787 1957 164 66 jemals
1983 1974 85 33 von
2100 1956 124 50 Liszt
2253 1956 273 50 Beliebtheit
2568 1973 179 49 errang.
2803 1954 230 60 Ueberall,
3079 1971 75 33 wo
3184 1971 52 32 er
3265 1954 74 50 hin-

1795 2058 148 49 gegen
1974 2058 81 31 aus
2084 2041 191 66 eigenen
2295 2040 177 51 Mitteln
2502 2039 236 59 arbeitete,
2762 2039 191 49 brachte
2968 2039 126 49 Liszt
3124 2037 72 50 ein
3226 2055 98 34 wun-

1795 2122 221 51 derliches
2047 2122 211 50 Gemisch
2286 2140 89 33 von
2407 2122 376 68 Gemeinplätzen
2816 2121 93 51 und
2939 2120 312 51 Bizarrerieen
3282 2139 54 32 zu-

1795 2224 155 48 wege;
2009 2224 103 32 man
2158 2214 213 60 ertrug
2415 2206 123 50 diese
2578 2206 397 69 Compositionen,
3019 2221 136 34 wenn
3199 2220 51 35 er
3295 2205 64 51 sie

1792 2290 175 67 spielte.
2007 2289 129 51 Noch
2168 2289 42 49 in
2242 2289 153 51 seinen
2427 2289 168 49 letzten
2628 2288 596 67 Clavier-Compositionen,
3254 2286 105 51 dem

1825 2375 205 57 „Album
2293 2375 53 48 de
2485 2392 68 30 u.
2554 2373 109 66 dgl.,
2676 2373 121 49 kann
2829 2388 102 33 man
2959 2371 71 50 die
3061 2370 273 51 ausschliess-

1791 2456 114 50 liche
1934 2455 270 51 Herrschaft
2248 2455 149 50 dieser
2427 2454 163 51 beiden
2624 2455 227 51 Factoren
2892 2453 347 61 wahrnehmen,
3282 2470 53 33 zu-

1793 2539 148 67 gleich
1984 2539 79 50 das
2111 2539 316 51 zunehmende
2464 2538 276 59 Bestreben,
2784 2536 146 51 durch
2976 2536 264 68 beigelügte
3270 2536 60 51 Ge-

1792 2622 150 49 dichte
1974 2622 93 49 und
2098 2638 136 50 sogar
2266 2622 151 49 Bilder
2454 2622 71 49 die
2554 2620 202 51 Armuth
2799 2619 80 51 des
2910 2619 348 51 musicalischen
3286 2619 51 51 In-

1791 2704 116 51 halts
1941 2723 54 31 zu
2026 2703 277 52 bemänteln.
2362 2703 191 52 Schrieb
2583 2704 126 50 Liszt
2755 2703 161 67 irgend
2959 2703 131 49 einen
3123 2702 139 61 Chor,
3307 2719 51 35 so

1792 2789 172 50 konnte
1994 2806 103 31 man
2138 2788 114 49 nach
2298 2788 87 51 den
2427 2794 155 45 ersten
2613 2789 172 48 Tacten
2817 2787 88 50 den
2936 2785 331 69 Componisten
3298 2803 59 34 an

1792 2872 81 49 der
1918 2872 248 67 gequälten
2211 2872 212 59 Melodie,
2478 2872 89 49 den
2611 2869 324 69 unsangbaren
2978 2869 381 61 Mittelstimmen,

1792 2954 81 51 der
1904 2954 305 50 zerfallenden
2239 2954 140 51 Form
2411 2954 247 51 erkennen.

1917 3038 63 50 So
2011 3037 190 49 verhielt
2232 3055 47 33 es
2307 3037 92 51 sich
2431 3055 56 33 an
2520 3034 76 52 30
2615 3037 141 51 Jahre
2787 3036 108 67 lang
2924 3036 81 50 mit
3028 3034 161 51 Liszt's
3217 3034 106 52 Com-

1791 3121 272 68 positionen,
2094 3121 115 49 über
2239 3122 69 49 die
2338 3121 80 50 das
2436 3119 174 51 Urtheil
2634 3138 52 33 so
2718 3128 84 60 gut
2826 3121 85 49 wie
2943 3118 274 69 einstimmig
3245 3136 114 35 war.

1790 3204 104 50 Nun
1924 3203 136 52 nahm
2093 3203 93 51 sich
2215 3204 126 50 Liszt
2370 3203 213 69 plötzlich
2613 3221 96 43 vor,
2754 3203 81 51 mit
2865 3220 205 49 grossen,
3103 3202 231 52 bedeuten-

1792 3287 87 50 den
1910 3287 328 67 Schöpfungen
2268 3287 166 51 hervor
2462 3305 58 32 zu
2549 3293 168 45 treten.
2774 3287 81 50 Mit
2898 3284 83 51 der
3024 3284 94 51 ihm
3165 3286 196 67 eigenen

1793 3371 221 66 geistigen
2051 3371 296 66 Regsamkeit
2389 3371 95 49 und
2516 3370 459 50 beneidenswerthen
3004 3368 204 68 Energie
3254 3368 109 68 ging

1793 3471 50 32 er
1877 3472 55 32 an
1964 3453 70 50 die
2051 3452 226 69 Aufgabe.
2308 3456 68 48 Zu
2402 3453 320 60 einsichtsvoll,
2754 3470 76 32 um
2854 3452 124 50 nicht
3001 3451 73 51 die
3097 3451 242 52 auffallend-

1797 3545 101 42 sten
1928 3536 187 49 Lücken
2158 3536 147 49 seiner
2335 3536 255 66 Begabung
2630 3554 56 31 zu
2732 3535 201 58 kennen,
2977 3541 178 44 musste
3185 3551 51 33 er
3264 3533 95 52 sich

1791 3621 82 50 der
1903 3620 150 51 Musik
2084 3638 85 31 von
2199 3620 132 66 jener
2357 3621 125 50 Seite
2511 3618 189 60 nähern,
2732 3635 75 33 wo
2841 3618 79 60 sie,
2952 3636 58 32 an
3041 3622 190 47 äussere
3263 3617 66 52 Ob-

1785 3704 123 66 jecte
1948 3702 201 66 gelehnt,
2194 3702 336 68 vorzugsweise
2576 3701 89 51 den
2708 3701 386 67 vergleichenden
3132 3701 232 52 Verstand

1791 3785 274 67 beschäftigt
2107 3785 94 51 und
2243 3786 69 50 die
2356 3785 239 68 poetische
2641 3785 114 51 oder
2798 3784 271 52 malerische
3110 3785 246 51 Phantasie

1791 3876 176 59 anregt.

1915 3952 65 49 Er
2012 3950 188 52 brachte
2229 3950 197 52 beinahe
2456 3951 83 51 mit
2568 3952 165 50 Einem
2768 3952 151 51 Wurf
2950 3969 122 34 neun
3104 3950 260 52 Sinfonieen

1792 4053 83 32 zur
1907 4035 146 60 Welt,
2086 4035 68 50 die
2186 4052 49 33 er
2276 4035 390 70 „symphonische
3067 4041 168 46 nannte
3269 4031 95 52 und

1795 4119 81 51 mit
1922 4119 255 68 speciellen,
2223 4119 90 52 den
2354 4120 149 52 Inhalt
2540 4120 149 52 dieser
2718 4120 154 52 Musik
2911 4119 296 53 erklärenden
3246 4118 88 52 Pro-

2703 4202 64 51 12

207 845 82 57 Nr.
327 845 75 57 12.

2918 842 58 59 V.
3012 842 277 76 Jahrgang.

1453 832 174 85 KÖLN,
1669 845 78 58 21.
1784 842 135 59 März
1961 841 140 60 1857.
