2951 3957
1447 3506 63 45 62

321 386 14 17 •
372 362 177 60 THE
607 364 171 58 END
834 364 110 58 OF
998 361 176 60 THE
1229 361 328 60 WORLD
1792 356 341 61 Lascelles
2185 351 485 62 Abercrombie

445 582 196 74 Huff:
703 582 272 56 Haven't
1007 599 123 52 you
1163 579 264 73 brought
1459 597 153 52 your
1644 578 149 56 flute
1818 582 19 48 ?
1929 576 205 56 We've
2170 573 79 56 all
2282 579 108 67 got
2424 590 169 39 room

369 677 118 56 For
514 677 189 56 music
730 677 61 55 in
817 696 111 37 our
955 677 196 56 minds
1179 676 280 72 to-night,
1493 676 97 56 I'll
1616 693 198 38 swear.

370 773 285 71 Working
685 774 78 53 all
791 773 120 68 day
939 773 61 55 in
1030 773 104 55 the
1162 792 111 36 sun
1303 773 77 55 do
1409 790 159 38 seem
1597 778 65 49 to
1690 769 157 73 push

370 865 125 57 The
524 868 260 71 thought
812 874 110 50 out
948 868 64 54 of
1037 886 154 50 your
1218 868 185 56 brain.

447 963 209 55 Sollers
683 980 18 38 :
1671 963 67 60 O,
1783 959 96 57 'tis
1912 959 104 57 the
2048 976 113 38 sun

369 1061 131 53 Has
532 1057 254 57 trodden
817 1076 78 37 on
925 1076 122 51 you
1073 1063 19 49 ?
1163 1057 209 57 That's
1403 1057 164 57 what
1596 1058 208 55 makes
1832 1074 123 52 you
1987 1054 183 58 croak
2194 1060 19 48 ?

370 1154 110 68 Ay,
515 1154 231 55 whistle
774 1152 125 56 him
928 1154 361 55 somewhat:
1346 1161 114 64 put
1489 1173 35 35 a
1553 1160 146 49 tune
1727 1154 61 54 in
1817 1152 93 56 his
1936 1151 174 56 brain
2134 1170 11 43 ;

370 1249 160 56 He'll
561 1249 115 54 else
707 1249 180 54 croak
917 1267 71 38 us
1017 1255 109 50 out
1155 1249 61 54 of
1244 1249 272 71 pleasure
1545 1248 146 55 with
1723 1248 292 69 drinking.

449 1343 254 56 Merrick
727 1361 19 36 :
815 1343 117 57 'Tis
969 1344 349 72 quenching,
1362 1348 30 52 I
1430 1344 241 56 believe.
1680 1344 129 55 —A
1846 1350 147 49 tune
2019 1349 19 47 ?
2108 1340 124 57 Too
2269 1341 123 58 hot.

370 1442 139 52 You
536 1444 165 51 want
731 1457 34 37 a
792 1438 225 57 fiddler.

447 1535 194 72 Huff:
1460 1537 151 66 Nay,
1651 1538 28 51 I
1710 1541 164 49 want
1902 1552 152 51 your
2082 1533 164 57 flute.

370 1632 32 54 I
431 1630 117 54 like
580 1649 34 35 a
643 1630 207 72 piping
880 1629 208 63 sound,
1124 1637 110 49 not
1263 1629 272 72 scraping
1565 1630 54 54 o'
1652 1636 154 65 guts.

449 1725 253 56 Merrick
730 1744 19 37 :
812 1724 141 57 This
981 1725 50 56 is
1057 1744 79 36 no
1164 1725 262 56 weather
1452 1725 93 56 for
1576 1744 34 36 a
1638 1743 141 37 man
1809 1731 65 50 to
1902 1725 145 71 play

370 1820 207 56 Flutes
607 1839 67 36 or
703 1820 189 56 music
924 1827 66 49 at
1021 1820 78 56 all
1130 1820 138 56 that
1299 1822 137 54 asks
1465 1819 126 56 him
1621 1819 191 72 spend

372 1916 113 54 His
514 1916 215 55 breath
759 1914 119 56 and
909 1914 204 73 spittle
1139 1936 9 33 :
1205 1933 123 51 you
1357 1922 164 49 want
1549 1914 151 56 both
1729 1916 264 67 yourself

373 2010 187 57 These
593 2030 153 37 oven
781 2011 162 68 days.
1030 2010 163 57 Wait
1225 2010 94 58 till
1352 2030 34 35 a
1418 2010 212 57 fiddler
1662 2029 212 38 comes.

449 2106 194 72 Huff:
707 2106 154 56 Who
894 2125 138 38 ever
1064 2124 198 38 comes
1296 2105 174 57 down
1503 2106 139 56 here
1667 2111 18 48 ?

449 2203 207 54 Sollers
683 2220 19 37 :
1548 2200 238 58 There's
1821 2220 279 38 someone
2134 2222 182 38 come.

1381 2295 301 74 [Pointing
1709 2297 133 54 with
1870 2297 90 54 his
1983 2298 145 71 pipe
2155 2304 52 48 to
2236 2298 88 56 the
2352 2305 269 68 stranger.

449 2393 254 55 Merrick
730 2410 18 38 :
812 2392 173 57 Good
1019 2392 266 71 evening,
1328 2393 220 55 mister.
1632 2392 118 56 Are
1784 2411 122 49 you
1944 2412 34 36 a
2014 2411 141 38 man
2192 2396 94 54 for
2320 2403 178 48 tunes
2523 2402 19 47 ?

449 2488 267 73 Stranger
743 2506 17 37 :
823 2487 141 57 And
994 2488 44 55 if
1071 2491 30 52 I
1134 2506 134 43 was,
1308 2487 96 56 I'd
1433 2487 135 71 give
1599 2505 123 51 you
1751 2506 157 38 none
1940 2488 280 73 to-night.

449 2584 255 54 Merrick
730 2600 18 37 :
812 2584 164 62 Well,
1013 2601 80 37 no
1125 2582 226 56 offence
1376 2604 9 33 :
1446 2582 219 57 there's
1694 2601 80 37 no
1806 2582 241 65 offence,
2086 2587 31 52 I
2148 2584 172 73 hope,

373 2679 74 54 In
475 2676 209 74 taking
713 2697 35 36 a
778 2678 250 68 dummy
1055 2679 93 54 for
1177 2697 34 35 a
1240 2678 235 55 tuneful
1503 2695 154 37 man.

373 2777 62 53 Is
463 2773 50 57 it
538 2774 94 55 for
660 2775 163 56 can't
850 2792 67 38 or
943 2775 187 56 won't
1154 2792 123 51 you
1308 2792 97 37 are
1431 2779 19 48 ?

450 2868 267 74 Stranger
744 2887 18 37 :
825 2872 139 53 You
993 2868 305 61 wouldn't,
1333 2868 46 55 if
1405 2886 122 51 you
1558 2868 227 56 carried
1813 2869 61 55 in
1902 2888 154 51 your
2085 2871 169 55 mind

376 2963 184 57 What
591 2965 130 55 I've
753 2965 150 55 been
937 2963 274 73 carrying
1245 2965 79 54 all
1357 2963 134 70 day.

450 3059 209 55 Sollers
685 3076 18 38 :
1564 3059 236 57 What's
1836 3060 140 57 that
1999 3066 20 48 ?

450 3155 268 72 Stranger
744 3173 19 37 :
825 3159 140 52 You
994 3155 177 64 wait;
1229 3155 187 69 you'll
1445 3155 178 56 know
1653 3156 189 56 about
1872 3156 50 57 it
1953 3177 146 38 soon
2123 3180 11 42 ;
2194 3161 53 56 O
2278 3180 121 50 yes,

374 3250 159 59 Soon
561 3250 235 71 enough
823 3250 50 57 it
900 3252 118 54 will
1044 3250 127 56 find
1196 3269 123 51 you
1346 3257 110 50 out
1484 3252 120 54 and
1632 3271 172 38 rouse
1830 3271 136 50 you.

452 3346 193 73 Huff:
708 3349 151 52 Now
891 3347 151 56 ain't
1073 3346 138 57 that
1240 3347 129 71 just
1399 3346 104 57 the
1534 3366 133 49 way
1698 3367 88 37 we
1816 3367 75 52 go
1925 3348 176 59 down
2133 3351 140 58 here
2298 3360 18 47 ?
