2951 3957
345 414 177 61 THE
579 416 174 60 END
810 418 114 58 OF
978 416 176 60 THE
1208 416 327 60 WORLD
1791 414 336 61 Lascelles
2154 411 475 62 Abercrombie

1480 3556 57 45 83

340 617 160 68 Why
526 636 124 38 was
677 622 30 53 I
734 618 121 57 like
882 637 37 37 a
945 637 142 37 man
1115 637 193 37 sworn
1337 625 65 49 to
1431 636 36 37 a
1495 617 171 71 thing

341 712 289 71 Working
661 719 65 49 to
761 713 156 56 have
947 731 106 50 my
1084 712 186 57 wains
1302 712 61 55 in
1396 730 181 51 every
1609 729 195 43 curve,

341 806 111 69 Ay,
494 828 183 49 every
710 815 198 56 tenon,
948 809 161 71 right
1142 809 121 56 and
1296 828 65 37 as
1394 807 146 68 they
1573 806 215 56 should
1820 806 75 55 be
1919 810 20 48 ?

340 905 130 55 Not
500 904 94 56 for
623 905 232 69 myself,
891 912 111 49 not
1032 923 151 37 even
1214 904 94 56 for
1338 904 172 56 those
1540 901 219 56 wains:

344 1000 124 54 But
500 1006 66 48 to
597 999 151 71 keep
781 999 61 55 in
874 1018 95 37 me
998 1000 188 70 living
1219 1006 65 49 at
1314 999 79 55 its
1422 999 136 55 best

341 1091 126 58 The
499 1093 140 56 skill
669 1094 140 56 that
841 1101 163 49 must
1035 1112 76 52 go
1144 1092 258 57 forward
1435 1092 119 54 and
1589 1092 182 71 shape
1804 1091 105 55 the
1940 1089 198 63 world,

344 1188 267 73 Helping
645 1190 51 57 it
730 1209 79 35 on
846 1197 64 50 to
946 1190 178 56 make
1159 1207 163 37 some
1356 1187 401 71 masterpiece.

420 1286 258 55 Merrick
703 1304 21 38 :
786 1286 141 56 And
955 1305 184 37 never
1169 1304 122 37 was
1323 1285 167 55 there
1525 1284 187 70 aught
1742 1289 65 49 to
1840 1299 168 38 come
2038 1280 62 56 of
2132 1280 81 56 it!

345 1379 127 57 The
500 1380 188 56 world
715 1399 123 37 was
867 1381 224 68 always
1116 1379 241 71 looking
1387 1385 64 50 to
1481 1397 105 37 use
1614 1379 80 55 its
1721 1378 101 54 life

343 1479 75 52 In
451 1494 167 37 some
649 1483 170 65 great
849 1475 331 56 handsome
1213 1493 134 50 way
1382 1481 64 49 at
1476 1474 132 55 last.
1691 1470 141 56 And
1862 1488 136 37 now
1998 1503 77 5 —

345 1573 109 54 We
487 1590 100 37 are
616 1571 129 72 just
776 1572 212 55 fooled.
1074 1569 188 58 There
1293 1587 183 38 never
1506 1586 123 37 was
1661 1586 119 49 any
1811 1564 156 73 good

344 1670 76 52 In
451 1666 104 56 the
584 1665 189 56 world
800 1666 179 71 going
1009 1685 78 36 on
1119 1685 67 36 or
1214 1665 178 71 being
1423 1671 67 48 at
1520 1663 90 55 all.

343 1761 125 57 The
495 1762 118 56 fine
642 1762 202 72 things
870 1762 103 56 life
999 1762 111 55 has
1135 1761 239 73 plotted
1402 1766 65 50 to
1497 1759 76 56 do
1604 1778 99 35 are
1730 1757 193 55 worth

344 1859 55 56 A
432 1865 202 49 rotten
668 1858 305 56 toadstool
1003 1858 170 54 kickt
1206 1863 65 49 to
1304 1856 187 70 flying
1521 1855 137 55 bits.

347 1953 140 60 End
515 1952 63 56 of
608 1952 106 56 the
743 1952 208 56 World
975 1957 19 48 ?
1083 1952 108 68 Ay,
1232 1950 119 55 and
1380 1950 106 55 the
1515 1947 117 57 end
1661 1947 61 54 of
1754 1966 34 35 a
1817 1945 151 71 joke.

429 2047 150 57 Vine
604 2065 18 38 :
688 2048 165 62 Well,
893 2047 204 56 Huff's
1130 2047 104 56 the
1267 2063 143 37 man
1444 2044 94 55 for
1571 2043 123 56 this
1726 2048 153 50 turn.

424 2142 257 57 Merrick
707 2160 18 38 :
1476 2140 109 67 Ay,
1627 2138 103 56 the
1761 2136 158 72 good
1949 2152 141 37 man
2117 2140 9 47 !

345 2241 98 55 He
472 2239 179 57 could
679 2240 115 55 but
821 2245 185 65 grunt
1034 2237 172 56 when
1237 2236 179 56 times
1444 2254 152 37 were
1623 2234 308 71 pleasant;
1990 2248 135 38 now

348 2333 241 58 There's
625 2334 219 69 misery
880 2333 236 71 enough
1153 2339 66 50 to
1255 2333 177 54 make
1468 2329 127 56 him
1629 2333 282 64 trumpet.

347 2430 139 58 And
517 2437 120 63 yet,
674 2433 85 66 by
790 2429 148 64 God,
976 2430 77 55 he
1083 2429 203 56 shan't
1317 2446 167 37 come
1515 2425 258 69 blowing
1803 2424 93 55 his
1926 2423 150 53 horn

348 2527 160 55 Over
541 2545 105 49 my
679 2526 224 67 misery
928 2530 9 48 !

350 2625 108 53 We
494 2641 99 37 are
626 2622 127 71 just
786 2620 213 62 fooled,
1044 2618 103 56 did
1181 2621 30 52 I
1247 2636 108 50 say
1382 2624 17 48 ?
1411 2650 79 8 —
1566 2620 108 52 We
1707 2612 198 58 fooled
1938 2611 312 62 ourselves,

348 2717 273 72 Iyooking
649 2717 92 55 for
769 2716 195 56 worth
993 2716 61 55 in
1082 2715 165 56 what
1276 2731 121 37 was
1425 2712 123 56 still
1576 2719 65 49 to
1671 2728 200 44 come;

348 2814 141 57 And
517 2833 136 37 now
682 2813 220 57 there's
932 2831 36 35 a
995 2819 139 64 stop
1164 2818 66 49 to
1261 2829 108 37 our
1399 2809 249 69 innings.
1735 2804 163 62 Well,
1934 2803 189 57 that's
2152 2800 112 56 fair
2288 2820 9 32 :

349 2912 132 54 I've
509 2911 151 54 been
692 2927 34 36 a
755 2907 187 71 living
970 2924 156 44 man,
1166 2905 120 55 and
1316 2903 194 72 might
1539 2902 155 54 have
1722 2900 150 55 been

348 3003 273 71 Nothing
650 3010 66 48 at
745 3003 111 54 all!
943 3002 129 55 I've
1100 3001 122 54 had
1251 3001 103 56 the
1382 2996 185 57 world
1597 2997 188 54 about
1812 3011 109 43 me,

348 3101 141 57 And
518 3100 112 56 felt
660 3098 50 56 it
743 3116 65 37 as
838 3115 104 51 my
974 3115 133 37 own
1139 3112 265 40 concern.
1491 3091 185 57 What
1707 3090 115 54 else

349 3195 231 61 Should
611 3195 137 55 Ibe
780 3192 205 70 crying
1015 3191 92 55 for
1133 3196 19 47 ?
1241 3191 129 54 I've
1401 3186 123 56 had
1552 3204 105 49 my
1688 3190 156 49 turn.

350 3292 126 55 The
504 3289 188 57 world
720 3307 143 49 may
891 3288 77 54 be
995 3286 93 55 for
1119 3285 103 57 the
1251 3284 146 56 sake
1422 3283 62 54 of
1512 3280 233 71 naught
1775 3286 65 49 at
1867 3278 132 61 last,

352 3392 125 52 But
504 3388 51 55 it
583 3386 110 55 has
720 3386 152 54 been
900 3383 93 55 for
1021 3399 105 50 my
1156 3380 140 56 sake
1321 3399 8 33 :
1389 3378 128 54 I've
1547 3375 120 55 had
1697 3374 149 56 that.

1655 3471 114 66 [He
1808 3468 103 56 sits
1953 3466 188 73 again,
2191 3466 114 54 and
2348 3464 208 55 broods.
