3020 4236
2133 3756 287 49 DÉCEMBRE
2449 3771 90 35 1919

435 3754 67 36 LA
531 3744 120 47 CITÉ

1445 3752 84 45 120

1088 377 784 45 CONCOURS

675 574 146 78 Le
890 575 536 77 Concours
1492 574 122 78 de
1675 574 61 78 “
1736 574 122 78 La
1919 574 305 78 Cité„

673 773 330 61 Dessins
1056 780 74 54 et
1183 775 313 61 relevés
1545 773 725 75 photoģraphiques

385 926 65 42 En
471 938 268 38 parcourant
761 927 40 40 la
822 926 204 47 Flandre,
1050 945 58 24 un
1132 928 56 41 de
1208 946 82 23 nos
1311 930 111 40 colla-

321 986 230 40 borateurs
577 1004 25 22 a
630 989 69 37 été
726 989 129 46 peiné
885 987 56 39 de
966 990 97 37 voir
1091 1004 84 33 que
1201 988 41 40 la
1269 988 177 50 plupart

321 1045 77 42 des
427 1048 130 46 petits
588 1056 284 29 monuments
901 1046 135 39 votifs
1068 1049 70 47 qui
1169 1047 277 49 jalonnaient

322 1104 211 41 autrefois
564 1103 61 40 les
655 1115 147 29 routes
834 1104 56 40 de
920 1122 49 23 ce
999 1122 110 32 pays
1138 1108 33 37 si
1201 1107 219 48 profondé-

322 1174 122 29 ment
466 1165 217 47 mystique
705 1166 177 38 avaient
905 1164 177 48 disparu
1128 1182 57 22 ou
1207 1168 164 38 étaient
1393 1183 53 23 en

322 1225 154 37 ruines.
503 1222 60 40 La
585 1225 117 46 piété
726 1222 78 41 des
826 1239 106 32 gens
955 1223 57 40 du
1035 1240 110 32 pays
1168 1223 60 41 les
1250 1225 196 40 relèvera

320 1284 230 47 peut-être.
588 1281 113 41 Mais
733 1282 165 49 quelles
931 1281 202 41 horreurs
1164 1283 259 41 substituera-

322 1350 109 34 t-on,
461 1340 54 39 de
542 1340 39 39 la
608 1350 129 35 sorte,
767 1343 25 37 à
818 1357 70 23 ces
914 1352 295 35 monuments,
1241 1345 85 38 très
1352 1360 62 23 mo-

323 1399 145 40 destes
501 1416 100 23 sans
637 1399 148 46 doute,
822 1403 109 37 mais
966 1400 134 40 d'une
1134 1404 151 45 poésie
1319 1405 32 37 si
1385 1405 41 37 in-

323 1466 147 32 tense?
518 1458 62 40 Ce
616 1475 96 23 sera
750 1475 85 23 une
871 1470 123 38 perte
1033 1459 189 40 sensible
1258 1477 112 32 pour
1407 1461 40 40 le

322 1516 190 41 folklore
535 1528 42 29 et
598 1517 98 41 l'art
719 1517 208 49 régional.

385 1575 140 41 Notre
553 1575 327 41 collaborateur
907 1577 209 41 voudrait
1145 1578 108 40 fixer
1281 1578 40 40 le
1348 1595 74 24 sou-

320 1637 124 38 venir
477 1635 56 39 de
564 1652 71 23 ces
667 1638 157 46 petites
855 1639 322 38 constructions
1211 1648 42 29 et
1284 1640 164 38 attiirer

321 1693 250 41 l'attention
604 1694 78 40 des
713 1694 143 40 foules
887 1694 217 41 distraites
1135 1712 81 33 par
1246 1696 78 40 des
1356 1713 60 24 œu-

322 1768 99 24 vres
456 1753 96 48 plus
586 1764 146 29 vastes
766 1770 70 23 sur
874 1753 90 40 leur
1014 1753 230 42 harmonie
1280 1766 42 29 et
1357 1755 91 40 leur

321 1814 154 37 mérite
499 1811 317 41 architectural.

390 1870 28 40 11
443 1887 111 23 nous
580 1870 224 41 demande
830 1872 55 39 de
911 1872 39 39 le
975 1872 290 40 documenter
1289 1889 54 24 en
1370 1873 58 40 fai-

322 1940 99 29 sant
445 1929 131 49 appel
604 1933 25 36 à
654 1940 98 29 tous
776 1947 110 24 ceux
912 1933 71 47 qui
1009 1931 335 49 posséderaient
1371 1933 78 39 des

322 1987 350 51 photographies
694 2006 57 22 ou
773 1992 255 46 pourraient
1051 1989 108 41 faire
1181 1990 78 40 des
1281 1990 168 41 relevés

324 2047 57 40 de
410 2050 158 46 petites
597 2047 223 49 chapelles
850 2064 160 24 encore
1040 2051 235 38 existantes
1305 2060 42 30 et
1377 2053 71 46 qui

322 2108 258 47 présentent
620 2123 57 24 un
719 2106 87 41 réel
847 2109 159 38 intérêt
1046 2110 235 47 artistique.
1326 2108 122 40 Nous

322 2181 142 24 avons
493 2181 73 24 cru
595 2181 54 24 ne
678 2168 190 46 pouvoir
897 2169 146 37 mieux
1073 2166 108 40 faire
1209 2183 84 33 que
1322 2167 100 40 d'ou-

321 2226 87 37 vrir
440 2224 110 39 dans
578 2241 50 23 ce
657 2223 79 41 but
766 2241 57 24 un
853 2241 216 24 concours
1100 2235 121 30 entre
1251 2241 82 24 nos
1362 2225 63 40 lec-

322 2293 127 30 teurs.

580 2377 301 34 CONDITIONS
904 2377 284 34 GENERALES

385 2460 26 34 1.
446 2461 49 32 Le
522 2474 188 20 concours
736 2469 55 25 est
816 2461 206 33 accessible
1048 2464 21 30 à
1093 2468 87 26 tous
1207 2461 53 33 les
1285 2460 164 34 lecteurs

322 2508 46 33 de
393 2519 19 22 «
435 2508 52 33 La
510 2508 83 33 Cité
617 2519 32 23 ».
676 2508 26 34 Il
725 2517 200 32 comporte
949 2508 100 34 deux
1073 2510 223 40 catégories.

378 2555 34 34 2.
446 2555 68 34 Les
537 2558 130 31 envois
688 2564 130 25 seront
839 2570 222 26 anonymes.
1086 2555 45 34 Ils
1152 2564 200 33 porteront
1375 2571 73 18 une

322 2602 127 35 devise
486 2618 49 18 ou
572 2617 159 27 marque
767 2603 214 34 distinctive
1020 2604 220 40 reproduite
1275 2618 65 19 sur
1375 2618 74 19 une

323 2650 213 41 enveloppe
559 2651 191 37 cachetée,
773 2653 120 39 jointe
914 2654 22 30 à
958 2651 138 33 l'envoi
1119 2660 36 24 et
1178 2651 237 34 renfermant
1443 2667 6 18 :

326 2714 10 10 •
433 2698 42 41 a)
512 2698 70 33 Les
608 2712 110 19 noms
746 2707 35 24 et
809 2698 153 34 adresse
989 2699 50 32 du
1068 2708 248 30 concurrent;

433 2745 44 42 b)
514 2745 109 33 Deux
653 2746 95 33 bons
778 2746 45 33 de
855 2761 189 18 concours
1074 2749 20 31 à
1126 2747 182 33 détacher
1338 2747 45 33 de
1415 2747 34 33 la

543 2793 128 33 Revue
700 2804 19 23 «
746 2793 52 34 La
825 2794 82 33 Cité
935 2804 33 23 ».

380 2840 34 33 3.
447 2840 70 33 Les
546 2843 131 31 envois
707 2849 128 25 seront
865 2841 172 33 adressés
1067 2844 21 30 à
1117 2842 49 34 l'«
1195 2841 231 34 Administra-

323 2890 81 31 tion
426 2888 47 33 de
495 2888 36 33 la
552 2888 127 33 Revue
703 2899 19 23 «
745 2888 52 34 La
820 2889 82 33 Cité
925 2900 32 27 »,
990 2889 54 37 10,
1070 2889 108 41 place
1200 2889 103 37 Loix,
1329 2889 120 34 Saint-

323 2935 116 33 Gilles
473 2935 251 42 (Bruxelles).

380 2983 34 32 4.
447 2982 70 33 Les
538 2982 226 34 documents
787 2997 76 19 non
886 2986 141 39 primés
1049 2993 189 32 pourront
1260 2987 80 30 être
1364 2987 68 31 reti-

327 3033 58 30 rés
413 3044 48 19 au
489 3030 146 33 bureau
661 3030 49 33 du
737 3031 154 41 journal
919 3045 74 19 aux
1019 3034 108 38 jours
1155 3041 36 24 et
1219 3032 138 33 heures
1386 3034 63 40 qui

326 3086 130 24 seront
486 3077 174 41 indiqués
691 3078 93 33 dans
816 3090 19 22 «
867 3079 51 33 La
949 3079 83 33 Cité
1063 3090 32 23 ».
1129 3079 46 33 Ils
1206 3088 129 25 seront
1367 3095 62 18 ren-

324 3128 118 38 voyés
462 3128 22 29 à
505 3138 96 20 ceux
623 3128 63 38 qui
708 3140 46 19 en
778 3126 125 33 feront
926 3126 35 33 la
981 3126 188 34 demande
1190 3142 71 26 par
1282 3130 94 31 écrit

324 3186 47 20 en
397 3172 200 41 indiquant
622 3172 82 34 leur
729 3173 152 33 adresse
907 3183 36 23 et
969 3189 46 18 en
1039 3177 176 39 joignant
1241 3175 35 33 la
1303 3189 145 19 somme

324 3222 214 31 nécessaire
563 3223 20 30 à
609 3220 138 34 l'envoi
848 3221 94 33 dans
966 3221 33 34 le
1025 3224 96 31 mois
1145 3225 150 31 suivant
1321 3222 35 33 la
1381 3237 45 27 pu-

322 3267 181 33 blication
531 3267 64 33 des
622 3268 175 33 résultats
825 3268 49 34 du
901 3283 200 19 concours.
1130 3270 112 33 Passé
1270 3284 42 19 ce
1338 3270 109 38 délai,

323 3314 347 35 l'Administration
698 3316 45 33 de
771 3316 35 33 la
832 3316 128 34 Revue
987 3317 146 34 décline
1159 3326 107 25 toute
1293 3332 134 27 respon-

324 3361 147 34 sabilité
496 3376 49 19 au
569 3365 99 39 sujet
693 3363 65 33 des
783 3363 226 34 documents
1034 3368 177 38 envoyés.

383 3408 32 34 5.
449 3409 73 34 Par
551 3410 33 33 le
616 3411 66 32 fait
713 3410 45 33 de
790 3411 34 33 la
855 3414 136 31 remise
1021 3411 46 33 de
1097 3427 67 18 son
1195 3415 138 39 projet,
1366 3421 83 25 tout

326 3465 231 28 concurrent
586 3457 150 34 déclare
771 3472 7 19 :

1629 929 43 42 a)
1709 929 86 41 Que
1826 929 34 33 le
1890 931 128 40 projet
2048 932 189 31 constitue
2268 944 74 19 une
2373 944 130 20 œuvre
2534 932 94 40 origi-

1741 976 85 33 nale
1848 976 92 33 dont
1960 976 24 33 il
2007 985 55 25 est
2084 976 180 40 l'auteur;

1630 1024 44 41 b)
1711 1024 103 40 Qu'il
1839 1038 39 18 se
1905 1033 150 24 soumet
2080 1028 21 29 à
2127 1033 126 25 toutes
2278 1025 53 33 les
2357 1025 214 34 conditions
2597 1026 50 33 du

1740 1085 247 27 programme
2019 1080 36 24 et
2085 1085 75 20 aux
2191 1072 187 33 décisions
2409 1073 50 33 du
2490 1075 99 39 jury.

1578 1119 33 33 6.
1645 1118 50 33 Le
1716 1120 89 40 jury
1826 1133 39 18 se
1889 1122 150 30 réserve
2060 1119 35 33 le
2116 1119 100 34 droit
2237 1120 46 33 de
2305 1134 47 19 ne
2373 1134 68 27 pas
2462 1120 185 34 accorder

1522 1166 52 34 les
1604 1168 141 39 primes
1776 1180 49 18 ou
1855 1166 46 33 de
1933 1166 174 34 modifier
2136 1166 83 34 leur
2247 1169 253 39 importance,
2533 1171 29 30 si
2594 1168 53 33 les

1521 1214 214 33 conditions
1758 1213 50 34 du
1832 1228 189 19 concours
2044 1214 192 33 n'avaient
2260 1228 67 27 pas
2349 1218 59 29 été
2431 1215 213 38 observées,

1522 1275 49 19 ou
1602 1261 56 33 s'il
1692 1263 163 31 estimait
1888 1275 74 27 que
1995 1261 52 33 les
2079 1264 132 30 envois
2244 1277 46 18 ne
2324 1266 221 37 présentent
2578 1277 68 27 pas

1522 1323 51 19 un
1600 1311 137 30 intérêt
1764 1308 186 33 suffisant.

1580 1356 30 33 7.
1643 1356 69 33 Les
1749 1359 146 38 projets
1934 1358 140 39 primés
2112 1356 230 34 deviennent
2378 1357 35 33 la
2450 1360 196 39 propriété

1520 1403 124 42 pleine
1670 1412 35 24 et
1730 1405 144 31 entière
1900 1403 49 33 du
1975 1406 254 38 propriétaire
2254 1404 46 33 de
2327 1415 19 22 €
2371 1405 51 32 La
2447 1405 83 34 Cité
2554 1416 33 23 ».

1576 1451 33 33 8.
1643 1451 25 33 Il
1695 1465 83 19 sera
1806 1451 172 40 répondu
2003 1451 94 33 dans
2124 1461 19 23 «
2168 1451 52 33 La
2246 1451 82 33 Cité
2354 1463 20 23 »
2402 1455 21 30 à
2449 1461 106 25 toute
2581 1453 42 33 de-

1520 1498 136 34 mande
1681 1498 282 41 d'explication,
1991 1512 48 20 au
2063 1501 100 39 sujet
2187 1499 50 33 du
2262 1502 155 38 présent
2441 1514 201 20 concours.

1789 1581 302 33 CONDITIONS
2119 1582 259 34 SPECIALES

1589 1652 26 32 1.
1648 1652 68 33 Les
1753 1654 130 30 envois
1918 1652 161 33 devront
2115 1655 78 31 être
2231 1656 111 30 remis
2377 1663 116 23 avant
2526 1654 33 32 le
2596 1654 47 33 30

1528 1711 92 33 avril
1658 1711 96 33 1920
1791 1712 117 40 (délai
1939 1711 223 42 prolongé).

1576 1771 33 33 2.
1644 1771 68 33 Les
1745 1773 141 39 primes
1917 1774 21 30 à
1970 1772 184 33 décerner
2185 1781 84 24 sont
2302 1773 90 33 d'un
2424 1775 142 39 import
2599 1774 46 33 de

1521 1818 76 33 300
1623 1818 127 33 francs
1778 1832 7 19 :

1578 1866 78 33 Soit
1679 1880 98 27 pour
1799 1866 35 33 la
1857 1868 192 39 catégorie
2070 1867 35 33 A
2134 1866 344 43 (photographies)
2512 1883 7 18 :

1521 1922 35 24 et
1580 1927 97 27 pour
1700 1913 35 33 la
1757 1916 192 39 catégorie
1971 1913 26 34 B
2027 1914 185 42 (dessins)
2248 1929 7 18 :

1683 1960 83 34 Une
1792 1964 188 38 première
2004 1964 122 39 prime
2149 1962 46 33 de
2224 1962 43 33 75
2294 1962 144 39 francs;

1684 2007 84 34 Une
1790 2008 200 34 deuxième
2013 2011 122 39 prime
2157 2009 46 34 de
2228 2009 47 34 50
2300 2010 139 38 francs,

1686 2055 82 33 Une
1792 2058 193 31 troisième
2010 2059 122 38 prime
2156 2057 45 33 de
2226 2057 47 33 25
2301 2058 138 33 francs.

1578 2101 33 34 3.
1645 2102 50 34 Le
1723 2105 89 38 jury
1842 2103 140 42 chargé
2012 2104 50 33 du
2093 2104 227 34 classement
2351 2119 84 19 sera
2465 2110 181 37 composé

1522 2149 46 34 de
1590 2150 91 33 MM.
1707 2150 36 33 F.
1770 2150 160 38 Bodson,
1956 2151 41 32 R.
2021 2151 211 38 Moenaert,
2258 2152 39 33 L.
2322 2166 72 20 van
2419 2152 67 38 çjer
2510 2153 114 34 Swael-

1524 2211 98 23 men,
1648 2197 120 41 Raph.
1795 2197 255 42 Verwilghen.

1580 2245 33 32 4.
1646 2245 364 34 L'Administration
2034 2246 45 33 de
2105 2257 19 23 «
2148 2246 51 33 La
2222 2247 83 34 Cité
2330 2258 20 23 »
2375 2262 39 19 se
2440 2251 149 31 réserve
2614 2248 33 34 le

1524 2291 98 34 droit
1652 2292 217 41 d'acquérir
1912 2293 35 33 la
1976 2296 194 39 propriété
2213 2294 46 34 de
2289 2303 83 25 tout
2415 2298 122 35 envoi,
2570 2310 77 20 non

1523 2341 133 39 primé,
1684 2349 235 32 moyennant
1944 2355 74 19 une
2043 2341 208 34 indemnité
2276 2342 46 33 de
2356 2343 7 32 1
2377 2342 17 34 5
2424 2343 138 33 francs.

1941 2436 316 34 PROGRAMME

1578 2515 68 34 Les
1670 2515 225 35 documents
1920 2518 207 33 demandés
2150 2519 154 33 doivent
2327 2519 143 42 figurer
2493 2535 49 19 un
2569 2535 52 19 mo-

1525 2572 158 24 nument
1721 2564 95 33 votif
1865 2565 50 33 tel
1952 2580 74 26 que
2078 2569 116 38 petite
2246 2568 184 40 chapelle,
2469 2568 176 38 calvaire,

1526 2613 115 35 croix,
1676 2620 83 29 etc.,
1794 2615 96 30 situé
1941 2627 49 19 ou
2022 2623 116 31 ayant
2170 2617 117 30 existé
2320 2630 47 18 en
2398 2615 180 42 Belgique
2612 2626 35 23 et

1525 2661 220 37 présentant
1773 2674 49 18 un
1850 2662 137 31 intérêt
2014 2663 210 39 artistique.
2252 2662 83 33 Une
2361 2671 90 25 note
2477 2664 170 41 adjointe

1525 2705 114 33 devra
1669 2707 176 40 indiquer
1874 2707 308 42 l'emplacement
2211 2712 124 38 précis
2365 2710 50 33 du
2445 2714 94 38 petit
2569 2726 52 19 mo-

1524 2762 159 24 nument
1707 2754 130 41 figuré.

1580 2801 202 40 Catégorie
1805 2803 46 31 A.
1953 2804 297 40 Photographie.
2349 2805 210 41 L'épreuve
2584 2821 42 19 en-

1524 2851 120 37 voyée
1680 2849 77 33 doit
1792 2852 79 31 être
1908 2850 165 34 obtenue
2109 2865 69 27 par
2214 2861 153 24 contact
2403 2853 130 35 direct.
2569 2854 78 34 Elle

1524 2909 84 19 sera
1634 2900 179 37 envoyée,
1843 2900 20 29 à
1889 2898 89 40 plat,
2006 2910 76 21 non
2109 2903 153 29 montée
2287 2914 50 19 ou
2362 2900 119 34 collée
2507 2916 64 19 sur
2596 2916 51 19 un

1525 2951 132 24 carton
1687 2958 45 18 ne
1762 2944 204 41 dépassant
1994 2960 68 27 pas
2090 2946 46 33 de
2164 2947 85 40 plus
2278 2947 44 33 de
2352 2947 19 33 3
2404 2951 243 31 centimètres

1524 2989 53 33 les
1605 2990 114 33 bords
1748 2991 45 34 de
1823 2992 34 33 la
1888 2992 293 42 photographie.

1580 3038 201 41 Catégorie
1806 3041 38 31 B.
1949 3041 137 33 Relevé
2113 3043 225 40 graphique.
2444 3043 53 33 Ce
2525 3044 122 33 relevé

1524 3098 141 27 pourra
1693 3089 184 30 consister
1904 3102 46 18 en
1978 3088 124 33 dessin
2128 3090 209 40 perspectif
2361 3104 50 19 ou
2436 3092 211 40 géométral

1524 3146 49 18 ou
1597 3147 46 19 en
1667 3142 82 24 tout
1773 3143 108 25 autre
1905 3135 207 34 document
2137 3137 223 41 graphique,
2387 3152 48 19 au
2461 3138 112 34 choix
2598 3139 49 34 du

1526 3190 241 24 concurrent.

1578 3227 55 33 To
1638 3242 41 18 us
1706 3229 53 33 les
1785 3229 144 34 dessins
1956 3239 129 25 seront
2113 3231 86 33 faits
2224 3234 21 30 à
2271 3232 141 33 l'encre
2439 3234 45 32 de
2512 3234 133 38 Chine,

1526 3288 86 19 sans
1641 3277 136 32 teintes
1806 3277 120 40 plates
1956 3280 37 30 ni
2022 3277 137 39 lavées,
2190 3287 35 25 et
2254 3294 38 18 se
2321 3283 129 38 prêter
2477 3284 21 30 à
2527 3281 36 33 la
2592 3296 37 19 re-

1525 3322 228 40 production
1780 3338 49 19 au
1857 3327 98 31 trait.

1580 3369 72 34 Ces
1680 3370 143 34 dessins
1851 3386 46 19 ne
1925 3382 188 31 pourront
2142 3388 68 27 pas
2237 3374 181 42 dépasser
2445 3375 33 34 le
2507 3376 140 34 format

1525 3416 112 34 d'une
1664 3417 126 34 feuille
1818 3419 99 34 demi
1944 3420 120 41 grand
2090 3420 109 42 aigle.
2227 3420 46 35 Ils
2298 3437 47 18 ne
2373 3432 167 32 pouront
2567 3427 80 31 être

1524 3465 37 32 ni
1582 3465 193 37 encadrés,
1801 3469 35 31 ni
1858 3471 149 29 montés
2028 3483 64 19 sur
2113 3469 154 33 châssis.

459 3550 61 41 La
543 3550 105 42 date
669 3551 58 41 de
748 3552 166 42 clôture
939 3553 59 42 du
1020 3569 215 27 concours
1257 3562 66 35 est
1344 3556 204 49 reportée
1570 3572 56 27 au
1647 3559 63 41 30
1732 3559 111 42 avril
1869 3562 137 40 1920.
