3020 4236
534 3800 70 37 LA
653 3787 122 49 CITÉ

1542 3787 59 47 98

2170 3799 290 37 DECEMBRE
2514 3799 89 37 1919

578 484 125 37 terre,
727 492 177 23 comme
927 475 110 41 dans
1060 476 40 41 le
1121 489 111 29 reste
1255 478 56 41 de
1333 479 221 51 l'Europe,
1580 497 85 24 une
1687 483 180 47 pénurie
1889 482 309 41 considérable
2222 484 56 39 de
2302 485 247 49 logements

583 551 207 37 ouvriers.
820 548 70 41 Un
917 549 167 40 million
1110 549 56 40 de
1190 553 194 38 maisons
1409 552 230 41 devraient
1665 556 90 37 être
1780 556 259 38 construites
2067 572 112 31 pour
2206 566 217 39 rattraper
2450 558 80 40 l'ar-

582 621 109 38 riéré
719 622 99 37 créé
846 636 80 32 par
954 622 99 47 cinq
1081 624 165 38 années
1274 622 57 40 de
1357 626 252 47 stagnation
1640 635 42 29 et
1713 624 172 40 donner
1914 628 25 36 à
1970 624 40 41 la
2037 626 267 50 population
2337 628 57 40 de
2423 628 101 41 l'An-

583 689 186 49 gleterre
804 690 77 40 des
912 690 269 42 habitations
1211 695 314 46 convenables,
1561 696 77 40 des
1669 695 269 41 habitations
1971 699 85 47 qui,
2091 701 174 38 suivant
2296 699 40 40 le
2367 711 95 30 mot
2493 701 57 40 de

583 760 127 50 Loyd
742 761 179 49 George
956 777 22 25 «
1011 779 75 24 are
1117 763 49 41 fit
1196 765 70 40 for
1296 765 157 42 heroes
1483 783 22 24 »
1542 770 141 38 soient
1717 767 153 49 dignes
1902 768 78 40 des
2010 768 234 51 héroïques
2276 770 170 42 soldats
2478 776 72 47 qui

580 841 194 31 rentrent
799 831 111 42 dans
934 832 113 41 leurs
1070 833 160 50 foyers.

708 902 59 41 Le
792 903 367 45 Gouvernement
1182 908 168 49 anglais
1373 927 25 23 a
1425 909 156 41 décidé
1608 910 218 40 d'assurer
1850 911 384 43 immédiatement
2258 913 39 42 la
2324 927 198 29 construc-

579 975 92 39 tion
704 974 56 40 de
791 991 72 24 ces
894 978 207 39 maisons.
1136 977 72 42 Un
1239 983 167 38 service
1437 998 25 23 a
1496 984 68 37 été
1596 984 99 38 créé
1726 999 70 30 au.
1816 982 225 41 Ministère
2076 984 55 40 de
2164 984 237 51 l'Hygiène
2435 1004 113 33 pour

582 1047 265 45 centraliser,
880 1047 159 50 diriger
1066 1060 43 30 et
1136 1051 282 41 coordonner
1473 1064 114 29 cette
1617 1052 270 42 formidable
1917 1071 152 24 œuvre
2100 1056 56 40 de
2186 1062 361 37 reconstruction.

578 1115 60 42 M.
665 1117 159 41 Unwin
847 1134 53 24 en
923 1130 64 30 est
1008 1119 41 41 la
1070 1120 186 42 cheville
1280 1126 211 39 ouvrière.
1518 1123 120 42 C'est
1660 1124 39 41 le
1721 1137 354 30 couronnement
2098 1127 162 42 officiel
2286 1129 56 40 de
2366 1130 40 40 la
2431 1148 87 23 cam-

576 1204 146 33 pagne
748 1192 157 38 menée
931 1207 53 23 en
1009 1191 265 50 Angleterre
1298 1211 80 32 par
1404 1195 57 40 de
1486 1197 247 39 nombreux
1761 1200 271 45 organismes
2059 1210 43 30 et
2129 1210 96 30 tout
2251 1202 274 48 particulière-

580 1271 123 29 ment
733 1277 81 33 par
846 1261 38 40 le
921 1277 22 26 «
976 1263 209 41 National
1218 1264 203 53 Housing
1469 1266 268 42 Committee
1771 1284 21 24 »
1830 1280 42 29 et
1905 1286 81 23 son
2037 1270 218 50 distingué
2303 1277 244 43 secrétaire,

578 1331 61 40 M.
664 1331 234 50 Aldridge,
924 1336 52 38 ici
996 1337 191 46 présent,
1213 1353 54 24 en
1289 1337 158 42 faveur
1469 1338 132 41 d'une
1623 1342 349 47 réorganisation
1997 1341 55 40 de
2074 1341 205 43 l'habitat
2300 1345 245 49 populaire.

712 1404 127 41 Cette
875 1408 147 39 action
1060 1407 207 42 officielle
1302 1413 120 38 avait
1458 1411 220 40 d'ailleurs
1716 1414 69 37 été
1840 1416 206 37 amorcée
2100 1430 53 25 en
2199 1415 133 46 1909,
2375 1416 174 50 lorsque

582 1475 60 40 M.
673 1475 152 47 Burns,
856 1476 40 41 le
922 1480 195 39 ministre
1142 1482 186 45 ouvrier,
1357 1481 47 41 fit
1430 1492 128 30 voter
1585 1482 38 40 le
1653 1498 23 25 «
1704 1482 141 42 Town
1872 1483 218 51 Planning
2116 1485 81 42 Bill
2228 1502 39 25 ».

710 1546 122 41 Nous
861 1548 233 42 laisserons
1120 1567 86 24 aux
1232 1553 320 48 personnalités
1580 1554 216 49 anglaises
1824 1558 52 37 ici
1905 1558 227 47 présentes
2159 1557 40 40 le
2227 1562 96 37 soin
2354 1560 54 40 de
2437 1577 111 24 nous

579 1616 93 41 dire
698 1635 49 23 ce
775 1621 72 47 qui
875 1636 193 34 manque
1095 1638 159 25 encore
1279 1626 25 37 à
1332 1634 114 31 cette
1472 1624 58 41 loi
1557 1628 32 37 si
1616 1628 287 38 intéressante
1930 1645 113 31 pour
2070 1628 160 50 qu'elle
2260 1630 218 42 devienne
2506 1632 41 40 la

580 1688 247 50 législation
861 1692 180 40 modèle
1074 1693 59 41 du
1164 1692 141 44 Town
1340 1695 226 51 Planning.
1603 1697 233 49 Signalons
1869 1699 211 41 toutefois
2115 1718 96 32 que,
2248 1705 130 45 grâce
2410 1706 26 37 à
2471 1703 78 41 des

580 1761 339 42 amendements
950 1766 183 45 récents,
1167 1765 82 41 elle
1279 1783 147 24 assure
1458 1767 327 42 l'intervention
1818 1770 55 40 de
1905 1770 270 42 l'Urbaniste
2207 1773 111 40 dans
2349 1774 38 40 le
2419 1774 130 42 choix

580 1832 78 40 des
689 1833 349 49 emplacements
1069 1835 57 41 de
1158 1845 144 34 toutes
1333 1838 61 41 les
1425 1838 268 42 habitations
1726 1844 223 38 ouvrières
1978 1847 262 37 construites
2271 1861 109 24 avec
2414 1846 133 41 l'aide

579 1903 237 42 financière
842 1905 60 41 du
929 1905 376 45 Gouvernement.

710 1976 113 42 Mais
848 1994 87 24 aux
959 1994 115 33 yeux
1101 1978 78 41 des
1204 1979 258 42 Urbanistes
1488 1982 179 49 anglais,
1698 1993 116 31 cette
1840 1987 295 40 intervention
2164 1999 64 29 est
2255 1989 287 42 insuffisante.

580 2047 30 39 Il
633 2063 55 23 ne
710 2047 122 41 suffit
854 2065 93 32 pas,
972 2066 114 32 pour
1108 2067 84 24 eux
1213 2054 73 47 qui
1307 2064 101 29 sont
1429 2056 33 37 si
1486 2053 89 41 loin
1600 2054 110 40 dans
1733 2055 40 40 la
1796 2059 101 37 voie
1922 2056 58 40 du
2003 2061 196 46 progrès,
2228 2077 83 32 que
2337 2060 59 41 les
2420 2079 102 31 quar-

580 2120 101 39 tiers
707 2122 195 38 ouvriers
924 2124 143 38 soient
1089 2126 241 47 aménagés
1352 2124 359 43 conformément
1735 2129 24 38 à
1787 2138 143 29 toutes
1955 2128 62 40 les
2042 2133 230 46 exigences
2300 2132 56 40 de
2382 2133 99 40 l'art
2505 2144 44 30 et

581 2190 56 39 de
665 2189 40 41 la
733 2193 181 39 science.
945 2191 379 51 L'emplacement
1351 2199 147 37 même
1527 2197 55 39 de
1609 2214 71 23 ces
1709 2202 210 45 quartiers
1949 2200 172 42 devrait
2242 2202 214 42 disent-ils

580 2264 92 37 être
699 2261 136 42 choisi
865 2280 54 23 en
948 2274 152 31 tenant
1126 2276 181 40 compte
1337 2266 78 41 des
1442 2270 179 38 intérêts
1651 2269 58 40 du
1737 2287 110 32 pays
1877 2271 110 40 dans
2014 2289 79 23 son
2124 2274 228 41 ensemble
2387 2293 9 22 :
2427 2275 26 41 il
2484 2287 64 30 est

581 2333 200 41 fonction
812 2334 57 40 de
898 2334 241 51 l'outillage
1167 2340 293 48 économique
1491 2340 58 40 du
1577 2357 121 32 pays.
1730 2341 90 41 Son
1850 2341 131 42 choix
2008 2360 56 24 ne
2091 2356 108 37 peut
2228 2346 229 49 dépendre
2489 2348 59 40 du

578 2404 94 41 bon
701 2406 174 40 vouloir
906 2406 77 41 des
1013 2408 332 50 municipalités.
1378 2409 30 41 Il
1441 2411 94 41 doit
1566 2414 89 38 être
1686 2412 86 41 fixé
1804 2430 53 24 en
1889 2431 44 23 se
1964 2414 160 42 basant
2152 2434 72 23 sur
2255 2417 61 41 les
2347 2418 200 42 données

579 2477 294 50 scientifiques
893 2477 58 42 de
971 2478 299 42 l'Urbanisme
1289 2481 211 50 régional.

711 2548 120 41 C'est
851 2566 54 23 en
923 2566 47 24 se
988 2550 180 50 plaçant
1186 2569 56 23 au
1261 2555 147 38 même
1428 2556 126 47 point
1575 2554 54 41 de
1651 2570 84 25 vue
1756 2567 43 30 et
1819 2573 53 25 en
1895 2568 152 31 tenant
2068 2570 179 39 compte
2270 2560 77 41 des
2368 2563 180 39 intérêts

583 2623 245 47 supérieurs
863 2621 56 41 de
950 2622 41 41 la
1023 2623 138 41 classe
1194 2627 212 43 ouvrière,
1445 2642 85 33 que
1564 2626 59 41 M.
1663 2627 209 46 Purdom,
1911 2628 39 40 le
1985 2646 205 24 nouveau
2225 2634 230 38 secrétaire
2491 2633 57 41 de

580 2691 10 40 1
613 2691 282 43 Association
925 2693 195 50 anglaise
1152 2694 78 42 des
1258 2695 329 50 Cités-Jardins,
1623 2698 224 42 demande
1877 2724 65 7 «
1971 2701 360 42 conformément
2361 2721 55 23 au
2447 2719 76 36 pro-

578 2779 199 33 gramme
804 2765 181 49 original
1014 2766 56 40 de
1095 2766 60 42 M.
1186 2766 225 43 Ebezener
1437 2767 200 43 Howard
1664 2794 63 7 «
1753 2788 85 33 que
1865 2770 341 44 l'amélioration
2235 2774 60 41 du
2323 2773 226 51 logement

584 2840 173 37 ouvrier
779 2841 83 37 soit
884 2841 160 43 assuré,
1070 2855 91 24 non
1183 2856 79 32 par
1284 2839 40 40 la
1348 2843 298 38 construction
1671 2842 55 40 de
1750 2846 212 46 quartiers
1985 2861 237 25 nouveaux
2244 2849 72 47 qui
2340 2849 209 39 viennent

582 2908 275 50 s'adjoindre
881 2926 85 24 aux
988 2909 124 41 villes
1136 2913 247 43 existantes,
1411 2914 110 38 mais
1545 2929 80 32 par
1649 2912 40 41 la
1714 2917 196 38 création
1937 2915 55 40 de
2017 2915 177 42 cellules
2217 2918 188 40 sociales
2427 2935 90 24 com-

582 2980 154 49 plètes,
761 2980 271 42 c'est-à-dire
1058 2982 55 40 de
1135 2982 238 41 véritables
1395 2984 295 49 cités-jardins
1714 2997 293 38 comprenant
2031 3004 85 23 une
2140 3004 113 24 zone
2278 2989 271 41 industrielle

585 3062 42 29 et
650 3067 86 24 une
759 3055 195 38 ceinture
978 3053 55 40 de
1266 3053 225 50 agricoles.
1522 3054 30 41 Il
1576 3072 29 31 y
1627 3073 24 22 a
1678 3056 210 51 quelques
1916 3061 123 43 mois,
2069 3059 26 39 il
2124 3060 171 49 lançait,
2327 3061 111 40 dans
2464 3077 85 25 une

582 3122 218 40 brochure
824 3126 317 44 retentissante,
1168 3124 132 41 l'idée
1323 3124 56 42 de
1401 3128 250 45 constituer,
1679 3144 108 24 avec
1811 3128 61 41 les
1895 3132 194 38 maisons
2113 3148 84 32 que
2221 3131 39 40 le
2284 3131 236 42 Gouverne-

580 3203 123 30 ment
731 3193 167 49 anglais
926 3211 24 23 a
980 3195 158 41 décidé
1169 3196 56 40 de
1256 3199 253 44 construire,
1542 3214 84 25 une
1656 3202 199 39 centaine
1886 3201 56 40 de
1973 3200 316 51 Cités-Jardins
2321 3207 223 46 réparties,

580 3265 26 40 à
631 3274 164 31 travers
817 3265 307 51 l'Angleterre,
1149 3270 174 40 suivant
1343 3284 58 25 un
1423 3267 104 52 plan
1552 3271 215 41 rationnel
1790 3283 43 30 et
1855 3289 54 24 en
1932 3284 152 31 tenant
2107 3286 180 40 compte
2311 3275 76 41 des
2411 3286 114 30 trans-

587 3336 262 42 formations
879 3355 84 33 que
990 3339 41 41 la
1060 3356 153 33 guerre
1242 3357 25 23 a
1297 3340 80 41 fait
1406 3340 118 41 subir
1552 3358 54 24 au
1635 3345 151 38 réseau
1819 3344 77 40 des
1926 3344 209 41 relations
2162 3348 317 48 économiques
2507 3357 43 30 et

582 3408 301 42 industrielles.

712 3480 61 41 La
796 3485 298 39 construction
1116 3500 91 25 non
1230 3484 89 42 loin
1345 3484 56 41 de
1423 3483 199 43 Londres
1648 3486 133 41 d'une
1804 3486 208 42 nouvelle
2036 3488 273 50 Cité-Jardin
2333 3493 217 37 constitue

581 3568 58 24 un
661 3554 149 38 succès
829 3577 65 6 •
914 3554 169 49 partiel,
1107 3554 29 42 il
1157 3566 65 31 est
1242 3559 107 44 vrai,
1375 3559 110 38 mais
1508 3573 88 25 non
1620 3561 143 38 moins
1785 3559 194 42 heureux
2003 3561 141 40 —de
2166 3570 113 31 cette
2302 3577 248 33 campagne
