3020 4236
1576 3749 60 47 94

2202 3750 288 47 DÉCEMBRE
2543 3761 89 36 1919

572 3761 68 38 LA
691 3760 120 37 CITE

752 466 120 40 Nous
901 482 54 24 ne
986 477 267 38 partageons
1283 484 79 32 pas
1393 478 113 30 cette
1539 468 131 49 façon
1704 468 55 39 de
1790 471 108 37 voir.
1934 468 86 40 Car
2050 486 111 23 nous
2192 486 164 24 savons
2387 482 99 39 trop

620 553 111 24 nous
752 536 262 41 techniciens
1116 555 84 32 que
1221 538 165 41 l'étude
1406 556 54 23 ne
1480 539 174 40 retarde
1674 556 80 32 pas
1775 539 192 46 l'action,
1991 550 43 29 et
2054 540 131 49 qu'au
2206 541 97 49 plus
2323 559 85 22 une
2429 560 150 24 œuvre

619 619 65 29 est
706 618 136 35 vaste,
870 625 55 23 au
947 607 97 50 plus
1068 607 82 42 elle
1174 610 190 41 réclame
1387 627 85 24 une
1498 614 297 45 organisation
1820 611 215 46 réfléchie,
2062 627 86 25 une
2174 612 213 42 direction
2411 617 147 38 scienti-

619 679 127 50 fique.
776 679 121 41 Nous
920 696 164 24 savons
1106 680 105 50 qu'il
1237 692 64 30 est
1325 685 241 37 nécessaire
1594 682 342 41 d'abandonner
1961 683 168 48 parfois
2154 683 40 40 le
2218 683 197 42 chantier
2441 684 138 50 leplus

622 752 104 39 actif
752 768 112 32 pour
889 751 259 41 s'enfermer
1174 753 111 40 dans
1310 771 80 23 son
1419 754 175 40 cabinet
1622 754 55 39 de
1706 753 166 46 travail,
1905 757 146 37 ouvrir
2077 757 25 37 à
2129 771 204 24 nouveau
2358 773 67 23 ses
2452 756 127 41 livres

620 839 57 22 ou
703 821 189 41 discuter
914 838 109 24 avec
1048 823 210 49 quelques
1281 828 110 37 amis
1416 826 78 39 des
1517 825 254 49 problèmes
1797 842 84 33 que
1905 842 113 23 nous
2041 842 140 24 avons
2205 829 26 37 à
2256 826 221 42 résoudre.

749 893 53 40 Et
822 893 291 50 l'Exposition
1135 894 314 42 d'Urbanisme
1469 899 211 46 comparé
1701 907 65 29 est
1784 896 102 41 bien
1910 896 56 40 de
1987 907 165 36 nature,
2177 915 111 23 nous
2308 898 268 47 semble-t-il,

617 965 27 39 à
663 980 111 24 nous
795 964 215 40 raffermir
1033 964 112 41 dans
1164 976 114 30 cette
1298 971 277 45 conception.
1602 967 87 49 Qui
1710 967 72 40 n'a
1804 971 70 36 été
1897 968 158 49 frappé
2078 985 53 24 en
2154 969 41 40 la
2217 981 278 37 parcourant,
2523 971 56 40 de

621 1035 166 42 l'effort
812 1039 213 38 immense
1051 1053 85 33 que
1163 1037 89 42 l'on
1279 1038 178 49 déploie
1484 1056 53 23 en
1564 1056 49 23 ce
1639 1050 200 29 moment
1866 1056 53 23 en
1947 1039 275 49 Angleterre,
2255 1058 53 22 en
2336 1040 240 48 Hollande,

621 1121 53 25 en
694 1106 255 49 Amérique,
973 1124 113 32 pour
1105 1108 237 50 multiplier
1362 1109 61 41 les
1445 1113 192 37 maisons
1657 1113 24 37 à
1700 1110 91 40 bon
1812 1110 189 40 marché.
2027 1110 60 40 Le
2107 1122 221 30 contraste
2351 1115 72 47 qui
2444 1117 135 37 existe

621 1187 123 31 entre
778 1177 207 41 l'activité
1018 1182 295 38 constructive
1364 1181 57 40 de
1452 1197 71 24 ces
1557 1198 109 32 pays
1797 1184 56 37 où
1919 1181 61 40 les
2032 1181 290 42 destructions
2374 1200 55 24 ne
2479 1195 100 30 sont

621 1251 131 45 guère
805 1251 293 47 importantes
1272 1262 43 29 et
1372 1252 252 41 l'inactivité
1682 1256 71 45 qui
1811 1255 132 47 règne
2001 1270 160 24 encore
2218 1259 200 45 toujours
2474 1254 105 42 chez

619 1334 112 25 nous
753 1319 109 40 dans
884 1320 38 39 le
946 1319 209 42 domaine
1179 1321 56 41 de
1260 1322 40 40 la
1322 1327 298 37 construction
1644 1324 239 45 définitive,
1910 1341 54 23 ne
1987 1336 105 37 peut
2114 1326 264 49 s'expliquer
2400 1330 154 46 unique-

616 1401 123 29 ment
760 1406 80 33 par
863 1390 61 40 les
948 1390 237 43 difficultés
1208 1395 315 49 économiques
1547 1394 275 41 indéniables
1844 1395 254 50 auxquelles
2122 1413 110 24 nous
2256 1414 141 24 avons
2420 1401 26 37 à
2470 1399 108 40 faire

618 1460 96 40 face
742 1477 53 24 en
823 1461 221 50 Belgique.
1075 1463 30 40 Il
1134 1463 95 41 faut
1254 1481 29 33 y
1307 1468 98 37 voir
1431 1465 62 41 les
1519 1469 327 46 conséquences
1874 1467 105 40 d'un
2009 1467 105 41 faux
2142 1468 243 50 aiguillage,
2417 1469 162 50 qu'une

619 1532 133 40 étude
784 1532 97 49 plus
915 1534 223 49 complète
1173 1546 44 29 et
1248 1536 98 49 plus
1380 1538 269 49 scientifique
1685 1538 58 40 du
1777 1538 233 49 problème
2046 1538 56 40 de
2137 1539 39 40 la
2212 1539 366 42 Reconstruction

618 1606 139 38 aurait
780 1621 60 32 pu
865 1621 111 24 nous
1000 1608 149 38 éviter.

752 1675 53 41 Et
831 1693 55 23 ne
914 1693 166 24 sera-ce
1107 1695 80 31 pas
1215 1695 57 23 un
1301 1679 78 40 des
1406 1679 200 41 résultats
1635 1680 60 39 les
1723 1683 143 37 moins
1895 1681 215 48 tangibles
2140 1682 55 40 de
2224 1693 114 29 cette
2366 1684 187 40 confron-

619 1748 138 37 tation
785 1746 55 40 de
868 1763 80 24 nos
975 1747 236 41 méthodes
1237 1766 110 23 avec
1373 1750 130 40 celles
1532 1751 77 40 des
1636 1768 109 32 pays
1772 1751 121 41 alliés
1921 1763 43 29 et
1990 1755 110 37 amis
2128 1770 84 32 que
2242 1754 228 40 d'éclairer
2497 1772 82 23 nos

620 1817 236 49 dirigeants
875 1835 70 24 sur
965 1818 41 41 la
1025 1822 102 38 voie
1146 1822 26 38 à
1192 1823 142 38 suivre
1355 1838 54 24 en
1428 1839 50 23 ce
1500 1822 208 41 domaine
1728 1825 33 38 si
1781 1826 242 46 important
2046 1824 58 39 du
2126 1824 224 50 logement
2372 1829 199 37 ouvrier?

749 1888 129 41 Point
905 1907 28 23 n
953 1901 66 30 est
1045 1893 255 44 nécessaire,
1332 1896 43 46 je
1404 1896 123 42 crois,
1560 1893 55 40 de
1645 1893 236 49 multiplier
1908 1894 61 41 les
1998 1895 225 49 exemples
2250 1913 114 32 pour
2395 1897 153 40 démon-

616 1975 85 24 trer
722 1959 11 40 1
753 1962 157 39 intérêt
932 1961 56 40 de
1010 1977 72 25 ces
1103 1962 155 40 études
1279 1967 246 46 comparés,
1552 1964 55 40 de
1629 1982 71 23 ces
1723 1968 209 47 enquêtes
1954 1967 370 41 internationales.

748 2031 115 41 Elles
890 2032 142 40 seules
1060 2049 111 25 nous
1201 2045 295 38 permettront
1525 2036 55 40 de
1611 2036 158 41 définir
1797 2053 49 23 ce
1873 2037 190 40 vocable
2093 2055 203 24 nouveau
2333 2054 21 25 «
2389 2039 162 41 d'Urba-

616 2104 139 38 nisme
782 2118 22 25 »
832 2119 102 24 sous
958 2103 142 51 lequel
1127 2122 57 23 on
1208 2123 25 22 a
1258 2109 169 46 groupé
1452 2106 257 41 l'ensemble
1736 2108 77 39 des
1837 2112 335 37 connaissances
2197 2126 85 33 que
2306 2109 62 41 les
2394 2110 185 50 Anglais

620 2173 243 50 désignent,
896 2175 155 48 depuis
1079 2175 59 41 du
1166 2187 144 38 temps
1341 2177 103 50 déjà
1472 2194 102 24 sous
1602 2178 38 40 le
1668 2196 107 22 nom
1806 2179 55 40 de
1893 2194 22 26 «
1947 2178 141 42 Town
2119 2180 215 50 Planning
2364 2215 7 11 ,
2405 2199 83 31 que
2518 2182 61 40 les

616 2247 275 39 Américains
909 2246 230 49 appellent
1160 2262 23 25 «
1207 2247 123 41 Civic
1349 2248 164 50 Design
1536 2265 21 24 »
1585 2267 56 22 ou
1665 2265 21 25 «
1710 2250 261 50 Landscape
1990 2251 305 41 Architecture
2317 2268 22 25 »
2365 2264 43 29 et
2429 2253 125 49 qu'ex-

618 2319 141 45 prime
789 2333 109 24 avec
931 2317 97 49 plus
1063 2318 55 40 de
1150 2322 217 46 précision
1403 2319 304 50 l'appellation
1741 2321 331 41 néerlaandaise
2107 2323 55 40 de
2199 2338 22 25 «
2258 2324 291 40 Stedenbouw-

616 2386 149 43 kunde
786 2402 40 26 ».

747 2459 98 46 Car,
870 2460 28 40 il
921 2460 95 40 faut
1036 2460 103 42 bien
1163 2461 10 39 1
1194 2478 167 24 avouer
1383 2465 33 37 si
1438 2479 71 23 ces
1531 2473 116 30 mots
1669 2463 125 41 n'ont
1817 2464 97 48 plus
1937 2464 61 40 les
2020 2466 314 48 significations
2357 2466 221 49 multiples

617 2546 57 32 qu
694 2547 58 24 on
774 2530 91 41 leur
884 2535 160 45 prêtait
1064 2535 26 38 à
1112 2531 200 51 l'origine
1371 2558 24 5 -
1416 2533 175 50 lorsque
1613 2533 168 51 chaque
1802 2535 245 49 spécialiste
2069 2536 169 42 voulait
2259 2536 62 41 les
2342 2554 236 33 accaparer

617 2604 25 37 à
668 2618 80 24 son
774 2619 133 32 usage
933 2620 175 33 propre,
1139 2620 114 32 pour
1280 2620 53 24 en
1361 2604 108 40 faire
1494 2622 56 23 un
1579 2622 244 32 synonyme
1851 2606 336 42 d'architecture
2213 2607 66 41 s'il
2308 2611 105 37 était
2440 2608 114 41 archi-

619 2682 124 37 tecte,
778 2673 236 51 d'hygiène
1042 2674 66 41 s'il
1139 2678 107 38 était
1275 2675 256 50 hygiéniste,
1566 2676 55 40 de
1654 2676 231 51 technique
1915 2681 135 37 viaire
2081 2696 57 23 ou
2170 2679 175 40 fluviale
2376 2679 65 40 s'il
2474 2683 105 37 était

616 2745 223 48 ingénieur
943 2746 265 49 cependant,
1235 2746 167 50 malgré
1425 2764 83 32 que
1530 2764 110 24 nous
1661 2765 139 32 ayons
1822 2749 282 50 aujourd'hui
2128 2750 56 40 de
2207 2750 92 40 leur
2320 2750 152 41 valeur
2493 2767 85 24 une

619 2819 265 46 conception
911 2817 98 49 plus
1035 2818 219 49 générale,
1284 2817 42 41 la
1353 2820 169 38 science
1550 2818 125 50 qu'ils
1704 2820 231 49 désignent
1961 2822 71 39 n'a
2060 2837 160 24 encore
2248 2824 42 38 ni
2321 2822 76 40 des
2423 2822 155 40 cadres

614 2886 102 42 bien
739 2887 217 41 délimités
977 2891 43 38 ni
1042 2905 58 25 un
1122 2888 82 42 but
1226 2887 149 43 défini.

748 2959 111 42 L'on
889 2972 106 38 peut
1024 2961 93 40 dire
1148 2961 133 49 qu'au
1311 2961 344 49 particularisme
1687 2962 56 40 de
1774 2962 199 50 l'origine
2004 2979 45 24 se
2077 2973 101 30 sont
2208 2963 261 42 substituées
2501 2964 77 40 des

616 3034 286 47 conceptions
926 3032 259 46 nationales,
1211 3035 34 37 si
1267 3032 103 40 bien
1395 3048 85 34 que
1504 3032 60 40 les
1587 3033 210 41 vocables
1822 3051 84 32 que
1930 3051 111 23 nous
2064 3050 140 24 avons
2229 3037 229 38 énumérés
2483 3045 95 31 tout

620 3106 26 38 à
669 3102 164 42 l'heure
858 3115 78 30 ont
959 3104 78 40 des
1059 3104 315 49 significations
1399 3104 253 40 différentes
1676 3116 42 29 et
1741 3108 71 46 qui
1836 3105 351 49 correspondent
2211 3123 54 22 au
2290 3105 161 50 champ
2479 3106 98 40 d'ac

621 3176 91 38 tion
740 3177 72 47 qui
838 3192 25 23 a
891 3177 69 38 été
988 3174 132 42 offert
1143 3178 27 37 à
1197 3175 298 40 l'Urbanisme
1525 3175 110 41 dans
1662 3175 60 40 les
1749 3193 109 33 pays
1888 3179 56 38 où
1971 3177 50 40 ils
2049 3189 100 28 sont
2176 3180 141 37 usités.

749 3244 346 42 Particularisme
1122 3246 103 40 bien
1254 3245 385 50 compréhensible
1665 3249 33 38 si
1728 3247 90 41 l'on
1848 3264 45 24 se
1922 3250 203 38 souvient
2154 3248 104 50 qu'il
2286 3248 127 49 s'agit
2444 3248 133 41 d'une

618 3317 168 39 science
812 3316 207 41 nouvelle
1047 3317 111 41 dont
1186 3317 251 41 l'existence
1465 3316 212 42 s'affirme
1703 3318 101 41 bien
1832 3321 144 38 moins
2003 3336 80 32 par
2117 3319 70 40 lies
2216 3336 173 23 œuvres
2418 3319 159 49 qu'elle

619 3403 26 24 a
668 3404 58 32 pu
750 3387 174 41 réaliser
946 3405 84 33 que
1053 3406 81 32 par
1157 3389 61 40 les
1242 3388 190 41 théories
1454 3388 159 50 qu'elle
1637 3389 252 50 développe
1913 3401 42 30 et
1978 3393 72 47 qui
2074 3402 101 29 sont
2197 3408 113 32 pour
2335 3391 40 40 la
2399 3391 178 50 plupart

619 3473 54 25 en
699 3457 145 49 pleine
871 3462 229 45 gestation.
1133 3459 93 41 Elle
1253 3460 253 49 n'apparaît
1533 3476 55 24 au
1615 3460 147 49 public
1790 3472 44 30 et
1859 3460 173 51 jusqu'à
2060 3478 58 24 un
2147 3464 163 38 certain
2338 3464 126 47 point
2491 3478 86 24 aux

617 3528 344 48 professionnels
987 3534 271 38 eux-mêmes
1285 3547 84 33 que
1394 3547 80 33 par
1501 3530 61 41 les
1589 3530 188 43 théories
1803 3549 84 33 que
1914 3532 90 41 Ton
2032 3532 258 47 échafaude,
2321 3532 61 41 les
2408 3537 168 45 projets
