3020 4236
1469 3730 117 81 104

487 3780 71 37 LA
607 3767 121 48 CITÉ

2124 3777 291 37 DECEMBRE
2468 3777 89 37 1919

534 472 226 50 profonde
788 472 57 40 de
872 472 41 40 la
939 475 163 47 pensée
1129 472 219 42 humaine.
1380 473 120 41 C'est
1527 477 113 36 aussi
1668 489 83 33 que
1780 473 42 40 la
1850 476 130 46 grâce
2009 473 182 50 qu'elles
2217 475 287 49 possédaient

535 561 54 24 en
611 546 195 39 naissant
826 561 25 23 a
871 546 144 47 gagné
1037 560 54 25 en
1113 546 199 40 émotion
1334 562 80 32 par
1437 545 357 40 l'accumulation
1818 544 77 40 des
1918 545 152 40 siècles
2093 555 43 30 et
2160 545 77 40 des
2260 549 240 39 souvenirs.

535 615 285 41 Pourra-t-on
847 618 158 47 jamais
1032 632 54 24 en
1116 615 93 41 dire
1237 626 155 32 autant
1422 617 76 40 des
1524 615 184 42 banales
1736 618 194 38 maisons
1959 616 238 40 modernes
2225 634 101 23 sans
2354 620 150 47 visage

534 689 43 37 ni
599 689 165 37 sourire
786 689 165 46 érigées
974 686 112 41 dans
1107 703 81 24 nos
1208 703 272 34 campagnes
1502 690 173 38 suivant
1698 687 39 40 le
1760 687 235 40 misérable
2018 698 104 39 type
2144 688 221 41 uniforme
2388 704 115 26 venu

534 757 77 38 des
635 757 148 38 villes?

666 828 82 41 Cet
766 831 117 37 arrêt
901 828 192 51 brusque
1114 830 111 40 dans
1244 830 40 40 le
1305 831 381 48 développement
1705 830 173 40 normal
1901 830 56 40 de
1980 830 40 40 la
2041 834 299 37 construction
2362 832 142 40 rurale

534 899 203 41 coïncide
759 916 109 23 avec
890 917 84 23 une
997 903 175 47 époque
1195 904 58 37 où
1275 919 59 23 on
1357 902 72 39 n'a
1451 901 96 50 plus
1570 912 103 29 tenu
1694 912 180 38 compte
1898 901 78 40 des
1998 905 230 46 exigences
2252 903 59 39 du
2335 903 165 47 milieu;

534 970 108 41 c'est
660 970 117 41 alors
799 988 83 32 que
902 981 180 39 partout
1103 973 103 40 s'est
1225 973 202 48 répandu
1449 989 49 24 ce
1520 984 103 38 type
1646 972 296 41 d'habitation
1964 973 154 40 coulée
2142 973 111 41 dans
2274 991 57 23 un
2354 974 150 40 moule

534 1040 199 51 indigent
760 1053 43 29 et
831 1044 298 47 inapproprié.
1162 1042 72 42 On
1263 1047 120 37 avait
1411 1044 140 49 perdu
1582 1044 56 40 de
1666 1060 86 23 vue
1783 1060 84 33 que
1898 1044 40 40 la
1968 1047 172 37 maison
2170 1046 334 48 campagnarde

534 1130 113 32 pour
673 1116 91 38 être
791 1113 116 46 utile,
937 1116 120 38 saine
1085 1125 43 30 et
1153 1115 155 49 probe,
1340 1115 95 41 doit
1461 1132 45 23 se
1533 1115 109 49 plier
1669 1132 85 23 aux
1782 1118 233 37 nécessités
2043 1119 71 46 qui
2144 1115 40 41 la
2210 1119 149 38 créent
2387 1128 43 29 et
2458 1134 45 23 se

532 1184 202 40 modeler
755 1187 174 38 suivant
950 1185 63 40 les
1033 1188 230 47 exigences
1286 1187 58 40 du
1364 1187 162 45 climat,
1552 1187 59 39 du
1633 1189 171 42 terrain,
1832 1186 77 41 des
1930 1187 200 45 cultures,
2159 1188 77 39 des
2258 1191 245 38 matériaux

532 1254 169 40 locaux.

664 1326 176 42 Vérités
871 1327 306 41 élémentaires
1209 1331 110 38 mais
1352 1329 205 40 combien
1592 1329 207 40 oubliées.
1836 1329 228 49 Qu'est-ce
2098 1330 117 40 donc
2248 1333 71 47 qui
2352 1331 152 40 donne

534 1415 86 23 aux
649 1401 193 37 maisons
872 1399 163 40 rurales
1063 1399 103 41 bien
1196 1403 241 46 comprises
1469 1411 94 29 tant
1594 1399 217 41 d'attraits
1844 1400 158 46 divers,
2036 1404 33 37 si
2098 1418 50 23 ce
2178 1402 112 40 n'est
2321 1402 182 49 qu'elles

534 1472 249 45 expriment
811 1486 110 23 avec
950 1469 204 41 bonheur
1182 1481 43 30 et
1254 1488 108 23 avec
1392 1488 57 23 un
1479 1474 235 37 sentiment
1743 1474 32 37 si
1806 1475 125 46 juste,
1965 1471 93 41 leur
2090 1472 165 49 dignité
2289 1473 55 40 de
2375 1473 128 49 foyer

534 1539 203 47 familial;
765 1557 57 23 on
846 1550 117 37 veut,
992 1557 53 24 en
1069 1541 62 41 les
1153 1552 182 38 voyant,
1364 1542 181 50 qu'elles
1569 1559 56 24 ne
1649 1545 142 38 soient
1816 1559 80 33 pas
1920 1542 39 40 le
1984 1543 110 49 logis
2118 1544 133 39 banal
2280 1548 56 36 où
2363 1562 57 22 on
2448 1561 54 25 ne

532 1610 81 41 fait
635 1628 84 32 que
741 1628 150 32 passer
913 1623 43 30 et
978 1615 57 37 où
1058 1629 57 24 on
1138 1629 56 24 ne
1216 1613 212 41 s'attarde
1451 1630 91 33 pas.

665 1681 115 41 Elles
818 1693 101 30 sont
955 1682 40 41 le
1034 1684 304 49 complément
1376 1684 329 49 indispensable
1745 1684 59 41 du
1843 1702 208 33 paysage,
2095 1686 235 41 l'accident
2370 1690 110 46 pitto-

534 1769 155 33 resque
712 1756 71 46 qui
806 1753 191 47 l'anime,
1024 1754 226 42 l'élément
1272 1754 179 42 humain
1475 1759 72 45 qui
1571 1755 232 42 l'ennoblit
1846 1773 55 23 au
1925 1756 97 50 plus
2046 1756 106 41 haut
2176 1761 108 37 titre.

667 1824 60 41 La
756 1828 315 37 connaissance
1098 1825 56 41 de
1182 1826 296 50 l'adaptation
1505 1844 56 23 au
1587 1827 146 40 milieu
1761 1827 40 40 le
1832 1842 21 26 «
1884 1844 99 24 sens
2013 1828 56 40 de
2097 1828 208 41 l'endroit
2335 1845 22 24 »
2391 1846 84 23 sem-

531 1895 109 41 blait
660 1896 192 49 prendre
870 1913 54 23 en
945 1896 223 50 Belgique.
1192 1897 89 41 Peu
1302 1896 306 42 d'architectes
1627 1901 325 39 connaissaient
1972 1899 318 41 l'architecture
2311 1903 192 47 rustique

536 1966 57 40 de
620 1983 81 23 nos
727 1970 202 37 contrées
957 1978 44 30 et
1027 1984 67 24 ses
1121 1968 222 49 multiples
1371 1969 131 40 faces.
1534 1969 162 40 A-t-on
1724 1973 171 46 jamais,
1928 1970 111 40 dans
2066 1987 84 24 une
2180 1971 123 40 école
2333 1989 56 23 ou
2417 1989 86 23 une

534 2037 242 46 académie,
807 2041 173 38 montré
1007 2038 41 41 la
1074 2039 161 40 beauté
1261 2039 158 50 simple
1446 2051 43 29 et
1515 2057 136 32 grave
1679 2041 132 40 d'une
1838 2044 172 37 maison
2037 2042 141 40 rurale
2205 2046 226 43 ancienne,
2463 2043 39 41 le

533 2124 99 24 sens
654 2108 56 39 de
733 2108 40 40 la
795 2124 172 25 mesure
988 2119 44 31 et
1054 2109 56 41 de
1132 2109 41 41 la
1195 2113 265 46 proportion
1483 2114 72 46 qui
1576 2110 67 50 s'y
1666 2121 156 31 trouve
1844 2116 226 46 toujours?

668 2179 269 41 L'attention
976 2180 78 41 des
1090 2184 211 38 autorités
1336 2182 444 48 gouvernementales
1819 2194 43 29 et
1901 2183 58 40 du
1998 2183 156 42 Grand
2194 2185 151 40 Public
2382 2189 121 37 avait

534 2253 186 38 maintes
747 2251 83 40 fois
856 2253 70 38 été
950 2254 155 37 attirée
1131 2268 109 24 avec
1264 2252 234 50 beaucoup
1525 2253 56 40 de
1608 2257 144 36 raison
1778 2271 70 24 sur
1874 2254 40 41 la
1942 2258 309 38 conservation
2280 2257 78 40 des
2384 2260 114 43 sites,

536 2324 109 37 mais
675 2339 58 24 on
763 2322 236 49 négligeait
1029 2323 56 40 de
1114 2323 229 50 s'occuper
1375 2324 56 40 de
1462 2324 40 40 la
1533 2328 297 38 construction
1863 2326 141 40 rurale
2036 2330 72 46 qui
2138 2328 254 48 cependant
2424 2328 79 41 fait

534 2396 141 45 partie
696 2396 246 47 intégrante
965 2394 59 40 du
1045 2411 194 33 paysage
1261 2405 44 30 et
1326 2406 106 38 peut
1455 2412 78 32 par
1555 2413 46 23 sa
1625 2395 167 42 laideur
1815 2413 52 24 en
1890 2409 349 37 compromettre
2262 2399 40 40 la
2324 2398 174 42 beauté.

667 2464 60 40 La
755 2465 298 40 Commission
1080 2465 434 42 d'Embellissement
1540 2467 57 40 de
1623 2466 44 41 la
1691 2467 85 41 Vie
1804 2468 141 41 rurale
1971 2486 26 23 a
2025 2485 52 24 eu
2106 2469 233 42 l'honneur
2367 2471 136 40 d':tre

535 2534 42 42 la
602 2538 215 47 première
841 2538 26 38 à
890 2536 189 49 signaler
1102 2536 309 50 l'importance
1436 2537 189 49 capitale
1650 2538 56 40 de
1731 2538 40 40 la
1797 2543 172 37 maison
1997 2540 78 40 des
2100 2540 198 50 champs,
2328 2552 95 30 tant
2447 2559 56 23 au

535 2609 128 47 point
685 2606 56 41 de
762 2624 85 24 vue
869 2610 293 48 économique
1185 2608 103 50 qu'à
1309 2608 111 41 celui
1444 2608 56 40 de
1522 2608 185 50 l'aspect
1728 2610 59 40 du
1810 2627 121 32 pays.
1959 2610 84 41 Par
2065 2629 80 23 son
2169 2615 225 43 initiative,
2420 2613 83 40 elle

536 2688 65 30 est
628 2680 169 38 arrivée
826 2681 25 37 à
878 2676 43 42 la
949 2678 109 41 faire
1086 2682 229 46 apprécier
1343 2682 26 37 à
1397 2696 80 23 son
1505 2680 215 41 véritable
1748 2685 165 37 mérite.
1947 2681 94 42 Elle
2069 2700 25 23 a
2123 2683 135 40 voulu
2288 2694 215 31 restaurer

536 2748 39 40 le
602 2748 162 50 village
793 2749 111 40 dans
931 2766 47 24 sa
1006 2750 167 49 dignité
1202 2750 251 50 historique,
1487 2751 110 40 dans
1625 2768 46 24 sa
1702 2752 200 41 fonction
1931 2756 294 48 économique
2253 2758 33 36 si
2316 2758 160 46 primor-

536 2819 116 41 diale
678 2820 110 40 dans
813 2820 41 41 la
877 2822 71 38 vie
973 2820 57 41 de
1054 2820 41 41 la
1120 2824 166 38 nation.
1314 2821 71 41 Un
1411 2821 161 51 village
1597 2822 112 42 n'est
1734 2826 42 38 ni
1803 2841 85 23 une
1914 2824 133 41 chose
2073 2825 272 47 secondaire,
2374 2829 43 38 ni
2443 2843 58 24 un

538 2891 125 49 objet
692 2891 56 40 de
777 2894 169 38 vitrine.
979 2891 121 41 C'est
1128 2909 86 23 une
1243 2895 140 47 partie
1413 2893 59 40 du
1502 2910 108 32 pays
1641 2897 71 46 qui
1743 2895 211 47 travaille,
1989 2913 148 32 pense,
2171 2900 102 46 agit,
2307 2898 191 48 produit.

536 2961 30 41 Il
595 2979 25 22 a
649 2961 117 41 donc
795 2962 117 41 droit
938 2965 26 38 à
990 2980 58 23 un
1076 2963 147 40 milieu
1251 2963 234 41 favorable
1512 2967 25 38 à
1564 2982 80 23 son
1674 2966 391 50 développement,
2098 2985 54 23 en
2181 2980 184 37 rapport
2394 2986 109 23 avec

533 3047 68 24 ses
623 3032 190 46 besoins,
840 3043 43 30 et
904 3036 26 38 à
952 3050 59 24 un
1033 3033 135 41 cadre
1191 3034 132 50 digne
1348 3034 56 41 de
1427 3034 69 41 lui.

667 3104 72 41 On
771 3104 57 41 lui
859 3122 25 23 a
915 3116 96 30 tout
1042 3105 168 46 enlevé,
1244 3122 48 24 sa
1324 3106 160 40 beauté
1517 3107 250 47 touchante,
1804 3126 80 23 son
1918 3112 284 47 pittoresque,
2239 3127 66 24 ses
2338 3111 166 41 vieilles

534 3184 242 37 coutumes,
801 3193 67 23 ses
887 3193 157 33 usages
1065 3176 277 46 millénaires,
1368 3194 67 23 ses
1456 3177 198 42 meubles
1675 3182 226 47 rustiques,
1929 3198 66 23 ses
2017 3180 168 51 plaisirs
2208 3180 292 52 champêtres,

536 3260 54 26 en
618 3262 58 24 on
702 3262 55 24 ne
783 3246 57 40 lui
866 3264 25 23 a
917 3249 91 39 rien
1036 3247 151 41 donné
1213 3250 26 38 à
1267 3247 40 41 la
1333 3248 139 49 place.
1503 3248 72 41 On
1601 3267 24 23 a
1654 3250 192 42 favorisé
1872 3254 25 38 à
1924 3252 161 41 l'excès
2112 3252 178 41 l'exode
2317 3268 98 25 vers
2442 3253 62 41 les

536 3316 137 47 villes,
717 3317 57 41 lui
813 3330 225 30 mesurant
1076 3335 111 24 avec
1225 3321 273 47 parcimonie
1538 3320 39 40 le
1616 3322 204 41 moindre
1861 3323 78 40 des
1977 3323 99 50 plus
2116 3327 131 47 petits
2287 3323 212 42 subsides.

536 3387 186 42 Aucune
753 3389 309 41 amélioration
1094 3390 218 41 moderne
1343 3390 76 49 n'y
1450 3393 105 38 était
1587 3393 250 47 introduite,
1875 3394 365 50 l'enseignement
2272 3396 144 40 réduit
2448 3413 55 24 au

535 3461 119 39 strict
679 3461 243 45 minimum,
950 3471 44 31 et
1016 3464 34 38 si
1076 3478 159 24 encore
1262 3478 58 24 on
1347 3461 57 41 lui
1429 3465 120 38 avait
1573 3468 212 37 conservé
1810 3482 81 24 son
1916 3466 101 40 vieil
2044 3469 133 47 esprit
2203 3467 297 46 traditionnel,

536 3546 58 24 on
616 3533 141 38 aurait
778 3547 55 24 au
854 3533 145 39 moins
1020 3535 136 38 sauvé
1178 3549 48 24 sa
1248 3535 71 38 vie
1342 3535 231 39 intérieure
1596 3545 42 30 et
1660 3552 80 24 son
1764 3539 219 38 existence
2006 3540 120 37 saine
2149 3549 42 30 et
2213 3537 154 50 probe.
