2864 2909
1369 2354 66 64 3

953 1657 535 56 MAXIMILIAN
1528 1662 325 54 PIRNER

551 1754 268 95 Maximilian
828 1754 108 31 Firner,
946 1754 47 27 der
1002 1764 29 17 in
1040 1753 77 34 Prag:
1127 1754 57 27 lebt
1199 1755 58 27 und
1268 1755 61 27 dort
1340 1767 38 16 an

677 1791 48 27 der
740 1791 250 27 Kunstakademie
1011 1791 40 27 als
1066 1791 145 28 Professor
1225 1793 97 31 wirkt,
1343 1799 35 22 ist

677 1838 45 17 ein
737 1828 149 32 Künstler,
900 1829 121 26 welcher
1035 1833 52 22 seit
1102 1829 93 27 vielen
1202 1830 107 33 Jahren
1322 1831 56 28 fast

545 1875 50 23 gar
605 1864 84 28 keine
696 1865 225 35 Ausstellung:en
931 1866 155 27 beschickt.
1097 1866 54 27 Die
1160 1872 119 23 meisten
1290 1879 89 18 seiner

545 1902 61 27 hier
620 1903 269 33 wiedergegebenen
904 1903 139 27 Arbeiten
1059 1904 141 34 gelangen
1217 1905 162 35 überhaupt

546 1949 64 18 zum
635 1944 90 23 ersten
749 1940 81 27 Male
854 1951 37 17 an
917 1941 43 26 die
987 1941 249 28 Oeffentlichkeit.
1282 1943 37 27 Er
1343 1949 35 22 ist

545 1979 38 25 im
606 1977 86 33 Jahre
721 1979 70 25 1854
816 1988 30 16 in
871 1977 228 29 Schüttenhofen
1125 1989 29 17 in
1176 1980 130 28 Böhmen
1332 1992 31 23 ge-

544 2015 101 31 boren,
680 2014 74 28 lebte
788 2014 39 28 bis
860 2025 36 18 zu
924 2026 105 17 seinem
1061 2018 42 25 16.
1132 2017 188 34 Lebensjahre
1349 2030 30 16 in

544 2063 104 17 seinem
664 2052 187 28 Elternhause
865 2062 28 17 in
908 2053 96 27 Pilsen
1018 2053 58 27 und
1091 2054 89 35 bezog:
1196 2056 75 27 nach
1286 2067 92 17 einem

546 2090 200 35 zweijährigen
762 2090 193 28 Aufenthalte
974 2101 29 17 in
1017 2091 140 35 Ellbogen
1174 2093 45 27 bei
1234 2094 144 28 Karlsbad

545 2129 44 27 die
609 2129 107 34 Prager
737 2128 259 28 Kunstakademie.
1036 2129 156 29 Nachdem
1213 2142 28 17 er
1261 2142 37 17 an
1320 2133 45 27 der-

545 2166 95 28 selben
665 2176 70 19 zwei
755 2165 88 34 Jahre
869 2167 68 33 lang”
962 2166 132 33 studiert,
1124 2168 76 27 dann
1222 2179 60 17 sein
1304 2170 60 27 Frei-

545 2204 190 35 willig'enjahr
764 2203 134 35 abgelegt
926 2203 94 33 hatte,
1049 2214 70 25 ging*
1148 2217 28 16 er
1204 2209 71 25 1875
1302 2208 75 27 nach

545 2243 85 27 Wien
651 2253 28 17 in
700 2242 45 28 die
762 2242 104 27 Schule
880 2240 202 30 Trenkwald's
1103 2244 58 27 und
1182 2244 146 28 zeichnete
1348 2255 28 17 in

545 2280 47 28 der
613 2280 59 28 hier
693 2280 123 35 geübten
834 2280 95 28 Weise
950 2280 88 27 durch
1058 2283 61 25 vier
1136 2281 88 33 Jahre
1245 2282 131 27 Cartons.

1425 1757 90 28 Nach
1536 1769 92 17 einem
1648 1760 275 27 mehrmonatlichen
1941 1761 192 28 Aufenthalte
2154 1764 28 25 in
2204 1762 42 27 Ita-

1425 1795 56 27 lien
1506 1796 74 27 lebte
1605 1808 28 16 er
1657 1800 28 24 in
1711 1798 85 27 Wien
1821 1808 67 17 vom
1913 1798 171 28 Illustrieren
2110 1800 58 26 und
2195 1800 64 27 dem

1425 1833 101 28 Malen
1540 1845 58 16 von
1616 1835 254 34 Heiligenbildern.
1899 1836 67 27 Von
1985 1836 63 27 dem
2069 1836 110 33 jedoch,
2200 1849 59 16 was

1427 1882 27 16 er
1471 1874 29 24 in
1515 1871 49 28 der
1577 1871 81 28 Stille
1672 1875 89 24 seines
1776 1872 124 27 Ateliers
1920 1873 45 26 für
1985 1873 60 27 sich
2066 1874 84 27 selbst
2165 1875 94 32 schuf,

1425 1908 106 27 bekam
1559 1919 68 17 man
1652 1910 50 26 auf
1726 1910 47 27 der
1798 1910 278 35 Jahresausstellung:
2101 1922 58 16 von
2188 1915 71 25 1885

1426 1948 63 25 eine
1517 1946 93 28 Probe
1637 1956 35 19 zu
1701 1947 96 27 sehen.
1842 1947 36 27 Es
1907 1958 59 16 war
1994 1951 60 31 jene
2083 1949 88 34 Folge
2200 1961 59 16 von

1425 1984 87 27 zwölf
1543 1984 231 32 Pastellbildern,
1810 1984 45 28 die
1888 1985 54 27 den
1975 1986 118 27 Namen
2122 1987 136 31 „Dämon

1425 2021 105 27 Liebe”
1550 2026 100 29 trugen
1668 2021 58 27 und
1745 2022 44 27 die
1806 2022 154 28 besondere
1973 2023 57 27 Art
2044 2024 48 27 des
2107 2024 151 29 Künstlers

1426 2058 100 28 bereits
1541 2059 195 27 vollkommen
1752 2059 175 34 ausgebildet
1943 2063 121 32 zeigten.
2093 2062 60 27 Das
2167 2062 91 28 Werk

1425 2096 97 27 wurde
1554 2096 88 27 durch
1675 2096 44 27 die
1748 2096 180 35 Verleihung'
1961 2098 47 28 des
2038 2098 220 30 ReichePschen

1426 2134 240 32 Künstlerpreises
1687 2134 229 34 ausgezeichnet.
1955 2135 42 28 Im
2015 2137 88 32 Jahre
2127 2140 69 24 1887
2218 2149 26 16 er-

1425 2171 89 34 folgte
1525 2170 121 28 Pirner's
1660 2171 146 35 Berufung-
1819 2172 74 27 nach
1903 2173 86 35 Prag.
2004 2174 33 26 In
2050 2175 55 27 den
2119 2174 139 33 Stunden,

1425 2208 44 27 die
1482 2208 61 27 ihm
1561 2208 60 27 hier
1638 2209 44 26 die
1695 2209 234 35 Lehrthätigkeit
1946 2211 51 28 frei
2014 2212 79 32 lässt,
2109 2214 149 27 entstehen

1424 2248 61 30 jene
1505 2245 296 29 bemerkenswerthen
1823 2247 250 35 Compositionen,
2103 2251 83 27 deren
2207 2252 51 27 das

1424 2282 181 34 vorliegende
1627 2283 70 28 Heft
1718 2286 62 25 eine
1801 2288 124 31 grössere
1945 2287 95 28 Reihe
2064 2289 193 35 wiedergiebt.

2363 403 135 23 STUDIE.
2538 403 69 23 LANDSCHAFT
2614 403 21 23 BEI
2642 403 34 23 DAVLE

2381 480 30 22 A.
2430 481 31 21 D.
2479 480 150 22 MOLDAU
