3487 4366
331 166 1428 198 Niederrheinische
1906 166 1148 254 Musik-Zeitung

971 466 117 117 für
1175 466 556 117 lituüätfrniniiD
1787 463 142 120 ltnii
1992 466 389 117 luiustlrr.

145 705 392 69 Herausgegeben
584 725 90 33 von
728 706 236 49 Professor
1895 701 70 57 L.
2123 698 266 80 JBischoff.
1594 705 174 68 Verlag
1822 707 83 48 der
2086 698 762 82 DuMont-Schauberg'sehen
2890 705 376 66 Buchhandlung.

240 1032 228 37 Inhalt.

523 1034 75 34 Die
625 1033 297 36 musicalischen
950 1035 254 34 Instrumente
1234 1033 200 47 (Schluss).
1572 1034 80 34 Das
1681 1033 203 36 Musikfest
1919 1035 39 33 in
1994 1034 260 45 Birmingham
2285 1033 207 46 (Schluss).
2634 1034 194 34 Pariser
2864 1034 160 33 Briefe
3053 1033 12 45 (
3069 1032 155 36 JRoland
3254 1034 24 34 ä

140 1095 235 36 JRoncevaux
378 1122 8 20 :
417 1095 102 45 Oper
546 1095 39 34 in
616 1095 82 34 vier
726 1094 123 35 Acten
878 1106 75 23 von
983 1095 46 34 A.
1059 1094 190 46 Mermet).
1298 1094 86 34 Von
1413 1095 44 35 B.
1485 1095 43 35 P.
1635 1095 176 44 Tages-
1851 1095 94 34 und
1981 1093 538 46 Unterhaltungsblatt
2559 1094 131 45 (Köln,
2733 1094 171 35 Sinfonie
2944 1105 74 24 von
3058 1093 220 35 Woldemar

134 1154 155 47 Bargiel
395 1155 178 46 Barmen,
603 1154 65 35 der
696 1154 295 47 Wuppertbaler
1020 1154 254 46 Sängerbund
1380 1154 308 46 Braunscbweig,
1716 1154 210 47 Eröffnung
1956 1155 64 35 der
2048 1155 505 45 Abonnements-Concerte,
2582 1155 111 47 Oper,
2723 1153 255 37 MethfesseVs
3007 1152 59 38 80.
3098 1155 156 35 Geburts-

135 1222 64 38 tag
306 1215 168 45 Brüssel,
504 1215 201 35 deutsches
735 1213 461 47 Opern-Unternehmen).

431 1445 92 54 Die
565 1445 395 54 musicalischen
1000 1445 358 54 Instrumente.

671 1580 185 47 (Schluss.
905 1580 37 38 S.
972 1580 63 36 Nr.
1065 1578 78 49 41.)

251 1680 63 51 A.
345 1681 583 56 Blas-Instrumente,
956 1677 254 67 Inflatilia,
1236 1677 326 64 Pnewmatica,
1584 1680 58 50 In-

134 1764 232 48 strumens
392 1764 31 44 ä
449 1761 122 59 vent,
601 1756 257 52 Stromenti
881 1759 64 51 da
962 1759 140 65 fiato,
1131 1757 65 50 da
1223 1760 141 48 vento.
1393 1760 97 47 Der
1520 1760 152 64 Klang

137 1839 215 53 entsteht,
394 1836 151 48 indem
576 1837 101 47 eine
706 1837 42 47 in
780 1837 125 47 einer
942 1836 140 48 festen
1112 1836 159 47 Röhre
1299 1853 85 30 von
1416 1836 132 54 Holz,
1576 1837 66 46 Me-

137 1917 77 49 tall
246 1915 112 48 oder
387 1915 217 47 anderem
639 1914 491 63 widerstandsfähigen
1159 1914 210 47 Material
1402 1912 272 49 befindliche

137 1994 236 48 Luftsäule
402 1991 144 48 durch
579 1991 232 48 Anblasen
851 1992 43 47 in
924 1990 376 65 Schwingungen
1341 1999 168 54 gesetzt
1545 1990 129 48 wird.

146 2071 47 65 1)
226 2072 94 47 Das
352 2070 297 48 Anblasen
679 2069 235 64 geschieht
943 2067 83 50 auf
1049 2067 221 49 zweierlei
1307 2067 183 49 Weise:
1597 2069 80 47 mit

138 2150 104 48 dem
272 2147 191 60 Munde,
508 2147 85 47 wie
632 2147 71 47 bei
743 2147 117 47 allen
891 2146 468 48 Blas-Instrumenten
1389 2145 76 48 des
1496 2146 150 47 Orche-

137 2235 140 46 sters;
380 2224 115 63 b)
496 2224 32 47 durch
547 2222 300 65 Einführung
880 2222 166 47 mittels
1074 2222 122 47 eines
1222 2221 264 65 Blasbalges
1515 2222 131 65 aufge-

138 2319 197 48 sogener
359 2301 89 47 und
474 2301 337 65 comprimirter
833 2300 109 48 Luft
968 2300 43 48 in
1037 2298 72 50 die
1130 2300 178 54 Röhre,
1340 2301 85 46 wie
1457 2298 69 49 bei
1558 2300 116 48 allen

141 2379 329 66 Orgelpfeifen.
555 2379 244 48 DerTheil
830 2377 78 48 des
937 2379 347 53 Instrumentes,
1313 2376 144 48 durch
1488 2377 85 48 den
1605 2377 71 48 die

140 2459 109 48 Luft
278 2457 43 49 in
352 2457 72 49 die
454 2456 155 50 Röhre
640 2456 376 65 hineingeblasen
1046 2456 131 55 wird,
1220 2455 137 48 heisst
1396 2455 52 64 2)
1478 2456 156 48 Mund-

141 2536 176 48 stück.
376 2535 80 48 Bei
486 2533 88 50 den
602 2535 471 47 Blas-Instrumenten
1103 2533 55 47 ist
1186 2550 46 30 es
1262 2532 236 50 entweder
1526 2532 46 65 a)
1604 2533 70 47 ein

141 2612 228 50 einfaches
415 2611 142 56 Loch,
595 2611 248 48 Mundloch
889 2608 194 68 (Flöte);
1129 2610 113 48 oder
1354 2611 69 47 ein
1454 2626 83 33 aus
1564 2611 111 47 zwei

142 2692 119 47 beim
307 2688 235 50 Anblasen
594 2690 316 48 oscillirenden
955 2687 364 50 Rohrblättchen
1374 2688 302 49 bestehendes

141 2767 268 56 Röhrchen,
437 2767 235 65 doppeltes
702 2765 549 49 Rohrblatt-Mundstück
1280 2772 202 57 genannt
1503 2762 173 71 (Oboe,

143 2843 205 68 Fagott),
377 2845 72 48 bei
479 2846 171 47 älteren
679 2845 337 47 Instrumenten
1042 2842 51 66 (z.
1116 2843 51 47 B.
1191 2842 259 66 Schalmey)
1479 2843 44 47 in
1553 2842 124 48 einer

141 2925 170 64 Kapsel
336 2923 82 47 mit
441 2922 248 50 Mundloeh
714 2922 388 64 eingeschlossen;
1203 2922 69 47 ein
1296 2921 276 48 Mundstück
1596 2922 80 47 mit

142 3002 137 48 fester
307 3001 255 66 Oberlippe
594 3000 92 48 und
715 3000 251 48 einfachem
997 2998 293 56 Rohrblatte,
1328 2998 229 50 Schnabel
1597 3016 52 47 ge-

140 3087 144 41 nannt
326 3078 210 65 (Familie
565 3077 80 48 der
677 3076 291 65 Clarinette);
1088 3076 71 48 ein
1204 3076 265 65 kesselartig
1512 3092 137 49 ausge-

141 3157 147 50 tieftes
308 3158 174 56 Metall,
500 3156 155 48 Kessel
679 3162 203 59 genannt
904 3154 224 64 (Hörner,
1152 3154 279 65 Trompeten
1451 3172 42 29 u.
1515 3170 34 33 s.
1572 3153 103 65 w.);

152 3234 40 65 e)
211 3234 68 50 ein
311 3234 246 67 gedrehtes
585 3233 248 50 Röhrchen
877 3232 176 65 (Zinke,
1092 3231 227 66 Serpent).
1376 3232 78 47 Bei
1497 3231 88 49 den

141 3313 315 65 Orgelpfeifen
485 3313 96 48 tritt
609 3311 82 49 der
722 3309 144 51 Wind
896 3309 235 50 entweder
1159 3327 87 31 nur
1275 3309 145 49 durch
1451 3309 99 49 eine
1581 3309 69 47 ein-

141 3389 129 50 fache
301 3389 237 65 Oeffnung
581 3389 44 49 in
668 3388 86 50 den
795 3396 190 40 unteren
1032 3387 129 49 Theil
1204 3386 81 49 der
1327 3386 141 48 Pfeife
1505 3384 170 66 (Fuss),

138 3469 247 49 entweicht
413 3469 120 49 dann
562 3468 133 48 theils
717 3467 145 48 durch
885 3464 86 51 den
997 3466 259 48 Aufschnitt
1285 3464 90 49 und
1406 3472 109 41 setzt
1542 3464 133 49 theils

140 3546 71 49 die
235 3547 58 47 im
317 3547 186 65 Körper
527 3544 273 50 befindliche
823 3544 235 49 Luftsäule
1083 3544 43 47 in
1150 3542 371 65 Schwingungen
1547 3541 100 63 (Flö-

138 3624 272 65 tenwerke),
454 3624 112 50 oder
598 3623 170 65 bringt,
805 3622 151 49 indem
997 3638 48 32 er
1089 3621 143 48 durch
1265 3619 85 49 den
1380 3619 154 49 Stiefel
1580 3618 91 48 und

138 3701 80 50 das
241 3702 277 49 Mundstück
548 3703 42 47 in
614 3701 87 49 den
728 3699 342 65 Pfeifenkörper
1100 3698 169 64 dringt,
1298 3698 99 48 eine
1421 3698 58 47 im
1506 3695 132 50 Mund-

137 3781 159 49 stücke
325 3782 270 63 eingefügte
626 3778 303 64 Metallzunge
957 3777 45 48 in
1032 3776 267 49 Oscillation
1332 3774 339 66 (Rohrwerke).

227 3858 53 64 3)
312 3861 85 47 Die
427 3859 191 49 Röhre
649 3858 80 48 der
759 3856 436 48 Blas-Instrumente
1218 3853 54 48 ist
1295 3853 249 56 bestimmt,
1573 3859 73 41 ent-

137 3936 156 49 weder
322 3936 47 64 a)
397 3943 107 41 stets
534 3953 87 30 nur
650 3936 130 48 einen
805 3932 90 49 und
921 3930 245 50 denselben
1192 3932 99 47 Ton
1317 3929 146 65 (ihren
1487 3928 152 49 Grund-

136 4013 96 65 ton)
273 4032 53 31 zu
366 4013 167 65 geben,
576 4013 87 48 wie
705 4013 72 47 die
806 4009 170 50 Pfeifen
1007 4009 80 47 der
1117 4007 256 66 Panspfeife
1403 4007 92 48 und
1526 4007 143 63 Orgel

137 4089 210 65 (Regale,
377 4089 229 65 Positive),
635 4089 141 50 deren
806 4085 413 69 Mannigfaltigkeit
1248 4102 56 33 an
1336 4087 160 48 Tönen
1525 4084 144 48 durch

1761 1371 99 47 eine
1907 1369 357 66 entsprechende
2307 1369 173 48 Anzahl
2523 1368 172 48 Pfeifen
2742 1368 94 63 (für
2871 1368 135 64 jeden
3038 1370 96 46 Ton
3186 1370 99 47 eine

1761 1448 158 64 Pfeife)
1943 1448 390 63 hervorgebracht
2356 1446 138 57 wird;
2525 1446 110 49 oder
2658 1463 46 30 es
2728 1445 183 48 werden
2935 1446 42 47 in
3001 1446 68 46 ihr
3092 1445 41 65 b)
3158 1463 95 32 man-

1761 1525 206 65 nigfaltig
1999 1525 317 48 verschiedene
2346 1525 129 47 Töne
2504 1530 200 57 erzeugt,
2743 1523 85 48 wie
2860 1521 70 50 bei
2961 1524 115 47 allen
3108 1523 146 48 Orche-

1763 1603 596 48 ster-Blas-Instrumenten.
2511 1600 52 65 4)
2607 1599 334 49 Tonlöcher.
2997 1600 293 48 Sämmtliche

1763 1680 208 58 Röhren,
1991 1680 170 47 welche
2184 1685 108 42 stets
2312 1695 87 31 nur
2415 1677 244 49 denselben
2680 1679 97 47 Ton
2800 1676 165 66 geben,
2984 1676 149 48 haben
3158 1677 131 49 keine

1765 1757 285 56 Tonlöcher;
2079 1756 72 48 die
2178 1774 79 30 zur
2278 1757 276 63 Erzeugung
2587 1755 235 48 mehrerer
2842 1755 127 47 Töne
3000 1754 288 49 bestimmten

1765 1835 131 48 theils
1928 1835 217 48 ebenfalls
2174 1834 147 57 keine,
2359 1834 131 48 theils
2518 1832 95 49 sind
2645 1832 62 49 sie
2738 1832 80 47 mit
2846 1832 181 47 solchen
3057 1832 232 50 versehen.

1766 1914 73 45 An
1869 1912 466 47 Blas-Instrumenten
2380 1911 46 60 a)
2457 1910 118 47 ohne
2605 1910 257 47 Tonlöcher
2904 1909 113 47 wird
3059 1909 70 48 die
3167 1910 92 47 Ton-

1766 1989 390 48 verschiedenheit
2172 1989 232 47 entweder
2418 1987 142 47 durch
2580 1986 403 48 Verschiedenheit
3001 1986 80 48 der
3096 1987 167 64 Lippen-

1768 2066 362 64 schwingungen
2160 2065 118 48 beim
2312 2065 232 48 Anblasen
2577 2064 130 48 allein
2739 2064 342 64 (Natur-Horn,
3105 2064 154 47 -Trom-

1768 2144 137 64 pete),
1935 2144 112 48 oder
2078 2151 132 40 unter
2240 2142 205 49 Beihülfe
2475 2159 83 30 von
2587 2142 157 64 Zügen
2776 2141 245 62 (Posaune)
3054 2140 88 48 und
3171 2141 88 48 Ven-

1766 2221 108 48 tilen
1906 2220 398 65 (Ventil-Hörner,
2333 2218 338 64 -Trompeten),
2711 2217 172 50 welche
2921 2217 70 48 die
3019 2218 155 64 Länge
3213 2217 79 48 der

1766 2298 162 49 Röhre
1956 2296 268 57 verändern,
2263 2296 401 63 hervorgebracht.
2721 2297 72 46 An
2828 2295 462 48 Blas-Instrumenten

1766 2375 41 64 b)
1840 2376 79 47 mit
1948 2375 290 48 Tonlöchern
2267 2372 166 65 (Flöte,
2471 2372 151 57 Oboe,
2663 2372 262 55 Clarinette,
2958 2372 179 64 Fagolt)
3179 2371 111 49 wird

1768 2453 143 47 durch
1937 2452 236 64 Oeffnung
2201 2451 237 48 derselben
2470 2450 70 48 die
2563 2450 156 48 Röhre
2749 2450 223 56 verkürzt,
3003 2450 177 63 folglich
3213 2448 80 50 der

1769 2532 99 47 Ton
1911 2531 188 55 erhöht;
2144 2530 261 48 ausserdem
2450 2528 233 49 entstehen
2728 2527 68 48 die
2841 2527 199 48 höheren
3087 2527 201 48 Oclaven

1769 2608 142 49 durch
1934 2608 368 64 Ueberblagung.
2334 2607 84 47 Die
2443 2606 258 48 Tonlöcher
2723 2605 97 48 sind
2843 2605 130 48 theils
2996 2603 137 57 offen,
3157 2605 131 48 theils

1770 2686 79 47 mit
1878 2686 210 63 Klappen
2116 2683 207 66 gedeckt.
2459 2683 49 64 5)
2547 2683 94 47 Das
2682 2682 285 56 Material,
3010 2697 181 32 woraus
3221 2681 72 48 die

1769 2763 580 49 Orchester-Instrumente
2371 2761 251 66 gearbeitet
2645 2760 113 57 sind,
2781 2760 55 46 ist
2855 2760 131 46 theils
3005 2760 110 46 Holz
3139 2760 153 62 (llolz-

1768 2838 473 65 Blas-Instrumente),
2271 2840 130 48 theils
2423 2838 173 56 Metall,
2617 2838 197 64 Messing
2840 2836 177 66 (Blech-
3043 2836 109 48 oder
3177 2837 87 47 Mes-

1769 2916 462 66 sing-Instrumente).
2300 2916 85 47 Die
2428 2914 312 65 Orgelpfeifen
2786 2913 214 50 bestehen
3041 2913 130 47 theils
3213 2928 81 32 aus

1770 2997 132 56 Holz,
1944 2996 130 48 theils
2112 3011 80 33 aus
2231 2994 169 49 reinem
2445 2993 90 47 und
2578 2993 131 47 theils
2746 3008 80 32 aus
2856 2992 78 47 mit
2964 2991 91 47 Blei
3087 2991 203 63 legirtem

1768 3074 113 47 Zinn
1914 3071 351 66 (Orgelmetall).
2321 3071 98 49 Auf
2443 3071 71 48 die
2542 3069 286 65 Klangfarbe
2856 3068 173 48 sowohl
3058 3067 80 48 der
3167 3068 99 47 Blas-

1766 3151 308 48 instrumente
2103 3149 63 47 als
2196 3148 311 65 Orgelpfeifen
2551 3148 54 47 ist
2644 3146 80 49 das
2753 3146 207 48 Material
2991 3161 81 30 von
3105 3144 159 47 mitwir-

1769 3228 193 48 kendem
1995 3226 243 55 Einflüsse,
2281 3224 338 66 hauptsächlich
2650 3224 140 47 durch
2820 3223 122 47 seine
2973 3223 176 46 härtere
3179 3222 113 47 oder

1769 3306 223 48 weichere
2024 3304 375 49 Beschaffenheit.
2457 3303 112 47 Holz
2601 3301 239 49 befördert
2874 3302 128 47 einen
3041 3299 249 57 sanfteren,

1768 3384 153 47 Metall
1952 3383 131 47 einen
2105 3382 260 48 schärferen
2387 3379 89 50 und
2502 3377 482 66 durchdringenderen
3010 3378 165 63 Klang,
3200 3375 89 50 und

1766 3461 72 48 die
1878 3458 351 50 verschiedenen
2259 3458 319 65 Abstufungen
2608 3455 80 50 der
2719 3457 143 47 Härte
2904 3454 92 48 und
3030 3453 260 48 Weichheit

1765 3539 79 49 des
1860 3538 164 48 Holzes
2048 3537 89 48 und
2158 3537 204 48 Metalles
2384 3537 153 47 ziehen
2558 3534 208 50 ähnliche
2790 3530 499 68 Klang-Unterschiede

1765 3615 81 50 der
1876 3615 166 50 daraus
2072 3614 270 65 gefertigten
2373 3613 187 48 Röhren
2591 3613 114 48 nach
2734 3612 108 48 sich.
2874 3610 128 49 Auch
3034 3609 70 47 die
3133 3608 156 48 innere

1765 3693 277 49 Oberfläche
2066 3692 79 49 der
2170 3692 155 48 Bohre
2348 3690 79 49 hat
2451 3690 302 64 Einwirkung
2781 3689 81 48 auf
2885 3688 70 47 die
2978 3684 311 66 Klangfarbe;

1759 3772 47 63 je
1835 3772 166 63 glatter
2028 3770 62 47 sie
2119 3770 70 55 ist,
2229 3769 125 47 desto
2394 3767 357 49 unbehinderter
2780 3765 68 49 die
2878 3763 411 65 Luftschwingung

1766 3849 91 47 und
1887 3849 127 47 desto
2045 3847 148 48 reiner
2222 3845 90 49 und
2343 3845 201 49 schärfer
2573 3844 80 48 der
2682 3844 168 62 Klang,
2880 3840 215 50 während
3128 3840 130 64 hinge-

1764 3943 87 47 gen
1882 3927 100 47 eine
2011 3924 145 48 rauhe
2185 3923 281 49 Oberfläche
2497 3923 68 48 die
2594 3922 371 63 Schwingungen
2997 3919 171 47 hemmt
3196 3916 92 49 und

1765 4004 70 48 die
1864 4003 214 49 Reinheit
2107 4002 91 48 und
2227 4002 249 63 Helligkeit
2504 4000 78 49 des
2613 4000 197 63 Klanges
2840 3996 360 64 beeinträchtigt.
3217 4023 63 7 —

1766 4082 50 61 6)
1844 4083 93 48 Der
1956 4082 158 48 Form
2144 4080 114 50 nach
2283 4079 55 48 ist
2361 4079 70 48 die
2453 4078 157 49 Röhre
2633 4076 102 49 sehr
2758 4074 314 49 verschieden:
3101 4071 189 68 gerade,

2984 4151 71 50 42

2782 856 99 53 XII.
2924 856 271 69 Jahrgang.

217 856 81 52 Nr.
340 855 84 54 42.

1389 844 174 77 KÖLN,
1605 856 71 53 15.
1719 856 222 54 October
1982 857 137 53 1864.
