1558 2540
1252 2201 66 46 401

367 239 264 59 UNTER
867 239 140 56 DE
1008 238 67 57 LUPE

143 334 72 30 Das
236 329 248 37 „unsaubere“
504 326 148 30 Inserat.

167 381 57 25 Wir
252 379 113 25 erhalten
395 377 122 33 folgende
546 377 144 27 Zuschrift

200 424 107 32 „Lieber
332 424 117 32 Gegner!
513 423 107 25 Warum
644 426 45 22 tun

151 464 41 26 Sie
226 463 65 24 das?
343 461 108 24 Warum
485 467 127 18 versauen
647 460 44 25 Sie

152 503 57 24 Ihre
229 499 133 26 Fassade?
384 498 150 31 Empfehlen
607 498 83 25 neben

152 539 95 28 Grosz,
277 535 88 30 Lenin,
394 535 85 25 Frank
569 535 43 25 Sie
641 535 50 25 den

152 576 71 25 Hans
252 573 136 29 Reimann;
416 572 169 32 suggerieren
614 571 76 25 Ihren

152 614 93 24 Lesern
264 609 42 27 Sie
324 609 41 28 die
384 609 187 29 Scheißfetzen,
589 609 42 25 die
648 607 43 27 die

152 649 165 26 Frankfurter
352 646 111 32 Zeitung
508 647 52 24 und
596 647 95 24 andere

152 687 220 30 Flimmerorgane
391 684 44 24 auf
452 684 49 24 den
522 683 167 32 sächsischen

151 722 126 34 Siegfried
336 721 152 32 Jacobsohn
545 720 130 26 exkremen-

151 761 97 25 tieren?
292 759 126 24 Warum?
460 758 66 25 Darf
560 765 27 18 es
623 758 67 24 denn

153 797 116 26 wirklich
298 796 70 25 nicht
404 795 55 25 drei
497 795 110 24 saubere
635 793 42 26 Zei-

153 839 94 28 tungen
270 833 101 33 geben?
414 833 82 25 Lesen
520 832 42 25 Sie
586 832 47 24 Nr.
660 833 31 23 25

152 873 43 25 des
218 870 218 31 „Revolutionär“
458 870 65 26 über
545 869 32 25 H.
600 869 40 27 R.!

395 922 101 27 Moritz
521 923 135 24 Lederer.“

169 988 77 25 Diese
281 986 117 25 Polemik
435 986 87 25 hätten
557 985 42 26 Sie
634 985 55 26 sich

122 1033 90 25 sparen
238 1025 112 28 können,
376 1023 82 26 lieber
484 1022 101 26 Moritz
612 1023 64 24 Lede-

123 1070 48 17 rer.
214 1061 58 25 Wir
299 1063 108 23 räumen
438 1061 80 24 Ihnen
546 1067 66 25 gern
641 1061 47 23 das

122 1098 190 28 Kontrollrecht
343 1098 66 24 über
440 1098 49 24 den
513 1096 178 26 Inseratenteil

123 1136 42 25 des
191 1136 135 32 „Gegner“
350 1134 42 26 ein
470 1142 76 18 wenn
570 1134 42 25 Sie
637 1134 54 25 ihm

117 1175 64 24 trotz
197 1173 93 25 Defizit
304 1172 131 26 finanziell
450 1173 42 24 die
510 1172 120 25 Existenz
647 1180 26 15 er-

122 1210 149 32 möglichen.
310 1209 58 25 Wir
390 1209 90 25 ziehen
502 1216 26 17 es
551 1216 56 21 vor,
629 1216 47 22 „un-

122 1247 107 25 sauber“
257 1256 32 17 zu
317 1246 147 29 existieren,
491 1246 39 25 als
560 1246 129 29 „sauber“

123 1285 193 32 unterzugehen.
357 1282 123 33 Unfähig,
503 1283 64 25 aber
588 1284 89 24 anstän-

124 1321 42 32 dig
186 1330 32 17 zu
238 1321 63 29 sein,
322 1322 153 25 überlassen
494 1320 52 26 wir
567 1319 110 26 verbohr-

122 1360 40 23 ten
188 1358 213 26 Individualisten
428 1359 54 24 und
517 1357 67 26 alten
612 1357 64 33 Jung-

124 1395 59 25 fern.
223 1395 56 25 Wir
302 1396 95 25 wollen
420 1396 53 24 und
497 1395 92 25 dürfen
613 1400 79 20 unsre

125 1433 170 33 Propaganda
329 1433 71 25 nicht
435 1432 179 25 beschränken
649 1431 43 25 auf

125 1469 39 25 die
186 1470 99 29 Kreise,
306 1470 43 25 die
370 1477 48 18 uns
441 1470 54 24 und
516 1468 42 26 die
579 1468 52 26 wir
651 1468 28 25 be-

125 1506 79 32 jahen.
223 1506 385 34 Inserienmgsmöglichkeiten
625 1507 52 24 müs-

125 1551 44 18 sen
192 1544 50 25 wir
268 1545 127 24 benutzen
430 1552 31 17 so
495 1545 46 31 gut
575 1543 51 26 wie
652 1541 42 26 die

127 1580 150 26 Eisenbahn.
316 1581 83 25 Wenn
420 1581 52 25 wir
492 1581 63 25 aber
576 1580 118 25 bezahlte

126 1617 109 26 Inserate
278 1618 26 25 in
341 1619 49 24 den
427 1617 265 31 „Schmutzblättern“

126 1654 130 33 aufgeben,
294 1664 30 16 so
363 1658 107 23 müssen
578 1654 115 32 mangels

126 1691 67 26 edler
216 1693 116 32 Spender
420 1700 95 18 unsere
539 1693 79 24 Leser
653 1691 42 25 die

127 1728 95 26 Kosten
244 1731 100 31 tragen,
367 1731 24 24 d.
414 1731 25 24 h.
464 1729 112 26 indirekt
601 1736 94 18 unsere

127 1764 101 33 Gegner
254 1766 130 26 finanziell
411 1769 184 23 unterstützen.
640 1767 55 23 Das

121 1800 32 26 ist
174 1802 83 27 sicher
279 1806 66 24 noch
360 1806 171 28 unsauberer,
550 1804 62 25 muß
632 1804 64 24 aber

127 1842 62 24 auch
223 1844 153 31 geschehen,
413 1845 34 24 da
482 1842 197 28 Tauschinserie-

128 1884 65 26 rung
213 1879 80 26 leider
314 1881 70 25 nicht
407 1881 90 26 immer
517 1881 115 32 möglich
655 1881 40 25 ist.

175 1915 117 27 Glauben
329 1917 42 25 Sie
416 1926 47 18 ans
499 1918 195 25 revolutionäre

128 1950 109 34 Beispiel
269 1955 46 28 der
348 1955 134 26 radikalen
507 1954 171 33 Kompromiß-

130 1987 117 33 losigkeit
338 1993 67 24 dann
440 1993 113 27 handeln
579 1992 42 26 Sie
646 1992 50 26 wie

132 2024 74 27 Holz!
250 2027 57 26 Wir
334 2030 63 24 aber
430 2029 122 33 glauben,
588 2030 95 27 Revolu-

130 2060 53 26 tion
205 2065 52 24 und
280 2065 216 27 Kommunismus
528 2067 69 26 wird
628 2066 71 26 nicht

132 2099 178 32 verwirklicht,
327 2110 75 18 wenn
422 2112 59 16 man
503 2104 74 25 einen
596 2105 103 32 großen

139 2135 85 32 Bogen
247 2146 41 17 um
320 2140 40 24 die
391 2141 162 31 schmutzige
574 2142 67 25 Welt
663 2142 24 24 be-

736 325 123 30 schreibt,
894 325 115 25 sondern
1046 332 76 18 wenn
1158 332 59 18 man
1254 324 56 26 sich

735 362 89 26 mitten
863 362 165 26 hineinstellt.
1084 362 78 32 Jeder
1201 369 110 20 unserer

736 400 79 25 Leser
837 400 69 25 wird
938 400 112 25 deutlich
1085 400 86 29 sehen,
1218 399 92 25 wohin

735 437 52 25 wir
832 437 91 32 gehen,
969 445 77 17 wenn
1103 438 66 24 auch
1225 437 86 32 einige

735 473 236 33 Schmutzspritzer
992 474 36 25 im
1049 474 178 25 Inseratenteil
1247 475 48 24 hän-

735 519 50 24 gen
807 511 103 25 bleiben
931 513 102 30 mögen.

785 557 55 25 Zur
867 557 81 25 Sache
975 557 80 25 selbst
1084 557 33 25 ist
1153 565 32 17 zu
1222 565 88 25 sagen,

736 594 52 25 daß
820 602 27 17 es
877 593 71 26 nicht
978 602 80 17 unser
1090 595 60 24 Amt
1189 594 41 28 ist,
1261 595 49 24 den

737 631 204 25 Lebenswandel
966 632 47 28 der
1037 631 214 33 Berufskollegen
1279 640 31 16 zu

736 668 194 26 kontrollieren.
975 669 55 25 Das
1058 669 130 32 besorgen
1216 669 25 32 ja
1268 669 43 25 die

736 706 140 32 Pfempfert
901 706 54 25 und
982 705 161 32 Jacobsohn,
1176 706 43 25 die
1253 706 43 27 Rei-

736 752 77 16 mann
840 743 54 25 und
920 743 120 28 offenbar
1067 743 66 26 auch
1160 743 50 25 Sie.
1254 744 56 23 Wie

736 781 181 31 wirkungslos
945 780 102 26 solches
1076 780 58 25 Tun
1163 781 41 28 ist,
1232 781 78 24 sehen

736 818 43 25 Sie
804 818 90 29 daran,
927 818 52 24 daß
1007 818 59 29 wir,
1100 818 60 25 statt
1194 825 49 18 uns
1279 825 31 17 zu

735 855 117 30 bessern,
897 854 79 26 Ihnen
1022 854 41 26 ein
1108 854 203 26 Tauschinserat

735 892 83 25 neben
846 892 81 25 denen
956 892 46 25 der
1031 892 206 30 „Unsauberen“
1265 899 30 18 an-

736 929 92 26 bieten.
871 929 83 27 Keine
981 929 84 32 Angst
1089 937 44 17 um
1157 930 49 25 den
1232 931 79 31 guten

736 966 57 29 Ruf,
823 966 101 26 Moritz
1009 966 120 26 schicken
1159 967 42 25 Sie
1232 967 79 24 Ihren

734 1004 70 24 Text.

736 1049 144 27 Redaktion
901 1050 54 24 und
973 1049 96 32 Verlag
1089 1049 71 30 „Der
1180 1049 129 32 Gegner“.

886 1136 264 31 Instruktionen

841 1185 67 23 zur
929 1177 260 39 Organisation

741 1220 64 29 der
820 1219 248 34 „Mündlichen
1084 1219 229 39 Zeitungen“.

738 1277 69 33 (Aus
832 1277 57 25 dem
914 1276 248 33 „Mitteilungsblatt
1187 1278 45 25 des
1256 1286 42 17 rus-

737 1313 103 27 sischen
871 1313 251 26 kommunistischen
1152 1315 144 32 Jugendver-

737 1351 115 25 bandes“
896 1351 124 30 Moskau,
1057 1351 132 32 Frühjahr
1227 1352 83 32 1921.)

788 1388 29 26 In
836 1388 90 25 letzter
945 1388 57 25 Zeit
1023 1388 43 26 hat
1086 1388 27 25 in
1133 1388 163 32 Sowjet-Ruß-

738 1425 60 25 land
821 1425 43 26 die
888 1425 171 29 „Mündliche
1083 1425 129 33 Zeitung“
1236 1425 76 26 weite

737 1461 176 33 Verbreitung
939 1462 136 32 gefunden.
1121 1463 45 24 Ihr
1193 1461 105 26 Erschei-

739 1508 49 17 nen
816 1500 34 25 ist
873 1500 207 32 hervorgerufen
1105 1501 99 24 erstens
1230 1500 83 25 durch

739 1537 42 25 die
798 1537 150 32 ungeheure
964 1537 66 25 Zahl
1046 1545 54 17 von
1117 1537 196 32 Analphabeten

739 1575 54 24 und
812 1574 259 32 Halbanalphabeten
1090 1573 27 26 in
1135 1574 50 25 den
1204 1574 110 25 Massen

740 1612 46 25 der
805 1611 184 30 Arbeitenden,
1006 1612 81 24 denen
1103 1611 57 26 eine
1174 1610 141 34 gedruckte

739 1649 112 32 Zeitung
879 1648 210 26 unverständlich
1118 1648 41 29 ist,
1185 1648 129 25 wodurch

741 1686 38 25 sie
800 1694 61 18 vom
882 1685 251 33 gesellschaftlichen
1155 1686 85 24 Leben
1262 1685 40 25 iso-

741 1724 58 24 liert
820 1724 54 24 und
895 1723 52 25 wie
969 1722 153 33 abgerissen
1145 1722 70 32 sind;
1239 1723 62 24 zwei-

741 1763 56 24 tens
818 1761 82 25 durch
920 1761 43 25 die
982 1759 205 33 Papier-Krisis,
1207 1759 42 25 die
1268 1759 47 25 das

743 1798 72 25 Land
833 1797 148 31 durchlebt;
1000 1797 53 26 und
1072 1796 108 26 drittens
1199 1796 117 29 deshalb,

743 1835 59 25 weil
830 1834 41 26 die
899 1834 170 30 „Mündliche
1096 1834 127 31 Zeitung“
1259 1833 57 25 eine

744 1881 64 16 neue
833 1872 79 26 Form
946 1872 46 24 der
1023 1870 134 33 Agitation
1192 1870 125 30 darsteilt,

743 1909 98 25 welche
864 1908 42 27 die
929 1909 57 29 alte,
1018 1908 82 25 schon
1132 1907 62 26 bald
1218 1907 83 26 Ueber-

743 1947 68 24 druß
833 1946 209 25 verursachende
1063 1945 90 25 Form:
1176 1945 47 24 das
1246 1944 54 26 Mee-

743 1983 65 33 ting,
830 1984 101 24 ersetzt.

795 2029 58 25 Alle
892 2029 72 26 diese
1001 2027 108 25 Gründe
1150 2027 167 26 veranlassen

745 2067 65 24 auch
832 2073 111 18 unseren
964 2064 130 29 Verband,
1116 2072 33 17 an
1171 2063 42 26 die
1232 2064 70 32 Orga-

746 2103 114 26 nisation
904 2101 162 26 mündlicher
1104 2100 146 34 Zeitungen
1285 2109 33 17 zu

742 2140 90 32 gehen.
