1539 2540
319 2238 56 35 380

293 294 142 30 schieden
454 292 125 31 werden
597 292 133 30 können.
769 290 35 29 Z.
823 289 33 29 B.
877 290 47 28 ein
943 289 79 29 Paar
1040 287 101 30 Stiefel
1159 287 40 30 ist
1215 285 66 30 fünf
1298 285 49 30 bis
1365 284 99 31 sieben-

292 341 60 29 mal
373 342 100 27 teurer
492 339 46 30 als
557 339 47 28 ein
626 337 68 29 Pud
715 337 52 37 (16
788 335 84 37 Kilo)
894 334 99 38 Mehl;
1014 335 48 29 ein
1083 332 69 30 Pud
1173 331 84 31 Mehl
1277 332 40 29 ist
1336 329 126 31 hundert-

291 386 60 30 mal
372 387 100 28 teurer
490 384 46 30 als
554 384 47 30 ein
620 383 109 36 Bogen
750 381 110 38 Papier
879 388 77 21 usw.
997 378 85 33 Aber
1101 378 54 30 der
1173 377 86 32 Wert
1277 378 81 29 eines
1378 374 102 31 Pudes

294 431 85 30 Mehl
404 433 31 28 in
461 430 22 29 E
508 430 80 29 reißt
611 428 64 30 sich
699 437 62 20 von
787 426 67 30 dem
880 425 101 30 Preise
1005 423 98 31 dieses
1127 423 68 30 Pud
1220 423 50 29 auf
1296 422 67 30 dem
1387 421 93 30 freien

294 477 120 30 Markte
431 474 189 37 vollständig
650 475 58 36 los,
738 472 65 30 und
823 471 52 30 der
894 470 147 38 Versuch,
1072 468 48 31 die
1140 469 103 29 Preise
1271 477 63 21 von
1353 466 39 31 W
1423 466 58 30 den

292 522 180 30 staatlichen
505 520 123 30 Preisen
661 517 261 38 unterzuordnen,
964 518 40 28 ist
1035 516 48 29 ein
1115 524 81 28 ganz
1228 512 253 38 hoffnungsloses

294 568 219 37 Unterfangen.
562 565 92 30 Diese
677 562 322 39 Hoffnungslosigkeit
1024 560 130 31 braucht
1179 560 84 30 nicht
1287 560 61 28 erst
1371 559 31 29 in
1430 557 52 30 der

295 614 105 29 Praxis
424 612 123 39 geprüft
571 620 39 20 zu
633 610 135 39 werden,
793 609 71 29 weil
888 609 45 29 sie
955 607 56 31 mit
1034 604 288 39 unwiderleglicher
1345 604 137 31 Klarheit

294 669 63 21 von
383 659 53 30 der
461 657 264 31 unbestreitbaren
762 653 224 31 theoretischen
1011 651 133 40 Analyse
1179 650 178 38 festgestellt
1393 649 88 30 wird.

296 706 59 29 Die
376 703 202 38 Marktpreise
598 702 101 30 lassen
720 701 65 30 sich
807 699 103 39 regeln
933 706 68 31 nur,
1023 697 103 30 indem
1147 705 73 22 man
1243 694 171 31 besondere
1435 694 32 30 be-

295 750 149 38 wegliche
468 747 216 32 Preistabellen
708 746 141 39 aufstellt,
883 745 48 30 die
955 744 51 30 auf
1028 743 54 31 der
1115 741 219 31 annähernden
1358 739 108 32 Berech-

296 805 87 25 nung
400 804 63 21 von
479 795 39 30 W
537 794 65 30 und
619 793 53 30 der
690 793 67 30 dem
776 792 101 29 Staate
893 799 81 29 ganz
992 797 101 30 genau
1110 788 172 30 bekannten
1300 786 114 38 Menge
1432 785 52 30 des

296 843 32 29 in
348 840 126 32 Umlauf
495 840 155 38 gesetzten
672 836 219 40 Papiergeldes
912 834 172 39 begründet
1105 833 80 32 sind.

1266 832 139 31 Nehmen
1427 832 59 29 wir

299 889 46 28 ein
369 886 139 38 Beispiel.
552 884 140 31 Nehmen
715 884 60 29 wir
797 891 49 30 an,
869 882 61 29 daß
955 880 50 31 auf
1028 880 68 30 dem
1120 879 120 30 Markte
1262 879 46 29 als
1333 877 151 38 Ergebnis

299 934 81 28 einer
398 940 120 30 ganzen
539 930 92 31 Reihe
649 939 63 21 von
733 927 370 39 Papiergeldemissionen
1134 923 145 39 folgende
1300 924 103 29 Preise
1421 922 65 30 sich

299 978 120 31 bilden:
438 978 86 29 Mehl
571 992 9 10 -
599 976 56 29 100
672 974 96 31 Rubel
786 974 56 30 das
858 973 78 39 Pud,
953 973 107 29 Butter
1131 971 39 29 25
1188 969 97 32 Rubel
1301 969 56 30 das
1375 968 111 39 Pfund,

300 1026 48 28 ein
367 1024 79 30 Paar
465 1021 100 32 Stiefel
586 1021 57 30 100
662 1020 95 31 Rubel
778 1028 93 28 usw.;
892 1018 53 30 der
963 1018 83 29 Staat
1063 1018 40 29 ist
1121 1016 79 30 nach
1220 1016 116 37 einiger
1354 1014 67 30 Zeit
1438 1023 32 28 ge-

299 1070 112 38 nötigt,
434 1068 48 30 für
505 1068 136 30 mehrere
666 1065 175 30 Milliarden
866 1063 184 38 Papiergeld
1075 1061 264 37 herauszugeben.
1384 1059 103 30 Damit

301 1117 30 29 in
349 1114 135 31 Zukunft
501 1113 84 30 nicht
603 1113 54 30 der
674 1112 102 29 Markt
793 1110 52 30 die
859 1110 105 30 Preise
980 1108 168 38 bestimme,
1167 1106 136 30 sondern
1323 1105 53 30 der
1395 1105 93 38 Staat,

301 1162 75 30 muß
397 1160 138 30 letzterer
553 1158 101 30 sofort
677 1158 78 29 nach
779 1157 53 29 der
853 1153 203 39 Herausgabe
1077 1154 83 29 einer
1182 1160 99 22 neuen
1304 1152 100 29 Partie
1426 1159 60 21 von

303 1205 182 39 Papiergeld
508 1204 96 31 selbst
628 1203 57 30 alle
710 1202 102 30 Preise
834 1202 31 28 in
891 1200 68 30 dem
983 1199 174 31 Verhältnis
1183 1197 145 39 erhöhen,
1363 1198 32 28 in
1421 1196 66 30 dem

303 1253 99 29 dieses
419 1251 96 29 durch
535 1250 48 30 die
599 1258 78 21 neue
694 1248 155 29 Emission
867 1244 240 40 hervorgerufen
1125 1243 91 31 wird.
1254 1243 94 29 Dann
1365 1241 121 31 werden

304 1298 48 29 die
375 1306 72 21 vom
473 1296 99 30 Staate
597 1294 191 30 bestimmten
813 1293 95 29 festen
934 1291 103 30 Preise
1070 1289 84 31 nicht
1190 1291 47 28 ein
1263 1287 139 31 Produkt
1437 1287 53 29 der

303 1343 173 38 Phantasie,
512 1340 137 31 sondern
676 1339 50 30 auf
755 1339 54 29 der
834 1337 203 37 Berechnung
1075 1335 52 31 des
1164 1334 176 30 wirklichen
1377 1341 93 30 gegen-

303 1390 127 37 seitigen
447 1387 225 30 Verhältnisses
688 1384 156 30 zwischen
859 1383 40 30 W
917 1381 65 31 und
999 1381 24 30 E
1040 1380 174 39 begründet
1230 1381 75 30 sein.
1344 1379 53 30 Bei
1414 1378 56 30 Vor-

304 1434 188 29 handensein
510 1433 83 30 einer
609 1431 120 29 starken
746 1430 174 37 Regierung
936 1427 66 31 und
1018 1427 55 30 der
1091 1425 259 38 entsprechenden
1366 1424 107 31 strafen-

305 1479 59 31 den
384 1478 162 31 Behörden
566 1477 80 30 kann
665 1485 71 21 man
758 1474 82 31 diese
859 1474 104 30 Preise
980 1472 48 31 bis
1048 1481 58 21 zur
1124 1471 146 30 nächsten
1290 1469 200 39 Herausgabe

304 1534 62 21 von
389 1522 182 40 Papiergeld
592 1521 136 31 aufrecht
751 1521 145 36 erhalten,
917 1519 69 29 weil
1009 1518 82 29 diese
1112 1517 103 30 Preise
1236 1515 51 31 auf
1309 1515 60 30 den
1390 1515 99 30 Markt

304 1571 129 29 bewußt
467 1567 254 39 hereingebracht
745 1564 127 32 werden
896 1564 32 30 in
966 1563 67 31 dem
1058 1562 182 39 Verhältnis,
1276 1562 31 30 in
1343 1559 145 32 welchem

305 1617 45 29 sie
376 1616 64 30 sich
466 1612 202 32 automatisch
694 1612 160 30 festsetzen
879 1610 140 38 würden,
1054 1618 93 21 wenn
1174 1608 54 29 der
1253 1607 102 30 Markt
1378 1606 111 30 seinem

306 1663 126 37 eigenen
450 1659 152 31 Schicksal
619 1657 179 31 überlassen
815 1658 93 29 wäre.
946 1655 42 30 So
1004 1654 75 31 muß
1098 1654 55 30 der
1170 1653 84 31 Staat
1271 1652 78 31 auch
1366 1651 49 31 bei
1434 1651 55 30 den

306 1707 166 38 folgenden
499 1705 195 30 Emissionen
719 1702 170 31 verfahren.
936 1700 70 31 Nur
1032 1709 37 21 so
1097 1701 65 29 eine
1189 1698 299 36 Preisbestimmung,

306 1754 49 29 bei
379 1752 133 31 welcher
534 1750 54 30 der
610 1750 81 30 Kurs
715 1748 55 31 des
793 1746 216 39 Papiergeldes
1032 1747 31 28 in
1088 1745 58 30 den
1169 1744 114 30 Waren
1307 1743 51 31 auf
1381 1740 107 33 Grund

307 1798 52 30 des
380 1797 224 31 Verhältnisses
622 1794 156 31 zwischen
798 1793 40 30 W
857 1792 65 31 und
943 1792 23 29 E
987 1790 178 38 festgestellt
1183 1789 89 39 wird,
1293 1788 48 31 bei
1361 1788 128 31 welcher

308 1844 54 30 der
382 1844 83 30 Staat
485 1842 49 30 die
553 1842 104 29 Preise
676 1841 84 29 nicht
780 1839 129 39 diktiert,
929 1837 136 31 sondern
1085 1837 44 30 sie
1149 1835 67 30 sich
1235 1834 97 32 selbst
1350 1843 63 22 von
1434 1833 55 30 den

309 1889 149 31 Gesetzen
484 1888 54 29 des
562 1885 215 32 Geldumlaufs
799 1886 31 29 in
857 1884 48 30 die
929 1883 95 30 Feder
1050 1882 145 30 diktieren
1220 1881 64 29 läßt
1371 1889 60 21 nur
1457 1886 32 21 so

310 1936 63 29 eine
400 1933 294 36 Preisbestimmung
720 1932 39 29 ist
786 1929 177 30 tatsächlich
992 1927 181 31 erreichbar.

391 1983 84 29 Aber
498 1991 94 20 wozu
614 1982 38 29 ist
675 1981 44 29 sie
741 1979 112 37 nötig?

1185 833 35 38 ■*)

374 2095 26 31 *)
421 2093 51 26 Die
492 2093 98 31 Menge
611 2092 44 25 des
677 2090 184 32 Papiergeldes
883 2089 110 25 anderer
1013 2088 102 24 Staaten
1139 2086 35 25 im
1196 2086 109 24 Inneren
1326 2086 45 24 des
1394 2084 95 26 Landes

312 2133 32 24 ist
369 2129 254 28 selbstverständlich
651 2129 102 25 schwer
778 2135 32 17 zu
837 2126 153 28 berechnen,
1016 2124 67 26 doch
1109 2124 69 24 kann
1205 2122 70 25 diese
1302 2122 97 33 Menge
1425 2119 64 27 nicht

312 2169 142 25 besonders
475 2168 69 31 groß
564 2166 64 25 sein.
