1514 2540
269 2195 64 34 360

1010 2121 155 38 Julian
1186 2122 221 39 Gumperz

278 242 142 33 Arbeiter
439 247 130 29 stärken.
610 247 90 31 Reale
718 247 92 40 Hilfe,
831 250 89 30 allein
940 260 63 21 von
1023 251 53 31 der
1096 252 204 39 Bourgeoisie
1320 255 147 40 geleistet,

278 290 106 30 müßte
408 290 56 30 das
488 291 115 32 Gefühl
627 292 55 31 der
705 292 228 41 Abhängigkeit
958 297 41 28 im
1025 297 183 33 Proletariat
1232 300 136 30 erhöhen
1404 302 63 30 und

278 334 95 31 damit
393 337 65 29 sein
481 336 325 33 Klassenbewußtsein
828 340 193 32 schwächen.
1065 342 102 31 Wozu
1191 344 140 32 keinerlei
1354 346 113 31 Grund

277 380 141 39 vorliegt.
463 382 89 30 Denn
576 382 49 32 die
646 383 277 34 Hilfsbereitschaft
946 387 54 30 der
1023 388 208 38 bourgeoisen
1255 391 212 39 Regierungen

279 426 65 29 und
365 426 128 38 Organe
516 429 39 29 ist
575 429 85 32 nicht
681 431 80 29 etwa
782 431 49 30 ein
853 431 139 32 Produkt
1015 433 82 31 ihres
1118 436 95 36 guten
1235 435 138 41 Willens,
1397 447 53 21 son-

280 471 74 30 dern
379 473 47 29 ein
451 473 153 38 Ergebnis
629 473 55 32 der
706 475 103 39 Angst
831 485 58 22 vor
912 477 58 31 den
994 478 223 40 Forderungen
1253 482 54 30 der
1341 483 125 38 eigenen

280 516 136 32 Massen.
454 519 107 30 Durch
580 520 47 30 ein
645 521 120 38 „Nein“
782 522 110 31 würde
907 532 71 21 man
995 525 65 29 sich
1077 534 56 21 vor
1152 526 58 29 den
1229 527 125 31 Massen
1372 529 95 38 völlig

279 562 218 41 demaskieren,
516 565 64 30 und
598 575 71 20 man
686 566 65 30 will
771 567 75 31 eben
866 569 64 29 sein
951 569 144 31 robustes
1114 570 161 32 Gewissen
1295 573 74 30 kurz
1389 574 78 31 nach

279 607 69 31 dem
371 608 221 32 Massenmord
624 612 84 30 nicht
730 612 99 31 schon
852 614 116 32 wieder
990 616 55 31 mit
1068 616 163 31 Millionen
1256 618 129 31 Leichen
1419 619 32 31 be-

277 653 107 39 lasten,
405 656 187 38 umsomehr,
613 657 46 30 als
678 666 81 30 man,
780 659 173 38 abgesehen
973 670 63 20 von
1057 661 59 31 den
1134 671 81 29 ganz
1236 663 230 31 konservativen

279 699 138 40 Kreisen,
453 700 49 30 die
526 701 56 31 das
607 703 30 37 ja
661 704 50 29 nie
736 704 157 30 verstehen
919 706 134 39 werden,
1090 716 57 22 zur
1172 708 67 31 Zeit
1264 709 48 30 ein
1347 710 120 29 solches

279 744 250 32 Massensterben
552 747 49 30 für
624 748 85 30 nicht
730 758 82 29 ganz
837 753 158 35 opportun
1018 751 78 39 hält;
1120 753 39 38 ja,
1183 763 71 21 man
1278 754 135 39 begrüßt
1436 765 31 21 es

275 798 106 31 sogar,
417 791 64 30 sich
506 800 37 22 so
568 793 165 31 moralisch
759 804 58 21 vor
842 796 53 30 der
921 796 244 34 Oeffentlichkeit
1189 800 202 31 restaurieren
1426 810 39 21 zu

277 835 133 40 können,
434 837 74 30 aber
530 838 77 30 auch
629 839 195 39 gleichzeitig
848 840 49 31 die
918 841 199 32 Absatzkrise
1140 844 96 30 durch
1261 845 50 30 die
1333 845 115 32 Wieder-

277 880 178 40 eroberung
474 882 53 31 des
546 884 196 38 ungeheuren
762 886 176 31 russischen
960 887 136 31 Marktes
1115 899 39 20 zu
1175 890 210 34 überwinden.

357 1526 59 29 Die
457 1535 100 29 ganze
599 1526 186 33 Hilfsaktion
838 1528 123 40 könnte,
1016 1530 217 32 oberflächlich
1287 1533 174 40 betrachtet,

274 1571 46 30 als
369 1571 67 30 eine
495 1571 243 40 Angelegenheit
798 1575 173 37 angesehen
1041 1576 135 40 werden,
1240 1578 48 30 die
1338 1580 122 37 jenseits

275 1616 54 32 des
368 1618 265 38 Klassenkampfes
672 1628 57 21 vor
768 1620 65 29 sich
872 1620 82 38 geht.
1015 1622 66 30 Das
1119 1622 160 39 Gegenteil
1318 1625 39 29 ist
1396 1625 49 29 Tat-

274 1662 106 31 sache:
423 1663 142 31 Rußland
595 1665 87 30 rückt
721 1665 115 30 wieder
879 1666 31 30 in
953 1666 58 30 den
1043 1667 198 39 Mittelpunkt
1283 1668 53 32 der
1377 1679 68 21 euro-

275 1709 145 37 päischen
444 1709 111 31 Politik
578 1710 64 30 und
666 1710 95 31 damit
785 1712 77 29 auch
886 1712 31 30 in
941 1711 58 31 den
1023 1712 201 39 Brennpunkt
1248 1714 53 31 des
1325 1717 119 37 europäi-

274 1754 92 30 schen
390 1754 275 39 Klassenkampfes.
712 1756 64 31 Das
799 1757 235 32 internationale
1057 1759 183 31 Proletariat
1262 1761 81 29 wird
1366 1761 94 31 daran

275 1799 117 31 denken
415 1802 135 37 müssen,
588 1800 61 31 daß
675 1801 49 31 die
749 1802 203 38 Bourgeoisie
976 1804 31 29 in
1031 1804 207 31 Wirklichkeit
1272 1806 108 31 immer
1404 1814 56 22 nur

274 1845 49 31 ihr
345 1845 277 32 Klasseninteresse
644 1846 101 40 kennt,
769 1848 65 29 und
857 1848 61 30 daß
943 1848 96 31 daher
1061 1849 105 31 früher
1189 1850 76 31 oder
1288 1853 103 36 später
1415 1851 45 30 die

272 1890 186 31 Hilfsaktion
484 1891 199 39 Umschlagen
709 1894 74 30 muß
807 1895 33 29 in
866 1895 97 29 einem
989 1895 112 38 Kampf
1126 1904 98 30 gegen
1253 1896 187 39 Sowjet-Ruß-

273 1936 82 30 land.
406 1937 65 30 Das
510 1938 146 30 Interesse
696 1938 54 30 der
789 1939 174 30 russischen
1004 1942 60 29 wie
1103 1940 53 31 der
1184 1940 273 33 Welt-Revolution

273 1982 150 31 erfordert
439 1991 42 31 es,
500 1983 61 30 daß
582 1983 55 31 das
655 1983 182 32 Proletariat
853 1985 83 30 seine
952 1995 100 28 ganze
1069 1986 106 32 Macht
1193 1989 185 36 organisiert
1397 1986 59 32 und

272 2028 214 39 konzentriert,
510 2037 51 21 um
583 2030 83 29 seine
688 2029 174 39 Regierung
885 2040 40 20 zu
948 2030 204 32 überwachen
1175 2032 65 30 und
1262 2034 44 29 sie
1328 2043 39 20 zu
1392 2033 63 29 dem

272 2082 38 21 zu
334 2074 154 38 zwingen,
509 2083 67 21 was
598 2075 44 30 sie
666 2076 32 29 in
721 2074 206 32 Wirklichkeit
952 2077 84 30 nicht
1058 2077 77 30 will:
1170 2077 186 40 Tatkräftige
1378 2076 77 31 Hilfe

272 2118 48 31 für
340 2119 280 38 Sowjet-Rußland.

695 989 127 30 Soeben
855 991 194 31 erschienen:

283 1036 366 122 ROTE
710 1039 754 117 SOLDATEN

694 1187 167 31 Politische
897 1189 154 38 Tragödie

695 1229 32 29 in
760 1229 69 29 fünf
853 1229 100 31 Akten
986 1239 63 22 von

275 1281 228 57 KARL
549 1282 372 60 AUGUST
959 1286 503 61 WITTVOGEL

746 1361 84 30 Preis
846 1362 64 30 Mk.
927 1363 70 29 7.50

277 1409 158 53 DER
470 1411 994 58 MALIK-VERLAG/BERLIN
