1544 2540
1248 2209 54 44 371

157 273 145 62 Das
344 265 515 65 Finanzwesen
901 281 135 44 zur
1078 258 150 66 Zeit

99 357 132 61 der
273 349 335 65 Diktatur
651 347 128 63 des
822 342 466 66 Proletariats

178 450 57 29 Die
266 447 120 37 Fragen
418 444 55 31 der
501 442 228 39 Finanzpolitik
769 450 57 21 zur
856 441 66 30 Zeit
965 439 54 31 der
1050 439 144 30 Diktatur
1236 436 55 32 des

172 495 131 36 etariats,
332 490 222 32 insbesondere
583 489 49 31 die
659 489 100 36 Frage
787 487 54 30 des
868 484 217 40 Papiergeldes
1114 485 31 29 in
1175 484 114 29 diesem

338 536 73 32 sind
432 545 62 22 von
519 536 144 38 größtem
687 534 148 30 Interesse
856 532 50 30 für
927 531 68 39 jede
1017 529 274 32 kommunistische

99 587 107 33 Partei.
252 584 76 39 Jede
351 581 274 32 kommunistische
649 580 101 29 Partei
774 577 82 32 wird
882 577 134 30 dereinst
1039 576 79 30 nach
1143 575 148 37 erfolgter

100 630 233 44 proletarischer
352 628 184 32 Revolution
556 636 49 20 am
626 623 288 40 Regierungsruder
933 623 81 30 ihres
1034 621 120 30 Landes
1174 621 117 30 stehen.

100 678 105 33 Gleich
229 685 48 21 am
301 677 99 28 ersten
423 674 86 37 Tage
533 673 83 30 ihrer
642 670 178 31 Herrschaft
852 668 126 31 werden
1014 667 48 31 die
1097 666 194 40 praktischen

101 726 117 37 Fragen
240 722 54 30 der
316 719 229 39 Finanzpolitik
564 718 66 30 sich
651 717 49 31 ihr
721 714 269 41 entgegenstellen.
1034 713 36 37 Je
1092 712 96 31 näher
1210 711 84 31 diese

101 771 74 31 oder
193 771 66 37 jene
280 767 111 38 Partei,
411 765 48 31 die
480 766 48 29 ein
548 763 94 32 Glied
663 763 54 30 der
736 760 296 32 kommunistischen
1054 758 239 31 Internationale

101 816 102 38 bildet,
224 823 60 22 vor
305 812 55 31 der
382 810 203 39 Möglichkeit
607 811 82 29 einer
710 806 295 32 kommunistischen
1028 804 211 38 Umwälzung
1261 804 33 29 in

102 840 101 53 ihrem’
220 859 105 31 Lande
347 858 91 39 steht,
463 857 88 30 desto
576 855 117 31 stärker
715 854 76 30 muß
819 853 54 30 der
897 850 140 32 Wunsch
1060 851 84 30 ihrer
1168 849 128 31 Glieder

102 908 74 38 sein,
192 915 40 21 zu
247 906 125 37 wissen,
389 913 68 21 was
474 903 50 29 die
539 901 180 38 Erfahrung
735 899 52 31 auf
804 899 113 30 diesem
935 897 128 31 Gebiete
1081 896 67 31 dem
1167 896 128 38 Sowjet-

103 952 141 33 Rußland
268 950 150 39 gebracht
442 949 63 30 hat.
551 948 120 29 Unsere
698 944 236 32 ausländischen
962 942 165 32 Genossen
1152 950 57 22 aus
1235 940 60 31 den

103 997 148 40 Ländern,
273 996 49 30 die
343 995 55 31 der
418 993 243 40 proletarischen
683 991 185 32 Revolution
889 989 100 31 schon
1011 988 80 31 nahe
1112 988 183 38 gekommen

103 1044 70 30 sind
192 1042 64 31 und
277 1042 65 30 sich
362 1040 85 32 nicht
468 1040 51 30 für
539 1039 50 31 die
609 1037 226 38 Finanzfragen
857 1045 58 21 zur
935 1035 67 31 Zeit
1025 1033 54 32 der
1101 1033 180 32 Proletarier-

106 1091 129 29 diktatur
261 1088 223 39 interessieren,
512 1086 118 30 kennen
658 1082 270 40 augenscheinlich
957 1080 118 32 einfach
1101 1079 84 31 noch
1212 1078 86 31 nicht

106 1136 55 30 alle
185 1136 67 38 jene
277 1133 163 31 Probleme
465 1131 66 31 und
557 1129 280 39 Schwierigkeiten,
874 1127 50 31 die
951 1127 84 30 ihrer
1070 1127 43 28 im
1140 1125 65 30 Fall
1242 1124 54 29 des

107 1181 100 38 Sieges
234 1179 54 31 der
315 1176 320 33 Proletarierdiktatur
661 1176 122 31 harren.
832 1174 120 30 Unsere
979 1171 109 32 Pflicht
1115 1172 40 30 ist
1183 1179 42 30 es,
1253 1171 45 29 sie

108 1227 93 29 daran
222 1235 41 21 zu
284 1226 143 29 erinnern
450 1223 65 31 und
535 1224 53 37 sie,
611 1222 50 31 bis
682 1231 31 21 es
737 1220 83 31 noch
842 1219 68 32 Zeit
929 1219 50 39 ist,
1000 1218 190 38 wenigstens
1213 1216 68 30 theo-

107 1272 106 30 retisch
235 1280 57 21 zur
313 1268 259 39 Ueberwindung
596 1268 100 31 dieser
718 1265 270 38 Schwierigkeiten
1009 1263 245 31 vorzubereiten.

208 1351 20 30 1.
253 1351 65 29 Das
342 1347 184 40 Papiergeld
549 1346 79 30 nach
653 1346 53 30 der
729 1343 243 40 proletarischen
996 1341 194 33 Revolution.

188 1413 99 30 Wenn
310 1412 49 31 die
382 1409 195 33 Gesundheit
600 1408 65 31 und
688 1407 50 31 die
760 1407 88 31 Kraft
872 1406 55 31 der
950 1405 211 39 bourgeoisen
1185 1402 100 32 Gesell-

110 1458 94 31 schaft
235 1458 52 31 auf
319 1458 55 30 der
395 1456 216 37 Vermehrung
644 1454 54 31 der
730 1455 32 29 in
785 1452 127 31 Umlauf
947 1451 205 31 befindlichen
1175 1449 105 31 Waren-

110 1512 106 30 menge
246 1503 148 38 beruhen,
428 1502 53 30 der
504 1501 120 39 Größe,
658 1499 48 31 die
726 1500 61 30 wir
817 1499 56 30 mit
894 1498 39 29 W
955 1496 187 31 bezeichnen
1174 1495 127 38 wollen,

111 1557 87 22 wenn
223 1549 48 31 die
292 1548 162 31 Zunahme
476 1557 63 21 von
562 1547 39 29 W
625 1546 48 30 ein
698 1544 205 32 Gradmesser
928 1552 57 21 zur
1009 1543 212 37 Bestimmung
1246 1541 55 30 des

111 1595 156 36 gesunden
291 1595 197 30 Wachstums
515 1592 99 31 dieser
638 1590 203 32 Gesellschaft
865 1591 49 37 ist,
940 1598 38 22 so
1004 1588 151 31 erscheint
1178 1587 50 31 für
1253 1587 50 29 die

112 1639 262 40 Uebergangszeit
399 1649 73 21 vom
498 1638 224 39 Kapitalismus
746 1645 73 22 zum
845 1635 257 32 Kommunismus
1129 1633 45 30 als
1203 1632 80 31 Grad-

113 1693 111 23 messer
247 1696 58 22 zur
329 1686 212 37 Bestimmung
567 1684 56 31 der
648 1682 127 39 Erfolge
800 1682 56 30 der
891 1689 99 23 neuen
1015 1678 204 33 Gesellschaft
1254 1677 51 31 die

115 1729 105 32 Größe
246 1732 34 41 E,
308 1733 30 29 d.
365 1732 30 30 h.
423 1731 49 31 die
499 1731 115 38 Menge
642 1729 55 31 der
726 1728 207 38 Erzeugnisse
960 1726 98 39 (nicht
1086 1725 54 30 der
1164 1723 139 38 Waren),

113 1776 112 31 welche
246 1777 49 32 die
315 1777 315 38 Verteilungsorgane
653 1774 53 32 des
727 1773 247 31 sozialistischen
996 1771 118 31 Staates
1136 1770 166 39 passieren.

195 1823 64 30 Das
273 1823 197 31 Anwachsen
485 1831 63 22 von
564 1821 23 30 E
604 1821 52 31 auf
670 1820 118 32 Kosten
803 1828 63 21 von
881 1818 51 39 W,
949 1817 55 32 der
1019 1816 112 39 Kampf
1147 1814 156 32 zwischen

118 1865 21 29 E
164 1868 62 30 und
249 1868 49 40 W,
324 1869 57 31 das
405 1871 39 30 ist
469 1868 53 31 der
547 1866 112 39 Kampf
684 1865 54 31 der
762 1864 246 32 sozialistischen
1033 1861 180 39 Verteilung
1247 1861 58 30 mit

119 1910 65 31 dem
210 1915 259 31 anarchistischen
496 1912 118 33 Wirbel
644 1911 54 31 des
724 1910 146 32 Marktes.
919 1910 36 36 Je
981 1908 88 31 mehr
1098 1908 207 38 Erzeugnisse

118 1955 31 30 in
171 1957 47 31 die
239 1959 111 32 Hände
374 1961 54 30 der
452 1961 176 38 Regierung
653 1957 53 31 des
731 1955 242 40 proletarischen
998 1954 118 31 Staates
1140 1952 167 39 gelangen,

120 2002 119 32 sowohl
263 2006 116 38 infolge
407 2006 55 31 der
488 2004 288 37 Nationalisierung
802 2003 108 30 immer
936 2008 94 23 neuer
1056 1999 231 31 Unternehmun-

121 2054 57 28 gen
196 2050 62 31 und
277 2051 53 32 der
349 2052 161 30 Zunahme
531 2051 82 31 ihrer
632 2048 205 39 Produktion,
858 2048 45 31 als
924 2047 78 30 auch
1022 2045 118 39 infolge
1161 2044 55 33 der
1235 2045 54 30 Ver-

120 2098 272 38 sorgungserfolge
428 2097 55 32 der
517 2096 179 32 staatlichen
731 2091 332 40 Lebensmittelstellen,
1097 2090 118 32 welche
1251 2090 56 31 das

121 2135 112 40 System
252 2142 53 32 der
323 2143 256 38 Naturalabgabe
599 2142 58 31 den
677 2142 122 30 Bauern
818 2138 179 41 gegenüber
1016 2136 183 40 anwenden,
1220 2136 88 31 desto
