3477 4363
1696 110 56 53 79

209 254 98 38 Zum
336 251 183 40 Schlüsse
548 250 71 39 der
648 252 128 37 ersten
794 248 244 52 Abtheilung
1066 252 88 47 trug
1172 247 107 39 Herr
1299 247 55 41 M.
1378 245 295 53 Guglielmi,

127 324 158 40 Bariton
330 324 68 38 der
426 320 271 41 italiänisehen
726 320 107 51 Oper
876 334 48 26 zu
964 320 163 45 Wien,
1172 318 63 39 die
1275 316 398 41 Kirchen-Arie

124 405 77 29 von
244 393 260 40 Stradella
549 391 57 49 (in
634 392 147 36 H-moll
807 390 251 51 transponirt)
1099 388 71 40 mit
1212 388 179 47 schöner,
1433 387 242 51 klangvoller

124 465 177 41 Stimme,
345 463 40 38 in
430 461 169 40 welcher
642 473 76 26 nur
758 461 69 38 das
869 459 310 52 eingestrichene
1223 461 24 34 d
1282 458 87 39 eine
1398 457 275 52 abstechende,

124 535 109 39 nicht
260 533 246 52 angenehme
536 532 184 50 Färbung
748 531 78 45 hat,
864 542 81 27 vor.
1000 529 105 39 Herr
1134 528 212 51 Guglielmi
1376 529 169 38 versteht
1574 528 99 39 auch

124 616 48 26 zu
200 604 151 50 singen,
379 615 75 25 nur
482 602 155 38 wendet
664 614 42 26 er
735 600 68 38 das
824 598 247 42 Tremoliren
1099 611 47 26 zu
1176 599 133 50 häufig
1338 611 61 34 an,
1428 611 117 26 wenn
1573 598 100 39 auch

123 675 241 51 glücklicher
394 674 135 39 Weise
572 673 108 39 nicht
722 672 39 39 in
801 683 42 27 so
885 670 145 40 hohem
1070 670 79 39 und
1179 670 204 48 widrigem
1414 669 141 47 Grade,
1599 670 74 38 wie

124 745 145 38 andere
298 743 240 40 italiänische
567 742 162 49 Sänger.
783 740 99 38 Dass
920 752 41 26 er
1000 739 63 39 für
1103 739 76 38 den
1210 738 356 50 Concert-Vortrag
1605 738 68 37 das

122 819 206 46 genannte,
356 814 90 38 sehr
474 816 127 35 ernste
629 809 245 41 Musikstück
902 810 153 45 wählte,
1094 808 146 51 spricht
1268 811 64 36 für
1358 807 108 40 seine
1496 808 151 38 künstle-

125 886 128 39 rische
282 884 183 49 Bildung.

210 955 74 39 Die
313 953 134 39 zweite
476 950 246 51 Abtheilung
750 950 118 40 nahm
899 950 335 38 Beethoven's
1277 953 193 35 neunte
1513 949 134 39 Sinfo-

125 1027 80 41 nie
235 1025 76 40 ein.
337 1025 74 38 Die
438 1023 262 50 Ausführung
729 1034 81 27 war
837 1021 54 39 im
913 1021 161 39 Ganzen
1103 1025 80 45 gut,
1212 1020 112 38 stand
1352 1021 95 37 aber
1474 1020 107 38 nicht
1610 1020 68 39 auf

125 1098 70 38 der
223 1096 128 45 Höhe,
393 1094 150 40 welche
579 1094 157 39 frühere
764 1092 306 51 Aufführungen
1100 1091 69 38 des
1198 1101 162 40 grossen
1390 1089 167 40 Werkes
1587 1089 86 39 hier

126 1167 168 40 erreicht
322 1167 141 39 haben.
511 1166 64 38 An
606 1165 69 38 der
703 1163 241 50 Auffassung
972 1161 124 39 durch
1134 1161 76 38 den
1238 1160 229 51 Dirigenten
1496 1162 66 49 lag
1591 1160 81 39 dies

125 1237 255 50 keineswegs,
420 1235 238 40 namentlich
702 1234 159 38 können
904 1233 63 39 die
997 1232 140 50 Tempi
1179 1231 141 50 gewiss
1355 1231 107 39 nicht
1489 1230 184 52 richtiger

126 1317 238 40 genommen
392 1305 171 45 werden,
602 1304 54 38 als
685 1315 40 27 es
754 1315 75 26 von
857 1302 129 39 Hiller
1013 1300 213 52 geschieht.
1280 1301 111 38 Aber
1419 1313 40 27 es
1488 1301 66 39 hat
1583 1301 72 39 viel-

126 1376 117 40 leicht
271 1387 51 27 an
349 1375 84 38 Zeit
459 1373 157 51 gefehlt,
658 1374 77 38 den
763 1373 170 50 Vortrag
977 1371 60 40 bis
1076 1372 61 39 ins
1167 1370 156 39 Feinste
1361 1371 311 39 auszuarbeiten.

126 1447 102 40 Dem
256 1449 129 36 ersten
412 1445 162 49 Allegro
602 1444 195 50 mangelte
825 1442 70 39 der
922 1442 287 51 majestätische
1239 1440 209 51 Schwung,
1487 1441 76 39 den
1593 1441 60 40 die-

129 1530 61 27 ser
219 1517 99 46 Satz,
359 1515 70 39 der
459 1514 257 52 Gipfelpunkt
757 1514 69 39 der
854 1511 441 46 Instrumental-Musik,
1339 1511 200 39 erfordert.
1593 1512 80 39 Das

129 1586 248 41 allmähliche
404 1585 251 40 Anwachsen
684 1585 70 38 der
782 1585 242 39 Crescendos
1052 1583 82 39 und
1163 1583 68 38 das
1259 1581 298 52 gleichmässige
1585 1583 67 38 Flü-

129 1663 106 34 stern
263 1658 69 40 des
358 1671 139 36 sempre
521 1658 220 48 picinissimo
782 1668 132 27 waren
944 1656 101 39 eben
1082 1666 43 27 so
1154 1653 128 52 wenig
1310 1653 194 38 vollendet
1531 1653 61 47 da,
1619 1653 56 39 als

130 1729 63 39 die
228 1727 395 41 himmelstürmende
662 1726 123 47 Kraft,
829 1726 149 39 welche
1019 1726 65 38 bei
1126 1726 93 38 dem
1259 1724 251 40 furchtbaren
1539 1723 114 52 Orgel-

130 1799 146 52 punkte
304 1799 70 38 auf
405 1800 65 35 Fis
509 1798 81 38 und
634 1797 70 38 der
734 1797 141 38 darauf
912 1796 209 52 folgenden
1151 1796 236 39 wunderbar
1415 1795 260 51 grossartigen

129 1868 375 51 Doppelgestaltung
532 1867 68 38 des
630 1867 182 38 Themars
844 1865 238 40 namentlich
1123 1865 41 38 in
1192 1865 76 38 den
1296 1865 148 38 Bässen
1472 1865 81 38 und
1581 1864 72 39 Vio-

128 1941 161 39 loncells
325 1940 129 38 fehlte.
509 1938 90 39 Von
627 1937 270 40 Einzelheiten
939 1950 29 26 w
968 1950 7 11 r
979 1937 103 38 ollen
1110 1936 72 39 wir
1210 1936 225 47 bemerken,
1477 1937 88 39 dass
1607 1936 64 40 die

130 2016 128 33 ersten
286 2009 294 51 Andeutungen
609 2009 68 39 des
703 2009 181 39 Thema's
927 2008 40 39 in
997 2008 69 38 der
1096 2012 129 34 ersten
1255 2007 159 39 Violine
1442 2016 47 30 zu
1517 2007 158 51 Anfang

130 2092 69 27 vor
226 2081 90 38 dem
345 2081 225 35 Pianissimo
600 2080 70 38 der
697 2079 164 40 zweiten
892 2079 151 50 Geigen
1087 2079 81 38 und
1197 2078 69 39 der
1296 2077 127 39 Cellos
1470 2077 78 40 ein
1591 2089 58 27 we-

130 2150 87 51 nig
245 2150 267 39 hervortreten
541 2153 179 43 müssen;
764 2150 226 39 Beethoven
1034 2149 231 39 bezeichnet
1307 2147 250 40 bekanntlich
1599 2148 77 39 den

130 2218 283 51 dynamischen
440 2219 211 39 Ausdruck
680 2219 91 39 sehr
800 2231 139 39 genau,
981 2219 81 37 und
1100 2218 85 38 hier
1214 2216 143 40 erklärt
1386 2229 42 26 er
1456 2216 107 39 seine
1592 2216 56 39 Ab-

131 2289 99 39 sicht
257 2289 124 39 durch
409 2297 89 29 sotto
525 2303 86 23 voce
640 2289 63 39 bei
732 2290 69 38 der
830 2293 126 35 ersten
985 2288 159 39 Violine
1182 2287 82 39 und
1286 2302 52 34 pp
1366 2286 64 39 bei
1467 2286 70 39 der
1565 2287 90 38 zwei-

130 2365 66 34 ten
224 2361 81 38 und
334 2360 76 39 den
439 2359 140 40 Cellos.
635 2359 78 38 Das
755 2358 42 39 in
840 2358 127 40 seiner
1009 2357 249 40 Einfachheit
1294 2368 42 27 so
1366 2357 310 40 wunderschöne

132 2429 135 40 zweite
296 2429 147 40 Motiv:

141 3732 167 41 Freilich
346 3731 49 38 ist
430 3730 69 38 der
527 3727 165 52 richtige
720 3728 170 49 Vortrag
935 3725 40 40 in
1018 3724 76 38 den
1131 3723 400 39 Blas-Instrumenten
1574 3720 108 39 nicht

139 3803 134 45 leicht;
317 3801 69 38 das
426 3798 186 51 fragliche
652 3798 112 38 letzte
795 3796 141 38 Achtel
973 3794 67 39 des
1070 3793 137 38 Tactes
1246 3803 107 28 muss
1382 3791 116 38 einen
1527 3789 150 40 sanften

141 3873 132 40 Druck
301 3873 249 44 bekommen,
593 3881 113 39 sogar
746 3873 98 34 trotz
883 3867 70 39 der
993 3864 190 53 geringen
1220 3864 210 39 Tondauer
1473 3862 103 38 noch
1618 3862 44 38 ab-

141 3946 210 39 schwellen
379 3943 81 39 und
489 3941 121 40 durch
642 3940 115 39 einen
784 3943 280 36 momentanen
1092 3935 147 39 Absatz
1282 3934 82 40 sich
1393 3945 75 27 von
1497 3933 90 39 dem
1615 3932 52 39 fol-

141 4017 154 50 genden
324 4020 128 34 ersten
480 4013 148 39 Viertel
658 4012 68 38 des
754 4023 130 27 neuen
911 4011 138 38 Tactes
1078 4008 227 39 abtrennen.
1411 4004 102 39 Eine
1542 4003 144 39 andere

142 4089 61 38 für
240 4087 76 40 den
344 4085 171 49 Vortrag
558 4081 228 51 schwierige
832 4080 82 40 und
955 4079 90 39 sehr
1087 4079 122 39 selten
1252 4074 140 52 richtig
1437 4074 249 51 ausgeführte

1766 245 117 40 Stelle
1912 245 48 40 ist
1988 244 205 53 diejenige,
2234 243 151 41 welche
2413 248 126 36 zuerst
2566 244 53 52 (S.
2651 245 43 39 11
2728 244 69 40 der
2825 244 182 47 Partitur)
3045 256 127 41 gegen
3197 244 115 42 Ende

1766 315 69 38 des
1864 318 128 35 ersten
2021 313 134 40 Theils
2183 312 240 40 vorkommt:

1764 1110 101 40 Hier
1894 1109 227 40 widerfährt
2162 1108 249 52 gewöhnlich
2452 1108 109 39 nicht
2598 1107 142 40 einmal
2786 1108 91 38 dem
2905 1108 120 36 Piano
3054 1106 69 39 des
3150 1105 162 40 zweiten

1766 1182 161 39 Achtels
1971 1193 125 39 gegen
2134 1180 67 39 das
2230 1181 215 36 Fortissimo
2491 1178 69 40 des
2597 1182 140 43 ersten,
2782 1177 244 51 geschweige
3068 1176 105 39 denn
3218 1176 91 38 dem

1767 1253 214 49 Espressivo
2011 1252 38 39 in
2079 1251 76 38 den
2176 1249 412 45 Blas-Instrumenten,
2616 1247 192 51 vereinigt
2833 1247 72 39 mit
2931 1246 183 52 richtiger
3128 1246 187 50 Bindung

1766 1322 81 39 und
1875 1322 255 49 Phrasirung,
2159 1319 85 40 sein
2272 1318 147 48 Recht;
2456 1330 75 27 nur
2559 1316 63 41 bei
2652 1316 91 40 dem
2771 1316 228 51 langsamen
3027 1315 81 39 und
3135 1314 157 51 majestä-

1766 1392 150 39 tischen
1944 1392 152 49 Tempo
2125 1389 126 39 dieses
2279 1390 131 38 Satzes
2451 1389 50 39 ist
2542 1388 69 39 der
2656 1387 100 40 volle
2785 1386 211 40 Ausdruck
3039 1386 129 39 dieser
3195 1385 119 40 Stelle

1766 1460 184 51 möglich,
1985 1461 82 38 und
2096 1460 101 39 doch
2225 1460 146 38 fordert
2399 1459 178 39 derselbe
2605 1457 102 40 noch
2737 1457 64 39 ein
2826 1456 291 40 unmerkliches
3142 1453 148 41 Zurück-

1768 1530 131 39 halten
1928 1542 76 27 von
2033 1529 131 40 Seiten
2201 1529 69 40 des
2299 1529 249 51 Dirigenten;
2589 1528 55 40 im
2686 1527 217 40 übereilten
2932 1527 151 50 Tempo
3125 1526 82 39 und
3249 1524 66 40 bei

1767 1601 136 39 rohem
1932 1601 204 39 Abblasen
2165 1600 98 39 wird
2291 1599 108 39 diese
2427 1597 145 40 schöne
2599 1597 119 40 Stelle
2760 1609 98 40 ganz
2886 1595 317 41 unverständlich
3231 1595 84 39 und

1767 1683 114 39 sogar
1908 1671 230 39 widerlich.-

1846 1759 78 40 Das
1953 1759 224 39 Scherzo
2214 1757 232 52 befriedigte
2481 1757 41 40 in
2550 1758 134 51 Bezug
2721 1758 68 39 auf
2812 1757 76 39 den
2917 1756 172 51 Vortrag
3117 1754 113 40 mehr
3260 1755 57 38 als

1769 1830 70 38 der
1866 1834 100 34 erste
1994 1829 100 39 Satz.
2122 1830 99 38 Dass
2249 1828 94 40 aber
2372 1828 70 39 der
2468 1826 107 41 Herr
2591 1828 178 51 Dirigent
2796 1827 66 40 bei
2889 1826 130 40 seiner
3046 1825 269 52 vorgefassten

1768 1902 191 50 Meinung
1987 1902 100 38 über
2114 1900 63 39 die
2204 1900 144 40 beiden
2364 1899 209 39 Fermaten
2600 1898 39 40 S.
2668 1900 49 38 53
2746 1898 82 39 und
2856 1898 50 39 65
2935 1898 70 38 der
3032 1896 171 39 Partitur
3230 1907 64 28 ver-

1769 1971 119 46 harrt,
1929 1970 159 40 können
2115 1971 72 39 wir
2216 1970 195 39 durchaus
2439 1969 109 40 nicht
2574 1974 69 47 gut
2669 1968 169 40 heissen.
2891 1967 75 39 Die
2994 1971 100 35 erste
3123 1966 116 40 Stelle
3267 1965 49 39 ist

1769 2042 41 40 in
1839 2042 76 39 den
1941 2042 499 40 Holz-Blasinstrumenten
2468 2054 42 27 so
2539 2041 249 40 bezeichnet:

1770 3074 99 38 auch
1900 3072 71 40 mit
1998 3072 186 39 Hörnern
2212 3069 81 38 und
2322 3068 250 49 Trompeten,
2615 3064 191 40 während
2845 3064 40 38 in
2922 3064 76 39 den
3027 3062 191 40 Stimmen
3246 3061 70 39 der

1770 3144 415 40 Saiten-Instrumente
2231 3139 63 40 die
2333 3139 112 38 letzte
2488 3137 374 50 Viertelpause
2903 3135 63 38 die
3006 3134 180 38 Fermate
3232 3132 80 38 hat.

1768 3215 117 38 Trotz
1913 3213 127 40 dieser
2068 3210 286 41 urkundlichen
2381 3206 275 40 Vorschriften
2696 3206 162 39 wurden
2901 3205 84 38 hier
3013 3203 100 40 auch
3142 3202 166 39 diesmal

1766 3283 149 40 wieder
1942 3283 115 40 beide
2086 3281 145 40 Stellen
2259 3279 53 40 im
2341 3279 141 39 letzten
2509 3277 151 39 Viertel
2687 3276 95 39 kurz
2810 3274 278 52 abgebrochen
3112 3274 83 38 und
3224 3272 88 40 eine

1769 3355 127 39 Pause
1923 3352 151 40 danach
2102 3350 191 53 gemacht.
2339 3349 119 40 Hätte
2485 3347 225 40 Beethoven
2740 3347 66 38 das
2836 3345 167 51 gewollt,
3032 3356 42 26 so
3104 3343 137 39 würde
3270 3354 42 27 er

1767 3425 108 39 nicht
1903 3424 63 39 die
1988 3424 179 38 Fermate
2196 3422 69 38 auf
2289 3422 68 38 das
2384 3422 113 38 letzte
2526 3419 162 45 Viertel,
2733 3417 167 40 sondern
2941 3413 96 40 zwei
3067 3413 246 49 Tactpausen

1767 3497 129 38 hinter
1924 3495 176 38 dasselbe
2127 3496 144 48 gesetzt
2298 3493 143 45 haben,
2477 3490 75 40 wie
2581 3502 42 27 er
2649 3488 159 40 ähnlich
2834 3486 151 40 überall
3014 3485 41 39 in
3083 3484 227 39 demselben

1768 3568 112 38 Satze
1909 3566 154 52 gethan,
2079 3564 162 39 —oder
2269 3575 42 27 er
2339 3563 104 39 hätte
2471 3562 68 38 das
2568 3559 168 41 Zeichen
2764 3558 70 38 der
2856 3557 180 38 Fermate
3063 3555 126 39 über
3216 3553 94 38 den

1769 3634 291 42 Tactstrich
2088 3633 269 55 geschrieben,
2385 3633 87 40 eine
2488 3630 290 49 Bezeichnung,
2806 3641 30 26 w
2836 3640 7 12 r
2846 3627 111 40 eiche
2986 3640 42 26 er
3057 3626 99 39 auch
3184 3623 122 39 schon

1768 3705 249 51 gebrauchte,
2046 3716 43 27 so
2117 3708 69 46 gut
2212 3703 76 39 wie
2316 3702 62 40 die
2406 3702 195 44 Neueren,
2630 3712 30 26 z.
2689 3699 45 39 B.
2762 3699 41 38 in
2832 3697 128 40 dieser
2989 3695 172 40 Sinfonie
3190 3693 120 39 selbst

1769 3777 42 39 in
1839 3777 69 38 der
1934 3775 227 50 Einleitung
2190 3773 68 40 des
2286 3773 145 44 Finale,
2459 3770 37 40 S.
2526 3770 49 38 99
2605 3768 69 40 der
2700 3768 190 39 Partitur:
