3576 4374
1772 122 89 55 126

173 269 81 52 der
289 265 478 69 Pestalozzi-Stiftung
797 266 302 53 veranstaltet
1129 266 173 53 hatten.
1336 266 148 51 Unter
1510 265 91 51 den
1625 266 100 51 Män-

173 355 258 50 nerchören
461 352 235 50 zeichnete
738 352 94 50 sich
874 352 259 53 besonders
1161 352 100 52 eine
1293 350 233 52 treffliche
1554 350 170 71 Compo-

172 440 132 50 sition
332 454 89 33 von
452 435 423 54 Wandersieb
913 454 100 42 aus,
1057 437 177 50 welche
1277 435 285 52 meisterhaft
1593 454 138 51 vorge-

171 532 161 58 tragen
362 520 179 53 wurde.
586 522 89 51 Ein
705 522 226 51 Dilettant
962 539 82 34 aus
1073 520 331 69 Langensalza,
1443 522 86 52 Hr.
1565 523 196 50 Oskar

171 608 287 66 Wagner,
489 625 116 49 sang
626 607 83 49 mit
734 607 200 49 schöner
957 606 95 49 und
1068 612 84 60 gut
1169 606 268 67 geschulter
1458 607 303 51 Bassstimme

171 691 71 50 ein
281 691 116 52 Lied
440 710 90 33 von
576 691 209 58 Kücken,
830 689 95 51 und
969 707 115 50 ganz
1124 691 286 50 vortrefflich
1452 692 305 51 Schumann's

178 776 121 61 „Die
328 776 168 52 beiden
906 774 178 51 welche
1123 774 319 70 Composition
1474 777 99 50 eine
1603 776 130 68 begei-

173 868 145 46 sterte
348 861 261 51 Aufnahme
639 858 118 51 fand.
809 858 88 51 Ein
926 860 170 52 Flötist
1126 879 85 33 aus
1239 862 316 67 Langensalza
1599 861 160 68 (leider

173 946 58 51 ist
261 946 86 49 mir
378 946 82 49 der
487 943 146 51 Name
666 943 235 61 entfallen,
940 945 122 50 denn
1093 962 50 33 er
1173 946 251 60 verdiente,
1467 952 202 61 genannt
1700 964 57 31 zu

172 1028 206 69 werden)
421 1035 113 61 trug
569 1028 301 51 Variationen
922 1030 83 51 mit
1051 1047 188 51 grosser
1280 1032 211 50 Bravour
1531 1049 96 33 vor.
1682 1030 76 52 Sie

171 1114 140 50 sehen
351 1112 201 61 hieraus,
596 1114 107 50 dass
742 1115 269 67 Thüringen
1058 1115 156 51 seinen
1265 1116 347 51 musicalischen
1644 1115 113 51 Sinn

168 1197 231 63 bewahrt,
438 1197 98 52 und
581 1199 105 50 dass
724 1215 52 33 er
819 1199 117 49 auch
978 1216 57 33 an
1079 1200 179 51 kleinen
1289 1201 153 50 Orten
1472 1218 54 33 so
1556 1199 202 69 gepflegt

168 1284 135 61 wird,
328 1284 105 52 dass
452 1301 106 34 man
578 1284 45 51 in
648 1284 137 49 ihnen
804 1284 224 51 zuweilen
1044 1284 233 51 wirkliche
1292 1286 357 66 Kunstgenüsse
1664 1285 93 51 hat.

298 1370 53 48 In
381 1368 510 58 Sondershausen,
921 1385 78 33 wo
1028 1368 99 49 eine
1157 1385 115 50 ganz
1302 1368 309 50 vortreffliche
1640 1368 118 52 Hof-

173 1454 185 68 Capelle
389 1453 197 61 existirt,
628 1469 99 34 war
766 1469 74 32 am
880 1450 53 52 3.
966 1451 40 52 d.
1040 1453 107 50 Mts.
1190 1453 350 59 Hof-Concert;
1585 1453 57 50 da
1687 1454 71 51 ich

172 1536 112 51 aber
314 1536 124 51 nicht
469 1535 117 52 dazu
630 1535 282 51 befohlen
957 1553 99 34 war
1095 1536 97 53 und
1222 1536 182 51 meinen
1433 1536 325 54 Wanderstab

169 1639 56 33 an
252 1620 268 52 demselben
541 1623 129 66 Tage
701 1620 162 51 weiter
894 1628 163 56 setzte,
1086 1639 54 35 so
1155 1623 190 52 werden
1363 1623 76 51 Sie
1466 1642 49 33 es
1533 1624 228 51 natürlich

173 1707 169 61 finden,
372 1724 138 33 wenn
540 1705 72 52 ich
643 1705 146 51 Ihnen
819 1705 202 52 darüber
1043 1707 150 52 nichts
1223 1726 126 50 sage,
1380 1710 82 50 auf
1486 1709 73 51 die
1590 1709 171 50 Gefahr

168 1790 94 61 hin,
291 1809 89 34 von
412 1792 90 51 den
534 1790 439 70 Correspondenten
1001 1809 107 34 vom
1138 1793 272 52 Handwerk
1449 1811 166 51 wegen
1646 1793 87 51 Auf-

169 1876 261 68 richtigkeit
460 1876 94 53 und
585 1876 204 50 Armuth
818 1893 59 33 an
907 1877 245 51 Phantasie
1183 1895 82 35 aus
1298 1878 83 52 der
1410 1879 141 50 Zunft
1580 1887 181 60 gestos-

173 1977 81 34 sen
289 1978 57 33 zu
376 1961 206 52 werden.

1351 1964 285 52 Ernesto.

741 2172 195 77 George
976 2176 220 61 Onslow.

823 2279 284 54 Nekrolog.

295 2375 89 50 Ein
413 2375 271 68 plötzlicher
706 2375 105 49 Tod
840 2375 80 52 hal
952 2376 155 51 diesen
1129 2376 280 53 berühmten
1428 2378 333 70 Componisten

173 2480 74 33 am
281 2460 51 52 5.
379 2460 211 51 October
633 2458 324 69 dahingerafft,
1000 2462 133 51 einen
1185 2464 329 60 Tonkünstler,
1559 2465 82 51 der
1679 2484 54 33 na-

171 2545 218 52 mentlich
421 2545 146 51 durch
599 2544 123 50 seine
752 2545 741 72 Instrumental-Compositionen
1523 2550 132 51 einen
1679 2550 54 51 be-

173 2630 267 52 deutenden
473 2630 128 49 Platz
633 2629 43 49 in
708 2629 82 50 der
822 2630 274 52 Geschichte
1129 2631 83 54 der
1240 2632 155 53 Musik
1427 2634 334 53 einzunehmen

172 2714 183 67 würdig
385 2714 74 49 ist.

299 2800 239 66 George
571 2799 242 51 Onslow
842 2817 99 33 war
972 2818 57 32 zu
1070 2799 320 53 Clermont
1439 2801 60 52 im
1529 2804 202 68 Departe-

167 2890 129 45 ment
336 2884 101 67 Puy
483 2883 57 50 de
583 2884 155 49 Dome
788 2900 75 33 am
908 2881 94 52 27.
1033 2884 91 49 Juli
1162 2884 157 51 1784
1354 2885 221 69 geboren.
1650 2888 111 51 Sein

169 2970 145 50 Vater
343 2986 98 33 war
473 2966 81 51 der
586 2968 165 51 zweite
783 2968 132 51 Sohn
945 2969 125 51 eines
1103 2970 264 68 englischen
1406 2973 153 51 Lords
1611 2973 150 52 dieses

167 3052 217 59 Namens,
414 3052 84 50 der
529 3052 94 50 sich
652 3052 43 50 in
727 3052 282 50 Frankreich
1039 3053 266 52 niederliess
1335 3055 94 52 und
1460 3057 94 50 sich
1585 3058 83 51 mit
1698 3058 41 49 ei-

168 3154 108 35 nem
319 3137 216 49 Fräulein
573 3154 90 35 von
712 3138 303 58 Bourdeilles,
1068 3139 205 51 welches
1307 3158 84 33 aus
1446 3142 105 52 dem
1597 3144 161 50 Hause

169 3222 258 51 Brantöme
458 3227 229 54 stammte,
715 3222 271 51 vermählte.
1049 3222 88 51 Die
1166 3223 155 52 Musik
1363 3224 171 54 bildete
1576 3245 92 33 nur
1698 3227 41 51 ei-

167 3323 95 35 nen
306 3304 246 69 zufälligen
592 3306 128 50 Theil
771 3307 151 51 seiner
963 3308 283 69 Erziehung,
1315 3311 95 50 und
1474 3312 285 52 wennschon

165 3389 318 61 Hullmandel,
512 3391 186 49 Dussek
726 3391 96 52 und
853 3391 194 52 Cramer
1076 3393 127 51 seine
1223 3393 181 52 Lehrer
1427 3396 82 51 auf
1534 3396 105 52 dem
1656 3396 78 52 Cia-

164 3476 98 51 vier
292 3491 174 44 waren,
498 3491 54 33 so
582 3473 231 52 erwachte
854 3474 118 53 doch
1013 3476 72 51 bei
1128 3477 106 51 dem
1284 3478 215 62 Knaben,
1552 3481 89 49 den
1686 3481 72 51 die

173 3561 150 51 Natur
353 3579 56 31 zu
440 3558 150 51 einem
623 3576 195 51 grossen
850 3560 331 69 Componisten
1211 3562 240 53 bestimmt
1489 3565 143 62 hatte,
1678 3566 83 52 der

172 3643 315 51 musicalische
518 3642 140 51 Trieb
690 3651 96 43 erst
817 3647 104 65 spät
950 3645 93 50 und
1075 3646 291 53 entwickelte
1411 3650 94 49 sich
1536 3650 222 68 langsam.

171 3727 87 52 Die
289 3728 304 51 erhabensten
651 3728 95 51 und
794 3728 365 69 ergreifendsten
1208 3731 335 55 dramatischen
1575 3736 183 53 Werke

172 3811 214 51 machten
414 3812 131 69 lange
562 3814 100 50 Zeit
685 3812 166 54 keinen
873 3814 236 53 Eindruck
1140 3816 82 50 auf
1236 3816 90 61 ihn,
1358 3817 69 52 bis
1448 3820 178 51 endlich
1656 3820 102 52 eine

171 3896 303 67 Aufführung
530 3897 80 52 der
666 3899 272 52 Ouvertüre
978 3916 84 33 zur
1105 3900 261 53 Stratonice
1409 3904 91 49 den
1543 3905 215 62 Funken,

1031 3968 5 11 I

176 3980 80 51 der
285 3981 44 50 in
360 3980 171 51 seinem
560 3982 196 51 Inneren
797 3984 348 61 schlummerte,
1184 3985 196 62 weckte,
1409 4004 96 34 was
1545 3989 184 52 Meister-

172 4064 157 51 werke
360 4065 86 51 wie
475 4066 108 50 Don
614 4066 119 51 Juan
764 4069 92 51 und
894 4069 89 51 Die
1020 4068 302 53 Zauberflöte
1362 4071 124 52 nicht
1518 4075 237 51 vermocht

173 4149 174 52 hatten.
403 4149 115 61 „Als
544 4150 71 52 ich
642 4150 129 69 jenes
799 4154 287 52 Musikstück
1354 4163 103 62 sagt
1499 4174 52 36 er
1594 4159 159 65 selbst,

1865 268 179 59 „fühlte
2073 268 71 52 ich
2189 268 99 52 eine
2338 285 52 35 so
2439 268 200 53 lebhafte
2671 272 280 71 Aufregung
2996 273 43 53 in
3081 274 174 52 meiner
3301 277 151 62 Seele,

1856 353 104 51 dass
1992 354 70 51 ich
2093 355 83 50 auf
2200 354 163 51 einmal
2396 373 87 32 von
2517 355 225 52 Gefühlen
2778 360 214 68 ergriffen
3034 362 178 58 wurde,
3263 363 71 51 die
3365 364 87 50 mir

1853 435 71 52 bis
1955 437 136 52 dahin
2123 438 270 52 unbekannt
2423 457 216 49 gewesen
2671 458 172 36 waren.
2892 444 132 51 Noch
3057 447 141 51 heute
3222 447 99 52 sind
3365 448 85 50 mir

1855 522 151 51 dieser
2036 523 292 69 Augenblick
2361 524 94 51 und
2483 524 148 51 meine
2660 526 383 69 Empfindungen
3085 531 43 50 in
3179 531 268 52 demselben

1856 608 335 67 gegenwärtig.
2237 611 106 49 Von
2375 611 104 49 dem
2510 609 278 71 Zeitpunkte
2820 630 56 31 an
2923 612 288 54 betrachtete
3257 617 69 51 ich
3375 617 72 51 die

1852 692 155 51 Musik
2036 692 81 51 mit
2149 711 116 48 ganz
2298 694 200 51 anderen
2530 696 194 68 Augen;
2755 696 84 50 der
2868 697 221 61 Schleier,
3121 700 84 49 der
3238 702 88 48 mir
3348 702 98 50 ihre

1853 776 253 51 Schönheit
2128 777 212 70 verbarg,
2371 780 181 60 zerriss,
2584 781 93 51 und
2711 781 62 51 sie
2803 781 164 51 wurde
3013 781 71 52 die
3116 783 169 60 Quelle
3325 786 85 49 mei-

1852 877 84 33 ner
1985 860 206 52 edelsten
2233 863 210 51 Genüsse
2501 865 96 50 und
2657 866 70 51 die
2788 872 132 46 treue
2973 866 239 52 Gefährtin
3274 870 173 49 meines

1978 1030 114 51 Bald
2123 1031 163 67 sprach
2318 1032 94 51 sich
2444 1034 123 49 seine
2608 1034 259 52 besondere
2906 1036 221 52 Vorliebe
3180 1036 72 51 für
3292 1037 110 51 Kam-

1856 1115 293 61 mer-Musik,
2178 1117 279 51 namentlich
2483 1120 74 48 für
2580 1119 81 49 das
2674 1120 378 68 Violinqüartett,
3083 1140 96 33 aus.
3211 1124 67 50 Er
3304 1122 148 51 lernte

1852 1200 254 51 Violoncell
2139 1200 187 68 spielen,
2357 1221 78 31 um
2453 1201 72 52 bei
2557 1202 82 51 der
2652 1202 307 69 Ausführung
2990 1206 81 51 der
3089 1206 353 52 Meisterwerke

1856 1284 150 51 dieser
2037 1285 209 67 Gattung
2274 1305 89 32 von
2404 1288 183 59 Havdn,
2629 1288 197 59 Mozart,
2867 1289 269 52 Beethoven
3183 1291 262 51 mitwirken

1857 1369 94 51 und
1983 1369 203 51 dadurch
2218 1370 133 52 tiefer
2396 1373 43 49 in
2482 1373 131 50 ihren
2657 1373 128 49 Geist
2832 1371 271 70 eindringen
3142 1394 56 32 zu
3243 1376 203 52 können.

1857 1455 121 48 Dass
2008 1454 75 49 ihn
2116 1454 94 49 sein
2242 1455 272 52 Aufenthalt
2544 1458 45 49 in
2619 1456 84 51 der
2731 1456 194 51 Provinz
2965 1477 90 33 von
3105 1459 106 51 dem
3249 1460 169 51 musica-

1855 1538 170 51 lischen
2055 1539 188 51 Strudel
2275 1540 82 51 der
2387 1542 227 52 Residenz
2648 1543 97 49 fern
2777 1542 124 60 hielt,
2953 1562 99 32 war
3083 1543 149 52 sicher
3260 1563 58 32 zu
3357 1545 65 51 sei-

1852 1639 107 33 nem
1983 1623 160 59 Heile;
2175 1623 123 52 seine
2314 1625 285 51 Einsamkeit
2629 1627 43 49 in
2704 1625 84 51 der
2816 1627 347 52 musicalischen
3196 1629 134 51 Welt
3361 1629 85 51 der

1856 1708 283 67 Gegenwart
2169 1709 105 51 liess
2305 1710 77 51 ihn
2421 1710 93 51 sich
2554 1712 45 50 in
2650 1712 71 50 die
2752 1713 378 67 Vergangenheit
3168 1714 274 60 versenken,

1856 1811 75 33 wo
1961 1811 51 32 er
2041 1793 83 51 mit
2153 1794 201 69 emsiger
2383 1796 361 52 Beharrlichkeit
2773 1797 118 51 nach
2937 1798 105 52 dem
3088 1798 158 51 reinen
3290 1799 151 51 Golde

1857 1877 136 68 grub,
2025 1878 80 51 das
2136 1878 65 51 sie
2241 1881 204 52 enthielt.
2519 1882 86 51 Mit
2650 1881 184 52 wahrer
2871 1882 325 52 Leidenschaft
3245 1884 122 50 warf
3391 1901 52 33 er

1857 1962 94 51 sich
1993 1963 80 50 auf
2111 1963 81 51 das
2234 1964 216 52 Studium
2501 1966 84 52 der
2628 1967 251 60 Quartette
2921 1968 96 51 und
3060 1968 246 60 Quintette
3357 1968 86 51 der

1858 2065 193 49 grossen
2082 2050 284 60 Deutschen,
2398 2051 94 51 und
2533 2052 148 51 dieses
2730 2052 214 52 Studium
2977 2060 200 44 ersetzte
3221 2052 94 52 ihm
3356 2055 90 49 den

1858 2132 339 52 theoretischen
2220 2133 267 52 Unterricht
2529 2136 44 51 in
2619 2137 83 50 der
2735 2136 335 70 Composition,
3127 2138 89 50 den
3258 2156 52 32 er
3349 2145 96 44 erst

1857 2221 158 63 später
2044 2216 72 51 bei
2147 2218 171 51 Reicha
2350 2220 43 49 in
2425 2220 128 50 Paris
2584 2221 176 51 suchte.

1984 2301 164 51 Indess
2187 2301 129 52 hatte
2359 2320 51 33 er
2460 2304 144 50 schon
2650 2305 94 51 sein
2785 2305 519 68 zweiundzwanzigstes
3333 2306 114 51 Jahr

1857 2385 246 61 vollendet,
2134 2386 86 51 ehe
2251 2404 52 33 er
2332 2387 80 51 das
2436 2389 268 50 Bedürfniss
2737 2390 158 60 fühlte,
2925 2390 145 51 selbst
3109 2391 45 50 in
3184 2392 165 50 Tönen
3387 2410 59 32 zu

1856 2470 216 51 schaffen.
2120 2471 131 51 Doch
2283 2471 104 52 kam
2418 2472 112 51 kurz
2561 2474 118 50 nach
2726 2475 172 51 diesem
2928 2475 282 69 Zeitpunkte
3240 2476 71 50 die
3342 2494 70 33 mu-

1855 2555 232 51 sicalische
2117 2555 150 52 Natur
2298 2558 43 49 in
2373 2558 92 49 ihm
2497 2559 247 67 gleichsam
2769 2579 105 32 zum
2904 2560 327 60 Durchbruch,
3263 2561 95 51 und
3386 2579 55 33 er

1857 2639 179 52 schrieb
2077 2639 95 51 sein
2216 2648 207 44 erstes
2468 2643 319 61 Quintett,
2829 2644 115 51 nach
2995 2644 104 51 dem
3130 2645 184 51 Muster
3361 2645 85 52 der

1853 2724 353 61 Mozart'schen,
2237 2725 175 51 welche
2444 2744 51 33 er
2523 2745 83 33 vor
2634 2726 153 52 Allem
2817 2728 118 50 hoch
2968 2728 94 52 und
3093 2729 167 51 theuer
3288 2729 125 52 hielt.

1982 2809 109 51 Man
2126 2809 121 52 kann
2277 2810 93 51 sich
2402 2812 136 52 leicht
2570 2813 195 59 denken,
2797 2813 88 52 wie
2915 2814 215 52 mühsam
3161 2814 71 51 die
3263 2814 149 52 Ausar-

1853 2892 195 69 beitung
2077 2893 124 51 einer
2233 2894 446 60 Quintett-Partitur
2709 2897 71 50 bei
2825 2898 127 49 einer
3003 2899 120 50 noch
3175 2916 54 34 so
3258 2899 155 51 unvoll-

1853 2978 277 51 kommenen
2152 2979 340 52 theoretischen
2509 2982 213 68 Bildung,
2751 2982 75 50 bei
2843 2983 105 51 dem
2962 2983 185 69 Mangel
3172 2983 273 69 anUebung

1855 3062 59 51 im
1949 3062 251 52 Schreiben
2232 3064 146 51 durch
2407 3066 301 52 wiederholte
2747 3067 184 51 frühere
2958 3068 257 57 Versuche,
3260 3067 72 51 für
3367 3067 79 52 ihn

2609 3126 5 11 \
2924 3130 7 5 *
3205 3116 10 6 *

1853 3147 98 51 sein
1982 3147 95 52 und
2107 3148 87 51 wie
2224 3148 210 67 langsam
2465 3168 49 33 es
2545 3151 141 52 damit
2718 3156 229 47 vorwärts
2977 3152 150 67 gehen
3159 3158 193 54 musste,
3385 3152 57 52 da

1853 3231 99 50 eine
1982 3232 171 67 Menge
2185 3251 87 33 von
2303 3233 333 53 Hindernissen
2666 3255 57 31 zu
2747 3236 301 52 überwinden
3074 3236 94 53 und
3192 3237 80 51 das
3292 3237 120 51 Tech-

1852 3316 156 52 nische
2039 3317 80 52 des
2149 3318 324 52 Handwerkes
2504 3327 96 45 erst
2631 3339 57 33 an
2718 3321 84 51 der
2824 3321 165 52 Arbeit
3019 3321 144 52 selbst
3193 3341 57 32 zu
3281 3321 158 51 lernen

1852 3419 112 34 war.
2036 3401 153 51 Allein
2229 3403 84 51 der
2352 3405 337 52 unschätzbare
2719 3406 210 51 Vortheil
2976 3406 127 51 einer
3133 3406 306 68 glücklichen,

1855 3485 146 52 durch
2031 3486 185 68 eigenes
2234 3488 270 69 Vermögen
2533 3490 358 68 unabhängigen
2918 3492 143 66 Lage,
3093 3491 126 51 eines
3245 3490 200 66 ruhigen

1852 3568 201 61 Lebens,
2091 3570 81 51 das
2213 3572 97 51 fern
2363 3590 90 34 von
2495 3574 104 52 dem
2639 3575 346 52 verwirrenden
3025 3577 143 49 Lärm
3213 3572 94 52 und
3352 3572 90 51 den

1853 3654 437 53 zeitmörderischen
2321 3659 383 68 Zerstreuungen
2735 3660 82 51 der
2848 3676 194 51 grossen
3074 3657 137 54 Welt
3240 3657 79 74 inj'
3320 3698 36 32 in
3361 3656 53 61 _'

1853 3739 144 50 licher
2036 3740 130 51 Stille
2209 3740 261 65 dahinlloss,
2515 3744 164 52 liessen
2723 3745 95 51 ihm
2860 3744 71 53 die
2973 3744 116 50 volle
3140 3744 145 50 Muss»

1852 3822 411 70 Schwierigkeiten
2293 3825 127 52 einer
2448 3835 156 43 ersten
2636 3828 317 69 Composition
2994 3845 58 32 zu
3092 3825 234 70 besiegen,

1852 3906 273 62 Umstände,
2157 3909 71 51 die
2262 3910 245 71 allerdings
2539 3918 208 47 äusserst
2779 3911 188 69 günstig
3008 3928 174 44 waren,
3224 3910 113 52 aber
3370 3911 73 51 ein

1851 4012 80 33 um
1978 4012 53 33 so
2062 3994 339 54 ehrenvolleres
2430 3999 134 51 Licht
2594 3999 83 49 auf
2702 3998 87 50 den
2821 3996 208 51 eisernen
3055 3996 147 51 Fleiss
3229 3996 80 51 des
3334 3995 79 69 jur

1851 4095 90 51 gen
1962 4079 195 53 Mannes
2187 4082 96 52 und
2313 4084 83 50 auf
2418 4083 72 51 die
2520 4082 363 53 Beharrlichkeit
2905 4080 189 61 werfen,
3125 4082 83 52 mit
3238 4080 174 55 welche

1849 4181 51 33 er
1927 4164 100 52 eine
2056 4164 145 53 ideale
2230 4167 407 68 Lebensrichtung
2667 4186 57 33 zu
2769 4167 237 67 verfolgen
3037 4165 193 54 strebte.
