3238 4351
3103 4281 68 33 597

159 64 82 33 Man
278 64 87 34 kann
402 73 61 24 aus
499 63 59 34 der
594 63 204 34 Namenliste
835 63 59 33 der
929 63 119 34 beiden

73 120 207 37 Broschüren
311 118 141 42 bequem
480 117 186 42 feststellen,
696 127 71 24 wer
795 127 67 24 von
893 117 65 33 den
976 117 48 33 Ma-

69 177 68 32 lern
167 182 62 23 zur
258 170 294 35 denkenden
583 170 71 34 und
683 181 70 24 wer
784 181 61 24 zur
875 170 144 35 malen-

70 229 86 34 den
190 226 143 42 Gruppe
367 224 130 44 gehört.

153 289 179 33 Professor
361 299 68 24 von
461 290 98 34 Stuck
589 289 103 34 findet
723 289 64 35 den
819 289 126 33 Artikel
979 299 68 23 von

70 345 126 34 Vinnen
237 342 283 42 „ausgezeichnet,
561 343 53 32 ich
654 343 128 32 stimme
826 341 103 35 Ihnen
967 341 65 35 voll-

69 399 150 32 kommen
255 395 52 34 bei
344 396 72 33 und
451 398 125 32 wüsste
610 396 101 42 nicht,
749 405 72 25 was
857 396 52 33 ich
949 395 98 34 Ihren

67 450 134 34 Worten
241 448 90 34 noch
381 448 208 42 hinzufügen
822 449 70 31 Der
945 448 102 34 Ritter

69 515 62 23 von
170 503 98 34 Stuck
306 501 56 35 hat
401 503 110 35 Recht.
565 503 115 35 Seiner
717 504 238 42 Zustimmung
1006 504 43 33 ist

67 558 102 35 nichts
201 557 263 43 hinzuzufügen.

150 609 151 34 Thomas
316 609 163 34 Theodoir
492 609 107 34 Heine
613 610 157 42 begrüsst
777 610 54 32 die
840 609 205 42 Flugschrift

66 665 55 34 des
158 664 111 34 Herrn
307 663 131 35 Vinnen
475 665 59 33 mit
572 666 159 42 „riesiger
984 665 63 34 Die

67 719 107 34 Kunst
207 718 90 34 seine
336 718 138 34 Malerei
509 719 101 34 nicht.
662 720 68 33 Der
765 718 280 44 Simplizissimus

64 772 99 36 findet
194 772 65 34 den
292 772 190 35 Anschluss
515 785 43 23 an
591 774 53 33 die
677 773 203 43 Fliegenden
912 774 132 34 Blätter.

151 826 89 33 Herr
280 826 180 34 Professor
500 837 68 23 von
608 826 190 34 Volkmann
838 826 89 33 kann
979 837 67 24 nur

64 882 99 43 „kurz
194 881 71 34 und
476 882 160 42 erklären,
668 882 83 34 dass
776 892 36 25 er
840 882 113 34 Herrn
967 882 59 36 Vin-

64 946 61 24 nen
160 935 87 43 „voll
278 934 70 35 und
520 937 179 32 zustimmt.

147 988 89 35 Herr
271 990 179 34 Professor
485 990 90 33 Fritz
610 990 94 34 Erler
740 992 114 41 „weist
889 992 57 33 auf
981 992 64 34 den

62 1043 148 34 Ernst
235 1043 59 34 der
323 1044 90 42 Lage
574 1044 47 33 Er
645 1044 114 43 findet,
788 1045 80 34 dass
894 1045 54 34 die
977 1046 51 33 hei-

59 1098 123 34 mische
221 1098 212 35 Produktion
466 1099 232 34 verkümmert.
747 1099 46 35 Er
826 1101 97 33 sollte
955 1101 91 34 nicht

60 1162 41 24 so
133 1152 56 34 auf
222 1152 61 34 das
315 1152 114 43 eigene
461 1153 145 43 Beispiel
638 1153 197 35 hinweisen.
883 1155 47 33 Er
962 1155 67 33 erin-

62 1207 70 33 nert
159 1216 43 23 an
230 1206 72 33 eine
332 1206 221 43 Ausstellung
581 1207 212 44 japanischer
827 1208 115 42 Maler,
972 1207 75 44 „die

60 1260 54 33 ihr
153 1259 198 34 heimisches
406 1260 391 36 Künstlerblut'
852 1261 159 33 derma-

60 1323 46 23 ss
120 1323 17 23 e
150 1324 22 23 n
213 1314 244 43 verleugneten,
499 1315 80 33 dass
630 1315 72 34 ihre
755 1315 158 35 Arbeiten
954 1317 90 33 toten

59 1369 170 34 farblosen
267 1369 128 35 Larven
429 1371 143 42 glichen,
609 1381 63 24 aus
706 1371 107 34 denen
848 1371 59 35 der
942 1372 102 34 bunte

59 1423 250 44 Schmetterling
344 1424 303 34 Volksseele
680 1425 111 43 längst

59 1477 46 33 Er
136 1477 157 43 schimpft
325 1478 57 34 auf
414 1479 113 41 Julius
563 1479 234 43 Meier-Gräfe,
832 1480 64 34 alle
927 1482 97 32 massi-

58 1541 62 33 gen
158 1531 109 35 Maler
302 1534 59 32 tun
395 1531 70 35 das.

144 1595 89 35 Herr
267 1595 136 35 Freiher
434 1607 69 24 von
535 1597 113 35 Ostini
682 1597 151 35 schliesst
864 1598 72 34 sich
970 1597 55 45 „be-

243 1651 111 33 Herrn
386 1651 130 35 Vinnen
550 1661 54 33 an,
636 1663 37 23 er
702 1651 145 36 schreibt
877 1663 68 24 von
979 1653 65 34 den

60 1703 235 44 pathologisch
309 1707 42 30 st
364 1714 17 23 e
395 1715 22 23 n
456 1704 137 35 Bildern
631 1715 62 25 aus
731 1716 64 24 van
833 1706 125 42 Goghs
1000 1707 29 33 Ir-

59 1757 218 44 renhauszeit,
311 1769 68 24 von
412 1760 64 34 den
509 1760 247 42 weggestellten
789 1761 254 43 Experimenten

60 1821 60 25 aus
147 1812 75 34 dem
252 1813 167 33 Nachlass
448 1823 68 24 von
544 1813 168 43 Cezanne,
742 1825 69 23 von
840 1814 75 34 dem
945 1814 78 44 „drü-

179 1868 111 42 längst
322 1867 90 36 nicht
445 1868 95 35 mehr
570 1872 91 31 ernst
692 1880 245 33 genommenen
974 1871 48 34 Ma-

61 1921 85 33 tisse.
198 1919 46 35 Er
278 1921 132 43 beklagt
445 1922 62 34 das
542 1922 157 35 deutsche
733 1924 98 42 Geld,
869 1924 61 34 das
966 1924 79 44 „der

59 1975 129 43 pariser
225 1976 270 42 Kunstgaunerei
530 1978 35 32 in
600 1976 64 35 den
701 1978 133 35 Rachen
869 1979 174 41 geworfen

225 2029 69 41 „Er
323 2030 103 33 findet
456 2041 36 22 es
526 2030 184 35 verdammt
742 2032 107 41 leicht,
882 2033 66 34 wie
979 2044 64 24 van

62 2082 115 42 Gogh,
208 2082 123 42 Signac
359 2082 71 35 und
459 2082 157 35 Cezanne
644 2095 43 23 zu
717 2085 121 34 malen.
871 2085 92 34 Aber
976 2096 52 24 ver-

61 2135 124 33 dammt
222 2136 141 43 schwer,
403 2137 59 33 mit
501 2138 238 35 Böcklinscher
776 2139 90 34 Tiefe
904 2141 35 34 in
990 2140 53 36 die

60 2190 103 35 Natur
195 2201 43 24 zu
268 2191 111 34 sehen.
424 2192 47 33 Er
499 2192 103 35 findet
629 2203 35 24 es
694 2194 91 34 hoch
812 2205 44 24 an
885 2194 59 35 der
958 2194 82 44 Zeit,

61 2244 68 33 sich
167 2244 153 44 dagegen
357 2256 43 23 zu
437 2245 147 44 wehren,
624 2246 80 35 dass
741 2248 53 33 die
834 2249 117 42 Mittel,
989 2250 55 34 die

64 2298 57 33 der
160 2298 181 34 deutischen
384 2299 111 36 Kunst
535 2300 56 34 auf
631 2301 54 33 die
725 2302 169 42 Strümpfe
934 2302 109 33 helfen

60 2353 155 43 könnten,
255 2356 35 32 in
328 2354 53 34 die
418 2354 152 36 Taschen
608 2357 274 35 internationaler
919 2359 104 35 Kunst-

58 2406 120 44 jobber
416 2409 63 33 Die
510 2409 121 42 Kunst,
662 2409 54 35 die
744 2411 108 42 gehen
882 2411 71 34 und
982 2414 45 32 ste-

62 2460 62 35 hen
152 2461 100 43 kann,
281 2462 127 34 kommt
433 2463 207 34 schliesslich
666 2464 86 34 auch
779 2465 89 34 ohne
895 2467 127 42 Strümp-

61 2514 29 34 fe
116 2526 71 24 aus.

147 2570 87 33 Herr
250 2569 90 34 Fritz
366 2570 93 34 Stahl
486 2571 22 33 b
521 2582 18 22 e
553 2571 19 34 k
587 2582 16 23 r
617 2573 20 33 ä
650 2573 12 33 112
675 2574 12 32 t
701 2573 10 33 i
725 2582 24 33 g
762 2575 11 31 t
798 2573 56 34 die
868 2574 153 34 Anschau-

62 2634 111 33 ungen
208 2625 58 33 des
301 2625 110 35 Herrn
447 2626 141 35 Vinnen.
641 2627 84 35 Man
760 2628 56 34 hat
850 2630 54 33 nie
938 2629 107 35 daran

60 2680 192 41 gezweifelt.

436 2755 13 15 *
544 2756 14 15 *
654 2757 14 14 ♦

149 2815 82 34 Und
259 2815 62 35 das
349 2816 155 34 deutsche
530 2818 97 42 Volk,
656 2829 57 23 um
740 2820 119 35 dessen
886 2821 90 34 Seele
1002 2830 41 26 so

62 2867 101 44 heftig
201 2869 168 43 gekämpft
407 2870 99 42 wird,
545 2872 74 33 sitzt
657 2872 156 35 indessen
851 2874 102 43 ruhig
992 2874 53 35 bei

64 2921 188 44 Aschinger
278 2923 84 34 oder
394 2924 207 44 Kempinski,
630 2936 35 23 es
692 2928 70 33 fällt
788 2928 71 33 ihm
890 2930 154 41 garnicht

61 2977 63 42 ein,
158 2978 70 33 sich
262 2979 215 41 aufzuregen.
523 2979 108 34 Wenn
662 2991 37 23 es
735 2981 107 35 schon
873 2983 68 33 mal
972 2984 73 33 eine

67 3030 98 35 Mark
200 3032 55 32 für
290 3033 95 33 einen
423 3032 364 44 Ausstellungsbesuch
823 3036 146 44 ausgibt,
1007 3048 41 24 so

64 3084 85 34 lacht
186 3095 35 23 es
258 3084 71 34 sich
367 3086 53 33 für
457 3087 71 34 sein
567 3088 229 43 Eintrittsgeld
833 3090 79 33 voll.
964 3091 83 34 Und

62 3137 44 34 da
133 3138 61 34 das
225 3137 130 36 Lachen
383 3140 78 33 sehr
487 3140 132 41 gesund
647 3142 51 41 ist,
727 3142 127 34 kommt
880 3154 36 23 es
942 3145 85 33 reich-

62 3192 65 34 lich
158 3194 56 33 auf
244 3195 90 32 seine
366 3195 128 35 Kosten
525 3195 71 34 und
627 3206 42 24 zu
699 3206 118 25 neuem
847 3201 199 40 gesegneten

70 3244 144 46 Appetit.
270 3248 63 33 Die
374 3247 180 40 deutschen
597 3248 145 35 Kritiker
782 3250 119 34 zahlen
954 3251 96 35 keine

66 3299 99 35 Mark
201 3302 70 33 und
307 3302 96 35 leben
438 3313 68 24 von
542 3303 65 34 den
642 3305 111 33 faulen
789 3306 127 34 Witzen
963 3307 85 35 über

66 3353 166 36 Künstler.
283 3356 64 34 Die
380 3357 132 34 Vinnen
546 3357 80 35 sind
659 3368 68 24 von
762 3359 53 33 ihr
848 3362 77 32 stets
958 3363 66 32 wür-

69 3408 57 42 dig
166 3408 71 34 und
278 3410 160 33 ernsthaft
478 3410 179 35 behandelt
696 3412 154 33 worden.
906 3413 141 33 Warum

67 3462 84 33 wird
179 3463 75 34 also
280 3467 205 40 protestiert?
527 3466 62 33 Die
616 3467 130 34 Herren
774 3467 181 35 Protestler
981 3470 49 33 sol-

65 3515 51 36 len
149 3518 71 33 sich
255 3518 88 34 doch
376 3520 32 42 ja
442 3520 91 34 nicht
565 3521 167 44 einreden,
769 3522 80 34 dass
882 3523 62 33 das
958 3523 72 35 deut-

68 3567 76 37 sche
174 3571 86 33 Volk
285 3572 188 43 überhaupt
499 3574 114 34 Bilder
637 3575 100 44 kauft,
752 3576 113 35 weder
889 3579 144 41 geträum-

67 3624 28 32 te
128 3625 89 33 noch
253 3626 151 42 gemalte.
453 3627 82 34 Und
582 3629 62 33 das
679 3630 157 34 deutsche
871 3631 86 34 Volk
991 3632 57 34 hat

69 3676 107 36 Recht.
225 3679 98 35 Denn
356 3681 53 33 die
439 3681 185 36 Gedanken
656 3684 71 34 und
758 3685 54 34 die
843 3685 90 34 Tiefe
979 3686 70 35 und

68 3730 58 34 das
158 3733 134 42 Gemüt,
330 3733 61 35 das
425 3735 81 34 alles
537 3737 103 34 findet
673 3747 35 24 es
742 3739 34 33 in
810 3740 109 33 seiner
951 3739 72 34 Zei-

70 3785 126 43 tung.
248 3787 141 34 Warum
425 3789 65 33 soll
527 3800 35 23 es
598 3791 70 33 sich
705 3802 57 24 um
800 3792 54 34 die
890 3793 159 35 Farbe

66 3836 184 46 Sümmern,
283 3840 42 34 da
350 3850 36 24 es
413 3841 88 34 doch
527 3843 90 34 nicht
640 3845 122 33 einmal
788 3845 52 34 die
875 3846 144 34 Kunst-

67 3894 152 33 maler
253 3897 70 31 tun.

879 3946 123 32 Trust

1130 70 160 64 Zur
1372 71 689 86 Entwicklungsge-

1130 169 355 67 schichte
1514 171 136 66 der
1676 172 434 66 modernen

1137 268 332 67 Malerei

1130 381 85 33 Von
1241 381 187 35 Wilhelm
1453 384 234 42 Worringer

1220 473 63 32 Die
1313 475 210 33 Vinnensche
1553 475 190 33 Broschüre
1772 476 41 32 ist
1842 475 64 33 mir
1936 474 158 44 psycholo-

1130 526 95 43 gisch
1262 525 95 36 wohl
1392 528 232 43 verständlich,
1662 529 70 33 und
1767 529 52 33 ich
1855 531 123 40 zögere
2012 528 101 41 nicht,

1129 581 47 32 sie
1209 581 49 33 als
1291 582 71 32 eine
1395 582 295 43 symptomatische
1723 582 234 43 Erscheinung
1990 593 43 23 zu
2066 593 32 22 re-

1129 626 195 43 spektieren,
1355 628 32 42 ja
1417 628 53 33 ich
1503 628 161 42 begrüsse
1698 630 48 31 sie
1780 636 105 33 sogar
1912 628 49 33 als
1988 629 54 32 ein
2070 638 43 25 zu

1129 678 127 35 rechter
1288 680 70 33 Zeit
1392 682 310 42 ausgesprochenes
1735 682 181 33 Stichwort
1948 692 61 23 zur
2041 691 54 24 ern-

1127 735 72 32 sten
1232 735 232 43 prinzipiellen
1500 734 388 44 Auseinandersetzung.
1924 735 63 33 Die
2004 735 108 42 Krise,

1128 788 35 33 in
1193 788 59 33 der
1281 790 65 32 wir
1376 790 60 33 mit
1466 799 143 24 unseren
1641 788 363 44 Kunstvorstellungen
2041 789 72 34 und

1132 842 350 43 Kunsterwartungen
1522 842 124 42 stehen,
1688 842 88 34 kann
1816 842 91 34 nicht
1946 843 167 33 vertuscht

1130 896 149 34 werden:
1320 897 48 32 sie
1405 907 94 24 muss
1537 907 62 23 zur
1635 896 132 35 offenen
1805 896 71 34 und
1913 896 181 35 entschiede-

1129 960 65 24 nen
1231 950 217 43 Aussprache
1482 952 130 33 führen.

1213 1014 76 32 Von
1320 1012 122 35 diesem
1473 1014 279 44 Gesichtspunkte
1781 1023 61 24 aus
1870 1023 95 24 muss
1993 1014 53 33 ich
2077 1025 36 22 es

1128 1066 183 44 allerdings
1345 1068 181 41 bedauern,
1563 1068 80 33 dass
1678 1068 53 34 die
1765 1068 232 44 prinzipiellen
2033 1067 60 34 Fra-

1127 1131 66 32 gen
1228 1122 35 32 in
1297 1122 91 42 jener
1422 1121 276 34 Tendenzschrift
1731 1122 100 33 kaum
1866 1120 160 35 ernsthaft
2060 1121 36 33 be-

1128 1174 146 42 handelt,
1311 1174 150 35 sondern
1497 1186 66 23 nur
1596 1177 72 32 hier
1703 1175 71 35 und
1809 1176 43 33 da
1885 1175 141 43 flüchtig
2059 1185 36 33 ge-

1128 1228 103 33 streift
1264 1224 157 46 werden,'
1447 1239 57 24 um
1537 1229 91 34 dann
1661 1230 108 42 gleich
1803 1229 218 42 allgemeinen
2055 1230 39 33 Re-

1129 1280 176 35 densarten
1346 1282 71 34 und
1457 1283 281 34 unbeweisbaren
1778 1283 335 43 Gefühlspostulaten

1127 1336 94 33 Platz
1260 1346 43 24 zu
1340 1336 151 35 machen.
1543 1338 48 33 So
1628 1339 42 32 ist
1707 1337 62 34 das
1805 1337 305 44 Hauptargument,

1127 1392 61 31 mit
1222 1390 75 34 dem
1332 1391 54 33 die
1420 1391 213 43 angreifende
1669 1392 108 33 Partei
1812 1393 56 32 auf
1903 1391 61 34 das
2000 1392 95 33 Publi-

1129 1446 78 33 kum
1239 1446 228 34 einzuwirken
1500 1448 107 41 sucht,
1640 1447 92 33 nicht
1765 1446 119 43 irgend
1917 1447 72 33 eine
2021 1446 74 33 sach-

1127 1499 67 33 lich
1223 1498 242 35 diskutierbare
1492 1500 244 43 Widerlegung
1765 1500 58 34 der
1851 1510 107 24 neuen
1990 1500 102 35 Kunst-

1129 1554 200 42 prinzipien,
1366 1553 150 35 sondern
1552 1554 53 33 die
1640 1555 35 33 in
1709 1554 86 33 allen
1831 1554 170 33 Tonarten
2036 1555 57 32 wie-

1127 1606 151 35 derholte
1306 1607 210 44 skrupellose
1544 1608 275 43 Verdächtigung
1849 1611 90 41 jener
1969 1609 123 33 Persön-

1129 1661 181 42 lichkeiten,
1344 1662 53 33 die
1427 1663 56 33 auf
1513 1663 59 33 der
1602 1663 146 33 anderen
1779 1663 83 34 Seite
1892 1664 123 33 stehen.
2050 1663 42 35 De-

1127 1726 59 24 ren
1215 1715 484 44 Ueberzeugungsehrlichkeit
1728 1717 71 33 und
1827 1717 285 43 Urteilsfähigkeit

1129 1770 88 34 wird
1250 1771 60 33 mit
1342 1771 44 33 all
1419 1771 65 34 den
1517 1771 139 43 billigen
1693 1772 131 34 Mitteln
1857 1773 89 33 einer
1979 1773 48 33 oft
2060 1773 53 33 bis

1129 1835 78 24 zum
1242 1825 130 33 Mitleid
1402 1826 174 42 gehenden
1608 1827 222 41 überlegenen
1864 1827 110 33 Ironie
2004 1827 90 34 bioss-

1127 1880 138 41 gestellt.
1317 1879 83 34 Man
1434 1880 110 34 macht
1578 1881 71 33 sich
1684 1881 104 33 damit
1823 1881 172 33 derselben
2033 1882 64 32 Irre-

1128 1933 150 42 führung
1313 1935 59 33 des
1408 1934 199 34 Publikums
1642 1934 168 44 schuldig,
1846 1934 53 34 die
1933 1945 79 23 man
2048 1935 65 34 den

1130 1987 161 41 Gegnern
1332 1988 59 32 mit
1431 1988 91 32 einer
1562 1997 40 23 so
1642 1987 203 43 gewaltigen
1884 1988 228 35 moralischen

1127 2042 212 42 Entrüstung
1374 2043 163 33 vorwirft.
1586 2043 99 34 Denn
1718 2053 35 24 es
1785 2044 78 42 geht
1897 2044 88 35 doch
2018 2044 95 34 wohl

1127 2095 92 34 nicht
1253 2105 54 31 an,
1344 2095 75 34 dem
1454 2096 124 33 breiten
1614 2096 191 42 Publikum,
1842 2098 61 33 das
1936 2098 35 32 in
2006 2097 108 34 dieser

1127 2149 195 42 Beziehung
1361 2149 107 34 schon
1506 2159 61 24 aus
1604 2150 204 34 natürlicher
1845 2150 160 44 Trägheit
2042 2150 72 35 und

1131 2212 61 24 aus
1233 2202 396 44 Selbsterhaltungstrieb
1670 2204 242 43 leichtgläubig
1953 2205 52 41 ist,
2059 2204 56 34 die

1129 2256 248 35 willkommene
1430 2258 273 42 Ueberzeugung
1757 2258 255 44 beizubringen,
2079 2269 34 24 es

1129 2310 123 35 handle
1278 2312 71 33 sich
1376 2312 52 33 bei
1461 2312 59 34 der
1546 2312 251 43 angegriffenen
1825 2314 196 42 Bewegung
2047 2324 66 23 nur

1130 2375 57 24 um
1228 2366 52 33 ein
1322 2366 169 33 sinnloses
1531 2366 89 42 Spiel
1661 2367 207 42 impotenter,
1910 2368 185 33 sensations-

1127 2420 163 34 lüsterner
1328 2422 169 41 Künstler,
1536 2422 215 42 urteilsloser,
1790 2422 58 34 der
1885 2422 205 43 Modesugge-

1128 2475 90 33 stion
1252 2476 229 41 unterlegener
1517 2477 281 35 Kunstschreiber
1831 2478 72 34 und
1938 2478 156 43 abgefeim-

1130 2530 49 31 ter
1221 2528 264 42 Kunsthändler,
1528 2528 53 34 die
1621 2531 96 31 unter
1756 2530 212 34 verhaltenen
2011 2531 82 33 Lach-

1128 2582 213 34 ausbrüchen
1374 2582 64 34 den
1472 2583 107 34 Profit
1612 2594 61 24 aus
1706 2584 108 34 dieser
1847 2585 171 36 Komödie
2050 2587 47 33 zie-

1130 2637 75 34 hen.

1221 2692 54 33 Ich
1308 2693 151 33 bestreite
1491 2693 162 43 übrigens
1685 2693 101 43 nicht,
1821 2693 79 35 dass
1931 2695 71 33 sich
2035 2696 58 33 Ver-

1129 2749 97 30 treter
1259 2746 108 34 dieser
1400 2746 70 34 drei
1504 2747 204 43 Kategorien
1741 2749 85 33 auch
1859 2749 35 33 in
1928 2749 90 33 diese
2030 2759 85 25 neue

1129 2800 447 44 Entwicklungsbewegung
1611 2801 59 34 der
1704 2803 110 34 Kunst
1847 2803 266 42 eingeschlichen

1129 2854 121 34 haben.
1297 2855 71 34 Das
1398 2857 42 31 ist
1471 2855 61 35 das
1564 2857 280 33 unvermeidliche
1875 2857 167 34 Schicksal
2072 2859 28 42 je-

1130 2908 59 33 der
1229 2909 459 43 Entwicklungsbewegung,
1729 2911 71 33 und
1840 2911 120 34 darum
2000 2913 42 32 ist
2080 2922 34 23 es

1133 2963 99 33 kaum
1273 2973 42 23 zu
1355 2963 265 42 entschuldigen,
1662 2973 100 24 wenn
1802 2974 78 23 man
1920 2965 53 32 ein
2012 2975 103 24 neues

1130 3017 134 34 Wollen
1299 3028 65 23 nur
1398 3018 59 33 mit
1492 3018 59 34 der
1586 3019 94 33 einen
1716 3019 162 34 Tatsache
1912 3031 44 22 zu
1992 3020 104 34 diskre-

1130 3071 136 34 ditieren
1302 3072 106 42 sucht,
1445 3072 80 34 dass
1562 3072 195 45 belanglose
1795 3074 172 33 Mitläufer
2000 3083 35 24 es
2070 3074 29 33 lä-

1129 3124 144 35 cherlich
1304 3127 150 34 machen.

1219 3189 98 34 Denn
1350 3190 107 34 neben
1493 3190 112 34 diesen
1640 3192 360 33 unverantwortlichen
2038 3192 57 33 Mit-

1131 3243 128 35 läufern
1290 3245 113 33 stehen
1433 3248 108 31 ernste
1572 3246 167 33 suchende
1772 3246 169 42 Künstler,
1974 3246 54 34 die
2061 3247 53 34 bei

1131 3297 95 33 allem
1258 3298 189 34 sachlichen
1478 3299 331 35 Selbstbewusstsein
1838 3300 193 44 persönlich
2045 3301 52 32 vol-

1134 3351 47 33 ler
1218 3351 272 35 Bescheidenheit
1526 3354 89 42 sind,
1654 3354 113 34 stehen
1805 3357 107 31 ernste
1949 3355 149 34 Theoreti-

1132 3405 66 43 ker,
1234 3406 53 33 die
1323 3406 52 34 bei
1409 3408 80 33 aller
1522 3408 223 43 produktiven
1779 3409 233 34 Parteinahme
2026 3408 89 35 doch

1132 3458 61 34 das
1222 3459 199 34 historische
1450 3460 227 36 Bewusstsein
1707 3463 72 34 und
1813 3461 104 35 damit
1946 3462 53 35 die
2027 3462 73 35 kriti-

1136 3511 77 33 sche
1254 3512 247 35 Besonnenheit
1541 3514 151 43 wahren,
1743 3515 114 34 stehen
1907 3515 208 34 schliesslich

1136 3565 264 43 Kunsthändler,
1441 3567 53 34 die
1535 3568 51 34 bei
1627 3570 81 33 aller
1747 3570 368 35 selbstverständlichen

1132 3621 256 41 geschäftlichen
1427 3623 299 36 Rücksichtnahme
1763 3625 88 34 doch
1888 3627 59 32 mit
1984 3627 132 32 innerer

1132 3674 272 44 Ueberzeugung
1435 3677 71 34 und
1539 3679 148 33 innerem
1720 3679 219 35 Verständnis
1971 3681 71 33 eine
2057 3681 39 33 Be-

1134 3738 149 33 wegung
1311 3729 148 43 fördern,
1490 3730 51 35 bei
1572 3732 58 34 der
1659 3732 61 33 das
1750 3733 114 34 Risiko
1893 3733 59 34 des
1980 3735 113 33 Gewin-

1132 3791 59 24 nes
1224 3784 53 33 ein
1311 3784 61 33 viel
1405 3787 174 40 grös-seres
1612 3787 41 32 ist
1687 3787 49 32 als
1769 3787 52 33 bei
1856 3787 74 33 dem
1965 3788 148 34 Vertrieb

1135 3835 59 33 der
1233 3846 90 32 ganz
1364 3838 351 42 unproblematischen
1766 3840 71 33 und
1887 3841 225 34 anerkannten

1133 3890 300 37 Publikumsware.

1226 3945 54 34 Ich
1310 3946 87 33 habe
1423 3946 71 34 hier
1520 3958 66 22 nur
1621 3948 61 34 das
1712 3949 111 42 Recht,
1857 3949 54 33 für
1938 3949 52 34 die
2016 3951 78 33 zwei-

1130 4000 29 31 te
1189 3998 180 43 Kategorie
1397 4001 211 42 einzutreten,
1638 4001 100 34 deren
1767 4003 162 34 Vertreter
1955 4015 79 23 man
2067 4015 43 24 zu

1132 4051 64 34 den
1237 4052 217 42 eigentlichen
1497 4053 258 43 Prügelknaben
1796 4055 60 33 der
1894 4056 216 34 verfahrenen

1130 4105 166 34 Situation
1332 4117 42 23 zu
1410 4108 139 34 machen
1585 4109 94 33 sucht
1715 4109 71 35 und
1822 4110 51 34 die
1909 4121 78 23 man
2023 4112 66 33 dem-

1130 4160 240 39 entsprechend
1401 4161 182 35 abkanzelt.

2285 71 108 35 Wenn
2435 74 52 32 ich
2530 73 131 35 Vinnen
2705 75 89 34 recht
2835 77 156 43 verstehe,
3034 79 76 35 sind
3140 91 35 24 es

2197 124 90 33 nicht
2314 125 53 33 die
2393 136 143 32 grossen
2566 127 170 36 Klassiker
2762 129 58 34 des
2850 130 322 45 Impressionismus,

2198 179 64 33 wie
2297 179 124 42 Manet,
2459 180 117 34 Monet
2607 181 71 35 und
2711 183 133 42 Renoir,
2877 195 62 22 vor
2970 185 98 34 deren
3100 186 58 34 Ein-

2198 231 83 34 fluss
2282 231 2 49 -
2309 242 35 22 er
2378 233 52 33 die
2458 233 156 34 deutsche
2644 233 110 36 Kunst
2781 236 180 34 bewahren
2988 238 80 42 will,
3098 248 59 25 son-

2199 286 82 34 dern
2315 286 52 34 die
2401 290 231 39 sogenannten
2667 289 231 43 Jungpariser,
2933 291 54 34 die
3017 303 68 24 von
3118 292 40 35 Ce-

2199 350 117 31 zanne,
2356 350 64 23 van
2458 341 104 42 Gogh
2602 341 70 34 und
2714 343 138 34 Matisse
2889 344 179 44 ausgehen,
3120 357 57 23 um

2199 393 72 32 eine
2309 404 83 22 neue
2435 393 102 34 Form
2578 395 59 33 der
2676 395 261 36 künstlerischen
2976 398 201 44 Gestaltung

2197 457 43 23 zu
2276 447 124 34 finden.

2286 502 80 33 Was
2400 513 79 23 man
2513 513 64 23 uns
2611 515 70 23 nun
2715 505 162 41 vorwirft,
2914 506 52 41 ist,
3001 505 78 35 dass
3112 508 66 32 wir

2197 553 111 34 diesen
2336 565 106 24 neuen
2471 556 261 42 Bestrebungen,
2761 557 53 33 die
2841 559 233 41 naturgemäss
3100 568 59 25 vor-

2196 607 105 42 läufig
2327 608 89 32 noch
2432 608 416 43 Experimentalcharakter
2875 613 126 41 tragen,
3030 612 52 33 ein
3097 612 59 33 Ver-

2197 659 238 37 stehenwollen
2461 664 317 42 entgegenbringen,
2805 665 61 33 das
2891 665 85 33 auch
3005 675 67 24 von
3098 666 77 33 dem

2197 715 268 33 unverständlich
2497 717 71 33 und
2598 718 128 34 absurd
2755 719 228 35 Scheinenden
3013 720 71 35 und
3114 721 41 34 Ex-

2195 768 124 33 tremen
2348 769 91 33 nicht
2468 771 280 35 zurückschreckt.
2795 773 122 34 Diesen
2945 774 122 35 Willen
3097 785 78 24 zum

2196 821 218 35 Verständnis
2446 823 133 35 können
2609 826 65 32 wir
2704 829 254 32 verantworten.
3006 829 85 43 Mag
3123 830 54 33 für

2197 875 108 43 einige
2334 876 112 34 Snobs
2475 876 60 35 das
2564 877 106 35 Crede
2698 880 80 41 quia
2806 880 186 35 absurdum
3020 882 139 34 entschei-

2197 929 89 34 dend
2320 931 82 40 sein,
2439 932 64 32 wir
2536 932 128 33 andern
2698 931 111 36 haben
2842 934 61 35 das
2938 936 237 42 Bewusstsein,

2197 983 79 33 dass
2311 993 36 23 es
2383 983 59 34 der
2479 985 219 34 unbeirrbare
2734 988 423 44 entwickelungsgeschicht-

2197 1036 83 34 liche
2312 1037 137 33 Instinkt
2477 1039 52 40 ist,
2559 1038 58 34 der
2646 1050 64 23 uns
2738 1040 71 33 hier
2837 1041 95 34 leitet.
2975 1042 108 35 Darin
3098 1044 78 42 liegt

2197 1090 61 34 das
2294 1090 275 35 Entscheidende.
2617 1094 63 33 Wo
2715 1093 62 34 das
2811 1095 262 35 unvorbereitete
3106 1097 72 34 und

2194 1144 339 44 entwicklungsträge
2547 1147 180 45 Publikurp
2767 1159 65 24 nur
2848 1148 236 45 Ausgeburten
3098 1151 59 34 sub-

2195 1197 132 42 jektiver
2352 1198 143 34 Willkür
2519 1199 71 34 und
2615 1199 119 34 blöder
2757 1200 313 37 Sensationsmache
3094 1203 84 34 sieht

2197 1251 71 33 und
2304 1251 100 35 sehen
2441 1263 106 31 muss,
2585 1254 191 43 empfinden
2816 1258 65 32 wir
2917 1257 61 34 das
3015 1258 143 35 Entwick-

2195 1305 590 47 lungsgeschichtlich-Notwendige,
2817 1310 100 35 sehen
2946 1313 65 33 wir
3040 1323 61 23 vor
3131 1314 30 32 al-

2197 1359 64 34 lem
2298 1361 71 32 eine
2406 1360 264 36 Einheitlichkeit
2707 1363 57 34 der
2802 1364 206 46 Bewegung,
3048 1366 52 33 die
3136 1368 28 31 et-

2195 1424 72 23 was
2298 1414 222 35 Elementares
2556 1427 43 23 an
2627 1417 71 33 sich
2727 1418 56 33 hat
2812 1418 71 35 und
2911 1429 62 24 vor
3003 1420 58 33 der
3095 1420 80 34 alles

2195 1467 386 43 Subjektiv-Scheinende
2614 1471 253 35 verschwindet.
2914 1474 51 41 Ja,
3000 1473 52 34 ich
3084 1475 74 42 glau-

2195 1520 42 34 be
2268 1522 92 34 nicht
2392 1523 230 43 fehlzugehen,
2656 1536 101 25 wenn
2789 1527 53 34 ich
2876 1527 54 34 die
2963 1527 213 36 tiefsteWuj?-

2195 1576 49 32 zel
2282 1576 106 33 dieses
2425 1587 106 24 neuen
2569 1577 261 36 künstlerischen
2867 1580 151 34 Wollens
3053 1582 124 41 gerade

2196 1630 34 33 in
2259 1630 58 33 der
2346 1630 281 44 Ueberwindung
2655 1633 59 33 des
2742 1633 434 43 Subjektiv-Willkürlichen

2196 1683 71 34 und
2295 1694 67 24 nur
2393 1684 399 45 Individuell-Bedingten
2824 1688 87 33 sehe.
2958 1689 64 34 Mit
3053 1690 124 35 diesem

2197 1737 296 35 unverkennbaren
2519 1739 120 43 Drang
2664 1751 77 23 zum
2755 1741 208 44 Objektiven,
2990 1753 61 23 zur
3075 1745 83 33 zwin-

2195 1790 132 43 genden
2364 1792 268 45 Vereinfachung
2667 1794 59 34 der
2762 1795 115 42 Form,
2914 1807 44 23 zu
2992 1798 91 32 einer
3117 1798 45 33 ele-

2199 1847 170 32 mentaren
2409 1847 343 43 Vorurteilslosigkeit
2804 1849 58 33 der
2914 1850 262 34 künstlerischen

2199 1898 231 44 Wiedergabe,
2473 1901 105 42 hängt
2627 1903 90 42 jener
2769 1903 298 35 Grundcharakter
3119 1905 59 34 der

2197 1964 106 24 neuen
2342 1956 111 35 Kunst
2487 1967 205 33 zusammen,
2730 1957 64 36 den
2830 1969 78 23 man
2944 1960 49 34 als
3028 1961 150 34 sinnlose

2197 2008 238 34 Primitivitäts-
2470 2010 71 34 und
2576 2011 401 36 Kindlichkeitskomödie
3008 2024 62 24 vor
3101 2014 75 34 dem

2197 2062 236 33 erwachsenen
2458 2062 139 46 Europa
2623 2063 176 33 lächerlich
2811 2065 139 34 machen
2975 2075 43 24 zu
3044 2067 134 33 können

2195 2115 128 42 glaubt.

2289 2169 92 35 Aber
2420 2171 88 34 diese
2547 2172 166 44 Wirkung
2751 2174 88 34 wird
2877 2185 66 24 nur
2981 2176 53 33 bei
3072 2175 108 35 denen

2198 2224 138 34 erreicht
2373 2225 147 44 werden,
2559 2226 53 35 die
2649 2227 54 34 die
2739 2229 165 42 primitive
2942 2230 111 35 Kunst
3089 2231 89 34 noch

2197 2277 92 35 nicht
2325 2279 170 34 verstehen
2532 2281 127 41 gelernt
2695 2281 111 35 haben
2843 2282 71 34 und
2950 2284 35 33 in
3022 2283 54 33 ihr
3112 2294 65 23 nur

2197 2332 52 34 ein
2279 2333 266 35 unentwickeltes
2576 2335 146 35 Können
2752 2336 112 44 sehen,
2896 2338 82 33 über
3007 2338 61 33 das
3098 2349 80 24 man

2196 2387 60 33 mit
2287 2387 59 33 der
2376 2387 277 44 Ueberlegenheit
2684 2389 58 34 des
2772 2390 247 36 Erwachsenen
3049 2392 127 35 lächelt.

2198 2439 118 35 Dieser
2345 2440 621 39 Erwachsenenhochmut
2994 2445 59 34 des
3082 2456 76 24 euro-

2196 2494 159 41 päischen
2383 2494 303 36 Kulturmenschen
2710 2496 79 35 aber
2813 2498 139 42 beginnt
2975 2498 96 34 heute
3084 2509 69 24 wan-

2200 2548 86 34 kend
2322 2560 43 22 zu
2401 2549 137 34 werden
2574 2550 71 34 und
2680 2551 59 34 der
2775 2552 151 34 Einsicht
2961 2554 34 33 in
3031 2553 53 34 die
3119 2554 45 33 ele-

2199 2604 147 32 mentare
2385 2603 265 44 Grossartigkeit
2689 2605 184 43 primitiver
2914 2606 139 34 Lebens-
3106 2608 72 33 und

2200 2657 301 45 Kunstäusserung
2529 2670 44 23 zu
2601 2659 160 35 weichen.
2806 2660 73 36 Aus
2908 2662 173 35 derselben
3095 2662 63 35 Not-

2197 2712 201 42 wendigkeit
2428 2713 132 43 heraus,
2593 2724 62 24 aus
2686 2714 59 35 der
2774 2716 65 34 wir
2870 2716 64 34 den
2964 2717 215 44 jungpariser

2198 2764 219 43 Synthetisten
2446 2766 71 34 und
2545 2767 290 43 Expressionisten
2862 2771 55 33 ein
2943 2771 144 42 williges
3101 2771 57 35 Ver-

2197 2819 113 34 stehen
2340 2821 319 43 entgegenbringen,
2689 2824 42 32 ist
2760 2824 34 33 in
2824 2834 65 23 uns
2917 2825 53 33 ein
2999 2835 101 23 neues
3114 2825 42 35 Or-

2197 2883 69 33 gan
2296 2874 157 43 lebendig
2481 2876 185 41 geworden
2694 2878 55 33 für
2778 2877 53 34 die
2861 2879 165 43 primitive
3056 2879 120 35 Kunst.

2197 2927 73 34 Wie
2315 2928 325 35 selbstverständlich
2684 2931 163 34 erscheint
2891 2942 35 24 es
2974 2943 65 23 uns
3070 2933 107 42 heute,

2202 2980 79 34 dass
2322 2981 58 33 der
2420 2982 232 34 Stilcharakter
2691 2983 108 34 dieser
2839 2985 187 42 primitiven
3068 2985 111 35 Kunst

2198 3036 90 33 nicht
2319 3036 106 34 durch
2458 3039 53 32 ein
2541 3039 267 34 unentwickeltes
2841 3040 156 42 Können,
3029 3041 149 35 sondern

2200 3088 105 35 durch
2344 3091 53 33 ein
2434 3091 297 42 andergerichtetes
2767 3093 134 34 Wollen
2938 3094 139 43 bedingt
3126 3096 52 41 ist,

2200 3142 106 34 durch
2341 3144 52 32 ein
2426 3144 144 40 Wollen,
2605 3145 61 33 das
2700 3145 56 33 auf
2788 3154 143 33 grossen
2961 3147 218 32 elementaren

2200 3198 316 43 Voraussetzungen
2555 3199 129 44 beruht,
2725 3203 63 32 wie
2827 3202 65 33 wir
2929 3203 59 33 mit
3026 3212 153 24 unserem

2198 3251 155 42 heutigen
2388 3252 324 44 wohltemperierten
2750 3255 224 43 Lebengefühl
3008 3267 35 23 es
3079 3256 97 34 kaum

2199 3305 190 35 ausdenken
2417 3305 145 37 können.
2605 3309 72 33 Wir
2703 3309 114 34 fühlen
2844 3320 66 24 nur
2936 3310 132 42 dunkel,
3098 3310 79 34 dass

2199 3358 52 33 die
2284 3359 155 42 groteske
2471 3360 289 35 Unnatürlichkeit
2789 3363 71 32 und
2892 3363 52 32 die
2978 3363 199 42 zwingende

2200 3413 209 34 Einfachheit
2448 3414 107 34 dieser
2594 3415 189 43 primitiven
2826 3416 110 35 Kunst
2978 3417 197 42 (zwingend

2200 3467 183 44 allerdings
2421 3479 65 23 nur
2522 3469 54 34 für
2614 3470 63 42 die,
2717 3471 53 33 die
2806 3471 64 34 den
2908 3472 133 42 Zwang
3089 3473 91 32 einer

2202 3521 177 44 Formung
2414 3523 90 34 nicht
2540 3525 58 34 mit
2634 3525 74 33 dem
2744 3525 132 43 Zwang
2912 3525 58 34 der
3008 3526 153 34 Illusions-

2200 3575 157 43 wirkung
2383 3575 254 44 identifizieren)
2665 3587 68 25 von
2759 3579 105 33 einem
2890 3579 167 32 stärkeren
3072 3579 84 42 Span-

2198 3631 226 42 nungsgehalt
2454 3632 58 34 des
2543 3633 259 33 künstlerischen
2835 3632 341 37 Ausdruckswollens

2202 3684 197 43 herrühren,
2440 3685 72 33 und
2552 3686 64 33 wir
2656 3686 111 33 lernen
2807 3686 174 42 erkennen,
3023 3687 79 34 dass
3142 3696 34 24 es

2197 3739 91 33 nicht
2320 3750 65 23 nur
2416 3742 52 34 ein
2500 3740 200 44 gradueller,
2733 3741 148 36 sondern
2912 3744 54 33 ein
2998 3743 180 44 genereller

2200 3793 220 34 Unterschied
2449 3796 52 40 ist,
2533 3795 59 34 der
2620 3796 169 35 zwischen
2818 3806 153 25 unserem
3001 3798 71 34 und
3100 3798 76 35 dem

2199 3847 189 42 primitiven
2430 3848 257 35 Kunstschaffen
2738 3849 85 43 liegt.
2881 3850 63 34 Ein
2995 3852 181 41 genereller

2199 3900 231 43 Unterschied,
2479 3902 58 33 der
2571 3902 96 34 darin
2702 3903 135 43 besteht,
2886 3905 79 34 dass
2998 3917 78 23 man
3111 3907 64 34 den

2197 3953 305 45 Wirkungsertrag,
2533 3956 64 34 den
2625 3967 78 23 man
2731 3968 68 23 von
2827 3958 59 34 der
2917 3960 108 34 Kunst
3052 3970 101 24 erwar-

2197 4009 69 39 tete,
2306 4008 91 33 nicht
2435 4010 64 32 wie
2538 4010 94 33 heute
2671 4011 34 33 in
2746 4011 58 33 der
2844 4012 200 43 Auslösung
3084 4014 71 34 sinn-

2195 4060 102 34 licher
2333 4062 83 33 oder
2450 4064 175 33 seelischer
2662 4064 255 45 Luxusgefühle,
2954 4067 147 34 sondern
3137 4070 34 32 in

2199 4113 59 34 der
2298 4114 200 44 Auslösung
2539 4117 211 33 elementarer
2791 4118 358 45 Nolwendigkeitsemp-

2193 4167 186 43 findungen
2411 4170 71 31 sah.
2529 4170 82 33 Eine
2644 4171 254 42 Beschwörung
2930 4172 59 34 der
3021 4174 147 34 Vieldeu-
