4894 6723
66 6589 79 40 182

1689 123 161 63 Lider,
1901 133 102 42 von
2054 123 165 50 clenen
2269 119 295 53 wesentlich
2628 120 93 51 der
2772 118 265 53 Ausdruck
3097 117 98 53 Hes

1690 196 176 63 Auges
1915 193 242 63 abhängt.
2242 191 171 50 Durch
2462 193 83 48 die
2598 193 261 61 Wimpern
2912 189 127 50 wird
3108 191 89 48 der

1690 264 537 52 Ausdrucksreichtum
2267 263 91 48 der
2397 263 146 48 Lider
2577 265 79 46 ins
2697 263 375 48 Unermessene
3110 277 58 47 ge-

1688 338 224 62 steigert.

1817 407 118 48 Und
1980 406 164 49 neben
2186 401 116 52 dem
2346 404 146 62 Auge
2534 404 66 50 ist
2639 403 93 47 der
2772 402 165 49 Mund
2979 402 91 47 der
3111 416 58 47 ge-

1692 480 187 46 treuste
1943 476 201 63 Spiegel
2145 471 2 68 1
2208 475 90 47 der
2359 472 220 49 Gefühle
2644 471 104 50 und
2810 471 229 62 zugleich
3103 471 92 49 das

1691 545 372 51 wesentlichste
2114 544 165 49 Mittel
2342 541 93 51 des
2490 540 705 64 Empfindungsausdruckes.

1693 618 112 47 Den
1843 618 179 47 Lidern
2057 612 334 64 entsprechen
2425 614 83 48 die
2544 615 206 60 Lippen,
2787 613 115 47 dem
2943 610 254 64 Augapfel
3197 610 3 66 1

1689 688 85 48 die
1816 686 188 50 Zähne.
2078 686 81 47 Sie
2198 684 204 50 bleiben
2444 683 106 49 sich
2592 682 180 62 gleich,
2816 682 124 49 aber
2979 683 48 59 je
3071 681 128 49 nach

1693 758 89 48 der
1811 755 349 64 Empfindung
2187 755 164 48 öffnet
2374 755 127 47 oder
2526 753 215 48 schließt
2765 752 106 50 sich
2899 750 93 50 der
3017 752 180 49 Mund.

1692 825 263 51 Vielleicht
2000 826 117 49 sind
2165 825 82 52 die
2297 826 189 59 Lippen
2536 824 157 48 durCh
2742 824 101 48 den
2895 823 108 47 Bau
3065 822 135 50 ihrer

1692 896 296 50 Weichteile
2034 898 141 47 eines
2228 895 129 49 noch
2407 893 316 49 lebhafteren
2773 893 105 48 und
2943 892 255 49 reicheren

1694 968 322 49 Ausdruckes
2057 967 155 61 fähig,
2254 965 72 48 als
2363 964 80 48 die
2483 965 158 48 Lider.
2712 964 93 49 Die
2844 962 355 49 Mundwinkel

1694 1037 165 49 haben
1921 1040 114 46 eine
2087 1038 119 47 weit
2267 1034 218 64 größere
2539 1033 401 62 Beweglichkeit,
2991 1032 74 48 als
3118 1031 80 48 die

1690 1109 226 47 äußeren
1960 1105 368 64 Augenwinkel
2329 1101 3 68 1
2333 1145 12 21 ,
2389 1105 104 48 und
2532 1102 230 50 dadurch'
2798 1103 255 61 begleiten
3096 1101 103 49 und

1693 1178 289 50 verstärken
2025 1192 74 34 sie
2142 1178 100 47 den
2287 1175 264 48 Ausdruck
2595 1175 91 47 des
2730 1173 238 49 Mundes.

1820 1248 265 51 Zwischen
2127 1248 145 60 Auge
2313 1245 103 48 und
2454 1242 163 50 Mund
2656 1244 158 48 bildet
2851 1245 81 46 ein
2973 1244 226 50 weiteres

1692 1316 264 64 wichtiges
2026 1315 455 51 Ausdrucksmittel
2550 1315 88 47 der
2705 1313 349 62 Empfindung
3119 1312 80 48 die

1695 1389 152 49 Nase.
1916 1387 125 48 'Den
2093 1388 179 47 Lidern
2319 1383 105 49 und
2474 1385 99 47 den
2624 1386 191 59 Lippen
2865 1382 334 61 entsprechen

1692 1460 85 47 die
1802 1458 351 62 Nasenflügel,
2182 1455 242 53 während
2451 1455 79 48 die
2557 1455 140 48 Nase
2718 1454 161 48 selbst
2904 1454 50 47 in
2981 1452 221 62 gleicher

1695 1529 169 47 Weise
1923 1530 97 46 wie
2079 1525 173 50 Zähne
2307 1526 106 46 und
2473 1524 255 62 Augapfel
2728 1521 3 65 1
2787 1521 413 50 unveränderlich

1693 1598 173 49 bleibt.
1932 1598 86 47 Bei
2053 1595 433 63 phlegmatischen
2520 1595 227 47 Naturen
2779 1593 116 50 Sind
2926 1592 274 61 allerdings

1695 1669 83 48 die
1824 1666 335 63 Nasenflügel
2208 1667 99 47 fast
2351 1668 129 46 starr
2525 1664 106 48 und
2678 1663 265 48 erwachen
2994 1677 94 33 nur
3133 1664 65 47 im

1693 1739 254 48 stärksten
1989 1737 175 48 Affekt
2203 1750 62 34 zu
2306 1736 181 48 Leben.
2556 1735 94 47 Bei
2687 1731 514 61 leidenschaftlichen,

1695 1807 226 63 heftigen
1967 1806 104 49 und
2119 1807 228 60 feurigen
2392 1806 228 47 Naturen
2664 1804 115 48 sind
2823 1804 235 60 dagegen
3118 1802 82 48 die

1695 1874 334 66 Nasenflügel
2070 1892 66 32 an
2181 1877 114 47 dem
2340 1875 264 48 Ausdruck
2645 1874 138 48 stark
2823 1873 230 61 beteiligt
3097 1869 103 51 und

1692 1951 278 59 vermögen
2012 1949 52 46 in
2105 1946 258 55 ähnlicher
2403 1946 171 47 Weise
2617 1944 106 52 sich
2766 1957 61 34 zu
2872 1943 180 48 öffnen
3095 1942 105 48 und

1693 2016 553 62 zusammenzuziehen,
2277 2017 108 48 siCh
2418 2031 61 33 zu
2507 2013 167 50 heben
2706 2014 105 48 und
2841 2028 62 33 zu
2935 2012 266 61 krampfen

1693 2087 97 52 wie
1841 2089 79 47 die
1971 2089 205 60 Lippen.
2257 2088 107 47 Das
2411 2086 132 48 Volk
2589 2084 191 61 spricht
2827 2085 49 60 ja
2925 2080 126 52 auch
3099 2095 100 36 von

1696 2157 322 64 „fliegenden

2020 2242 90 47 das
2168 2242 129 48 Kinn
2354 2242 130 59 trägt
2535 2238 294 49 wesentlich
2882 2252 113 33 zum
3054 2238 111 60 Emp-

1697 2310 499 64 findungsausdruck
2230 2311 97 59 bei,
2363 2310 121 48 aber
2517 2309 73 48 als
2629 2309 143 48 Basis
2805 2309 95 47 desi
2935 2306 265 50 Gesichtes

1693 2383 68 50 ist
1801 2397 54 33 es
1897 2383 50 47 in
1985 2382 177 48 seinen
2203 2382 177 60 Zügen
2423 2376 376 52 feststehender
2837 2377 105 49 und
2983 2377 126 49 wird
3152 2379 49 47 in

1694 2452 166 48 seiner
1928 2450 542 62 Ausdrucksfähigkeit
2534 2448 297 52 wesentlich
2895 2447 158 48 durch
3120 2448 82 47 die

1694 2521 230 61 Stellung
1973 2521 89 48 der
2110 2520 169 53 Kiefer
2328 2520 102 48 und
2476 2520 84 62 [die
2611 2520 173 49 Linien
2833 2518 90 47 des
2973 2518 222 46 Mundes
3196 2518 2 64 l

1695 2592 107 48 und
1836 2592 88 47 der
1956 2591 354 49 Mundwinkel
2336 2590 274 48 bestimmt.
2675 2588 131 48 Eher
2832 2588 160 48 schon
3027 2589 63 47 ist
3121 2587 81 48 die

1696 2662 148 59 Stirn,
1888 2662 79 46 die
2011 2662 90 47 das
2143 2660 209 48 Gesicht
2390 2661 164 58 krönt,
2594 2663 139 45 eines
2776 2658 257 50 reicheren
3077 2658 95 46 Aus-

1698 2732 211 47 druckes
1959 2730 154 63 fähig.
2192 2732 54 46 In
2289 2727 107 52 sich
2445 2730 157 48 selbst
2649 2732 142 56 starr,
2839 2730 66 46 ist
2950 2730 76 46 sie
3070 2724 132 50 doch

1694 2799 161 50 durch'
1883 2801 79 47 die
1990 2801 74 48 sie
2096 2800 418 61 umspannenden
2545 2798 237 48 Muskeln
2811 2798 106 48 und
2947 2798 82 47 die
3061 2798 139 47 Haut

1694 2871 231 62 befähigt
1964 2885 87 33 zur
2085 2868 515 63 Wiederspiegelung
2638 2869 200 59 desSen,
2877 2883 108 33 was
3026 2870 47 47 in
3114 2868 91 47 der

1684 2939 153 50 'Seele
1865 2954 89 35 vor
1979 2939 106 50 sich
2112 2941 135 61 geht,
2275 2940 116 48 weil
2415 2940 80 48 ihr
2522 2939 265 47 Ausdruck
2815 2954 78 32 am
2923 2939 278 59 wenigsten

1697 3013 49 46 in
1783 3012 98 47 den
1921 3011 204 48 Bereich
2162 3011 86 47 der
2283 3010 362 49 willkürlichen
2680 3009 128 47 öder
2842 3007 360 63 gewaltsamen

1697 3081 368 62 Veränderung
2109 3081 103 47 und
2258 3079 370 61 Verfälschung
2669 3080 89 46 der
2799 3077 210 49 wahren
3055 3077 111 61 Emp-

1698 3151 217 62 findung
1948 3150 122 50 fällt.
2136 3151 102 47 Der
2269 3149 265 49 Ausdruck
2564 3149 91 48 der
2683 3149 132 47 Stirn
2848 3150 64 46 ist
2943 3162 62 33 zu
3037 3162 162 33 einem

1697 3221 196 62 großen
1945 3221 108 48 Teil
2054 3216 1 67 1
2103 3217 370 51 unwillkürlich
2523 3219 102 48 und
2679 3217 388 58 unabsichtlich;
3121 3216 81 49 die

1695 3290 356 49 betreffenden
2098 3290 238 47 Muskeln
2382 3287 179 50 stehen
2606 3290 50 47 in
2702 3288 498 51 unvollkommenem

1700 3363 216 47 Konnex
1960 3362 90 46 mit
2094 3374 235 34 unserem
2370 3358 591 48 Bewußtseinszentrum
3009 3385 59 6 —
3115 3371 86 44 „es

1695 3430 135 48 steht
1872 3431 76 46 dir
1986 3445 65 33 an
2090 3430 90 47 der
2219 3429 130 48 Stirn

1824 3500 104 47 Das
1963 3500 207 47 Gesicht
2203 3500 62 47 ist
2294 3499 91 47 der
2414 3499 204 60 Spiegel
2645 3494 92 51 des
2772 3497 248 48 Affektes.
3085 3496 116 46 Und

1698 3570 91 48 das
1832 3569 222 61 Gesicht,
2098 3569 247 61 losgelöst
2383 3582 100 34 von
2523 3569 115 46 dem
2680 3568 100 47 Sitz
2821 3567 89 47 der
2951 3565 253 48 Vernunft

1697 3641 103 46 und
1848 3640 88 47 des
1984 3640 255 59 Denkens:,
2282 3640 81 46 die
2408 3639 196 47 Maske.
2682 3637 104 48 Das
2831 3638 147 46 Wort
3020 3635 182 49 Maske

1695 3710 67 47 ist
1822 3708 119 49 sehr
2003 3709 343 48 bezeichnend
2407 3707 354 62 ursprünglich
2827 3709 89 46 mit

1698 3778 469 63 gleichbedeutend.
2236 3779 94 47 Die
2368 3779 147 47 Hexe
2548 3779 295 60 verkörpert
2876 3777 99 47 den
3012 3775 190 60 Affekt,

1699 3848 248 63 losgelöst
1982 3862 101 35 von
2124 3849 88 47 der
2248 3848 265 60 Vernunft,
2551 3849 50 47 in
2638 3845 222 63 gleicher
2896 3848 171 47 Weise
3105 3847 98 48 wie

1696 3920 82 46 die
1806 3919 195 50 Maske.
2058 3918 117 48 Will
2201 3933 116 33 man
2343 3932 104 33 nun
2473 3933 113 33 zum
2617 3917 182 49 Zweck
2829 3915 376 51 theatralischer

1698 3990 251 61 Wirkung
1991 3991 112 46 eine
2152 3989 192 47 fremde
2391 3989 192 47 Person
2629 3988 104 47 und
2777 3989 148 46 einen
2975 3986 229 47 fremden

1700 4055 175 52 Affekt
1904 4060 374 61 wiedergeben,
2308 4073 60 33 so
2396 4056 207 49 bedient
2631 4072 118 33 man
2777 4056 106 49 sich
2914 4056 89 48 der
3033 4056 145 48 künst-

1698 4127 161 50 lichen
1894 4129 194 49 Maske.
2142 4129 104 47 Das
2247 4126 2 61 1
2284 4127 245 49 Altertum
2565 4128 184 47 kannte
2788 4128 111 46 eine
2932 4126 267 61 tragische,

1698 4199 257 49 komische
2019 4199 123 48 oder
2200 4198 277 49 satirische.
2566 4198 95 52 Die
2724 4198 203 47 antiken
2988 4193 216 51 Masken

1699 4270 211 47 wurden
1942 4271 67 46 im
2045 4266 449 64 Zusammenhang
2521 4270 92 46 mit
2644 4267 98 47 den
2777 4266 296 61 DionySien,
3105 4265 100 49 den

1697 4339 205 48 antiken
1928 4333 468 66 ''Passionsspielen,
2433 4337 251 49 erfunden
2720 4334 104 52 und
2859 4338 49 59 je
2943 4336 127 48 nach
3070 4333 3 66 1
3107 4336 98 48 den

1698 4408 393 50 Verschiedenen
2143 4408 436 60 Leidenschaften,
2631 4408 83 49 die
2762 4422 55 33 es
2869 4406 336 48 darzustellen

1699 4478 121 63 galt,
1856 4478 249 62 gestaltet.
2173 4478 118 47 Und
2324 4479 114 47 weil
2470 4478 81 48 die
2585 4478 181 47 Maske
2799 4478 100 47 den
2933 4486 117 38 Vom
3086 4477 92 47 Ver-

1698 4549 452 62 standesftiäßigen
2235 4547 316 61 losgelösten
2640 4546 176 49 Affekt
2899 4545 307 60 Vortäuscht,

1700 4618 178 49 wurde
1921 4618 75 49 sie
2042 4620 125 47 stets
2214 4633 61 32 zu
2318 4615 538 64 Karnevalsaufzügen
2902 4616 304 61 verwendet,

1701 4691 166 46 zuerst
1918 4690 53 50 in
2011 4687 234 63 Venedig
2291 4690 99 45 seit
2440 4688 91 47 der
2570 4688 451 51 RenaissanCezeit.
3092 4687 115 47 Von

1702 4759 89 47 der
1833 4757 364 63 Ueberlegung
2233 4756 285 62 losgelöste
2561 4756 205 49 Affekte
2807 4756 115 50 sind
2961 4756 246 48 ebenfalls

1703 4829 216 61 Figuren
1960 4829 91 47 wie
2092 4825 256 64 Arl'equin,
2395 4827 280 62 PagliacCo,
2720 4826 302 60 Policinelle,
3065 4826 137 48 Lelio

1701 4899 104 49 und
1844 4900 209 49 Pierrot.

1799 4964 99 52 ~Es
1948 4970 63 46 ist
2064 4965 257 51 erklärlich
2324 4964 2 63 1
2326 5006 11 21 ,
2387 4967 102 49 daß
2541 4967 82 49 die
2678 4967 179 60 Kunst,
2910 4966 191 49 welche
3156 4981 52 34 es

1704 5039 375 62 vorzugsweise
2153 5039 91 47 mit
2320 5037 89 48 der
2482 5036 329 62 Darstellung
2882 5052 102 33 von
3063 5037 111 61 Emp-

1705 5109 282 61 findungen
2035 5123 63 33 zu
2148 5110 86 46 tun
2280 5104 102 63 hat,
2429 5109 130 46 stets!
2601 5107 83 47 die
2735 5106 328 62 Darstellung
3108 5118 101 37 von

1705 5178 447 49 Gesichtsinasken
2215 5174 52 51 in
2331 5177 79 48 ihr
2458 5176 442 63 Schaffensgebiet
2951 5176 258 50 aufnahm.

1706 5250 66 47 Es
1810 5249 74 48 sei
1923 5264 66 32 an
2027 5248 82 48 die
2148 5248 204 48 antiken
2392 5248 562 59 Terrakottenmasken,
3014 5262 61 33 an
3128 5246 82 49 die

1704 5315 449 65 pompejanischen
2210 5317 536 60 Schreckensmasken,
2803 5332 65 33 an
2922 5318 84 47 die
3063 5319 120 45 römi-

1702 5388 155 48 schen
1951 5386 406 49 Bronzemasken
2447 5389 236 47 erinnert.
2791 5387 95 48 Die
2965 5387 245 62 Gorgone

1706 5459 232 59 Medusa,
1983 5457 86 48 die
2121 5456 425 52 Personifikation
2594 5458 89 47 des
2737 5458 315 60 Entsetzens,
3100 5456 110 51 also

1706 5528 88 48 des
1840 5528 278 62 heftigsten
2168 5526 246 61 Affektes,
2461 5524 179 52 wurde
2684 5529 178 46 immer
2907 5527 75 49 als
3030 5527 182 49 Maske

1706 5597 308 63 dargestellt.

1833 5669 53 46 In
1946 5668 90 48 der
2092 5680 220 36 neueren
2371 5667 163 50 Kunst
2589 5667 258 50 zeichnete
2903 5664 93 51 der
3051 5668 162 62 große

1707 5738 253 48 Lionardo
2002 5737 80 49 oft
2124 5752 176 48 genug
2340 5737 215 48 Masken
2598 5738 74 48 als
2674 5736 3 64 1
2716 5739 345 60 Trägerinnen
3117 5736 95 50 'des

1709 5806 246 51 Affektes.
2021 5807 140 48 Auch
2196 5807 233 48 AndreaS!
2457 5805 252 51 Schlüters
2743 5807 351 48 Schlußsteine
3125 5810 91 46 mit

1708 5877 215 49 Masken
1965 5878 299 49 sterbender
2309 5877 210 62 Krieger
2557 5878 141 48 seien
2740 5875 245 52 erwähnt.

1971 5976 178 46 neuste
2193 5975 165 49 Kunst
2393 5971 90 51 hat
2519 5972 108 51 sich
2666 5976 104 45 erst
2807 5970 178 65 jüngst
3022 5973 194 51 wieder

1706 6043 106 48 und
1852 6059 135 33 zwar
2022 6043 344 49 vornehmlich
2401 6044 67 47 im
2511 6043 413 62 Kunstgewerbe,
2961 6039 92 53 der
3092 6044 93 48 Dar-

1706 6112 225 63 stellung
1970 6128 100 34 von
2112 6114 216 47 Masken
2368 6114 350 61 zugewendet.
2792 6113 195 49 Beliebt
3026 6115 65 47 ist
3129 6114 59 48 be-

1707 6182 220 48 sonders'
1965 6183 94 47 das
2105 6181 456 65 Gorgonenhaupt.
2635 6183 95 53 Die
2774 6184 218 61 Japaner
3031 6185 155 48 beson-

1706 6252 135 60 ders,
1891 6254 91 46 mit
2032 6252 155 48 ihrem
2236 6252 509 50 außerordentlichen
2799 6252 262 53 Reichtum
3127 6254 91 49 der

1711 6320 221 62 Affekte,
1974 6321 165 49 haben
2179 6322 81 49 die
2300 6323 215 49 Masken
2554 6324 212 48 bewußt
2804 6324 73 47 alS
2880 6320 2 62 112
2921 6323 167 48 Bilder
3126 6324 91 49 der

1711 6392 104 49 rein
1858 6391 80 49 für
1975 6391 106 49 sich
2119 6391 365 62 bestehenden,
2523 6408 100 34 von
2661 6393 127 50 aller
2827 6394 251 48 Vernunft
3119 6395 74 48 los-

1710 6461 233 65 gelösten
1983 6462 221 61 Affekte,
2241 6462 93 51 der
2369 6462 202 53 Affekte
2610 6479 97 47 „an
2925 6462 290 54 behandelt

170 131 268 64 „Sterben!
507 131 210 51 Sterben
769 131 67 50 ist
883 126 136 53 doch
1068 125 98 55 ä'a&l
1214 128 216 62 Süßeste
1483 128 66 49 im

44 204 192 50 Leben!
291 203 211 50 Sterben
540 200 188 52 wollen
764 203 87 50 wir
885 202 144 61 jetzt!

171 275 119 48 Und
325 274 94 49 alle
455 272 218 50 Mücken
706 271 227 51 schrieen
965 271 91 48 das
1089 272 92 48 der
1214 270 160 62 Zippa
1407 265 143 52 nach.

170 346 97 48 Mit
312 345 212 62 seligem
576 344 268 49 Gelächter
890 342 175 62 flogen
1113 344 77 47 sie
1235 353 167 49 gegen
1452 339 99 50 den

43 416 185 49 heißen
258 416 252 61 Zylinder,
537 415 106 48 und
668 414 121 48 bald
817 413 146 62 lagen
989 411 94 49 alle
1112 409 248 63 zappelnd
1387 409 164 49 neben

44 487 116 47 dem
203 486 299 49 Abendbrot
540 486 90 47 des
667 484 134 49 alten
839 484 233 47 Mannes.

174 557 103 48 Der
309 555 174 50 wollte
519 556 83 48 die
633 549 312 53 Sterbenden
979 549 190 50 schnell
1205 552 155 57 töten,
1396 549 159 48 damit

44 628 77 48 sie
159 626 135 50 nicht
331 642 61 34 so
430 626 148 61 lange
614 638 63 34 zu
715 623 163 48 leiden
917 622 189 48 hätten.

175 699 135 47 Aber
343 698 161 60 Zippa
540 694 92 48 rief
663 692 226 60 lachend,
923 690 243 49 während
1198 692 76 46 sie
1306 688 106 49 sich
1446 687 108 54 ihre

45 767 339 49 Verbrannten
430 764 174 62 Flügel
646 760 354 52 absdheuerte:

176 838 135 60 „Laß
336 837 133 48 sein!
508 836 109 46 Wir
638 833 203 49 sterben
865 833 49 60 ja
936 847 63 33 so
1021 833 149 59 gern!
1212 830 104 48 Das
1341 828 212 49 Sterben

47 909 67 48 ist
148 908 50 60 ja
232 922 60 34 so

176 977 118 48 Und
320 977 82 47 die
428 974 294 49 sämtlichen
748 971 306 50 sterbenden
1082 969 218 51 Mücken
1325 969 228 50 schrieen

50 1062 52 34 es
143 1047 191 52 wieder
372 1045 91 48 der
500 1046 160 60 Zippa
701 1040 141 52 nach.

176 1117 118 49 Und
334 1116 119 49 alles
491 1113 160 50 lachte
686 1142 60 5 —
782 1110 106 51 und
922 1141 60 6 —
1019 1110 153 51 starb.

164 1186 115 49 Der
308 1186 99 48 alte
438 1186 158 47 Mann
626 1185 64 47 aß
721 1184 189 49 weiter.

176 1258 64 47 Er
277 1255 139 50 hätte
458 1256 229 59 Hunger.

3462 735 94 48 Die
3593 733 117 49 Luft
3743 735 65 47 ist
3841 731 364 65 grauschwarz.
4270 732 131 48 Vom
4439 731 172 49 Meere
4645 731 192 52 kommt

3338 803 193 62 Rollen,
3571 805 244 48 Donnern
3849 804 106 48 und
3991 804 82 48 ein
4110 801 415 53 unaufhörliches!
4558 803 186 48 Tosen.

3335 906 312 49 Musiker

3465 989 328 62 (Jammernd,
3832 987 127 49 läuft
3992 987 126 47 über
4152 986 82 48 die
4271 984 252 62 Klippen.)
4593 983 242 62 Kalypso!

3338 1060 248 63 Kalypso!
3645 1059 109 53 Hilf
3792 1060 118 56 mir;
3953 1059 73 47 sie
4066 1057 115 48 sind
4223 1056 164 48 hinter
4425 1057 96 47 mir
4560 1054 102 50 her.
4733 1056 104 48 Hilf

3335 1131 109 58 mir,
3486 1130 247 62 Kalypso!
3804 1128 182 62 (Steigt
4025 1127 182 62 tiefer.)

3339 1228 121 50 Die
3492 1225 610 64 Vogelmenschen

3466 1311 75 62 (In
3583 1311 219 48 Schären
3843 1306 440 62 durcheinander.)
4345 1306 79 48 Sie
4468 1307 65 47 ist
4575 1305 115 49 fort.
4761 1306 78 49 Sie

3337 1383 65 47 ist
3433 1381 393 49 verschwunden
3856 1394 95 33 aus
3983 1379 90 47 der
4104 1378 195 48 Grotte.
4350 1377 95 47 Die
4478 1377 180 48 Grotte
4690 1377 152 49 stürzt

3339 1453 95 46 ein.
3498 1452 47 46 O
3577 1465 155 33 unser
3769 1451 169 50 Retter
3970 1449 64 48 ha
4069 1449 79 58 ha,
4184 1449 87 45 wir
4302 1447 187 47 wollen
4524 1446 85 48 ihn
4643 1445 195 62 opfern,

3340 1521 179 48 wollen
3572 1520 83 48 ihn
3709 1520 88 48 der
3849 1520 179 47 Göttin
4081 1517 196 62 opfern.
4349 1518 64 46 Er
4463 1516 87 49 hat
4598 1517 73 47 sie
4736 1517 80 48 auf-

3337 1588 294 65 gestachelt.
3696 1590 80 53 Sie
3810 1591 66 46 ist
3909 1592 155 44 unten
4097 1602 253 47 gewesen.
4549 1586 170 49 Grabe
4751 1585 88 51 des

3339 1663 303 61 Olympyers
3679 1662 67 46 ist
3779 1663 73 45 sie
3887 1674 254 46 gewesen.
4211 1658 80 47 Ich
4329 1657 93 49 sah
4458 1658 75 46 sie
4569 1656 99 48 den
4705 1656 134 49 Stein

3340 1732 270 59 abwälzen,
3647 1731 83 49 ein
3771 1730 199 55 Qualm.
4025 1730 146 46 Seine
4211 1728 199 47 Locken
4450 1727 155 47 küßte
4642 1728 90 58 sie,
4771 1728 69 47 als

3340 1818 52 32 er
3419 1802 108 54 sich
3559 1801 311 49 aufrichtete.
3932 1799 83 47 Oh
4045 1802 76 44 er!
4171 1798 104 48 Der
4304 1797 263 61 Olympier
4597 1799 64 46 ist
4691 1796 148 50 wach.

3342 1873 103 47 Das
3484 1873 143 45 Meer
3661 1871 209 47 kommt.
3938 1869 225 61 Schlingt
4198 1868 121 47 alles
4357 1868 96 47 ein.
4519 1868 109 46 Wir
4661 1866 179 49 klirren

3340 1944 90 48 mit
3473 1942 150 48 ihnen
3669 1941 250 49 herunter.
3984 1940 130 61 (Alle
4157 1937 292 61 berauscht)
4511 1938 109 46 Wir
4661 1936 179 49 dürfen

3336 2013 221 48 sterben.

3343 2112 130 47 Der
3517 2111 156 48 Alte

3469 2195 117 62 (Mit
3622 2192 291 64 glühenden
3952 2194 196 61 Augen,
4186 2192 101 49 still
4323 2207 91 33 vor
4450 2191 105 49 sich
4594 2190 106 62 hin)
4738 2191 106 47 Wir

3338 2265 184 49 dürfen
3550 2265 221 49 sterben.

3336 2379 221 50 Letztes
3599 2375 287 64 Gespräch

3337 2477 269 62 Abgesan
3612 2489 41 49 g

3471 2581 240 62 (Offenes
3751 2582 166 56 Meer;
3959 2579 278 49 schwarzer
4280 2577 238 49 Himmel.
4578 2577 93 48 Die
4716 2577 128 48 Insel

3343 2653 64 47 ist
3444 2651 325 62 weggefegt.)

3346 2751 129 46 Der
3507 2750 359 61 Olympier

3472 2834 179 61 (Einen
3712 2833 192 46 weißen
3968 2830 308 49 Faltenwurf
4337 2845 98 33 von
4496 2829 98 47 den
4654 2829 190 47 breiten

3343 2905 207 60 eckigen
3606 2902 261 49 Schultern
3920 2902 79 48 bis
4055 2917 61 32 zu
4169 2901 99 47 den
4325 2900 268 59 Sandalen,
4664 2901 47 45 in
4765 2900 78 46 die

3342 2975 218 47 Wolken
3600 2973 214 60 ragend,
3857 2973 89 47 auf
3990 2973 114 46 dem
4152 2970 414 61 Meeresspiegel,
4611 2969 232 61 gebückt,

3345 3044 128 48 Erde
3513 3045 69 49 im
3627 3045 154 58 Haar,
3826 3044 192 59 blutige
4062 3042 147 58 Stirn,
4253 3042 81 47 die
4377 3055 55 33 er
4470 3040 78 48 oft
4592 3039 250 59 abwischt,

3341 3116 287 60 grauweiße
3721 3112 532 61 zusammengeklebte
4345 3111 215 58 Locken,
4651 3109 194 47 schwer

3341 3184 287 58 keuchend;
3664 3185 78 46 ein
3775 3186 439 58 pergamentenes',
4251 3180 376 62 eingefallenes,
4662 3179 181 48 uraltes

3346 3254 208 49 Gesicht
3595 3255 92 47 mit
3727 3254 331 47 erloschenen
4107 3251 240 61 Blicken.)

3346 3353 308 60 Kalypso

3472 3436 69 60 (in
3576 3435 156 47 ihrem
3765 3433 408 48 bläuschwarzen
4208 3431 264 48 Gewände
4507 3431 91 46 mit
4629 3430 214 46 weißem

3341 3504 409 61 durchsichtigen
3799 3503 324 60 Ueberhang,
4167 3502 133 47 sieht
4344 3499 254 63 ängstlich
4638 3514 62 32 zu
4744 3498 99 49 ihm

3347 3575 102 60 auf,
3501 3574 308 61 umschlingt
3854 3575 140 46 seine
4047 3572 211 48 Hüften.
4367 3571 79 47 Sie
4497 3569 223 49 knirscht
4767 3569 80 46 die

3347 3645 171 48 Zähne
3543 3645 349 57 aufeinander,
3920 3644 72 47 als
4018 3645 112 45 eine
4155 3641 162 48 Welle
4345 3641 97 47 den
4470 3640 264 47 Leichnam
4760 3639 87 46 des

3344 3716 253 47 Musikers
3703 3730 65 32 an
3830 3716 139 46 einer
4060 3712 351 61 vorragenden
4491 3711 180 61 Klippe
4748 3724 75 33 zer-

3346 3784 328 61 schmettert.)

3346 3884 130 47 Der
3520 3884 212 60 junge
3779 3883 169 47 Gott

3469 3966 216 62 (kommt
3733 3972 103 42 Von
3888 3966 193 47 weitem
4135 3963 89 48 auf
4274 3965 74 46 sie
4399 3977 79 44 zu,
4532 3960 310 62 riesengroß,

3343 4037 170 62 hager,
3545 4038 237 60 struppig
3813 4035 174 60 blond,
4022 4035 177 58 sicher,
4232 4033 273 49 stechende
4542 4032 167 47 Blicke
4724 4048 8 40 ;
4765 4032 79 45 ein

3340 4106 278 50 blitzender
3661 4105 234 51 Kronreif
3935 4108 65 45 im
4045 4107 162 54 Haar;
4247 4105 109 47 sein
4397 4099 263 62 schwerer,
4701 4100 116 49 nach-

3340 4177 369 61 schleppender
3745 4176 194 48 Mantel
3976 4176 287 61 purpurrot,
4304 4188 124 33 vorn
4464 4174 91 48 mit
4591 4171 254 62 goldenen

3345 4247 423 62 Haltespangen.)

3346 4359 129 49 Der
3511 4359 361 61 Olympier

3471 4444 64 47 Er
3561 4442 190 49 konnte
3777 4440 135 51 mich
3937 4441 136 50 nicht
4099 4443 154 58 töten,
4284 4454 93 33 nur
4401 4439 132 48 mich
4559 4447 286 53 Vergessen.

3343 4541 59 7 —
3448 4514 98 60 Ha,
3591 4513 84 60 du,
3719 4513 72 48 du
3832 4513 166 61 Tiger,
4042 4513 71 46 du
4155 4511 220 62 blutiger
4421 4508 213 61 Räuber,
4677 4509 69 48 du
4789 4535 57 6 —

3346 4582 208 62 Knecht,
3587 4584 80 51 ich
3700 4612 60 6 —
3794 4583 87 48 bin
3915 4612 60 5 —
4008 4582 83 60 da,
4125 4611 64 4 —
4219 4581 87 48 bin
4340 4584 178 45 immer
4550 4578 66 50 da
4648 4607 75 22 —.

3521 4682 212 60 junge
3777 4680 173 48 Gott

3471 4762 157 65 (Heiß
3669 4764 105 47 und
3809 4763 171 62 bitter)
4037 4762 82 49 ICh
4119 4760 2 67 1
4156 4762 166 60 hasse,
4362 4760 80 50 die
4478 4761 132 50 mich
4649 4760 198 48 hassen.

3347 4833 84 50 Ich
3451 4834 245 60 meuchle,
3722 4834 81 52 die
3827 4833 132 49 mich
3982 4836 206 58 würgen
4213 4833 203 49 wollen.
4459 4833 88 61 (Er
4566 4830 285 50 schleudert

3346 4906 149 49 einen
3538 4905 321 48 rauchenden
3904 4904 148 62 Berg,
4097 4904 99 47 den
4239 4918 56 33 er
4335 4911 97 39 aus:
4471 4903 117 47 dem
4632 4901 188 48 Meeres-

3344 4976 173 48 boden
3568 4976 239 59 ausreißt,
3854 4989 169 52 gegen
4074 4974 81 47 die
4207 4974 149 47 Brust
4404 4973 92 52 des
4546 4971 302 62 Olympiers.

3349 5046 117 58 Der,
3511 5044 102 49 fast
3651 5044 378 49 zerschmettert
4070 5044 105 48 und
4215 5043 255 61 stürzend,
4513 5042 212 49 taumelt
4763 5041 89 49 mit

3346 5115 214 50 Gebrüll
3604 5115 128 49 nach
3772 5128 143 47 vorn,
3959 5117 221 59 erwürgt
4220 5115 91 50 mit
4354 5114 91 47 der
4489 5113 166 48 linken
4702 5110 147 49 Hand

3346 5186 101 48 den
3470 5187 191 61 jungen
3688 5186 140 59 Gott,
3855 5182 237 51 während
4113 5185 83 47 die
4224 5184 187 52 Rechte
4434 5184 186 47 dessen
4646 5181 135 65 Kopf
4802 5181 47 48 in

3346 5254 101 51 den
3489 5256 208 48 Nacken
3737 5253 185 61 bricht;
3967 5254 91 49 der
4096 5256 155 59 junge
4296 5255 127 48 Gott
4462 5253 206 62 gurgelt
4707 5250 141 50 noch.

3351 5326 155 49 Beide
3553 5326 284 60 versinken,
3887 5325 238 49 während
4176 5325 92 48 das
4319 5325 146 48 Meer
4516 5324 183 48 tosend
4747 5320 79 53 auf-

3346 5396 192 63 steigt.)

3351 5495 167 62 Kaly
3533 5510 32 47 p
3581 5509 28 34 s
3627 5509 32 33 o

3478 5579 115 61 (Die
3650 5579 93 47 mit
3799 5578 414 67 ausgestreckten
4273 5577 188 48 Armen
4518 5579 130 46 starr
4703 5575 120 61 dage-

3348 5648 218 49 standen
3611 5646 102 62 hat,
3761 5648 178 51 richtet
3982 5648 108 49 sich
4135 5648 84 61 jäh
4265 5650 53 48 in
4362 5649 116 46 dem
4525 5646 325 62 ungeheuren

3351 5718 193 52 weißen
3588 5718 178 49 Toben
3809 5719 107 48 und
3963 5717 213 51 Zischen
4223 5718 101 49 auf.
4400 5717 194 50 Schreit
4634 5718 98 48 wie
4774 5715 77 48 ein

3351 5789 174 49 Orkan
3556 5788 104 61 auf,
3694 5789 77 49 alsl
3799 5789 106 48 ihre
3939 5789 317 49 tauchenden
4293 5789 138 48 Füße
4462 5789 82 47 die
4576 5786 275 50 sinkenden

3351 5859 341 50 Götterleiber
3735 5859 268 50 berühren.
4080 5860 111 47 Ihre
4240 5860 142 61 Züge
4428 5873 260 33 verzerren
4733 5855 118 50 sich.

3350 5928 259 50 Während
3647 5929 76 53 sie
3760 5930 148 47 beide
3951 5931 186 47 Hände
4174 5945 168 46 gegen
4383 5930 83 47 die
4507 5929 150 48 Brust
4694 5927 158 62 preßt,

3352 5999 187 49 wächst
3583 6000 74 48 sie
3699 5999 289 49 zusehends
4036 6000 160 48 höher
4242 6000 103 48 und
4392 5999 163 49 höher
4598 5998 103 49 auf.
4776 5995 79 48 Ihr

3350 6085 189 47 ganzer
3585 6070 120 50 Leib
3752 6070 147 49 zuCkt
3947 6070 103 49 und
4098 6070 221 61 krampft
4366 6070 122 50 sich.
4567 6070 82 47 Ihr
4693 6065 160 50 Mund

3349 6141 144 48 stößt
3520 6154 94 34 aus
3645 6140 80 52 ein
3759 6140 173 60 Hoho,
3963 6140 118 49 höh.
4114 6169 60 6 —
4208 6140 100 62 (Sie
4338 6139 123 63 geht
4489 6142 91 45 mit
4606 6138 217 49 dröhnen-

3353 6211 114 48 dem
3521 6209 243 49 Geschrei
3813 6211 103 47 und
3966 6209 275 49 Gelächter
4290 6211 127 47 über
4467 6211 92 47 das
4613 6207 241 50 tanzende

3352 6281 158 60 Meer,
3541 6280 150 62 wiegt
3716 6280 106 49 sich
3852 6282 51 48 in
3929 6279 100 49 den
4062 6280 212 61 Hüften,
4304 6283 139 58 singt
4468 6280 93 48 tief
4588 6279 102 48 und
4720 6278 108 59 lang-

3352 6366 248 48 geozgen,
3645 6351 201 62 schlägt
3888 6351 107 49 sich
4043 6352 81 46 die
4173 6351 283 62 Schenkel.)

4016 6462 184 50 Ende

172 1846 116 61 „Ich
327 1846 204 48 komme
798 1845 146 60 sagte
980 1843 74 48 sie
1093 1855 85 35 um
1218 1842 134 48 zwei.
1424 1841 122 47 Eine

51 1917 205 48 Pastors
265 1917 192 47 tochter
488 1917 91 48 mit
611 1915 206 62 glattem
854 1912 227 50 Scheitel.

176 1984 240 63 „Warum

177 2052 102 65 ~,Es
317 2057 69 51 ist
425 2056 171 48 Sünde

175 2194 306 63 Schweigen.
519 2223 60 6 —

176 2266 140 60 „Das
344 2266 153 59 heißt,
524 2265 77 47 ich
628 2264 134 48 kann
787 2263 48 62 ja
863 2262 126 50 auch
1016 2263 253 48 kommen.
1313 2260 133 50 Aber
1471 2260 79 49 Sie

48 2336 184 48 dürfen
276 2335 133 50 mich
452 2334 140 48 nicht

176 2472 271 64 „Wirklich

176 2544 271 62 „Wirklich

176 2615 183 60 „Dann
395 2614 203 49 komme

138 2681 103 52 'Es
276 2684 181 62 schlug
491 2685 133 48 zwei.
690 2684 80 46 Sie
807 2683 137 48 hatte
983 2682 102 48 Eile
1120 2681 105 49 und
1259 2684 139 59 ging.
1451 2681 97 49 Um

48 2756 105 51 vier
194 2755 165 47 wollte
399 2756 75 46 sie
514 2754 257 48 kommen.

177 2825 98 48 Um
315 2823 103 50 drei
458 2823 98 50 traf
590 2823 82 51 ich
703 2825 90 58 sie,
830 2824 75 47 sie
939 2823 115 49 kam
1091 2826 116 44 Vom
1248 2820 151 51 Bade.
1468 2821 82 49 Ich

51 2895 125 49 wich
210 2895 79 48 ihr
323 2909 108 45 aus,
471 2893 78 51 ich
585 2893 93 49 siah
716 2908 74 33 sie
828 2895 215 46 erröten.

177 2965 99 47 Um
309 2964 104 49 vier
444 2964 114 47 kam
593 2965 89 47 sie.
745 2962 163 49 Setzte
941 2961 105 50 sich
1081 2963 49 48 in
1163 2963 83 47 die
1281 2961 131 50 Ecke
1446 2962 104 48 und

49 3034 234 61 schwieg.
338 3033 186 61 Schlug
557 3034 83 47 die
680 3033 180 61 Augen
899 3030 186 51 nieder.
1138 3033 125 47 War
1297 3032 252 62 verlegen.

178 3105 113 60 „Da
331 3105 66 49 ist
434 3103 83 49 die
901 3100 146 64 sagte
1089 3100 93 53 ich'.
1241 3103 156 59 „Man
1437 3103 116 47 sitzt

49 3175 177 48 besser
261 3189 77 33 so.
409 3175 121 47 Eine
568 3173 188 48 schöne
797 3172 285 62 Erfindung
1117 3202 60 4 —

362 3246 145 58 sagte
544 3243 89 49 sie.
689 3243 156 61 „Eine
883 3243 189 48 schöne
1115 3242 298 62 Erfindung.
1469 3243 82 48 Ich

298 3381 101 50 hob
440 3382 96 48 den
580 3383 124 59 Fuß,
745 3381 149 49 raffte
933 3381 92 49 das
1067 3381 158 50 Kleid.
1294 3382 81 48 Sie
1415 3382 139 48 hatte

55 3453 181 48 frische
274 3451 350 49 Unterkleider
660 3466 77 46 an,
778 3452 150 48 frisch
965 3453 90 46 wie
1093 3451 206 49 Schnee.

182 3524 95 46 Um
309 3522 117 48 halb
458 3522 113 48 fünf
602 3522 168 47 wurde
797 3523 74 47 sie
901 3521 168 50 müde.
1131 3522 144 47 Ganz
1302 3521 249 62 plötzlich.

55 3592 78 49 Sie
171 3590 173 51 mußte
379 3594 81 46 ein
500 3594 163 59 wenig
699 3590 173 51 ruhen.
937 3591 96 49 Ein
1070 3604 133 49 ganz
1237 3593 171 60 wenig
1441 3604 110 36 nur.

181 3663 63 48 Es
273 3663 169 47 würde
463 3662 132 48 doch
621 3663 128 47 auch
776 3662 234 48 niemand
1037 3662 238 47 kommen
1290 3663 24 46 ?
1369 3662 181 47 Gewiß

55 3733 167 47 würde
258 3732 234 48 niemand
524 3733 254 48 kommen.
843 3733 121 46 Wer
994 3730 149 50 sollte
1176 3732 65 48 da
1275 3731 277 49 kommen?

179 3873 297 60 „Bestimmt

178 3944 68 47 So
282 3943 196 48 machte
513 3943 74 48 sie
623 3942 152 49 sich's
811 3940 234 64 bequem.

312 4012 113 48 fünf

182 4083 134 48 Aber
346 4083 90 48 das
466 4083 65 48 ist
561 4082 158 49 schon
750 4082 346 49 Nebensache.

187 4699 107 48 Das
344 4699 222 60 Gesicht,
619 4699 246 63 losgelöst
912 4714 116 34 vom
1082 4699 309 63 Hinterkopf
1456 4699 104 49 und

61 4767 207 62 Gehirn,
309 4769 135 48 stellt
484 4770 100 47 den
625 4769 175 49 Affekt
837 4785 66 33 an
941 4771 106 47 sich
1089 4770 104 50 dar.
1267 4771 95 47 Die
1404 4770 133 48 Senti-

59 4841 166 47 ments
258 4842 51 46 et
345 4839 240 49 Passions
617 4837 265 51 entstehen
916 4840 136 49 nicht
1080 4842 67 47 im
1183 4839 225 61 Gesicht,
1441 4840 122 48 aber

59 4910 75 48 sie
183 4907 245 63 sprechen
480 4909 106 48 sich
638 4909 106 47 hier
793 4925 80 32 am
926 4910 460 48 vollkommensten
1452 4924 109 37 aus.

63 4979 152 59 Alles,
259 4994 109 33 was
414 4979 85 48 wir
541 4977 172 49 fühlen
756 4980 105 47 und
903 4977 311 63 empfinden,
1259 4993 106 35 was
1410 4994 154 34 unser

65 5049 116 48 Blüt
229 5049 148 49 treibt
426 5048 102 47 und
575 5048 192 61 erhitzt,
818 5046 103 51 und
968 5050 99 47 den
1478 5049 58 49 be-

60 5117 301 63 schleunigt,
413 5117 217 62 spiegelt
679 5119 107 47 sich
838 5118 120 60 hier,
1012 5120 103 47 und
1167 5117 127 50 wird
1347 5123 50 47 in
1463 5121 99 46 den

65 5188 214 48 tausend
342 5187 104 48 und
509 5188 336 48 abertausend
905 5190 177 60 Zügen
1143 5189 91 48 des
1296 5189 267 48 Gesichtes

63 5255 451 64 wiedergestrahlt.
580 5259 108 46 Wir
721 5258 204 48 können
959 5273 95 34 uns
1056 5255 2 64 1
1088 5259 338 49 beherrschen
1461 5257 103 51 und

67 5328 413 62 Empfindungen
513 5325 295 64 verbergen,
844 5325 168 50 indem
1048 5324 93 52 wir
1172 5342 154 35 unser
1357 5325 211 54 Gesicht

62 5399 52 47 in
145 5398 83 48 die
262 5397 273 63 gewohnte
571 5398 146 47 Form
751 5397 104 47 und
885 5399 51 47 in
969 5398 98 48 den
1100 5398 305 61 gewohnten
1441 5399 95 47 Aus-

62 5469 158 48 druck
255 5469 249 61 zwingen.
573 5467 135 48 Aber
740 5467 159 49 selbst
933 5468 50 47 in
1017 5465 192 50 diesem
1250 5468 103 48 Fall
1390 5471 177 46 nimmt

65 5554 53 33 es
163 5537 130 50 eben
340 5539 176 47 diesen
563 5537 265 48 Ausdruck
873 5537 91 47 der
1008 5538 558 62 niedergezwungenen

67 5608 349 63 Empfindung
458 5623 77 34 an.
611 5606 118 48 Und
767 5609 47 59 je
856 5605 128 50 nach
1021 5607 115 48 dem
1179 5608 389 62 Temperament

64 5680 105 47 und
201 5679 88 48 der
320 5677 373 63 Lebhaftigkeit
723 5677 101 48 und
855 5678 114 47 dem
1004 5678 259 50 Reichtum
1296 5678 90 48 des
1421 5678 111 61 Emp-

66 5750 200 48 findens
302 5749 126 48 wird
463 5750 90 47 das
589 5747 208 49 Gesicht
828 5761 62 34 zu
925 5750 160 45 einem
1121 5744 144 51 Meer
1297 5748 90 47 der
1422 5748 110 60 Emp-

66 5819 442 63 findungswellen.
569 5816 176 51 Nichts
746 5816 3 66 1
774 5819 68 47 ist
867 5817 248 48 schneller
1141 5817 74 48 als
1243 5816 92 50 das
1356 5816 212 49 Denken

63 5889 107 48 und
202 5889 93 49 das
334 5889 319 62 Empfinden,
686 5888 306 49 aber'ihnen
1189 5887 91 48 der
1312 5887 229 48 Gesichts-

64 5960 267 60 ausdruck,
397 5960 72 48 ah
533 5960 79 49 ihr
660 5957 378 62 Niederschlag.
1137 5957 285 47 Besonders
1486 5957 83 47 bei

67 6029 495 48 leidenschaftlichen
598 6028 296 61 Menschen,
931 6028 83 48 die
1049 6030 80 46 nie
1163 6028 85 48 die
1282 6028 163 48 Kunst
1479 6026 90 49 des

68 6098 669 63 Gesichtskomödienspiel's
789 6099 197 62 gelernt
1039 6095 182 52 haben.

193 6181 357 49 Vornehmlich
585 6185 65 45 im
688 6185 145 61 Auge
864 6182 218 62 spiegelt
1113 6181 107 50 sich
1252 6181 83 48 die
1370 6181 200 50 leiseste

68 6250 474 64 Gefühteerregung
584 6253 202 50 wieder.
863 6254 103 48 Der
1008 6252 256 62 Augapfel
1306 6250 266 49 verändert

66 6323 107 48 sich
205 6322 149 60 nicht,
389 6322 120 47 aber
535 6322 92 47 der
657 6322 150 62 Blick,
840 6321 80 51 die
955 6323 253 62 Richtung
1235 6323 90 47 des
1360 6321 210 60 Blickes,

70 6394 90 47 das
204 6394 159 46 Feuer
403 6388 102 52 und
544 6393 80 50 die
662 6392 547 63 Strahlungsfähigkeit
1246 6393 91 47 des
1381 6392 189 61 Auges,

69 6473 90 39 vor
189 6462 148 50 allem
371 6461 124 51 aber
523 6462 82 49 die
638 6462 229 66 Stellung
898 6462 103 50 und
1033 6464 82 48 die
1151 6463 299 66 Bewegung
1482 6462 90 50 der

3332 400 122 51 Von
3503 398 194 53 Alfred
3733 397 203 52 Döblin

3332 498 244 51 Zehntes
3616 495 288 64 Gespräeh

3332 595 304 52 Aufatmen
3677 593 102 51 der
3816 591 423 53 Verzauberten

41 1721 124 51 Von
201 1721 233 51 Werner
470 1719 164 51 Peter
670 1719 211 51 Larsen

55 4558 122 52 Von
214 4558 262 52 Heinrich
511 4559 184 51 Pudor

3333 114 515 139 Gespräche
3902 114 156 115 mit
4109 111 396 138 Kalypso

3330 283 220 71 Ueber
3579 283 105 70 die
3716 283 224 70 Musik

45 1546 210 119 Drei
306 1544 396 121 Stunden

59 4372 358 118 Gesicht
492 4372 176 118 und
739 4372 329 118 Maske
