2990 3048
1631 2951 34 28 24

1137 422 488 54 MITTHEILUNGEN
1657 430 125 49 DER
1806 432 442 58 VEREINIGUNG

1482 517 361 52 BILDENDER
1873 517 346 62 KÜNSTLER
2251 525 456 61 ÖSTERREICHS.

1204 651 66 32 Der
1286 652 178 40 glänzende
1479 654 110 41 Erfolg
1608 668 132 22 unserer
1753 665 103 28 ersten
1872 662 310 48 Kunstausstellung
2198 673 196 40 verpflichtet
2410 689 73 26 uns,

1116 696 83 30 allen
1211 707 104 26 jenen,
1323 697 123 33 welche
1458 709 39 22 zu
1508 698 184 35 demselben
1705 701 203 45 beigetragen
1921 706 117 41 haben,
2050 723 140 23 unseren
2202 722 175 30 wärmsten
2386 720 97 33 Dank

1115 740 271 39 auszusprechen.
1400 742 152 33 Derselbe
1565 744 55 40 gilt
1636 757 34 20 in
1684 753 95 26 erster
1792 748 91 33 Linie
1894 763 139 23 unseren
2046 759 349 38 correspondierenden
2407 766 57 32 Mit-

1115 782 152 41 gliedern,
1298 784 50 32 die
1373 785 138 33 dieselbe
1535 799 37 21 so
1598 789 157 40 glänzend
1779 792 215 42 beschickten,
2019 797 87 35 dann
2130 801 62 34 den
2215 804 267 38 kunstliebenden

1115 827 139 32 Kreisen
1267 827 55 33 des
1335 830 134 32 Wiener
1480 831 201 41 Pubhcums,
1696 834 57 33 das
1770 848 36 21 so
1826 838 89 42 eifrig
1930 842 56 31 auf
1997 854 115 23 unsere
2124 846 178 37 Absichten
2322 856 159 39 eingieng,

1115 871 67 32 und
1208 871 54 33 der
1286 873 133 33 Wiener
1442 875 201 40 Publicistik,
1673 879 122 34 welche
1818 882 69 32 sich
1916 895 76 23 zum
2021 893 147 35 grössten
2198 894 67 32 und
2295 867 167 64 beachtenf-

1113 928 68 20 wer
1195 922 88 26 esten
1307 916 117 34 Theile
1452 919 273 44 hingebungsvoll
1755 924 50 33 für
1829 926 49 33 die
1902 929 130 42 richtige
2055 933 210 46 Würdigung
2289 939 54 34 der
2368 954 94 29 ausge-

1113 960 122 32 stellten
1251 961 220 34 Kunstwerke
1487 971 170 34 eingesetzt
1673 966 64 33 hat.
2245 960 17 19 s
2428 960 18 23 s

981 1084 52 27 Die
1047 1090 68 22 erste
1128 1086 180 34 Ausstellung
1320 1087 47 27 der
1375 1088 191 36 Vereinigung
1577 1092 102 31 wurde,
1691 1094 67 26 nach-

891 1128 63 27 dem
975 1131 37 24 sie
1030 1129 100 35 infolge
1149 1130 46 27 des
1213 1131 109 34 ständig
1339 1132 110 27 starken
1469 1133 136 28 Besuches
1625 1147 48 16 um
1686 1140 88 32 einige

892 1172 80 35 Tage
986 1174 154 34 verlängert
1152 1175 110 27 werden
1275 1180 111 27 musste,
1405 1186 45 17 am
1464 1179 45 25 20*
1517 1178 66 32 Juni
1596 1179 124 29 definitiv
1731 1182 42 27 für

891 1217 173 33 geschlossen
1088 1219 109 27 erklärt*
1229 1219 55 27 Der
1308 1219 156 29 Schlussact
1483 1222 94 27 wurde
1600 1226 38 24 im
1658 1227 115 26 intimen

892 1261 96 28 Kreise
1001 1262 119 34 gefeiert,
1138 1263 89 28 wobei
1241 1264 62 27 dem
1317 1264 266 34 Ehrenpräsidenten
1595 1268 106 28 Rudolf
1717 1281 56 17 von

889 1306 48 26 Alt
945 1309 60 24 eine
1014 1307 174 34 Erinnerung
1193 1310 28 24 in
1228 1308 82 27 Form
1320 1311 73 24 eines
1402 1309 134 34 goldenen
1543 1311 230 38 Lorbeerzweiges

892 1361 56 16 von
967 1351 46 26 der
1031 1351 190 34 Vereinigung
1239 1352 146 34 gewidmet
1402 1354 106 30 wurde;
1529 1354 120 30 derselbe
1666 1360 33 24 ist
1716 1370 56 17 von

891 1394 146 27 Architekt
1042 1395 115 27 Olbrich
1166 1396 158 33 gezeichnet
1332 1396 57 27 und
1395 1408 55 16 von
1457 1397 92 36 Georg
1557 1399 90 29 Klimt
1658 1405 28 24 in
1693 1403 64 28 Edel-

891 1439 94 27 metall
998 1440 169 33 ausgeführt*
1182 1440 55 27 Der
1249 1440 158 35 Schlusstag
1419 1441 47 27 der

891 1483 180 34 Ausstellung
1082 1484 111 27 brachte
1206 1484 42 27 die
1261 1485 146 27 Sensation
1419 1486 46 27 der

890 1527 135 28 Ankäufe
1030 1539 55 15 von
1091 1528 155 34 Segantinis
1254 1529 98 27 beiden
1356 1530 91 33 Haupt-

891 1572 112 27 werken
1012 1582 7 17 :
1030 1572 42 27 die
1081 1573 319 33 grosse,,Alpenweide“
1407 1575 57 26 und

889 1616 42 28 die
956 1617 120 33 „Quelle
1100 1617 46 27 des
1171 1612 102 32 Übels“
1297 1620 116 32 giengen
1436 1621 27 24 in

889 1661 113 27 Wiener
1014 1661 179 28 Privatbesitz
1209 1661 75 27 über*
1301 1662 40 26 Im
1359 1672 105 24 ganzen

887 1705 60 27 sind
961 1707 44 25 218
1019 1706 143 27 Verkäufe
1175 1706 208 34 abgeschlossen
1395 1717 52 16 wor-

887 1749 53 27 den
1003 1749 43 27 bei
1064 1751 46 26 410
1123 1750 210 27 verkäuflichen
1342 1750 107 27 Ausstel-

887 1794 116 33 lungsob
1006 1797 5 29 j
1016 1799 86 22 ecten.
1107 1794 67 27 Von
1179 1794 46 27 der
1230 1794 159 34 Regierung
1393 1805 54 16 wur-

888 1837 53 27 den
952 1838 153 27 erworben:
1118 1838 144 31 „Christus
1276 1848 46 17 am
1335 1839 129 27 Kreuze“

888 1882 96 27 vonW
985 1882 118 32 yczolko
1106 1883 78 31 wsfci,
1193 1882 271 34 „Stephansthurm“

887 1936 57 16 von
956 1926 36 27 R*
1005 1937 27 16 v*
1045 1926 57 31 Alt,
1116 1929 67 25 zwei
1196 1926 199 34 Zeichnungen
1407 1938 55 16 von

889 1969 151 34 Segantini,
1060 1970 165 31 „Sämann“
1245 1981 56 16 von
1326 1971 137 32 Meunier,

888 2014 56 27 drei
970 2014 126 28 Bronzen
1116 2014 58 27 und
1198 2017 15 24 7
1236 2015 74 27 Blatt
1337 2019 126 30 „papiers

889 2058 127 34 gaufres“
1058 2069 57 16 von
1159 2059 189 33 Charpentier,
1380 2064 83 24 sowie

889 2105 44 24 ein
953 2102 200 28 Bucheinband
1172 2114 57 16 von
1248 2114 56 16 van
1324 2104 33 27 de
1366 2105 96 27 Velde*

890 2147 58 26 Das
960 2146 258 28 Gesammtresultat
1230 2147 46 27 der
1284 2148 179 35 Ausstellung

886 2201 58 17 war
976 2193 43 25 ein
1052 2191 199 27 überraschend
1283 2193 178 33 glückliches;

888 2240 69 23 trotz
965 2235 46 27 der
1018 2246 109 23 grossen
1132 2236 107 26 Kosten
1244 2236 43 26 für
1292 2236 42 28 die
1339 2237 109 27 Installa-

887 2282 59 24 tion
965 2280 57 27 und
1043 2280 187 34 Decorierung
1250 2280 46 27 der
1312 2282 131 30 „Blumen-

887 2324 74 27 säle“
987 2324 58 27 und
1064 2329 69 22 trotz
1153 2324 46 27 der
1219 2325 175 27 Concurrenz
1414 2326 47 26 der

1820 1097 169 37 gleichzeitig
2000 1101 201 35 abgehaltenen
2217 1107 98 30 beiden
2319 1111 384 39 Jubiläums-Ausstellungen

1820 1141 119 29 schliesst
1951 1144 42 28 die
2005 1146 96 30 Bilanz
2120 1150 47 27 des
2185 1154 103 32 jungen
2308 1155 224 31 Unternehmens
2549 1162 50 24 mit
2610 1162 91 26 einem

1822 1186 180 31 Überschüsse
2016 1191 34 27 ab
2117 1196 44 25 ein
2182 1196 114 28 seltener
2308 1199 59 27 Fall
2387 1203 29 24 in
2433 1202 54 27 den
2504 1203 133 29 Annalen
2655 1205 47 27 der

1820 1229 356 40 Ausstellungsgeschichte.
2206 1240 53 28 Die
2278 1242 221 32 Antheilnahme
2524 1248 47 27 des
2588 1249 113 28 Wiener

1820 1273 158 31 Publicums
1990 1289 35 16 an
2042 1280 46 28 der
2102 1282 181 38 Ausstellung
2295 1288 57 27 und
2373 1299 37 17 an
2422 1292 143 27 einzelnen
2576 1293 124 28 Werken

1819 1317 137 31 derselben
1974 1325 33 25 ist
2024 1335 57 17 von
2096 1326 108 29 Woche
2221 1338 35 19 zu
2276 1331 108 29 Woche
2402 1336 172 32 gewachsen.
2598 1338 101 27 Neben

1820 1365 107 33 einigen
1939 1371 134 31 wenigen,
2086 1371 104 28 welche
2203 1384 52 16 nur
2264 1374 48 28 das
2317 1376 84 29 Neue
2411 1380 57 27 und
2473 1375 226 35 Überraschende

1817 1413 80 22 reizte
1910 1410 57 27 und
1980 1411 82 29 deren
2079 1414 148 30 Schaulust
2248 1420 73 27 nach
2339 1424 55 24 ein-
2413 1423 65 28 oder
2497 1426 201 35 zweimaligem

2124 1459 108 29 Besuch
2261 1463 141 37 befriedigt
2428 1478 66 22 war,
2518 1470 99 28 bildete
2643 1473 58 25 sich

2125 1506 38 25 im
2177 1505 86 29 Laufe
2280 1508 46 28 der
2339 1509 304 38 Ausstellungsperiode
2656 1519 44 23 ein

2125 1558 103 24 grosser
2245 1551 79 29 Kreis
2340 1564 56 17 von
2409 1566 123 19 warmen
2544 1558 154 34 Freunden,

2126 1594 103 29 welche
2253 1597 57 28 sich
2333 1602 51 24 mit
2403 1601 107 28 wahrer
2529 1603 172 36 Hingebung

2124 1638 58 27 und
2207 1641 175 36 aufrichtiger
2399 1645 166 36 Verehrung
2587 1651 28 23 in
2639 1651 59 25 eine

2125 1681 85 29 ihnen
2228 1684 89 29 bisher
2335 1688 180 30 unbekannte
2531 1691 95 29 Kunst
2640 1703 45 18 ver-

2123 1726 103 29 tieften.
2234 1729 53 28 Die
2295 1731 71 27 Zahl
2373 1732 94 33 dieser,
2476 1736 104 27 welche
2589 1747 37 17 an
2638 1741 60 24 eine

2124 1769 171 32 kommende
2314 1785 71 18 neue
2401 1777 80 29 Blüte
2493 1779 47 28 der
2552 1780 146 30 bildenden

2123 1814 94 29 Kunst
2223 1818 128 33 glauben,
2359 1823 33 25 ist
2400 1821 86 29 durch
2494 1823 72 28 diese
2575 1826 108 28 Ausstel-

2121 1858 68 35 lung
2205 1862 28 25 in
2245 1862 83 28 Wien
2347 1866 122 35 mächtig
2487 1871 210 31 angewachsen.

2159 1903 57 28 Der
2224 1905 131 29 Nachruf
2366 1908 43 27 für
2418 1921 81 18 unser
2504 1912 34 27 C.
2545 1913 152 29 M.Burnc-

2118 1946 83 32 Jones
2213 1949 49 26 auf
2278 1950 71 28 Seite
2358 1954 9 24 I
2385 1952 85 29 dieses
2482 1956 96 28 Heftes
2594 1961 33 25 ist
2639 1970 57 17 von

2122 1990 158 30 LUDWIG
2292 1994 141 30 HEVESI
2449 2000 114 28 verfasst
2578 2004 58 26 und
2648 2004 49 27 das

2122 2033 156 31 Schriftbild
2295 2049 57 17 von
2366 2040 24 32 J.
2407 2041 42 28 M.
2465 2044 173 31 OLBRICH
2651 2059 30 24 ge-

2120 2079 132 28 zeichnet.

2198 2134 29 17 as
2239 2124 144 31 Titelblatt
2395 2129 85 30 dieses
2492 2133 96 30 Heftes
2600 2138 94 27 wurde

2121 2177 56 17 von
2190 2168 37 27 H.
2240 2169 237 35 SCHWAIGER
2489 2181 160 28 entworfen.

2168 2212 52 27 Die
2250 2214 199 40 Kunstbeilage
2477 2232 49 18 zur
2554 2224 122 30 Gründer-

2122 2257 119 33 ausgabe
2259 2269 57 18 von
2333 2261 68 29 Heft
2420 2266 15 25 7
2452 2265 114 31 bestand
2579 2271 28 25 in
2620 2273 72 25 einer

2122 2299 345 43 Original-Lithographie
2487 2322 56 17 von
2567 2313 100 29 KOLO-

2118 2342 96 32 MAN
2234 2347 147 30 MOSER.

828 568 3 14 v.
702 568 23 14 H.
736 568 113 14 Schwaiger.

490 1763 126 18 Heimkehr
625 1767 46 14 von
683 1763 41 19 der
733 1763 103 19 Kirmess.

713 1790 47 14 von
777 1786 17 18 Hans
798 1786 44 18 Schwaiger.

2624 292 90 34 VER
2735 291 197 35 SACRUM.
