4996 6784
418 6547 57 41 20

397 400 358 56 Kunstwerk.
834 402 173 54 Jedes
1050 404 261 54 Material
1352 405 150 52 kann
1545 424 109 33 von
1698 404 179 65 jedem
1924 404 186 54 Mittel
2155 404 263 68 gestaltet

395 486 247 54 werden.

539 572 73 54 Es
647 572 115 67 gibt
800 574 163 53 keine
1003 575 257 53 Grenzen
1293 575 98 52 der
1424 575 197 52 Kunst.

540 657 72 53 Es
650 659 114 65 gibt
799 659 166 54 keine
1000 661 229 62 Künste,
1267 660 239 53 sondern
1542 660 390 53 Kunstwerke.

540 743 72 53 Es
644 743 114 66 gibt
789 744 204 54 keinen
1024 744 369 54 Materialstil.

540 827 73 54 Es
656 829 116 66 gibt
814 831 203 53 keinen
1058 829 287 63 Kunststil,
1391 831 238 52 sondern
1671 831 278 54 Künstler.

540 914 115 53 Der
682 914 341 55 Machtwille
1051 916 237 52 zerreißt
1316 915 89 53 die
1430 915 257 53 Grenzen
1715 916 97 53 der
1838 916 196 63 Kunst,
2063 915 98 53 der
2189 915 229 63 Künste,

398 998 102 54 des
535 998 289 55 Materials
859 1002 170 51 durch
1066 1000 97 53 das
1197 1000 337 53 Kunstwerk
1567 1002 98 52 des
1698 1001 290 53 Künstlers
2024 1022 95 31 zur
2152 1001 195 53 Kunst.

544 1085 112 53 Der
689 1085 306 66 Rhythmus
1029 1086 163 52 wirkt
1226 1106 111 33 von
1369 1085 177 54 Raum
1578 1091 55 49 in
1668 1086 135 63 Zeit,
1838 1107 111 32 von
1982 1086 121 54 Zeit
2136 1091 55 49 in
2225 1086 194 54 Raum.

401 1167 135 54 Sein
574 1169 175 54 Werk
789 1191 96 32 aus
925 1170 174 53 Raum
1139 1171 109 52 und
1289 1171 118 53 Zeit
1449 1176 70 48 ist
1560 1172 240 53 raumlos
1843 1173 110 51 und
1996 1171 211 53 zeitlos.

543 1494 112 54 Das
701 1494 334 53 Kunstwerk
1076 1495 181 54 bricht
1303 1497 88 52 die
1435 1496 397 53 Dimensionen
1877 1498 97 52 des
2021 1497 241 53 Raumes
2309 1497 111 52 und

402 1576 101 55 Her
537 1578 120 54 Zeit
693 1579 171 53 durch
902 1579 86 53 die
1024 1580 396 54 Dimensionen
1456 1582 97 53 des
1590 1582 242 54 Raumes
1866 1582 112 53 und
2014 1582 96 54 der
2146 1582 134 55 Zeit.

541 1664 112 52 Das
697 1663 492 55 Formkunstwerk
1236 1674 121 58 ragt
1403 1671 98 49 mit
1550 1667 116 54 drei
1713 1667 389 66 begreifbaren
2127 1669 239 54 Dimensi-

398 1768 149 33 onen
585 1753 57 49 in
685 1748 87 53 die
817 1751 463 65 unbegreifbaren
1320 1752 413 53 Dimensionen.

544 1833 112 53 Das
709 1833 618 56 Farbformkunstwerk
1382 1845 121 58 ragt
1556 1842 97 49 mit
1708 1837 108 53 den
1868 1838 395 53 Dimensionen
2318 1836 98 54 des

398 1916 247 55 Raumes
676 1923 54 48 in
766 1919 87 53 die
886 1920 395 55 Dimensionen
1314 1922 98 53 der
1445 1923 135 53 Zeit,

544 2015 115 53 Das
709 2016 673 69 Bewegungskunstwerk
1432 2021 111 52 und
1596 2020 98 54 das
1749 2019 447 55 Tonkunstwerk
2250 2031 170 55 ragen

402 2105 97 47 mit
535 2101 109 52 den
678 2102 394 55 Dimensionen
1106 2104 98 53 der
1237 2105 120 53 Zeit
1390 2110 53 48 in
1476 2107 87 51 die
1597 2107 396 52 Dimensionen
2030 2107 96 52 des
2161 2105 258 54 Raumes,

542 2185 114 55 Das
706 2187 673 69 Bewegungskunstwerk
1430 2192 112 52 und
1596 2190 98 54 das
1745 2190 451 55 Tonkunstwerk
2249 2201 170 55 ragen

402 2274 98 49 mit
540 2271 109 54 den
684 2272 396 56 Dimensionen
1119 2275 98 53 der
1256 2276 119 52 Zeit
1414 2280 54 48 in
1511 2276 88 52 die
1639 2276 471 67 unbegreiflichen
2148 2277 239 51 Dimensi-

400 2376 164 35 onen,

543 2443 71 53 Es
642 2444 114 65 gibt
780 2444 152 54 nicht
956 2466 103 32 nur
1084 2449 123 49 eine
1233 2450 177 49 vierte
1435 2447 337 63 Dimension,
1802 2447 240 53 sondern
2067 2446 353 53 unzählbare.

541 2539 115 54 Das
695 2540 337 54 Kunstwerk
1070 2542 211 55 kündet
1320 2548 98 48 mit
1458 2543 108 54 den
1603 2543 395 55 Dimensionen
2040 2543 98 54 des
2179 2543 241 53 Raumes

400 2624 114 52 und
566 2624 98 54 der
712 2625 121 55 Zeit
884 2626 87 54 die
1021 2627 128 53 dem
1197 2628 348 53 natürlichen
1596 2629 294 66 Begreifen
1940 2628 479 53 verschlossenen.

405 2709 100 52 Die
535 2710 347 54 natürlichen
910 2713 396 53 Dimensionen
1336 2714 223 53 künden
1592 2715 88 53 die
1711 2719 268 62 geistigen
2009 2714 410 52 Dimensionen.

544 3035 112 54 Das
702 3036 175 53 Werk
926 3037 97 53 des
1070 3037 291 55 Künstlers
1408 3039 165 53 wirkt
1622 3039 87 52 die
1758 3039 199 52 Kunde
2008 3039 97 51 der
2153 3043 269 62 geistigen

405 3119 397 54 Dimensionen
839 3126 55 48 in
933 3123 88 51 die
1060 3123 347 53 natürlichen
1446 3124 411 54 Dimensionen.
1934 3125 102 51 Die
2079 3124 345 53 natürlichen

409 3206 393 53 Dimensionen
836 3209 97 52 der
965 3207 380 67 Werkgestalt
1380 3209 121 52 sind
1533 3209 87 52 die
1654 3209 331 62 Reizmittel,
2021 3210 170 51 deren
2226 3210 197 51 Genuß

401 3291 113 52 den
551 3290 420 55 Nichtkünstler
1009 3294 146 65 fähig
1195 3295 201 61 macht,
1437 3294 89 52 die
1567 3294 197 52 Kunde
1806 3315 68 31 zu
1915 3295 299 51 erkennen.

546 3388 102 53 Die
694 3390 204 52 äußere
943 3389 237 65 Gestalt,
1225 3391 88 53 die
1357 3391 307 54 natürliche
1708 3392 323 52 Dimension
2076 3392 97 52 des
2219 3392 171 51 Kunst-

403 3474 241 63 werkes,
673 3475 139 52 wird
842 3487 289 54 genossen.
1195 3476 104 52 Die
1330 3481 189 48 innere
1553 3476 235 64 Gestalt,
1823 3477 87 53 die
1941 3482 228 61 geistige
2202 3477 186 52 Dimen-

407 3563 137 58 sion,
586 3559 139 52 wird
768 3559 195 55 erlebt.
1040 3561 104 53 Die
1188 3562 448 66 Voraussetzung
1681 3562 97 52 des
1822 3562 347 53 Erlebnisses
2212 3566 71 48 ist
2327 3561 97 52 der

409 3642 215 55 Genuß.
695 3645 114 52 Der
847 3646 343 66 genießende
1227 3647 235 52 Mensch
1501 3652 191 49 nimmt
1732 3648 88 53 die
1860 3647 316 53 Reizmittel
2215 3652 54 47 in
2311 3647 115 52 sich

409 3730 109 52 auf,
584 3730 116 52 Nur
731 3730 97 52 der
859 3730 250 65 Mensch,
1144 3731 98 53 der
1276 3732 87 53 die
1397 3733 205 52 äußere
1638 3731 221 55 Gestalt
1893 3732 97 53 des
2023 3731 403 54 Kunstwerkes

404 3835 65 31 so
510 3815 301 63 aufnimmt,
853 3816 106 52 daß
999 3821 78 48 sie
1117 3838 110 30 von
1268 3822 190 47 seinen
1499 3818 205 52 Sinnen
1743 3816 112 54 und
1892 3838 110 31 von
2042 3820 208 49 seinem
2291 3816 132 52 Sinn

407 3899 155 53 nicht
606 3900 155 52 mehr
805 3902 484 65 wahrgenommen
1334 3902 153 64 wird,
1536 3902 236 54 erkennt
1817 3902 88 53 die
1949 3907 192 49 innere
2189 3901 236 63 Gestalt,

408 3984 182 53 erlebt
630 3984 87 54 die
761 3985 378 68 Offenbarung
1179 3987 98 53 des
1318 3987 417 53 Kunstwerkes.
1811 3988 103 52 Die
1957 3988 205 52 äußere
2208 3986 219 53 Gestalt

408 4073 72 48 ist
512 4070 315 66 begreifbar
857 4072 144 52 nach
1034 4072 97 52 der
1162 4073 267 66 Wirkung
1461 4073 98 52 der
1590 4073 186 53 Mittel
1809 4073 91 52 auf
1933 4073 165 52 Sinne
2132 4073 112 51 und
2279 4073 147 52 Sinn.

409 4153 104 54 Die
552 4159 190 49 innere
783 4155 220 55 Gestalt
1039 4161 70 49 ist
1149 4157 109 54 den
1295 4158 206 53 Sinnen
1537 4158 113 53 und
1688 4158 124 53 dem
1853 4158 132 53 Sinn
2022 4156 404 55 verschlossen.

417 4239 96 52 Die
557 4240 204 53 äußere
805 4241 220 53 Gestalt
1066 4246 71 49 ist
1180 4242 97 53 der
1319 4244 353 66 notwendige
1715 4242 299 54 Ausdruck
2059 4243 97 52 der
2196 4246 233 48 inneren

408 4326 237 54 Gestalt.

549 4411 178 64 Form,
757 4412 194 63 Farbe,
981 4413 329 66 Bewegung,
1341 4413 119 53 Ton
1488 4415 213 53 wirken
1733 4415 91 52 auf
1851 4415 87 52 die
1970 4415 166 52 Sinne
2166 4413 113 53 und
2307 4412 122 54 sind

403 4496 332 53 verbunden
765 4502 98 48 mit
897 4501 179 49 einem
1106 4498 346 53 natürlichen
1485 4498 148 55 Sinn.
1696 4500 104 52 Die
1835 4498 222 55 Gestalt
2092 4498 98 55 des
2224 4498 171 54 Kunst-

412 4581 220 54 werkes
678 4582 264 66 gestaltet
989 4583 109 53 den
1142 4583 347 54 natürlichen
1535 4584 133 53 Sinn
1714 4604 69 33 zu
1831 4588 180 50 einem
2059 4588 269 63 geistigen
2373 4588 56 49 in

409 4667 101 52 der
558 4667 236 54 Gestalt.

553 4764 101 54 Die
693 4768 205 50 äußere
938 4767 220 53 Gestalt
1194 4773 70 48 ist
1304 4769 98 52 das
1440 4769 316 53 Verhältnis
1799 4769 96 52 der
1935 4768 361 53 Kunstmittel
2335 4786 63 34 zu-

414 4849 279 53 einander.
772 4851 112 54 Das
930 4852 316 55 Verhältnis
1288 4854 97 52 der
1429 4854 186 53 Mittel
1658 4858 71 49 im
1772 4855 338 52 Kunstwerk
2153 4853 115 53 läßt
2314 4852 115 54 sich

413 4934 299 66 begreifen.
780 4937 112 52 Der
927 4937 130 53 Sinn
1092 4938 97 53 der
1223 4940 245 50 äußeren
1501 4939 221 53 Gestalt
1754 4944 70 48 ist
1854 4940 152 52 nicht
2038 4947 145 45 etwa
2217 4943 88 48 ein
2339 4950 61 54 ge-

415 5019 255 53 stalteter
706 5021 145 62 Sinn,
889 5023 240 53 sondern
1164 5023 99 53 das
1300 5024 220 65 System
1556 5024 96 53 des
1688 5023 445 55 künstlerischen
2172 5023 228 66 Organis-

413 5125 137 33 mus.
632 5106 171 53 Jedes
849 5106 336 55 Kunstwerk
1230 5109 95 52 hat
1371 5114 191 48 seinen
1609 5114 232 61 eigenen
1888 5110 373 66 Organismus,
2313 5112 118 49 sein

417 5194 222 61 eigenes
672 5190 234 66 System.
973 5193 172 54 Jedes
1178 5194 235 66 System,
1448 5195 142 53 auch
1623 5194 98 54 das
1754 5194 335 67 unlogische,
2120 5198 71 50 ist
2222 5194 211 66 logisch

418 5274 296 55 auflösbar.
792 5277 112 53 Das
947 5277 448 66 Unbegreifliche
1439 5279 98 54 des
1579 5278 403 56 Kunstwerkes
2026 5284 87 59 ist,
2160 5278 107 54 daß
2314 5282 120 50 sein

412 5359 224 64 System
671 5365 161 49 einen
865 5363 355 65 Organismus
1254 5364 190 63 bildet,
1484 5369 122 47 eine
1628 5369 189 48 innere
1842 5365 219 52 Gestalt
2081 5365 179 53 wirkt.
2298 5365 133 51 Hier

413 5449 77 48 ist
526 5445 98 53 das
664 5445 385 56 Gemeinsame
1091 5450 111 53 und
1242 5455 138 61 ewig
1419 5450 331 53 Trennende
1788 5450 279 53 zwischen
2103 5450 181 53 Kunst
2322 5449 113 54 und

416 5529 389 56 Mathematik.

557 5615 114 54 Das
713 5616 219 64 System
973 5623 71 48 im
1087 5620 337 54 Kunstwerk
1466 5622 165 54 wirkt
1675 5624 91 51 auf
1810 5623 107 52 den
1959 5624 292 56 Verstand.
2330 5627 104 52 Die

419 5700 230 52 Glieder
686 5701 98 53 des
825 5702 246 66 Systems
1112 5707 121 51 sind
1274 5707 87 53 die
1402 5706 288 55 einzelnen
1729 5707 378 56 Kunstmittel.
2178 5710 102 53 Die
2321 5716 86 48 ein-

412 5785 200 52 zelnen
656 5785 188 55 Mittel
891 5789 108 52 und
1043 5790 118 52 ihre
1209 5792 429 66 Verbindungen
1683 5794 215 52 wirken
1944 5796 91 51 auf
2083 5796 97 53 das
2230 5796 203 53 Gefühl

421 5871 174 52 durch
636 5871 87 52 die
765 5872 166 54 Sinne
971 5875 111 53 und
1118 5877 176 52 durch
1336 5877 87 52 die
1469 5877 166 54 Sinne
1678 5879 92 52 auf
1813 5879 107 53 den
1960 5881 293 53 Verstand.
2331 5882 103 52 Die

415 5956 397 54 unmittelbare
848 5957 267 70 Wirkung
1152 5961 98 53 der
1288 5962 219 54 Gestalt
1545 5968 71 48 ist
1653 5963 115 53 also
1809 5965 245 55 sinnlich,
2125 5967 104 52 Die
2269 5967 167 53 Sinne

417 6042 156 63 jedes
616 6041 309 54 Menschen
973 6044 121 53 sind
1140 6047 366 67 empfänglich
1556 6049 86 51 für
1687 6049 178 64 Form,
1912 6050 196 65 Farbe,
2157 6051 118 54 Ton
2322 6052 112 53 und

417 6125 331 68 Bewegung.
813 6127 106 54 Mit
949 6133 190 50 seinen
1167 6131 205 54 Sinnen
1400 6138 192 49 nimmt
1622 6132 97 55 der
1750 6135 420 67 geistgebildete
2202 6138 234 52 Mensch

418 6212 100 53 das
549 6212 340 54 Kunstwerk
922 6214 109 53 auf.
1096 6215 113 55 Das
1240 6217 338 54 Kunstwerk
1612 6221 208 65 spricht
1853 6241 68 32 zu
1954 6221 126 55 ihm.
2149 6221 155 55 Aber
2338 6223 99 52 der

417 6297 355 66 ungebildete
807 6298 235 54 Mensch
1079 6301 207 65 spricht
1323 6323 68 32 zu
1424 6303 126 53 dem
1586 6304 354 56 Kunstwerk,
2011 6307 72 53 Er
2120 6307 149 55 stellt
2305 6309 99 52 Fra-

417 6392 107 54 gen
561 6382 110 54 und
706 6383 252 68 verlangt
998 6388 122 50 eine
1156 6385 277 57 Antwort.
1505 6390 73 52 Er
1614 6390 141 67 fragt
1793 6391 97 54 das
1928 6392 353 65 Kunstwerk,
2320 6414 114 33 was

2677 427 59 32 es
2776 406 285 55 bedeutet.
3137 408 84 53 Da
3263 428 59 33 es
3364 407 165 52 keine
3569 406 307 52 natürliche
3921 406 326 65 Bedeutung
4290 405 111 62 hat,
4444 406 148 52 kann
4635 425 60 31 er

2676 511 60 33 es
2783 492 153 52 nicht
2986 493 382 62 ,»verstehen',
3451 492 114 52 Der
3611 491 447 65 naturgebildete
4110 491 235 52 Mensch
4396 489 112 54 will
4559 490 134 53 alles

2676 576 316 53 verstehen.
3064 578 72 52 Er
3171 578 112 54 will
3318 577 159 53 Ruhe
3512 577 200 53 haben.
3785 574 190 65 „Alles
4012 575 316 63 verstehen,
4367 575 153 54 heißt
4559 574 135 55 alles

3098 662 72 53 Er
3208 663 150 54 kann
3397 684 59 32 es
3500 663 125 53 dem
3664 661 339 55 Kunstwerk
4041 661 153 53 nicht
4233 661 312 63 verzeihen,
4587 660 106 53 daß

2676 766 60 32 er
2766 766 60 33 es
2851 748 152 52 nicht
3034 749 266 52 versteht.
3362 749 113 52 Der
3506 745 485 56 Verständnislose
4023 747 148 51 kann
4201 746 126 52 dem
4356 745 338 53 Kunstwerk

2673 832 153 52 nicht
2864 832 312 63 verzeihen,
3214 834 105 53 daß
3358 855 59 32 es
3455 833 239 54 besteht.
3769 833 112 52 Das
3922 831 337 54 Kunstwerk
4300 832 133 51 aber
4470 831 224 52 besteht

2676 916 89 53 die
2798 917 640 67 Verständnislosigkeit.
3505 920 101 53 Die
3638 919 177 52 Natur
3848 917 246 65 vergeht,
4131 916 98 52 der
4262 916 159 52 Geist
4454 914 240 54 besteht.

2815 1014 112 53 Das
2969 1014 338 54 Kunstwerk
3351 1018 148 51 steht
3541 1021 54 48 in
3638 1017 132 52 sich.
3850 1016 114 52 Der
4007 1013 409 65 weltmächtige
4460 1009 234 54 Mensch

2676 1099 149 53 steht
2854 1103 55 49 in
2936 1099 132 53 sich.
3134 1100 112 52 Das
3278 1101 338 53 Kunstwerk
3646 1102 148 52 steht
3826 1107 55 47 in
3912 1102 126 52 ihm.
4104 1099 72 52 Er
4208 1098 148 53 steht
4388 1100 72 49 im
4491 1096 169 51 Kunst-

2675 1184 172 53 werk.
2916 1185 114 52 Das
3070 1185 337 53 Kunstwerk
3447 1192 169 48 stützt
3656 1188 115 51 sich
3810 1207 103 33 nur
3953 1185 92 53 auf
4085 1184 132 53 sich.
4292 1182 113 52 Der
4444 1179 249 61 Mensch,

2675 1269 100 53 der
2802 1270 97 52 das
2928 1269 338 54 Kunstwerk
3298 1271 295 66 empfängt,
3622 1279 170 46 stützt
3822 1273 114 52 sich
3964 1291 103 32 nur
4093 1269 92 53 auf
4213 1268 99 52 das
4339 1264 354 61 Kunstwerk,

2676 1356 99 52 das
2812 1356 91 52 ihn
2940 1356 297 66 empfängt.
3308 1356 104 52 Die
3448 1356 300 65 mystische
3785 1357 272 53 Hochzeit
4093 1358 249 61 verträgt
4381 1351 133 52 kein
4548 1351 116 51 Drit-

2676 1446 102 48 tes.
2851 1440 142 54 Kein
3640 1441 132 52 kein
4296 1437 133 53 kein
4469 1433 228 68 „kluger

3042 1527 130 51 kein
3217 1526 311 62 „ethisches
4002 1526 134 52 oder
4181 1524 206 53 andere
4431 1521 259 52 Krücken

2674 1610 98 53 der
2810 1611 348 53 natürlichen
3196 1610 232 67 Bildung
3466 1611 238 52 nehmen
3744 1611 98 53 das
3882 1611 337 52 Kunstwerk
4261 1609 106 52 auf.
4445 1606 115 53 Nur
4602 1605 89 53 die

2674 1695 348 54 natürlichen
3058 1697 165 53 Sinne
3258 1697 240 51 nehmen
3534 1696 88 53 die
3659 1694 360 55 Kunstmittel
4060 1695 107 52 auf.
4240 1693 172 53 Jeder
4450 1690 243 68 gesunde

2677 1781 234 53 Mensch
2947 1782 97 52 hat
3080 1781 89 53 die
3204 1780 348 54 natürlichen
3590 1780 184 55 Sinne,
3812 1779 174 55 Jedes
4024 1778 308 54 Menschen
4368 1777 169 54 Sinne
4574 1773 124 57 sind

2686 1866 275 65 gewohnt,
3016 1866 253 64 Formen,
3322 1866 234 63 Farben,
3610 1864 172 64 Töne,
3837 1865 386 65 Bewegungen
4280 1884 69 31 zu
4401 1861 289 67 ergreifen.

2676 1952 194 52 Nichts
2905 1956 70 49 ist
3012 1951 248 64 leichter,
3300 1951 79 54 als
3417 1951 89 53 die
3542 1948 363 56 Kunstmittel
3938 1969 70 33 zu
4043 1948 291 67 ergreifen.
4403 1947 157 55 Aber
4598 1945 99 55 der

2677 2037 234 53 Mensch
2942 2037 129 53 muß
3105 2041 79 49 sie
3217 2035 358 55 unmittelbar
3610 2035 289 67 ergreifen,
3936 2034 89 54 die
4058 2034 239 53 Formen
4329 2032 80 55 als
4441 2032 255 61 Formen,

2672 2122 88 54 die
2780 2122 219 54 Farben
3023 2121 79 55 als
3122 2121 233 64 Farben,
3379 2122 88 53 die
3489 2121 389 65 Bewegungen
3903 2118 80 55 als
4003 2118 405 66 Bewegungen,
4436 2118 88 53 die
4543 2116 154 53 Töne

2679 2207 80 54 als
2799 2206 170 54 Töne.
3043 2206 72 55 Es
3156 2208 195 65 gehört
3391 2207 131 53 kein
3563 2206 280 54 Verstand
3880 2205 161 63 dazu,
4080 2204 132 53 kein
4250 2203 239 63 Wissen,
4530 2202 167 53 keine

2678 2291 409 67 Schulbildung,
3115 2293 165 52 keine
3309 2303 113 55 sog.
3450 2290 424 67 Kunstbildung,
3902 2289 242 55 sondern
4169 2309 104 34 nur
4301 2288 88 54 die
4414 2288 250 53 Unbefan-

2677 2378 223 66 genheit
2927 2379 99 52 der
3054 2378 183 53 Sinne.
3264 2378 187 52 Daher
3477 2382 72 49 ist
3577 2377 99 53 das
3704 2375 341 54 Kunstwerk
4074 2375 85 53 für
4185 2372 323 69 jedermann
4535 2372 138 68 greif-

2677 2463 116 53 bar.
2826 2463 187 53 Daher
3042 2467 72 49 ist
3147 2462 98 54 das
3279 2462 338 54 Kunstwerk
3652 2461 215 55 schwer
3900 2460 242 67 greifbar
4174 2460 87 53 für
4294 2459 109 53 den
4435 2456 236 55 Intellek-

2677 2548 225 54 tuellen.
2935 2549 187 52 Daher
3155 2548 97 53 hat
3286 2548 98 53 das
3417 2547 338 53 Kunstwerk
3787 2551 98 49 mit
3916 2546 436 53 Aesthetentum
4384 2543 315 67 überhaupt

2677 2633 181 54 nichts
2915 2653 68 32 zu
3043 2633 265 53 schaffen.
3388 2633 112 53 Das
3544 2632 339 54 Kunstwerk
3927 2632 227 65 ergreift
4198 2631 98 52 das
4340 2628 163 55 Volk,
4582 2629 115 52 Das

2675 2718 340 54 Kunstwerk
3051 2718 139 53 wird
3225 2739 127 32 vom
3388 2718 145 53 Volk
3572 2718 276 66 ergriffen.
3919 2716 156 55 Aber
4113 2716 99 54 das
4250 2714 340 55 Kunstwerk
4626 2718 73 50 ist

2676 2804 153 53 nicht
2855 2803 269 55 völkisch.
3189 2804 72 54 Es
3291 2808 71 50 ist
3390 2803 154 54 nicht
3572 2802 265 55 national.
3903 2802 72 54 Es
4005 2806 72 50 ist
4105 2801 153 54 nicht
4286 2797 412 57 international.

2677 2889 72 52 Es
2783 2893 71 49 ist
2889 2889 390 66 weltmächtig.
3349 2889 113 52 Das
3496 2888 339 53 Kunstwerk
3868 2892 72 49 ist
3972 2887 166 54 keine
4172 2885 279 56 weltliche
4486 2885 212 54 Macht,

2677 2974 72 53 Es
2782 2979 72 49 ist
2887 2979 122 50 eine
3043 2974 356 54 Weltmacht,

2818 3073 113 53 Der
2977 3073 251 64 Mensch,
3277 3074 201 53 dessen
3526 3073 167 53 Sinne
3740 3073 99 55 das
3886 3072 339 54 Kunstwerk
4276 3071 424 66 aufgenommen

2678 3158 198 63 haben,
2909 3159 95 52 hat
3036 3159 87 52 die
3157 3160 205 51 äußere
3396 3158 220 54 Gestalt
3649 3158 98 53 des
3779 3158 403 53 Kunstwerkes
4217 3156 345 66 empfangen.
4594 3154 104 53 Die

2680 3243 251 52 endliche
2975 3245 205 52 äußere
3223 3244 220 54 Gestalt
3484 3243 331 54 umschließt
3854 3245 88 51 die
3983 3242 329 53 unendliche
4354 3245 191 49 innere
4588 3239 74 52 Ge-

2681 3327 145 54 stalt.
2897 3328 112 53 Der
3044 3329 235 52 Mensch
3313 3333 193 49 nimmt
3542 3329 88 53 die
3667 3329 206 52 äußere
3911 3327 222 54 Gestalt
4168 3331 55 49 in
4262 3326 116 54 sich
4414 3325 108 52 auf.
4594 3324 104 53 Die

2679 3417 190 48 innere
2898 3413 221 53 Gestalt
3147 3418 193 49 nimmt
3370 3414 108 52 den
3507 3415 309 52 Menschen
3849 3414 108 52 auf.
4025 3413 89 52 Sie
4146 3416 193 49 nimmt
4371 3411 93 53 ihn
4494 3431 61 32 so
4591 3409 107 62 auf,

2679 3498 107 53 daß
2815 3519 58 31 er
2900 3503 117 49 eins
3044 3504 70 49 ist
3139 3504 98 49 mit
3263 3499 99 53 ihr.
3423 3500 112 52 Der
3561 3499 235 54 Mensch
3823 3504 71 48 ist
3919 3497 391 65 weltmächtig.
4372 3496 105 52 Die
4506 3494 194 54 Macht

2678 3582 98 54 des
2816 3584 223 53 Geistes
3080 3585 97 52 hat
3216 3585 92 52 ihn
3347 3585 277 66 ergriffen.
3697 3585 115 52 Der
3849 3584 308 64 Rhythmus
4200 3583 95 52 hat
4339 3581 108 52 den
4486 3579 177 65 Rhyth-

2677 3689 119 33 mus
2827 3669 99 53 des
2954 3669 309 53 Menschen
3294 3670 275 66 ergriffen,
3635 3669 108 53 Wt>
3775 3669 98 52 der
3902 3669 309 65 Rhythmus
4244 3667 97 52 des
4372 3666 289 52 Kunstwer-

2677 3753 100 54 kes
2828 3754 92 53 auf
2970 3754 106 53 den
3127 3754 308 54 Menschen
3483 3754 166 54 wirkt
3697 3754 112 53 und
3857 3753 151 54 nicht
4057 3773 101 32 nur
4210 3752 487 65 wahrgenommen

2676 3839 153 63 wird,
2865 3839 212 53 kündet
3116 3839 97 53 das
3250 3840 338 52 Kunstwerk
3626 3843 117 49 sein
3780 3839 247 53 Gesicht,
4101 3838 112 52 Der
4249 3835 310 67 Rhythmus
4598 3835 97 51 des

2677 3924 403 54 Kunstwerkes
3115 3924 165 54 wirkt
3318 3925 91 52 auf
3445 3924 107 53 den
3585 3924 323 62 Menschen,
3944 3924 98 52 der
4077 3924 86 51 die
4201 3922 194 52 Macht
4432 3920 97 53 des
4566 3919 98 54 Gei-

2679 4016 113 46 stes
2830 4010 223 53 ersehnt
3091 4009 135 53 oder
3263 4009 448 67 geistesmächtig
3746 4014 86 48 ist.

2818 4106 113 54 Der
2964 4107 385 54 harmonische
3384 4107 233 54 Mensch
3649 4111 70 50 ist
3751 4112 297 62 genügsam
4080 4111 72 49 im
4185 4106 176 52 Geist,
4431 4104 74 52 Er
4539 4103 162 53 sehnt

2679 4193 153 53 nicht
2859 4193 143 52 nach
3031 4193 99 53 der
3150 4193 195 53 Macht
3375 4192 98 55 des
3501 4191 363 55 naturfernen
3885 4190 224 54 Geistes
4125 4190 146 54 noch
4289 4193 72 51 ist
4379 4209 60 34 er
4471 4192 203 63 geistes-

2681 4277 256 67 mächtig.
2966 4278 114 53 Der
3107 4278 236 54 Mensch
3374 4277 98 54 der
3503 4277 338 66 Gegenwart
3866 4282 72 49 ist
3966 4277 153 53 nicht
4149 4277 157 52 mehr
4332 4273 369 55 harmonisch.

2680 4362 103 53 Die
2819 4361 347 69 Vollendung
3199 4368 72 49 ist
3302 4364 154 53 nicht
3491 4368 153 48 seine
3680 4364 328 52 Sehnsucht.
4078 4363 164 52 Seine
4281 4360 312 54 Sehnsucht
4627 4363 73 49 ist

2684 4447 87 53 die
2802 4448 208 52 Macht.
3075 4448 193 54 Macht
3299 4453 70 49 ist
3401 4448 455 66 Nievollendung.
3920 4448 112 52 Der
4063 4447 373 65 rhythmische
4468 4445 234 53 Mensch

2684 4533 98 52 der
2818 4533 480 53 Machtsehnende
3338 4542 223 58 sprengt
3601 4533 88 53 die
3726 4531 230 55 Fesseln
3995 4532 97 54 der
4130 4531 462 66 Vergangenheit.
4631 4530 71 52 Er

2678 4625 386 47 zertrümmert
3093 4618 98 54 das
3218 4618 239 54 irdische
3488 4618 173 54 Reich
3691 4619 98 53 der
3817 4619 461 66 Vergangenheit.
4341 4618 72 51 Er
4443 4616 136 53 baut
4610 4619 88 49 ein

2682 4724 173 33 neues
2882 4704 190 63 Reich,
3102 4704 99 53 das
3228 4724 143 33 neue
3403 4704 258 53 Grenzen
3688 4704 113 53 hat.
3829 4704 102 53 Die
3960 4703 163 54 Kraft
4154 4702 183 55 dieser
4366 4702 193 53 Macht
4589 4701 113 67 gibt

2681 4789 110 51 ihm
2836 4789 86 52 die
2968 4789 177 63 Kraft,
3190 4790 86 52 die
3322 4790 273 62 Grenzen,
3643 4789 87 53 die
3776 4794 121 48 eine
3942 4789 445 66 Vergangenheit
4431 4805 101 35 vor
4576 4787 124 52 dem

2683 4873 174 54 Reich
2900 4875 98 53 des
3041 4873 222 55 Geistes
3308 4875 314 62 errichtete,
3665 4874 459 53 niederzureißen
4165 4873 111 53 und
4319 4872 107 53 den
4467 4873 141 66 Weg
4649 4877 53 46 in

2684 4961 98 50 das
2810 4959 394 52 Grenzenlose,
3233 4964 54 47 in
3315 4961 97 50 das
3437 4959 173 52 Reich
3641 4959 96 52 des
3767 4959 223 52 Geistes
4017 4980 65 31 zu
4113 4959 204 52 öffnen.

2827 5370 113 52 Der
2972 5370 384 53 harmonische
3390 5370 235 54 Mensch
3659 5376 72 49 ist
3764 5370 99 54 der
3897 5370 234 53 Mensch
4167 5370 98 53 der
4301 5370 405 67 Organisation.

2691 5453 130 54 Sein
2857 5453 114 55 Ziel
3007 5459 72 49 ist
3119 5455 87 53 die
3242 5454 507 55 Vollkommenheit
3786 5457 98 51 der
3922 5455 456 53 Persönlichkeit.
4450 5453 126 53 Nun
4610 5454 96 51 hat

2690 5539 98 52 der
2813 5539 234 53 Mensch
3075 5541 349 66 eingesehen,
3452 5541 106 53 daß
3588 5542 89 52 die
3704 5541 506 54 Vollkommenheit
4238 5542 97 51 der
4362 5538 315 54 Persönlich-

2689 5624 118 53 keit
2848 5624 396 54 unerreichbar
3285 5630 87 59 ist,
3417 5626 105 54 daß
3566 5627 88 53 die
3699 5627 385 53 harmonische
4129 5624 221 56 Gestalt
4391 5630 282 47 unwesent-

2689 5708 108 54 lich
2826 5713 87 49 ist.
2977 5710 103 53 Die
3108 5710 441 55 Persönlichkeit
3577 5717 71 48 ist
3675 5713 152 53 nicht
3856 5713 218 62 Zweck,
4108 5712 238 53 sondern
4373 5731 103 31 nur
4505 5710 203 53 Mittel.

2690 5795 114 53 Das
2834 5794 187 54 Mittel
3049 5800 70 48 ist
3149 5796 331 66 begreifbar,
3516 5797 133 54 aber
3680 5797 98 54 der
3809 5798 203 53 Zweck
4042 5797 167 54 nicht.

2831 5889 120 53 Die,
2980 5890 389 68 Organisation
3412 5895 175 55 bleibt
3631 5896 98 53 das
3772 5895 201 55 Mittel.
4051 5896 103 52 Die
4202 5895 392 66 Organisation
4640 5900 69 49 ist

2692 5972 185 55 Mittel
2915 5975 100 52 der
3052 5977 209 55 Macht.
3334 5979 103 54 Die
3479 5981 391 65 Organisation
3909 5981 160 66 greift
4107 5980 239 67 mächtig
4389 5981 88 53 die
4517 5981 192 53 Natur.

2690 6057 103 53 Die
2841 6059 193 56 Macht
3083 6062 138 54 über
3273 6064 97 53 das
3423 6065 265 54 Endliche
3740 6066 202 53 schafft
3991 6066 98 53 das
4140 6065 174 54 Reich
4367 6066 99 53 der
4516 6066 192 54 Natur.

2691 6143 113 54 Das
2850 6143 174 56 Reich
3073 6147 98 54 der
3216 6149 176 54 Natur
3439 6154 72 51 ist
3559 6151 465 53 unvollkommen.
4107 6151 104 53 Die
4259 6151 301 54 Harmonie
4612 6150 97 54 der

2691 6227 176 55 Natur
2914 6234 75 50 ist
3038 6232 357 66 rhythmisch.
3483 6235 91 53 Sie
3624 6235 172 55 fließt.
3879 6235 73 54 Es
4006 6237 115 65 gibt
4174 6237 165 54 keine
4392 6237 316 61 Harmonie,

2693 6314 240 54 sondern
2965 6337 104 33 nur
3103 6318 375 65 rhythmische
3515 6321 316 53 Harmonie.
3901 6320 114 54 Der
4052 6321 386 56 harmonische
4477 6322 231 53 Mensch

2694 6402 70 50 ist
2799 6403 87 50 ein
2920 6401 213 64 Irrtum,
3166 6403 138 54 über
3338 6405 130 63 sich,
3506 6410 54 48 in
3596 6405 130 54 sich.
