2712 4097
547 353 62 52 77
611 339 32 50 6

1144 353 264 36 MERCURE
1443 353 240 39 MUSICAL
1717 356 70 36 ET
1825 357 43 35 S.
1906 357 38 35 I.
1980 357 59 35 M.

543 501 78 54 M.
675 500 202 69 Stock,
933 500 200 55 donna
1185 500 363 57 récemment
1603 504 158 55 deux
1815 509 271 52 concerts
2141 507 152 54 dont
2367 508 84 57 les
2518 533 78 50 pro-

540 598 292 55 grammes
871 580 199 57 furent
1110 580 84 56 les
1232 581 274 58 suivants
1550 604 12 35 :

654 698 70 54 23
754 683 221 70 février.
1115 684 308 56 Ouverture
1455 687 65 54 de
1554 687 299 56 Carnaval
2191 691 266 59 Dvorak.

726 764 362 73 Après-midi
1135 767 142 54 d'un
1323 769 180 70 jaune
2192 773 296 78 Debussy.

982 866 152 53 pour
1177 848 180 73 piano
2193 857 418 84 Moszkowsky.

764 926 287 71 (Pianiste
1115 951 13 34 :
1154 931 215 73 Fanny
1429 932 646 74 Bloomfield-Zeisler).

646 1107 35 41 2
716 1110 172 38 mars.
1039 1095 310 57 Ouverture
2188 1102 302 62 Smetana.

951 1173 384 57 Unendliches
1794 1177 146 56 Lied
2179 1185 310 61 Schubert.

645 1256 353 71 Symphonie
1034 1270 75 42 n°
1145 1275 37 54 4
2178 1266 273 61 Brahms.

642 1336 233 57 Adieux
909 1338 66 55 de
1016 1340 206 56 Wotan
2177 1350 275 73 Wagner.

758 1420 326 68 (Chanteur
1142 1425 118 53 :M.
1318 1425 260 56 Herbert
1634 1426 473 77 Witherspoon).

642 1561 82 53 Le
749 1576 36 54 4
809 1580 176 50 mars,
1013 1564 79 54 M.
1120 1564 338 59 Alexandre
1486 1568 306 59 Scriabine
1817 1572 257 56 donnait
2099 1592 141 38 sous
2264 1576 84 56 les
2372 1582 249 73 auspices

528 1641 80 53 du
641 1641 147 56 Club
820 1643 249 55 musical
1102 1646 386 73 d'amateurs,
1523 1669 118 38 une
1672 1652 276 57 audition
1982 1656 74 54 de
2088 1674 91 36 ses
2211 1662 410 71 compositions

527 1721 72 54 de
628 1722 197 71 piano.
860 1726 81 54 Le
970 1743 377 56 programme
1378 1733 330 70 contenait,
1742 1736 363 57 entr'autres
2140 1757 235 41 œuvres
2410 1765 10 34 :

767 1845 248 56 Prélude
1330 1854 148 67 pour
1705 1851 59 55 la
1893 1853 164 56 main
2296 1857 232 71 gauche.

764 1928 110 56 Six
1054 1929 283 71 préludes.

763 2011 210 54 Sonate
1241 2023 75 42 n°
979 2028 33 53 3
1584 2032 69 37 en
1147 2014 59 56 fa
1238 2015 163 59 dièze
2353 2019 248 59 mineur.

636 2091 166 55 Deux
833 2093 253 57 Poèmes.

767 2170 165 56 Trois
1168 2174 231 57 Etudes.

634 2309 92 54 On
750 2329 149 36 nous
923 2312 90 56 dit
1037 2333 117 54 que
1180 2319 77 54 M.
1284 2320 307 57 Scriabine
1615 2342 36 36 a
1675 2326 146 55 écrit
1846 2345 119 41 une
1987 2334 362 71 symphonie
2372 2337 102 73 qui
2499 2338 113 56 doit

519 2391 267 54 contenir
806 2399 59 48 et
888 2413 148 37 nous
1056 2398 147 55 faire
1223 2409 308 51 connaître
1553 2412 171 52 toute
1745 2427 66 37 sa
1832 2412 379 76 philosophie
2234 2419 72 55 de
2326 2419 284 57 l'univers.

518 2470 56 52 Si
627 2490 149 37 nous
827 2476 224 56 devons
1101 2483 336 57 considérer
1487 2486 84 55 les
1620 2508 237 39 œuvres
1907 2493 290 61 ci-dessus
2248 2518 227 40 comme
2522 2504 90 55 des

517 2551 296 73 chapitres
856 2559 235 70 séparés
1135 2564 73 53 de
1251 2583 66 36 sa
1357 2568 397 75 philosophie,
1798 2592 109 38 son
1952 2579 245 57 univers
2240 2602 150 37 nous
2431 2586 179 71 paraît

515 2645 465 50 excessivement
1012 2641 211 74 limité,
1256 2648 138 56 bien
1426 2650 136 73 plus
1592 2672 117 53 que
1741 2657 151 54 celui
1926 2660 73 56 de
2031 2662 58 54 la
2121 2664 245 73 plupart
2399 2668 211 55 d'entre

514 2732 167 38 nous.
719 2718 157 55 Elles
909 2729 135 48 sont
1079 2729 414 58 caractérisées
1526 2752 112 53 par
1670 2754 118 39 une
1821 2743 175 69 grâce
2032 2744 274 74 délicate,
2343 2748 102 72 qui
2478 2752 130 68 peut

514 2799 258 54 elneurei
810 2801 57 54 la
899 2805 343 75 sensibilité,
1274 2828 138 41 sans
1443 2814 215 72 jamais
1690 2819 311 60 émouvoir
2032 2827 362 58 réellement.

1833 2938 254 61 Arthur
2129 2938 339 61 Farwell.
