2712 4097
2054 286 94 52 755

556 306 110 36 UNE
703 304 284 36 DANSEUSE
1024 301 301 48 FRANÇAISE
1356 300 34 34 A
1426 296 247 38 LONDRES

91 463 170 71 parut
290 458 145 55 dans
461 454 52 55 le
1004 452 180 70 Daily
1420 452 252 53 Courant
1027 451 81 54 du
1136 465 71 40 20
1234 465 154 36 mars
1415 467 15 48 ;
1458 444 41 55 il
1523 446 149 53 était
1701 439 192 71 rédigé
1918 448 227 43 comme

88 541 113 57 suit
229 559 14 34 :

214 675 20 28 «
271 658 98 47 Par
409 656 49 49 le
499 651 450 51 commandement
995 651 62 49 de
1100 651 159 47 Leurs
1303 647 256 61 Majestés,
1604 660 129 47 pour
1773 642 49 49 le
2084 637 64 49 de

89 726 112 48 Mlle
226 725 149 56 Sallé,
403 739 91 46 par
519 721 50 47 la
596 719 311 62 Compagnie
930 719 66 47 de
1020 717 305 55 comédiens,
1353 731 66 31 au
1444 715 202 45 théâtre
1670 710 144 62 royal
1839 708 65 49 de
1928 707 220 47 Covent-

88 792 216 55 Garden,
346 788 204 50 demain
588 786 140 62 jeudi
769 799 58 33 21
869 799 152 41 mars,
1079 799 111 31 sera
1240 781 319 62 représentée
1597 793 100 32 une
1735 777 140 62 pièce
1913 772 236 48 intitulée

88 862 41 47 le
151 858 94 47 Roi
268 857 173 60 Henry
464 856 82 47 IV
549 893 11 19 ,
586 867 126 34 avec
737 852 66 47 les
826 851 190 48 Gaietés
1039 851 57 47 de
1118 849 71 49 sir
1211 851 133 58 John
1366 847 218 61 Falstalf
1609 861 19 40 ;

214 942 21 29 «
268 924 140 49 Avec
440 923 171 48 divers
644 918 309 49 intermèdes
985 918 64 48 de
1079 918 176 55 danse,
1289 917 326 45 notamment
1649 912 68 47 les
1754 908 306 48 Charactères
2095 905 54 49 de

99 994 210 48 Vamour
327 994 86 57 (1),
442 990 159 47 danse
628 988 128 47 dans
781 984 219 62 laquelle
1024 984 72 48 les
1124 983 291 48 différentes
1442 979 231 65 passions
1700 978 62 48 de
1786 976 218 47 l'amour
2031 978 117 43 sont

87 1059 277 62 exprimées
403 1073 91 47 par
534 1054 117 48 Mlle
684 1053 130 47 Sallé
832 1068 10 40 ;

214 1141 20 28 «
271 1125 76 47 De
365 1125 183 55 même,
569 1136 73 32 un
661 1120 103 47 Pas
786 1119 54 47 de
860 1117 120 49 trois
1001 1119 89 58 (2),
1112 1115 213 49 exécuté
1347 1129 91 48 par
1458 1112 68 47 M.
1550 1111 198 57 Malter,
1772 1108 67 47 M.
1863 1107 287 62 Houghton

87 1199 48 43 et
178 1192 116 47 Mlle
336 1191 130 48 Sallé
489 1206 13 41 ;

212 1275 22 28 «
268 1258 80 47 En
379 1262 162 51 outre,
573 1270 73 31 un
673 1255 206 59 Paysan
884 1290 10 19 ,
925 1267 94 47 par
1049 1249 68 49 M.
1148 1248 183 48 Malter
1353 1262 13 43 ;

214 1343 21 28 «
271 1327 68 46 Et
366 1341 93 47 par
480 1322 472 54 commandement,
976 1319 52 47 la
1051 1317 231 49 dernière
1307 1315 174 56 danse,
1507 1310 237 49 intitulée
1771 1309 42 47 le
1830 1307 318 62 Pygmalion,

87 1409 90 46 par
204 1393 66 46 M.
299 1392 184 47 Malter
508 1394 51 43 et
587 1388 119 47 Mlle
732 1387 150 57 Sallé,
912 1385 66 47 M.
1009 1385 70 47 du
1105 1383 112 56 Pré,
1245 1382 67 45 M.
1340 1379 214 61 Pelling,
1583 1376 68 47 M.
1679 1375 301 55 Newhouse,
2009 1373 141 47 M.Le

85 1460 108 57 Sac,
220 1459 66 47 M.
313 1459 63 48 de
400 1459 74 47 La
498 1456 169 47 Garde
690 1460 52 42 et
766 1454 66 48 M.
860 1453 167 48 Duke.

214 1543 21 29 «
271 1528 94 45 Les
390 1525 170 62 places
586 1524 63 47 de
673 1526 230 57 parterre
929 1524 52 43 et
1006 1517 65 49 de
1094 1517 137 61 loges
1256 1515 228 61 peuvent
1508 1510 112 45 être
1635 1509 171 46 louées
1822 1506 331 48 ensembleau

87 1594 111 62 prix
225 1594 64 47 de
314 1592 118 61 cinq
459 1591 75 47 sh.
560 1590 140 47 l'une
727 1590 90 57 (3)-
845 1586 46 47 H
915 1600 114 32 sera
1054 1581 188 65 permis
1269 1594 103 31 aux
1399 1577 165 46 valets
1590 1576 65 46 de
1681 1573 181 63 garder
1886 1572 73 47 les
1984 1572 168 60 places

83 1676 84 33 sur
188 1660 52 48 la
263 1661 165 47 scène.
1272 1713 6 8 .
1640 1707 10 9 .
2116 1703 14 14 ,

212 1742 22 29 «
270 1726 62 47 N.
360 1726 57 47 B.
530 1732 80 39 Un
634 1723 123 60 peut
781 1735 54 33 se
856 1731 242 49 procurer
1120 1716 88 47 des
1230 1710 171 50 billets
1424 1723 67 33 au
1513 1707 237 48 domicile
1773 1709 64 43 de
1861 1707 117 44 Mlle
2002 1707 148 53 Salle,

85 1796 120 45 chez
245 1794 66 46 M.
355 1793 242 61 Grignon,
637 1788 249 62 horloger,
927 1801 64 31 en
1029 1784 112 46 face
1176 1782 47 47 le
1263 1779 110 47 café
1411 1778 146 53 Tom,
1601 1774 128 47 dans
1759 1770 391 56 Russel-Street,

87 1859 442 50 Covent-Garden.

215 1943 20 29 «
272 1928 177 61 Loges,
473 1935 28 50 5
525 1924 76 47 sh.
628 1938 10 40 ;
663 1925 245 58 parterre,
934 1930 28 47 3
986 1917 76 49 sh.
1086 1931 12 41 ;
1123 1911 201 66 galerie,
1349 1925 29 34 2
1400 1911 76 46 sh.
1499 1926 22 27 »

201 2032 85 52 Là
304 2048 72 36 ne
394 2046 61 37 se
473 2028 251 53 bornent
743 2041 107 53 pas
869 2039 105 36 nos
995 2017 495 72 renseignements
1518 2033 11 34 :
1551 2011 41 54 il
1609 2027 149 38 nous
1777 2013 89 50 est
1886 2024 267 55 parvenu

92 2112 98 54 des
230 2112 173 52 échos
445 2109 70 54 de
555 2110 157 50 cette
751 2099 486 75 représentation,
1278 2094 102 75 qui
1420 2091 195 58 excita
1654 2089 239 55 suivant
1933 2088 52 53 le
2025 2091 128 50 mot

92 2192 68 53 de
177 2188 449 56 Barton-Baker
647 2189 77 71 (4)
745 2202 33 34 a
795 2180 310 70 wonderful
1118 2180 216 69 furore;
1350 2175 58 52 la
1421 2173 140 54 salle
1578 2173 71 53 de
1665 2166 488 59 Covent-Garden

91 2269 144 54 était
272 2269 136 54 bien
444 2272 134 65 trop
615 2262 210 55 étroite
860 2277 149 54 pour
1044 2255 266 57 contenir
1344 2254 58 52 la
1438 2251 154 55 foule
1630 2251 100 54 des
1766 2251 384 68 spectateurs,

91 2356 57 48 et
174 2349 82 54 tel
281 2349 93 54 fut
398 2343 480 57 l'enthousiasme
902 2357 114 53 que
1043 2335 263 68 Garrick,
1334 2334 151 53 alors
1513 2334 104 67 âge
1645 2330 71 54 de
1742 2325 257 71 dix-sept
2027 2342 123 50 ans,

92 2447 70 37 en
198 2429 183 71 garda
416 2425 53 55 le
506 2420 275 60 souvenir
821 2422 34 52 à
892 2417 211 73 jamais
1131 2437 11 33 :
1181 2414 42 53 il
1261 2427 177 40 conta
1476 2411 131 70 plus
1645 2408 137 54 tard
1816 2408 37 52 à
1891 2406 261 52 Noverre

89 2527 112 53 que
238 2509 119 54 l'on
393 2523 61 37 se
491 2503 224 57 battait
753 2517 150 56 pour
940 2503 193 49 entrer
1171 2513 76 36 au
1286 2494 231 53 theatre
1554 2495 59 49 et
1651 2505 113 55 que
1802 2491 155 49 cette
1997 2484 155 53 seule

89 2588 179 56 soirée
296 2585 163 56 avait
487 2584 138 55 valu
654 2583 35 52 à
715 2580 134 54 Mlle
877 2578 151 56 Salle
1054 2575 131 73 plus
1213 2574 70 55 de
1312 2573 154 53 deux
1493 2574 133 50 cent
1654 2566 155 56 mille
1837 2565 192 53 francs

201 2665 301 56 Peut-être
529 2682 39 53 y
596 2660 156 56 a-t-il
778 2660 59 54 là
864 2657 250 73 quelque
1143 2650 376 75 exagération
1546 2671 15 48 ;
1592 2646 155 56 aussi
1772 2644 156 68 bien,
1956 2644 196 52 l'abbé

89 2748 245 55 Prévost
369 2745 193 54 donne
596 2742 259 54 d'autres
889 2737 254 66 chiffres,
1180 2751 73 36 en
1286 2732 189 53 même
1509 2734 192 65 temps
1735 2723 145 73 qu'il
1912 2726 238 50 raconte

84 2833 154 50 cette
271 2824 181 56 soirée
487 2825 35 53 à
555 2839 65 37 sa
653 2818 255 57 manière
931 2836 15 36 :

202 2907 132 53 «La
351 2908 173 52 vertu
562 2903 72 53 de
672 2894 435 60 Mademoiselle
1122 2894 99 55 5...
1261 2890 186 73 jointe
1485 2893 36 49 à
1557 2904 89 37 ses
1684 2884 188 55 talens
1909 2898 149 56 pour
2095 2880 55 55 la

94 2988 178 53 danse
311 3002 36 37 a
384 2983 110 55 fait
532 2979 200 56 ouvrir
770 2996 74 37 en
880 2994 66 36 sa
985 2975 207 55 faveur
1230 2973 100 53 des
1368 2968 235 56 milliers
1642 2966 70 54 de
1749 2965 259 65 bourses,
2048 2960 101 71 qui

94 3067 146 53 l'ont
270 3060 416 73 dédommagée
715 3059 71 55 de
816 3074 63 37 ce
908 3073 115 55 que
1052 3072 107 37 son
1187 3053 156 53 refus
1369 3049 83 53 lui
1481 3046 161 55 avait
1673 3043 108 56 fait
1810 3044 205 60 perdre
2046 3040 101 67 (6).

201 3210 37 47 (i
251 3210 12 47 )
295 3209 72 38 En
390 3205 191 51 français
604 3203 113 39 dans
740 3203 41 38 le
802 3203 139 37 texte.

202 3271 62 47 (2)
297 3269 71 38 En
392 3266 191 50 français
609 3264 111 38 dans
743 3262 40 38 le
803 3264 138 36 texte.
2036 3285 5 4 -

203 3331 62 48 (3)
297 3328 107 39 Voir
421 3339 49 26 ce
489 3325 77 50 qui
585 3337 27 26 a
630 3323 71 38 été
720 3323 69 37 dit
808 3321 100 51 plus
926 3320 114 39 haut
1057 3319 27 39 à
1101 3331 49 27 ce
1167 3318 133 50 sujet,
1320 3316 89 39 lors
1428 3315 61 39 du
1508 3311 148 49 benefit
1673 3311 55 39 de
1750 3321 75 40 173
1835 3323 35 27 1.

204 3391 63 47 (4)
298 3385 355 44 Barton-Baker,
680 3382 64 38 the
769 3380 179 40 London
973 3384 114 46 stage
1092 3410 9 16 ,
1129 3379 35 46 I,
1191 3386 98 41 257.

210 3450 63 48 (5)
304 3448 211 43 Noverre,
537 3445 157 37 Lettres
713 3454 74 26 sur
809 3441 60 38 les
887 3443 87 35 arts
993 3440 241 39 imitateurs
1255 3437 161 49 (1807),
1438 3434 61 47 11,
1524 3444 75 39 103
1621 3434 47 38 et
1685 3444 55 27 ss.

209 3510 64 48 (6)
305 3508 40 39 Il
362 3506 137 52 s'agit
517 3505 62 39 du
599 3503 120 39 refus
739 3502 77 39 des
837 3511 129 28 2.000
985 3499 195 52 guinées,
1201 3497 164 52 auquel
1385 3497 31 39 il
1437 3509 27 26 a
1482 3494 74 40 été
1579 3493 86 40 fait
1687 3492 189 40 allusion
1898 3494 224 52 précédem-

84 3575 134 37 ment.
