<?xml version="1.0" encoding="UTF-8"?>
<alto xmlns:xsi="http://www.w3.org/2001/XMLSchema-instance" xmlns="http://www.loc.gov/standards/alto/ns-v2#" xsi:schemaLocation="http://www.loc.gov/standards/alto/ns-v2# http://www.loc.gov/standards/alto/alto-v2.0.xsd" xmlns:xlink="http://www.w3.org/1999/xlink">
	<Description>
		<MeasurementUnit>mm10</MeasurementUnit>
		<sourceImageInformation>
			<fileName>//fileserver7/IN2/Princeton/Batch3/bmtnabh/1907/07/15_01/00000287.tif</fileName>
		</sourceImageInformation>
		<OCRProcessing ID="OCRPROCESSING_1">
			<preProcessingStep>
				<processingSoftware>
					<softwareCreator>CCS Content Conversion Specialists GmbH, Germany</softwareCreator>
					<softwareName>CCS docWORKS</softwareName>
					<softwareVersion>6.6-1.18</softwareVersion>
				</processingSoftware>
			</preProcessingStep>
			<ocrProcessingStep>
				<processingSoftware>
					<softwareCreator>ABBYY (BIT Software), Russia</softwareCreator>
					<softwareName>FineReader</softwareName>
					<softwareVersion>10.0</softwareVersion>
				</processingSoftware>
			</ocrProcessingStep>
		</OCRProcessing>
	</Description>
	<Styles>
		<TextStyle ID="TXT_0" FONTSIZE="14" FONTFAMILY="Times New Roman"/>
		<TextStyle ID="TXT_1" FONTSIZE="16" FONTFAMILY="Times New Roman"/>
		<TextStyle ID="TXT_2" FONTSIZE="19" FONTFAMILY="Times New Roman"/>
		<TextStyle ID="TXT_3" FONTSIZE="22" FONTFAMILY="Times New Roman" FONTSTYLE="italics"/>
		<TextStyle ID="TXT_4" FONTSIZE="15" FONTFAMILY="Times New Roman"/>
		<TextStyle ID="TXT_5" FONTSIZE="11" FONTFAMILY="Times New Roman"/>
		<TextStyle ID="TXT_6" FONTSIZE="15" FONTFAMILY="Times New Roman" FONTSTYLE="italics"/>
		<ParagraphStyle ID="PAR_LEFT" ALIGN="Left"/>
		<ParagraphStyle ID="PAR_RIGHT" ALIGN="Right"/>
		<ParagraphStyle ID="PAR_BLOCK" ALIGN="Block"/>
	</Styles>
	<Layout>
		<Page ID="P26" PHYSICAL_IMG_NR="26" HEIGHT="4097" WIDTH="2712" PC="0.901">
			<TopMargin ID="P26_TM00001" HPOS="0" VPOS="0" WIDTH="2712" HEIGHT="370">
				<TextBlock ID="P26_TB00001" HPOS="686" VPOS="302" WIDTH="1057" HEIGHT="64" STYLEREFS="TXT_0 PAR_LEFT">
					<TextLine ID="P26_TL00001" HPOS="694" VPOS="303" WIDTH="1049" HEIGHT="63">
						<String ID="P26_ST00001" HPOS="694" VPOS="310" WIDTH="67" HEIGHT="36" CONTENT="LA" WC="0.85" CC="20"/>
						<SP ID="P26_SP00001" HPOS="761" VPOS="346" WIDTH="37"/>
						<String ID="P26_ST00002" HPOS="798" VPOS="313" WIDTH="251" HEIGHT="47" CONTENT="MUSIQUE" WC="1.00" CC="0001600"/>
						<SP ID="P26_SP00002" HPOS="1049" VPOS="360" WIDTH="38"/>
						<String ID="P26_ST00003" HPOS="1087" VPOS="303" WIDTH="262" HEIGHT="51" CONTENT="MESURÉE" WC="1.00" CC="0000050"/>
						<SP ID="P26_SP00003" HPOS="1349" VPOS="360" WIDTH="32"/>
						<String ID="P26_ST00004" HPOS="1381" VPOS="318" WIDTH="35" HEIGHT="36" CONTENT="A" WC="1.00" CC="0"/>
						<SP ID="P26_SP00004" HPOS="1416" VPOS="360" WIDTH="36"/>
						<String ID="P26_ST00005" HPOS="1452" VPOS="305" WIDTH="291" HEIGHT="61" CONTENT="L'ANTIQUE" WC="1.00" CC="500100600"/>
					</TextLine>
				</TextBlock>
				<TextBlock ID="P26_TB00002" HPOS="2179" VPOS="321" WIDTH="94" HEIGHT="49" STYLEREFS="TXT_1 PAR_RIGHT">
					<TextLine ID="P26_TL00002" HPOS="2180" VPOS="321" WIDTH="92" HEIGHT="49">
						<String ID="P26_ST00006" HPOS="2180" VPOS="321" WIDTH="92" HEIGHT="49" CONTENT="701" WC="0.53" CC="634"/>
					</TextLine>
				</TextBlock>
			</TopMargin>
			<LeftMargin ID="P26_LM00001" HPOS="0" VPOS="369" WIDTH="150" HEIGHT="3309"/>
			<RightMargin ID="P26_RM00001" HPOS="2273" VPOS="369" WIDTH="439" HEIGHT="3309"/>
			<BottomMargin ID="P26_BM00001" HPOS="0" VPOS="3678" WIDTH="2712" HEIGHT="419"/>
			<PrintSpace ID="P26_PS00001" HPOS="150" VPOS="369" WIDTH="2123" HEIGHT="3309">
				<TextBlock ID="P26_TB00003" HPOS="154" VPOS="460" WIDTH="2117" HEIGHT="1147" STYLEREFS="TXT_2 PAR_BLOCK">
					<TextLine ID="P26_TL00003" HPOS="163" VPOS="460" WIDTH="2108" HEIGHT="83">
						<String ID="P26_ST00007" HPOS="163" VPOS="474" WIDTH="131" HEIGHT="38" CONTENT="vers" WC="0.99" CC="0030"/>
						<SP ID="P26_SP00005" HPOS="294" VPOS="512" WIDTH="26"/>
						<String ID="P26_ST00008" HPOS="320" VPOS="460" WIDTH="306" HEIGHT="70" CONTENT="composés" WC="0.99" CC="06023000"/>
						<SP ID="P26_SP00006" HPOS="626" VPOS="530" WIDTH="26"/>
						<String ID="P26_ST00009" HPOS="652" VPOS="461" WIDTH="72" HEIGHT="54" CONTENT="de" WC="0.71" CC="50"/>
						<SP ID="P26_SP00007" HPOS="724" VPOS="530" WIDTH="22"/>
						<String ID="P26_ST00010" HPOS="746" VPOS="461" WIDTH="167" HEIGHT="72" CONTENT="pieds" WC="0.98" CC="40250"/>
						<SP ID="P26_SP00008" HPOS="913" VPOS="533" WIDTH="23"/>
						<String ID="P26_ST00011" HPOS="936" VPOS="464" WIDTH="272" HEIGHT="74" CONTENT="inégaux." WC="0.99" CC="00050402"/>
						<SP ID="P26_SP00009" HPOS="1208" VPOS="538" WIDTH="28"/>
						<String ID="P26_ST00012" HPOS="1236" VPOS="468" WIDTH="111" HEIGHT="56" CONTENT="Car" WC="0.97" CC="034"/>
						<SP ID="P26_SP00010" HPOS="1347" VPOS="538" WIDTH="21"/>
						<String ID="P26_ST00013" HPOS="1368" VPOS="487" WIDTH="94" HEIGHT="37" CONTENT="ces" WC="1.00" CC="000"/>
						<SP ID="P26_SP00011" HPOS="1462" VPOS="538" WIDTH="15"/>
						<String ID="P26_ST00014" HPOS="1477" VPOS="468" WIDTH="168" HEIGHT="72" CONTENT="pieds" WC="1.00" CC="00000"/>
						<SP ID="P26_SP00012" HPOS="1645" VPOS="540" WIDTH="14"/>
						<String ID="P26_ST00015" HPOS="1659" VPOS="470" WIDTH="254" HEIGHT="73" CONTENT="inégaux" WC="0.99" CC="0003070"/>
						<SP ID="P26_SP00013" HPOS="1913" VPOS="543" WIDTH="24"/>
						<String ID="P26_ST00016" HPOS="1937" VPOS="491" WIDTH="74" HEIGHT="35" CONTENT="ne" WC="1.00" CC="00"/>
						<SP ID="P26_SP00014" HPOS="2011" VPOS="543" WIDTH="15"/>
						<String ID="P26_ST00017" HPOS="2026" VPOS="472" WIDTH="245" HEIGHT="54" CONTENT="cadrent" WC="1.00" CC="2003000"/>
					</TextLine>
					<TextLine ID="P26_TL00004" HPOS="160" VPOS="538" WIDTH="2109" HEIGHT="87">
						<String ID="P26_ST00018" HPOS="160" VPOS="538" WIDTH="135" HEIGHT="72" CONTENT="plus" WC="0.96" CC="9260"/>
						<SP ID="P26_SP00015" HPOS="295" VPOS="610" WIDTH="46"/>
						<String ID="P26_ST00019" HPOS="341" VPOS="545" WIDTH="377" HEIGHT="50" CONTENT="exactement" WC="1.00" CC="0004000200"/>
						<SP ID="P26_SP00016" HPOS="718" VPOS="610" WIDTH="46"/>
						<String ID="P26_ST00020" HPOS="764" VPOS="560" WIDTH="146" HEIGHT="39" CONTENT="avec" WC="0.99" CC="0020"/>
						<SP ID="P26_SP00017" HPOS="910" VPOS="610" WIDTH="45"/>
						<String ID="P26_ST00021" HPOS="955" VPOS="545" WIDTH="83" HEIGHT="56" CONTENT="les" WC="0.98" CC="500"/>
						<SP ID="P26_SP00018" HPOS="1038" VPOS="610" WIDTH="44"/>
						<String ID="P26_ST00022" HPOS="1082" VPOS="567" WIDTH="258" HEIGHT="37" CONTENT="mesures" WC="0.99" CC="0007600"/>
						<SP ID="P26_SP00019" HPOS="1340" VPOS="610" WIDTH="48"/>
						<String ID="P26_ST00023" HPOS="1388" VPOS="552" WIDTH="72" HEIGHT="53" CONTENT="de" WC="0.93" CC="01"/>
						<SP ID="P26_SP00020" HPOS="1460" VPOS="610" WIDTH="45"/>
						<String ID="P26_ST00024" HPOS="1505" VPOS="550" WIDTH="59" HEIGHT="55" CONTENT="la" WC="1.00" CC="00"/>
						<SP ID="P26_SP00021" HPOS="1564" VPOS="610" WIDTH="43"/>
						<String ID="P26_ST00025" HPOS="1607" VPOS="553" WIDTH="289" HEIGHT="71" CONTENT="musique," WC="0.99" CC="07000707"/>
						<SP ID="P26_SP00022" HPOS="1896" VPOS="624" WIDTH="49"/>
						<String ID="P26_ST00026" HPOS="1945" VPOS="554" WIDTH="120" HEIGHT="71" CONTENT="qui," WC="0.98" CC="0604"/>
						<SP ID="P26_SP00023" HPOS="2065" VPOS="625" WIDTH="49"/>
						<String ID="P26_ST00027" HPOS="2114" VPOS="553" WIDTH="155" HEIGHT="70" CONTENT="elles," WC="1.00" CC="000004"/>
					</TextLine>
					<TextLine ID="P26_TL00005" HPOS="160" VPOS="620" WIDTH="2109" HEIGHT="87">
						<String ID="P26_ST00028" HPOS="160" VPOS="625" WIDTH="136" HEIGHT="49" CONTENT="sont" WC="1.00" CC="0000"/>
						<SP ID="P26_SP00024" HPOS="296" VPOS="674" WIDTH="28"/>
						<String ID="P26_ST00029" HPOS="324" VPOS="620" WIDTH="210" HEIGHT="71" CONTENT="égales." WC="0.99" CC="0806002"/>
						<SP ID="P26_SP00025" HPOS="534" VPOS="691" WIDTH="29"/>
						<String ID="P26_ST00030" HPOS="563" VPOS="623" WIDTH="312" HEIGHT="56" CONTENT="Comment" WC="1.00" CC="0000320"/>
						<SP ID="P26_SP00026" HPOS="875" VPOS="691" WIDTH="27"/>
						<String ID="P26_ST00031" HPOS="902" VPOS="625" WIDTH="53" HEIGHT="55" CONTENT="le" WC="0.53" CC="53"/>
						<SP ID="P26_SP00027" HPOS="955" VPOS="691" WIDTH="24"/>
						<String ID="P26_ST00032" HPOS="979" VPOS="629" WIDTH="285" HEIGHT="55" CONTENT="musicien" WC="1.00" CC="07000003"/>
						<SP ID="P26_SP00028" HPOS="1264" VPOS="691" WIDTH="27"/>
						<String ID="P26_ST00033" HPOS="1291" VPOS="633" WIDTH="199" HEIGHT="53" CONTENT="va-t-il" WC="0.98" CC="0000100"/>
						<SP ID="P26_SP00029" HPOS="1490" VPOS="691" WIDTH="25"/>
						<String ID="P26_ST00034" HPOS="1515" VPOS="634" WIDTH="209" HEIGHT="53" CONTENT="traiter" WC="0.99" CC="0300016"/>
						<SP ID="P26_SP00030" HPOS="1724" VPOS="691" WIDTH="25"/>
						<String ID="P26_ST00035" HPOS="1749" VPOS="635" WIDTH="72" HEIGHT="54" CONTENT="de" WC="0.89" CC="02"/>
						<SP ID="P26_SP00031" HPOS="1821" VPOS="691" WIDTH="25"/>
						<String ID="P26_ST00036" HPOS="1846" VPOS="634" WIDTH="212" HEIGHT="73" CONTENT="pareils" WC="0.99" CC="6020000"/>
						<SP ID="P26_SP00032" HPOS="2058" VPOS="707" WIDTH="24"/>
						<String ID="P26_ST00037" HPOS="2082" VPOS="652" WIDTH="133" HEIGHT="37" CONTENT="vers" WC="0.99" CC="0040"/>
						<SP ID="P26_SP00033" HPOS="2215" VPOS="707" WIDTH="29"/>
						<String ID="P26_ST00038" HPOS="2244" VPOS="641" WIDTH="25" HEIGHT="48" CONTENT="?" WC="1.00" CC="0"/>
					</TextLine>
					<TextLine ID="P26_TL00006" HPOS="160" VPOS="699" WIDTH="2109" HEIGHT="76">
						<String ID="P26_ST00039" HPOS="160" VPOS="699" WIDTH="158" HEIGHT="56" CONTENT="C'est" WC="1.00" CC="30000"/>
						<SP ID="P26_SP00034" HPOS="318" VPOS="755" WIDTH="71"/>
						<String ID="P26_ST00040" HPOS="389" VPOS="700" WIDTH="60" HEIGHT="55" CONTENT="la" WC="1.00" CC="00"/>
						<SP ID="P26_SP00035" HPOS="449" VPOS="755" WIDTH="58"/>
						<String ID="P26_ST00041" HPOS="507" VPOS="703" WIDTH="193" HEIGHT="54" CONTENT="vieille" WC="0.99" CC="0011503"/>
						<SP ID="P26_SP00036" HPOS="700" VPOS="757" WIDTH="53"/>
						<String ID="P26_ST00042" HPOS="753" VPOS="707" WIDTH="258" HEIGHT="68" CONTENT="querelle" WC="0.99" CC="06210001"/>
						<SP ID="P26_SP00037" HPOS="1011" VPOS="775" WIDTH="52"/>
						<String ID="P26_ST00043" HPOS="1063" VPOS="714" WIDTH="165" HEIGHT="51" CONTENT="entre" WC="0.99" CC="00054"/>
						<SP ID="P26_SP00038" HPOS="1228" VPOS="775" WIDTH="66"/>
						<String ID="P26_ST00044" HPOS="1294" VPOS="712" WIDTH="83" HEIGHT="54" CONTENT="les" WC="0.98" CC="310"/>
						<SP ID="P26_SP00039" HPOS="1377" VPOS="775" WIDTH="63"/>
						<String ID="P26_ST00045" HPOS="1440" VPOS="712" WIDTH="312" HEIGHT="56" CONTENT="musiciens" WC="0.98" CC="524060555" STYLEREFS="TXT_3"/>
						<SP ID="P26_SP00040" HPOS="1752" VPOS="775" WIDTH="62"/>
						<String ID="P26_ST00046" HPOS="1814" VPOS="722" WIDTH="60" HEIGHT="48" CONTENT="et" WC="1.00" CC="00"/>
						<SP ID="P26_SP00041" HPOS="1874" VPOS="775" WIDTH="61"/>
						<String ID="P26_ST00047" HPOS="1935" VPOS="717" WIDTH="82" HEIGHT="54" CONTENT="les" WC="1.00" CC="000"/>
						<SP ID="P26_SP00042" HPOS="2017" VPOS="775" WIDTH="65"/>
						<String ID="P26_ST00048" HPOS="2082" VPOS="713" WIDTH="156" HEIGHT="57" CONTENT="mêtfi" SUBS_TYPE="HypPart1" SUBS_CONTENT="mêtficiens," WC="0.56" CC="37560" STYLEREFS="TXT_3"/>
						<HYP HPOS="2238" VPOS="713" WIDTH="31" CONTENT="-"/>
					</TextLine>
					<TextLine ID="P26_TL00007" HPOS="173" VPOS="780" WIDTH="2098" HEIGHT="90">
						<String ID="P26_ST00049" HPOS="173" VPOS="780" WIDTH="173" HEIGHT="71" CONTENT="ciens," SUBS_TYPE="HypPart2" SUBS_CONTENT="mêtficiens," WC="0.78" CC="203203" STYLEREFS="TXT_3"/>
						<SP ID="P26_SP00043" HPOS="346" VPOS="851" WIDTH="20"/>
						<String ID="P26_ST00050" HPOS="366" VPOS="783" WIDTH="84" HEIGHT="54" CONTENT="les" WC="1.00" CC="000"/>
						<SP ID="P26_SP00044" HPOS="450" VPOS="851" WIDTH="33"/>
						<String ID="P26_ST00051" HPOS="483" VPOS="784" WIDTH="279" HEIGHT="71" CONTENT="premiers" WC="1.00" CC="05000040"/>
						<SP ID="P26_SP00045" HPOS="762" VPOS="855" WIDTH="33"/>
						<String ID="P26_ST00052" HPOS="795" VPOS="788" WIDTH="251" HEIGHT="56" CONTENT="voulant" WC="0.99" CC="0665000"/>
						<SP ID="P26_SP00046" HPOS="1046" VPOS="855" WIDTH="43"/>
						<String ID="P26_ST00053" HPOS="1089" VPOS="790" WIDTH="258" HEIGHT="74" CONTENT="allonger" WC="0.98" CC="04040964"/>
						<SP ID="P26_SP00047" HPOS="1347" VPOS="864" WIDTH="45"/>
						<String ID="P26_ST00054" HPOS="1392" VPOS="812" WIDTH="78" HEIGHT="37" CONTENT="ou" WC="0.33" CC="66"/>
						<SP ID="P26_SP00048" HPOS="1470" VPOS="864" WIDTH="45"/>
						<String ID="P26_ST00055" HPOS="1515" VPOS="797" WIDTH="327" HEIGHT="53" CONTENT="raccourcir" WC="0.99" CC="6000464000"/>
						<SP ID="P26_SP00049" HPOS="1842" VPOS="864" WIDTH="44"/>
						<String ID="P26_ST00056" HPOS="1886" VPOS="799" WIDTH="83" HEIGHT="54" CONTENT="les" WC="1.00" CC="100"/>
						<SP ID="P26_SP00050" HPOS="1969" VPOS="864" WIDTH="46"/>
						<String ID="P26_ST00057" HPOS="2015" VPOS="797" WIDTH="256" HEIGHT="73" CONTENT="syllabes" WC="1.00" CC="02500000"/>
					</TextLine>
					<TextLine ID="P26_TL00008" HPOS="158" VPOS="863" WIDTH="2111" HEIGHT="81">
						<String ID="P26_ST00058" HPOS="158" VPOS="879" WIDTH="152" HEIGHT="55" CONTENT="pour" WC="0.97" CC="0654"/>
						<SP ID="P26_SP00051" HPOS="310" VPOS="934" WIDTH="36"/>
						<String ID="P26_ST00059" HPOS="346" VPOS="863" WIDTH="82" HEIGHT="54" CONTENT="les" WC="1.00" CC="000"/>
						<SP ID="P26_SP00052" HPOS="428" VPOS="934" WIDTH="40"/>
						<String ID="P26_ST00060" HPOS="468" VPOS="863" WIDTH="143" HEIGHT="56" CONTENT="faire" WC="0.98" CC="50440"/>
						<SP ID="P26_SP00053" HPOS="611" VPOS="934" WIDTH="40"/>
						<String ID="P26_ST00061" HPOS="651" VPOS="870" WIDTH="196" HEIGHT="51" CONTENT="entrer" WC="0.99" CC="020304"/>
						<SP ID="P26_SP00054" HPOS="847" VPOS="934" WIDTH="40"/>
						<String ID="P26_ST00062" HPOS="887" VPOS="869" WIDTH="147" HEIGHT="55" CONTENT="dans" WC="0.99" CC="0500"/>
						<SP ID="P26_SP00055" HPOS="1034" VPOS="934" WIDTH="38"/>
						<String ID="P26_ST00063" HPOS="1072" VPOS="870" WIDTH="154" HEIGHT="56" CONTENT="leurs" WC="0.98" CC="20740"/>
						<SP ID="P26_SP00056" HPOS="1226" VPOS="934" WIDTH="38"/>
						<String ID="P26_ST00064" HPOS="1264" VPOS="892" WIDTH="278" HEIGHT="52" CONTENT="mesures," WC="0.99" CC="00062004"/>
						<SP ID="P26_SP00057" HPOS="1542" VPOS="944" WIDTH="39"/>
						<String ID="P26_ST00065" HPOS="1581" VPOS="875" WIDTH="83" HEIGHT="55" CONTENT="les" WC="1.00" CC="000"/>
						<SP ID="P26_SP00058" HPOS="1664" VPOS="944" WIDTH="39"/>
						<String ID="P26_ST00066" HPOS="1703" VPOS="879" WIDTH="248" HEIGHT="54" CONTENT="seconds" WC="1.00" CC="0002000"/>
						<SP ID="P26_SP00059" HPOS="1951" VPOS="944" WIDTH="38"/>
						<String ID="P26_ST00067" HPOS="1989" VPOS="877" WIDTH="280" HEIGHT="56" CONTENT="soucieux" WC="0.99" CC="00700070"/>
					</TextLine>
					<TextLine ID="P26_TL00009" HPOS="159" VPOS="945" WIDTH="2108" HEIGHT="87">
						<String ID="P26_ST00068" HPOS="159" VPOS="949" WIDTH="187" HEIGHT="48" CONTENT="avant" WC="1.00" CC="00000"/>
						<SP ID="P26_SP00060" HPOS="346" VPOS="997" WIDTH="34"/>
						<String ID="P26_ST00069" HPOS="380" VPOS="949" WIDTH="136" HEIGHT="50" CONTENT="tout" WC="0.97" CC="0670"/>
						<SP ID="P26_SP00061" HPOS="516" VPOS="999" WIDTH="34"/>
						<String ID="P26_ST00070" HPOS="550" VPOS="945" WIDTH="73" HEIGHT="55" CONTENT="de" WC="0.59" CC="34"/>
						<SP ID="P26_SP00062" HPOS="623" VPOS="1000" WIDTH="34"/>
						<String ID="P26_ST00071" HPOS="657" VPOS="964" WIDTH="312" HEIGHT="40" CONTENT="conserver" WC="0.99" CC="050016007"/>
						<SP ID="P26_SP00063" HPOS="969" VPOS="1004" WIDTH="32"/>
						<String ID="P26_ST00072" HPOS="1001" VPOS="968" WIDTH="118" HEIGHT="37" CONTENT="aux" WC="0.98" CC="060"/>
						<SP ID="P26_SP00064" HPOS="1119" VPOS="1005" WIDTH="33"/>
						<String ID="P26_ST00073" HPOS="1152" VPOS="953" WIDTH="254" HEIGHT="70" CONTENT="syllabes" WC="1.00" CC="00000600"/>
						<SP ID="P26_SP00065" HPOS="1406" VPOS="1023" WIDTH="32"/>
						<String ID="P26_ST00074" HPOS="1438" VPOS="955" WIDTH="124" HEIGHT="54" CONTENT="leur" WC="0.97" CC="0366"/>
						<SP ID="P26_SP00066" HPOS="1562" VPOS="1023" WIDTH="32"/>
						<String ID="P26_ST00075" HPOS="1594" VPOS="963" WIDTH="207" HEIGHT="50" CONTENT="exacte" WC="1.00" CC="200000"/>
						<SP ID="P26_SP00067" HPOS="1801" VPOS="1023" WIDTH="32"/>
						<String ID="P26_ST00076" HPOS="1833" VPOS="959" WIDTH="204" HEIGHT="55" CONTENT="valeur" WC="0.99" CC="000073"/>
						<SP ID="P26_SP00068" HPOS="2037" VPOS="1023" WIDTH="32"/>
						<String ID="P26_ST00077" HPOS="2069" VPOS="976" WIDTH="165" HEIGHT="56" CONTENT="proso" SUBS_TYPE="HypPart1" SUBS_CONTENT="prosodique" WC="0.98" CC="06603"/>
						<HYP HPOS="2234" VPOS="976" WIDTH="33" CONTENT="-"/>
					</TextLine>
					<TextLine ID="P26_TL00010" HPOS="158" VPOS="1024" WIDTH="2109" HEIGHT="84">
						<String ID="P26_ST00078" HPOS="158" VPOS="1024" WIDTH="179" HEIGHT="72" CONTENT="dique" SUBS_TYPE="HypPart2" SUBS_CONTENT="prosodique" WC="0.99" CC="00060"/>
						<SP ID="P26_SP00069" HPOS="337" VPOS="1096" WIDTH="40"/>
						<String ID="P26_ST00079" HPOS="377" VPOS="1028" WIDTH="102" HEIGHT="67" CONTENT="(1)." WC="0.93" CC="0002"/>
						<SP ID="P26_SP00070" HPOS="479" VPOS="1096" WIDTH="42"/>
						<String ID="P26_ST00080" HPOS="521" VPOS="1028" WIDTH="110" HEIGHT="53" CONTENT="Les" WC="1.00" CC="000"/>
						<SP ID="P26_SP00071" HPOS="631" VPOS="1096" WIDTH="40"/>
						<String ID="P26_ST00081" HPOS="671" VPOS="1029" WIDTH="156" HEIGHT="53" CONTENT="deux" WC="0.99" CC="0060"/>
						<SP ID="P26_SP00072" HPOS="827" VPOS="1096" WIDTH="37"/>
						<String ID="P26_ST00082" HPOS="864" VPOS="1033" WIDTH="279" HEIGHT="67" CONTENT="procédés" WC="1.00" CC="01600000"/>
						<SP ID="P26_SP00073" HPOS="1143" VPOS="1100" WIDTH="38"/>
						<String ID="P26_ST00083" HPOS="1181" VPOS="1034" WIDTH="199" HEIGHT="55" CONTENT="furent" WC="0.98" CC="564020"/>
						<SP ID="P26_SP00074" HPOS="1380" VPOS="1100" WIDTH="36"/>
						<String ID="P26_ST00084" HPOS="1416" VPOS="1037" WIDTH="300" HEIGHT="71" CONTENT="employés" WC="1.00" CC="10502000"/>
						<SP ID="P26_SP00075" HPOS="1716" VPOS="1108" WIDTH="38"/>
						<String ID="P26_ST00085" HPOS="1754" VPOS="1042" WIDTH="147" HEIGHT="53" CONTENT="dans" WC="1.00" CC="0000"/>
						<SP ID="P26_SP00076" HPOS="1901" VPOS="1108" WIDTH="36"/>
						<String ID="P26_ST00086" HPOS="1937" VPOS="1041" WIDTH="58" HEIGHT="54" CONTENT="la" WC="0.88" CC="20"/>
						<SP ID="P26_SP00077" HPOS="1995" VPOS="1108" WIDTH="37"/>
						<String ID="P26_ST00087" HPOS="2032" VPOS="1042" WIDTH="202" HEIGHT="54" CONTENT="traduc" SUBS_TYPE="HypPart1" SUBS_CONTENT="traduction" WC="0.99" CC="040060"/>
						<HYP HPOS="2234" VPOS="1042" WIDTH="33" CONTENT="-"/>
					</TextLine>
					<TextLine ID="P26_TL00011" HPOS="157" VPOS="1104" WIDTH="2110" HEIGHT="86">
						<String ID="P26_ST00088" HPOS="157" VPOS="1104" WIDTH="129" HEIGHT="55" CONTENT="tion" SUBS_TYPE="HypPart2" SUBS_CONTENT="traduction" WC="0.99" CC="0040"/>
						<SP ID="P26_SP00078" HPOS="286" VPOS="1159" WIDTH="46"/>
						<String ID="P26_ST00089" HPOS="332" VPOS="1107" WIDTH="101" HEIGHT="53" CONTENT="des" WC="1.00" CC="000"/>
						<SP ID="P26_SP00079" HPOS="433" VPOS="1160" WIDTH="44"/>
						<String ID="P26_ST00090" HPOS="477" VPOS="1108" WIDTH="218" HEIGHT="54" CONTENT="mètres" WC="0.99" CC="004520"/>
						<SP ID="P26_SP00080" HPOS="695" VPOS="1162" WIDTH="46"/>
						<String ID="P26_ST00091" HPOS="741" VPOS="1109" WIDTH="237" HEIGHT="56" CONTENT="anciens" WC="1.00" CC="0000000"/>
						<SP ID="P26_SP00081" HPOS="978" VPOS="1165" WIDTH="45"/>
						<String ID="P26_ST00092" HPOS="1023" VPOS="1131" WIDTH="72" HEIGHT="35" CONTENT="en" WC="0.68" CC="05"/>
						<SP ID="P26_SP00082" HPOS="1095" VPOS="1166" WIDTH="44"/>
						<String ID="P26_ST00093" HPOS="1139" VPOS="1114" WIDTH="290" HEIGHT="71" CONTENT="musique." WC="0.99" CC="07000600"/>
						<SP ID="P26_SP00083" HPOS="1429" VPOS="1185" WIDTH="50"/>
						<String ID="P26_ST00094" HPOS="1479" VPOS="1115" WIDTH="146" HEIGHT="55" CONTENT="Mais" WC="1.00" CC="0000"/>
						<SP ID="P26_SP00084" HPOS="1625" VPOS="1185" WIDTH="44"/>
						<String ID="P26_ST00095" HPOS="1669" VPOS="1118" WIDTH="53" HEIGHT="53" CONTENT="le" WC="0.85" CC="02"/>
						<SP ID="P26_SP00085" HPOS="1722" VPOS="1185" WIDTH="44"/>
						<String ID="P26_ST00096" HPOS="1766" VPOS="1121" WIDTH="251" HEIGHT="69" CONTENT="premier" WC="0.99" CC="0300005"/>
						<SP ID="P26_SP00086" HPOS="2017" VPOS="1190" WIDTH="43"/>
						<String ID="P26_ST00097" HPOS="2060" VPOS="1127" WIDTH="89" HEIGHT="48" CONTENT="est" WC="0.99" CC="020"/>
						<SP ID="P26_SP00087" HPOS="2149" VPOS="1190" WIDTH="46"/>
						<String ID="P26_ST00098" HPOS="2195" VPOS="1121" WIDTH="72" HEIGHT="54" CONTENT="de" WC="0.67" CC="06"/>
					</TextLine>
					<TextLine ID="P26_TL00012" HPOS="155" VPOS="1187" WIDTH="2112" HEIGHT="87">
						<String ID="P26_ST00099" HPOS="155" VPOS="1187" WIDTH="311" HEIGHT="72" CONTENT="beaucoup" WC="0.99" CC="04060660"/>
						<SP ID="P26_SP00088" HPOS="466" VPOS="1259" WIDTH="31"/>
						<String ID="P26_ST00100" HPOS="497" VPOS="1189" WIDTH="52" HEIGHT="55" CONTENT="le" WC="0.70" CC="05"/>
						<SP ID="P26_SP00089" HPOS="549" VPOS="1259" WIDTH="30"/>
						<String ID="P26_ST00101" HPOS="579" VPOS="1189" WIDTH="135" HEIGHT="71" CONTENT="plus" WC="0.95" CC="9560"/>
						<SP ID="P26_SP00090" HPOS="714" VPOS="1260" WIDTH="31"/>
						<String ID="P26_ST00102" HPOS="745" VPOS="1208" WIDTH="127" HEIGHT="38" CONTENT="rare" WC="0.96" CC="7075"/>
						<SP ID="P26_SP00091" HPOS="872" VPOS="1260" WIDTH="31"/>
						<String ID="P26_ST00103" HPOS="903" VPOS="1209" WIDTH="76" HEIGHT="39" CONTENT="au" WC="0.66" CC="06"/>
						<SP ID="P26_SP00092" HPOS="979" VPOS="1260" WIDTH="33"/>
						<String ID="P26_ST00104" HPOS="1012" VPOS="1193" WIDTH="69" HEIGHT="55" CONTENT="16" WC="0.52" CC="35" STYLEREFS="TXT_1"/>
						<String ID="P26_ST00105" HPOS="1082" VPOS="1206" WIDTH="21" HEIGHT="23" CONTENT="e" STYLE="superscript" WC="0.84" CC="1" STYLEREFS="TXT_1"/>
						<SP ID="P26_SP00093" HPOS="1103" VPOS="1260" WIDTH="30"/>
						<String ID="P26_ST00106" HPOS="1133" VPOS="1194" WIDTH="170" HEIGHT="56" CONTENT="siècle" WC="0.99" CC="000035"/>
						<SP ID="P26_SP00094" HPOS="1303" VPOS="1260" WIDTH="30"/>
						<String ID="P26_ST00107" HPOS="1333" VPOS="1202" WIDTH="59" HEIGHT="48" CONTENT="et" WC="0.75" CC="40"/>
						<SP ID="P26_SP00095" HPOS="1392" VPOS="1260" WIDTH="29"/>
						<String ID="P26_ST00108" HPOS="1421" VPOS="1216" WIDTH="74" HEIGHT="35" CONTENT="ne" WC="0.73" CC="05"/>
						<SP ID="P26_SP00096" HPOS="1495" VPOS="1260" WIDTH="29"/>
						<String ID="P26_ST00109" HPOS="1524" VPOS="1216" WIDTH="60" HEIGHT="35" CONTENT="se" WC="0.69" CC="06"/>
						<SP ID="P26_SP00097" HPOS="1584" VPOS="1260" WIDTH="30"/>
						<String ID="P26_ST00110" HPOS="1614" VPOS="1207" WIDTH="307" HEIGHT="49" CONTENT="rencontre" WC="0.99" CC="715000054"/>
						<SP ID="P26_SP00098" HPOS="1921" VPOS="1260" WIDTH="29"/>
						<String ID="P26_ST00111" HPOS="1950" VPOS="1203" WIDTH="172" HEIGHT="70" CONTENT="guère" WC="0.97" CC="05076"/>
						<SP ID="P26_SP00099" HPOS="2122" VPOS="1273" WIDTH="31"/>
						<String ID="P26_ST00112" HPOS="2153" VPOS="1218" WIDTH="114" HEIGHT="56" CONTENT="que" WC="0.95" CC="065"/>
					</TextLine>
					<TextLine ID="P26_TL00013" HPOS="155" VPOS="1268" WIDTH="2111" HEIGHT="71">
						<String ID="P26_ST00113" HPOS="155" VPOS="1284" WIDTH="151" HEIGHT="54" CONTENT="pour" WC="0.96" CC="0566"/>
						<SP ID="P26_SP00100" HPOS="306" VPOS="1338" WIDTH="35"/>
						<String ID="P26_ST00114" HPOS="341" VPOS="1268" WIDTH="101" HEIGHT="54" CONTENT="des" WC="1.00" CC="000"/>
						<SP ID="P26_SP00101" HPOS="442" VPOS="1338" WIDTH="33"/>
						<String ID="P26_ST00115" HPOS="475" VPOS="1287" WIDTH="134" HEIGHT="37" CONTENT="vers" WC="1.00" CC="0020"/>
						<SP ID="P26_SP00102" HPOS="609" VPOS="1338" WIDTH="33"/>
						<String ID="P26_ST00116" HPOS="642" VPOS="1270" WIDTH="197" HEIGHT="55" CONTENT="latins." WC="1.00" CC="0000000"/>
						<SP ID="P26_SP00103" HPOS="839" VPOS="1338" WIDTH="38"/>
						<String ID="P26_ST00117" HPOS="877" VPOS="1273" WIDTH="166" HEIGHT="53" CONTENT="Ainsi" WC="1.00" CC="00000"/>
						<SP ID="P26_SP00104" HPOS="1043" VPOS="1338" WIDTH="33"/>
						<String ID="P26_ST00118" HPOS="1076" VPOS="1274" WIDTH="119" HEIGHT="54" CONTENT="l'on" WC="0.98" CC="0341"/>
						<SP ID="P26_SP00105" HPOS="1195" VPOS="1338" WIDTH="36"/>
						<String ID="P26_ST00119" HPOS="1231" VPOS="1281" WIDTH="211" HEIGHT="49" CONTENT="trouve" WC="0.98" CC="034602"/>
						<SP ID="P26_SP00106" HPOS="1442" VPOS="1338" WIDTH="34"/>
						<String ID="P26_ST00120" HPOS="1476" VPOS="1278" WIDTH="147" HEIGHT="53" CONTENT="dans" WC="0.99" CC="0030"/>
						<SP ID="P26_SP00107" HPOS="1623" VPOS="1338" WIDTH="33"/>
						<String ID="P26_ST00121" HPOS="1656" VPOS="1297" WIDTH="83" HEIGHT="42" CONTENT="un" WC="0.27" CC="77"/>
						<SP ID="P26_SP00108" HPOS="1739" VPOS="1339" WIDTH="33"/>
						<String ID="P26_ST00122" HPOS="1772" VPOS="1282" WIDTH="176" HEIGHT="53" CONTENT="traité" WC="1.00" CC="050000"/>
						<SP ID="P26_SP00109" HPOS="1948" VPOS="1339" WIDTH="36"/>
						<String ID="P26_ST00123" HPOS="1984" VPOS="1283" WIDTH="71" HEIGHT="53" CONTENT="de" WC="1.00" CC="00"/>
						<SP ID="P26_SP00110" HPOS="2055" VPOS="1339" WIDTH="34"/>
						<String ID="P26_ST00124" HPOS="2089" VPOS="1281" WIDTH="142" HEIGHT="57" CONTENT="musi" SUBS_TYPE="HypPart1" SUBS_CONTENT="musique" WC="0.99" CC="0600"/>
						<HYP HPOS="2231" VPOS="1281" WIDTH="35" CONTENT="-"/>
					</TextLine>
					<TextLine ID="P26_TL00014" HPOS="155" VPOS="1350" WIDTH="2112" HEIGHT="84">
						<String ID="P26_ST00125" HPOS="155" VPOS="1366" WIDTH="117" HEIGHT="53" CONTENT="que" SUBS_TYPE="HypPart2" SUBS_CONTENT="musique" WC="0.95" CC="075"/>
						<SP ID="P26_SP00111" HPOS="272" VPOS="1419" WIDTH="46"/>
						<String ID="P26_ST00126" HPOS="318" VPOS="1350" WIDTH="327" HEIGHT="55" CONTENT="manuscrit" WC="1.00" CC="000703200"/>
						<SP ID="P26_SP00112" HPOS="645" VPOS="1419" WIDTH="50"/>
						<String ID="P26_ST00127" HPOS="695" VPOS="1354" WIDTH="103" HEIGHT="68" CONTENT="(2)," WC="0.81" CC="0304" STYLEREFS="TXT_1"/>
						<SP ID="P26_SP00113" HPOS="798" VPOS="1422" WIDTH="49"/>
						<String ID="P26_ST00128" HPOS="847" VPOS="1356" WIDTH="275" HEIGHT="69" CONTENT="composé" WC="1.00" CC="0700100"/>
						<SP ID="P26_SP00114" HPOS="1122" VPOS="1425" WIDTH="48"/>
						<String ID="P26_ST00129" HPOS="1170" VPOS="1373" WIDTH="132" HEIGHT="37" CONTENT="vers" WC="0.99" CC="0060"/>
						<SP ID="P26_SP00115" HPOS="1302" VPOS="1425" WIDTH="50"/>
						<String ID="P26_ST00130" HPOS="1352" VPOS="1357" WIDTH="163" HEIGHT="70" CONTENT="1580," WC="0.59" CC="33254" STYLEREFS="TXT_1"/>
						<SP ID="P26_SP00116" HPOS="1515" VPOS="1427" WIDTH="37"/>
						<String ID="P26_ST00131" HPOS="1552" VPOS="1376" WIDTH="116" HEIGHT="35" CONTENT="une" WC="0.97" CC="610"/>
						<SP ID="P26_SP00117" HPOS="1668" VPOS="1427" WIDTH="35"/>
						<String ID="P26_ST00132" HPOS="1703" VPOS="1363" WIDTH="242" HEIGHT="70" CONTENT="strophe" WC="0.99" CC="0037060"/>
						<SP ID="P26_SP00118" HPOS="1945" VPOS="1433" WIDTH="35"/>
						<String ID="P26_ST00133" HPOS="1980" VPOS="1363" WIDTH="287" HEIGHT="71" CONTENT="saphique" WC="0.83" CC="00060070"/>
					</TextLine>
					<TextLine ID="P26_TL00015" HPOS="155" VPOS="1429" WIDTH="2112" HEIGHT="80">
						<String ID="P26_ST00134" HPOS="155" VPOS="1429" WIDTH="316" HEIGHT="70" CONTENT="d'Horace," WC="0.99" CC="026550024"/>
						<SP ID="P26_SP00119" HPOS="471" VPOS="1499" WIDTH="47"/>
						<String ID="P26_ST00135" HPOS="518" VPOS="1430" WIDTH="147" HEIGHT="56" CONTENT="mise" WC="1.00" CC="0002"/>
						<SP ID="P26_SP00120" HPOS="665" VPOS="1499" WIDTH="43"/>
						<String ID="P26_ST00136" HPOS="708" VPOS="1452" WIDTH="73" HEIGHT="36" CONTENT="en" WC="0.75" CC="40"/>
						<SP ID="P26_SP00121" HPOS="781" VPOS="1499" WIDTH="45"/>
						<String ID="P26_ST00137" HPOS="826" VPOS="1434" WIDTH="272" HEIGHT="71" CONTENT="musique" WC="0.98" CC="0700565"/>
						<SP ID="P26_SP00122" HPOS="1098" VPOS="1505" WIDTH="45"/>
						<String ID="P26_ST00138" HPOS="1143" VPOS="1437" WIDTH="71" HEIGHT="53" CONTENT="de" WC="0.89" CC="02"/>
						<SP ID="P26_SP00123" HPOS="1214" VPOS="1505" WIDTH="45"/>
						<String ID="P26_ST00139" HPOS="1259" VPOS="1437" WIDTH="57" HEIGHT="53" CONTENT="la" WC="0.98" CC="00"/>
						<SP ID="P26_SP00124" HPOS="1316" VPOS="1505" WIDTH="43"/>
						<String ID="P26_ST00140" HPOS="1359" VPOS="1437" WIDTH="174" HEIGHT="70" CONTENT="façon" WC="0.99" CC="70000"/>
						<SP ID="P26_SP00125" HPOS="1533" VPOS="1507" WIDTH="45"/>
						<String ID="P26_ST00141" HPOS="1578" VPOS="1441" WIDTH="274" HEIGHT="55" CONTENT="suivante" WC="1.00" CC="07000100"/>
						<SP ID="P26_SP00126" HPOS="1852" VPOS="1507" WIDTH="47"/>
						<String ID="P26_ST00142" HPOS="1899" VPOS="1444" WIDTH="251" HEIGHT="65" CONTENT="(mesure" WC="0.98" CC="6000766"/>
						<SP ID="P26_SP00127" HPOS="2150" VPOS="1509" WIDTH="45"/>
						<String ID="P26_ST00143" HPOS="2195" VPOS="1442" WIDTH="72" HEIGHT="53" CONTENT="de" WC="0.81" CC="03"/>
					</TextLine>
					<TextLine ID="P26_TL00016" HPOS="158" VPOS="1516" WIDTH="799" HEIGHT="76">
						<String ID="P26_ST00144" HPOS="158" VPOS="1540" WIDTH="21" HEIGHT="29" CONTENT="«" WC="1.00" CC="0"/>
						<SP ID="P26_SP00128" HPOS="179" VPOS="1569" WIDTH="40"/>
						<String ID="P26_ST00145" HPOS="219" VPOS="1516" WIDTH="237" HEIGHT="66" CONTENT="tempus" WC="0.88" CC="000070"/>
						<SP ID="P26_SP00129" HPOS="456" VPOS="1582" WIDTH="36"/>
						<String ID="P26_ST00146" HPOS="492" VPOS="1542" WIDTH="21" HEIGHT="28" CONTENT="»" WC="0.37" CC="6"/>
						<SP ID="P26_SP00130" HPOS="513" VPOS="1582" WIDTH="25"/>
						<String ID="P26_ST00147" HPOS="538" VPOS="1535" WIDTH="13" HEIGHT="47" CONTENT=";" WC="1.00" CC="9"/>
						<SP ID="P26_SP00131" HPOS="551" VPOS="1582" WIDTH="181"/>
						<String ID="P26_ST00148" HPOS="732" VPOS="1528" WIDTH="58" HEIGHT="64" CONTENT="P)" WC="0.21" CC="95"/>
						<SP ID="P26_SP00132" HPOS="790" VPOS="1592" WIDTH="51"/>
						<String ID="P26_ST00149" HPOS="841" VPOS="1524" WIDTH="116" HEIGHT="68" CONTENT="(3):" WC="0.64" CC="2226"/>
					</TextLine>
				</TextBlock>
				<TextBlock ID="P26_TB00004" HPOS="150" VPOS="1662" WIDTH="2121" HEIGHT="2016" STYLEREFS="TXT_4 PAR_LEFT">
					<TextLine ID="P26_TL00017" HPOS="276" VPOS="1665" WIDTH="1991" HEIGHT="57">
						<String ID="P26_ST00150" HPOS="276" VPOS="1665" WIDTH="37" HEIGHT="48" CONTENT="(I" WC="0.84" CC="03" STYLEREFS="TXT_5"/>
						<SP ID="P26_SP00133" HPOS="313" VPOS="1713" WIDTH="14"/>
						<String ID="P26_ST00151" HPOS="327" VPOS="1665" WIDTH="12" HEIGHT="48" CONTENT=")" WC="1.00" CC="0" STYLEREFS="TXT_5"/>
						<SP ID="P26_SP00134" HPOS="339" VPOS="1713" WIDTH="12"/>
						<String ID="P26_ST00152" HPOS="351" VPOS="1665" WIDTH="107" HEIGHT="38" CONTENT="SALI" WC="0.99" CC="0050" STYLEREFS="TXT_5"/>
						<SP ID="P26_SP00135" HPOS="458" VPOS="1713" WIDTH="6"/>
						<String ID="P26_ST00153" HPOS="464" VPOS="1676" WIDTH="91" HEIGHT="29" CONTENT="NAS" WC="0.74" CC="303" STYLEREFS="TXT_5"/>
						<SP ID="P26_SP00136" HPOS="555" VPOS="1713" WIDTH="23"/>
						<String ID="P26_ST00154" HPOS="578" VPOS="1667" WIDTH="247" HEIGHT="51" CONTENT="rappelant" WC="0.99" CC="654400200"/>
						<SP ID="P26_SP00137" HPOS="825" VPOS="1718" WIDTH="8"/>
						<String ID="P26_ST00155" HPOS="833" VPOS="1668" WIDTH="63" HEIGHT="39" CONTENT="les" WC="0.98" CC="500"/>
						<SP ID="P26_SP00138" HPOS="896" VPOS="1718" WIDTH="10"/>
						<String ID="P26_ST00156" HPOS="906" VPOS="1669" WIDTH="178" HEIGHT="50" CONTENT="paroles" WC="0.98" CC="6542500"/>
						<SP ID="P26_SP00139" HPOS="1084" VPOS="1719" WIDTH="10"/>
						<String ID="P26_ST00157" HPOS="1094" VPOS="1669" WIDTH="112" HEIGHT="38" CONTENT="d'un" WC="0.96" CC="4470"/>
						<SP ID="P26_SP00140" HPOS="1206" VPOS="1719" WIDTH="10"/>
						<String ID="P26_ST00158" HPOS="1216" VPOS="1669" WIDTH="323" HEIGHT="50" CONTENT="grammairien" WC="1.00" CC="00200400003"/>
						<SP ID="P26_SP00141" HPOS="1539" VPOS="1719" WIDTH="13"/>
						<String ID="P26_ST00159" HPOS="1552" VPOS="1670" WIDTH="160" HEIGHT="39" CONTENT="ancien" WC="0.98" CC="350206"/>
						<SP ID="P26_SP00142" HPOS="1712" VPOS="1719" WIDTH="9"/>
						<String ID="P26_ST00160" HPOS="1721" VPOS="1670" WIDTH="196" HEIGHT="52" CONTENT="pouvait" WC="0.98" CC="6572240"/>
						<SP ID="P26_SP00143" HPOS="1917" VPOS="1722" WIDTH="8"/>
						<String ID="P26_ST00161" HPOS="1925" VPOS="1671" WIDTH="139" HEIGHT="38" CONTENT="écrire" WC="0.99" CC="501002"/>
						<SP ID="P26_SP00144" HPOS="2064" VPOS="1722" WIDTH="10"/>
						<String ID="P26_ST00162" HPOS="2074" VPOS="1683" WIDTH="54" HEIGHT="27" CONTENT="en" WC="0.88" CC="20"/>
						<SP ID="P26_SP00145" HPOS="2128" VPOS="1722" WIDTH="16"/>
						<String ID="P26_ST00163" HPOS="2144" VPOS="1683" WIDTH="45" HEIGHT="39" CONTENT="15" WC="0.86" CC="02" STYLEREFS="TXT_5"/>
						<SP ID="P26_SP00146" HPOS="2189" VPOS="1722" WIDTH="9"/>
						<String ID="P26_ST00164" HPOS="2198" VPOS="1684" WIDTH="69" HEIGHT="38" CONTENT="77," WC="0.90" CC="003" STYLEREFS="TXT_5"/>
					</TextLine>
					<TextLine ID="P26_TL00018" HPOS="154" VPOS="1725" WIDTH="2109" HEIGHT="59">
						<String ID="P26_ST00165" HPOS="154" VPOS="1737" WIDTH="18" HEIGHT="26" CONTENT="«" WC="1.00" CC="0"/>
						<SP ID="P26_SP00147" HPOS="172" VPOS="1763" WIDTH="23"/>
						<String ID="P26_ST00166" HPOS="195" VPOS="1725" WIDTH="127" HEIGHT="39" CONTENT="Inter" WC="0.77" CC="30402"/>
						<SP ID="P26_SP00148" HPOS="322" VPOS="1764" WIDTH="19"/>
						<String ID="P26_ST00167" HPOS="341" VPOS="1726" WIDTH="230" HEIGHT="47" CONTENT="mètricos," WC="0.80" CC="080000503"/>
						<SP ID="P26_SP00149" HPOS="571" VPOS="1773" WIDTH="22"/>
						<String ID="P26_ST00168" HPOS="593" VPOS="1728" WIDTH="154" HEIGHT="50" CONTENT="inquit" WC="0.82" CC="003700"/>
						<SP ID="P26_SP00150" HPOS="747" VPOS="1778" WIDTH="21"/>
						<String ID="P26_ST00169" HPOS="768" VPOS="1729" WIDTH="191" HEIGHT="48" CONTENT="(Marius" WC="0.97" CC="0002000"/>
						<SP ID="P26_SP00151" HPOS="959" VPOS="1778" WIDTH="20"/>
						<String ID="P26_ST00170" HPOS="979" VPOS="1729" WIDTH="298" HEIGHT="49" CONTENT="Victorinus)," WC="0.77" CC="004030017044"/>
						<SP ID="P26_SP00152" HPOS="1277" VPOS="1778" WIDTH="23"/>
						<String ID="P26_ST00171" HPOS="1300" VPOS="1733" WIDTH="48" HEIGHT="36" CONTENT="et" WC="1.00" CC="00"/>
						<SP ID="P26_SP00153" HPOS="1348" VPOS="1778" WIDTH="19"/>
						<String ID="P26_ST00172" HPOS="1367" VPOS="1731" WIDTH="211" HEIGHT="46" CONTENT="musicos," WC="0.82" CC="07001004"/>
						<SP ID="P26_SP00154" HPOS="1578" VPOS="1778" WIDTH="22"/>
						<String ID="P26_ST00173" HPOS="1600" VPOS="1734" WIDTH="190" HEIGHT="48" CONTENT="propter" WC="0.92" CC="0050000"/>
						<SP ID="P26_SP00155" HPOS="1790" VPOS="1782" WIDTH="19"/>
						<String ID="P26_ST00174" HPOS="1809" VPOS="1731" WIDTH="155" HEIGHT="51" CONTENT="spatia" WC="1.00" CC="000000"/>
						<SP ID="P26_SP00156" HPOS="1964" VPOS="1782" WIDTH="19"/>
						<String ID="P26_ST00175" HPOS="1983" VPOS="1734" WIDTH="280" HEIGHT="50" CONTENT="temporum:" WC="0.83" CC="005000701"/>
					</TextLine>
					<TextLine ID="P26_TL00019" HPOS="156" VPOS="1787" WIDTH="2114" HEIGHT="54">
						<String ID="P26_ST00176" HPOS="156" VPOS="1797" WIDTH="120" HEIGHT="40" CONTENT="quae" WC="0.82" CC="0700"/>
						<SP ID="P26_SP00157" HPOS="276" VPOS="1837" WIDTH="24"/>
						<String ID="P26_ST00177" HPOS="300" VPOS="1787" WIDTH="191" HEIGHT="50" CONTENT="syllabis" WC="0.92" CC="03100000"/>
						<SP ID="P26_SP00158" HPOS="491" VPOS="1837" WIDTH="25"/>
						<String ID="P26_ST00178" HPOS="516" VPOS="1789" WIDTH="469" HEIGHT="51" CONTENT="comprehenduntur," WC="0.71" CC="0200437020750704"/>
						<SP ID="P26_SP00159" HPOS="985" VPOS="1840" WIDTH="27"/>
						<String ID="P26_ST00179" HPOS="1012" VPOS="1802" WIDTH="93" HEIGHT="26" CONTENT="non" WC="0.98" CC="230"/>
						<SP ID="P26_SP00160" HPOS="1105" VPOS="1840" WIDTH="24"/>
						<String ID="P26_ST00180" HPOS="1129" VPOS="1802" WIDTH="148" HEIGHT="39" CONTENT="parva" WC="1.00" CC="00000"/>
						<SP ID="P26_SP00161" HPOS="1277" VPOS="1841" WIDTH="23"/>
						<String ID="P26_ST00181" HPOS="1300" VPOS="1790" WIDTH="220" HEIGHT="40" CONTENT="dissensio" WC="0.92" CC="000007000"/>
						<SP ID="P26_SP00162" HPOS="1520" VPOS="1841" WIDTH="25"/>
						<String ID="P26_ST00182" HPOS="1545" VPOS="1796" WIDTH="71" HEIGHT="34" CONTENT="est" WC="1.00" CC="000"/>
						<SP ID="P26_SP00163" HPOS="1616" VPOS="1841" WIDTH="23"/>
						<String ID="P26_ST00183" HPOS="1639" VPOS="1808" WIDTH="11" HEIGHT="30" CONTENT=";" WC="0.41" CC="5"/>
						<SP ID="P26_SP00164" HPOS="1650" VPOS="1841" WIDTH="25"/>
						<String ID="P26_ST00184" HPOS="1675" VPOS="1804" WIDTH="109" HEIGHT="26" CONTENT="nam" WC="0.67" CC="720"/>
						<SP ID="P26_SP00165" HPOS="1784" VPOS="1841" WIDTH="24"/>
						<String ID="P26_ST00185" HPOS="1808" VPOS="1792" WIDTH="163" HEIGHT="38" CONTENT="musici" WC="1.00" CC="000000"/>
						<SP ID="P26_SP00166" HPOS="1971" VPOS="1841" WIDTH="24"/>
						<String ID="P26_ST00186" HPOS="1995" VPOS="1804" WIDTH="93" HEIGHT="27" CONTENT="non" WC="0.99" CC="030"/>
						<SP ID="P26_SP00167" HPOS="2088" VPOS="1841" WIDTH="24"/>
						<String ID="P26_ST00187" HPOS="2112" VPOS="1806" WIDTH="158" HEIGHT="27" CONTENT="omnes" WC="0.88" CC="00032"/>
					</TextLine>
					<TextLine ID="P26_TL00020" HPOS="154" VPOS="1846" WIDTH="2117" HEIGHT="57">
						<String ID="P26_ST00188" HPOS="154" VPOS="1846" WIDTH="123" HEIGHT="40" CONTENT="inter" WC="0.67" CC="09600"/>
						<SP ID="P26_SP00168" HPOS="277" VPOS="1886" WIDTH="27"/>
						<String ID="P26_ST00189" HPOS="304" VPOS="1859" WIDTH="48" HEIGHT="27" CONTENT="se" WC="0.94" CC="01"/>
						<SP ID="P26_SP00169" HPOS="352" VPOS="1886" WIDTH="27"/>
						<String ID="P26_ST00190" HPOS="379" VPOS="1848" WIDTH="160" HEIGHT="50" CONTENT="longas" WC="0.91" CC="050000"/>
						<SP ID="P26_SP00170" HPOS="539" VPOS="1898" WIDTH="30"/>
						<String ID="P26_ST00191" HPOS="569" VPOS="1852" WIDTH="84" HEIGHT="35" CONTENT="aut" WC="0.76" CC="070"/>
						<SP ID="P26_SP00171" HPOS="653" VPOS="1898" WIDTH="27"/>
						<String ID="P26_ST00192" HPOS="680" VPOS="1850" WIDTH="163" HEIGHT="39" CONTENT="brèves" WC="0.99" CC="120200"/>
						<SP ID="P26_SP00172" HPOS="843" VPOS="1898" WIDTH="29"/>
						<String ID="P26_ST00193" HPOS="872" VPOS="1851" WIDTH="203" HEIGHT="38" CONTENT="afferunt" WC="0.47" CC="08705758"/>
						<SP ID="P26_SP00173" HPOS="1075" VPOS="1898" WIDTH="26"/>
						<String ID="P26_ST00194" HPOS="1101" VPOS="1851" WIDTH="101" HEIGHT="51" CONTENT="pari" WC="0.99" CC="0060"/>
						<SP ID="P26_SP00174" HPOS="1202" VPOS="1902" WIDTH="28"/>
						<String ID="P26_ST00195" HPOS="1230" VPOS="1863" WIDTH="215" HEIGHT="28" CONTENT="mensura" WC="0.82" CC="0000750"/>
						<SP ID="P26_SP00175" HPOS="1445" VPOS="1902" WIDTH="27"/>
						<String ID="P26_ST00196" HPOS="1472" VPOS="1853" WIDTH="247" HEIGHT="38" CONTENT="consistere" WC="0.93" CC="0300030000"/>
						<SP ID="P26_SP00176" HPOS="1719" VPOS="1902" WIDTH="23"/>
						<String ID="P26_ST00197" HPOS="1742" VPOS="1868" WIDTH="11" HEIGHT="30" CONTENT=";" WC="0.37" CC="6"/>
						<SP ID="P26_SP00177" HPOS="1753" VPOS="1902" WIDTH="28"/>
						<String ID="P26_ST00198" HPOS="1781" VPOS="1853" WIDTH="39" HEIGHT="37" CONTENT="si" WC="1.00" CC="00"/>
						<SP ID="P26_SP00178" HPOS="1820" VPOS="1902" WIDTH="27"/>
						<String ID="P26_ST00199" HPOS="1847" VPOS="1852" WIDTH="190" HEIGHT="51" CONTENT="quidem" WC="0.96" CC="200000"/>
						<SP ID="P26_SP00179" HPOS="2037" VPOS="1903" WIDTH="28"/>
						<String ID="P26_ST00200" HPOS="2065" VPOS="1857" WIDTH="47" HEIGHT="34" CONTENT="et" WC="1.00" CC="00"/>
						<SP ID="P26_SP00180" HPOS="2112" VPOS="1903" WIDTH="28"/>
						<String ID="P26_ST00201" HPOS="2140" VPOS="1855" WIDTH="131" HEIGHT="38" CONTENT="brevi" WC="1.00" CC="00000"/>
					</TextLine>
					<TextLine ID="P26_TL00021" HPOS="155" VPOS="1908" WIDTH="2116" HEIGHT="58">
						<String ID="P26_ST00202" HPOS="155" VPOS="1908" WIDTH="271" HEIGHT="46" CONTENT="breviorem," WC="0.82" CC="5100042003"/>
						<SP ID="P26_SP00181" HPOS="426" VPOS="1954" WIDTH="31"/>
						<String ID="P26_ST00203" HPOS="457" VPOS="1912" WIDTH="48" HEIGHT="35" CONTENT="et" WC="1.00" CC="00"/>
						<SP ID="P26_SP00182" HPOS="505" VPOS="1954" WIDTH="27"/>
						<String ID="P26_ST00204" HPOS="532" VPOS="1909" WIDTH="138" HEIGHT="52" CONTENT="longa" WC="0.93" CC="00030"/>
						<SP ID="P26_SP00183" HPOS="670" VPOS="1961" WIDTH="25"/>
						<String ID="P26_ST00205" HPOS="695" VPOS="1911" WIDTH="251" HEIGHT="51" CONTENT="longiorem" WC="0.94" CC="000000500"/>
						<SP ID="P26_SP00184" HPOS="946" VPOS="1962" WIDTH="28"/>
						<String ID="P26_ST00206" HPOS="974" VPOS="1911" WIDTH="163" HEIGHT="40" CONTENT="dicunt" WC="0.90" CC="000600"/>
						<SP ID="P26_SP00185" HPOS="1137" VPOS="1962" WIDTH="26"/>
						<String ID="P26_ST00207" HPOS="1163" VPOS="1923" WIDTH="133" HEIGHT="40" CONTENT="posse" WC="0.93" CC="03000"/>
						<SP ID="P26_SP00186" HPOS="1296" VPOS="1963" WIDTH="26"/>
						<String ID="P26_ST00208" HPOS="1322" VPOS="1914" WIDTH="228" HEIGHT="50" CONTENT="syllabam" WC="0.92" CC="04010000"/>
						<SP ID="P26_SP00187" HPOS="1550" VPOS="1964" WIDTH="28"/>
						<String ID="P26_ST00209" HPOS="1578" VPOS="1913" WIDTH="114" HEIGHT="42" CONTENT="fieri." WC="0.75" CC="220504"/>
						<SP ID="P26_SP00188" HPOS="1692" VPOS="1964" WIDTH="30"/>
						<String ID="P26_ST00210" HPOS="1722" VPOS="1913" WIDTH="181" HEIGHT="39" CONTENT="Metrici" WC="0.91" CC="1004000"/>
						<SP ID="P26_SP00189" HPOS="1903" VPOS="1964" WIDTH="26"/>
						<String ID="P26_ST00211" HPOS="1929" VPOS="1917" WIDTH="172" HEIGHT="43" CONTENT="autem," WC="0.81" CC="070004"/>
						<SP ID="P26_SP00190" HPOS="2101" VPOS="1964" WIDTH="30"/>
						<String ID="P26_ST00212" HPOS="2131" VPOS="1919" WIDTH="140" HEIGHT="47" CONTENT="prout" WC="0.70" CC="07060"/>
					</TextLine>
					<TextLine ID="P26_TL00022" HPOS="155" VPOS="1969" WIDTH="2115" HEIGHT="58">
						<String ID="P26_ST00213" HPOS="155" VPOS="1969" WIDTH="226" HEIGHT="51" CONTENT="cujusque" WC="0.67" CC="07470070"/>
						<SP ID="P26_SP00191" HPOS="381" VPOS="2020" WIDTH="19"/>
						<String ID="P26_ST00214" HPOS="400" VPOS="1970" WIDTH="207" HEIGHT="51" CONTENT="syllabae" WC="0.98" CC="01000000"/>
						<SP ID="P26_SP00192" HPOS="607" VPOS="2021" WIDTH="21"/>
						<String ID="P26_ST00215" HPOS="628" VPOS="1971" WIDTH="240" HEIGHT="51" CONTENT="longitudo" WC="0.83" CC="608000000"/>
						<SP ID="P26_SP00193" HPOS="868" VPOS="2022" WIDTH="22"/>
						<String ID="P26_ST00216" HPOS="890" VPOS="1984" WIDTH="53" HEIGHT="27" CONTENT="ac" WC="1.00" CC="00"/>
						<SP ID="P26_SP00194" HPOS="943" VPOS="2022" WIDTH="21"/>
						<String ID="P26_ST00217" HPOS="964" VPOS="1973" WIDTH="204" HEIGHT="38" CONTENT="brevitas" WC="0.95" CC="04000000"/>
						<SP ID="P26_SP00195" HPOS="1168" VPOS="2022" WIDTH="22"/>
						<String ID="P26_ST00218" HPOS="1190" VPOS="1972" WIDTH="153" HEIGHT="47" CONTENT="fuerit," WC="0.74" CC="5700004"/>
						<SP ID="P26_SP00196" HPOS="1343" VPOS="2022" WIDTH="22"/>
						<String ID="P26_ST00219" HPOS="1365" VPOS="1974" WIDTH="69" HEIGHT="38" CONTENT="ita" WC="1.00" CC="000"/>
						<SP ID="P26_SP00197" HPOS="1434" VPOS="2022" WIDTH="19"/>
						<String ID="P26_ST00220" HPOS="1453" VPOS="1977" WIDTH="264" HEIGHT="48" CONTENT="temporum" WC="0.70" CC="00900660"/>
						<SP ID="P26_SP00198" HPOS="1717" VPOS="2025" WIDTH="19"/>
						<String ID="P26_ST00221" HPOS="1736" VPOS="1974" WIDTH="153" HEIGHT="51" CONTENT="spatia" WC="1.00" CC="000000"/>
						<SP ID="P26_SP00199" HPOS="1889" VPOS="2025" WIDTH="18"/>
						<String ID="P26_ST00222" HPOS="1907" VPOS="1974" WIDTH="191" HEIGHT="47" CONTENT="definiri," WC="0.61" CC="036840704"/>
						<SP ID="P26_SP00200" HPOS="2098" VPOS="2025" WIDTH="24"/>
						<String ID="P26_ST00223" HPOS="2122" VPOS="1987" WIDTH="148" HEIGHT="40" CONTENT="neque" WC="0.68" CC="00590"/>
					</TextLine>
					<TextLine ID="P26_TL00023" HPOS="155" VPOS="2031" WIDTH="2115" HEIGHT="55">
						<String ID="P26_ST00224" HPOS="155" VPOS="2031" WIDTH="132" HEIGHT="39" CONTENT="brevi" WC="0.91" CC="04000"/>
						<SP ID="P26_SP00201" HPOS="287" VPOS="2070" WIDTH="28"/>
						<String ID="P26_ST00225" HPOS="315" VPOS="2031" WIDTH="271" HEIGHT="46" CONTENT="breviorem," WC="0.94" CC="0000001004"/>
						<SP ID="P26_SP00202" HPOS="586" VPOS="2077" WIDTH="32"/>
						<String ID="P26_ST00226" HPOS="618" VPOS="2035" WIDTH="84" HEIGHT="36" CONTENT="aut" WC="0.78" CC="060"/>
						<SP ID="P26_SP00203" HPOS="702" VPOS="2077" WIDTH="28"/>
						<String ID="P26_ST00227" HPOS="730" VPOS="2032" WIDTH="138" HEIGHT="52" CONTENT="longa" WC="0.97" CC="01000"/>
						<SP ID="P26_SP00204" HPOS="868" VPOS="2084" WIDTH="28"/>
						<String ID="P26_ST00228" HPOS="896" VPOS="2033" WIDTH="265" HEIGHT="51" CONTENT="longiorem," WC="0.91" CC="0020001004"/>
						<SP ID="P26_SP00205" HPOS="1161" VPOS="2084" WIDTH="32"/>
						<String ID="P26_ST00229" HPOS="1193" VPOS="2046" WIDTH="142" HEIGHT="39" CONTENT="quam" WC="0.82" CC="0700"/>
						<SP ID="P26_SP00206" HPOS="1335" VPOS="2085" WIDTH="29"/>
						<String ID="P26_ST00230" HPOS="1364" VPOS="2038" WIDTH="169" HEIGHT="36" CONTENT="natura" WC="0.88" CC="000600"/>
						<SP ID="P26_SP00207" HPOS="1533" VPOS="2085" WIDTH="27"/>
						<String ID="P26_ST00231" HPOS="1560" VPOS="2034" WIDTH="48" HEIGHT="38" CONTENT="in" WC="1.00" CC="00"/>
						<SP ID="P26_SP00208" HPOS="1608" VPOS="2085" WIDTH="29"/>
						<String ID="P26_ST00232" HPOS="1637" VPOS="2035" WIDTH="284" HEIGHT="51" CONTENT="syllabarum" WC="0.84" CC="0400000460"/>
						<SP ID="P26_SP00209" HPOS="1921" VPOS="2086" WIDTH="29"/>
						<String ID="P26_ST00233" HPOS="1950" VPOS="2036" WIDTH="320" HEIGHT="40" CONTENT="enuntiatione" WC="0.91" CC="007000000400"/>
					</TextLine>
					<TextLine ID="P26_TL00024" HPOS="155" VPOS="2091" WIDTH="2114" HEIGHT="57">
						<String ID="P26_ST00234" HPOS="155" VPOS="2091" WIDTH="210" HEIGHT="53" CONTENT="protulit," WC="0.73" CC="803060004"/>
						<SP ID="P26_SP00210" HPOS="365" VPOS="2144" WIDTH="28"/>
						<String ID="P26_ST00235" HPOS="393" VPOS="2104" WIDTH="134" HEIGHT="40" CONTENT="posse" WC="0.87" CC="00600"/>
						<SP ID="P26_SP00211" HPOS="527" VPOS="2144" WIDTH="26"/>
						<String ID="P26_ST00236" HPOS="553" VPOS="2092" WIDTH="204" HEIGHT="52" CONTENT="aliquam" WC="0.80" CC="0000670"/>
						<SP ID="P26_SP00212" HPOS="757" VPOS="2144" WIDTH="26"/>
						<String ID="P26_ST00237" HPOS="783" VPOS="2093" WIDTH="202" HEIGHT="52" CONTENT="reperiri." WC="0.86" CC="500000204"/>
						<SP ID="P26_SP00213" HPOS="985" VPOS="2145" WIDTH="29"/>
						<String ID="P26_ST00238" HPOS="1014" VPOS="2096" WIDTH="72" HEIGHT="38" CONTENT="Ad" WC="0.88" CC="20"/>
						<SP ID="P26_SP00214" HPOS="1086" VPOS="2145" WIDTH="27"/>
						<String ID="P26_ST00239" HPOS="1113" VPOS="2097" WIDTH="112" HEIGHT="36" CONTENT="haec" WC="0.69" CC="7400"/>
						<SP ID="P26_SP00215" HPOS="1225" VPOS="2145" WIDTH="26"/>
						<String ID="P26_ST00240" HPOS="1251" VPOS="2095" WIDTH="176" HEIGHT="47" CONTENT="musici," WC="0.79" CC="0600304"/>
						<SP ID="P26_SP00216" HPOS="1427" VPOS="2145" WIDTH="28"/>
						<String ID="P26_ST00241" HPOS="1455" VPOS="2096" WIDTH="81" HEIGHT="51" CONTENT="qui" WC="1.00" CC="000"/>
						<SP ID="P26_SP00217" HPOS="1536" VPOS="2147" WIDTH="24"/>
						<String ID="P26_ST00242" HPOS="1560" VPOS="2098" WIDTH="264" HEIGHT="49" CONTENT="temporum" WC="0.91" CC="00000070"/>
						<SP ID="P26_SP00218" HPOS="1824" VPOS="2147" WIDTH="26"/>
						<String ID="P26_ST00243" HPOS="1850" VPOS="2095" WIDTH="192" HEIGHT="40" CONTENT="arbitrio" WC="0.88" CC="04000500"/>
						<SP ID="P26_SP00219" HPOS="2042" VPOS="2147" WIDTH="26"/>
						<String ID="P26_ST00244" HPOS="2068" VPOS="2097" WIDTH="201" HEIGHT="51" CONTENT="syllabas" WC="0.97" CC="00020000"/>
					</TextLine>
					<TextLine ID="P26_TL00025" HPOS="155" VPOS="2152" WIDTH="2112" HEIGHT="56">
						<String ID="P26_ST00245" HPOS="155" VPOS="2152" WIDTH="305" HEIGHT="40" CONTENT="committunt" WC="0.96" CC="3000000000"/>
						<SP ID="P26_SP00220" HPOS="460" VPOS="2192" WIDTH="27"/>
						<String ID="P26_ST00246" HPOS="487" VPOS="2153" WIDTH="47" HEIGHT="38" CONTENT="in" WC="1.00" CC="00"/>
						<SP ID="P26_SP00221" HPOS="534" VPOS="2192" WIDTH="28"/>
						<String ID="P26_ST00247" HPOS="562" VPOS="2154" WIDTH="277" HEIGHT="51" CONTENT="rhythmicis" WC="0.80" CC="6700600000"/>
						<SP ID="P26_SP00222" HPOS="839" VPOS="2205" WIDTH="29"/>
						<String ID="P26_ST00248" HPOS="868" VPOS="2156" WIDTH="409" HEIGHT="45" CONTENT="modulationibus," WC="0.86" CC="080700000000004"/>
						<SP ID="P26_SP00223" HPOS="1277" VPOS="2205" WIDTH="32"/>
						<String ID="P26_ST00249" HPOS="1309" VPOS="2159" WIDTH="84" HEIGHT="36" CONTENT="aut" WC="1.00" CC="000"/>
						<SP ID="P26_SP00224" HPOS="1393" VPOS="2205" WIDTH="27"/>
						<String ID="P26_ST00250" HPOS="1420" VPOS="2157" WIDTH="154" HEIGHT="51" CONTENT="lyricis" WC="0.85" CC="7020000"/>
						<SP ID="P26_SP00225" HPOS="1574" VPOS="2208" WIDTH="29"/>
						<String ID="P26_ST00251" HPOS="1603" VPOS="2156" WIDTH="295" HEIGHT="40" CONTENT="cantionibus" WC="0.85" CC="05000300006"/>
						<SP ID="P26_SP00226" HPOS="1898" VPOS="2208" WIDTH="28"/>
						<String ID="P26_ST00252" HPOS="1926" VPOS="2170" WIDTH="80" HEIGHT="38" CONTENT="per" WC="1.00" CC="000"/>
						<SP ID="P26_SP00227" HPOS="2006" VPOS="2208" WIDTH="16"/>
						<String ID="P26_ST00253" HPOS="2022" VPOS="2158" WIDTH="245" HEIGHT="40" CONTENT="circuitum" WC="0.80" CC="000370060"/>
					</TextLine>
					<TextLine ID="P26_TL00026" HPOS="155" VPOS="2213" WIDTH="2114" HEIGHT="58">
						<String ID="P26_ST00254" HPOS="155" VPOS="2213" WIDTH="178" HEIGHT="51" CONTENT="longiûs" WC="0.95" CC="0000002"/>
						<SP ID="P26_SP00228" HPOS="333" VPOS="2264" WIDTH="31"/>
						<String ID="P26_ST00255" HPOS="364" VPOS="2217" WIDTH="218" HEIGHT="36" CONTENT="extentae" WC="1.00" CC="00000000"/>
						<SP ID="P26_SP00229" HPOS="582" VPOS="2264" WIDTH="29"/>
						<String ID="P26_ST00256" HPOS="611" VPOS="2216" WIDTH="407" HEIGHT="50" CONTENT="pronuntiationis," WC="0.83" CC="0600790000000004"/>
						<SP ID="P26_SP00230" HPOS="1018" VPOS="2266" WIDTH="31"/>
						<String ID="P26_ST00257" HPOS="1049" VPOS="2220" WIDTH="100" HEIGHT="35" CONTENT="tam" WC="1.00" CC="000"/>
						<SP ID="P26_SP00231" HPOS="1149" VPOS="2266" WIDTH="29"/>
						<String ID="P26_ST00258" HPOS="1178" VPOS="2217" WIDTH="146" HEIGHT="50" CONTENT="longis" WC="0.91" CC="400000"/>
						<SP ID="P26_SP00232" HPOS="1324" VPOS="2267" WIDTH="30"/>
						<String ID="P26_ST00259" HPOS="1354" VPOS="2217" WIDTH="240" HEIGHT="52" CONTENT="longiores," WC="0.95" CC="0100010001"/>
						<SP ID="P26_SP00233" HPOS="1594" VPOS="2269" WIDTH="33"/>
						<String ID="P26_ST00260" HPOS="1627" VPOS="2218" WIDTH="142" HEIGHT="50" CONTENT="quàm" WC="0.74" CC="0630"/>
						<SP ID="P26_SP00234" HPOS="1769" VPOS="2269" WIDTH="27"/>
						<String ID="P26_ST00261" HPOS="1796" VPOS="2229" WIDTH="156" HEIGHT="27" CONTENT="rursus" WC="0.81" CC="073000"/>
						<SP ID="P26_SP00235" HPOS="1952" VPOS="2269" WIDTH="30"/>
						<String ID="P26_ST00262" HPOS="1982" VPOS="2230" WIDTH="80" HEIGHT="39" CONTENT="per" WC="0.84" CC="004"/>
						<SP ID="P26_SP00236" HPOS="2062" VPOS="2269" WIDTH="28"/>
						<String ID="P26_ST00263" HPOS="2090" VPOS="2229" WIDTH="154" HEIGHT="42" CONTENT="correp" SUBS_TYPE="HypPart1" SUBS_CONTENT="correptionem" WC="0.65" CC="407700"/>
						<HYP HPOS="2244" VPOS="2229" WIDTH="25" CONTENT="-"/>
					</TextLine>
					<TextLine ID="P26_TL00027" HPOS="153" VPOS="2273" WIDTH="2114" HEIGHT="57">
						<String ID="P26_ST00264" HPOS="153" VPOS="2273" WIDTH="176" HEIGHT="39" CONTENT="tionem" SUBS_TYPE="HypPart2" SUBS_CONTENT="correptionem" WC="1.00" CC="000000"/>
						<SP ID="P26_SP00237" HPOS="329" VPOS="2312" WIDTH="16"/>
						<String ID="P26_ST00265" HPOS="345" VPOS="2275" WIDTH="231" HEIGHT="39" CONTENT="breviores" WC="1.00" CC="000000000"/>
						<SP ID="P26_SP00238" HPOS="576" VPOS="2314" WIDTH="17"/>
						<String ID="P26_ST00266" HPOS="593" VPOS="2276" WIDTH="218" HEIGHT="39" CONTENT="brevibus" WC="1.00" CC="00000000"/>
						<SP ID="P26_SP00239" HPOS="811" VPOS="2315" WIDTH="17"/>
						<String ID="P26_ST00267" HPOS="828" VPOS="2277" WIDTH="256" HEIGHT="51" CONTENT="proférant." WC="0.99" CC="0404044604"/>
						<SP ID="P26_SP00240" HPOS="1084" VPOS="2328" WIDTH="19"/>
						<String ID="P26_ST00268" HPOS="1103" VPOS="2278" WIDTH="177" HEIGHT="52" CONTENT="Quibus" WC="0.58" CC="970080"/>
						<SP ID="P26_SP00241" HPOS="1280" VPOS="2330" WIDTH="16"/>
						<String ID="P26_ST00269" HPOS="1296" VPOS="2278" WIDTH="152" HEIGHT="40" CONTENT="verbis" WC="1.00" CC="000000"/>
						<SP ID="P26_SP00242" HPOS="1448" VPOS="2330" WIDTH="17"/>
						<String ID="P26_ST00270" HPOS="1465" VPOS="2279" WIDTH="113" HEIGHT="38" CONTENT="satis" WC="1.00" CC="00000"/>
						<SP ID="P26_SP00243" HPOS="1578" VPOS="2330" WIDTH="16"/>
						<String ID="P26_ST00271" HPOS="1594" VPOS="2281" WIDTH="160" HEIGHT="49" CONTENT="aperte" WC="0.99" CC="000000"/>
						<SP ID="P26_SP00244" HPOS="1754" VPOS="2330" WIDTH="14"/>
						<String ID="P26_ST00272" HPOS="1768" VPOS="2279" WIDTH="264" HEIGHT="38" CONTENT="Victorinus" WC="0.82" CC="4000300360"/>
						<SP ID="P26_SP00245" HPOS="2032" VPOS="2330" WIDTH="16"/>
						<String ID="P26_ST00273" HPOS="2048" VPOS="2280" WIDTH="219" HEIGHT="46" CONTENT="ostendit," WC="0.89" CC="000040004"/>
					</TextLine>
					<TextLine ID="P26_TL00028" HPOS="154" VPOS="2335" WIDTH="2116" HEIGHT="56">
						<String ID="P26_ST00274" HPOS="154" VPOS="2335" WIDTH="260" HEIGHT="39" CONTENT="etiamtunc" WC="0.82" CC="100600700"/>
						<SP ID="P26_SP00246" HPOS="414" VPOS="2374" WIDTH="31"/>
						<String ID="P26_ST00275" HPOS="445" VPOS="2336" WIDTH="28" HEIGHT="38" CONTENT="à" WC="0.74" CC="2"/>
						<SP ID="P26_SP00247" HPOS="473" VPOS="2374" WIDTH="31"/>
						<String ID="P26_ST00276" HPOS="504" VPOS="2337" WIDTH="185" HEIGHT="38" CONTENT="musicis" WC="0.83" CC="0800002"/>
						<SP ID="P26_SP00248" HPOS="689" VPOS="2375" WIDTH="33"/>
						<String ID="P26_ST00277" HPOS="722" VPOS="2337" WIDTH="71" HEIGHT="38" CONTENT="sui" WC="0.76" CC="070"/>
						<SP ID="P26_SP00249" HPOS="793" VPOS="2375" WIDTH="30"/>
						<String ID="P26_ST00278" HPOS="823" VPOS="2340" WIDTH="223" HEIGHT="49" CONTENT="temporis" WC="0.86" CC="00004500"/>
						<SP ID="P26_SP00250" HPOS="1046" VPOS="2389" WIDTH="31"/>
						<String ID="P26_ST00279" HPOS="1077" VPOS="2339" WIDTH="285" HEIGHT="50" CONTENT="syllaborum" WC="0.88" CC="0000000560"/>
						<SP ID="P26_SP00251" HPOS="1362" VPOS="2389" WIDTH="31"/>
						<String ID="P26_ST00280" HPOS="1393" VPOS="2339" WIDTH="166" HEIGHT="52" CONTENT="negligi" WC="0.99" CC="0000000"/>
						<SP ID="P26_SP00252" HPOS="1559" VPOS="2391" WIDTH="31"/>
						<String ID="P26_ST00281" HPOS="1590" VPOS="2339" WIDTH="316" HEIGHT="51" CONTENT="quantitatem" WC="0.94" CC="07000000000"/>
						<SP ID="P26_SP00253" HPOS="1906" VPOS="2391" WIDTH="18"/>
						<String ID="P26_ST00282" HPOS="1924" VPOS="2351" WIDTH="18" HEIGHT="27" CONTENT="»" WC="1.00" CC="0"/>
						<SP ID="P26_SP00254" HPOS="1942" VPOS="2391" WIDTH="34"/>
						<String ID="P26_ST00283" HPOS="1976" VPOS="2340" WIDTH="87" HEIGHT="48" CONTENT="(De" WC="0.99" CC="030"/>
						<SP ID="P26_SP00255" HPOS="2063" VPOS="2391" WIDTH="30"/>
						<String ID="P26_ST00284" HPOS="2093" VPOS="2340" WIDTH="177" HEIGHT="38" CONTENT="Musica" WC="0.88" CC="070000"/>
					</TextLine>
					<TextLine ID="P26_TL00029" HPOS="155" VPOS="2397" WIDTH="2112" HEIGHT="55">
						<String ID="P26_ST00285" HPOS="155" VPOS="2408" WIDTH="42" HEIGHT="40" CONTENT="p." WC="0.49" CC="63"/>
						<SP ID="P26_SP00256" HPOS="197" VPOS="2448" WIDTH="20"/>
						<String ID="P26_ST00286" HPOS="217" VPOS="2398" WIDTH="121" HEIGHT="49" CONTENT="239)." WC="0.69" CC="65004" STYLEREFS="TXT_5"/>
						<SP ID="P26_SP00257" HPOS="338" VPOS="2448" WIDTH="20"/>
						<String ID="P26_ST00287" HPOS="358" VPOS="2397" WIDTH="178" HEIGHT="39" CONTENT="Salinas" WC="0.93" CC="0000500"/>
						<SP ID="P26_SP00258" HPOS="536" VPOS="2448" WIDTH="23"/>
						<String ID="P26_ST00288" HPOS="559" VPOS="2401" WIDTH="71" HEIGHT="35" CONTENT="est" WC="1.00" CC="000"/>
						<SP ID="P26_SP00259" HPOS="630" VPOS="2448" WIDTH="29"/>
						<String ID="P26_ST00289" HPOS="659" VPOS="2399" WIDTH="61" HEIGHT="39" CONTENT="du" WC="0.63" CC="07"/>
						<SP ID="P26_SP00260" HPOS="720" VPOS="2448" WIDTH="16"/>
						<String ID="P26_ST00290" HPOS="736" VPOS="2399" WIDTH="124" HEIGHT="51" CONTENT="parti" WC="0.99" CC="06000"/>
						<SP ID="P26_SP00261" HPOS="860" VPOS="2450" WIDTH="15"/>
						<String ID="P26_ST00291" HPOS="875" VPOS="2400" WIDTH="78" HEIGHT="38" CONTENT="des" WC="1.00" CC="000"/>
						<SP ID="P26_SP00262" HPOS="953" VPOS="2450" WIDTH="17"/>
						<String ID="P26_ST00292" HPOS="970" VPOS="2399" WIDTH="245" HEIGHT="39" CONTENT="musiciens" WC="1.00" CC="070000050"/>
						<SP ID="P26_SP00263" HPOS="1215" VPOS="2450" WIDTH="16"/>
						<String ID="P26_ST00293" HPOS="1231" VPOS="2403" WIDTH="48" HEIGHT="35" CONTENT="et" WC="1.00" CC="00"/>
						<SP ID="P26_SP00264" HPOS="1279" VPOS="2450" WIDTH="14"/>
						<String ID="P26_ST00294" HPOS="1293" VPOS="2403" WIDTH="114" HEIGHT="36" CONTENT="veut" WC="1.00" CC="0000"/>
						<SP ID="P26_SP00265" HPOS="1407" VPOS="2450" WIDTH="14"/>
						<String ID="P26_ST00295" HPOS="1421" VPOS="2400" WIDTH="113" HEIGHT="38" CONTENT="faire" WC="1.00" CC="40000"/>
						<SP ID="P26_SP00266" HPOS="1534" VPOS="2450" WIDTH="15"/>
						<String ID="P26_ST00296" HPOS="1549" VPOS="2400" WIDTH="229" HEIGHT="39" CONTENT="coïncider" WC="1.00" CC="030000003"/>
						<SP ID="P26_SP00267" HPOS="1778" VPOS="2450" WIDTH="15"/>
						<String ID="P26_ST00297" HPOS="1793" VPOS="2401" WIDTH="63" HEIGHT="38" CONTENT="les" WC="1.00" CC="000"/>
						<SP ID="P26_SP00268" HPOS="1856" VPOS="2450" WIDTH="16"/>
						<String ID="P26_ST00298" HPOS="1872" VPOS="2400" WIDTH="128" HEIGHT="52" CONTENT="pieds" WC="1.00" CC="00000"/>
						<SP ID="P26_SP00269" HPOS="2000" VPOS="2452" WIDTH="16"/>
						<String ID="P26_ST00299" HPOS="2016" VPOS="2401" WIDTH="251" HEIGHT="51" CONTENT="métriques" WC="0.99" CC="030400900"/>
					</TextLine>
					<TextLine ID="P26_TL00030" HPOS="155" VPOS="2457" WIDTH="2111" HEIGHT="56">
						<String ID="P26_ST00300" HPOS="155" VPOS="2469" WIDTH="113" HEIGHT="27" CONTENT="avec" WC="0.98" CC="6000"/>
						<SP ID="P26_SP00270" HPOS="268" VPOS="2496" WIDTH="25"/>
						<String ID="P26_ST00301" HPOS="293" VPOS="2457" WIDTH="64" HEIGHT="39" CONTENT="les" WC="0.99" CC="300"/>
						<SP ID="P26_SP00271" HPOS="357" VPOS="2496" WIDTH="26"/>
						<String ID="P26_ST00302" HPOS="383" VPOS="2470" WIDTH="201" HEIGHT="27" CONTENT="mesures" WC="0.99" CC="0007301"/>
						<SP ID="P26_SP00272" HPOS="584" VPOS="2497" WIDTH="27"/>
						<String ID="P26_ST00303" HPOS="611" VPOS="2459" WIDTH="149" HEIGHT="50" CONTENT="égales" WC="0.99" CC="500010"/>
						<SP ID="P26_SP00273" HPOS="760" VPOS="2509" WIDTH="26"/>
						<String ID="P26_ST00304" HPOS="786" VPOS="2460" WIDTH="56" HEIGHT="39" CONTENT="de" WC="1.00" CC="00"/>
						<SP ID="P26_SP00274" HPOS="842" VPOS="2509" WIDTH="26"/>
						<String ID="P26_ST00305" HPOS="868" VPOS="2460" WIDTH="45" HEIGHT="39" CONTENT="la" WC="1.00" CC="00"/>
						<SP ID="P26_SP00275" HPOS="913" VPOS="2509" WIDTH="25"/>
						<String ID="P26_ST00306" HPOS="938" VPOS="2460" WIDTH="224" HEIGHT="51" CONTENT="musique." WC="1.00" CC="00000003"/>
						<SP ID="P26_SP00276" HPOS="1162" VPOS="2511" WIDTH="31"/>
						<String ID="P26_ST00307" HPOS="1193" VPOS="2462" WIDTH="73" HEIGHT="37" CONTENT="En" WC="0.81" CC="30"/>
						<SP ID="P26_SP00277" HPOS="1266" VPOS="2511" WIDTH="25"/>
						<String ID="P26_ST00308" HPOS="1291" VPOS="2461" WIDTH="225" HEIGHT="51" CONTENT="musique," WC="0.99" CC="00000704"/>
						<SP ID="P26_SP00278" HPOS="1516" VPOS="2512" WIDTH="27"/>
						<String ID="P26_ST00309" HPOS="1543" VPOS="2473" WIDTH="19" HEIGHT="27" CONTENT="«" WC="1.00" CC="0"/>
						<SP ID="P26_SP00279" HPOS="1562" VPOS="2512" WIDTH="18"/>
						<String ID="P26_ST00310" HPOS="1580" VPOS="2464" WIDTH="190" HEIGHT="49" CONTENT="propter" WC="0.88" CC="0020006"/>
						<SP ID="P26_SP00280" HPOS="1770" VPOS="2513" WIDTH="25"/>
						<String ID="P26_ST00311" HPOS="1795" VPOS="2474" WIDTH="102" HEIGHT="26" CONTENT="eam" WC="1.00" CC="000"/>
						<SP ID="P26_SP00281" HPOS="1897" VPOS="2513" WIDTH="25"/>
						<String ID="P26_ST00312" HPOS="1922" VPOS="2461" WIDTH="344" HEIGHT="51" CONTENT="synceritatem," WC="0.97" CC="0004000000000"/>
					</TextLine>
					<TextLine ID="P26_TL00031" HPOS="155" VPOS="2519" WIDTH="2114" HEIGHT="54">
						<String ID="P26_ST00313" HPOS="155" VPOS="2530" WIDTH="93" HEIGHT="26" CONTENT="non" WC="0.96" CC="540"/>
						<SP ID="P26_SP00282" HPOS="248" VPOS="2556" WIDTH="31"/>
						<String ID="P26_ST00314" HPOS="279" VPOS="2519" WIDTH="315" HEIGHT="40" CONTENT="admittantur" WC="0.94" CC="00000004001"/>
						<SP ID="P26_SP00283" HPOS="594" VPOS="2559" WIDTH="31"/>
						<String ID="P26_ST00315" HPOS="625" VPOS="2520" WIDTH="88" HEIGHT="38" CONTENT="nisi" WC="1.00" CC="0000"/>
						<SP ID="P26_SP00284" HPOS="713" VPOS="2559" WIDTH="32"/>
						<String ID="P26_ST00316" HPOS="745" VPOS="2533" WIDTH="116" HEIGHT="39" CONTENT="pura" WC="0.96" CC="0010"/>
						<SP ID="P26_SP00285" HPOS="861" VPOS="2572" WIDTH="31"/>
						<String ID="P26_ST00317" HPOS="892" VPOS="2521" WIDTH="213" HEIGHT="46" CONTENT="iambica," WC="0.94" CC="00000004"/>
						<SP ID="P26_SP00286" HPOS="1105" VPOS="2572" WIDTH="34"/>
						<String ID="P26_ST00318" HPOS="1139" VPOS="2521" WIDTH="47" HEIGHT="39" CONTENT="in" WC="1.00" CC="00"/>
						<SP ID="P26_SP00287" HPOS="1186" VPOS="2572" WIDTH="33"/>
						<String ID="P26_ST00319" HPOS="1219" VPOS="2522" WIDTH="169" HEIGHT="51" CONTENT="quibus" WC="0.88" CC="070000"/>
						<SP ID="P26_SP00288" HPOS="1388" VPOS="2573" WIDTH="33"/>
						<String ID="P26_ST00320" HPOS="1421" VPOS="2523" WIDTH="152" HEIGHT="38" CONTENT="nullus" WC="0.88" CC="000070"/>
						<SP ID="P26_SP00289" HPOS="1573" VPOS="2573" WIDTH="32"/>
						<String ID="P26_ST00321" HPOS="1605" VPOS="2522" WIDTH="115" HEIGHT="39" CONTENT="alius" WC="1.00" CC="00000"/>
						<SP ID="P26_SP00290" HPOS="1720" VPOS="2573" WIDTH="32"/>
						<String ID="P26_ST00322" HPOS="1752" VPOS="2534" WIDTH="80" HEIGHT="39" CONTENT="pes" WC="1.00" CC="000"/>
						<SP ID="P26_SP00291" HPOS="1832" VPOS="2573" WIDTH="31"/>
						<String ID="P26_ST00323" HPOS="1863" VPOS="2522" WIDTH="155" HEIGHT="39" CONTENT="iambo" WC="1.00" CC="00000"/>
						<SP ID="P26_SP00292" HPOS="2018" VPOS="2573" WIDTH="33"/>
						<String ID="P26_ST00324" HPOS="2051" VPOS="2522" WIDTH="218" HEIGHT="39" CONTENT="miscetur" WC="0.86" CC="00000064"/>
					</TextLine>
					<TextLine ID="P26_TL00032" HPOS="153" VPOS="2579" WIDTH="2114" HEIGHT="55">
						<String ID="P26_ST00325" HPOS="153" VPOS="2579" WIDTH="178" HEIGHT="51" CONTENT="absque" WC="0.84" CC="200070"/>
						<SP ID="P26_SP00293" HPOS="331" VPOS="2630" WIDTH="26"/>
						<String ID="P26_ST00326" HPOS="357" VPOS="2580" WIDTH="250" HEIGHT="46" CONTENT="tribracho," WC="0.87" CC="0000200603"/>
						<SP ID="P26_SP00294" HPOS="607" VPOS="2630" WIDTH="31"/>
						<String ID="P26_ST00327" HPOS="638" VPOS="2581" WIDTH="80" HEIGHT="51" CONTENT="qui" WC="1.00" CC="000"/>
						<SP ID="P26_SP00295" HPOS="718" VPOS="2632" WIDTH="25"/>
						<String ID="P26_ST00328" HPOS="743" VPOS="2582" WIDTH="288" HEIGHT="52" CONTENT="temporibus" WC="0.90" CC="0100620000"/>
						<SP ID="P26_SP00296" HPOS="1031" VPOS="2634" WIDTH="27"/>
						<String ID="P26_ST00329" HPOS="1058" VPOS="2582" WIDTH="66" HEIGHT="38" CONTENT="illi" WC="1.00" CC="0000"/>
						<SP ID="P26_SP00297" HPOS="1124" VPOS="2634" WIDTH="26"/>
						<String ID="P26_ST00330" HPOS="1150" VPOS="2595" WIDTH="83" HEIGHT="39" CONTENT="par" WC="1.00" CC="000"/>
						<SP ID="P26_SP00298" HPOS="1233" VPOS="2634" WIDTH="27"/>
						<String ID="P26_ST00331" HPOS="1260" VPOS="2586" WIDTH="122" HEIGHT="40" CONTENT="est..." WC="0.99" CC="010444"/>
						<SP ID="P26_SP00299" HPOS="1382" VPOS="2634" WIDTH="31"/>
						<String ID="P26_ST00332" HPOS="1413" VPOS="2584" WIDTH="172" HEIGHT="38" CONTENT="Poëtae" WC="0.85" CC="601000"/>
						<SP ID="P26_SP00300" HPOS="1585" VPOS="2634" WIDTH="27"/>
						<String ID="P26_ST00333" HPOS="1612" VPOS="2594" WIDTH="109" HEIGHT="27" CONTENT="vero" WC="0.91" CC="0030"/>
						<SP ID="P26_SP00301" HPOS="1721" VPOS="2634" WIDTH="27"/>
						<String ID="P26_ST00334" HPOS="1748" VPOS="2595" WIDTH="93" HEIGHT="26" CONTENT="non" WC="1.00" CC="000"/>
						<SP ID="P26_SP00302" HPOS="1841" VPOS="2634" WIDTH="27"/>
						<String ID="P26_ST00335" HPOS="1868" VPOS="2584" WIDTH="119" HEIGHT="37" CONTENT="hanc" WC="0.71" CC="7040"/>
						<SP ID="P26_SP00303" HPOS="1987" VPOS="2634" WIDTH="26"/>
						<String ID="P26_ST00336" HPOS="2013" VPOS="2583" WIDTH="254" HEIGHT="51" CONTENT="puritatem" WC="0.92" CC="070000000"/>
					</TextLine>
					<TextLine ID="P26_TL00033" HPOS="153" VPOS="2642" WIDTH="2115" HEIGHT="53">
						<String ID="P26_ST00337" HPOS="153" VPOS="2651" WIDTH="180" HEIGHT="41" CONTENT="semper" WC="0.83" CC="400005"/>
						<SP ID="P26_SP00304" HPOS="333" VPOS="2692" WIDTH="20"/>
						<String ID="P26_ST00338" HPOS="353" VPOS="2642" WIDTH="287" HEIGHT="45" CONTENT="custodiunt," WC="0.86" CC="37000000004"/>
						<SP ID="P26_SP00305" HPOS="640" VPOS="2692" WIDTH="25"/>
						<String ID="P26_ST00339" HPOS="665" VPOS="2644" WIDTH="81" HEIGHT="37" CONTENT="sed" WC="1.00" CC="000"/>
						<SP ID="P26_SP00306" HPOS="746" VPOS="2692" WIDTH="22"/>
						<String ID="P26_ST00340" HPOS="768" VPOS="2644" WIDTH="298" HEIGHT="50" CONTENT="spondeeum," WC="0.81" CC="0042000704"/>
						<SP ID="P26_SP00307" HPOS="1066" VPOS="2694" WIDTH="26"/>
						<String ID="P26_ST00341" HPOS="1092" VPOS="2646" WIDTH="47" HEIGHT="35" CONTENT="et" WC="1.00" CC="00"/>
						<SP ID="P26_SP00308" HPOS="1139" VPOS="2694" WIDTH="22"/>
						<String ID="P26_ST00342" HPOS="1161" VPOS="2655" WIDTH="116" HEIGHT="39" CONTENT="quos" WC="0.85" CC="0050"/>
						<SP ID="P26_SP00309" HPOS="1277" VPOS="2694" WIDTH="21"/>
						<String ID="P26_ST00343" HPOS="1298" VPOS="2644" WIDTH="75" HEIGHT="38" CONTENT="ille" WC="0.85" CC="0014"/>
						<SP ID="P26_SP00310" HPOS="1373" VPOS="2694" WIDTH="21"/>
						<String ID="P26_ST00344" HPOS="1394" VPOS="2646" WIDTH="126" HEIGHT="36" CONTENT="créât" WC="0.99" CC="05000"/>
						<SP ID="P26_SP00311" HPOS="1520" VPOS="2694" WIDTH="21"/>
						<String ID="P26_ST00345" HPOS="1541" VPOS="2645" WIDTH="140" HEIGHT="50" CONTENT="pedes" WC="1.00" CC="00000"/>
						<SP ID="P26_SP00312" HPOS="1681" VPOS="2695" WIDTH="22"/>
						<String ID="P26_ST00346" HPOS="1703" VPOS="2655" WIDTH="106" HEIGHT="27" CONTENT="cum" WC="1.00" CC="000"/>
						<SP ID="P26_SP00313" HPOS="1809" VPOS="2695" WIDTH="20"/>
						<String ID="P26_ST00347" HPOS="1829" VPOS="2644" WIDTH="156" HEIGHT="38" CONTENT="iambo" WC="1.00" CC="00000"/>
						<SP ID="P26_SP00314" HPOS="1985" VPOS="2695" WIDTH="22"/>
						<String ID="P26_ST00348" HPOS="2007" VPOS="2643" WIDTH="261" HEIGHT="40" CONTENT="admittunt" WC="0.89" CC="000000900"/>
					</TextLine>
					<TextLine ID="P26_TL00034" HPOS="153" VPOS="2700" WIDTH="2114" HEIGHT="56">
						<String ID="P26_ST00349" HPOS="153" VPOS="2700" WIDTH="109" HEIGHT="39" CONTENT="locis" WC="0.98" CC="00000"/>
						<SP ID="P26_SP00315" HPOS="262" VPOS="2739" WIDTH="30"/>
						<String ID="P26_ST00350" HPOS="292" VPOS="2704" WIDTH="160" HEIGHT="36" CONTENT="tamen" WC="1.00" CC="00000"/>
						<SP ID="P26_SP00316" HPOS="452" VPOS="2740" WIDTH="30"/>
						<String ID="P26_ST00351" HPOS="482" VPOS="2702" WIDTH="306" HEIGHT="52" CONTENT="imparibus..." WC="0.79" CC="000040060444"/>
						<SP ID="P26_SP00317" HPOS="788" VPOS="2754" WIDTH="35"/>
						<String ID="P26_ST00352" HPOS="823" VPOS="2705" WIDTH="330" HEIGHT="38" CONTENT="Verumtamen" WC="0.76" CC="6067000020"/>
						<SP ID="P26_SP00318" HPOS="1153" VPOS="2754" WIDTH="31"/>
						<String ID="P26_ST00353" HPOS="1184" VPOS="2717" WIDTH="106" HEIGHT="27" CONTENT="cum" WC="0.78" CC="060"/>
						<SP ID="P26_SP00319" HPOS="1290" VPOS="2754" WIDTH="30"/>
						<String ID="P26_ST00354" HPOS="1320" VPOS="2707" WIDTH="244" HEIGHT="49" CONTENT="poëtarum" WC="0.79" CC="03200370"/>
						<SP ID="P26_SP00320" HPOS="1564" VPOS="2756" WIDTH="30"/>
						<String ID="P26_ST00355" HPOS="1594" VPOS="2704" WIDTH="204" HEIGHT="39" CONTENT="carmina" WC="0.93" CC="0040000"/>
						<SP ID="P26_SP00321" HPOS="1798" VPOS="2756" WIDTH="29"/>
						<String ID="P26_ST00356" HPOS="1827" VPOS="2707" WIDTH="280" HEIGHT="49" CONTENT="panguntur," WC="0.76" CC="0020960023"/>
						<SP ID="P26_SP00322" HPOS="2107" VPOS="2756" WIDTH="28"/>
						<String ID="P26_ST00357" HPOS="2135" VPOS="2709" WIDTH="106" HEIGHT="45" CONTENT="spon" SUBS_TYPE="HypPart1" SUBS_CONTENT="spondaeus" WC="0.65" CC="3046" STYLEREFS="TXT_6"/>
						<HYP HPOS="2241" VPOS="2709" WIDTH="26" CONTENT="-"/>
					</TextLine>
					<TextLine ID="P26_TL00035" HPOS="152" VPOS="2762" WIDTH="1316" HEIGHT="53">
						<String ID="P26_ST00358" HPOS="152" VPOS="2762" WIDTH="134" HEIGHT="39" CONTENT="daeus" SUBS_TYPE="HypPart2" SUBS_CONTENT="spondaeus" WC="0.76" CC="04070" STYLEREFS="TXT_6"/>
						<SP ID="P26_SP00323" HPOS="286" VPOS="2801" WIDTH="15"/>
						<String ID="P26_ST00359" HPOS="301" VPOS="2766" WIDTH="39" HEIGHT="35" CONTENT="et" WC="0.70" CC="05" STYLEREFS="TXT_6"/>
						<SP ID="P26_SP00324" HPOS="340" VPOS="2801" WIDTH="14"/>
						<String ID="P26_ST00360" HPOS="354" VPOS="2763" WIDTH="170" HEIGHT="51" CONTENT="reliqui" WC="0.67" CC="8400072" STYLEREFS="TXT_6"/>
						<SP ID="P26_SP00325" HPOS="524" VPOS="2814" WIDTH="13"/>
						<String ID="P26_ST00361" HPOS="537" VPOS="2768" WIDTH="186" HEIGHT="47" CONTENT="quatuor" WC="1.00" CC="0000060" STYLEREFS="TXT_6"/>
						<SP ID="P26_SP00326" HPOS="723" VPOS="2815" WIDTH="8"/>
						<String ID="P26_ST00362" HPOS="731" VPOS="2768" WIDTH="245" HEIGHT="47" CONTENT="temporum" WC="0.67" CC="35303081" STYLEREFS="TXT_6"/>
						<SP ID="P26_SP00327" HPOS="976" VPOS="2815" WIDTH="10"/>
						<String ID="P26_ST00363" HPOS="986" VPOS="2765" WIDTH="58" HEIGHT="38" CONTENT="ad" WC="1.00" CC="00" STYLEREFS="TXT_6"/>
						<SP ID="P26_SP00328" HPOS="1044" VPOS="2815" WIDTH="8"/>
						<String ID="P26_ST00364" HPOS="1052" VPOS="2765" WIDTH="416" HEIGHT="41" CONTENT="iambireducuntuf" WC="0.67" CC="035710008706009" STYLEREFS="TXT_6"/>
						<SP ID="P26_SP00329" HPOS="1468" VPOS="2815" WIDTH="0"/>
					</TextLine>
					<TextLine ID="P26_TL00036" HPOS="153" VPOS="2823" WIDTH="2112" HEIGHT="54">
						<String ID="P26_ST00365" HPOS="153" VPOS="2823" WIDTH="270" HEIGHT="50" CONTENT="quantitate" WC="1.00" CC="0000000000"/>
						<SP ID="P26_SP00330" HPOS="423" VPOS="2873" WIDTH="20"/>
						<String ID="P26_ST00366" HPOS="443" VPOS="2826" WIDTH="223" HEIGHT="49" CONTENT="procédât" WC="0.99" CC="03520000"/>
						<SP ID="P26_SP00331" HPOS="666" VPOS="2875" WIDTH="19"/>
						<String ID="P26_ST00367" HPOS="685" VPOS="2841" WIDTH="9" HEIGHT="23" CONTENT=":" WC="1.00" CC="0"/>
						<SP ID="P26_SP00332" HPOS="694" VPOS="2875" WIDTH="27"/>
						<String ID="P26_ST00368" HPOS="721" VPOS="2827" WIDTH="125" HEIGHT="49" CONTENT="quod" WC="0.85" CC="0050"/>
						<SP ID="P26_SP00333" HPOS="846" VPOS="2876" WIDTH="21"/>
						<String ID="P26_ST00369" HPOS="867" VPOS="2826" WIDTH="47" HEIGHT="38" CONTENT="in" WC="1.00" CC="00"/>
						<SP ID="P26_SP00334" HPOS="914" VPOS="2876" WIDTH="23"/>
						<String ID="P26_ST00370" HPOS="937" VPOS="2826" WIDTH="201" HEIGHT="51" CONTENT="Hymnis" WC="0.79" CC="700005"/>
						<SP ID="P26_SP00335" HPOS="1138" VPOS="2877" WIDTH="22"/>
						<String ID="P26_ST00371" HPOS="1160" VPOS="2826" WIDTH="334" HEIGHT="39" CONTENT="Ecclesiasticis" WC="0.91" CC="60200000100200"/>
						<SP ID="P26_SP00336" HPOS="1494" VPOS="2877" WIDTH="22"/>
						<String ID="P26_ST00372" HPOS="1516" VPOS="2826" WIDTH="208" HEIGHT="50" CONTENT="quotidie" WC="0.84" CC="07500000"/>
						<SP ID="P26_SP00337" HPOS="1724" VPOS="2877" WIDTH="22"/>
						<String ID="P26_ST00373" HPOS="1746" VPOS="2826" WIDTH="55" HEIGHT="38" CONTENT="fit" WC="0.94" CC="590"/>
						<SP ID="P26_SP00338" HPOS="1801" VPOS="2877" WIDTH="19"/>
						<String ID="P26_ST00374" HPOS="1820" VPOS="2826" WIDTH="48" HEIGHT="38" CONTENT="in" WC="1.00" CC="00"/>
						<SP ID="P26_SP00339" HPOS="1868" VPOS="2877" WIDTH="22"/>
						<String ID="P26_ST00375" HPOS="1890" VPOS="2826" WIDTH="199" HEIGHT="51" CONTENT="templis," WC="0.94" CC="00001003"/>
						<SP ID="P26_SP00340" HPOS="2089" VPOS="2877" WIDTH="25"/>
						<String ID="P26_ST00376" HPOS="2114" VPOS="2829" WIDTH="47" HEIGHT="35" CONTENT="et" WC="1.00" CC="00"/>
						<SP ID="P26_SP00341" HPOS="2161" VPOS="2877" WIDTH="21"/>
						<String ID="P26_ST00377" HPOS="2182" VPOS="2838" WIDTH="83" HEIGHT="26" CONTENT="nos" WC="0.99" CC="030"/>
					</TextLine>
					<TextLine ID="P26_TL00037" HPOS="151" VPOS="2883" WIDTH="2114" HEIGHT="56">
						<String ID="P26_ST00378" HPOS="151" VPOS="2883" WIDTH="47" HEIGHT="39" CONTENT="in" WC="1.00" CC="00"/>
						<SP ID="P26_SP00342" HPOS="198" VPOS="2922" WIDTH="30"/>
						<String ID="P26_ST00379" HPOS="228" VPOS="2883" WIDTH="85" HEIGHT="47" CONTENT="his," WC="0.71" CC="6004"/>
						<SP ID="P26_SP00343" HPOS="313" VPOS="2930" WIDTH="31"/>
						<String ID="P26_ST00380" HPOS="344" VPOS="2897" WIDTH="115" HEIGHT="38" CONTENT="quos" WC="0.66" CC="0850"/>
						<SP ID="P26_SP00344" HPOS="459" VPOS="2935" WIDTH="30"/>
						<String ID="P26_ST00381" HPOS="489" VPOS="2886" WIDTH="243" HEIGHT="39" CONTENT="afïeremus" WC="0.75" CC="087000070"/>
						<SP ID="P26_SP00345" HPOS="732" VPOS="2935" WIDTH="28"/>
						<String ID="P26_ST00382" HPOS="760" VPOS="2886" WIDTH="236" HEIGHT="52" CONTENT="exemplis," WC="0.95" CC="000000003"/>
						<SP ID="P26_SP00346" HPOS="996" VPOS="2938" WIDTH="31"/>
						<String ID="P26_ST00383" HPOS="1027" VPOS="2899" WIDTH="180" HEIGHT="40" CONTENT="semper" WC="0.94" CC="000002"/>
						<SP ID="P26_SP00347" HPOS="1207" VPOS="2939" WIDTH="28"/>
						<String ID="P26_ST00384" HPOS="1235" VPOS="2887" WIDTH="348" HEIGHT="39" CONTENT="observabimus" WC="0.86" CC="500030000060"/>
						<SP ID="P26_SP00348" HPOS="1583" VPOS="2939" WIDTH="18"/>
						<String ID="P26_ST00385" HPOS="1601" VPOS="2899" WIDTH="19" HEIGHT="26" CONTENT="»" WC="1.00" CC="0"/>
						<SP ID="P26_SP00349" HPOS="1620" VPOS="2939" WIDTH="31"/>
						<String ID="P26_ST00386" HPOS="1651" VPOS="2886" WIDTH="116" HEIGHT="49" CONTENT="(Cité" WC="0.99" CC="03001"/>
						<SP ID="P26_SP00350" HPOS="1767" VPOS="2939" WIDTH="28"/>
						<String ID="P26_ST00387" HPOS="1795" VPOS="2899" WIDTH="84" HEIGHT="39" CONTENT="par" WC="1.00" CC="000"/>
						<SP ID="P26_SP00351" HPOS="1879" VPOS="2939" WIDTH="29"/>
						<String ID="P26_ST00388" HPOS="1908" VPOS="2887" WIDTH="190" HEIGHT="45" CONTENT="Pedrell," WC="0.86" CC="50000004"/>
						<SP ID="P26_SP00352" HPOS="2098" VPOS="2939" WIDTH="33"/>
						<String ID="P26_ST00389" HPOS="2131" VPOS="2886" WIDTH="108" HEIGHT="39" CONTENT="Folk" SUBS_TYPE="HypPart1" SUBS_CONTENT="Folklore" WC="0.99" CC="1002" STYLEREFS="TXT_6"/>
						<HYP HPOS="2239" VPOS="2886" WIDTH="26" CONTENT="-"/>
					</TextLine>
					<TextLine ID="P26_TL00038" HPOS="153" VPOS="2945" WIDTH="2113" HEIGHT="54">
						<String ID="P26_ST00390" HPOS="153" VPOS="2945" WIDTH="88" HEIGHT="38" CONTENT="lore" SUBS_TYPE="HypPart2" SUBS_CONTENT="Folklore" WC="0.96" CC="0396" STYLEREFS="TXT_6"/>
						<SP ID="P26_SP00353" HPOS="241" VPOS="2983" WIDTH="20"/>
						<String ID="P26_ST00391" HPOS="261" VPOS="2946" WIDTH="195" HEIGHT="39" CONTENT="musical" WC="0.98" CC="3443502" STYLEREFS="TXT_6"/>
						<SP ID="P26_SP00354" HPOS="456" VPOS="2985" WIDTH="19"/>
						<String ID="P26_ST00392" HPOS="475" VPOS="2947" WIDTH="211" HEIGHT="39" CONTENT="castillan" WC="0.99" CC="636720006" STYLEREFS="TXT_6"/>
						<SP ID="P26_SP00355" HPOS="686" VPOS="2986" WIDTH="22"/>
						<String ID="P26_ST00393" HPOS="708" VPOS="2947" WIDTH="59" HEIGHT="39" CONTENT="du" WC="1.00" CC="00" STYLEREFS="TXT_6"/>
						<SP ID="P26_SP00356" HPOS="767" VPOS="2986" WIDTH="21"/>
						<String ID="P26_ST00394" HPOS="788" VPOS="2959" WIDTH="84" HEIGHT="27" CONTENT="xvI" WC="1.00" CC="000"/>
						<String ID="P26_ST00395" HPOS="876" VPOS="2954" WIDTH="15" HEIGHT="19" CONTENT="e" STYLE="superscript" WC="0.54" CC="4"/>
						<SP ID="P26_SP00357" HPOS="891" VPOS="2986" WIDTH="20"/>
						<String ID="P26_ST00396" HPOS="911" VPOS="2948" WIDTH="129" HEIGHT="39" CONTENT="siècle" WC="0.98" CC="006009" STYLEREFS="TXT_6"/>
						<String ID="P26_ST00397" HPOS="1046" VPOS="2979" WIDTH="8" HEIGHT="14" CONTENT="," WC="0.61" CC="3"/>
						<SP ID="P26_SP00358" HPOS="1054" VPOS="2993" WIDTH="25"/>
						<String ID="P26_ST00398" HPOS="1079" VPOS="2948" WIDTH="353" HEIGHT="39" CONTENT="Sammelbânde" WC="0.88" CC="00000008400"/>
						<SP ID="P26_SP00359" HPOS="1432" VPOS="2993" WIDTH="20"/>
						<String ID="P26_ST00399" HPOS="1452" VPOS="2949" WIDTH="80" HEIGHT="38" CONTENT="der" WC="1.00" CC="000"/>
						<SP ID="P26_SP00360" HPOS="1532" VPOS="2993" WIDTH="20"/>
						<String ID="P26_ST00400" HPOS="1552" VPOS="2948" WIDTH="36" HEIGHT="39" CONTENT="I." WC="0.80" CC="04"/>
						<SP ID="P26_SP00361" HPOS="1588" VPOS="2993" WIDTH="22"/>
						<String ID="P26_ST00401" HPOS="1610" VPOS="2949" WIDTH="60" HEIGHT="37" CONTENT="M." WC="0.79" CC="04"/>
						<SP ID="P26_SP00362" HPOS="1670" VPOS="2993" WIDTH="24"/>
						<String ID="P26_ST00402" HPOS="1694" VPOS="2948" WIDTH="52" HEIGHT="39" CONTENT="G." WC="0.78" CC="04"/>
						<SP ID="P26_SP00363" HPOS="1746" VPOS="2993" WIDTH="29"/>
						<String ID="P26_ST00403" HPOS="1775" VPOS="2959" WIDTH="124" HEIGHT="37" CONTENT="1900," WC="0.86" CC="20004" STYLEREFS="TXT_5"/>
						<SP ID="P26_SP00364" HPOS="1899" VPOS="2996" WIDTH="22"/>
						<String ID="P26_ST00404" HPOS="1921" VPOS="2961" WIDTH="43" HEIGHT="38" CONTENT="p." WC="0.81" CC="03"/>
						<SP ID="P26_SP00365" HPOS="1964" VPOS="2999" WIDTH="26"/>
						<String ID="P26_ST00405" HPOS="1990" VPOS="2949" WIDTH="117" HEIGHT="49" CONTENT="383)." WC="0.58" CC="53604" STYLEREFS="TXT_5"/>
						<SP ID="P26_SP00366" HPOS="2107" VPOS="2999" WIDTH="22"/>
						<String ID="P26_ST00406" HPOS="2129" VPOS="2947" WIDTH="137" HEIGHT="40" CONTENT="Aussi" WC="1.00" CC="30000"/>
					</TextLine>
					<TextLine ID="P26_TL00039" HPOS="151" VPOS="3007" WIDTH="2110" HEIGHT="53">
						<String ID="P26_ST00407" HPOS="151" VPOS="3007" WIDTH="317" HEIGHT="50" CONTENT="reproche-t-il" WC="0.83" CC="5000006140300"/>
						<SP ID="P26_SP00367" HPOS="468" VPOS="3057" WIDTH="18"/>
						<String ID="P26_ST00408" HPOS="486" VPOS="3008" WIDTH="27" HEIGHT="38" CONTENT="à" WC="0.47" CC="5"/>
						<SP ID="P26_SP00368" HPOS="513" VPOS="3057" WIDTH="19"/>
						<String ID="P26_ST00409" HPOS="532" VPOS="3008" WIDTH="197" HEIGHT="39" CONTENT="Glarean" WC="0.94" CC="0004000"/>
						<SP ID="P26_SP00369" HPOS="729" VPOS="3057" WIDTH="19"/>
						<String ID="P26_ST00410" HPOS="748" VPOS="3008" WIDTH="179" HEIGHT="39" CONTENT="d'avoir" WC="1.00" CC="0400002"/>
						<SP ID="P26_SP00370" HPOS="927" VPOS="3057" WIDTH="18"/>
						<String ID="P26_ST00411" HPOS="945" VPOS="3008" WIDTH="174" HEIGHT="39" CONTENT="sacrifié" WC="0.99" CC="00000772"/>
						<SP ID="P26_SP00371" HPOS="1119" VPOS="3057" WIDTH="19"/>
						<String ID="P26_ST00412" HPOS="1138" VPOS="3009" WIDTH="45" HEIGHT="38" CONTENT="la" WC="1.00" CC="00"/>
						<SP ID="P26_SP00372" HPOS="1183" VPOS="3057" WIDTH="17"/>
						<String ID="P26_ST00413" HPOS="1200" VPOS="3020" WIDTH="178" HEIGHT="27" CONTENT="mesure" WC="1.00" CC="000000"/>
						<SP ID="P26_SP00373" HPOS="1378" VPOS="3057" WIDTH="18"/>
						<String ID="P26_ST00414" HPOS="1396" VPOS="3008" WIDTH="217" HEIGHT="39" CONTENT="musicale" WC="1.00" CC="07000000"/>
						<SP ID="P26_SP00374" HPOS="1613" VPOS="3057" WIDTH="18"/>
						<String ID="P26_ST00415" HPOS="1631" VPOS="3009" WIDTH="27" HEIGHT="38" CONTENT="à" WC="0.98" CC="0"/>
						<SP ID="P26_SP00375" HPOS="1658" VPOS="3057" WIDTH="17"/>
						<String ID="P26_ST00416" HPOS="1675" VPOS="3009" WIDTH="45" HEIGHT="38" CONTENT="la" WC="0.90" CC="10"/>
						<SP ID="P26_SP00376" HPOS="1720" VPOS="3057" WIDTH="18"/>
						<String ID="P26_ST00417" HPOS="1738" VPOS="3008" WIDTH="214" HEIGHT="51" CONTENT="quantité" WC="1.00" CC="07000000"/>
						<SP ID="P26_SP00377" HPOS="1952" VPOS="3059" WIDTH="19"/>
						<String ID="P26_ST00418" HPOS="1971" VPOS="3008" WIDTH="290" HEIGHT="52" CONTENT="prosodique:" WC="1.00" CC="01006000605"/>
					</TextLine>
					<TextLine ID="P26_TL00040" HPOS="150" VPOS="3067" WIDTH="2112" HEIGHT="54">
						<String ID="P26_ST00419" HPOS="150" VPOS="3067" WIDTH="181" HEIGHT="45" CONTENT="......ille" WC="0.77" CC="0444340001"/>
						<SP ID="P26_SP00378" HPOS="331" VPOS="3112" WIDTH="20"/>
						<String ID="P26_ST00420" HPOS="351" VPOS="3067" WIDTH="115" HEIGHT="39" CONTENT="nihil" WC="0.81" CC="00603"/>
						<SP ID="P26_SP00379" HPOS="466" VPOS="3112" WIDTH="22"/>
						<String ID="P26_ST00421" HPOS="488" VPOS="3072" WIDTH="85" HEIGHT="35" CONTENT="aut" WC="1.00" CC="000"/>
						<SP ID="P26_SP00380" HPOS="573" VPOS="3112" WIDTH="20"/>
						<String ID="P26_ST00422" HPOS="593" VPOS="3081" WIDTH="167" HEIGHT="39" CONTENT="parum" WC="0.83" CC="00080"/>
						<SP ID="P26_SP00381" HPOS="760" VPOS="3120" WIDTH="22"/>
						<String ID="P26_ST00423" HPOS="782" VPOS="3073" WIDTH="134" HEIGHT="35" CONTENT="curât" WC="0.99" CC="07200"/>
						<SP ID="P26_SP00382" HPOS="916" VPOS="3120" WIDTH="20"/>
						<String ID="P26_ST00424" HPOS="936" VPOS="3071" WIDTH="103" HEIGHT="50" CONTENT="puri" WC="0.60" CC="0780"/>
						<SP ID="P26_SP00383" HPOS="1039" VPOS="3121" WIDTH="22"/>
						<String ID="P26_ST00425" HPOS="1061" VPOS="3069" WIDTH="95" HEIGHT="39" CONTENT="sint" WC="0.83" CC="0060"/>
						<SP ID="P26_SP00384" HPOS="1156" VPOS="3121" WIDTH="20"/>
						<String ID="P26_ST00426" HPOS="1176" VPOS="3081" WIDTH="160" HEIGHT="28" CONTENT="versus" WC="1.00" CC="002000"/>
						<SP ID="P26_SP00385" HPOS="1336" VPOS="3121" WIDTH="22"/>
						<String ID="P26_ST00427" HPOS="1358" VPOS="3081" WIDTH="142" HEIGHT="26" CONTENT="necne" WC="1.00" CC="00000"/>
						<SP ID="P26_SP00386" HPOS="1500" VPOS="3121" WIDTH="20"/>
						<String ID="P26_ST00428" HPOS="1520" VPOS="3085" WIDTH="9" HEIGHT="22" CONTENT=":" WC="0.94" CC="0"/>
						<SP ID="P26_SP00387" HPOS="1529" VPOS="3121" WIDTH="24"/>
						<String ID="P26_ST00429" HPOS="1553" VPOS="3071" WIDTH="82" HEIGHT="37" CONTENT="sed" WC="0.83" CC="310"/>
						<SP ID="P26_SP00388" HPOS="1635" VPOS="3121" WIDTH="20"/>
						<String ID="P26_ST00430" HPOS="1655" VPOS="3069" WIDTH="69" HEIGHT="38" CONTENT="ita" WC="1.00" CC="000"/>
						<SP ID="P26_SP00389" HPOS="1724" VPOS="3121" WIDTH="19"/>
						<String ID="P26_ST00431" HPOS="1743" VPOS="3069" WIDTH="48" HEIGHT="38" CONTENT="in" WC="0.67" CC="06"/>
						<SP ID="P26_SP00390" HPOS="1791" VPOS="3121" WIDTH="21"/>
						<String ID="P26_ST00432" HPOS="1812" VPOS="3069" WIDTH="125" HEIGHT="39" CONTENT="sonis" WC="0.89" CC="05000"/>
						<SP ID="P26_SP00391" HPOS="1937" VPOS="3121" WIDTH="23"/>
						<String ID="P26_ST00433" HPOS="1960" VPOS="3073" WIDTH="54" HEIGHT="35" CONTENT="ut" WC="0.64" CC="70"/>
						<SP ID="P26_SP00392" HPOS="2014" VPOS="3121" WIDTH="21"/>
						<String ID="P26_ST00434" HPOS="2035" VPOS="3070" WIDTH="49" HEIGHT="37" CONTENT="in" WC="1.00" CC="00"/>
						<SP ID="P26_SP00393" HPOS="2084" VPOS="3121" WIDTH="21"/>
						<String ID="P26_ST00435" HPOS="2105" VPOS="3068" WIDTH="157" HEIGHT="40" CONTENT="verbis" WC="0.92" CC="004000"/>
					</TextLine>
					<TextLine ID="P26_TL00041" HPOS="150" VPOS="3128" WIDTH="2110" HEIGHT="54">
						<String ID="P26_ST00436" HPOS="150" VPOS="3128" WIDTH="139" HEIGHT="51" CONTENT="pedes" WC="1.00" CC="00000"/>
						<SP ID="P26_SP00394" HPOS="289" VPOS="3179" WIDTH="35"/>
						<String ID="P26_ST00437" HPOS="324" VPOS="3132" WIDTH="203" HEIGHT="47" CONTENT="quatuor" WC="0.99" CC="0700704"/>
						<SP ID="P26_SP00395" HPOS="527" VPOS="3179" WIDTH="32"/>
						<String ID="P26_ST00438" HPOS="559" VPOS="3132" WIDTH="265" HEIGHT="50" CONTENT="temporum" WC="0.92" CC="00006000"/>
						<SP ID="P26_SP00396" HPOS="824" VPOS="3182" WIDTH="34"/>
						<String ID="P26_ST00439" HPOS="858" VPOS="3130" WIDTH="99" HEIGHT="40" CONTENT="loco" WC="0.96" CC="1000"/>
						<SP ID="P26_SP00397" HPOS="957" VPOS="3182" WIDTH="33"/>
						<String ID="P26_ST00440" HPOS="990" VPOS="3130" WIDTH="144" HEIGHT="40" CONTENT="trium" WC="0.88" CC="06000"/>
						<SP ID="P26_SP00398" HPOS="1134" VPOS="3182" WIDTH="34"/>
						<String ID="P26_ST00441" HPOS="1168" VPOS="3130" WIDTH="225" HEIGHT="46" CONTENT="admittit," WC="0.95" CC="000000004"/>
						<SP ID="P26_SP00399" HPOS="1393" VPOS="3182" WIDTH="37"/>
						<String ID="P26_ST00442" HPOS="1430" VPOS="3133" WIDTH="48" HEIGHT="35" CONTENT="et" WC="1.00" CC="00"/>
						<SP ID="P26_SP00400" HPOS="1478" VPOS="3182" WIDTH="32"/>
						<String ID="P26_ST00443" HPOS="1510" VPOS="3130" WIDTH="258" HEIGHT="51" CONTENT="spondaeos" WC="0.95" CC="000000040"/>
						<SP ID="P26_SP00401" HPOS="1768" VPOS="3182" WIDTH="33"/>
						<String ID="P26_ST00444" HPOS="1801" VPOS="3142" WIDTH="83" HEIGHT="40" CONTENT="pro" WC="0.77" CC="033"/>
						<SP ID="P26_SP00402" HPOS="1884" VPOS="3182" WIDTH="33"/>
						<String ID="P26_ST00445" HPOS="1917" VPOS="3130" WIDTH="165" HEIGHT="40" CONTENT="iambis" WC="1.00" CC="000000"/>
						<SP ID="P26_SP00403" HPOS="2082" VPOS="3182" WIDTH="35"/>
						<String ID="P26_ST00446" HPOS="2117" VPOS="3130" WIDTH="113" HEIGHT="39" CONTENT="facit" WC="0.82" CC="35000"/>
						<SP ID="P26_SP00404" HPOS="2230" VPOS="3182" WIDTH="21"/>
						<String ID="P26_ST00447" HPOS="2251" VPOS="3144" WIDTH="9" HEIGHT="24" CONTENT=":" WC="0.72" CC="2"/>
					</TextLine>
					<TextLine ID="P26_TL00042" HPOS="150" VPOS="3189" WIDTH="1346" HEIGHT="53">
						<String ID="P26_ST00448" HPOS="150" VPOS="3190" WIDTH="122" HEIGHT="38" CONTENT="unde" WC="0.81" CC="7000"/>
						<SP ID="P26_SP00405" HPOS="272" VPOS="3228" WIDTH="25"/>
						<String ID="P26_ST00449" HPOS="297" VPOS="3189" WIDTH="189" HEIGHT="52" CONTENT="plausus" WC="0.90" CC="0000070"/>
						<SP ID="P26_SP00406" HPOS="486" VPOS="3241" WIDTH="26"/>
						<String ID="P26_ST00450" HPOS="512" VPOS="3203" WIDTH="180" HEIGHT="39" CONTENT="semper" WC="0.88" CC="010005"/>
						<SP ID="P26_SP00407" HPOS="692" VPOS="3242" WIDTH="25"/>
						<String ID="P26_ST00451" HPOS="717" VPOS="3191" WIDTH="244" HEIGHT="40" CONTENT="claudicat." WC="0.88" CC="0007000004"/>
						<SP ID="P26_SP00408" HPOS="961" VPOS="3242" WIDTH="39"/>
						<String ID="P26_ST00452" HPOS="1000" VPOS="3204" WIDTH="19" HEIGHT="27" CONTENT="»" WC="1.00" CC="0"/>
						<SP ID="P26_SP00409" HPOS="1019" VPOS="3242" WIDTH="44"/>
						<String ID="P26_ST00453" HPOS="1063" VPOS="3192" WIDTH="77" HEIGHT="49" CONTENT="(id." WC="0.74" CC="7002" STYLEREFS="TXT_6"/>
						<SP ID="P26_SP00410" HPOS="1140" VPOS="3242" WIDTH="29"/>
						<String ID="P26_ST00454" HPOS="1169" VPOS="3192" WIDTH="106" HEIGHT="39" CONTENT="ibid." WC="0.71" CC="07006" STYLEREFS="TXT_6"/>
						<SP ID="P26_SP00411" HPOS="1275" VPOS="3242" WIDTH="31"/>
						<String ID="P26_ST00455" HPOS="1306" VPOS="3204" WIDTH="42" HEIGHT="38" CONTENT="p." WC="0.94" CC="01"/>
						<SP ID="P26_SP00412" HPOS="1348" VPOS="3242" WIDTH="32"/>
						<String ID="P26_ST00456" HPOS="1380" VPOS="3193" WIDTH="116" HEIGHT="48" CONTENT="399)." WC="0.91" CC="00004" STYLEREFS="TXT_5"/>
					</TextLine>
					<TextLine ID="P26_TL00043" HPOS="270" VPOS="3250" WIDTH="1992" HEIGHT="52">
						<String ID="P26_ST00457" HPOS="270" VPOS="3252" WIDTH="78" HEIGHT="47" CONTENT="(2)." WC="0.77" CC="0053" STYLEREFS="TXT_5"/>
						<SP ID="P26_SP00413" HPOS="348" VPOS="3299" WIDTH="31"/>
						<String ID="P26_ST00458" HPOS="379" VPOS="3250" WIDTH="87" HEIGHT="44" CONTENT="Bil." WC="0.67" CC="6024"/>
						<SP ID="P26_SP00414" HPOS="466" VPOS="3299" WIDTH="30"/>
						<String ID="P26_ST00459" HPOS="496" VPOS="3252" WIDTH="110" HEIGHT="42" CONTENT="Nat." WC="0.85" CC="1004"/>
						<SP ID="P26_SP00415" HPOS="606" VPOS="3299" WIDTH="29"/>
						<String ID="P26_ST00460" HPOS="635" VPOS="3253" WIDTH="57" HEIGHT="39" CONTENT="de" WC="1.00" CC="00"/>
						<SP ID="P26_SP00416" HPOS="692" VPOS="3299" WIDTH="27"/>
						<String ID="P26_ST00461" HPOS="719" VPOS="3252" WIDTH="141" HEIGHT="46" CONTENT="Paris," WC="0.99" CC="600024"/>
						<SP ID="P26_SP00417" HPOS="860" VPOS="3299" WIDTH="29"/>
						<String ID="P26_ST00462" HPOS="889" VPOS="3264" WIDTH="106" HEIGHT="28" CONTENT="mss." WC="0.82" CC="0007"/>
						<SP ID="P26_SP00418" HPOS="995" VPOS="3299" WIDTH="30"/>
						<String ID="P26_ST00463" HPOS="1025" VPOS="3254" WIDTH="54" HEIGHT="38" CONTENT="fr." WC="0.71" CC="043"/>
						<SP ID="P26_SP00419" HPOS="1079" VPOS="3299" WIDTH="35"/>
						<String ID="P26_ST00464" HPOS="1114" VPOS="3255" WIDTH="152" HEIGHT="47" CONTENT="19098." WC="0.87" CC="300012" STYLEREFS="TXT_5"/>
						<SP ID="P26_SP00420" HPOS="1266" VPOS="3302" WIDTH="31"/>
						<String ID="P26_ST00465" HPOS="1297" VPOS="3266" WIDTH="45" HEIGHT="29" CONTENT="v." WC="0.80" CC="04"/>
						<SP ID="P26_SP00421" HPOS="1342" VPOS="3302" WIDTH="29"/>
						<String ID="P26_ST00466" HPOS="1371" VPOS="3254" WIDTH="132" HEIGHT="36" CONTENT="notre" WC="0.99" CC="04010"/>
						<SP ID="P26_SP00422" HPOS="1503" VPOS="3302" WIDTH="26"/>
						<String ID="P26_ST00467" HPOS="1529" VPOS="3252" WIDTH="158" HEIGHT="38" CONTENT="article" WC="1.00" CC="0000000"/>
						<SP ID="P26_SP00423" HPOS="1687" VPOS="3302" WIDTH="25"/>
						<String ID="P26_ST00468" HPOS="1712" VPOS="3254" WIDTH="57" HEIGHT="38" CONTENT="de" WC="1.00" CC="00"/>
						<SP ID="P26_SP00424" HPOS="1769" VPOS="3302" WIDTH="26"/>
						<String ID="P26_ST00469" HPOS="1795" VPOS="3252" WIDTH="44" HEIGHT="39" CONTENT="la" WC="0.69" CC="06"/>
						<SP ID="P26_SP00425" HPOS="1839" VPOS="3302" WIDTH="27"/>
						<String ID="P26_ST00470" HPOS="1866" VPOS="3252" WIDTH="143" HEIGHT="40" CONTENT="Revue" WC="0.98" CC="40008" STYLEREFS="TXT_6"/>
						<SP ID="P26_SP00426" HPOS="2009" VPOS="3302" WIDTH="29"/>
						<String ID="P26_ST00471" HPOS="2038" VPOS="3252" WIDTH="224" HEIGHT="40" CONTENT="Musicale" WC="0.99" CC="08007000" STYLEREFS="TXT_6"/>
					</TextLine>
					<TextLine ID="P26_TL00044" HPOS="151" VPOS="3311" WIDTH="639" HEIGHT="54">
						<String ID="P26_ST00472" HPOS="151" VPOS="3311" WIDTH="70" HEIGHT="50" CONTENT="(15" WC="0.82" CC="005"/>
						<SP ID="P26_SP00427" HPOS="221" VPOS="3361" WIDTH="33"/>
						<String ID="P26_ST00473" HPOS="254" VPOS="3311" WIDTH="152" HEIGHT="50" CONTENT="juillet" WC="1.00" CC="0700000"/>
						<SP ID="P26_SP00428" HPOS="406" VPOS="3361" WIDTH="33"/>
						<String ID="P26_ST00474" HPOS="439" VPOS="3314" WIDTH="125" HEIGHT="47" CONTENT="1906," WC="0.77" CC="30033" STYLEREFS="TXT_5"/>
						<SP ID="P26_SP00429" HPOS="564" VPOS="3361" WIDTH="32"/>
						<String ID="P26_ST00475" HPOS="596" VPOS="3325" WIDTH="43" HEIGHT="40" CONTENT="p." WC="0.80" CC="04"/>
						<SP ID="P26_SP00430" HPOS="639" VPOS="3365" WIDTH="35"/>
						<String ID="P26_ST00476" HPOS="674" VPOS="3314" WIDTH="116" HEIGHT="49" CONTENT="356)." WC="0.71" CC="05404" STYLEREFS="TXT_5"/>
					</TextLine>
					<TextLine ID="P26_TL00045" HPOS="270" VPOS="3374" WIDTH="1990" HEIGHT="51">
						<String ID="P26_ST00477" HPOS="270" VPOS="3374" WIDTH="64" HEIGHT="49" CONTENT="(3)" WC="1.00" CC="000" STYLEREFS="TXT_5"/>
						<SP ID="P26_SP00431" HPOS="334" VPOS="3423" WIDTH="41"/>
						<String ID="P26_ST00478" HPOS="375" VPOS="3374" WIDTH="30" HEIGHT="38" CONTENT="112." WC="0.61" CC="3300"/>
						<SP ID="P26_SP00432" HPOS="405" VPOS="3423" WIDTH="51"/>
						<String ID="P26_ST00479" HPOS="456" VPOS="3385" WIDTH="48" HEIGHT="39" CONTENT="13" WC="0.99" CC="00"/>
						<SP ID="P26_SP00433" HPOS="504" VPOS="3424" WIDTH="26"/>
						<String ID="P26_ST00480" HPOS="530" VPOS="3377" WIDTH="47" HEIGHT="34" CONTENT="r°" WC="0.60" CC="08"/>
						<SP ID="P26_SP00434" HPOS="577" VPOS="3424" WIDTH="28"/>
						<String ID="P26_ST00481" HPOS="605" VPOS="3374" WIDTH="40" HEIGHT="38" CONTENT="Il" WC="0.67" CC="60"/>
						<SP ID="P26_SP00435" HPOS="645" VPOS="3424" WIDTH="21"/>
						<String ID="P26_ST00482" HPOS="666" VPOS="3374" WIDTH="82" HEIGHT="51" CONTENT="n'y" WC="0.99" CC="030"/>
						<SP ID="P26_SP00436" HPOS="748" VPOS="3425" WIDTH="22"/>
						<String ID="P26_ST00483" HPOS="770" VPOS="3386" WIDTH="27" HEIGHT="26" CONTENT="a" WC="1.00" CC="0"/>
						<SP ID="P26_SP00437" HPOS="797" VPOS="3425" WIDTH="22"/>
						<String ID="P26_ST00484" HPOS="819" VPOS="3374" WIDTH="171" HEIGHT="51" CONTENT="qu'une" WC="0.98" CC="064080"/>
						<SP ID="P26_SP00438" HPOS="990" VPOS="3425" WIDTH="23"/>
						<String ID="P26_ST00485" HPOS="1013" VPOS="3375" WIDTH="123" HEIGHT="38" CONTENT="seule" WC="0.99" CC="00600"/>
						<SP ID="P26_SP00439" HPOS="1136" VPOS="3425" WIDTH="23"/>
						<String ID="P26_ST00486" HPOS="1159" VPOS="3374" WIDTH="111" HEIGHT="39" CONTENT="voix" WC="1.00" CC="0000"/>
						<SP ID="P26_SP00440" HPOS="1270" VPOS="3425" WIDTH="117"/>
						<String ID="P26_ST00487" HPOS="1387" VPOS="3374" WIDTH="109" HEIGHT="38" CONTENT="Voir" WC="0.98" CC="5001"/>
						<SP ID="P26_SP00441" HPOS="1496" VPOS="3425" WIDTH="23"/>
						<String ID="P26_ST00488" HPOS="1519" VPOS="3374" WIDTH="123" HEIGHT="38" CONTENT="aussi" WC="1.00" CC="00000"/>
						<SP ID="P26_SP00442" HPOS="1642" VPOS="3425" WIDTH="21"/>
						<String ID="P26_ST00489" HPOS="1663" VPOS="3374" WIDTH="64" HEIGHT="39" CONTENT="les" WC="0.99" CC="002"/>
						<SP ID="P26_SP00443" HPOS="1727" VPOS="3425" WIDTH="24"/>
						<String ID="P26_ST00490" HPOS="1751" VPOS="3375" WIDTH="123" HEIGHT="39" CONTENT="deux" WC="0.98" CC="0070"/>
						<SP ID="P26_SP00444" HPOS="1874" VPOS="3425" WIDTH="21"/>
						<String ID="P26_ST00491" HPOS="1895" VPOS="3375" WIDTH="109" HEIGHT="39" CONTENT="odes" WC="0.99" CC="5000"/>
						<SP ID="P26_SP00445" HPOS="2004" VPOS="3425" WIDTH="24"/>
						<String ID="P26_ST00492" HPOS="2028" VPOS="3375" WIDTH="232" HEIGHT="39" CONTENT="d'Horace" WC="0.99" CC="04655020"/>
					</TextLine>
					<TextLine ID="P26_TL00046" HPOS="151" VPOS="3431" WIDTH="2107" HEIGHT="56">
						<String ID="P26_ST00493" HPOS="151" VPOS="3431" WIDTH="139" HEIGHT="41" CONTENT="citées" WC="1.00" CC="000000"/>
						<SP ID="P26_SP00446" HPOS="290" VPOS="3472" WIDTH="35"/>
						<String ID="P26_ST00494" HPOS="325" VPOS="3446" WIDTH="86" HEIGHT="40" CONTENT="par" WC="1.00" CC="000"/>
						<SP ID="P26_SP00447" HPOS="411" VPOS="3486" WIDTH="33"/>
						<String ID="P26_ST00495" HPOS="444" VPOS="3435" WIDTH="240" HEIGHT="38" CONTENT="Mersenne" WC="0.92" CC="00000600"/>
						<SP ID="P26_SP00448" HPOS="684" VPOS="3486" WIDTH="36"/>
						<String ID="P26_ST00496" HPOS="720" VPOS="3436" WIDTH="116" HEIGHT="39" CONTENT="dans" WC="0.99" CC="0003"/>
						<SP ID="P26_SP00449" HPOS="836" VPOS="3486" WIDTH="36"/>
						<String ID="P26_ST00497" HPOS="872" VPOS="3447" WIDTH="83" HEIGHT="27" CONTENT="son" WC="0.99" CC="030"/>
						<SP ID="P26_SP00450" HPOS="955" VPOS="3486" WIDTH="35"/>
						<String ID="P26_ST00498" HPOS="990" VPOS="3436" WIDTH="249" HEIGHT="39" CONTENT="Harmonie" WC="0.99" CC="44001600" STYLEREFS="TXT_6"/>
						<SP ID="P26_SP00451" HPOS="1239" VPOS="3486" WIDTH="37"/>
						<String ID="P26_ST00499" HPOS="1276" VPOS="3435" WIDTH="265" HEIGHT="38" CONTENT="universelle" WC="1.00" CC="31050000000" STYLEREFS="TXT_6"/>
						<SP ID="P26_SP00452" HPOS="1541" VPOS="3486" WIDTH="28"/>
						<String ID="P26_ST00500" HPOS="1569" VPOS="3435" WIDTH="172" HEIGHT="48" CONTENT="(Traité" WC="0.99" CC="0160003"/>
						<SP ID="P26_SP00453" HPOS="1741" VPOS="3486" WIDTH="25"/>
						<String ID="P26_ST00501" HPOS="1766" VPOS="3437" WIDTH="57" HEIGHT="38" CONTENT="de" WC="0.64" CC="07"/>
						<SP ID="P26_SP00454" HPOS="1823" VPOS="3486" WIDTH="35"/>
						<String ID="P26_ST00502" HPOS="1858" VPOS="3436" WIDTH="45" HEIGHT="39" CONTENT="la" WC="0.81" CC="30"/>
						<SP ID="P26_SP00455" HPOS="1903" VPOS="3486" WIDTH="35"/>
						<String ID="P26_ST00503" HPOS="1938" VPOS="3435" WIDTH="320" HEIGHT="52" CONTENT="composition," WC="1.00" CC="000000000000"/>
					</TextLine>
					<TextLine ID="P26_TL00047" HPOS="150" VPOS="3495" WIDTH="2110" HEIGHT="53">
						<String ID="P26_ST00504" HPOS="150" VPOS="3506" WIDTH="42" HEIGHT="39" CONTENT="P-" WC="0.44" CC="64"/>
						<SP ID="P26_SP00456" HPOS="192" VPOS="3545" WIDTH="31"/>
						<String ID="P26_ST00505" HPOS="223" VPOS="3506" WIDTH="80" HEIGHT="38" CONTENT="395" WC="0.62" CC="605"/>
						<SP ID="P26_SP00457" HPOS="303" VPOS="3545" WIDTH="29"/>
						<String ID="P26_ST00506" HPOS="332" VPOS="3498" WIDTH="48" HEIGHT="36" CONTENT="et" WC="0.62" CC="70"/>
						<SP ID="P26_SP00458" HPOS="380" VPOS="3545" WIDTH="22"/>
						<String ID="P26_ST00507" HPOS="402" VPOS="3508" WIDTH="43" HEIGHT="38" CONTENT="p." WC="0.82" CC="03"/>
						<SP ID="P26_SP00459" HPOS="445" VPOS="3546" WIDTH="28"/>
						<String ID="P26_ST00508" HPOS="473" VPOS="3497" WIDTH="106" HEIGHT="47" CONTENT="418)" WC="0.84" CC="0060" STYLEREFS="TXT_5"/>
						<SP ID="P26_SP00460" HPOS="579" VPOS="3546" WIDTH="25"/>
						<String ID="P26_ST00509" HPOS="604" VPOS="3499" WIDTH="47" HEIGHT="35" CONTENT="et" WC="1.00" CC="00"/>
						<SP ID="P26_SP00461" HPOS="651" VPOS="3546" WIDTH="24"/>
						<String ID="P26_ST00510" HPOS="675" VPOS="3508" WIDTH="90" HEIGHT="38" CONTENT="que" WC="0.97" CC="070"/>
						<SP ID="P26_SP00462" HPOS="765" VPOS="3546" WIDTH="23"/>
						<String ID="P26_ST00511" HPOS="788" VPOS="3495" WIDTH="82" HEIGHT="51" CONTENT="j'ai" WC="0.98" CC="5300"/>
						<SP ID="P26_SP00463" HPOS="870" VPOS="3546" WIDTH="23"/>
						<String ID="P26_ST00512" HPOS="893" VPOS="3496" WIDTH="288" HEIGHT="52" CONTENT="reproduites" WC="1.00" CC="20006070000"/>
						<SP ID="P26_SP00464" HPOS="1181" VPOS="3548" WIDTH="26"/>
						<String ID="P26_ST00513" HPOS="1207" VPOS="3497" WIDTH="115" HEIGHT="38" CONTENT="dans" WC="1.00" CC="0000"/>
						<SP ID="P26_SP00465" HPOS="1322" VPOS="3548" WIDTH="26"/>
						<String ID="P26_ST00514" HPOS="1348" VPOS="3495" WIDTH="193" HEIGHT="39" CONTENT="l'article" WC="1.00" CC="040400000"/>
						<SP ID="P26_SP00466" HPOS="1541" VPOS="3548" WIDTH="23"/>
						<String ID="P26_ST00515" HPOS="1564" VPOS="3495" WIDTH="266" HEIGHT="40" CONTENT="mentionné" WC="1.00" CC="000000005"/>
						<SP ID="P26_SP00467" HPOS="1830" VPOS="3548" WIDTH="24"/>
						<String ID="P26_ST00516" HPOS="1854" VPOS="3496" WIDTH="103" HEIGHT="52" CONTENT="plus" WC="0.99" CC="0060"/>
						<SP ID="P26_SP00468" HPOS="1957" VPOS="3548" WIDTH="25"/>
						<String ID="P26_ST00517" HPOS="1982" VPOS="3497" WIDTH="127" HEIGHT="38" CONTENT="haut." WC="0.98" CC="70702"/>
						<SP ID="P26_SP00469" HPOS="2109" VPOS="3548" WIDTH="28"/>
						<String ID="P26_ST00518" HPOS="2137" VPOS="3495" WIDTH="123" HEIGHT="39" CONTENT="C'est" WC="0.99" CC="04000"/>
					</TextLine>
					<TextLine ID="P26_TL00048" HPOS="151" VPOS="3555" WIDTH="2108" HEIGHT="54">
						<String ID="P26_ST00519" HPOS="151" VPOS="3555" WIDTH="488" HEIGHT="40" CONTENT="vraisemblablement" WC="1.00" CC="03000000100000150"/>
						<SP ID="P26_SP00470" HPOS="639" VPOS="3595" WIDTH="10"/>
						<String ID="P26_ST00520" HPOS="649" VPOS="3556" WIDTH="183" HEIGHT="53" CONTENT="d'après" WC="0.99" CC="0300260"/>
						<SP ID="P26_SP00471" HPOS="832" VPOS="3609" WIDTH="9"/>
						<String ID="P26_ST00521" HPOS="841" VPOS="3557" WIDTH="44" HEIGHT="39" CONTENT="la" WC="1.00" CC="00"/>
						<SP ID="P26_SP00472" HPOS="885" VPOS="3609" WIDTH="15"/>
						<String ID="P26_ST00522" HPOS="900" VPOS="3559" WIDTH="148" HEIGHT="37" CONTENT="même" WC="0.99" CC="0401"/>
						<SP ID="P26_SP00473" HPOS="1048" VPOS="3609" WIDTH="18"/>
						<String ID="P26_ST00523" HPOS="1066" VPOS="3557" WIDTH="319" HEIGHT="50" CONTENT="méthodeque" WC="0.77" CC="0507100072"/>
						<SP ID="P26_SP00474" HPOS="1385" VPOS="3609" WIDTH="17"/>
						<String ID="P26_ST00524" HPOS="1402" VPOS="3556" WIDTH="245" HEIGHT="40" CONTENT="Goudimel" WC="0.87" CC="03600000"/>
						<SP ID="P26_SP00475" HPOS="1647" VPOS="3609" WIDTH="17"/>
						<String ID="P26_ST00525" HPOS="1664" VPOS="3558" WIDTH="131" HEIGHT="39" CONTENT="avait" WC="1.00" CC="00000"/>
						<SP ID="P26_SP00476" HPOS="1795" VPOS="3609" WIDTH="16"/>
						<String ID="P26_ST00526" HPOS="1811" VPOS="3557" WIDTH="151" HEIGHT="39" CONTENT="misen" WC="0.85" CC="00007"/>
						<SP ID="P26_SP00477" HPOS="1962" VPOS="3609" WIDTH="16"/>
						<String ID="P26_ST00527" HPOS="1978" VPOS="3556" WIDTH="281" HEIGHT="51" CONTENT="musiqueles" WC="1.00" CC="0000000000"/>
					</TextLine>
					<TextLine ID="P26_TL00049" HPOS="151" VPOS="3617" WIDTH="2107" HEIGHT="61">
						<String ID="P26_ST00528" HPOS="151" VPOS="3617" WIDTH="109" HEIGHT="39" CONTENT="odes" WC="0.98" CC="5100"/>
						<SP ID="P26_SP00478" HPOS="260" VPOS="3656" WIDTH="10"/>
						<String ID="P26_ST00529" HPOS="270" VPOS="3617" WIDTH="247" HEIGHT="49" CONTENT="d'Horace," WC="0.99" CC="043321004"/>
						<SP ID="P26_SP00479" HPOS="517" VPOS="3666" WIDTH="11"/>
						<String ID="P26_ST00530" HPOS="528" VPOS="3617" WIDTH="72" HEIGHT="39" CONTENT="s'il" WC="0.99" CC="0300"/>
						<SP ID="P26_SP00480" HPOS="600" VPOS="3666" WIDTH="9"/>
						<String ID="P26_ST00531" HPOS="609" VPOS="3617" WIDTH="104" HEIGHT="41" CONTENT="faut" WC="0.97" CC="0470"/>
						<SP ID="P26_SP00481" HPOS="713" VPOS="3666" WIDTH="11"/>
						<String ID="P26_ST00532" HPOS="724" VPOS="3630" WIDTH="57" HEIGHT="27" CONTENT="en" WC="0.53" CC="09"/>
						<SP ID="P26_SP00482" HPOS="781" VPOS="3666" WIDTH="23"/>
						<String ID="P26_ST00533" HPOS="804" VPOS="3617" WIDTH="142" HEIGHT="40" CONTENT="croire" WC="0.99" CC="000051"/>
						<SP ID="P26_SP00483" HPOS="946" VPOS="3666" WIDTH="12"/>
						<String ID="P26_ST00534" HPOS="958" VPOS="3617" WIDTH="192" HEIGHT="47" CONTENT="Salinas," WC="0.88" CC="00004004"/>
						<SP ID="P26_SP00484" HPOS="1150" VPOS="3666" WIDTH="14"/>
						<String ID="P26_ST00535" HPOS="1164" VPOS="3619" WIDTH="134" HEIGHT="59" CONTENT="(dans" WC="0.99" CC="32100"/>
						<SP ID="P26_SP00485" HPOS="1298" VPOS="3678" WIDTH="11"/>
						<String ID="P26_ST00536" HPOS="1309" VPOS="3617" WIDTH="161" HEIGHT="40" CONTENT="Pedrel" WC="0.80" CC="600500"/>
						<SP ID="P26_SP00486" HPOS="1470" VPOS="3678" WIDTH="19"/>
						<String ID="P26_ST00537" HPOS="1489" VPOS="3632" WIDTH="10" HEIGHT="24" CONTENT=":" WC="0.62" CC="3"/>
						<SP ID="P26_SP00487" HPOS="1499" VPOS="3678" WIDTH="26"/>
						<String ID="P26_ST00538" HPOS="1525" VPOS="3617" WIDTH="267" HEIGHT="54" CONTENT="ouv.citép." WC="0.88" CC="0602000200"/>
						<SP ID="P26_SP00488" HPOS="1792" VPOS="3678" WIDTH="16"/>
						<String ID="P26_ST00539" HPOS="1808" VPOS="3617" WIDTH="450" HEIGHT="61" CONTENT="399)«...Godimelus" WC="0.78" CC="90070042040002070" STYLEREFS="TXT_5"/>
					</TextLine>
				</TextBlock>
			</PrintSpace>
		</Page>
	</Layout>
</alto>
