2712 4097
461 298 97 66 696

1042 305 263 36 MERCURE
1343 303 240 36 MUSICAL
1622 303 68 35 ET
1730 302 40 36 S.
1813 302 35 38 I.
1887 302 40 34 M

574 465 242 53 Comme
870 458 82 54 les
1007 472 132 38 vers
1194 453 260 55 mesurés
1507 457 139 49 sont
1699 452 394 71 uniquement
2149 456 304 68 composés
2507 459 66 59 de

461 546 241 70 longues
744 546 60 49 et
848 539 73 54 de
961 537 230 67 brèves,
1234 533 356 56 l'invention
1630 532 348 74 rythmique
2020 533 183 55 serait
2245 534 158 56 nulle
2445 538 130 60 chez

461 625 53 54 le
541 621 282 58 musicien
851 618 91 55 s'il
970 617 147 55 était
1147 616 331 54 condamné
1507 616 36 53 à
1569 632 63 37 se
1661 613 184 56 servir
1859 613 330 56 seulement
2208 614 73 55 de
2296 616 273 63 blanches

461 710 61 50 et
557 705 71 54 de
661 701 211 56 noires.
912 701 94 53 En
1041 698 205 55 réalité
1280 697 42 53 il
1356 696 295 73 remplace
1685 701 259 49 souvent
1977 696 285 54 blanches
2298 702 60 51 et
2391 701 182 59 noires

460 802 106 56 par
600 783 126 55 leur
761 781 276 56 monnaie
1065 801 10 34 :
1115 779 42 55 il
1191 785 146 67 peut
1373 778 146 55 faire
1556 778 248 55 chanter
1840 796 102 37 sur
1976 796 118 37 une
2128 778 195 56 même
2357 781 217 72 syllabe

458 865 290 73 plusieurs
783 868 171 51 notes
990 863 73 55 de
1098 862 206 56 valeur
1338 861 291 70 moindre,
1669 861 149 56 dont
1853 860 344 55 l'ensemble
2234 861 127 56 doit
2396 865 178 58 valoir

460 951 375 51 exactement
865 946 58 54 la
954 945 177 55 durée
1162 945 178 54 d'une
1369 942 254 56 blanche
1651 960 79 38 ou
1761 942 178 55 d'une
1970 941 181 56 noire.
2184 942 159 56 C'est
2372 962 64 38 ce
2464 965 109 55 que

460 1028 304 55 Mersenne
804 1028 80 68 (1)
941 1025 231 73 appelle
1210 1042 161 38 assez
1409 1023 275 74 joliment
1726 1022 341 74 crispaturœ
2105 1041 218 52 vocum,
2361 1025 81 57 les
2483 1028 71 56 fri-

461 1127 161 37 sures
664 1111 102 55 des
805 1108 159 56 voix.
1008 1108 95 54 En
1142 1107 156 55 voici
1350 1126 82 36 un
1486 1106 288 72 exemple,
1830 1106 113 54 tiré
2003 1106 80 54 du
2123 1106 333 75 Printemps
2509 1112 65 56 de

460 1191 81 55 Le
580 1191 191 71 Jeune
813 1192 80 68 (2)
924 1211 12 35 :

569 2870 94 55 On
706 2873 127 53 voit
879 2874 57 54 la
980 2874 225 55 variété
1252 2877 100 53 des
1398 2877 441 56 combinaisons
1883 2897 117 53 que
2044 2886 267 66 peuvent
2357 2881 209 54 former

456 2967 94 37 ces
595 2952 293 56 fioritures
936 2954 148 55 dans
1131 2956 83 54 les
1263 2957 343 56 différentes
1655 2958 142 55 voix
1825 2981 10 33 :
1888 2978 121 37 non
2056 2962 333 56 seulement
2437 2961 131 55 elles

454 3029 273 71 ajoutent
776 3034 34 54 à
858 3034 258 57 l'intérêt
1163 3038 81 55 du
1294 3038 263 56 discours
1605 3039 267 71 musical,
1923 3042 152 54 mais
2122 3043 138 55 elles
2310 3042 255 56 arrivent

454 3112 220 70 parfois
710 3114 35 52 à
781 3116 275 69 produire
1093 3118 73 55 de
1202 3119 319 56 véritables
1557 3121 176 54 effets
1770 3123 335 71 expressifs.
2146 3126 168 54 Dans
2349 3124 54 56 le
2438 3141 94 56 pas-

453 3208 137 55 sage
626 3193 240 56 suivant
904 3197 72 54 de
1013 3199 82 54 Le
1131 3199 192 70 Jeune
1362 3204 103 68 (3),
1505 3202 53 55 le
1595 3202 176 55 choix
1810 3204 102 55 des
1950 3213 342 49 ornements
2330 3204 234 75 produit

454 3290 116 38 une
609 3273 305 58 délicieuse
951 3278 347 72 impression
1337 3283 239 56 d'envol
1603 3305 11 33 :

572 3455 79 48 (1).
679 3455 160 50 Quaest
843 3487 26 15 .,
896 3458 84 40 col.
1012 3461 124 48 1568.
1831 3467 5 2 '
1959 3469 19 11 ''
2025 3472 9 28 •:
2240 3473 13 10 '
2253 3473 13 10 r
2275 3455 3 57 <

573 3516 78 48 (2).
671 3516 110 47 fasc,
802 3517 63 40 11.
884 3531 44 39 p.
954 3529 93 39 115.
1068 3521 82 38 Ces
1168 3527 264 36 ornements
1450 3528 108 36 sont
1574 3526 244 53 beaucoup
1836 3530 104 50 plus
1958 3530 241 54 fréquents
2217 3535 110 39 chez
2345 3535 64 38 Le
2429 3535 139 52 Jeune

456 3587 90 40 que
564 3577 109 38 chez
694 3578 227 44 Mauduit,
943 3580 81 51 qui
1042 3582 97 38 s'en
1159 3583 120 39 tient
1298 3589 200 35 souvent
1518 3599 93 26 aux
1630 3587 220 42 blanches
1870 3594 49 36 et
1938 3604 94 28 aux
2053 3595 165 41 noires.

573 3639 80 49 (3).
696 3639 58 38 Le
778 3640 257 51 Printemps
1077 3643 128 47 (fasc.
1244 3645 37 46 I,
1319 3658 44 39 p.
1407 3649 84 48 13).
