<?xml version="1.0" encoding="UTF-8"?>
<alto xmlns:xsi="http://www.w3.org/2001/XMLSchema-instance" xmlns="http://www.loc.gov/standards/alto/ns-v2#" xsi:schemaLocation="http://www.loc.gov/standards/alto/ns-v2# http://www.loc.gov/standards/alto/alto-v2.0.xsd" xmlns:xlink="http://www.w3.org/1999/xlink">
	<Description>
		<MeasurementUnit>mm10</MeasurementUnit>
		<sourceImageInformation>
			<fileName>//fileserver7/IN2/Princeton/Batch3/bmtnabh/1907/07/15_01/00000314.tif</fileName>
		</sourceImageInformation>
		<OCRProcessing ID="OCRPROCESSING_1">
			<preProcessingStep>
				<processingSoftware>
					<softwareCreator>CCS Content Conversion Specialists GmbH, Germany</softwareCreator>
					<softwareName>CCS docWORKS</softwareName>
					<softwareVersion>6.6-1.18</softwareVersion>
				</processingSoftware>
			</preProcessingStep>
			<ocrProcessingStep>
				<processingSoftware>
					<softwareCreator>ABBYY (BIT Software), Russia</softwareCreator>
					<softwareName>FineReader</softwareName>
					<softwareVersion>10.0</softwareVersion>
				</processingSoftware>
			</ocrProcessingStep>
		</OCRProcessing>
	</Description>
	<Styles>
		<TextStyle ID="TXT_0" FONTSIZE="19" FONTFAMILY="Times New Roman"/>
		<TextStyle ID="TXT_1" FONTSIZE="15" FONTFAMILY="Times New Roman"/>
		<TextStyle ID="TXT_2" FONTSIZE="18" FONTFAMILY="Times New Roman"/>
		<TextStyle ID="TXT_3" FONTSIZE="22" FONTFAMILY="Times New Roman"/>
		<TextStyle ID="TXT_4" FONTSIZE="22" FONTFAMILY="Times New Roman" FONTSTYLE="italics"/>
		<TextStyle ID="TXT_5" FONTSIZE="18" FONTFAMILY="Times New Roman" FONTSTYLE="italics"/>
		<TextStyle ID="TXT_6" FONTSIZE="14" FONTFAMILY="Times New Roman"/>
		<ParagraphStyle ID="PAR_LEFT" ALIGN="Left"/>
		<ParagraphStyle ID="PAR_RIGHT" ALIGN="Right"/>
	</Styles>
	<Layout>
		<Page ID="P53" PHYSICAL_IMG_NR="53" HEIGHT="4097" WIDTH="2712" PC="0.922">
			<TopMargin ID="P53_TM00001" HPOS="0" VPOS="0" WIDTH="2712" HEIGHT="364">
				<TextBlock ID="P53_TB00001" HPOS="561" VPOS="301" WIDTH="97" HEIGHT="63" STYLEREFS="TXT_0 PAR_LEFT">
					<TextLine ID="P53_TL00001" HPOS="561" VPOS="301" WIDTH="96" HEIGHT="63">
						<String ID="P53_ST00001" HPOS="561" VPOS="301" WIDTH="96" HEIGHT="63" CONTENT="728" WC="0.40" CC="394"/>
					</TextLine>
				</TextBlock>
				<TextBlock ID="P53_TB00002" HPOS="1162" VPOS="312" WIDTH="904" HEIGHT="39" STYLEREFS="TXT_1 PAR_RIGHT">
					<TextLine ID="P53_TL00002" HPOS="1162" VPOS="313" WIDTH="903" HEIGHT="38">
						<String ID="P53_ST00002" HPOS="1162" VPOS="314" WIDTH="265" HEIGHT="37" CONTENT="MERCURE" WC="1.00" CC="0002100"/>
						<SP ID="P53_SP00001" HPOS="1427" VPOS="351" WIDTH="36"/>
						<String ID="P53_ST00003" HPOS="1463" VPOS="313" WIDTH="243" HEIGHT="38" CONTENT="MUSICAL" WC="0.99" CC="0600034"/>
						<SP ID="P53_SP00002" HPOS="1706" VPOS="351" WIDTH="37"/>
						<String ID="P53_ST00004" HPOS="1743" VPOS="313" WIDTH="70" HEIGHT="35" CONTENT="ET" WC="0.72" CC="22"/>
						<SP ID="P53_SP00003" HPOS="1813" VPOS="351" WIDTH="39"/>
						<String ID="P53_ST00005" HPOS="1852" VPOS="313" WIDTH="42" HEIGHT="37" CONTENT="S." WC="0.69" CC="06"/>
						<SP ID="P53_SP00004" HPOS="1894" VPOS="351" WIDTH="39"/>
						<String ID="P53_ST00006" HPOS="1933" VPOS="313" WIDTH="35" HEIGHT="37" CONTENT="I." WC="0.69" CC="60"/>
						<SP ID="P53_SP00005" HPOS="1968" VPOS="351" WIDTH="42"/>
						<String ID="P53_ST00007" HPOS="2010" VPOS="315" WIDTH="55" HEIGHT="36" CONTENT="M." WC="0.78" CC="04"/>
					</TextLine>
				</TextBlock>
			</TopMargin>
			<LeftMargin ID="P53_LM00001" HPOS="0" VPOS="354" WIDTH="540" HEIGHT="3338"/>
			<RightMargin ID="P53_RM00001" HPOS="2645" VPOS="354" WIDTH="67" HEIGHT="3338"/>
			<BottomMargin ID="P53_BM00001" HPOS="0" VPOS="3692" WIDTH="2712" HEIGHT="405"/>
			<PrintSpace ID="P53_PS00001" HPOS="540" VPOS="354" WIDTH="2105" HEIGHT="3338">
				<TextBlock ID="P53_TB00003" HPOS="544" VPOS="462" WIDTH="2101" HEIGHT="2997" STYLEREFS="TXT_2 PAR_LEFT">
					<TextLine ID="P53_TL00003" HPOS="677" VPOS="462" WIDTH="1966" HEIGHT="81">
						<String ID="P53_ST00008" HPOS="677" VPOS="464" WIDTH="256" HEIGHT="73" CONTENT="Wagner" WC="0.99" CC="006302" STYLEREFS="TXT_3"/>
						<SP ID="P53_SP00006" HPOS="933" VPOS="537" WIDTH="29"/>
						<String ID="P53_ST00009" HPOS="962" VPOS="464" WIDTH="221" HEIGHT="73" CONTENT="parlait" WC="0.99" CC="6040101" STYLEREFS="TXT_3"/>
						<SP ID="P53_SP00007" HPOS="1183" VPOS="537" WIDTH="33"/>
						<String ID="P53_ST00010" HPOS="1216" VPOS="466" WIDTH="72" HEIGHT="56" CONTENT="de" WC="0.79" CC="40" STYLEREFS="TXT_3"/>
						<SP ID="P53_SP00008" HPOS="1288" VPOS="537" WIDTH="36"/>
						<String ID="P53_ST00011" HPOS="1324" VPOS="463" WIDTH="256" HEIGHT="71" CONTENT="Tristan," WC="0.98" CC="36036643" STYLEREFS="TXT_4"/>
						<SP ID="P53_SP00009" HPOS="1580" VPOS="537" WIDTH="22"/>
						<String ID="P53_ST00012" HPOS="1602" VPOS="463" WIDTH="221" HEIGHT="71" CONTENT="auquel" WC="0.98" CC="070606" STYLEREFS="TXT_3"/>
						<SP ID="P53_SP00010" HPOS="1823" VPOS="537" WIDTH="30"/>
						<String ID="P53_ST00013" HPOS="1853" VPOS="462" WIDTH="42" HEIGHT="56" CONTENT="il" WC="1.00" CC="00" STYLEREFS="TXT_3"/>
						<SP ID="P53_SP00011" HPOS="1895" VPOS="537" WIDTH="31"/>
						<String ID="P53_ST00014" HPOS="1926" VPOS="464" WIDTH="334" HEIGHT="58" CONTENT="travaillait" WC="1.00" CC="04000005000" STYLEREFS="TXT_3"/>
						<SP ID="P53_SP00012" HPOS="2260" VPOS="537" WIDTH="20"/>
						<String ID="P53_ST00015" HPOS="2280" VPOS="467" WIDTH="363" HEIGHT="76" CONTENT="éperdument" WC="0.74" CC="0500067060" STYLEREFS="TXT_3"/>
					</TextLine>
					<TextLine ID="P53_TL00004" HPOS="560" VPOS="543" WIDTH="2081" HEIGHT="80">
						<String ID="P53_ST00016" HPOS="560" VPOS="544" WIDTH="36" HEIGHT="55" CONTENT="à" WC="1.00" CC="0" STYLEREFS="TXT_3"/>
						<SP ID="P53_SP00013" HPOS="596" VPOS="599" WIDTH="33"/>
						<String ID="P53_ST00017" HPOS="629" VPOS="548" WIDTH="230" HEIGHT="51" CONTENT="travers" WC="1.00" CC="0000060" STYLEREFS="TXT_3"/>
						<SP ID="P53_SP00014" HPOS="859" VPOS="599" WIDTH="34"/>
						<String ID="P53_ST00018" HPOS="893" VPOS="551" WIDTH="201" HEIGHT="51" CONTENT="toutes" WC="1.00" CC="060000" STYLEREFS="TXT_3"/>
						<SP ID="P53_SP00015" HPOS="1094" VPOS="602" WIDTH="33"/>
						<String ID="P53_ST00019" HPOS="1127" VPOS="546" WIDTH="82" HEIGHT="56" CONTENT="les" WC="0.98" CC="400" STYLEREFS="TXT_3"/>
						<SP ID="P53_SP00016" HPOS="1209" VPOS="602" WIDTH="35"/>
						<String ID="P53_ST00020" HPOS="1244" VPOS="544" WIDTH="299" HEIGHT="74" CONTENT="angoisses" WC="1.00" CC="004300000" STYLEREFS="TXT_3"/>
						<SP ID="P53_SP00017" HPOS="1543" VPOS="618" WIDTH="33"/>
						<String ID="P53_ST00021" HPOS="1576" VPOS="562" WIDTH="117" HEIGHT="55" CONTENT="que" WC="0.97" CC="160" STYLEREFS="TXT_3"/>
						<SP ID="P53_SP00018" HPOS="1693" VPOS="618" WIDTH="35"/>
						<String ID="P53_ST00022" HPOS="1728" VPOS="543" WIDTH="122" HEIGHT="56" CONTENT="l'on" WC="0.98" CC="2060" STYLEREFS="TXT_3"/>
						<SP ID="P53_SP00019" HPOS="1850" VPOS="618" WIDTH="33"/>
						<String ID="P53_ST00023" HPOS="1883" VPOS="546" WIDTH="264" HEIGHT="56" CONTENT="connaît." WC="1.00" CC="04000003" STYLEREFS="TXT_3"/>
						<SP ID="P53_SP00020" HPOS="2147" VPOS="618" WIDTH="37"/>
						<String ID="P53_ST00024" HPOS="2184" VPOS="547" WIDTH="95" HEIGHT="56" CONTENT="En" WC="0.76" CC="40" STYLEREFS="TXT_3"/>
						<SP ID="P53_SP00021" HPOS="2279" VPOS="618" WIDTH="32"/>
						<String ID="P53_ST00025" HPOS="2311" VPOS="551" WIDTH="256" HEIGHT="65" CONTENT="écrivant" WC="0.99" CC="30306100" STYLEREFS="TXT_3"/>
						<SP ID="P53_SP00022" HPOS="2567" VPOS="618" WIDTH="28"/>
						<String ID="P53_ST00026" HPOS="2595" VPOS="565" WIDTH="46" HEIGHT="58" CONTENT="la" WC="0.77" CC="40" STYLEREFS="TXT_3"/>
					</TextLine>
					<TextLine ID="P53_TL00005" HPOS="560" VPOS="626" WIDTH="2078" HEIGHT="82">
						<String ID="P53_ST00027" HPOS="560" VPOS="626" WIDTH="272" HEIGHT="71" CONTENT="musique" WC="0.99" CC="0600060" STYLEREFS="TXT_3"/>
						<SP ID="P53_SP00023" HPOS="832" VPOS="697" WIDTH="46"/>
						<String ID="P53_ST00028" HPOS="878" VPOS="627" WIDTH="72" HEIGHT="55" CONTENT="de" WC="1.00" CC="00" STYLEREFS="TXT_3"/>
						<SP ID="P53_SP00024" HPOS="950" VPOS="697" WIDTH="502"/>
						<String ID="P53_ST00029" HPOS="1452" VPOS="628" WIDTH="48" HEIGHT="54" CONTENT="A" WC="1.00" CC="0" STYLEREFS="TXT_4"/>
						<SP ID="P53_SP00025" HPOS="1500" VPOS="697" WIDTH="78"/>
						<String ID="P53_ST00030" HPOS="1578" VPOS="628" WIDTH="115" HEIGHT="70" CONTENT="ïda," WC="0.83" CC="0050" STYLEREFS="TXT_4"/>
						<String ID="P53_ST00031" HPOS="1223" VPOS="627" WIDTH="181" HEIGHT="57" CONTENT="Verdi" WC="1.00" CC="20000" STYLEREFS="TXT_3"/>
						<SP ID="P53_SP00026" HPOS="1693" VPOS="698" WIDTH="-245"/>
						<String ID="P53_ST00032" HPOS="1448" VPOS="632" WIDTH="148" HEIGHT="69" CONTENT="peut" WC="1.00" CC="0020" STYLEREFS="TXT_3"/>
						<SP ID="P53_SP00027" HPOS="1693" VPOS="701" WIDTH="-49"/>
						<String ID="P53_ST00033" HPOS="1644" VPOS="628" WIDTH="72" HEIGHT="55" CONTENT="de" WC="1.00" CC="00" STYLEREFS="TXT_3"/>
						<SP ID="P53_SP00028" HPOS="1716" VPOS="701" WIDTH="46"/>
						<String ID="P53_ST00034" HPOS="1762" VPOS="644" WIDTH="109" HEIGHT="38" CONTENT="son" WC="0.98" CC="040" STYLEREFS="TXT_3"/>
						<SP ID="P53_SP00029" HPOS="1871" VPOS="701" WIDTH="27"/>
						<String ID="P53_ST00035" HPOS="1898" VPOS="628" WIDTH="133" HEIGHT="54" CONTENT="côté" WC="1.00" CC="0000" STYLEREFS="TXT_3"/>
						<SP ID="P53_SP00030" HPOS="2031" VPOS="701" WIDTH="33"/>
						<String ID="P53_ST00036" HPOS="2064" VPOS="628" WIDTH="170" HEIGHT="56" CONTENT="avoir" WC="0.98" CC="10505" STYLEREFS="TXT_3"/>
						<SP ID="P53_SP00031" HPOS="2234" VPOS="701" WIDTH="45"/>
						<String ID="P53_ST00037" HPOS="2279" VPOS="631" WIDTH="101" HEIGHT="57" CONTENT="des" WC="1.00" CC="000" STYLEREFS="TXT_3"/>
						<SP ID="P53_SP00032" HPOS="2380" VPOS="701" WIDTH="45"/>
						<String ID="P53_ST00038" HPOS="2425" VPOS="637" WIDTH="213" HEIGHT="71" CONTENT="phrases" WC="0.99" CC="4641020" STYLEREFS="TXT_3"/>
					</TextLine>
					<TextLine ID="P53_TL00006" HPOS="559" VPOS="706" WIDTH="615" HEIGHT="58">
						<String ID="P53_ST00039" HPOS="559" VPOS="724" WIDTH="229" HEIGHT="38" CONTENT="comme" WC="1.00" CC="03000" STYLEREFS="TXT_3"/>
						<SP ID="P53_SP00033" HPOS="788" VPOS="762" WIDTH="60"/>
						<String ID="P53_ST00040" HPOS="848" VPOS="706" WIDTH="252" HEIGHT="57" CONTENT="celles-ci" WC="1.00" CC="000500200" STYLEREFS="TXT_3"/>
						<SP ID="P53_SP00034" HPOS="1100" VPOS="763" WIDTH="62"/>
						<String ID="P53_ST00041" HPOS="1162" VPOS="729" WIDTH="12" HEIGHT="35" CONTENT=":" WC="0.40" CC="5" STYLEREFS="TXT_3"/>
					</TextLine>
					<TextLine ID="P53_TL00007" HPOS="666" VPOS="853" WIDTH="1697" HEIGHT="71">
						<String ID="P53_ST00042" HPOS="666" VPOS="853" WIDTH="42" HEIGHT="48" CONTENT="Il" WC="0.69" CC="41"/>
						<SP ID="P53_SP00035" HPOS="708" VPOS="901" WIDTH="24"/>
						<String ID="P53_ST00043" HPOS="732" VPOS="854" WIDTH="113" HEIGHT="49" CONTENT="faut" WC="0.98" CC="0070"/>
						<SP ID="P53_SP00036" HPOS="845" VPOS="903" WIDTH="25"/>
						<String ID="P53_ST00044" HPOS="870" VPOS="857" WIDTH="196" HEIGHT="48" CONTENT="donner" WC="0.99" CC="540200"/>
						<SP ID="P53_SP00037" HPOS="1066" VPOS="905" WIDTH="23"/>
						<String ID="P53_ST00045" HPOS="1089" VPOS="873" WIDTH="71" HEIGHT="32" CONTENT="un" WC="0.56" CC="62"/>
						<SP ID="P53_SP00038" HPOS="1160" VPOS="905" WIDTH="24"/>
						<String ID="P53_ST00046" HPOS="1184" VPOS="858" WIDTH="144" HEIGHT="50" CONTENT="relief" WC="1.00" CC="111001"/>
						<SP ID="P53_SP00039" HPOS="1328" VPOS="908" WIDTH="22"/>
						<String ID="P53_ST00047" HPOS="1350" VPOS="859" WIDTH="115" HEIGHT="64" CONTENT="plus" WC="0.97" CC="6340"/>
						<SP ID="P53_SP00040" HPOS="1465" VPOS="923" WIDTH="24"/>
						<String ID="P53_ST00048" HPOS="1489" VPOS="859" WIDTH="164" HEIGHT="65" CONTENT="grand" WC="1.00" CC="20000"/>
						<SP ID="P53_SP00041" HPOS="1653" VPOS="924" WIDTH="28"/>
						<String ID="P53_ST00049" HPOS="1681" VPOS="858" WIDTH="33" HEIGHT="48" CONTENT="à" WC="0.51" CC="4"/>
						<SP ID="P53_SP00042" HPOS="1714" VPOS="924" WIDTH="21"/>
						<String ID="P53_ST00050" HPOS="1735" VPOS="859" WIDTH="349" HEIGHT="50" CONTENT="l'intermezzo" WC="1.00" CC="000000070560"/>
						<SP ID="P53_SP00043" HPOS="2084" VPOS="924" WIDTH="26"/>
						<String ID="P53_ST00051" HPOS="2110" VPOS="862" WIDTH="89" HEIGHT="62" CONTENT="qui" WC="0.96" CC="261"/>
						<SP ID="P53_SP00044" HPOS="2199" VPOS="924" WIDTH="24"/>
						<String ID="P53_ST00052" HPOS="2223" VPOS="863" WIDTH="102" HEIGHT="48" CONTENT="suit" WC="0.97" CC="0725"/>
						<SP ID="P53_SP00045" HPOS="2325" VPOS="924" WIDTH="27"/>
						<String ID="P53_ST00053" HPOS="2352" VPOS="881" WIDTH="11" HEIGHT="32" CONTENT=":" WC="0.41" CC="5"/>
					</TextLine>
					<TextLine ID="P53_TL00008" HPOS="585" VPOS="922" WIDTH="863" HEIGHT="69">
						<String ID="P53_ST00054" HPOS="585" VPOS="922" WIDTH="151" HEIGHT="50" CONTENT="Aida." WC="0.97" CC="33095" STYLEREFS="TXT_5"/>
						<String ID="P53_ST00055" HPOS="742" VPOS="923" WIDTH="128" HEIGHT="49" CONTENT="Va..." WC="0.99" CC="30200"/>
						<SP ID="P53_SP00046" HPOS="870" VPOS="972" WIDTH="30"/>
						<String ID="P53_ST00056" HPOS="900" VPOS="929" WIDTH="61" HEIGHT="43" CONTENT="tu" WC="0.68" CC="06"/>
						<SP ID="P53_SP00047" HPOS="961" VPOS="972" WIDTH="25"/>
						<String ID="P53_ST00057" HPOS="986" VPOS="941" WIDTH="65" HEIGHT="33" CONTENT="ne" WC="0.86" CC="20"/>
						<SP ID="P53_SP00048" HPOS="1051" VPOS="974" WIDTH="25"/>
						<String ID="P53_ST00058" HPOS="1076" VPOS="927" WIDTH="238" HEIGHT="51" CONTENT="m'aimes" WC="0.99" CC="0101740"/>
						<SP ID="P53_SP00049" HPOS="1314" VPOS="978" WIDTH="25"/>
						<String ID="P53_ST00059" HPOS="1339" VPOS="944" WIDTH="109" HEIGHT="47" CONTENT="pas." WC="0.97" CC="8003"/>
					</TextLine>
					<TextLine ID="P53_TL00009" HPOS="567" VPOS="989" WIDTH="2070" HEIGHT="74">
						<String ID="P53_ST00060" HPOS="567" VPOS="989" WIDTH="61" HEIGHT="48" CONTENT="R." WC="0.96" CC="00"/>
						<SP ID="P53_SP00050" HPOS="628" VPOS="1037" WIDTH="30"/>
						<String ID="P53_ST00061" HPOS="658" VPOS="990" WIDTH="65" HEIGHT="61" CONTENT="Je" WC="0.84" CC="20"/>
						<SP ID="P53_SP00051" HPOS="723" VPOS="1051" WIDTH="24"/>
						<String ID="P53_ST00062" HPOS="747" VPOS="1007" WIDTH="65" HEIGHT="33" CONTENT="ne" WC="0.89" CC="20"/>
						<SP ID="P53_SP00052" HPOS="812" VPOS="1051" WIDTH="27"/>
						<String ID="P53_ST00063" HPOS="839" VPOS="993" WIDTH="175" HEIGHT="51" CONTENT="t'aime" WC="0.99" CC="000390"/>
						<SP ID="P53_SP00053" HPOS="1014" VPOS="1051" WIDTH="28"/>
						<String ID="P53_ST00064" HPOS="1042" VPOS="1009" WIDTH="93" HEIGHT="47" CONTENT="pas" WC="1.00" CC="100"/>
						<SP ID="P53_SP00054" HPOS="1135" VPOS="1056" WIDTH="25"/>
						<String ID="P53_ST00065" HPOS="1160" VPOS="991" WIDTH="19" HEIGHT="49" CONTENT="?" WC="1.00" CC="0"/>
						<SP ID="P53_SP00055" HPOS="1179" VPOS="1056" WIDTH="46"/>
						<String ID="P53_ST00066" HPOS="1225" VPOS="994" WIDTH="202" HEIGHT="62" CONTENT="Jamais" WC="1.00" CC="000020"/>
						<SP ID="P53_SP00056" HPOS="1427" VPOS="1056" WIDTH="40"/>
						<String ID="P53_ST00067" HPOS="1467" VPOS="997" WIDTH="73" HEIGHT="49" CONTENT="les" WC="0.99" CC="200"/>
						<SP ID="P53_SP00057" HPOS="1540" VPOS="1056" WIDTH="26"/>
						<String ID="P53_ST00068" HPOS="1566" VPOS="998" WIDTH="235" HEIGHT="49" CONTENT="hommes" WC="0.98" CC="630550"/>
						<SP ID="P53_SP00058" HPOS="1801" VPOS="1056" WIDTH="27"/>
						<String ID="P53_ST00069" HPOS="1828" VPOS="1012" WIDTH="86" HEIGHT="32" CONTENT="sur" WC="0.96" CC="045"/>
						<SP ID="P53_SP00059" HPOS="1914" VPOS="1056" WIDTH="26"/>
						<String ID="P53_ST00070" HPOS="1940" VPOS="997" WIDTH="52" HEIGHT="48" CONTENT="la" WC="0.89" CC="20"/>
						<SP ID="P53_SP00060" HPOS="1992" VPOS="1056" WIDTH="26"/>
						<String ID="P53_ST00071" HPOS="2018" VPOS="1002" WIDTH="135" HEIGHT="45" CONTENT="terre" WC="1.00" CC="00010"/>
						<SP ID="P53_SP00061" HPOS="2153" VPOS="1056" WIDTH="27"/>
						<String ID="P53_ST00072" HPOS="2180" VPOS="999" WIDTH="52" HEIGHT="47" CONTENT="ni" WC="0.83" CC="03"/>
						<SP ID="P53_SP00062" HPOS="2232" VPOS="1056" WIDTH="25"/>
						<String ID="P53_ST00073" HPOS="2257" VPOS="999" WIDTH="73" HEIGHT="50" CONTENT="les" WC="1.00" CC="000"/>
						<SP ID="P53_SP00063" HPOS="2330" VPOS="1056" WIDTH="26"/>
						<String ID="P53_ST00074" HPOS="2356" VPOS="1003" WIDTH="148" HEIGHT="52" CONTENT="dieux" WC="0.99" CC="00260"/>
						<SP ID="P53_SP00064" HPOS="2504" VPOS="1056" WIDTH="22"/>
						<String ID="P53_ST00075" HPOS="2526" VPOS="1011" WIDTH="111" HEIGHT="52" CONTENT="dans" WC="0.98" CC="7000"/>
					</TextLine>
					<TextLine ID="P53_TL00010" HPOS="563" VPOS="1058" WIDTH="1441" HEIGHT="71">
						<String ID="P53_ST00076" HPOS="563" VPOS="1058" WIDTH="47" HEIGHT="49" CONTENT="le" WC="0.83" CC="30"/>
						<SP ID="P53_SP00065" HPOS="610" VPOS="1107" WIDTH="25"/>
						<String ID="P53_ST00077" HPOS="635" VPOS="1059" WIDTH="91" HEIGHT="48" CONTENT="ciel" WC="0.99" CC="0200"/>
						<SP ID="P53_SP00066" HPOS="726" VPOS="1107" WIDTH="26"/>
						<String ID="P53_ST00078" HPOS="752" VPOS="1060" WIDTH="146" HEIGHT="48" CONTENT="n'ont" WC="0.99" CC="01041"/>
						<SP ID="P53_SP00067" HPOS="898" VPOS="1108" WIDTH="26"/>
						<String ID="P53_ST00079" HPOS="924" VPOS="1061" WIDTH="184" HEIGHT="63" CONTENT="jamais" WC="0.98" CC="500920"/>
						<SP ID="P53_SP00068" HPOS="1108" VPOS="1124" WIDTH="28"/>
						<String ID="P53_ST00080" HPOS="1136" VPOS="1063" WIDTH="138" HEIGHT="48" CONTENT="aimé" WC="0.99" CC="0400"/>
						<SP ID="P53_SP00069" HPOS="1274" VPOS="1124" WIDTH="26"/>
						<String ID="P53_ST00081" HPOS="1300" VPOS="1064" WIDTH="125" HEIGHT="48" CONTENT="d'un" WC="0.99" CC="0050"/>
						<SP ID="P53_SP00070" HPOS="1425" VPOS="1124" WIDTH="27"/>
						<String ID="P53_ST00082" HPOS="1452" VPOS="1080" WIDTH="180" HEIGHT="33" CONTENT="amour" WC="0.99" CC="00440"/>
						<SP ID="P53_SP00071" HPOS="1632" VPOS="1124" WIDTH="27"/>
						<String ID="P53_ST00083" HPOS="1659" VPOS="1065" WIDTH="116" HEIGHT="64" CONTENT="plus" WC="0.98" CC="0360"/>
						<SP ID="P53_SP00072" HPOS="1775" VPOS="1129" WIDTH="26"/>
						<String ID="P53_ST00084" HPOS="1801" VPOS="1065" WIDTH="203" HEIGHT="50" CONTENT="ardent." WC="1.00" CC="0502000"/>
					</TextLine>
					<TextLine ID="P53_TL00011" HPOS="663" VPOS="1126" WIDTH="1973" HEIGHT="80">
						<String ID="P53_ST00085" HPOS="663" VPOS="1126" WIDTH="111" HEIGHT="61" CONTENT="(Ces" WC="1.00" CC="0000"/>
						<SP ID="P53_SP00073" HPOS="774" VPOS="1187" WIDTH="33"/>
						<String ID="P53_ST00086" HPOS="807" VPOS="1130" WIDTH="195" HEIGHT="61" CONTENT="paroles" WC="1.00" CC="0003400"/>
						<SP ID="P53_SP00074" HPOS="1002" VPOS="1191" WIDTH="33"/>
						<String ID="P53_ST00087" HPOS="1035" VPOS="1145" WIDTH="68" HEIGHT="33" CONTENT="ou" WC="0.60" CC="16"/>
						<SP ID="P53_SP00075" HPOS="1103" VPOS="1191" WIDTH="30"/>
						<String ID="P53_ST00088" HPOS="1133" VPOS="1130" WIDTH="252" HEIGHT="61" CONTENT="d'autres," WC="1.00" CC="010502002"/>
						<SP ID="P53_SP00076" HPOS="1385" VPOS="1191" WIDTH="35"/>
						<String ID="P53_ST00089" HPOS="1420" VPOS="1149" WIDTH="103" HEIGHT="47" CONTENT="peu" WC="0.98" CC="005"/>
						<SP ID="P53_SP00077" HPOS="1523" VPOS="1196" WIDTH="32"/>
						<String ID="P53_ST00090" HPOS="1555" VPOS="1134" WIDTH="221" HEIGHT="63" CONTENT="importe" WC="1.00" CC="0200300"/>
						<SP ID="P53_SP00078" HPOS="1776" VPOS="1197" WIDTH="25"/>
						<String ID="P53_ST00091" HPOS="1801" VPOS="1150" WIDTH="10" HEIGHT="42" CONTENT=";" WC="0.54" CC="4"/>
						<SP ID="P53_SP00079" HPOS="1811" VPOS="1197" WIDTH="59"/>
						<String ID="P53_ST00092" HPOS="1870" VPOS="1134" WIDTH="128" HEIGHT="48" CONTENT="mais" WC="0.97" CC="0903" STYLEREFS="TXT_5"/>
						<SP ID="P53_SP00080" HPOS="1998" VPOS="1197" WIDTH="36"/>
						<String ID="P53_ST00093" HPOS="2034" VPOS="1150" WIDTH="92" HEIGHT="47" CONTENT="que" WC="0.99" CC="030" STYLEREFS="TXT_5"/>
						<SP ID="P53_SP00081" HPOS="2126" VPOS="1197" WIDTH="32"/>
						<String ID="P53_ST00094" HPOS="2158" VPOS="1152" WIDTH="50" HEIGHT="33" CONTENT="ce" WC="0.98" CC="00" STYLEREFS="TXT_5"/>
						<SP ID="P53_SP00082" HPOS="2208" VPOS="1197" WIDTH="31"/>
						<String ID="P53_ST00095" HPOS="2239" VPOS="1138" WIDTH="93" HEIGHT="48" CONTENT="soit" WC="0.98" CC="1205" STYLEREFS="TXT_5"/>
						<SP ID="P53_SP00083" HPOS="2332" VPOS="1197" WIDTH="29"/>
						<String ID="P53_ST00096" HPOS="2361" VPOS="1155" WIDTH="94" HEIGHT="35" CONTENT="une" WC="0.94" CC="690" STYLEREFS="TXT_5"/>
						<SP ID="P53_SP00084" HPOS="2455" VPOS="1197" WIDTH="28"/>
						<String ID="P53_ST00097" HPOS="2483" VPOS="1145" WIDTH="153" HEIGHT="61" CONTENT="phrase" WC="0.98" CC="706614" STYLEREFS="TXT_5"/>
					</TextLine>
					<TextLine ID="P53_TL00012" HPOS="588" VPOS="1195" WIDTH="1016" HEIGHT="68">
						<String ID="P53_ST00098" HPOS="588" VPOS="1195" WIDTH="87" HEIGHT="62" CONTENT="qui" WC="0.96" CC="081" STYLEREFS="TXT_5"/>
						<SP ID="P53_SP00085" HPOS="675" VPOS="1257" WIDTH="151"/>
						<String ID="P53_ST00099" HPOS="826" VPOS="1197" WIDTH="778" HEIGHT="66" CONTENT="secoue,théâtrale).(i)" WC="1.00" CC="044290033424090051775" STYLEREFS="TXT_5"/>
					</TextLine>
					<TextLine ID="P53_TL00013" HPOS="671" VPOS="1345" WIDTH="674" HEIGHT="72">
						<String ID="P53_ST00100" HPOS="671" VPOS="1345" WIDTH="51" HEIGHT="54" CONTENT="Il" WC="1.00" CC="00" STYLEREFS="TXT_3"/>
						<SP ID="P53_SP00086" HPOS="722" VPOS="1399" WIDTH="29"/>
						<String ID="P53_ST00101" HPOS="751" VPOS="1351" WIDTH="145" HEIGHT="66" CONTENT="peut" WC="0.97" CC="9060" STYLEREFS="TXT_3"/>
						<SP ID="P53_SP00087" HPOS="896" VPOS="1417" WIDTH="33"/>
						<String ID="P53_ST00102" HPOS="929" VPOS="1347" WIDTH="179" HEIGHT="56" CONTENT="écrire" WC="0.99" CC="002030" STYLEREFS="TXT_3"/>
						<SP ID="P53_SP00088" HPOS="1108" VPOS="1417" WIDTH="32"/>
						<String ID="P53_ST00103" HPOS="1140" VPOS="1348" WIDTH="160" HEIGHT="56" CONTENT="aussi" WC="0.99" CC="06000" STYLEREFS="TXT_3"/>
						<SP ID="P53_SP00089" HPOS="1300" VPOS="1417" WIDTH="33"/>
						<String ID="P53_ST00104" HPOS="1333" VPOS="1370" WIDTH="12" HEIGHT="37" CONTENT=":" WC="0.84" CC="1" STYLEREFS="TXT_3"/>
					</TextLine>
					<TextLine ID="P53_TL00014" HPOS="2015" VPOS="1503" WIDTH="442" HEIGHT="69">
						<String ID="P53_ST00105" HPOS="2015" VPOS="1503" WIDTH="30" HEIGHT="50" CONTENT="8" WC="0.96" CC="0"/>
						<SP ID="P53_SP00090" HPOS="2045" VPOS="1553" WIDTH="33"/>
						<String ID="P53_ST00106" HPOS="2078" VPOS="1506" WIDTH="208" HEIGHT="51" CONTENT="octobre" WC="0.98" CC="5005644"/>
						<SP ID="P53_SP00091" HPOS="2286" VPOS="1557" WIDTH="33"/>
						<String ID="P53_ST00107" HPOS="2319" VPOS="1508" WIDTH="138" HEIGHT="64" CONTENT="1870." WC="0.77" CC="30340"/>
					</TextLine>
					<TextLine ID="P53_TL00015" HPOS="822" VPOS="1563" WIDTH="504" HEIGHT="63">
						<String ID="P53_ST00108" HPOS="822" VPOS="1563" WIDTH="130" HEIGHT="50" CONTENT="Cher" WC="0.98" CC="3600"/>
						<SP ID="P53_SP00092" HPOS="952" VPOS="1613" WIDTH="29"/>
						<String ID="P53_ST00109" HPOS="981" VPOS="1564" WIDTH="345" HEIGHT="62" CONTENT="Ghislanzoni," WC="0.77" CC="003050071035"/>
					</TextLine>
					<TextLine ID="P53_TL00016" HPOS="674" VPOS="1649" WIDTH="1957" HEIGHT="83">
						<String ID="P53_ST00110" HPOS="674" VPOS="1649" WIDTH="110" HEIGHT="65" CONTENT="Que" WC="0.95" CC="661"/>
						<SP ID="P53_SP00093" HPOS="784" VPOS="1714" WIDTH="29"/>
						<String ID="P53_ST00111" HPOS="813" VPOS="1668" WIDTH="56" HEIGHT="32" CONTENT="ce" WC="1.00" CC="00"/>
						<SP ID="P53_SP00094" HPOS="869" VPOS="1714" WIDTH="29"/>
						<String ID="P53_ST00112" HPOS="898" VPOS="1653" WIDTH="98" HEIGHT="48" CONTENT="soit" WC="0.99" CC="0500"/>
						<SP ID="P53_SP00095" HPOS="996" VPOS="1714" WIDTH="31"/>
						<String ID="P53_ST00113" HPOS="1027" VPOS="1654" WIDTH="77" HEIGHT="50" CONTENT="dit" WC="0.99" CC="001"/>
						<SP ID="P53_SP00096" HPOS="1104" VPOS="1714" WIDTH="31"/>
						<String ID="P53_ST00114" HPOS="1135" VPOS="1672" WIDTH="101" HEIGHT="33" CONTENT="une" WC="0.96" CC="613"/>
						<SP ID="P53_SP00097" HPOS="1236" VPOS="1714" WIDTH="29"/>
						<String ID="P53_ST00115" HPOS="1265" VPOS="1657" WIDTH="97" HEIGHT="48" CONTENT="fois" WC="0.99" CC="5000"/>
						<SP ID="P53_SP00098" HPOS="1362" VPOS="1714" WIDTH="29"/>
						<String ID="P53_ST00116" HPOS="1391" VPOS="1673" WIDTH="130" HEIGHT="49" CONTENT="pour" WC="0.99" CC="0050"/>
						<SP ID="P53_SP00099" HPOS="1521" VPOS="1722" WIDTH="30"/>
						<String ID="P53_ST00117" HPOS="1551" VPOS="1663" WIDTH="189" HEIGHT="56" CONTENT="toutes," WC="0.99" CC="3540005"/>
						<SP ID="P53_SP00100" HPOS="1740" VPOS="1722" WIDTH="33"/>
						<String ID="P53_ST00118" HPOS="1773" VPOS="1676" WIDTH="102" HEIGHT="48" CONTENT="que" WC="0.95" CC="262"/>
						<SP ID="P53_SP00101" HPOS="1875" VPOS="1724" WIDTH="27"/>
						<String ID="P53_ST00119" HPOS="1902" VPOS="1662" WIDTH="52" HEIGHT="64" CONTENT="je" WC="0.61" CC="52"/>
						<SP ID="P53_SP00102" HPOS="1954" VPOS="1726" WIDTH="29"/>
						<String ID="P53_ST00120" HPOS="1983" VPOS="1663" WIDTH="273" HEIGHT="51" CONTENT="n'entends" WC="1.00" CC="020000000"/>
						<SP ID="P53_SP00103" HPOS="2256" VPOS="1726" WIDTH="28"/>
						<String ID="P53_ST00121" HPOS="2284" VPOS="1665" WIDTH="178" HEIGHT="63" CONTENT="jamais" WC="1.00" CC="400000"/>
						<SP ID="P53_SP00104" HPOS="2462" VPOS="1728" WIDTH="28"/>
						<String ID="P53_ST00122" HPOS="2490" VPOS="1671" WIDTH="141" HEIGHT="61" CONTENT="parler" WC="1.00" CC="200001"/>
					</TextLine>
					<TextLine ID="P53_TL00017" HPOS="574" VPOS="1720" WIDTH="2057" HEIGHT="79">
						<String ID="P53_ST00123" HPOS="574" VPOS="1720" WIDTH="64" HEIGHT="49" CONTENT="de" WC="1.00" CC="00"/>
						<SP ID="P53_SP00105" HPOS="638" VPOS="1769" WIDTH="27"/>
						<String ID="P53_ST00124" HPOS="665" VPOS="1736" WIDTH="91" HEIGHT="33" CONTENT="vos" WC="1.00" CC="000"/>
						<SP ID="P53_SP00106" HPOS="756" VPOS="1769" WIDTH="24"/>
						<String ID="P53_ST00125" HPOS="780" VPOS="1736" WIDTH="130" HEIGHT="43" CONTENT="vers," WC="0.99" CC="20003"/>
						<SP ID="P53_SP00107" HPOS="910" VPOS="1779" WIDTH="28"/>
						<String ID="P53_ST00126" HPOS="938" VPOS="1723" WIDTH="89" HEIGHT="61" CONTENT="qui" WC="0.96" CC="460"/>
						<SP ID="P53_SP00108" HPOS="1027" VPOS="1784" WIDTH="25"/>
						<String ID="P53_ST00127" HPOS="1052" VPOS="1729" WIDTH="117" HEIGHT="44" CONTENT="sont" WC="1.00" CC="0000"/>
						<SP ID="P53_SP00109" HPOS="1169" VPOS="1784" WIDTH="25"/>
						<String ID="P53_ST00128" HPOS="1194" VPOS="1726" WIDTH="235" HEIGHT="63" CONTENT="toujours" WC="0.99" CC="21544410"/>
						<SP ID="P53_SP00110" HPOS="1429" VPOS="1789" WIDTH="27"/>
						<String ID="P53_ST00129" HPOS="1456" VPOS="1728" WIDTH="143" HEIGHT="59" CONTENT="bons," WC="0.99" CC="02004"/>
						<SP ID="P53_SP00111" HPOS="1599" VPOS="1789" WIDTH="28"/>
						<String ID="P53_ST00130" HPOS="1627" VPOS="1729" WIDTH="130" HEIGHT="50" CONTENT="mais" WC="1.00" CC="0020"/>
						<SP ID="P53_SP00112" HPOS="1757" VPOS="1789" WIDTH="24"/>
						<String ID="P53_ST00131" HPOS="1781" VPOS="1731" WIDTH="260" HEIGHT="62" CONTENT="j'entends" WC="1.00" CC="400040000"/>
						<SP ID="P53_SP00113" HPOS="2041" VPOS="1793" WIDTH="24"/>
						<String ID="P53_ST00132" HPOS="2065" VPOS="1732" WIDTH="108" HEIGHT="49" CONTENT="dire" WC="1.00" CC="0100"/>
						<SP ID="P53_SP00114" HPOS="2173" VPOS="1793" WIDTH="26"/>
						<String ID="P53_ST00133" HPOS="2199" VPOS="1746" WIDTH="120" HEIGHT="37" CONTENT="mon" WC="0.99" CC="020"/>
						<SP ID="P53_SP00115" HPOS="2319" VPOS="1793" WIDTH="25"/>
						<String ID="P53_ST00134" HPOS="2344" VPOS="1737" WIDTH="195" HEIGHT="62" CONTENT="opinion" WC="1.00" CC="0000004"/>
						<SP ID="P53_SP00116" HPOS="2539" VPOS="1799" WIDTH="20"/>
						<String ID="P53_ST00135" HPOS="2559" VPOS="1755" WIDTH="72" HEIGHT="34" CONTENT="sur" WC="0.98" CC="060"/>
					</TextLine>
					<TextLine ID="P53_TL00018" HPOS="573" VPOS="1787" WIDTH="2058" HEIGHT="77">
						<String ID="P53_ST00136" HPOS="573" VPOS="1787" WIDTH="158" HEIGHT="49" CONTENT="l'effet" WC="0.99" CC="3024400"/>
						<SP ID="P53_SP00117" HPOS="731" VPOS="1836" WIDTH="31"/>
						<String ID="P53_ST00137" HPOS="762" VPOS="1789" WIDTH="253" HEIGHT="64" CONTENT="scénique." WC="0.84" CC="004050102"/>
						<SP ID="P53_SP00118" HPOS="1015" VPOS="1853" WIDTH="34"/>
						<String ID="P53_ST00138" HPOS="1049" VPOS="1792" WIDTH="70" HEIGHT="49" CONTENT="Le" WC="0.83" CC="30"/>
						<SP ID="P53_SP00119" HPOS="1119" VPOS="1853" WIDTH="31"/>
						<String ID="P53_ST00139" HPOS="1150" VPOS="1793" WIDTH="105" HEIGHT="49" CONTENT="duo" WC="0.98" CC="004"/>
						<SP ID="P53_SP00120" HPOS="1255" VPOS="1853" WIDTH="46"/>
						<String ID="P53_ST00140" HPOS="1301" VPOS="1800" WIDTH="145" HEIGHT="44" CONTENT="entre" WC="1.00" CC="04000"/>
						<SP ID="P53_SP00121" HPOS="1446" VPOS="1853" WIDTH="47"/>
						<String ID="P53_ST00141" HPOS="1493" VPOS="1797" WIDTH="260" HEIGHT="52" CONTENT="Radamès" WC="1.00" CC="0000000"/>
						<SP ID="P53_SP00122" HPOS="1753" VPOS="1853" WIDTH="44"/>
						<String ID="P53_ST00142" HPOS="1797" VPOS="1803" WIDTH="53" HEIGHT="44" CONTENT="et" WC="1.00" CC="00"/>
						<SP ID="P53_SP00123" HPOS="1850" VPOS="1853" WIDTH="43"/>
						<String ID="P53_ST00143" HPOS="1893" VPOS="1798" WIDTH="137" HEIGHT="51" CONTENT="Aida" WC="0.98" CC="0800"/>
						<SP ID="P53_SP00124" HPOS="2030" VPOS="1853" WIDTH="43"/>
						<String ID="P53_ST00144" HPOS="2073" VPOS="1807" WIDTH="93" HEIGHT="53" CONTENT="est," WC="0.97" CC="6041"/>
						<SP ID="P53_SP00125" HPOS="2166" VPOS="1860" WIDTH="47"/>
						<String ID="P53_ST00145" HPOS="2213" VPOS="1803" WIDTH="136" HEIGHT="48" CONTENT="selon" WC="0.99" CC="00040"/>
						<SP ID="P53_SP00126" HPOS="2349" VPOS="1860" WIDTH="43"/>
						<String ID="P53_ST00146" HPOS="2392" VPOS="1806" WIDTH="112" HEIGHT="58" CONTENT="moi," WC="0.97" CC="9023"/>
						<SP ID="P53_SP00127" HPOS="2504" VPOS="1864" WIDTH="40"/>
						<String ID="P53_ST00147" HPOS="2544" VPOS="1809" WIDTH="87" HEIGHT="47" CONTENT="très" WC="0.99" CC="0040"/>
					</TextLine>
					<TextLine ID="P53_TL00019" HPOS="576" VPOS="1855" WIDTH="2052" HEIGHT="79">
						<String ID="P53_ST00148" HPOS="576" VPOS="1855" WIDTH="236" HEIGHT="50" CONTENT="inférieur" WC="0.99" CC="504360042"/>
						<SP ID="P53_SP00128" HPOS="812" VPOS="1905" WIDTH="25"/>
						<String ID="P53_ST00149" HPOS="837" VPOS="1856" WIDTH="31" HEIGHT="47" CONTENT="à" WC="1.00" CC="0"/>
						<SP ID="P53_SP00129" HPOS="868" VPOS="1905" WIDTH="23"/>
						<String ID="P53_ST00150" HPOS="891" VPOS="1858" WIDTH="184" HEIGHT="49" CONTENT="l'autre" WC="0.99" CC="1006600"/>
						<SP ID="P53_SP00130" HPOS="1075" VPOS="1907" WIDTH="25"/>
						<String ID="P53_ST00151" HPOS="1100" VPOS="1865" WIDTH="142" HEIGHT="45" CONTENT="entre" WC="1.00" CC="00000"/>
						<SP ID="P53_SP00131" HPOS="1242" VPOS="1910" WIDTH="25"/>
						<String ID="P53_ST00152" HPOS="1267" VPOS="1864" WIDTH="120" HEIGHT="61" CONTENT="père" WC="1.00" CC="0010"/>
						<SP ID="P53_SP00132" HPOS="1387" VPOS="1925" WIDTH="26"/>
						<String ID="P53_ST00153" HPOS="1413" VPOS="1869" WIDTH="52" HEIGHT="43" CONTENT="et" WC="1.00" CC="00"/>
						<SP ID="P53_SP00133" HPOS="1465" VPOS="1925" WIDTH="26"/>
						<String ID="P53_ST00154" HPOS="1491" VPOS="1863" WIDTH="119" HEIGHT="61" CONTENT="fille," WC="1.00" CC="000200"/>
						<SP ID="P53_SP00134" HPOS="1610" VPOS="1925" WIDTH="25"/>
						<String ID="P53_ST00155" HPOS="1635" VPOS="1867" WIDTH="51" HEIGHT="47" CONTENT="la" WC="0.76" CC="40"/>
						<SP ID="P53_SP00135" HPOS="1686" VPOS="1925" WIDTH="25"/>
						<String ID="P53_ST00156" HPOS="1711" VPOS="1867" WIDTH="145" HEIGHT="49" CONTENT="faute" WC="0.99" CC="10600"/>
						<SP ID="P53_SP00136" HPOS="1856" VPOS="1925" WIDTH="25"/>
						<String ID="P53_ST00157" HPOS="1881" VPOS="1883" WIDTH="64" HEIGHT="33" CONTENT="en" WC="1.00" CC="00"/>
						<SP ID="P53_SP00137" HPOS="1945" VPOS="1925" WIDTH="25"/>
						<String ID="P53_ST00158" HPOS="1970" VPOS="1874" WIDTH="78" HEIGHT="43" CONTENT="est" WC="1.00" CC="000"/>
						<SP ID="P53_SP00138" HPOS="2048" VPOS="1925" WIDTH="26"/>
						<String ID="P53_ST00159" HPOS="2074" VPOS="1870" WIDTH="254" HEIGHT="63" CONTENT="peut-être" WC="1.00" CC="006010000"/>
						<SP ID="P53_SP00139" HPOS="2328" VPOS="1933" WIDTH="24"/>
						<String ID="P53_ST00160" HPOS="2352" VPOS="1872" WIDTH="31" HEIGHT="47" CONTENT="à" WC="1.00" CC="0"/>
						<SP ID="P53_SP00140" HPOS="2383" VPOS="1933" WIDTH="22"/>
						<String ID="P53_ST00161" HPOS="2405" VPOS="1873" WIDTH="47" HEIGHT="48" CONTENT="la" WC="1.00" CC="00"/>
						<SP ID="P53_SP00141" HPOS="2452" VPOS="1933" WIDTH="22"/>
						<String ID="P53_ST00162" HPOS="2474" VPOS="1874" WIDTH="154" HEIGHT="60" CONTENT="forme," WC="0.99" CC="400602"/>
					</TextLine>
					<TextLine ID="P53_TL00020" HPOS="574" VPOS="1924" WIDTH="2055" HEIGHT="81">
						<String ID="P53_ST00163" HPOS="574" VPOS="1924" WIDTH="88" HEIGHT="62" CONTENT="qui" WC="0.97" CC="061"/>
						<SP ID="P53_SP00142" HPOS="662" VPOS="1986" WIDTH="27"/>
						<String ID="P53_ST00164" HPOS="689" VPOS="1929" WIDTH="76" HEIGHT="43" CONTENT="est" WC="1.00" CC="000"/>
						<SP ID="P53_SP00143" HPOS="765" VPOS="1986" WIDTH="27"/>
						<String ID="P53_ST00165" HPOS="792" VPOS="1925" WIDTH="114" HEIGHT="62" CONTENT="plus" WC="0.98" CC="0060"/>
						<SP ID="P53_SP00144" HPOS="906" VPOS="1987" WIDTH="27"/>
						<String ID="P53_ST00166" HPOS="933" VPOS="1940" WIDTH="270" HEIGHT="38" CONTENT="commune" WC="1.00" CC="0000001"/>
						<SP ID="P53_SP00145" HPOS="1203" VPOS="1987" WIDTH="27"/>
						<String ID="P53_ST00167" HPOS="1230" VPOS="1945" WIDTH="100" HEIGHT="49" CONTENT="que" WC="0.98" CC="050"/>
						<SP ID="P53_SP00146" HPOS="1330" VPOS="1994" WIDTH="26"/>
						<String ID="P53_ST00168" HPOS="1356" VPOS="1931" WIDTH="123" HEIGHT="50" CONTENT="celle" WC="1.00" CC="30000"/>
						<SP ID="P53_SP00147" HPOS="1479" VPOS="1994" WIDTH="26"/>
						<String ID="P53_ST00169" HPOS="1505" VPOS="1934" WIDTH="73" HEIGHT="48" CONTENT="du" WC="0.67" CC="06"/>
						<SP ID="P53_SP00148" HPOS="1578" VPOS="1994" WIDTH="25"/>
						<String ID="P53_ST00170" HPOS="1603" VPOS="1935" WIDTH="104" HEIGHT="48" CONTENT="duo" WC="0.98" CC="050"/>
						<SP ID="P53_SP00149" HPOS="1707" VPOS="1994" WIDTH="27"/>
						<String ID="P53_ST00171" HPOS="1734" VPOS="1936" WIDTH="295" HEIGHT="63" CONTENT="précédent." WC="1.00" CC="0000000004"/>
						<SP ID="P53_SP00150" HPOS="2029" VPOS="1999" WIDTH="30"/>
						<String ID="P53_ST00172" HPOS="2059" VPOS="1938" WIDTH="42" HEIGHT="48" CONTENT="Il" WC="0.71" CC="05"/>
						<SP ID="P53_SP00151" HPOS="2101" VPOS="1999" WIDTH="28"/>
						<String ID="P53_ST00173" HPOS="2129" VPOS="1943" WIDTH="77" HEIGHT="44" CONTENT="est" WC="1.00" CC="100"/>
						<SP ID="P53_SP00152" HPOS="2206" VPOS="1999" WIDTH="27"/>
						<String ID="P53_ST00174" HPOS="2233" VPOS="1940" WIDTH="191" HEIGHT="48" CONTENT="certain" WC="0.99" CC="0052000"/>
						<SP ID="P53_SP00153" HPOS="2424" VPOS="1999" WIDTH="24"/>
						<String ID="P53_ST00175" HPOS="2448" VPOS="1957" WIDTH="90" HEIGHT="48" CONTENT="que" WC="0.98" CC="040"/>
						<SP ID="P53_SP00154" HPOS="2538" VPOS="2005" WIDTH="23"/>
						<String ID="P53_ST00176" HPOS="2561" VPOS="1959" WIDTH="68" HEIGHT="33" CONTENT="ces" WC="1.00" CC="000"/>
					</TextLine>
					<TextLine ID="P53_TL00021" HPOS="573" VPOS="1991" WIDTH="2054" HEIGHT="81">
						<String ID="P53_ST00177" HPOS="573" VPOS="1991" WIDTH="234" HEIGHT="60" CONTENT="enfilades" WC="0.98" CC="677364015" STYLEREFS="TXT_5"/>
						<SP ID="P53_SP00155" HPOS="807" VPOS="2051" WIDTH="19"/>
						<String ID="P53_ST00178" HPOS="826" VPOS="1997" WIDTH="71" HEIGHT="60" CONTENT="(2)" WC="0.62" CC="271"/>
						<SP ID="P53_SP00156" HPOS="897" VPOS="2057" WIDTH="24"/>
						<String ID="P53_ST00179" HPOS="921" VPOS="1995" WIDTH="64" HEIGHT="48" CONTENT="de" WC="0.99" CC="00"/>
						<SP ID="P53_SP00157" HPOS="985" VPOS="2057" WIDTH="16"/>
						<String ID="P53_ST00180" HPOS="1001" VPOS="1997" WIDTH="245" HEIGHT="49" CONTENT="cantabili" WC="0.90" CC="000006020"/>
						<SP ID="P53_SP00158" HPOS="1246" VPOS="2057" WIDTH="17"/>
						<String ID="P53_ST00181" HPOS="1263" VPOS="2014" WIDTH="62" HEIGHT="33" CONTENT="en" WC="0.99" CC="00"/>
						<SP ID="P53_SP00159" HPOS="1325" VPOS="2057" WIDTH="15"/>
						<String ID="P53_ST00182" HPOS="1340" VPOS="2000" WIDTH="115" HEIGHT="48" CONTENT="huit" WC="0.97" CC="6702"/>
						<SP ID="P53_SP00160" HPOS="1455" VPOS="2057" WIDTH="16"/>
						<String ID="P53_ST00183" HPOS="1471" VPOS="2016" WIDTH="133" HEIGHT="45" CONTENT="vers," WC="0.99" CC="00202"/>
						<SP ID="P53_SP00161" HPOS="1604" VPOS="2061" WIDTH="25"/>
						<String ID="P53_ST00184" HPOS="1629" VPOS="2004" WIDTH="104" HEIGHT="48" CONTENT="dits" WC="0.99" CC="0210"/>
						<SP ID="P53_SP00162" HPOS="1733" VPOS="2061" WIDTH="15"/>
						<String ID="P53_ST00185" HPOS="1748" VPOS="2019" WIDTH="95" HEIGHT="48" CONTENT="par" WC="1.00" CC="000"/>
						<SP ID="P53_SP00163" HPOS="1843" VPOS="2067" WIDTH="13"/>
						<String ID="P53_ST00186" HPOS="1856" VPOS="2004" WIDTH="75" HEIGHT="49" CONTENT="les" WC="1.00" CC="100"/>
						<SP ID="P53_SP00164" HPOS="1931" VPOS="2067" WIDTH="14"/>
						<String ID="P53_ST00187" HPOS="1945" VPOS="2021" WIDTH="99" HEIGHT="33" CONTENT="uns" WC="0.97" CC="540"/>
						<SP ID="P53_SP00165" HPOS="2044" VPOS="2067" WIDTH="21"/>
						<String ID="P53_ST00188" HPOS="2065" VPOS="2011" WIDTH="53" HEIGHT="45" CONTENT="et" WC="0.93" CC="10"/>
						<SP ID="P53_SP00166" HPOS="2118" VPOS="2067" WIDTH="13"/>
						<String ID="P53_ST00189" HPOS="2131" VPOS="2007" WIDTH="199" HEIGHT="64" CONTENT="répétés" WC="1.00" CC="4000000"/>
						<SP ID="P53_SP00167" HPOS="2330" VPOS="2071" WIDTH="21"/>
						<String ID="P53_ST00190" HPOS="2351" VPOS="2025" WIDTH="88" HEIGHT="47" CONTENT="par" WC="0.99" CC="003"/>
						<SP ID="P53_SP00168" HPOS="2439" VPOS="2072" WIDTH="13"/>
						<String ID="P53_ST00191" HPOS="2452" VPOS="2010" WIDTH="175" HEIGHT="60" CONTENT="l'autre," WC="0.99" CC="01005540"/>
					</TextLine>
					<TextLine ID="P53_TL00022" HPOS="568" VPOS="2065" WIDTH="2060" HEIGHT="77">
						<String ID="P53_ST00192" HPOS="568" VPOS="2075" WIDTH="65" HEIGHT="33" CONTENT="ne" WC="0.67" CC="60"/>
						<SP ID="P53_SP00169" HPOS="633" VPOS="2108" WIDTH="34"/>
						<String ID="P53_ST00193" HPOS="667" VPOS="2067" WIDTH="116" HEIGHT="42" CONTENT="sont" WC="0.99" CC="0300"/>
						<SP ID="P53_SP00170" HPOS="783" VPOS="2109" WIDTH="35"/>
						<String ID="P53_ST00194" HPOS="818" VPOS="2079" WIDTH="93" HEIGHT="47" CONTENT="pas" WC="1.00" CC="000"/>
						<SP ID="P53_SP00171" HPOS="911" VPOS="2126" WIDTH="34"/>
						<String ID="P53_ST00195" HPOS="945" VPOS="2065" WIDTH="122" HEIGHT="48" CONTENT="faits" WC="1.00" CC="10000"/>
						<SP ID="P53_SP00172" HPOS="1067" VPOS="2126" WIDTH="33"/>
						<String ID="P53_ST00196" HPOS="1100" VPOS="2081" WIDTH="131" HEIGHT="47" CONTENT="pour" WC="0.98" CC="0260"/>
						<SP ID="P53_SP00173" HPOS="1231" VPOS="2128" WIDTH="34"/>
						<String ID="P53_ST00197" HPOS="1265" VPOS="2070" WIDTH="182" HEIGHT="61" CONTENT="garder" WC="0.99" CC="903000"/>
						<SP ID="P53_SP00174" HPOS="1447" VPOS="2131" WIDTH="36"/>
						<String ID="P53_ST00198" HPOS="1483" VPOS="2071" WIDTH="76" HEIGHT="48" CONTENT="vif" WC="0.96" CC="045"/>
						<SP ID="P53_SP00175" HPOS="1559" VPOS="2131" WIDTH="31"/>
						<String ID="P53_ST00199" HPOS="1590" VPOS="2072" WIDTH="47" HEIGHT="49" CONTENT="le" WC="0.74" CC="50"/>
						<SP ID="P53_SP00176" HPOS="1637" VPOS="2131" WIDTH="35"/>
						<String ID="P53_ST00200" HPOS="1672" VPOS="2072" WIDTH="256" HEIGHT="65" CONTENT="dialogue." WC="0.99" CC="030340514"/>
						<SP ID="P53_SP00177" HPOS="1928" VPOS="2137" WIDTH="36"/>
						<String ID="P53_ST00201" HPOS="1964" VPOS="2075" WIDTH="223" HEIGHT="63" CONTENT="Ajoutez" WC="0.98" CC="0456005"/>
						<SP ID="P53_SP00178" HPOS="2187" VPOS="2138" WIDTH="35"/>
						<String ID="P53_ST00202" HPOS="2222" VPOS="2079" WIDTH="193" HEIGHT="49" CONTENT="ensuite" WC="1.00" CC="0005200"/>
						<SP ID="P53_SP00179" HPOS="2415" VPOS="2138" WIDTH="33"/>
						<String ID="P53_ST00203" HPOS="2448" VPOS="2094" WIDTH="91" HEIGHT="48" CONTENT="que" WC="0.98" CC="500"/>
						<SP ID="P53_SP00180" HPOS="2539" VPOS="2142" WIDTH="28"/>
						<String ID="P53_ST00204" HPOS="2567" VPOS="2080" WIDTH="61" HEIGHT="49" CONTENT="les" WC="0.95" CC="623"/>
					</TextLine>
					<TextLine ID="P53_TL00023" HPOS="568" VPOS="2128" WIDTH="1312" HEIGHT="75">
						<String ID="P53_ST00205" HPOS="568" VPOS="2128" WIDTH="306" HEIGHT="51" CONTENT="intermèdes" WC="1.00" CC="2030205000"/>
						<SP ID="P53_SP00181" HPOS="874" VPOS="2179" WIDTH="24"/>
						<String ID="P53_ST00206" HPOS="898" VPOS="2132" WIDTH="65" HEIGHT="48" CONTENT="de" WC="1.00" CC="00"/>
						<SP ID="P53_SP00182" HPOS="963" VPOS="2180" WIDTH="25"/>
						<String ID="P53_ST00207" HPOS="988" VPOS="2147" WIDTH="82" HEIGHT="34" CONTENT="ces" WC="0.98" CC="040"/>
						<SP ID="P53_SP00183" HPOS="1070" VPOS="2181" WIDTH="25"/>
						<String ID="P53_ST00208" HPOS="1095" VPOS="2136" WIDTH="244" HEIGHT="49" CONTENT="cantabili" WC="0.81" CC="002004352"/>
						<SP ID="P53_SP00184" HPOS="1339" VPOS="2185" WIDTH="25"/>
						<String ID="P53_ST00209" HPOS="1364" VPOS="2143" WIDTH="117" HEIGHT="44" CONTENT="sont" WC="0.99" CC="0300"/>
						<SP ID="P53_SP00185" HPOS="1481" VPOS="2187" WIDTH="26"/>
						<String ID="P53_ST00210" HPOS="1507" VPOS="2140" WIDTH="174" HEIGHT="63" CONTENT="plutôt" WC="0.99" CC="015010"/>
						<SP ID="P53_SP00186" HPOS="1681" VPOS="2203" WIDTH="25"/>
						<String ID="P53_ST00211" HPOS="1706" VPOS="2141" WIDTH="174" HEIGHT="51" CONTENT="froids." WC="0.98" CC="6264004"/>
					</TextLine>
					<TextLine ID="P53_TL00024" HPOS="662" VPOS="2195" WIDTH="1965" HEIGHT="84">
						<String ID="P53_ST00212" HPOS="662" VPOS="2195" WIDTH="84" HEIGHT="49" CONTENT="Au" WC="0.68" CC="06"/>
						<SP ID="P53_SP00187" HPOS="746" VPOS="2244" WIDTH="29"/>
						<String ID="P53_ST00213" HPOS="775" VPOS="2208" WIDTH="440" HEIGHT="43" CONTENT="commencement" WC="1.00" CC="050800000001"/>
						<SP ID="P53_SP00188" HPOS="1215" VPOS="2251" WIDTH="31"/>
						<String ID="P53_ST00214" HPOS="1246" VPOS="2206" WIDTH="65" HEIGHT="48" CONTENT="de" WC="0.91" CC="01"/>
						<SP ID="P53_SP00189" HPOS="1311" VPOS="2254" WIDTH="31"/>
						<String ID="P53_ST00215" HPOS="1342" VPOS="2221" WIDTH="55" HEIGHT="34" CONTENT="ce" WC="1.00" CC="00"/>
						<SP ID="P53_SP00190" HPOS="1397" VPOS="2255" WIDTH="31"/>
						<String ID="P53_ST00216" HPOS="1428" VPOS="2208" WIDTH="121" HEIGHT="59" CONTENT="duo," WC="0.99" CC="0203"/>
						<SP ID="P53_SP00191" HPOS="1549" VPOS="2267" WIDTH="30"/>
						<String ID="P53_ST00217" HPOS="1579" VPOS="2209" WIDTH="52" HEIGHT="63" CONTENT="je" WC="0.77" CC="40"/>
						<SP ID="P53_SP00192" HPOS="1631" VPOS="2272" WIDTH="31"/>
						<String ID="P53_ST00218" HPOS="1662" VPOS="2211" WIDTH="199" HEIGHT="62" CONTENT="préfère" WC="1.00" CC="0000010"/>
						<SP ID="P53_SP00193" HPOS="1861" VPOS="2273" WIDTH="30"/>
						<String ID="P53_ST00219" HPOS="1891" VPOS="2227" WIDTH="182" HEIGHT="34" CONTENT="encore" WC="0.99" CC="023030"/>
						<SP ID="P53_SP00194" HPOS="2073" VPOS="2273" WIDTH="31"/>
						<String ID="P53_ST00220" HPOS="2104" VPOS="2228" WIDTH="100" HEIGHT="35" CONTENT="une" WC="0.98" CC="510"/>
						<SP ID="P53_SP00195" HPOS="2204" VPOS="2273" WIDTH="30"/>
						<String ID="P53_ST00221" HPOS="2234" VPOS="2214" WIDTH="163" HEIGHT="64" CONTENT="partie" WC="1.00" CC="000040"/>
						<SP ID="P53_SP00196" HPOS="2397" VPOS="2278" WIDTH="28"/>
						<String ID="P53_ST00222" HPOS="2425" VPOS="2216" WIDTH="82" HEIGHT="48" CONTENT="des" WC="1.00" CC="000"/>
						<SP ID="P53_SP00197" HPOS="2507" VPOS="2278" WIDTH="26"/>
						<String ID="P53_ST00223" HPOS="2533" VPOS="2231" WIDTH="71" HEIGHT="48" CONTENT="pre" SUBS_TYPE="HypPart1" SUBS_CONTENT="premiers" WC="0.97" CC="600"/>
						<HYP HPOS="2604" VPOS="2231" WIDTH="23" CONTENT="-"/>
					</TextLine>
					<TextLine ID="P53_TL00025" HPOS="566" VPOS="2264" WIDTH="2060" HEIGHT="84">
						<String ID="P53_ST00224" HPOS="566" VPOS="2264" WIDTH="151" HEIGHT="48" CONTENT="miers" SUBS_TYPE="HypPart2" SUBS_CONTENT="premiers" WC="1.00" CC="00020"/>
						<SP ID="P53_SP00198" HPOS="717" VPOS="2312" WIDTH="25"/>
						<String ID="P53_ST00225" HPOS="742" VPOS="2281" WIDTH="130" HEIGHT="44" CONTENT="vers," WC="0.99" CC="00310"/>
						<SP ID="P53_SP00199" HPOS="872" VPOS="2325" WIDTH="29"/>
						<String ID="P53_ST00226" HPOS="901" VPOS="2268" WIDTH="30" HEIGHT="47" CONTENT="à" WC="1.00" CC="0"/>
						<SP ID="P53_SP00200" HPOS="931" VPOS="2325" WIDTH="26"/>
						<String ID="P53_ST00227" HPOS="957" VPOS="2284" WIDTH="56" HEIGHT="33" CONTENT="ce" WC="1.00" CC="00"/>
						<SP ID="P53_SP00201" HPOS="1013" VPOS="2325" WIDTH="22"/>
						<String ID="P53_ST00228" HPOS="1035" VPOS="2270" WIDTH="227" HEIGHT="50" CONTENT="récitatif" WC="0.99" CC="000417002"/>
						<SP ID="P53_SP00202" HPOS="1262" VPOS="2325" WIDTH="24"/>
						<String ID="P53_ST00229" HPOS="1286" VPOS="2274" WIDTH="89" HEIGHT="62" CONTENT="qui" WC="0.98" CC="041"/>
						<SP ID="P53_SP00203" HPOS="1375" VPOS="2336" WIDTH="25"/>
						<String ID="P53_ST00230" HPOS="1400" VPOS="2279" WIDTH="76" HEIGHT="45" CONTENT="est" WC="1.00" CC="000"/>
						<SP ID="P53_SP00204" HPOS="1476" VPOS="2336" WIDTH="28"/>
						<String ID="P53_ST00231" HPOS="1504" VPOS="2281" WIDTH="118" HEIGHT="59" CONTENT="trop" WC="1.00" CC="0000"/>
						<SP ID="P53_SP00205" HPOS="1622" VPOS="2340" WIDTH="26"/>
						<String ID="P53_ST00232" HPOS="1648" VPOS="2293" WIDTH="97" HEIGHT="33" CONTENT="sec." WC="0.99" CC="0003"/>
						<SP ID="P53_SP00206" HPOS="1745" VPOS="2340" WIDTH="30"/>
						<String ID="P53_ST00233" HPOS="1775" VPOS="2278" WIDTH="292" HEIGHT="62" CONTENT="J'aimerais" WC="1.00" CC="0003000020"/>
						<SP ID="P53_SP00207" HPOS="2067" VPOS="2340" WIDTH="25"/>
						<String ID="P53_ST00234" HPOS="2092" VPOS="2282" WIDTH="193" HEIGHT="59" CONTENT="mieux," WC="1.00" CC="000103"/>
						<SP ID="P53_SP00208" HPOS="2285" VPOS="2341" WIDTH="17"/>
						<String ID="P53_ST00235" HPOS="2302" VPOS="2300" WIDTH="90" HEIGHT="48" CONTENT="par" WC="0.98" CC="005"/>
						<SP ID="P53_SP00209" HPOS="2392" VPOS="2348" WIDTH="15"/>
						<String ID="P53_ST00236" HPOS="2407" VPOS="2284" WIDTH="219" HEIGHT="64" CONTENT="exemple," WC="1.00" CC="00004003"/>
					</TextLine>
					<TextLine ID="P53_TL00026" HPOS="571" VPOS="2330" WIDTH="2055" HEIGHT="81">
						<String ID="P53_ST00237" HPOS="571" VPOS="2330" WIDTH="67" HEIGHT="64" CONTENT="(je" WC="0.96" CC="540"/>
						<SP ID="P53_SP00210" HPOS="638" VPOS="2394" WIDTH="25"/>
						<String ID="P53_ST00238" HPOS="663" VPOS="2347" WIDTH="64" HEIGHT="34" CONTENT="ne" WC="1.00" CC="00"/>
						<SP ID="P53_SP00211" HPOS="727" VPOS="2394" WIDTH="27"/>
						<String ID="P53_ST00239" HPOS="754" VPOS="2334" WIDTH="99" HEIGHT="48" CONTENT="sais" WC="1.00" CC="0020"/>
						<SP ID="P53_SP00212" HPOS="853" VPOS="2394" WIDTH="25"/>
						<String ID="P53_ST00240" HPOS="878" VPOS="2335" WIDTH="41" HEIGHT="48" CONTENT="si" WC="1.00" CC="00"/>
						<SP ID="P53_SP00213" HPOS="919" VPOS="2394" WIDTH="25"/>
						<String ID="P53_ST00241" HPOS="944" VPOS="2336" WIDTH="50" HEIGHT="49" CONTENT="la" WC="0.83" CC="30"/>
						<SP ID="P53_SP00214" HPOS="994" VPOS="2394" WIDTH="25"/>
						<String ID="P53_ST00242" HPOS="1019" VPOS="2338" WIDTH="163" HEIGHT="50" CONTENT="forme" WC="0.98" CC="00490"/>
						<SP ID="P53_SP00215" HPOS="1182" VPOS="2394" WIDTH="25"/>
						<String ID="P53_ST00243" HPOS="1207" VPOS="2355" WIDTH="131" HEIGHT="35" CONTENT="vous" WC="0.98" CC="0060"/>
						<SP ID="P53_SP00216" HPOS="1338" VPOS="2394" WIDTH="26"/>
						<String ID="P53_ST00244" HPOS="1364" VPOS="2344" WIDTH="378" HEIGHT="64" CONTENT="conviendrait)" WC="1.00" CC="0240006021430"/>
						<SP ID="P53_SP00217" HPOS="1742" VPOS="2408" WIDTH="26"/>
						<String ID="P53_ST00245" HPOS="1768" VPOS="2348" WIDTH="73" HEIGHT="48" CONTENT="les" WC="0.98" CC="500"/>
						<SP ID="P53_SP00218" HPOS="1841" VPOS="2408" WIDTH="25"/>
						<String ID="P53_ST00246" HPOS="1866" VPOS="2348" WIDTH="116" HEIGHT="49" CONTENT="huit" WC="0.97" CC="7630"/>
						<SP ID="P53_SP00219" HPOS="1982" VPOS="2408" WIDTH="25"/>
						<String ID="P53_ST00247" HPOS="2007" VPOS="2352" WIDTH="245" HEIGHT="59" CONTENT="premiers" WC="1.00" CC="00000040"/>
						<SP ID="P53_SP00220" HPOS="2252" VPOS="2411" WIDTH="24"/>
						<String ID="P53_ST00248" HPOS="2276" VPOS="2367" WIDTH="112" HEIGHT="34" CONTENT="vers" WC="1.00" CC="0020"/>
						<SP ID="P53_SP00221" HPOS="2388" VPOS="2411" WIDTH="23"/>
						<String ID="P53_ST00249" HPOS="2411" VPOS="2350" WIDTH="215" HEIGHT="61" CONTENT="lyriques," WC="1.00" CC="000000003"/>
					</TextLine>
					<TextLine ID="P53_TL00027" HPOS="554" VPOS="2399" WIDTH="208" HEIGHT="64">
						<String ID="P53_ST00250" HPOS="554" VPOS="2399" WIDTH="208" HEIGHT="64" CONTENT="jusqu'à" WC="0.99" CC="6400610"/>
					</TextLine>
					<TextLine ID="P53_TL00028" HPOS="1133" VPOS="2475" WIDTH="901" HEIGHT="74">
						<String ID="P53_ST00251" HPOS="1133" VPOS="2475" WIDTH="140" HEIGHT="51" CONTENT="D'un" WC="0.97" CC="6250"/>
						<SP ID="P53_SP00222" HPOS="1273" VPOS="2526" WIDTH="27"/>
						<String ID="P53_ST00252" HPOS="1300" VPOS="2479" WIDTH="208" HEIGHT="63" CONTENT="parjure" WC="0.99" CC="0064500"/>
						<SP ID="P53_SP00223" HPOS="1508" VPOS="2542" WIDTH="27"/>
						<String ID="P53_ST00253" HPOS="1535" VPOS="2496" WIDTH="66" HEIGHT="35" CONTENT="ne" WC="0.91" CC="01"/>
						<SP ID="P53_SP00224" HPOS="1601" VPOS="2542" WIDTH="26"/>
						<String ID="P53_ST00254" HPOS="1627" VPOS="2486" WIDTH="54" HEIGHT="46" CONTENT="te" WC="1.00" CC="00"/>
						<SP ID="P53_SP00225" HPOS="1681" VPOS="2542" WIDTH="26"/>
						<String ID="P53_ST00255" HPOS="1707" VPOS="2484" WIDTH="153" HEIGHT="51" CONTENT="tache" WC="0.99" CC="00060"/>
						<SP ID="P53_SP00226" HPOS="1860" VPOS="2542" WIDTH="28"/>
						<String ID="P53_ST00256" HPOS="1888" VPOS="2502" WIDTH="146" HEIGHT="47" CONTENT="pas..." WC="0.99" CC="000442"/>
					</TextLine>
					<TextLine ID="P53_TL00029" HPOS="654" VPOS="2536" WIDTH="1970" HEIGHT="84">
						<String ID="P53_ST00257" HPOS="654" VPOS="2536" WIDTH="136" HEIGHT="61" CONTENT="Puis," WC="0.98" CC="65203"/>
						<SP ID="P53_SP00227" HPOS="790" VPOS="2597" WIDTH="33"/>
						<String ID="P53_ST00258" HPOS="823" VPOS="2540" WIDTH="49" HEIGHT="49" CONTENT="le" WC="1.00" CC="00"/>
						<SP ID="P53_SP00228" HPOS="872" VPOS="2597" WIDTH="30"/>
						<String ID="P53_ST00259" HPOS="902" VPOS="2541" WIDTH="241" HEIGHT="61" CONTENT="récitatif," WC="1.00" CC="2000010023"/>
						<SP ID="P53_SP00229" HPOS="1143" VPOS="2602" WIDTH="30"/>
						<String ID="P53_ST00260" HPOS="1173" VPOS="2561" WIDTH="64" HEIGHT="33" CONTENT="en" WC="0.70" CC="50"/>
						<SP ID="P53_SP00230" HPOS="1237" VPOS="2602" WIDTH="28"/>
						<String ID="P53_ST00261" HPOS="1265" VPOS="2547" WIDTH="167" HEIGHT="62" CONTENT="partie" WC="0.99" CC="006020"/>
						<SP ID="P53_SP00231" HPOS="1432" VPOS="2609" WIDTH="25"/>
						<String ID="P53_ST00262" HPOS="1457" VPOS="2565" WIDTH="10" HEIGHT="32" CONTENT=":" WC="0.69" CC="3"/>
						<SP ID="P53_SP00232" HPOS="1467" VPOS="2609" WIDTH="36"/>
						<String ID="P53_ST00263" HPOS="1503" VPOS="2550" WIDTH="104" HEIGHT="62" CONTENT="«Je" WC="0.99" CC="300"/>
						<SP ID="P53_SP00233" HPOS="1607" VPOS="2612" WIDTH="34"/>
						<String ID="P53_ST00264" HPOS="1641" VPOS="2554" WIDTH="225" HEIGHT="50" CONTENT="t'aimais" WC="1.00" CC="00030000"/>
						<SP ID="P53_SP00234" HPOS="1866" VPOS="2612" WIDTH="34"/>
						<String ID="P53_ST00265" HPOS="1900" VPOS="2555" WIDTH="176" HEIGHT="61" CONTENT="brave," WC="0.99" CC="400014"/>
						<SP ID="P53_SP00235" HPOS="2076" VPOS="2616" WIDTH="36"/>
						<String ID="P53_ST00266" HPOS="2112" VPOS="2557" WIDTH="273" HEIGHT="63" CONTENT="quoique..." WC="0.99" CC="0743050044"/>
						<SP ID="P53_SP00236" HPOS="2385" VPOS="2620" WIDTH="23"/>
						<String ID="P53_ST00267" HPOS="2408" VPOS="2556" WIDTH="182" HEIGHT="50" CONTENT="ennemi" WC="1.00" CC="000050"/>
						<SP ID="P53_SP00237" HPOS="2590" VPOS="2620" WIDTH="24"/>
						<String ID="P53_ST00268" HPOS="2614" VPOS="2570" WIDTH="10" HEIGHT="34" CONTENT=":" WC="0.38" CC="6"/>
					</TextLine>
					<TextLine ID="P53_TL00030" HPOS="557" VPOS="2603" WIDTH="2069" HEIGHT="79">
						<String ID="P53_ST00269" HPOS="557" VPOS="2603" WIDTH="50" HEIGHT="64" CONTENT="je" WC="0.78" CC="40"/>
						<SP ID="P53_SP00238" HPOS="607" VPOS="2667" WIDTH="26"/>
						<String ID="P53_ST00270" HPOS="633" VPOS="2620" WIDTH="63" HEIGHT="33" CONTENT="ne" WC="1.00" CC="00"/>
						<SP ID="P53_SP00239" HPOS="696" VPOS="2667" WIDTH="28"/>
						<String ID="P53_ST00271" HPOS="724" VPOS="2612" WIDTH="22" HEIGHT="43" CONTENT="t" WC="1.00" CC="0"/>
						<SP ID="P53_SP00240" HPOS="746" VPOS="2667" WIDTH="24"/>
						<String ID="P53_ST00272" HPOS="770" VPOS="2607" WIDTH="234" HEIGHT="51" CONTENT="aimerais" WC="1.00" CC="05000040"/>
						<SP ID="P53_SP00241" HPOS="1004" VPOS="2667" WIDTH="26"/>
						<String ID="P53_ST00273" HPOS="1030" VPOS="2626" WIDTH="93" HEIGHT="47" CONTENT="pas" WC="1.00" CC="000"/>
						<SP ID="P53_SP00242" HPOS="1123" VPOS="2673" WIDTH="27"/>
						<String ID="P53_ST00274" HPOS="1150" VPOS="2613" WIDTH="206" HEIGHT="64" CONTENT="parjure" WC="0.98" CC="0504640"/>
						<SP ID="P53_SP00243" HPOS="1356" VPOS="2677" WIDTH="21"/>
						<String ID="P53_ST00275" HPOS="1377" VPOS="2632" WIDTH="36" HEIGHT="42" CONTENT="»," WC="0.50" CC="63"/>
						<SP ID="P53_SP00244" HPOS="1413" VPOS="2677" WIDTH="26"/>
						<String ID="P53_ST00276" HPOS="1439" VPOS="2617" WIDTH="209" HEIGHT="65" CONTENT="jusqu'à" WC="0.99" CC="4600540"/>
						<SP ID="P53_SP00245" HPOS="1648" VPOS="2682" WIDTH="28"/>
						<String ID="P53_ST00277" HPOS="1676" VPOS="2625" WIDTH="116" HEIGHT="44" CONTENT="tout" WC="0.97" CC="4260"/>
						<SP ID="P53_SP00246" HPOS="1792" VPOS="2682" WIDTH="26"/>
						<String ID="P53_ST00278" HPOS="1818" VPOS="2622" WIDTH="48" HEIGHT="50" CONTENT="le" WC="0.95" CC="00"/>
						<SP ID="P53_SP00247" HPOS="1866" VPOS="2682" WIDTH="27"/>
						<String ID="P53_ST00279" HPOS="1893" VPOS="2623" WIDTH="108" HEIGHT="50" CONTENT="solo" WC="0.98" CC="0640"/>
						<SP ID="P53_SP00248" HPOS="2001" VPOS="2682" WIDTH="26"/>
						<String ID="P53_ST00280" HPOS="2027" VPOS="2625" WIDTH="65" HEIGHT="49" CONTENT="de" WC="1.00" CC="00"/>
						<SP ID="P53_SP00249" HPOS="2092" VPOS="2682" WIDTH="31"/>
						<String ID="P53_ST00281" HPOS="2123" VPOS="2626" WIDTH="271" HEIGHT="48" CONTENT="Radamès." WC="0.92" CC="03000003"/>
						<SP ID="P53_SP00250" HPOS="2394" VPOS="2682" WIDTH="41"/>
						<String ID="P53_ST00282" HPOS="2435" VPOS="2623" WIDTH="191" HEIGHT="51" CONTENT="Ensuite" WC="0.99" CC="3304100"/>
					</TextLine>
					<TextLine ID="P53_TL00031" HPOS="550" VPOS="2672" WIDTH="212" HEIGHT="50">
						<String ID="P53_ST00283" HPOS="550" VPOS="2672" WIDTH="73" HEIGHT="49" CONTENT="les" WC="1.00" CC="000"/>
						<SP ID="P53_SP00251" HPOS="623" VPOS="2721" WIDTH="24"/>
						<String ID="P53_ST00284" HPOS="647" VPOS="2688" WIDTH="115" HEIGHT="34" CONTENT="vers" WC="0.99" CC="0060"/>
					</TextLine>
					<TextLine ID="P53_TL00032" HPOS="1129" VPOS="2748" WIDTH="947" HEIGHT="72">
						<String ID="P53_ST00285" HPOS="1129" VPOS="2748" WIDTH="307" HEIGHT="57" CONTENT="D'Amnéris" WC="0.82" CC="640050000"/>
						<SP ID="P53_SP00252" HPOS="1436" VPOS="2805" WIDTH="26"/>
						<String ID="P53_ST00286" HPOS="1462" VPOS="2754" WIDTH="50" HEIGHT="49" CONTENT="la" WC="0.81" CC="30"/>
						<SP ID="P53_SP00253" HPOS="1512" VPOS="2805" WIDTH="26"/>
						<String ID="P53_ST00287" HPOS="1538" VPOS="2756" WIDTH="154" HEIGHT="49" CONTENT="haine" WC="0.99" CC="33000"/>
						<SP ID="P53_SP00254" HPOS="1692" VPOS="2805" WIDTH="25"/>
						<String ID="P53_ST00288" HPOS="1717" VPOS="2759" WIDTH="155" HEIGHT="49" CONTENT="serait" WC="1.00" CC="000000"/>
						<SP ID="P53_SP00255" HPOS="1872" VPOS="2808" WIDTH="28"/>
						<String ID="P53_ST00289" HPOS="1900" VPOS="2761" WIDTH="176" HEIGHT="59" CONTENT="fatale," WC="0.99" CC="0430200"/>
					</TextLine>
					<TextLine ID="P53_TL00033" HPOS="1126" VPOS="2816" WIDTH="884" HEIGHT="72">
						<String ID="P53_ST00290" HPOS="1126" VPOS="2816" WIDTH="142" HEIGHT="51" CONTENT="Avec" WC="1.00" CC="0000"/>
						<SP ID="P53_SP00256" HPOS="1268" VPOS="2867" WIDTH="25"/>
						<String ID="P53_ST00291" HPOS="1293" VPOS="2820" WIDTH="47" HEIGHT="50" CONTENT="le" WC="0.85" CC="20"/>
						<SP ID="P53_SP00257" HPOS="1340" VPOS="2870" WIDTH="26"/>
						<String ID="P53_ST00292" HPOS="1366" VPOS="2824" WIDTH="120" HEIGHT="61" CONTENT="père" WC="1.00" CC="0000"/>
						<SP ID="P53_SP00258" HPOS="1486" VPOS="2885" WIDTH="23"/>
						<String ID="P53_ST00293" HPOS="1509" VPOS="2824" WIDTH="52" HEIGHT="64" CONTENT="je" WC="0.57" CC="43"/>
						<SP ID="P53_SP00259" HPOS="1561" VPOS="2888" WIDTH="24"/>
						<String ID="P53_ST00294" HPOS="1585" VPOS="2827" WIDTH="206" HEIGHT="49" CONTENT="devrais" WC="1.00" CC="0001010"/>
						<SP ID="P53_SP00260" HPOS="1791" VPOS="2888" WIDTH="24"/>
						<String ID="P53_ST00295" HPOS="1815" VPOS="2830" WIDTH="195" HEIGHT="49" CONTENT="mourir" WC="1.00" CC="006000"/>
					</TextLine>
					<TextLine ID="P53_TL00034" HPOS="557" VPOS="2881" WIDTH="2066" HEIGHT="79">
						<String ID="P53_ST00296" HPOS="557" VPOS="2890" WIDTH="59" HEIGHT="33" CONTENT="ne" WC="0.23" CC="68" STYLEREFS="TXT_5"/>
						<SP ID="P53_SP00261" HPOS="616" VPOS="2923" WIDTH="27"/>
						<String ID="P53_ST00297" HPOS="643" VPOS="2881" WIDTH="108" HEIGHT="45" CONTENT="sont" WC="0.95" CC="0697" STYLEREFS="TXT_5"/>
						<SP ID="P53_SP00262" HPOS="751" VPOS="2926" WIDTH="23"/>
						<String ID="P53_ST00298" HPOS="774" VPOS="2881" WIDTH="94" HEIGHT="60" CONTENT="pas" WC="0.97" CC="700" STYLEREFS="TXT_5"/>
						<SP ID="P53_SP00263" HPOS="868" VPOS="2941" WIDTH="28"/>
						<String ID="P53_ST00299" HPOS="896" VPOS="2883" WIDTH="266" HEIGHT="63" CONTENT="scéniques," WC="0.77" CC="0059004002" STYLEREFS="TXT_5"/>
						<SP ID="P53_SP00264" HPOS="1162" VPOS="2946" WIDTH="28"/>
						<String ID="P53_ST00300" HPOS="1190" VPOS="2888" WIDTH="295" HEIGHT="52" CONTENT="c'est-à-dire" WC="0.99" CC="205566240086" STYLEREFS="TXT_5"/>
						<SP ID="P53_SP00265" HPOS="1485" VPOS="2946" WIDTH="25"/>
						<String ID="P53_ST00301" HPOS="1510" VPOS="2907" WIDTH="61" HEIGHT="34" CONTENT="fie" WC="0.94" CC="960" STYLEREFS="TXT_5"/>
						<SP ID="P53_SP00266" HPOS="1571" VPOS="2946" WIDTH="27"/>
						<String ID="P53_ST00302" HPOS="1598" VPOS="2894" WIDTH="219" HEIGHT="49" CONTENT="donnent" WC="0.99" CC="0066070" STYLEREFS="TXT_5"/>
						<SP ID="P53_SP00267" HPOS="1817" VPOS="2946" WIDTH="22"/>
						<String ID="P53_ST00303" HPOS="1839" VPOS="2900" WIDTH="97" HEIGHT="60" CONTENT="pas" WC="0.94" CC="960" STYLEREFS="TXT_5"/>
						<SP ID="P53_SP00268" HPOS="1936" VPOS="2960" WIDTH="29"/>
						<String ID="P53_ST00304" HPOS="1965" VPOS="2898" WIDTH="103" HEIGHT="49" CONTENT="lieu" WC="0.98" CC="0008" STYLEREFS="TXT_5"/>
						<SP ID="P53_SP00269" HPOS="2068" VPOS="2960" WIDTH="28"/>
						<String ID="P53_ST00305" HPOS="2096" VPOS="2899" WIDTH="29" HEIGHT="48" CONTENT="à" WC="1.00" CC="0" STYLEREFS="TXT_5"/>
						<SP ID="P53_SP00270" HPOS="2125" VPOS="2960" WIDTH="32"/>
						<String ID="P53_ST00306" HPOS="2157" VPOS="2899" WIDTH="198" HEIGHT="50" CONTENT="Vaction" WC="0.63" CC="6017009" STYLEREFS="TXT_5"/>
						<SP ID="P53_SP00271" HPOS="2355" VPOS="2960" WIDTH="24"/>
						<String ID="P53_ST00307" HPOS="2379" VPOS="2899" WIDTH="53" HEIGHT="48" CONTENT="de" WC="1.00" CC="00" STYLEREFS="TXT_5"/>
						<SP ID="P53_SP00272" HPOS="2432" VPOS="2960" WIDTH="28"/>
						<String ID="P53_ST00308" HPOS="2460" VPOS="2898" WIDTH="47" HEIGHT="48" CONTENT="la" WC="0.62" CC="07" STYLEREFS="TXT_5"/>
						<SP ID="P53_SP00273" HPOS="2507" VPOS="2960" WIDTH="21"/>
						<String ID="P53_ST00309" HPOS="2528" VPOS="2898" WIDTH="95" HEIGHT="62" CONTENT="fiurt" WC="0.20" CC="77888" STYLEREFS="TXT_5"/>
					</TextLine>
					<TextLine ID="P53_TL00035" HPOS="557" VPOS="2943" WIDTH="2063" HEIGHT="87">
						<String ID="P53_ST00310" HPOS="557" VPOS="2943" WIDTH="56" HEIGHT="49" CONTENT="de" WC="1.00" CC="00" STYLEREFS="TXT_5"/>
						<SP ID="P53_SP00274" HPOS="613" VPOS="2992" WIDTH="34"/>
						<String ID="P53_ST00311" HPOS="647" VPOS="2945" WIDTH="18" HEIGHT="47" CONTENT="l" WC="1.00" CC="0" STYLEREFS="TXT_5"/>
						<SP ID="P53_SP00275" HPOS="665" VPOS="2992" WIDTH="19"/>
						<String ID="P53_ST00312" HPOS="684" VPOS="2951" WIDTH="161" HEIGHT="45" CONTENT="acteur" WC="0.98" CC="003790" STYLEREFS="TXT_5"/>
						<SP ID="P53_SP00276" HPOS="845" VPOS="2996" WIDTH="22"/>
						<String ID="P53_ST00313" HPOS="867" VPOS="2965" WIDTH="11" HEIGHT="42" CONTENT=";" WC="0.29" CC="7" STYLEREFS="TXT_5"/>
						<SP ID="P53_SP00277" HPOS="878" VPOS="3007" WIDTH="36"/>
						<String ID="P53_ST00314" HPOS="914" VPOS="2951" WIDTH="19" HEIGHT="46" CONTENT="l" WC="1.00" CC="0" STYLEREFS="TXT_5"/>
						<SP ID="P53_SP00278" HPOS="933" VPOS="3007" WIDTH="17"/>
						<String ID="P53_ST00315" HPOS="950" VPOS="2954" WIDTH="237" HEIGHT="48" CONTENT="attention" WC="0.98" CC="964086008" STYLEREFS="TXT_5"/>
						<SP ID="P53_SP00279" HPOS="1187" VPOS="3007" WIDTH="31"/>
						<String ID="P53_ST00316" HPOS="1218" VPOS="2956" WIDTH="68" HEIGHT="47" CONTENT="du" WC="0.87" CC="20" STYLEREFS="TXT_5"/>
						<SP ID="P53_SP00280" HPOS="1286" VPOS="3007" WIDTH="31"/>
						<String ID="P53_ST00317" HPOS="1317" VPOS="2957" WIDTH="174" HEIGHT="64" CONTENT="public" WC="0.97" CC="993005" STYLEREFS="TXT_5"/>
						<SP ID="P53_SP00281" HPOS="1491" VPOS="3021" WIDTH="30"/>
						<String ID="P53_ST00318" HPOS="1521" VPOS="2965" WIDTH="125" HEIGHT="46" CONTENT="n'est" WC="0.98" CC="90007" STYLEREFS="TXT_5"/>
						<SP ID="P53_SP00282" HPOS="1646" VPOS="3021" WIDTH="28"/>
						<String ID="P53_ST00319" HPOS="1674" VPOS="2968" WIDTH="96" HEIGHT="58" CONTENT="pas" WC="0.93" CC="990" STYLEREFS="TXT_5"/>
						<SP ID="P53_SP00283" HPOS="1770" VPOS="3026" WIDTH="33"/>
						<String ID="P53_ST00320" HPOS="1803" VPOS="2968" WIDTH="181" HEIGHT="58" CONTENT="attirée," WC="0.99" CC="06400501" STYLEREFS="TXT_5"/>
						<SP ID="P53_SP00284" HPOS="1984" VPOS="3026" WIDTH="34"/>
						<String ID="P53_ST00321" HPOS="2018" VPOS="2974" WIDTH="45" HEIGHT="43" CONTENT="et" WC="0.30" CC="76" STYLEREFS="TXT_5"/>
						<SP ID="P53_SP00285" HPOS="2063" VPOS="3026" WIDTH="35"/>
						<String ID="P53_ST00322" HPOS="2098" VPOS="2969" WIDTH="51" HEIGHT="48" CONTENT="la" WC="0.50" CC="09" STYLEREFS="TXT_5"/>
						<SP ID="P53_SP00286" HPOS="2149" VPOS="3026" WIDTH="33"/>
						<String ID="P53_ST00323" HPOS="2182" VPOS="2969" WIDTH="234" HEIGHT="49" CONTENT="situation" WC="0.98" CC="707906019" STYLEREFS="TXT_5"/>
						<SP ID="P53_SP00287" HPOS="2416" VPOS="3026" WIDTH="30"/>
						<String ID="P53_ST00324" HPOS="2446" VPOS="2968" WIDTH="174" HEIGHT="62" CONTENT="s'égare." WC="0.97" CC="02788887" STYLEREFS="TXT_5"/>
					</TextLine>
					<TextLine ID="P53_TL00036" HPOS="563" VPOS="3013" WIDTH="1415" HEIGHT="74">
						<String ID="P53_ST00325" HPOS="563" VPOS="3015" WIDTH="81" HEIGHT="48" CONTENT="Un" WC="0.59" CC="08" STYLEREFS="TXT_5"/>
						<SP ID="P53_SP00288" HPOS="644" VPOS="3063" WIDTH="24"/>
						<String ID="P53_ST00326" HPOS="668" VPOS="3013" WIDTH="390" HEIGHT="68" CONTENT="développement" WC="0.99" CC="0743000003506" STYLEREFS="TXT_5"/>
						<SP ID="P53_SP00289" HPOS="1058" VPOS="3081" WIDTH="22"/>
						<String ID="P53_ST00327" HPOS="1080" VPOS="3022" WIDTH="118" HEIGHT="62" CONTENT="plus" WC="0.98" CC="9000" STYLEREFS="TXT_5"/>
						<SP ID="P53_SP00290" HPOS="1198" VPOS="3084" WIDTH="28"/>
						<String ID="P53_ST00328" HPOS="1226" VPOS="3027" WIDTH="171" HEIGHT="60" CONTENT="grand," WC="0.98" CC="480003" STYLEREFS="TXT_5"/>
						<SP ID="P53_SP00291" HPOS="1397" VPOS="3087" WIDTH="27"/>
						<String ID="P53_ST00329" HPOS="1424" VPOS="3030" WIDTH="149" HEIGHT="48" CONTENT="serait" WC="0.99" CC="000701" STYLEREFS="TXT_5"/>
						<SP ID="P53_SP00292" HPOS="1573" VPOS="3087" WIDTH="21"/>
						<String ID="P53_ST00330" HPOS="1594" VPOS="3032" WIDTH="272" HEIGHT="50" CONTENT="nécessaire" WC="1.00" CC="0200020004" STYLEREFS="TXT_5"/>
						<SP ID="P53_SP00293" HPOS="1866" VPOS="3087" WIDTH="27"/>
						<String ID="P53_ST00331" HPOS="1893" VPOS="3040" WIDTH="85" HEIGHT="46" CONTENT="etc." WC="0.96" CC="8125" STYLEREFS="TXT_5"/>
					</TextLine>
					<TextLine ID="P53_TL00037" HPOS="657" VPOS="3161" WIDTH="641" HEIGHT="81">
						<String ID="P53_ST00332" HPOS="657" VPOS="3161" WIDTH="141" HEIGHT="56" CONTENT="Plus" WC="0.96" CC="7360" STYLEREFS="TXT_3"/>
						<SP ID="P53_SP00294" HPOS="798" VPOS="3217" WIDTH="28"/>
						<String ID="P53_ST00333" HPOS="826" VPOS="3164" WIDTH="121" HEIGHT="58" CONTENT="loin" WC="1.00" CC="0000" STYLEREFS="TXT_3"/>
						<SP ID="P53_SP00295" HPOS="947" VPOS="3222" WIDTH="29"/>
						<String ID="P53_ST00334" HPOS="976" VPOS="3166" WIDTH="43" HEIGHT="57" CONTENT="il" WC="0.77" CC="04" STYLEREFS="TXT_3"/>
						<SP ID="P53_SP00296" HPOS="1019" VPOS="3223" WIDTH="28"/>
						<String ID="P53_ST00335" HPOS="1047" VPOS="3170" WIDTH="206" HEIGHT="72" CONTENT="ajoute" WC="0.99" CC="042600" STYLEREFS="TXT_3"/>
						<SP ID="P53_SP00297" HPOS="1253" VPOS="3242" WIDTH="31"/>
						<String ID="P53_ST00336" HPOS="1284" VPOS="3195" WIDTH="14" HEIGHT="35" CONTENT=":" WC="0.36" CC="6" STYLEREFS="TXT_3"/>
					</TextLine>
					<TextLine ID="P53_TL00038" HPOS="640" VPOS="3308" WIDTH="1977" HEIGHT="83">
						<String ID="P53_ST00337" HPOS="640" VPOS="3308" WIDTH="139" HEIGHT="51" CONTENT="Vous" WC="0.97" CC="0660"/>
						<SP ID="P53_SP00298" HPOS="779" VPOS="3359" WIDTH="22"/>
						<String ID="P53_ST00338" HPOS="801" VPOS="3313" WIDTH="135" HEIGHT="50" CONTENT="direz" WC="0.99" CC="00600"/>
						<SP ID="P53_SP00299" HPOS="936" VPOS="3363" WIDTH="25"/>
						<String ID="P53_ST00339" HPOS="961" VPOS="3332" WIDTH="10" HEIGHT="32" CONTENT=":" WC="0.76" CC="2"/>
						<SP ID="P53_SP00300" HPOS="971" VPOS="3364" WIDTH="21"/>
						<String ID="P53_ST00340" HPOS="992" VPOS="3333" WIDTH="21" HEIGHT="30" CONTENT="«" WC="0.39" CC="6"/>
						<SP ID="P53_SP00301" HPOS="1013" VPOS="3364" WIDTH="19"/>
						<String ID="P53_ST00341" HPOS="1032" VPOS="3321" WIDTH="129" HEIGHT="48" CONTENT="mais" WC="0.99" CC="0030"/>
						<SP ID="P53_SP00302" HPOS="1161" VPOS="3369" WIDTH="22"/>
						<String ID="P53_ST00342" HPOS="1183" VPOS="3337" WIDTH="56" HEIGHT="34" CONTENT="ce" WC="1.00" CC="00"/>
						<SP ID="P53_SP00303" HPOS="1239" VPOS="3371" WIDTH="20"/>
						<String ID="P53_ST00343" HPOS="1259" VPOS="3331" WIDTH="118" HEIGHT="43" CONTENT="sont" WC="0.99" CC="0500"/>
						<SP ID="P53_SP00304" HPOS="1377" VPOS="3374" WIDTH="22"/>
						<String ID="P53_ST00344" HPOS="1399" VPOS="3327" WIDTH="91" HEIGHT="48" CONTENT="des" WC="1.00" CC="000"/>
						<SP ID="P53_SP00305" HPOS="1490" VPOS="3375" WIDTH="15"/>
						<String ID="P53_ST00345" HPOS="1505" VPOS="3330" WIDTH="224" HEIGHT="61" CONTENT="sottises," WC="1.00" CC="051010000"/>
						<SP ID="P53_SP00306" HPOS="1729" VPOS="3391" WIDTH="24"/>
						<String ID="P53_ST00346" HPOS="1753" VPOS="3347" WIDTH="108" HEIGHT="36" CONTENT="mes" WC="1.00" CC="000"/>
						<SP ID="P53_SP00307" HPOS="1861" VPOS="3391" WIDTH="18"/>
						<String ID="P53_ST00347" HPOS="1879" VPOS="3350" WIDTH="117" HEIGHT="35" CONTENT="vers" WC="1.00" CC="0000"/>
						<SP ID="P53_SP00308" HPOS="1996" VPOS="3391" WIDTH="15"/>
						<String ID="P53_ST00348" HPOS="2011" VPOS="3337" WIDTH="173" HEIGHT="50" CONTENT="disent" WC="1.00" CC="010000"/>
						<SP ID="P53_SP00309" HPOS="2184" VPOS="3391" WIDTH="20"/>
						<String ID="P53_ST00349" HPOS="2204" VPOS="3337" WIDTH="51" HEIGHT="50" CONTENT="la" WC="0.57" CC="25"/>
						<SP ID="P53_SP00310" HPOS="2255" VPOS="3391" WIDTH="19"/>
						<String ID="P53_ST00350" HPOS="2274" VPOS="3337" WIDTH="162" HEIGHT="50" CONTENT="même" WC="0.97" CC="0380"/>
						<SP ID="P53_SP00311" HPOS="2436" VPOS="3391" WIDTH="10"/>
						<String ID="P53_ST00351" HPOS="2446" VPOS="3335" WIDTH="171" HEIGHT="48" CONTENT="chose»." WC="0.98" CC="0531264"/>
					</TextLine>
					<TextLine ID="P53_TL00039" HPOS="545" VPOS="3382" WIDTH="2070" HEIGHT="77">
						<String ID="P53_ST00352" HPOS="545" VPOS="3382" WIDTH="38" HEIGHT="40" CONTENT="L-" WC="0.40" CC="74"/>
						<SP ID="P53_SP00312" HPOS="583" VPOS="3422" WIDTH="19"/>
						<String ID="P53_ST00353" HPOS="602" VPOS="3382" WIDTH="75" HEIGHT="42" CONTENT="est" WC="1.00" CC="000"/>
						<SP ID="P53_SP00313" HPOS="677" VPOS="3424" WIDTH="37"/>
						<String ID="P53_ST00354" HPOS="714" VPOS="3383" WIDTH="103" HEIGHT="44" CONTENT="très" WC="1.00" CC="0010"/>
						<SP ID="P53_SP00314" HPOS="817" VPOS="3427" WIDTH="36"/>
						<String ID="P53_ST00355" HPOS="853" VPOS="3384" WIDTH="127" HEIGHT="48" CONTENT="vrai." WC="0.99" CC="05002"/>
						<SP ID="P53_SP00315" HPOS="980" VPOS="3432" WIDTH="38"/>
						<String ID="P53_ST00356" HPOS="1018" VPOS="3385" WIDTH="231" HEIGHT="63" CONTENT="Sottises," WC="0.99" CC="021130304"/>
						<SP ID="P53_SP00316" HPOS="1249" VPOS="3448" WIDTH="39"/>
						<String ID="P53_ST00357" HPOS="1288" VPOS="3398" WIDTH="187" HEIGHT="45" CONTENT="autant" WC="0.99" CC="060000"/>
						<SP ID="P53_SP00317" HPOS="1475" VPOS="3448" WIDTH="38"/>
						<String ID="P53_ST00358" HPOS="1513" VPOS="3412" WIDTH="102" HEIGHT="47" CONTENT="que" WC="0.96" CC="062"/>
						<SP ID="P53_SP00318" HPOS="1615" VPOS="3459" WIDTH="36"/>
						<String ID="P53_ST00359" HPOS="1651" VPOS="3415" WIDTH="131" HEIGHT="33" CONTENT="vous" WC="0.98" CC="0250"/>
						<SP ID="P53_SP00319" HPOS="1782" VPOS="3459" WIDTH="36"/>
						<String ID="P53_ST00360" HPOS="1818" VPOS="3403" WIDTH="247" HEIGHT="51" CONTENT="voudrez." WC="0.99" CC="04600060"/>
						<SP ID="P53_SP00320" HPOS="2065" VPOS="3459" WIDTH="42"/>
						<String ID="P53_ST00361" HPOS="2107" VPOS="3406" WIDTH="127" HEIGHT="48" CONTENT="Mais" WC="1.00" CC="0000"/>
						<SP ID="P53_SP00321" HPOS="2234" VPOS="3459" WIDTH="36"/>
						<String ID="P53_ST00362" HPOS="2270" VPOS="3406" WIDTH="34" HEIGHT="48" CONTENT="il" WC="0.73" CC="05"/>
						<SP ID="P53_SP00322" HPOS="2304" VPOS="3459" WIDTH="36"/>
						<String ID="P53_ST00363" HPOS="2340" VPOS="3410" WIDTH="73" HEIGHT="44" CONTENT="est" WC="0.99" CC="010"/>
						<SP ID="P53_SP00323" HPOS="2413" VPOS="3459" WIDTH="35"/>
						<String ID="P53_ST00364" HPOS="2448" VPOS="3396" WIDTH="167" HEIGHT="55" CONTENT="certain" WC="0.99" CC="0021005"/>
					</TextLine>
				</TextBlock>
				<TextBlock ID="P53_TB00004" HPOS="540" VPOS="3522" WIDTH="2080" HEIGHT="170" STYLEREFS="TXT_6 PAR_LEFT">
					<TextLine ID="P53_TL00040" HPOS="597" VPOS="3524" WIDTH="2022" HEIGHT="74">
						<String ID="P53_ST00365" HPOS="597" VPOS="3524" WIDTH="59" HEIGHT="46" CONTENT="(1)" WC="0.77" CC="024"/>
						<SP ID="P53_SP00324" HPOS="656" VPOS="3570" WIDTH="37"/>
						<String ID="P53_ST00366" HPOS="693" VPOS="3525" WIDTH="118" HEIGHT="37" CONTENT="Dans" WC="0.96" CC="7345"/>
						<SP ID="P53_SP00325" HPOS="811" VPOS="3570" WIDTH="34"/>
						<String ID="P53_ST00367" HPOS="845" VPOS="3534" WIDTH="112" HEIGHT="33" CONTENT="cette" WC="0.99" CC="00016"/>
						<SP ID="P53_SP00326" HPOS="957" VPOS="3570" WIDTH="37"/>
						<String ID="P53_ST00368" HPOS="994" VPOS="3533" WIDTH="123" HEIGHT="38" CONTENT="lettre" WC="0.99" CC="200040"/>
						<SP ID="P53_SP00327" HPOS="1117" VPOS="3571" WIDTH="35"/>
						<String ID="P53_ST00369" HPOS="1152" VPOS="3542" WIDTH="43" HEIGHT="31" CONTENT="et" WC="0.99" CC="00"/>
						<SP ID="P53_SP00328" HPOS="1195" VPOS="3573" WIDTH="36"/>
						<String ID="P53_ST00370" HPOS="1231" VPOS="3540" WIDTH="107" HEIGHT="36" CONTENT="dans" WC="0.99" CC="0240"/>
						<SP ID="P53_SP00329" HPOS="1338" VPOS="3576" WIDTH="35"/>
						<String ID="P53_ST00371" HPOS="1373" VPOS="3542" WIDTH="60" HEIGHT="36" CONTENT="les" WC="0.97" CC="402"/>
						<SP ID="P53_SP00330" HPOS="1433" VPOS="3578" WIDTH="36"/>
						<String ID="P53_ST00372" HPOS="1469" VPOS="3544" WIDTH="232" HEIGHT="46" CONTENT="suivantes," WC="0.99" CC="0400070274"/>
						<SP ID="P53_SP00331" HPOS="1701" VPOS="3590" WIDTH="38"/>
						<String ID="P53_ST00373" HPOS="1739" VPOS="3549" WIDTH="39" HEIGHT="49" CONTENT="je" WC="0.45" CC="64"/>
						<SP ID="P53_SP00332" HPOS="1778" VPOS="3598" WIDTH="39"/>
						<String ID="P53_ST00374" HPOS="1817" VPOS="3554" WIDTH="110" HEIGHT="33" CONTENT="mets" WC="1.00" CC="2000"/>
						<SP ID="P53_SP00333" HPOS="1927" VPOS="3598" WIDTH="36"/>
						<String ID="P53_ST00375" HPOS="1963" VPOS="3565" WIDTH="52" HEIGHT="25" CONTENT="en" WC="0.55" CC="08"/>
						<SP ID="P53_SP00334" HPOS="2015" VPOS="3598" WIDTH="36"/>
						<String ID="P53_ST00376" HPOS="2051" VPOS="3553" WIDTH="180" HEIGHT="45" CONTENT="italique" WC="0.99" CC="50001460"/>
						<SP ID="P53_SP00335" HPOS="2231" VPOS="3598" WIDTH="35"/>
						<String ID="P53_ST00377" HPOS="2266" VPOS="3556" WIDTH="61" HEIGHT="36" CONTENT="leâ" WC="0.40" CC="637"/>
						<SP ID="P53_SP00336" HPOS="2327" VPOS="3598" WIDTH="34"/>
						<String ID="P53_ST00378" HPOS="2361" VPOS="3553" WIDTH="163" HEIGHT="45" CONTENT="phrases" WC="0.99" CC="4642400"/>
						<SP ID="P53_SP00337" HPOS="2524" VPOS="3598" WIDTH="35"/>
						<String ID="P53_ST00379" HPOS="2559" VPOS="3552" WIDTH="60" HEIGHT="29" CONTENT="snr" WC="0.47" CC="375"/>
					</TextLine>
					<TextLine ID="P53_TL00041" HPOS="540" VPOS="3575" WIDTH="1128" HEIGHT="63">
						<String ID="P53_ST00380" HPOS="540" VPOS="3575" WIDTH="219" HEIGHT="49" CONTENT="lesquelles" WC="1.00" CC="0600400005"/>
						<SP ID="P53_SP00338" HPOS="759" VPOS="3624" WIDTH="22"/>
						<String ID="P53_ST00381" HPOS="781" VPOS="3592" WIDTH="39" HEIGHT="37" CONTENT="je" WC="0.58" CC="80"/>
						<SP ID="P53_SP00339" HPOS="820" VPOS="3629" WIDTH="21"/>
						<String ID="P53_ST00382" HPOS="841" VPOS="3595" WIDTH="113" HEIGHT="25" CONTENT="veux" WC="0.97" CC="5055"/>
						<SP ID="P53_SP00340" HPOS="954" VPOS="3629" WIDTH="19"/>
						<String ID="P53_ST00383" HPOS="973" VPOS="3589" WIDTH="151" HEIGHT="36" CONTENT="attirer" WC="1.00" CC="0000033"/>
						<SP ID="P53_SP00341" HPOS="1124" VPOS="3629" WIDTH="22"/>
						<String ID="P53_ST00384" HPOS="1146" VPOS="3591" WIDTH="245" HEIGHT="41" CONTENT="l'attention" WC="1.00" CC="23000300007"/>
						<SP ID="P53_SP00342" HPOS="1391" VPOS="3632" WIDTH="22"/>
						<String ID="P53_ST00385" HPOS="1413" VPOS="3598" WIDTH="57" HEIGHT="35" CONTENT="du" WC="0.80" CC="03"/>
						<SP ID="P53_SP00343" HPOS="1470" VPOS="3633" WIDTH="25"/>
						<String ID="P53_ST00386" HPOS="1495" VPOS="3599" WIDTH="173" HEIGHT="39" CONTENT="lecteur." WC="0.99" CC="62300642"/>
					</TextLine>
					<TextLine ID="P53_TL00042" HPOS="596" VPOS="3633" WIDTH="951" HEIGHT="59">
						<String ID="P53_ST00387" HPOS="596" VPOS="3633" WIDTH="58" HEIGHT="46" CONTENT="(2)" WC="0.69" CC="080"/>
						<SP ID="P53_SP00344" HPOS="654" VPOS="3679" WIDTH="23"/>
						<String ID="P53_ST00388" HPOS="677" VPOS="3633" WIDTH="55" HEIGHT="37" CONTENT="Ce" WC="1.00" CC="00"/>
						<SP ID="P53_SP00345" HPOS="732" VPOS="3679" WIDTH="23"/>
						<String ID="P53_ST00389" HPOS="755" VPOS="3641" WIDTH="89" HEIGHT="31" CONTENT="mot" WC="0.97" CC="204"/>
						<SP ID="P53_SP00346" HPOS="844" VPOS="3679" WIDTH="23"/>
						<String ID="P53_ST00390" HPOS="867" VPOS="3642" WIDTH="63" HEIGHT="33" CONTENT="est" WC="1.00" CC="000"/>
						<SP ID="P53_SP00347" HPOS="930" VPOS="3679" WIDTH="23"/>
						<String ID="P53_ST00391" HPOS="953" VPOS="3651" WIDTH="52" HEIGHT="25" CONTENT="en" WC="0.64" CC="07"/>
						<SP ID="P53_SP00348" HPOS="1005" VPOS="3679" WIDTH="22"/>
						<String ID="P53_ST00392" HPOS="1027" VPOS="3642" WIDTH="176" HEIGHT="50" CONTENT="italique" WC="0.99" CC="00001744"/>
						<SP ID="P53_SP00349" HPOS="1203" VPOS="3692" WIDTH="23"/>
						<String ID="P53_ST00393" HPOS="1226" VPOS="3648" WIDTH="107" HEIGHT="36" CONTENT="dans" WC="0.99" CC="0006"/>
						<SP ID="P53_SP00350" HPOS="1333" VPOS="3692" WIDTH="21"/>
						<String ID="P53_ST00394" HPOS="1354" VPOS="3650" WIDTH="37" HEIGHT="36" CONTENT="le" WC="0.86" CC="02"/>
						<SP ID="P53_SP00351" HPOS="1391" VPOS="3692" WIDTH="25"/>
						<String ID="P53_ST00395" HPOS="1416" VPOS="3655" WIDTH="131" HEIGHT="37" CONTENT="texte." WC="1.00" CC="001003"/>
					</TextLine>
				</TextBlock>
			</PrintSpace>
		</Page>
	</Layout>
</alto>
