2712 4097
2018 333 64 49 77
2088 333 24 33 1

968 338 65 35 LE
1065 338 128 35 MOIS

65 489 207 54 mants.
299 486 84 52 La
404 483 267 71 musique
691 483 90 71 s'y
803 488 229 50 montre
1053 502 252 53 presque
1325 483 307 71 superflue,
1658 498 141 37 avec
1820 479 56 54 la
1898 476 217 55 facilité

65 566 272 71 exagérée
366 566 71 53 de
464 582 88 36 ses
580 563 276 55 mélodies
884 569 60 49 et
971 564 58 54 la
1056 566 333 53 truculence
1418 563 205 53 inutile
1654 562 140 54 d'un
1823 559 293 54 orchestre

66 663 108 55 que
218 644 119 52 l'on
381 643 276 55 voudrait
708 642 170 71 léger.
947 646 74 50 M.
1071 646 312 69 Messager,
1430 642 101 71 qui
1575 658 145 37 nous
1766 638 227 56 revient
2048 638 69 53 de

69 726 270 64 Londres,
393 723 218 53 semble
662 724 346 52 accoutumé
1060 726 34 50 à
1143 724 174 54 écrire
1368 741 148 52 pour
1566 723 99 53 des
1715 719 222 55 oreilles
1989 717 130 71 plus

68 821 359 57 paresseuses
460 821 113 52 que
604 803 81 53 les
717 804 214 52 nôtres.
969 804 79 51 Le
1080 804 195 69 séjour
1306 806 71 52 de
1411 802 162 54 Paris
1606 820 71 34 ne
1710 817 214 53 pourra
1956 816 123 35 man-

69 902 140 55 quer
239 883 183 55 d'être
451 882 277 54 salutaire
759 884 34 51 à
821 883 329 52 l'excellent
1181 882 279 56 musicien
1488 897 134 38 sans
1653 879 99 71 qui
1782 895 146 38 nous
1959 878 130 52 n'au-

69 964 151 55 rions
251 962 210 71 jamais
492 981 193 34 connu
1373 962 244 53 Pellêas.
995 963 152 52 Mme
1180 961 347 71 Marguerite
1560 961 170 53 Carré
1762 958 170 67 étale,
1964 957 160 53 selon

69 1062 63 37 sa
153 1048 294 62 coutume,
470 1061 112 35 une
604 1042 359 71 coquetterie
985 1042 307 71 appliquée
1314 1047 58 48 et
1394 1042 99 52 des
1513 1042 197 68 grâces
1731 1038 351 53 lourdaudes
2109 1056 14 47 ;

73 1124 71 54 M.
174 1122 262 53 Francell
496 1127 89 48 est
610 1140 80 35 un
718 1121 283 53 Fortunio
1027 1121 218 69 nigaud
1270 1122 33 52 à
1329 1119 235 55 souhait
1590 1140 13 47 ;
1632 1118 136 52 MM.
1799 1117 237 70 Fugère
2064 1119 61 49 et

72 1204 148 70 Jean
266 1201 192 54 Périer
501 1206 136 49 sont
680 1201 334 67 excellents,
1060 1201 123 54 l'un
1228 1203 144 52 dans
1416 1199 58 52 la
1517 1197 312 54 bonhomie
1872 1195 220 70 prudho-

73 1298 236 54 mesque
348 1282 79 53 du
466 1281 147 53 mari
652 1282 70 53 de
760 1279 363 71 Jacqueline,
1162 1279 210 54 l'autre
1411 1296 105 52 par
1554 1277 55 53 la
1646 1277 205 51 finesse
1889 1272 240 54 incisive

73 1361 142 72 qu'il
240 1359 164 73 prête
430 1380 76 35 au
530 1361 150 53 clerc
705 1361 239 69 Landry
969 1381 13 47 ;
1010 1376 79 37 un
1115 1358 116 53 rôle
1258 1357 186 53 moins
1470 1354 359 71 insignifiant
1861 1352 237 53 convien-

75 1442 154 54 drait
248 1439 199 55 mieux
465 1442 36 52 à
519 1460 78 35 un
616 1441 206 54 artiste
842 1439 154 55 aussi
1008 1439 208 54 maître
1227 1439 70 52 de
1316 1455 106 35 son
1432 1441 91 47 art
1542 1441 59 48 et
1621 1433 154 53 aussi
1799 1428 332 76 personnel.

78 1522 89 53 On
212 1521 261 71 gaspille,
521 1523 36 52 à
602 1519 563 73 l'Opéra-Comique,
1217 1518 98 52 des
1362 1516 213 52 trésors
1623 1510 287 72 d'énergie
1957 1514 60 50 et
2065 1509 69 52 de

75 1599 204 55 talent.

1617 1665 178 62 Louis
1831 1665 213 62 Laloy.

198 2043 192 100 LA
451 2035 541 108 SAISON
1061 2032 195 105 DE
1328 2022 706 112 LONDRES

95 2488 747 71 OPÉRAS-COMIQUES,
883 2481 460 59 OPERETTES

96 2586 117 69 ET
272 2586 468 69 “MUSICAL
837 2586 400 61 COMÉDIES”

210 2789 52 52 A
292 2787 218 52 l'heure
540 2783 76 53 où
649 2782 327 71 paraîtront
1008 2794 91 36 ces
1129 2775 199 70 lignes,
1362 2788 223 38 comme
1617 2769 118 53 l'on
1768 2766 106 67 dit,
1907 2764 57 53 la
1998 2760 158 55 vraie

102 2888 22 28 «
162 2868 191 53 saison
392 2886 21 28 »
472 2881 127 37 sera
657 2858 363 56 commencée
1046 2877 12 47 ;
1121 2852 349 57 c'est-à-dire
1531 2866 110 53 que

105 2967 141 36 aura
253 2948 267 52 réouvert
527 2960 88 36 ses
628 2929 1064 84 portesavecunfestivaltétralogique
1705 2925 175 70 dirigé
1890 2923 272 71 parHans

106 3028 256 53 Richter.
378 3023 356 72 Cependant,
775 3034 146 39 nous
959 3032 181 37 avons
1179 3014 79 52 dû
1297 3027 142 38 nous
1477 3012 301 49 contenter
1815 3023 62 34 ce
1917 2999 242 66 mois-ci,

106 3126 72 37 en
218 3106 109 54 fait
369 3106 71 53 de
479 3103 296 70 musiques
816 3094 334 67 théâtrales,
1194 3093 70 52 de
1306 3089 276 71 quelques
1626 3102 225 37 œuvres
1894 3083 37 52 d
1955 3099 80 33 un
2076 3097 60 34 ca-

107 3188 221 53 ractère
375 3184 128 71 plus
550 3183 169 71 léger.

223 3268 108 52 Les
373 3285 22 28 «
770 3262 243 56 musical
1336 3255 263 58 comédies
1020 3274 22 30 »
1085 3250 357 70 triomphent
1488 3248 143 52 dans
1673 3243 279 72 plusieurs
1989 3264 5 32 i
2010 3240 129 52 théâ-

111 3354 115 49 tres
279 3348 78 53 du
406 3344 162 54 West
620 3341 173 66 End;
845 3339 353 61 amusantes,
1249 3327 345 74 spirituelles
1644 3323 232 73 parfois,
1928 3318 247 97 etpsans

113 3426 360 73 prétentions
511 3418 321 69 musicales,
872 3415 133 55 elles
1044 3413 264 53 tiennent
1345 3409 52 52 le
1437 3405 198 54 milieu
1674 3409 160 48 entre
1870 3401 20 53 1
1912 3400 264 70 opérette

115 3513 59 50 et
206 3507 59 53 la
295 3522 174 37 revue
497 3525 13 45 ;
544 3521 77 34 on
652 3499 81 55 les
767 3495 287 65 amélioré,
1088 3511 77 34 on
1195 3490 82 54 les
1308 3488 208 53 bourre
1551 3485 69 52 de
1653 3501 194 35 scenes
1865 3475 313 67 nouvelles,

117 3587 159 54 selon
315 3584 83 55 les
439 3582 373 54 événements
851 3581 60 48 et
952 3573 53 55 le
1048 3573 140 68 goût
1232 3570 79 54 du
1350 3568 149 70 jour.
