2712 4097
1118 366 67 36 LE
1218 366 129 36 MOIS

2157 368 94 52 779

196 523 135 37 sans
375 506 52 54 le
472 512 442 53 consentement
959 512 71 54 de
1072 513 254 56 l'auteur
1368 533 115 37 une
1528 533 198 37 œuvre
1772 515 274 55 musicale
2092 514 127 72 quel-

196 604 226 54 conque
467 592 88 48 est
600 605 80 36 un
727 589 159 55 délit.
935 593 163 53 Voici
1142 594 169 55 l'idée
1356 598 118 52 très
1518 597 319 71 complexe,
1884 595 216 73 malgré
2144 613 106 37 son

196 672 320 64 apparente
536 666 312 73 simplicité
868 689 113 52 que
1002 674 75 52 M.
1103 675 231 55 Baudin
1356 694 34 35 a
1410 677 353 71 développée
1785 696 141 36 avec
1946 678 304 70 beaucoup

195 746 71 54 de
300 745 127 54 soin
463 752 59 48 et
559 748 70 52 de
665 749 303 69 précision.

307 826 279 54 L'auteur
632 828 256 71 esquisse
934 837 133 48 tout
1116 834 245 56 d'abord
1405 835 281 55 l'histoire
1733 838 78 53 du
1860 837 152 54 droit
2059 837 160 54 d'exé-

193 905 202 55 cution
422 906 276 55 musicale
727 927 71 35 en
827 910 221 55 France
1077 918 59 48 et
1164 920 230 49 montre
1422 915 285 69 combien,
1739 917 203 71 depuis
1969 918 60 53 la
2058 919 152 52 Révo-

192 985 208 70 lution,
445 988 52 53 le
540 990 294 54 caractère
878 992 71 52 de
994 1009 62 37 ce
1100 993 154 54 droit
1298 997 139 53 s'est
1481 995 233 55 modifié
1742 1020 12 45 ;
1800 1004 202 63 avant,
2048 997 202 54 c'était

191 1083 81 36 un
327 1065 277 73 privilège
661 1069 371 55 d'exécution
1088 1074 224 53 réservé
1370 1077 34 52 à
1458 1074 284 55 certaines
1797 1077 324 54 académies
2177 1078 73 53 de

191 1147 268 71 musique
503 1149 395 66 (ordonnance
942 1153 69 52 de
1056 1153 165 76 1669)
1267 1160 58 49 et
1367 1155 207 69 même,
1616 1157 231 70 lorsque
1888 1158 172 70 Lully
2100 1157 148 54 était

191 1227 116 53 àla
331 1228 123 53 tête
479 1227 70 54 de
573 1228 358 57 l'Académie
958 1233 222 70 Royale
1207 1234 71 53 de
1303 1234 285 71 Musique,
1615 1237 224 53 réservé
1865 1237 383 71 uniquement

190 1307 34 52 à
262 1312 155 48 cette
453 1307 257 54 dernière
748 1310 394 68 (ordonnance
1179 1313 70 53 de
1287 1313 185 70 1673).
1509 1314 51 52 A
1596 1332 63 34 ce
1692 1321 283 62 moment,
1994 1315 56 54 la
2085 1334 122 36 mau-

190 1385 158 55 vaise
373 1387 284 54 situation
682 1389 80 53 du
785 1390 394 70 compositeur
1202 1392 146 53 était
1372 1394 113 52 due
1509 1411 71 34 en
1604 1393 192 70 partie
1820 1397 35 51 à
1876 1394 57 52 la
1956 1395 292 54 fécondité

190 1467 275 53 musicale
508 1468 72 53 de
621 1469 173 71 Lully
835 1472 100 68 qui
978 1472 275 69 préférait
1296 1472 142 54 faire
1480 1474 359 69 représenter
1880 1492 89 34 ses
2010 1492 238 53 propres

190 1564 230 36 œuvres
467 1547 198 71 plutôt
714 1568 113 52 que
874 1549 168 55 celles
1093 1552 69 52 de
1211 1568 89 37 ses
1347 1550 306 55 confrères.
1705 1552 217 71 Malgré
1969 1553 279 71 quelques

187 1625 178 55 essais
428 1628 72 52 de
554 1628 504 71 réglementation,
1121 1629 134 53 bien
1319 1648 113 52 peu
1497 1630 494 54 d'améliorations
2051 1633 197 52 furent

187 1708 313 68 apportées
519 1726 106 52 par
647 1708 56 53 la
722 1708 152 53 suite
896 1713 57 49 et
977 1727 64 35 ce
1061 1709 91 53 fut
1174 1709 321 53 seulement
1517 1709 57 55 la
1593 1709 77 55 loi
1709 1712 99 52 des
1832 1728 166 55 13-19
2020 1712 230 70 janvier

188 1801 143 57 1791
379 1785 100 73 qui
521 1788 109 52 mit
672 1807 80 34 un
795 1793 183 48 terme
1023 1790 34 52 à
1099 1793 93 49 cet
1234 1790 125 52 état
1404 1789 71 53 de
1518 1790 201 54 choses
1761 1790 134 55 bien
1937 1790 309 55 médiocre.

186 1867 80 52 Le
290 1865 262 71 principe
578 1867 80 53 du
685 1865 154 55 droit
867 1868 389 67 d'éxécution,
1286 1868 315 54 désormais
1626 1870 140 69 posé
1794 1870 175 54 d'une
1994 1870 256 54 manière

188 1945 200 69 ferme,
417 1947 91 52 fut
536 1947 287 69 complété
851 1952 59 48 et
938 1947 343 54 sanctionné
1309 1966 106 52 par
1441 1948 81 53 les
1550 1948 230 54 articles
1808 1950 108 69 428
1945 1954 58 48 et
2031 1966 108 54 429
2168 1950 80 54 du

185 2027 156 53 Code
385 2025 179 54 Pénal
608 2032 58 48 et
709 2025 264 71 organisé
1016 2046 107 50 par
1168 2027 339 56 différentes
1549 2027 106 54 lois
1700 2029 144 54 dont
1889 2028 58 56 la
1989 2029 261 55 dernière

182 2126 71 35 en
285 2107 137 53 date
454 2112 87 48 est
574 2108 78 53 du
686 2123 70 53 14
785 2107 190 69 juillet
1009 2108 161 53 1866.

295 2188 78 52 M.
417 2185 232 55 Baudin
691 2187 267 53 examine
1000 2187 226 54 ensuite
1267 2188 52 53 le
1359 2189 155 69 sujet
1557 2189 79 54 du
1678 2189 153 54 droit
1875 2189 375 55 d'exécution

182 2265 296 68 musicale,
511 2284 104 36 son
646 2267 181 70 objet,
860 2284 106 36 son
999 2267 254 54 exercice
1283 2268 327 55 consistant
1641 2270 146 53 dans
1817 2269 431 55 l'autorisation

182 2345 71 54 de
295 2345 352 54 l'exécution
689 2345 300 73 publique,
1033 2364 65 36 sa
1143 2347 213 54 double
1397 2348 268 55 sanction
1707 2349 206 71 pénale
1955 2354 60 49 et
2058 2349 189 69 civile,

180 2443 66 36 sa
277 2424 405 55 transmission
714 2430 59 49 et
804 2444 65 36 sa
901 2427 176 53 durée
1104 2448 14 47 ;
1151 2425 133 73 puis
1315 2427 39 52 il
1386 2433 230 48 montre
1646 2427 237 56 l'utilité
1916 2434 58 49 et
2005 2428 52 55 le
2088 2429 128 55 fonc-

181 2504 368 56 tionnement
577 2505 71 54 de
675 2504 57 55 la
747 2505 226 55 Société
995 2507 100 53 des
1117 2507 277 68 Auteurs,
1423 2508 434 70 Compositeurs
1885 2514 59 49 et
1973 2508 275 56 Editeurs

180 2584 69 53 de
285 2584 268 71 musique
588 2584 101 71 qui
724 2584 223 55 facilite
981 2585 57 55 la
1072 2587 403 54 constatation
1510 2588 102 53 des
1646 2588 339 55 exécutions
2020 2588 228 55 illicites

180 2683 114 52 que
343 2665 220 55 l'effort
615 2664 321 56 individuel
989 2667 175 53 serait
1216 2665 305 73 incapable
1574 2668 70 53 de
1707 2668 292 71 réprimer.
2073 2671 175 53 Enfin

178 2743 40 53 il
247 2744 197 56 étudie
472 2745 52 54 le
553 2744 154 56 droit
737 2747 79 53 du
846 2745 405 73 Compositeur
1279 2748 285 71 étranger.

290 2827 76 52 M.
407 2825 232 56 Baudin
675 2827 176 53 étend
884 2825 404 73 l'application
1325 2828 70 53 de
1432 2828 54 53 la
1521 2827 76 54 loi
1634 2831 34 52 à
1702 2828 57 55 la
1789 2828 266 72 musique
2078 2847 168 52 pure.

177 2905 71 69 Je
290 2923 71 36 ne
402 2904 118 56 suis
561 2923 107 54 pas
710 2907 70 53 de
821 2925 107 35 son
969 2905 144 56 avis.
1157 2908 110 53 Les
1309 2913 212 48 termes
1556 2909 70 54 de
1659 2930 20 29 «
1726 2908 520 71 représentations,

176 2988 58 48 et
284 2984 345 71 d'ouvrages
677 2984 400 73 dramatiques
1104 3008 22 28 »
1175 2987 296 71 employés
1551 3006 106 52 par
1714 2988 56 53 la
1831 2987 76 54 loi
1969 2989 279 55 excluent

174 3062 40 53 il
238 3082 93 36 me
354 3065 238 68 semble,
618 3064 56 55 la
696 3064 268 71 musique
987 3083 162 54 pure.
1176 3068 84 52 La
1283 3068 189 53 rareté
1498 3068 99 53 des
1621 3073 263 48 concerts
1908 3071 34 52 à
1965 3069 153 71 l'épo
2135 3087 115 53 que

176 3144 71 54 de
285 3143 57 55 la
380 3145 304 55 rédaction
723 3145 79 55 du
845 3147 155 53 Code
1039 3147 182 54 Pénal
1260 3165 73 36 ne
1371 3147 305 54 suffit-elle
1715 3166 124 53 pas,
1883 3149 78 54 du
2002 3156 169 62 reste,
2213 3152 34 52 à

173 3223 252 71 justifier
474 3224 202 55 l'oubli
729 3227 79 53 du
858 3224 331 73 législateur
1223 3234 22 47 ?
1298 3228 85 52 La
1432 3227 440 72 jurisprudence
1923 3231 217 69 adopte
2190 3231 57 53 la

174 3303 192 55 même
392 3304 257 56 manière
675 3306 71 53 de
771 3306 129 53 voir
922 3325 113 52 que
1063 3308 75 51 M.
1168 3308 69 66 B,
1265 3307 146 53 mais
1437 3326 63 34 ce
1526 3309 150 52 n'est
1702 3326 104 53 pas
1833 3327 133 36 sans
1992 3309 254 71 quelque

174 3384 169 70 peine
385 3387 181 68 qu'on
608 3386 55 53 la
704 3386 124 53 voit
873 3386 207 53 traiter
1119 3386 328 72 également
1489 3388 244 55 l'œuvre
1775 3388 170 71 digne
1987 3391 80 52 du
2109 3408 137 36 nom

174 3466 72 53 de
280 3464 269 73 musique
582 3471 59 48 et
674 3466 57 53 la
761 3467 259 53 chanson
1055 3467 71 53 de
1160 3466 334 55 Music-hall
1526 3468 57 53 la
1615 3468 129 70 plus
1777 3468 210 55 banale
2016 3492 11 45 ;
2063 3469 39 52 il
2137 3490 39 52 y
2210 3490 33 33 a

173 3543 76 69 là,
293 3546 349 68 cependant,
686 3544 155 55 deux
883 3546 290 53 extrêmes
1215 3565 111 52 que
1370 3546 82 54 les
1493 3547 164 71 juges
1700 3548 188 53 même
1930 3548 80 53 les
2054 3548 192 55 moins

173 3627 370 70 compétents
586 3645 71 35 en
701 3624 242 56 matière
989 3627 153 53 d'art
1185 3645 73 35 ne
1301 3627 339 71 pourraient
1684 3646 285 54 manquer
2016 3631 227 69 d'aper-
