2712 4097
624 300 68 35 LA
728 301 248 47 MUSIQUE
1013 293 261 48 MESURÉE
1304 306 36 34 A
1374 293 290 58 L'ANTIQUE

2097 303 96 48 707

99 452 179 55 doute
312 466 153 54 pour
498 448 236 55 obtenir
769 452 254 72 quelque
1060 456 144 54 effet
1239 454 339 73 particulier
1617 454 102 69 (1),
1758 471 106 55 par
1921 452 266 72 exemple

99 547 148 57 pour
283 532 224 52 donner
541 548 81 36 un
660 529 88 56 air
783 533 74 55 de
893 536 223 56 variété
1154 538 35 54 à
1224 537 57 55 la
1316 536 317 72 répétition
1669 536 72 54 de
1777 536 215 53 mètres
2028 533 131 56 iden-

99 612 208 70 tiques.
353 611 156 54 C'est
551 609 149 55 ainsi
740 613 187 70 qu'un
969 618 187 54 mètre
1197 617 247 55 cadrant
1484 616 420 72 parfaitement
1945 632 143 37 avec
2130 613 57 56 la

100 710 225 38 mesure
354 692 278 55 musicale
662 698 144 65 peut
837 714 40 53 y
908 697 123 56 être
1062 698 127 73 logé
1220 705 135 48 tour
1385 700 36 52 à
1453 703 134 49 tour
1618 698 71 55 de
1718 697 59 55 la
1825 696 255 56 manière
2131 696 57 56 la

100 773 130 73 plus
254 772 228 71 simple,
512 778 58 49 et
598 773 227 56 ensuite
853 777 36 52 à
914 783 442 68 contre-temps,
1383 796 79 37 ou
1486 778 341 55 vice-versa.

214 853 106 56 Ces
366 853 332 70 difficultés,
744 862 107 48 ont
896 860 243 54 conduit
1185 860 280 72 quelques
1510 860 306 54 modernes
1860 858 36 55 à
1939 860 249 71 adopter

100 952 147 57 pour
298 951 65 37 ce
413 950 175 56 genre
640 935 72 54 de
763 938 272 71 musique
1084 959 116 35 une
1251 938 404 56 mensuration
1704 938 266 73 spéciale.
2023 940 164 54 Voici

99 1020 53 53 le
192 1016 182 54 début
415 1016 177 54 d'une
628 1017 263 56 chanson
931 1022 71 53 de
1041 1022 82 53 Le
1158 1022 210 71 Jeune,
1411 1021 228 71 d'après
1678 1020 58 54 la
1773 1021 418 71 transcription

100 1098 71 55 de
198 1097 77 53 M.
305 1096 227 72 Expert
561 1097 80 69 (2)
670 1117 13 35 :

230 2433 67 58 (i)
318 2429 110 41 Voir
447 2442 85 41 par
552 2431 206 53 exemple
790 2432 122 38 cette
938 2429 165 53 phrase
1136 2427 59 39 de
1227 2426 62 39 du
1321 2425 215 52 Caurroy,
1560 2424 228 52 Mélanges
1809 2422 127 53 (fasc.
1962 2423 21 39 I
1988 2453 13 17 f
2023 2436 44 33 p.
2093 2425 88 61 80).

111 2937 39 38 Il
158 2938 117 39 n'est
284 2938 352 55 pasimpossible
644 2950 90 41 que
741 2940 207 54 iesoupir
956 2941 68 41 ait
1030 2940 75 40 été
1113 2941 159 51 ajouté
1282 2952 117 42 pour
1407 2939 182 40 obtenir
1598 2952 89 26 une
1693 2940 308 41 déclamation
2009 2942 101 52 plus
2119 2954 61 27 na

110 2999 158 38 turelle
285 3000 63 39 du
366 3001 121 51 péon
502 3014 20 25 «
551 3001 39 38 si
606 3001 47 51 je
670 3013 115 28 vous
804 3014 134 39 ayme
955 3014 33 29 ».
1007 3002 244 40 D'ailleurs
1268 3000 202 53 l'emploi
1489 3002 79 39 des
1586 3000 188 40 silences
1792 3003 115 40 dans
1924 3003 47 38 la
1988 3003 210 51 musique

111 3060 200 39 mesurée
335 3062 172 39 semble
531 3062 129 39 avoir
684 3062 126 40 varié
835 3074 111 28 avec
971 3063 64 40 les
1059 3064 152 40 divers
1237 3066 187 36 auteurs
1449 3061 234 50 (Mauduit
1706 3063 64 37 les
1795 3076 30 26 a
1848 3064 233 52 employés
2105 3065 95 38 très

111 3124 244 47 rarement)
382 3127 49 35 et
454 3121 130 40 avoir
608 3124 150 39 donné
784 3123 105 47 lieu,
916 3126 116 38 dans
1057 3126 64 38 les
1146 3124 246 53 partitions
1419 3122 81 51 qui
1524 3134 115 27 nous
1663 3126 191 44 restent,
1882 3124 28 39 à
1935 3137 64 26 un
2024 3124 176 39 certain

111 3184 186 38 nombre
316 3184 56 39 de
391 3184 151 39 fautes
560 3184 331 53 d'impression.
913 3185 106 41 Cela
1035 3187 209 51 pourrait
1261 3184 209 40 ressortir
1486 3185 58 38 de
1562 3184 263 40 recherches
1844 3185 104 52 plus
1967 3185 233 40 détaillées

111 3253 76 28 sur
212 3243 271 41 l'évolution
511 3247 58 38 de
597 3246 47 39 la
670 3246 213 52 musique
911 3248 206 39 mesurée
1144 3248 116 39 dans
1289 3257 70 27 ses
1387 3244 267 40 différentes
1681 3246 181 50 phases.
1894 3246 133 40 Cette
2056 3246 142 40 étude

111 3305 312 51 approfondie,
432 3306 294 49 minutieuse,
735 3307 77 52 qui
823 3308 230 40 d'ailleurs
1072 3309 121 39 n'est
1210 3320 83 41 pas
1313 3308 56 39 de
1380 3304 114 40 mise
1507 3304 71 48 ici,
1590 3316 55 28 ne
1654 3318 167 39 pourra
1835 3309 96 37 être
1944 3306 252 52 entreprise

111 3365 210 54 qu'après
342 3368 47 39 la
409 3367 287 53 publication
716 3368 228 52 complète
966 3371 56 39 de
1043 3372 156 38 toutes
1220 3370 64 38 les
1308 3377 179 30 œuvres
1510 3366 56 40 de
1589 3366 208 53 musique
1819 3368 216 40 mesurée.

222 3481 63 50 (2)
318 3481 59 40 Le
395 3481 270 52 Primtemps
698 3481 128 51 (fasc.
856 3483 36 47 I,
927 3496 46 39 p.
1007 3486 91 46 28).
1125 3486 87 37 Les
1246 3484 113 38 trois
1393 3483 161 39 barres
1585 3481 80 51 qui
1682 3495 32 39 y
1734 3486 108 38 sont
1865 3483 238 52 marquées
2134 3486 48 36 et

110 3540 78 52 qui
210 3554 49 27 se
279 3545 224 38 trouvent
524 3544 116 40 dans
664 3544 42 38 le
728 3546 130 38 texte
880 3544 193 52 original
1096 3545 133 39 n'ont
1253 3556 151 28 aucun
1428 3545 193 48 rapport
1644 3555 111 29 avec
1784 3544 45 40 la

110 3606 104 38 sont
232 3603 293 54 simplement
546 3605 226 40 destinées
793 3606 28 39 à
838 3605 185 52 séparer
1042 3606 64 40 les
1127 3606 237 42 différents
1385 3616 117 29 vers.
