2712 4097
482 303 94 61 780

1101 310 261 36 MERCURE
1399 306 245 38 MUSICAL
1680 306 71 35 ET
1790 304 46 37 S.
1873 304 39 37 I.
1949 303 61 37 M.

486 461 196 59 cevoir
708 482 13 33 :
760 459 60 56 la
859 459 154 55 Cour
1052 453 232 75 Royale
1323 453 74 56 de
1437 448 169 60 Paris
1644 450 127 56 s'en
1809 454 93 51 est
1941 447 140 57 bien
2121 447 190 57 rendu
2350 456 233 66 compte

487 550 148 53 dans
668 562 81 36 un
783 541 158 56 arrêt
975 536 104 76 qui
1112 542 92 51 est
1238 537 155 54 resté
1427 533 587 56 malheureusement
2054 528 163 57 isolé.
2265 530 52 55 A
2364 528 219 62 l'heure

487 623 266 69 actuelle,
786 640 78 38 on
894 638 61 37 se
985 626 213 49 trouve
1228 617 122 75 pris
1381 617 149 54 dans
1559 614 376 73 l'engrenage
1966 613 104 55 des
2100 609 292 57 décisions
2422 617 128 54 anté-

485 707 232 57 rieures.
769 701 179 57 Est-il
995 698 220 75 permis
1263 698 297 73 d'espérer
1609 696 58 54 la
1715 712 195 39 venue
1959 693 181 56 d'une
2187 691 80 57 loi
2315 696 268 58 nouvelle

485 787 100 75 qui
622 784 192 74 oblige
847 783 59 56 la
944 781 467 75 Jurisprudence
1447 784 138 68 trop
1621 774 324 60 routinière
1981 777 37 54 à
2054 776 228 55 donner
2317 793 78 38 au
2429 795 115 42 com-

482 867 264 75 positeur
779 871 205 52 contre
1016 862 360 60 l'exécution
1409 859 205 58 illicite
1648 861 74 56 de
1755 877 67 38 sa
1855 857 277 75 musique
2165 876 118 38 une
2315 858 265 60 sanction

482 971 73 37 en
589 947 350 76 proportion
974 947 73 56 de
1080 946 59 56 la
1173 945 207 58 valeur
1416 945 73 55 de
1525 947 159 52 cette
1719 939 277 77 musique
2025 947 26 50 ?

1944 1105 122 56 Ch.
2107 1105 326 56 Legrand.

1055 1619 955 109 LUTHERIE

589 2023 154 55 Taxe
810 2025 93 53 der
967 2022 632 56 Streich-Instrumente
1668 2023 187 69 (Taxe
1924 2025 103 54 des
2094 2023 386 59 instruments
2543 2029 32 54 à

473 2105 224 68 archet)
731 2122 107 54 par
867 2103 208 56 Albert
1107 2105 236 54 FUCHS.
1376 2103 154 56 Chez
1562 2105 137 56 Cari
1731 2106 425 72 Merseburger.

472 2253 235 73 Leipzig
741 2269 165 57 1907.

588 2336 102 54 Cet
718 2355 258 55 ouvrage
1004 2355 61 37 se
1096 2336 185 57 divise
1310 2356 73 37 en
1413 2338 156 55 deux
1599 2338 240 74 parties.
1873 2341 86 55 La
1987 2341 306 74 première,
2322 2342 252 57 illustrée

471 2416 71 54 de
591 2417 281 71 quelques
920 2417 280 71 planches
1256 2418 386 73 explicatives
1690 2421 270 56 contient
2009 2443 117 36 une
2173 2425 180 56 brève
2401 2426 172 55 étude

470 2516 100 36 sur
628 2498 82 56 les
772 2498 340 58 différentes
1174 2501 187 55 écoles
1422 2502 74 55 de
1555 2502 332 59 l'ancienne
1947 2505 254 58 lutherie
2260 2506 275 57 italienne
2561 2529 10 32 :

468 2578 256 70 Brescia,
784 2581 303 69 Crémone,
1148 2582 202 70 Milan,
1411 2584 242 72 Naples,
1684 2586 302 72 Florence,
2049 2590 211 68 Rome,
2320 2589 254 73 Bologne

467 2666 58 48 et
565 2661 227 56 Venise.
834 2662 93 55 On
965 2681 39 54 y
1041 2669 212 50 trouve
1289 2664 83 55 les
1409 2666 518 74 caractéristiques
1966 2670 72 56 de
2075 2671 265 56 chacune
2378 2671 71 56 de
2485 2688 89 38 ces

467 2741 184 56 écoles
683 2742 147 55 ainsi
861 2763 115 52 que
1005 2745 54 54 le
1088 2763 142 36 nom
1262 2746 103 55 des
1395 2747 245 57 maîtres
1670 2750 251 57 luthiers
1952 2751 102 73 qui
2086 2752 83 56 les
2199 2752 371 58 illustrèrent.

579 2825 85 53 La
698 2825 249 54 seconde
981 2825 192 71 partie
1207 2826 210 57 mérite
1451 2848 116 36 une
1602 2830 270 57 mention
1901 2832 394 73 particulière,
2326 2834 248 56 l'auteur

466 2921 39 52 y
533 2910 323 65 apportant
885 2906 100 55 des
1013 2906 283 57 éléments
1324 2928 318 39 nouveaux
1671 2919 61 49 et
1759 2916 362 69 personnels.

577 2986 253 71 Jusqu'à
878 2990 237 68 présent
1163 2989 41 54 il
1252 2992 99 54 n'a
1399 3011 151 54 paru
1599 2996 188 70 qu'un
1837 2999 121 53 très
2006 2999 156 72 petit
2212 2999 246 56 nombre
2504 2998 69 55 de

464 3084 22 28 «
510 3065 202 71 guides
735 3088 22 28 »
805 3085 99 37 sur
948 3069 59 54 la
1052 3070 206 56 valeur
1305 3072 102 56 des
1456 3074 239 57 anciens
1741 3076 395 59 instruments
2184 3081 36 54 à
2268 3081 199 55 archet
2514 3083 57 52 et

464 3164 207 37 encore
725 3149 82 54 les
862 3150 371 58 estimations
1287 3155 176 71 qu'ils
1519 3158 388 58 contiennent
1963 3163 304 56 sont-elles
2322 3163 248 72 sujettes

466 3227 34 52 à
530 3229 256 54 caution.
819 3231 86 54 La
932 3232 293 72 question,
1257 3235 41 53 il
1327 3241 89 50 est
1446 3239 149 68 vrai,
1626 3245 91 50 est
1747 3240 269 59 délicate.
2051 3245 179 73 Quels
2253 3245 195 73 objets
2470 3246 101 53 ont

467 3326 113 36 une
614 3309 201 56 valeur
848 3311 239 59 absolue
1115 3321 24 49 ?
1174 3318 82 53 Le
1287 3335 172 37 cours
1493 3321 73 54 de
1605 3321 108 55 l'or
1764 3323 304 61 lui-même
2099 3328 165 54 subit
2297 3329 102 55 des
2429 3325 112 56 fluc-

470 3390 261 53 tuations
760 3390 397 71 journalières.
1191 3398 258 57 Achetez
1480 3420 116 37 une
1629 3403 208 57 rivière
1869 3406 75 56 de
1973 3408 275 57 brillants
2278 3410 53 56 le
2388 3405 182 59 matin

466 3475 58 47 et
553 3488 235 56 essayez
817 3474 72 56 de
918 3475 54 56 la
999 3479 283 56 revendre
1308 3479 54 57 le
1389 3481 117 56 soir
1534 3503 75 36 au
1639 3485 249 71 joaillier
1915 3489 73 57 de
2016 3492 105 72 qui
2148 3511 150 36 vous
2325 3493 57 53 la
2410 3497 160 49 tenez

464 3555 59 50 et
552 3569 147 37 vous
727 3558 360 67 apprendrez
1115 3559 35 53 à
1178 3578 107 37 vos
1314 3563 220 72 dépens
1563 3565 58 57 la
1651 3566 351 63 distinction
2030 3573 144 75 qu'il
2204 3574 132 57 faut
2367 3568 204 62 établir

462 3636 165 52 entre
652 3633 191 58 l'offre
871 3641 58 52 et
956 3636 58 56 la
1041 3639 309 62 demande.
