2712 4097
571 295 109 34 UNE
718 296 285 40 DANSEUSE
1040 305 299 49 FRANÇAISE
1372 309 33 33 A
1442 309 245 37 LONDRES

2074 315 93 47 753

111 433 169 53 lettre
302 432 175 53 écrite
501 434 69 52 de
593 435 257 54 Londres
969 447 57 48 et
1051 445 99 68 qui
1172 447 112 53 sait
1317 454 20 47 ?
1361 467 105 52 par
1487 450 256 55 Thieriot
1765 454 293 69 peut-être
2082 458 77 64 (i)

219 512 143 52 dont
396 512 18 52 1
438 512 362 71 importance
833 518 320 75 historique
1187 532 86 48 est
1308 530 69 52 de
1411 534 131 49 tout
1575 533 246 68 premier
1853 536 184 52 ordre.
2075 536 90 54 On

108 609 38 53 y
173 590 126 53 voit
328 609 71 35 en
428 592 141 54 effet
598 611 115 52 que
742 596 133 55 Mlle
904 600 172 71 Sallé,
1105 606 236 56 suivant
1371 609 50 53 le
1451 615 123 48 mot
1593 613 327 71 d'Adolphe
1942 615 218 70 Jullien

108 670 266 53 obtenait
404 672 33 52 à
466 672 258 55 Londres
752 694 80 35 un
864 680 209 56 double
1103 687 215 68 succès,
1348 709 21 27 «
1395 706 224 39 comme
1647 694 172 67 poète
1847 699 58 48 et
1938 713 222 37 comme

109 751 279 52 danseuse
417 762 77 65 (2)
520 773 40 47 »,
606 770 71 36 en
709 753 209 70 jouant
950 760 81 53 les
1063 764 154 53 deux
1254 766 626 73 ballets-pantomimes
1933 776 70 52 de
2055 792 105 36 son

107 828 325 72 invention,
469 832 143 54 dont
648 833 51 54 le
734 837 280 70 scénario,
1048 844 226 54 résumé
1311 849 143 52 dans
1489 850 57 52 la
1579 850 171 55 lettre
1787 854 78 53 du
1881 855 277 69 Mercure,

107 925 143 37 nous
290 912 270 68 apparaît
595 929 69 35 en
699 916 250 70 quelque
982 926 155 48 sorte
1170 940 225 40 comme
1426 927 56 54 la
1514 930 320 69 profession
1870 935 69 52 de
1972 934 79 53 foi
2089 936 70 54 de

104 988 18 54 1
145 1006 53 34 ai
212 987 154 56 tiste.
409 990 213 71 Quand
661 1010 75 36 on
774 995 17 52 1
817 1013 34 35 a
888 997 112 69 lue,
1039 1018 76 36 on
1152 1004 321 72 s'explique
1511 1009 80 53 les
1630 1011 318 55 tentatives
1988 1014 170 54 faites

106 1070 31 51 à
179 1068 18 53 1
221 1068 315 55 Académie
579 1074 197 67 royale
822 1076 71 53 de
936 1080 286 72 musique,
1271 1103 117 35 non
1418 1087 320 55 seulement
1771 1093 143 52 dans
1945 1093 50 53 le
2026 1112 131 36 sens

106 1148 67 54 de
202 1146 59 55 la
291 1169 20 28 «
338 1150 178 53 danse
549 1152 37 51 d
611 1152 194 55 action
832 1176 39 47 »,
903 1159 146 53 mais
1082 1179 153 37 aussi
1269 1166 142 52 dans
1444 1167 144 53 celui
1622 1170 69 52 de
1721 1170 56 52 la
1807 1171 246 57 réforme
2084 1175 76 52 du

103 1232 263 50 costume
404 1250 10 32 :
452 1249 22 28 «
910 1231 105 52 elle
1190 1249 33 35 a
1329 1235 89 51 osé
822 1255 39 48 »,
899 1237 141 54 écrit
1075 1240 52 53 le
1161 1246 455 68 correspondant
1654 1249 76 52 du
1764 1250 230 67 journal
2011 1253 121 53 fran-

103 1306 116 70 çais
243 1307 100 70 qui
368 1307 114 54 sait
506 1308 52 55 le
582 1310 132 71 prix
741 1315 69 52 de
835 1317 266 68 pareilles
1127 1324 268 66 audaces,
1423 1324 104 53 elle
1545 1343 33 34 a
1597 1328 94 50 osé
1707 1330 258 66 paraître
1976 1350 22 28 «
2017 1334 143 52 dans

102 1404 112 35 une
248 1388 197 54 entrée
480 1390 70 53 de
588 1392 343 70 Pygmalion
965 1418 22 28 «
1011 1416 133 37 sans
1179 1401 218 69 panier,
1434 1420 133 36 sans
1600 1405 157 69 jupe,
1793 1424 134 37 sans
1975 1427 184 53 corps,

102 1471 57 47 et
194 1466 322 70 échevelée,
554 1475 58 48 et
648 1489 135 37 sans
819 1491 191 38 aucun
1047 1486 302 47 ornement
1384 1498 98 35 sur
1513 1500 62 35 sa
1612 1484 119 52 tête
1759 1507 13 44 ;
1810 1486 105 52 elle
1951 1489 206 53 n'était

102 1545 194 67 vêtue,
333 1564 141 37 avec
508 1565 106 37 son
649 1557 187 47 corset
871 1559 59 47 et
964 1574 80 34 un
1078 1557 204 69 jupon,
1318 1576 113 53 que
1468 1561 173 52 d'une
1677 1562 205 70 simple
1917 1566 138 54 robe
2091 1570 68 51 de

101 1626 345 53 mousseline
482 1631 241 52 tournée
758 1649 69 35 en
864 1635 260 68 draperie
1160 1641 57 47 et
1254 1637 223 70 ajustée
1511 1656 98 36 sur
1641 1640 52 53 le
1727 1644 225 53 modèle
1988 1646 172 54 d'une

101 1709 196 49 statue
332 1722 247 54 grecque
605 1730 20 27 »
664 1730 11 32 :
702 1711 155 53 voilà
892 1714 100 68 qui
1029 1716 105 52 dut
1170 1715 470 72 singulièrement
1678 1722 221 53 donner
1933 1724 33 52 à
2002 1725 131 53 réflé-

99 1783 122 54 chir
258 1802 117 36 aux
410 1808 22 28 «
456 1789 309 69 gothiques
790 1813 22 26 »
849 1792 69 54 de
954 1794 236 69 l'Opéra
1216 1797 8 52 !

212 1865 93 52 Au
347 1867 248 69 surplus,
639 1869 39 52 il
720 1869 129 55 faut
892 1872 101 54 lire
1035 1875 141 53 d'iAi
1219 1876 146 53 bout
1409 1879 34 52 à
1484 1879 210 54 l'autre
1738 1898 62 35 ce
1844 1883 313 55 document

101 1943 236 72 capital,
400 1946 285 69 plusieurs
736 1949 109 54 fois
884 1954 299 67 reproduit
1244 1956 151 69 déjà,
1456 1957 146 54 mais
1654 1960 100 69 qui
1829 1964 184 66 prend
2065 1963 90 68 ici,

99 2041 146 54 pour
268 2023 55 54 la
352 2026 281 67 première
663 2027 128 69 fois,
824 2048 64 35 sa
918 2032 284 55 véritable
1231 2036 202 52 valeur
1462 2043 58 47 et
1551 2055 104 36 son
1699 2045 204 48 exacte
1947 2041 187 71 signifi-

99 2102 196 55 cation
330 2106 97 75 (3).

191 2238 177 46 Lettre
391 2239 30 46 à
455 2239 145 47 M***

231 2371 116 47 Mlle
384 2371 147 59 Sallé,
570 2389 119 33 sans
725 2382 117 58 trop
879 2380 285 49 considérer
1198 2383 297 48 l'embarras
1533 2387 66 45 où
1635 2387 92 47 elle
1762 2388 277 62 m'expose,
2077 2404 81 33 me

101 2439 196 61 charge,
327 2439 269 58 Monsieur,
624 2443 63 47 de
710 2459 128 32 vous
863 2448 180 47 rendre
1067 2454 204 57 compte
1297 2450 62 47 de
1382 2467 77 31 ses
1482 2454 188 46 succès.
1699 2453 44 47 Il
1767 2454 148 64 s'agit
1942 2457 62 45 de
2028 2472 129 32 vous

101 2505 105 47 dire
240 2506 64 46 de
337 2507 166 59 quelle
535 2510 225 48 manière
793 2512 92 49 elle
918 2529 30 32 a
982 2516 161 46 rendu
1176 2516 50 47 la
1260 2516 136 48 fable
1429 2519 63 47 de
1525 2519 294 62 Pigmalion
1852 2526 49 42 et
1938 2523 121 47 celle
2093 2524 62 47 de

109 2572 223 46 Bacchus
603 2577 41 42 et
695 2575 47 58 d'Ariane,
743 2582 55 42 et
799 2578 87 47 les
887 2581 450 61 applaudissemens
1381 2600 99 46 que
1504 2600 80 33 ces
1609 2587 135 47 deux
1767 2587 184 49 ballets
1976 2589 64 47 de
2063 2604 87 33 son

99 2638 264 51 invention
390 2645 90 43 ont
507 2642 189 48 excités
723 2645 29 45 à
776 2645 50 46 la
850 2646 133 48 Cour
1007 2647 365 64 d'Angleterre.

226 2722 21 29 «
285 2709 40 46 Il
356 2725 34 45 y
421 2723 30 32 a
480 2711 113 59 près
625 2711 62 47 de
718 2712 136 48 deux
882 2716 129 45 mois
1042 2716 157 61 qu'on
1228 2718 109 46 voit
1368 2719 315 61 représenter
2036 2736 117 33 sans

98 2772 107 46 s'en
224 2773 170 49 lasser.
418 2775 142 47 Voici
582 2777 62 48 de
664 2779 165 60 quelle
849 2782 223 48 manière
1092 2797 52 33 se
1166 2784 281 62 développe
1464 2785 47 47 le
1531 2785 151 61 sujet.
1707 2787 282 62 Pigmalion
2011 2793 142 43 entre

98 2839 127 47 dans
252 2857 91 31 son
370 2843 176 47 atelier
572 2858 123 34 avec
722 2860 76 33 ses
824 2848 285 62 sculpteurs
1136 2850 86 61 qui
1249 2850 221 49 forment
1496 2868 101 32 une
1623 2853 156 47 danse
1805 2855 344 56 caractérisée,

95 2907 46 45 le
163 2907 193 49 mailiet
381 2914 48 43 et
455 2910 46 47 le
523 2910 168 48 ciseau
715 2912 29 46 à
766 2912 51 47 la
838 2915 157 46 main.
1023 2916 281 61 Pigmalion
1327 2918 108 47 leur
1459 2919 225 47 ordonne
1708 2920 226 47 d'ouvrir
1956 2920 47 48 le
2026 2921 123 47 fond

98 2972 62 47 de
194 2973 215 50 l'atelier
431 2977 87 60 qui
541 2982 76 42 est
640 2980 121 46 orné
785 2981 62 47 de
869 2986 198 45 statues
1090 2984 134 45 aussi
1246 2985 118 46 bien
1387 3000 99 46 que
1506 2985 46 48 le
1575 2986 192 47 devant
1792 3003 10 40 ;
1826 2987 35 46 il
1882 3003 64 31 en
1983 2989 165 59 paroit

97 3053 64 31 au
186 3041 172 48 milieu
381 3059 101 30 une
506 3043 86 61 qui
617 3046 154 47 attire
795 3048 269 60 pardessus
1089 3053 171 44 toutes
1284 3051 70 46 les
1379 3056 171 43 autres
1570 3052 349 47 l'admiration
1946 3053 62 47 de
2031 3059 117 41 tout

94 3104 258 51 lemonde.
376 3109 42 46 Il
437 3109 50 47 la
506 3112 224 60 regarde,
752 3113 33 46 il
803 3114 51 47 la
873 3116 260 47 considère
1153 3121 51 43 et
1224 3117 224 62 soupire;
1468 3118 35 46 il
1523 3123 147 57 porte
1689 3135 78 31 ses
1786 3119 165 47 mains
1971 3135 85 31 sur
2072 3135 77 33 ses

95 3172 158 61 pieds,
283 3189 85 33 sur
395 3191 56 33 sa
478 3177 155 57 taille,
663 3179 33 46 il
724 3196 62 30 en
813 3182 234 48 examine
1075 3187 49 43 et
1152 3198 64 32 en
1244 3184 212 47 observe
1481 3189 118 44 tous
1625 3186 71 47 les
1724 3191 257 52 contours,
2012 3188 137 46 aussi

213 3293 60 47 (1)
308 3293 36 37 Il
367 3294 114 39 était
504 3295 26 38 à
554 3297 197 39 Londres
777 3299 155 51 depuis
962 3311 102 40 1732
1092 3301 148 47 (lettre
1265 3302 54 38 de
1344 3303 197 39 Voltaire
1564 3317 55 25 en
1644 3306 104 37 date
1773 3304 59 38 du
1863 3316 48 37 14
1937 3304 131 49 avril)
2095 3308 47 35 et

94 3351 29 37 il
142 3365 30 36 y
191 3356 120 35 resta
327 3354 208 51 jusqu'en
559 3366 101 41 1735
687 3359 147 46 (lettre
853 3361 53 37 de
925 3361 146 39 l'abbé
1092 3361 201 46 Prévost,
1315 3363 75 50 qui
1410 3363 62 38 lui
1490 3365 122 50 parle
1632 3365 53 38 de
1705 3365 102 38 Mlle
1829 3363 128 46 Sallé,
1979 3376 159 27 encore

94 3423 55 26 en
175 3412 271 50 Angleterre.

212 3473 11 47 (
230 3484 21 26 2
261 3474 11 46 )
304 3474 51 39 A.
381 3475 176 49 Jullien.
581 3478 191 38 Histoire
792 3480 58 37 du
870 3485 180 34 costume
1073 3493 58 26 au
1152 3482 152 38 théâtre
1325 3495 40 38 p.
1389 3484 52 49 63
1465 3487 46 36 et
1529 3495 56 29 ss.

210 3534 61 48 (3)
306 3535 195 38 Mercure
505 3567 10 14 ,
541 3538 111 37 avril
682 3549 118 39 1734,
825 3552 43 36 p.
894 3551 83 37 770
1000 3544 45 36 et
1068 3553 53 26 ss.

1969 3642 25 34 6
