2268 3744
733 214 146 28 COURS
914 215 58 26 DU
1008 206 198 35 COLLÈGE
1240 215 55 25 DE
1329 214 169 26 FRANCE

2027 216 74 37 415

121 306 235 51 passion...
382 305 115 41 Tout
515 320 46 26 ce
583 308 71 51 qui
689 315 63 31 est
776 306 219 51 bachique
1018 315 40 30 et
1083 315 92 31 tout
1200 315 283 31 mouvement
1506 309 53 37 de
1583 306 127 42 l'âme
1732 308 73 50 qui
1827 308 212 51 participe
2057 308 52 40 de

119 386 47 26 ce
183 379 234 42 caractère,
445 388 44 27 se
511 375 178 50 traduit,
715 375 52 39 de
791 373 274 52 préférence:
1089 374 111 39 dans
1218 372 436 47 l'instrumentation,
1676 379 18 35 à
1715 373 128 41 l'aide
1867 374 76 40 des
1965 374 145 51 auloi;

119 442 111 39 dans
254 442 39 40 la
314 443 215 52 mélopée,
557 458 52 25 au
644 456 160 38 moyen
825 442 75 39 des
936 442 242 40 cantilènes
1205 442 314 52 phrygiennes.
1554 456 19 23 »
1613 442 29 40 Il
1670 444 83 38 cite
1789 440 228 54 l'exemple
2053 444 58 41 du

124 512 214 39 musicien
360 511 258 47 Philoxène,
658 512 90 52 qui,
774 519 131 43 ayant
924 512 216 50 entrepris
1161 510 52 40 de
1230 524 233 39 composer
1486 526 86 25 une
1593 513 118 51 pièce
1732 517 86 35 très
1837 512 98 40 vive
1954 524 77 28 sur
2053 526 59 27 un

123 579 112 51 sujet
277 579 185 40 oriental
487 592 52 27 en
562 578 148 40 dorien
750 576 120 52 (sens
914 579 181 50 antique
1118 590 6 26 :
1165 577 165 40 échelle
1352 578 54 40 de
1441 577 59 41 mi
1540 583 21 35 à
1583 578 58 40 mi
1647 578 27 52 ),
1698 578 98 41 n'en
1821 587 77 44 put
1937 581 124 38 venir
2089 583 21 37 à

123 646 124 51 bout,
272 655 56 42 et,
353 651 200 36 entraîné
576 661 80 37 par
675 646 63 40 les
770 647 262 39 sentiments
1055 643 106 55 qu'il
1185 647 116 39 avait
1322 650 21 36 à
1366 647 233 51 exprimer,
1625 646 63 41 fut
1710 649 235 44 contraint,
1971 661 79 39 par
2072 647 39 41 la

124 723 156 32 nature
303 719 143 36 même
469 715 54 40 de
545 714 193 47 l'œuvre,
761 713 53 40 de
838 715 171 38 revenir
1034 727 54 26 au
1112 714 131 40 mode
1267 714 217 53 phrygien
1508 729 171 27 comme
1703 716 93 39 seul
1820 716 289 40 convenable.

123 781 125 42 Nous
273 796 138 27 avons
440 798 56 25 vu
518 790 93 33 tout
641 786 20 35 à
688 782 165 41 l'heure
877 783 136 51 qu'un
1046 783 141 49 grand
1209 785 214 38 musicien
1454 784 211 39 moderne
1702 785 104 39 était
1829 785 99 50 plus
1957 788 157 37 maître

122 851 54 40 de
217 851 75 47 lui,
335 849 311 53 puisqu'après
686 852 123 38 avoir
854 854 256 37 commencé
1147 851 111 40 dans
1293 851 38 40 le
1373 851 131 42 mode
1549 852 106 40 dont
1685 852 121 51 parle
1837 851 209 49 Aristote,
2086 853 28 40 il

124 918 333 40 l'abandonnait
488 933 54 25 au
566 920 233 46 contraire,
825 918 165 53 malgré
1013 932 80 27 son
1117 919 127 52 sujet.

179 985 62 41 Le
270 986 131 40 mode
442 987 218 52 phrygien
683 988 104 39 était
817 987 163 52 spécial
1022 1001 53 26 au
1108 986 300 54 dithyrambe,
1434 1000 149 28 œuvre
1605 992 21 35 à
1664 988 38 39 la
1742 986 85 41 fois
1868 988 171 52 lyrique
2077 996 41 31 et

124 1055 281 52 dramatique
428 1060 237 35 consacrée
686 1055 77 40 dès
788 1053 201 52 l'origine
1013 1060 22 35 à
1059 1054 239 54 Dionysos,
1329 1055 38 41 le
1387 1056 100 40 dieu
1512 1056 127 51 jeune
1656 1065 40 31 et
1719 1054 181 42 brillant
1932 1057 73 51 qui
2029 1058 67 37 ani-

126 1125 105 38 mait
255 1136 69 27 ces
346 1122 106 41 fêtes
477 1129 86 35 très
586 1123 133 41 libres
755 1122 102 42 d'où
892 1132 99 32 sont
1017 1128 76 36 nés
1118 1124 37 40 le
1182 1124 152 40 drame
1369 1127 240 49 satyrique,
1646 1125 37 39 la
1709 1124 213 50 comédie,
1965 1124 38 39 la
2031 1134 66 30 tra-

126 1191 144 50 gédie,
293 1192 37 38 le
355 1192 167 39 théâtre
546 1201 92 31 tout
660 1193 152 47 entier,
835 1194 193 39 création
1053 1192 219 51 originale
1288 1193 76 39 des
1388 1191 150 43 Grecs.
1561 1192 62 40 Le
1643 1192 298 53 dithyrambe,
1962 1194 72 50 qui
2058 1192 62 40 fut

126 1259 38 39 le
188 1259 92 39 seul
321 1259 131 39 chant
474 1259 147 40 choral
653 1260 76 40 des
755 1262 178 38 anciens
958 1260 220 51 Hejlènes,
1217 1275 46 26 se
1282 1261 195 40 chantait
1517 1275 82 26 aux
1635 1261 192 50 grandes
1866 1260 251 54 Dionysies,

126 1324 269 44 c'est-à-dire
417 1341 82 25 aux
524 1329 212 49 premiers
757 1329 119 50 jours
894 1328 56 40 du
976 1330 268 50 printemps;
1271 1329 27 39 il
1320 1331 104 38 était
1447 1333 176 36 exécuté
1651 1343 78 38 par
1754 1345 56 24 un
1834 1329 141 40 chœur
1998 1329 102 53 cycli-

125 1409 91 39 que.,
242 1392 269 43 c'est-à-dire
545 1409 78 38 par
658 1395 75 40 des
769 1395 235 40 chanteurs
1040 1406 41 30 et
1117 1397 75 39 des
1215 1397 216 40 danseurs
1464 1411 54 26 au
1545 1396 185 41 nombre
1759 1397 52 40 de
1838 1411 48 37 50
1920 1400 75 48 qui
2018 1402 76 35 évo-

128 1463 166 40 luaient
326 1476 52 26 en
416 1463 138 40 cercle
576 1472 158 31 autour
771 1464 102 39 d'un
908 1464 116 41 autel
1051 1475 8 38 ;
1085 1464 28 39 il
1146 1467 105 38 était
1285 1469 301 48 accompagné
1609 1479 77 37 par
1717 1465 38 39 la
1799 1465 164 40 double
1999 1465 119 48 flûte,

127 1532 266 39 instrument
413 1531 59 40 du
496 1531 254 51 légendaire
777 1540 146 44 satyre
948 1531 204 54 Marsyas
1173 1544 7 36 ;
1216 1533 61 40 les
1301 1533 167 50 grands
1494 1538 150 46 poètes
1675 1533 51 40 de
1751 1533 38 40 la
1812 1533 112 40 belle
1948 1538 173 47 époque

129 1597 56 48 (la
211 1597 59 41 fin
294 1599 55 40 du
374 1614 61 25 vie
454 1608 41 31 et
521 1599 38 40 le
579 1609 378 31 commencement
976 1601 58 39 du
1053 1615 21 24 v
1080 1606 15 16 e
1125 1601 130 40 siècle
1279 1609 130 32 avant
1425 1600 137 55 J.-C.)
1582 1609 74 32 ont
1680 1605 66 36 été
1771 1607 85 34 très
1879 1601 244 52 productifs

128 1668 111 38 dans
257 1681 46 26 ce
322 1681 136 36 genre
481 1667 52 40 de
557 1670 296 50 composition
874 1682 8 34 ;
904 1669 25 38 il
943 1684 27 36 y
992 1682 20 26 a
1032 1672 23 37 6
1076 1682 94 36 ans,
1193 1682 55 27 on
1267 1683 20 25 a
1312 1674 202 35 retrouvé
1528 1669 76 40 des
1625 1678 136 31 textes
1785 1669 52 40 de
1857 1669 266 52 Bacchylide

128 1735 107 40 dont
256 1750 58 25 un
338 1737 104 38 tiers
466 1744 64 31 est
552 1741 136 45 rangé
706 1738 141 51 parmi
869 1736 62 40 les
955 1736 305 53 dithyrambes
1296 1736 62 41 Ce
1376 1752 54 26 ne
1453 1746 98 31 sont
1570 1738 433 40 malheureusement
2039 1752 84 38 que

128 1804 76 39 des
226 1804 263 40 documents
507 1804 233 40 littéraires
764 1819 9 33 ;
808 1813 137 43 quant
969 1809 21 35 à
1016 1805 37 39 la
1079 1807 219 50 musique,
1335 1806 82 39 elle
1437 1815 65 31 est
1538 1806 178 52 perdue.
1744 1804 70 42 On
1840 1808 106 38 croit
1977 1809 147 37 savoir

127 1872 247 51 cependant
399 1885 85 38 que
508 1872 61 40 les
593 1873 215 40 mélodies
841 1875 75 49 qui
957 1873 38 39 la
1030 1876 306 49 composaient
1366 1876 173 38 avaient
1563 1888 85 26 une
1686 1874 188 40 étendue
1908 1879 84 35 très
2030 1888 69 26 res-

127 1942 171 38 treinte.
326 1939 66 40 En
416 1939 115 51 effet,
555 1940 37 40 la
620 1941 188 40 mélodie
830 1941 184 40 chantée
1032 1943 102 39 était
1158 1942 252 52 reproduite
1430 1956 80 38 par
1533 1942 433 52 l'accompagnateur
1986 1956 76 26 sur
2084 1943 39 40 le

131 2017 134 43 tuyau
288 2022 135 36 grave
447 2008 121 51 [tibia
594 2008 175 40 sinistra
776 2008 10 52 )
811 2009 52 39 de
887 2007 150 41 Vaulos
1060 2009 191 49 double;
1276 2019 41 31 et
1340 2023 172 27 comme
1541 2023 46 27 ce
1610 2019 133 43 tuyau
1769 2023 53 27 ne
1857 2013 264 49 comportait

131 2090 78 37 pas
232 2076 99 52 plus
354 2076 53 40 de
446 2085 154 42 quatre
637 2086 120 31 trous
793 2086 197 42 pouvant
1029 2076 126 41 subir
1190 2077 175 40 l'action
1404 2078 77 39 des
1522 2078 147 50 doigts
1695 2079 55 49 (le
1774 2092 139 38 pouce
1937 2088 131 42 ayant
2100 2083 21 35 à

131 2145 197 38 soutenir
349 2144 9 39 1
378 2142 301 52 instrument),
697 2145 28 39 il
747 2159 54 26 ne
817 2147 180 50 pouvait
1022 2147 368 38 nécessairement
1415 2149 228 49 parcourir
1659 2147 98 50 plus
1775 2146 102 40 d'un
1897 2147 227 40 intervalle

128 2213 51 38 de
206 2213 167 51 quinte,
402 2211 104 41 c'est
533 2227 53 25 au
611 2214 146 39 moins
800 2227 84 26 une
912 2219 87 34 très
1023 2215 260 48 ingénieuse
1307 2214 261 52 hypothèse.
1599 2212 240 54 (Gevaert.)

187 2279 70 42 On
274 2280 157 40 devine
449 2295 45 25 ce
519 2294 85 37 que
632 2283 181 50 pouvait
833 2285 90 36 être
947 2297 55 25 un
1029 2282 180 51 hymme
1239 2286 21 35 à
1293 2282 199 40 Bacchus
1516 2283 111 39 dans
1662 2296 86 27 une
1769 2282 82 41 fête
1875 2283 246 52 populaire.

131 2349 47 54 Je
200 2349 216 40 n'attache
440 2362 77 38 pas
541 2348 227 41 d'ailleurs
795 2363 86 27 une
903 2350 169 50 grande
1095 2352 273 51 importance
1390 2354 21 36 à
1441 2359 92 32 tout
1556 2364 45 26 ce
1623 2352 74 50 qui
1740 2364 21 26 a
1793 2355 66 36 été
1879 2351 61 40 dit
1982 2364 76 27 sur
2089 2351 38 40 le

131 2422 218 35 caractère
372 2416 217 53 expressif
607 2417 53 40 de
677 2431 46 26 ce
745 2420 144 38 mode.
918 2416 77 42 S'il
1011 2433 26 38 y
1060 2432 21 26 a
1099 2418 76 40 des
1199 2432 111 37 gens
1335 2421 90 50 qui,
1464 2433 80 38 par
1562 2418 75 50 lui,
1663 2427 75 31 ont
1758 2424 67 35 été
1845 2420 129 39 saisis
1997 2419 131 40 d'une

132 2484 148 40 fureur
302 2484 163 51 divine,
508 2485 105 40 c'est
656 2499 85 38 que
766 2488 219 38 vraiment
1027 2486 53 40 ils
1114 2488 175 39 avaient
1321 2487 366 40 l'enthousiasme
1719 2486 127 41 facile
1871 2498 8 37 ;
1924 2488 38 51 je
1997 2500 105 39 soup-

129 2565 140 37 çonne
293 2566 85 38 que
400 2552 111 40 dans
528 2553 62 39 les
611 2551 108 41 fêtes
745 2553 52 39 de
825 2552 238 54 Dionysos,
1090 2554 65 39 s'il
1183 2569 22 37 y
1235 2556 117 38 avait
1375 2568 85 26 une
1484 2556 183 45 ivresse,
1690 2555 36 39 la
1750 2556 205 50 musique
1980 2556 148 39 n'était

134 2634 79 38 pas
238 2620 122 40 seule
386 2624 20 36 à
429 2620 38 40 la
507 2634 267 38 provoquer.
799 2620 49 55 Je
881 2622 301 40 m'attacherai
1220 2626 21 36 à
1270 2623 196 39 éclaircir
1488 2623 215 51 quelques
1739 2624 146 50 points
1923 2624 97 51 plus
2044 2625 56 37 im-

133 2697 222 43 portants:
393 2697 93 32 tout
508 2687 202 49 d'abord,
742 2693 21 35 à
788 2690 93 39 dire
898 2703 51 27 en
976 2692 103 50 quoi
1098 2690 37 40 le
1156 2691 127 40 mode
1309 2690 341 53 antiquediffère
1672 2691 58 41 du
1759 2691 129 41 mode
1919 2691 210 40 moderne

134 2758 214 40 construit
372 2770 74 27 sur
470 2758 62 39 les
556 2761 167 36 mêmes
748 2758 178 50 degrés.

189 2824 211 54 L'espace
423 2825 53 40 de
498 2827 44 37 ré
566 2830 21 35 à
612 2829 42 36 ré
677 2827 217 39 constitue
916 2825 194 42 l'échelle
1135 2827 187 51 modale,
1344 2841 45 26 ce
1405 2841 83 38 que
1510 2828 63 39 les
1592 2828 265 39 théoriciens
1876 2836 74 31 ont
1975 2827 154 52 appelé

133 2892 24 41 Y
162 2893 180 40 anbitus
362 2894 53 40 de
435 2893 40 40 la
494 2893 205 50 mélodie,
715 2903 40 31 et
773 2907 44 27 ce
842 2908 85 38 que
946 2895 61 40 les
1026 2894 178 41 Italiens
1222 2896 250 52 appelaient
1495 2896 38 39 la
1557 2895 207 41 tessitura.
1788 2895 129 47 Mais,
1935 2895 111 40 dans
2065 2905 65 31 cet

135 2976 171 39 espace,
324 2976 56 27 on
401 2971 103 44 peut
524 2963 231 49 organiser
767 2961 227 42 différents
1017 2970 231 46 systèmes,
1271 2965 122 40 selon
1414 2964 133 52 qu'on
1562 2965 38 39 le
1622 2965 141 39 divise
1777 2964 51 39 de
1846 2964 99 39 telle
1962 2977 55 27 ou
2033 2964 97 40 telle

138 3033 209 48 manière,
374 3031 439 52 arithmétiquement
833 3044 53 27 ou
907 3031 434 54 harmoniquement.
1377 3032 63 40 De
1481 3033 115 52 plus,
1644 3033 62 39 les
1742 3032 214 40 mélodies
1978 3034 152 38 écrites

136 3100 111 39 dans
268 3113 46 26 ce
337 3100 130 40 mode
491 3109 190 43 peuvent
700 3104 89 35 être
809 3100 191 40 classées
1021 3099 173 54 d'après
1219 3102 37 38 la
1284 3103 138 51 partie
1445 3102 52 39 de
1521 3099 196 43 l'échelle
1753 3100 174 41 modale
1950 3100 180 52 qu'elles

137 3177 280 43 parcourent,
454 3166 173 54 d'après
671 3168 61 40 les
768 3168 157 50 degrés
966 3170 73 50 qui
1077 3169 94 40 leur
1210 3179 173 31 servent
1421 3170 54 40 de
1498 3183 104 27 sons
1646 3171 184 38 initiaux
1865 3178 40 30 et
1940 3169 53 39 de
2027 3182 103 26 sons

137 3237 159 39 d'arrêt
338 3234 252 42 Saisissons
612 3236 102 41 bien
735 3236 37 40 la
794 3236 234 40 différence
1048 3236 217 53 profonde
1289 3239 90 51 qui,
1400 3252 74 26 sur
1497 3252 69 26 ces
1589 3239 111 39 deux
1721 3239 162 50 points,
1916 3249 155 39 séparé
2094 3236 36 40 la

139 3304 204 52 musique
367 3306 213 38 ancienne
603 3305 105 39 delà
735 3306 206 51 musique
966 3306 225 40 moderne.
1223 3304 310 54 Aujourd'hui,
1560 3314 125 32 notre
1717 3306 168 40 théorie
1923 3304 207 40 musicale

138 3370 218 42 n'attache
380 3386 169 27 aucune
575 3374 271 51 importance
871 3377 20 36 à
916 3373 39 40 la
977 3377 300 38 construction
1296 3375 53 39 de
1370 3374 38 39 la
1431 3374 187 40 mélodie
1637 3389 8 32 ;
1665 3373 82 40 elle
1771 3386 53 26 ne
1844 3372 88 40 s'en
1970 3384 160 39 occupe

139 3440 265 40 nullement.
436 3439 96 41 Elle
553 3454 53 26 ne
627 3441 228 51 distingue
891 3455 80 38 pas
994 3457 59 26 un
1097 3442 131 41 chant
1253 3442 267 53 authentique
1543 3440 101 41 d'un
1665 3441 131 40 chant
1824 3440 154 54 plagal
1999 3448 40 31 et
2062 3438 66 41 n'a

142 3520 169 27 aucune
336 3507 314 50 terminologie
684 3522 113 38 pour
819 3510 107 40 cela.
965 3508 93 43 Nos
1090 3511 112 40 deux
1226 3523 203 37 gammes
1467 3523 53 26 ne
1541 3507 191 51 figurent
1774 3507 110 40 dans
1917 3507 61 40 les
1998 3507 130 39 livres
