2268 3744
118 174 81 46 406

912 182 201 28 GASPARD
1147 182 207 28 SPONTINI

170 280 98 41 Une
302 280 131 40 étude
457 279 219 52 complète
701 279 57 40 du
788 278 135 40 talent
945 278 54 40 de
1018 277 210 54 Spontini
1251 291 53 26 ne
1323 273 169 44 saurait
1515 279 91 36 être
1631 278 146 37 tentée
1801 274 69 39 ici.
1921 272 30 40 Il
1987 287 27 37 y
2054 272 69 41 fau-

116 350 113 39 drait
255 364 58 26 un
329 349 178 39 volume
551 346 136 42 Aussi
725 347 118 44 bien,
871 350 192 50 puisque
1088 348 39 39 la
1157 346 14 40 I
1193 346 128 40 estale
1343 360 21 25 a
1387 358 105 27 revu
1526 358 88 27 une
1638 343 84 40 fois
1745 343 54 40 de
1823 343 99 52 plus
1962 342 63 40 les
2046 340 100 43 feux

116 419 54 39 de
203 418 38 40 la
259 431 151 39 rampe
433 426 40 30 et
494 430 87 38 que
600 430 47 26 ce
687 418 195 51 premier
902 416 150 42 chef-d
1073 430 152 28 œuvre
1251 419 176 37 résume
1457 423 40 31 et
1541 413 246 53 synthétise
1828 425 71 28 ses
1954 411 192 54 qualités

116 490 293 48 essentielles,
428 489 25 39 il
480 487 155 41 suffira
666 488 99 41 d'en
791 490 230 40 examiner
1060 489 62 40 les
1146 490 125 38 traits
1293 487 63 40 les
1391 486 100 53 plus
1515 486 205 40 saillants
1753 499 54 26 en
1847 492 211 44 essayant
2093 484 53 40 de

116 559 270 39 déterminer
410 558 113 39 ainsi
551 557 62 40 les
634 571 159 27 causes
814 559 104 40 d'un
961 564 151 35 succès
1137 559 74 52 qui
1237 556 64 41 fut
1325 570 54 27 en
1404 569 174 28 somme
1600 553 205 42 durable.
1847 553 30 40 Il
1902 553 241 40 deviendra

119 640 123 27 assez
276 628 92 38 aisé
402 626 53 40 de
487 626 227 41 discerner
738 642 79 38 par
842 627 38 40 là
903 628 113 40 dans
1054 628 146 52 quelle
1225 640 175 27 mesure
1426 625 182 41 l'œuvre
1649 624 59 41 du
1751 628 159 35 maître
1949 637 20 25 a
2009 623 136 40 influé

118 710 77 26 sur
233 696 107 40 celle
361 696 52 40 de
452 709 70 27 ses
544 709 300 28 successeurs.

174 764 151 41 Parmi
349 765 62 40 les
435 778 159 27 causes
629 766 53 40 de
708 771 170 43 succès,
917 774 145 33 toutes
1099 781 53 25 ne
1177 775 99 31 sont
1308 780 79 38 pas
1425 764 319 54 spécialement
1783 761 257 41 musicales.
2082 759 61 41 Le

119 834 126 41 livret
262 835 53 40 de
348 835 38 39 la
421 834 12 40 1
457 834 143 50 estale,
627 837 272 39 intéressant
924 844 41 31 et
1000 835 100 41 bien
1125 835 94 48 fait,
1247 835 108 41 offre
1376 848 123 27 assez
1524 834 54 40 de
1599 837 252 37 nouveauté
1891 845 111 39 pour
2023 831 122 39 avoir

118 905 136 40 excité
280 919 57 26 un
369 903 64 42 vif
455 907 176 38 intérêt.
663 904 31 41 Il
717 904 108 42 offre
849 915 111 31 cette
984 905 305 53 particularité
1308 905 54 40 de
1385 904 276 52 reproduire,
1681 916 104 27 avec
1808 901 100 53 plus
1933 901 52 40 de
2009 900 108 40 déve-

118 974 273 53 loppement,
420 974 37 40 le
482 975 113 52 sujet
627 974 58 40 du
711 976 253 50 quatrième
989 973 179 40 tableau
1193 974 56 39 du
1275 973 174 40 célèbre
1473 972 137 40 ballet
1635 972 57 39 les
1724 971 219 40 Eléments
1967 970 52 40 de
2058 969 83 49 Ko,

115 1046 85 38 mis
221 1057 54 27 en
299 1045 207 51 musique
530 1058 80 37 par
631 1042 207 41 Lalande
863 1051 40 31 et
929 1042 277 39 Destouches
1235 1054 54 27 en
1320 1054 118 39 1722,
1470 1049 41 32 et
1534 1041 107 40 dont
1677 1041 40 39 la
1759 1053 147 36 vogue
1940 1041 118 38 avait
2078 1042 68 37 été

117 1113 186 50 grande.
330 1112 195 40 Détaché
545 1112 54 39 de
622 1110 286 46 l'ensemble,
932 1123 46 26 ce
1004 1109 179 41 tableau
1209 1119 178 43 reparut
1411 1123 54 27 en
1488 1108 256 42 différentes
1777 1110 234 39 occasions
2033 1108 113 40 dans

120 1182 62 39 les
207 1180 241 53 spectacles
471 1184 165 48 coupés
663 1180 121 40 alors
816 1181 22 37 à
866 1179 38 40 la
930 1180 147 39 mode.
1101 1178 62 40 La
1183 1179 204 41 dernière
1412 1180 166 51 reprise
1599 1178 139 40 datait
1770 1178 53 40 de
1856 1192 117 36 1777.

175 1249 117 52 Quoi
323 1249 106 51 qu'il
467 1262 53 26 en
546 1251 101 43 soit,
685 1249 38 40 le
769 1249 115 52 sujet
920 1248 53 40 de
1011 1248 39 40 la
1083 1248 164 40 Vestale
1289 1250 119 39 avait
1433 1247 270 52 l'avantage,
1731 1252 21 36 à
1777 1247 167 41 l'heure
1984 1253 56 34 où
2080 1246 64 40 les

119 1319 177 39 drames
332 1317 367 53 mythologiques
726 1331 57 27 ou
798 1317 432 52 historiques,chers
1252 1333 83 25 aux
1360 1317 260 41 librettistes
1643 1316 210 52 français,
1868 1318 177 39 avaient
2065 1314 78 41 fini

121 1402 79 38 par
221 1387 138 40 lasser
371 1395 94 32 tout
480 1387 38 40 le
536 1387 177 47 monde,
733 1388 53 39 de
807 1392 230 47 présenter
1058 1387 78 40 des
1160 1388 240 40 situations
1422 1387 284 52 pathétiques
1731 1394 56 33 où
1804 1387 61 39 les
1880 1387 266 39 sentiments

122 1456 62 40 les
205 1457 100 52 plus
328 1456 183 53 simples
529 1465 40 31 et
590 1456 63 40 les
675 1456 101 53 plus
798 1456 213 41 humains
1033 1458 222 38 entraient
1280 1456 120 41 seuls
1423 1470 54 26 en
1501 1456 165 40 conflit.
1686 1455 66 40 En
1782 1458 115 49 1807,
1917 1455 63 39 les
2002 1462 144 43 temps

120 1526 59 40 du
203 1526 153 40 drame
379 1527 284 50 romantique
706 1528 167 38 étaient
897 1526 202 52 proches.
1126 1524 119 42 Sous
1266 1526 39 40 le
1328 1535 203 31 costume
1555 1527 191 46 romain,
1788 1538 56 26 au
1884 1532 170 32 travers
2092 1522 53 40 de

122 1595 252 41 l'élocution
393 1593 303 54 'académique
720 1603 40 33 et
793 1595 223 53 classique
1046 1595 53 41 de
1136 1594 132 55 Jouy,
1303 1594 328 41 l'affabulation
1673 1594 58 40 du
1756 1594 154 40 drame
1947 1593 63 40 les
2044 1592 81 40 lais-

120 1666 84 38 sait
227 1677 190 39 presque
436 1664 96 52 déjà
563 1665 270 51 pressentir.

179 1732 112 43 Rien
315 1733 53 40 de
391 1733 100 52 plus
514 1733 177 52 simple,
718 1733 259 49 d'ailleurs,
1002 1747 85 38 que
1111 1746 46 27 ce
1176 1734 127 52 sujet.
1340 1733 69 41 Un
1441 1733 130 52 jeune
1590 1733 183 50 général
1804 1733 191 47 romain,
2033 1730 91 41 Lici-

121 1804 113 44 nius,
269 1803 168 40 revient
472 1803 249 40 victorieux
748 1803 115 39 dans
887 1803 40 40 la
953 1802 129 48 Ville,
1122 1808 129 47 après
1287 1804 123 39 avoir
1449 1801 136 41 défait
1610 1802 63 40 les
1703 1802 164 41 hordes
1897 1801 246 50 gauloises.

120 1870 118 41 C'est
278 1886 82 26 aux
401 1871 207 43 vestales,
671 1873 143 50 parmi
864 1872 63 40 les
969 1872 319 40 acclamations
1327 1869 106 43 d'un
1470 1872 162 52 peuple
1671 1871 328 46 enthousiaste,
2038 1870 108 51 qu'il

121 1942 249 50 appartient
392 1939 168 41 d'offrir
579 1954 54 26 au
659 1942 257 50 vainqueur
941 1942 38 39 la
1002 1954 226 27 couronne
1270 1941 285 53 triomphale.
1588 1940 56 41 Et
1682 1942 113 38 dans
1839 1940 108 40 celle
1984 1940 73 50 qui
2084 1938 61 42 lui

119 2014 203 47 présente
360 2009 252 41 l'emblème
653 2015 227 43 consacré,
925 2010 27 40 il
993 2015 282 35 reconnaîtra
1315 2010 136 54 Julia,
1513 2010 105 52 qu'il
1677 2011 154 39 aimait
1868 2009 276 41 ardemment

122 2088 40 31 et
202 2079 106 40 dont
340 2076 145 43 l'arrêt
527 2079 53 40 de
605 2088 181 43 parents
816 2079 147 40 cruels
1003 2077 106 42 l'ont
1144 2084 156 47 séparé
1336 2093 114 38 pour
1486 2080 177 52 jamais.
1711 2077 122 42 C'est
1875 2079 37 39 le
1953 2079 193 52 premier

126 2157 109 31 acte.

181 2217 66 39 Au
282 2217 179 45 second,
488 2231 322 26 noussommes
838 2217 112 40 dans
973 2218 38 39 le
1041 2217 163 52 temple
1242 2218 53 39 de
1322 2217 152 41 Vesta.
1499 2217 135 54 Julia,
1654 2217 138 48 seule,
1820 2215 37 42 la
1877 2218 112 47 nuit,
2014 2217 131 40 veille

124 2300 76 26 sur
229 2286 37 40 le
291 2285 67 42 feu
375 2291 123 36 sacré
515 2288 75 50 qui
616 2301 53 26 ne
692 2288 92 39 doit
811 2288 125 51 point
966 2287 254 40 s'éteindre.
1244 2286 201 40 Licinius
1465 2302 27 37 y
1510 2287 184 40 viendra
1720 2287 40 39 la
1786 2295 243 32 retrouver.

181 2355 95 40 Elle
297 2356 155 44 lésait,
489 2371 24 37 y
543 2365 186 31 consent
750 2365 40 31 et
819 2364 145 44 rompt
989 2370 110 38 pour
1121 2370 78 26 son
1221 2370 160 26 amour
1404 2369 69 27 ses
1497 2364 222 32 serments
1757 2356 62 40 les
1840 2356 100 52 plus
1978 2359 163 37 sacrés.

123 2423 61 41 La
210 2425 178 39 flamme
412 2427 222 51 mystique
666 2425 160 40 vacille
867 2433 40 32 et
934 2424 303 41 s'évanouit-..
1286 2425 193 46 Prêtres,
1520 2424 210 50 vestales,
1773 2425 290 40 envahissent
2104 2425 37 39 la

122 2499 145 40 scène,
294 2493 203 40 brûlants
521 2494 131 40 d'une
675 2496 145 38 sainte
861 2494 301 50 indignation.
1202 2493 203 40 Licinius
1439 2509 22 24 a
1501 2509 58 37 pu
1583 2493 98 41 fuir.
1721 2493 118 41 xMais
1863 2494 38 39 la
1943 2493 172 41 malheu-

121 2576 127 27 reuse
263 2563 132 54 Julia,
414 2561 203 42 accablée
651 2563 79 40 des
758 2563 319 40 malédictions
1099 2563 53 40 de
1175 2563 37 40 la
1241 2563 136 51 foule,
1405 2563 151 48 devra,
1597 2565 176 38 suivant
1807 2564 216 51 l'antique
2066 2563 75 47 loi,

123 2632 118 53 périr
259 2631 132 41 d'une
414 2640 114 32 mort
552 2631 209 41 affreuse.

178 2699 118 42 C'est
319 2701 111 40 dans
454 2702 38 39 le
510 2700 177 53 Champ
711 2701 202 48 scélérat,
939 2700 240 41 Sccleralus
1205 2716 107 38 ager
1319 2732 8 14 ,
1348 2715 85 39 que
1454 2700 161 42 s'élève
1632 2701 38 41 la
1688 2700 151 42 tombe
1863 2708 57 34 où
1938 2702 83 40 elle
2046 2715 95 27 sera

125 2769 222 41 enfermée
363 2772 192 39 vivante.
582 2770 170 40 Tandis
771 2768 135 54 qu'un
934 2769 186 41 funèbre
1143 2776 178 45 cortège
1345 2770 56 54 l'y
1645 2769 218 47 Licinius,
1891 2785 102 26 avec
2018 2772 99 52 quel-

126 2852 109 38 ques
259 2839 111 39 amis
409 2839 194 40 dévoués
660 2846 175 32 accourt
859 2851 113 39 pour
1005 2838 239 40 l'arracher
1276 2843 20 35 à
1336 2838 36 40 la
1398 2847 130 32 mort.
1553 2838 97 41 Une
1686 2839 109 41 lutte
1832 2838 226 41 fratricide
2089 2854 52 25 va

124 2906 284 52 s'engager...
438 2906 115 41 Mais
574 2907 38 40 le
633 2906 77 40 ciel
733 2906 277 45 s'obscurcit,
1039 2907 39 39 la
1106 2906 155 41 foudre
1279 2910 189 48 gronde,
1493 2907 22 40 h
1524 2908 134 40 éclair
1673 2907 130 42 brille
1836 2918 41 31 et
1899 2923 77 26 sur
1993 2907 148 42 l'autel

124 2977 118 38 vient
261 2975 211 41 rallumer
495 2976 38 39 le
565 2974 71 41 feu
662 2980 137 35 sacré.
831 2974 90 41 Les
957 2976 129 40 dieux
1110 2986 76 30 ont
1224 2977 232 52 pardonné
1498 2980 21 36 à
1555 2977 36 40 la
1628 2977 167 40 vestale
1828 2977 234 53 coupable.
2089 2976 54 42 Et

124 3045 111 39 dans
259 3045 62 38 les
339 3045 155 40 chants
515 3043 306 50 d'allégresse,
851 3057 81 27 son
958 3046 139 39 union
1116 3059 104 27 avec
1240 3045 200 41 Licinius
1466 3055 64 31 est
1554 3045 120 41 enfin
1706 3046 214 40 célébrée.

180 3111 61 42 La
265 3114 206 51 musique
491 3113 107 40 dont
623 3111 209 54 Spontini
852 3114 148 39 anima
1028 3113 62 40 les
1111 3116 239 50 péripéties
1377 3115 269 41 touchantes
1669 3124 40 31 et
1743 3115 308 53 dramatiques
2090 3116 55 41 de

124 3191 111 31 cette
252 3182 183 40 histoire
452 3191 64 31 est
536 3187 279 36 assurément
836 3187 269 47 apparentée
1122 3183 54 40 de
1203 3189 87 35 très
1312 3190 100 46 près
1437 3198 104 26 avec
1564 3184 108 40 celle
1694 3184 54 40 de
1774 3182 158 43 Gluck.
1950 3184 64 41 La
2035 3184 88 42 fidé-

125 3251 73 39 lité
212 3260 39 31 et
267 3251 37 40 la
320 3251 268 41 véhémence
604 3252 53 40 de
677 3250 290 54 l'expression
989 3265 53 26 en
1064 3251 91 41 font
1174 3252 38 40 le
1235 3254 157 39 mérite
1409 3253 233 53 principal.
1662 3252 190 42 Comme
1870 3267 80 28 son
1971 3255 173 40 illustre

125 3320 248 50 devancier,
398 3318 209 54 Spontini
626 3321 177 51 excelle,
827 3335 54 26 au
927 3334 131 27 cours
1099 3321 54 40 de
1195 3322 219 40 mélodies
1447 3323 204 39 vivantes
1691 3332 40 31 et
1755 3321 338 53 significatives,
2122 3328 21 36 à

125 3390 148 39 suivre
293 3389 62 40 les
376 3389 158 40 détails
558 3389 105 41 d'un
684 3391 264 45 sentiment,
974 3394 21 35 à
1023 3398 155 32 mettre
1201 3403 54 27 en
1287 3389 127 41 relief
1428 3391 63 40 les
1523 3391 197 41 diverses
1745 3406 197 27 nuances
1966 3393 52 40 de
2042 3407 76 38 pas-

126 3459 96 38 sion
245 3460 74 49 qui
338 3471 45 27 se
407 3459 235 40 succèdent
663 3473 54 26 en
743 3472 82 27 une
847 3462 97 37 âme
969 3460 116 51 prise
1110 3473 80 38 par
1210 3473 87 26 une
1340 3462 175 38 intense
1555 3462 212 40 émotion.
1796 3460 118 53 Quoi
1940 3462 53 40 de
2042 3462 101 52 plus

127 3527 110 39 beau
264 3541 54 25 en
356 3541 46 26 ce
421 3541 136 36 genre
588 3542 85 38 que
706 3537 121 31 toute
850 3528 38 40 la
918 3534 128 34 scène
1070 3528 53 40 de
1146 3528 115 54 Julia
1285 3543 54 26 au
1368 3528 137 42 début
1525 3530 58 40 du
1619 3531 162 40 second
1817 3539 94 32 acte
1960 3542 8 28 :
2007 3545 19 23 «
2058 3530 83 42 Toi
