2268 3744
760 193 146 28 COURS
941 192 58 26 DU
1034 182 202 36 COLLÈGE
1270 190 56 26 DE
1362 187 172 28 FRANCE

142 191 80 48 418

203 295 100 41 Afin
321 296 53 40 de
393 303 136 31 rester
551 294 112 39 dans
686 304 105 27 mon
810 299 301 44 programme,
1139 286 74 51 qui
1238 293 64 32 est
1322 284 53 40 de
1414 283 172 40 donner
1609 281 77 40 des
1710 282 179 39 notions
1914 279 53 40 de
2000 293 123 36 gram-

147 367 138 39 maire
303 363 228 48 musicale,
557 370 40 32 et
621 374 89 27 non
730 357 217 43 d'étudier
971 360 21 36 à
1016 354 105 41 fond
1150 368 59 25 un
1242 354 124 52 point
1391 350 257 54 particulier
1673 349 53 40 de
1768 348 230 49 l'histoire,
2026 348 38 52 je
2085 361 68 27 me

147 435 201 40 bornerai
376 437 21 35 à
422 440 155 32 mettre
597 444 54 26 en
673 430 184 39 lumière
880 442 59 26 un
960 425 77 41 fait
1056 425 74 52 qui
1155 422 213 41 achèvera
1394 420 253 52 d'indiquer
1677 419 38 40 la
1745 417 178 41 fortune
1947 415 99 54 qu'a
2072 430 81 27 eue

147 517 45 28 ce
218 503 129 40 mode
386 501 53 39 de
466 502 45 37 ré
552 510 7 28 i
587 499 26 39 il
648 507 65 31 est
738 496 150 42 retatif
922 500 22 36 à
969 496 38 39 la
1037 493 325 52 transposition
1406 496 87 35 tiès
1517 489 247 52 fréquente,
1797 487 188 49 usuelle,
2018 500 59 38 qu
2098 500 55 26 on

147 586 53 26 en
234 586 20 25 a
280 569 195 41 faitesur
501 568 38 39 la
564 580 181 38 gamme
767 566 54 40 de
843 566 65 40 sol
943 578 105 28 avec
1080 578 59 26 un
1161 566 85 36 szb-
1286 560 122 40 Pour
1427 559 198 50 dégager
1648 571 47 27 ce
1726 555 77 42 fait
1832 557 260 51 important,
2116 555 37 52 je

147 641 164 39 suivrai
355 637 160 41 l'ordre
539 640 143 36 même
700 636 76 39 des
799 635 258 40 recherches
1086 630 257 54 auxquelles
1364 630 38 52 je
1425 642 71 26 me
1514 628 92 40 suis
1627 627 123 47 livré,
1777 634 39 32 et
1838 625 63 40 les
1940 624 187 41 observa-

146 711 117 40 tions
287 709 73 50 qui
385 707 62 40 les
471 715 75 32 ont
564 709 367 48 accompagnées.

200 776 125 44 Nous
353 789 138 28 avons
522 778 153 37 trouvé
698 782 111 32 cette
832 773 321 52 transposition
1176 771 58 40 du
1260 769 130 41 mode
1413 768 53 40 de
1489 769 44 37 ré
1548 780 53 27 en
1630 765 65 40 sol
1724 778 104 28 avec
1846 763 64 40 sO
1933 763 112 43 dans
2066 776 86 27 une

146 847 190 40 mélodie
359 846 54 40 de
440 844 61 40 M.
528 841 314 50 Saint-Saëns,
861 841 136 41 Sabre
1012 855 50 26 en
1079 854 137 27 main.
1248 837 95 42 Elle
1368 846 102 45 peut
1494 841 90 36 être
1623 833 223 42 rattachée
1869 837 22 36 à
1926 847 59 26 un
2010 845 141 37 usage

146 915 84 42 fort
254 917 169 39 ancien.
449 914 49 55 Je
520 915 39 39 la
586 922 153 32 trouve
754 911 308 42 d'aborddans
1084 911 108 39 trois
1208 921 194 39 groupes
1420 907 52 40 de
1497 906 263 41 documents
1785 910 56 34 où
1864 908 187 46 régnent
2074 901 77 41 des

146 986 120 41 idées
287 990 87 36 très
393 988 219 49 opposées
638 987 78 37 :i°
752 982 62 40 les
844 981 160 40 danses
1039 979 59 39 du
1134 992 70 26 xvi
1209 983 14 16 c
1261 976 130 40 siècle
1415 990 55 33 ;2
1479 980 16 17 0
1538 975 61 39 les
1648 974 156 39 chants
1841 980 274 45 protestants
2140 985 9 34 ;

148 1070 17 35 3
172 1060 18 17 0
211 1055 62 40 les
294 1056 87 39 airs
405 1053 272 54 populaires.

201 1124 121 40 Dans
346 1123 39 39 le
406 1121 158 41 recueil
601 1120 52 40 de
677 1121 63 38 six
765 1119 131 38 livres
919 1117 54 38 de
995 1115 163 39 danses
1189 1114 58 39 du
1278 1123 69 29 xvi
1353 1117 15 17 e
1402 1111 131 40 siècle
1559 1112 75 50 qui
1658 1119 64 31 est
1749 1114 21 35 à
1813 1108 38 41 la
1891 1109 123 41 Bibl.
2045 1108 103 42 Nat.

146 1192 210 53 (Réserve
374 1189 37 41 V
433 1195 30 16 111
484 1187 142 53 2713\
651 1201 57 27 on
727 1187 90 40 voit
837 1190 328 35 constamment
1185 1183 77 39 des
1279 1182 146 52 pièces
1446 1181 155 39 écrites
1625 1192 55 28 en
1699 1178 67 40 sol
1785 1191 104 27 avec
1906 1192 60 26 un
1989 1178 38 40 si
2053 1177 37 49 b,
2110 1187 41 32 et

145 1268 172 34 surtout
334 1259 77 39 des
434 1260 145 50 pièces
613 1256 133 40 d'une
778 1255 140 40 allure
941 1252 249 54 populaire,
1215 1265 81 38 par
1335 1249 200 52 exemple
1557 1249 63 40 les
1648 1247 196 41 branles.
1956 1248 58 40 id.
2038 1261 114 39 pour

144 1329 38 40 le
216 1327 178 42 Recueil
419 1327 53 42 de
496 1324 184 42 Munich
723 1321 159 55 (1583).

198 1397 122 42 Dans
341 1397 63 39 les
428 1394 184 41 recueils
637 1394 52 40 de
709 1393 155 40 chants
887 1391 272 53 populaires,
1180 1392 144 37 même
1345 1387 304 42 observation.
1674 1386 74 50 (V.
1780 1385 193 49 Tiersot,
2003 1385 118 40 Chan-

140 1481 99 25 sons
252 1464 247 57 populaires
519 1463 70 40 des
604 1462 222 55 provinces
845 1459 239 52 françaises
1109 1474 6 25 :
1141 1458 58 39 Le
1225 1457 158 54 Départ
1399 1456 71 40 des
1493 1455 162 41 soldats
1670 1454 280 56 piémontais,
1976 1453 41 40 la
2037 1454 113 40 Fille

141 1536 106 39 dans
268 1549 44 25 sa
337 1540 107 41 tour,
468 1531 211 51 Pernetle,
703 1530 40 40 la
766 1529 136 40 Triste
917 1528 135 48 Noce,
1077 1528 40 40 la
1130 1526 112 41 Fille
1266 1541 85 25 aux
1371 1526 209 52 dragons,
1608 1524 40 40 la
1674 1522 273 56 Complainte
1966 1538 54 24 au
2043 1522 107 53 sujet

141 1602 101 41 d'un
266 1603 164 39 homme
446 1601 73 54 qui
550 1616 23 24 a
607 1603 66 37 tué
716 1614 44 25 sa
782 1600 156 49 femme
945 1631 9 17 ,
980 1596 102 53 etc.)

197 1672 122 40 Dans
342 1671 39 39 le
401 1671 199 51 psautier
630 1669 233 50 huguenot
903 1667 52 40 de
992 1665 205 41 Clément
1232 1663 146 41 Marot
1414 1672 41 31 et
1478 1662 84 40 Th.
1590 1662 52 40 de
1679 1659 298 55 Bèze(isÔ2),
2024 1660 54 42 cf.
2110 1662 39 40 le

141 1754 65 40 ps.
235 1755 27 25 11
287 1739 162 52 auquel
474 1738 205 40 Clément
699 1737 145 39 Marot
868 1750 21 25 a
915 1736 84 39 mis
1020 1733 274 54 l'épigraphe
1328 1734 203 39 suivante
1559 1747 7 25 :
1595 1744 20 25 «
1639 1730 56 41 Ici
1724 1732 172 39 voit-on
1924 1740 225 33 comment

141 1810 140 39 David
306 1817 40 31 et
367 1822 80 26 son
471 1820 212 40 royaume
713 1815 100 31 sont
835 1818 134 39 vraye
993 1803 143 51 figure
1155 1811 40 32 et
1216 1800 281 43 indubitable
1534 1801 233 52 prophétie
1801 1800 52 41 de
1869 1799 123 56 J.-C.
2016 1810 40 31 et
2096 1801 52 40 de

141 1891 80 28 son
235 1883 150 45 règne.
475 1876 73 40 Ps.
571 1890 25 25 v
620 1875 160 51 (David
797 1888 52 26 en
867 1874 82 40 exil
967 1881 132 44 ayant
1123 1871 230 53 beaucoup
1371 1869 184 42 souffert
1575 1877 41 33 et
1632 1869 269 41 s'attendant
1926 1874 21 35 à
1969 1869 180 41 souffrir

143 1948 301 48 davantage...
467 1945 180 40 adresse
670 1957 45 27 sa
741 1945 143 51 prière
918 1947 21 35 à
984 1942 128 40 Dieu.
1213 1940 75 42 Ps.
1314 1955 42 25 vi
1376 1954 9 26 1
1395 1939 49 52 (Il
1483 1940 94 51 prie
1612 1938 161 42 d'estre
1798 1942 209 48 préservé
2030 1938 53 41 de
2107 1939 39 40 la

140 2016 281 53 persécution
447 2014 52 39 de
525 2011 141 43 SaûL.
701 2011 129 41 —Ps.
852 2027 39 24 xi
913 2010 159 53 (David
1096 2024 47 26 se
1163 2010 139 52 plaint
1326 2009 52 40 de
1402 2022 105 27 ceux
1529 2010 75 50 qui
1623 2008 39 40 le
1682 2007 208 41 chassent
1905 2008 53 40 de
1976 2007 39 41 la
2034 2017 113 31 terre

141 2082 214 54 d'lsraël).
456 2082 74 40 Ps.
555 2097 59 24 XII
636 2090 40 32 et
691 2096 76 26 XIII
793 2080 49 51 (Il
859 2080 122 52 parle
1001 2088 151 32 contre
1169 2079 63 39 les
1254 2078 200 40 flatteurs
1474 2077 54 40 de
1552 2077 40 40 la
1729 2077 53 40 de
1804 2075 126 49 Saul,
1953 2085 41 32 et
2018 2082 129 47 après

140 2154 222 52 plusieurs
383 2151 203 41 batailles
603 2151 189 52 perdues
817 2163 45 26 se
880 2149 138 52 plaint
1040 2161 87 40 que
1145 2147 111 40 Dieu
1272 2147 123 40 tarde
1416 2155 91 32 tant
1533 2151 21 35 à
1575 2147 37 39 le
1649 2145 230 52 secourir).
1976 2145 74 40 Ps.
2076 2161 69 24 xvi

141 2221 50 53 (Il
212 2222 61 39 dit
298 2233 84 39 que
403 2228 93 32 tout
516 2228 65 31 est
605 2219 117 53 plein
748 2216 284 42 d'infidélités
1050 2217 77 40 etd
1149 2214 252 53 iniquités.)
1495 2215 74 40 Ps.
1608 2230 50 24 xx
1678 2214 77 51 (Le
1780 2214 176 53 peuple,
1982 2223 165 44 voyant

141 2304 81 27 son
261 2293 63 38 roi
365 2290 110 41 aller
505 2302 100 26 vers
644 2301 85 27 une
770 2300 159 37 guerre
962 2285 85 41 fort
1084 2286 297 50 dangereuse,
1427 2285 196 51 invoque
1657 2282 147 53 Dieu).
1928 2282 75 41 Ps.
2041 2298 105 25 xxm

141 2358 160 51 (David
324 2359 157 40 chante
505 2358 62 39 les
592 2356 126 40 biens
741 2364 40 32 et
818 2356 38 40 la
888 2354 161 41 félicité
1083 2353 105 53 qu'il
1220 2351 226 54 possède.)
1543 2352 76 40 Ps.
1638 2366 99 26 xxiv
1756 2351 162 45 (David
1947 2365 200 27 annonce

143 2428 196 39 l'arrivée
364 2427 51 40 de
439 2425 163 40 l'arche
621 2431 56 34 où
696 2425 92 39 doit
808 2423 175 41 habiter
1001 2424 38 39 la
1062 2421 223 47 divinité).
1375 2420 220 41 Psaumes
1618 2436 151 25 XXVIII.
1792 2435 167 34 XL,XLI,
1985 2436 96 33 XLV,
2109 2435 39 37 L,

143 2511 92 33 1.111,
261 2508 84 35 LIX,
362 2509 84 35 LXI,
467 2509 102 36 LXII,
592 2507 113 35 LXIV,
731 2507 159 35 LXXVII,
918 2506 119 33 LXXX,
1065 2505 169 35 LXXXVI,
1282 2504 105 36 XCII,
1422 2504 99 35 XCV,
1547 2504 115 36 XCVI,
1686 2504 105 37 CVII,
1820 2504 84 35 CIX,
1926 2504 66 26 CXI
2053 2504 95 33 CXX,

143 2578 179 28 CXXVIII,
339 2578 143 35 CXXIV,
509 2576 142 26 CXLVI.

203 2632 25 39 Il
253 2647 26 38 y
303 2646 21 25 a
351 2632 37 40 là
414 2646 58 26 un
494 2629 75 41 fait
593 2630 107 40 dont
724 2629 39 40 la
788 2630 272 51 persistance
1084 2642 20 26 a
1130 2641 85 27 une
1241 2629 164 38 raison.

198 2700 85 40 Les
308 2700 214 40 mélodies
542 2699 256 52 populaires
821 2706 76 32 ont
920 2697 99 40 subi
1044 2697 248 40 l'influence
1315 2697 54 40 de
1402 2695 200 52 l'Eglise,
1635 2696 90 40 cela
1756 2704 65 33 est
1853 2699 181 38 certain.
2061 2696 86 41 Les

141 2778 269 44 protestants
449 2768 121 40 n'ont
611 2766 79 41 fait
734 2765 263 54 qu'adapter
1032 2770 20 35 à
1085 2763 238 59 quelques.
1344 2765 120 40 idées
1487 2765 231 40 nouvelles
1760 2764 96 42 l'art
1879 2765 54 40 de
1965 2763 182 53 l'Eglise

141 2838 252 52 catholique
418 2839 91 50 qui,
534 2850 54 26 en
611 2835 142 51 grand
779 2836 156 51 partie,
960 2843 64 32 est
1047 2834 172 40 devenu
1244 2834 39 40 le
1307 2834 108 40 leur.
1452 2832 71 42 On
1559 2843 103 43 peut
1685 2834 114 40 donc
1823 2848 46 26 se
1901 2835 245 41 demander

141 2909 35 38 si
193 2915 65 32 cet
278 2919 139 37 usage
449 2906 52 39 de
517 2914 256 42 transposer
791 2917 52 26 en
861 2903 65 40 sol
944 2903 38 40 le
1004 2904 129 40 mode
1152 2903 54 40 de
1225 2906 43 36 ré
1291 2900 67 42 n'a
1384 2916 79 38 pas
1487 2902 76 40 des
1587 2904 196 49 origines
1808 2903 275 51 religieuses.
2114 2904 29 40 Il

138 2991 27 36 y
202 2990 20 24 a
265 2975 222 52 plusieurs
511 2973 101 40 faits
646 2974 75 50 qui
758 2980 264 44 permettent
1054 2972 53 40 de
1138 2972 172 40 donner
1341 2986 87 26 une
1464 2976 189 48 réponse
1690 2970 268 42 affirmative
1989 2977 21 35 à
2036 2982 110 31 cette

141 3045 205 51 question
371 3057 9 34 ;
405 3044 37 51 je
480 3040 96 42 n'en
602 3041 241 51 signalerai
868 3040 135 53 qu'un
1037 3042 110 47 seul,
1180 3039 97 54 déjà
1303 3041 146 40 étudié
1474 3055 79 38 par
1585 3041 61 40 M.
1670 3040 259 55 Jacobsthal
1950 3041 112 40 dans
2086 3057 57 26 un

141 3118 85 35 très
250 3114 241 50 important
511 3123 195 37 ouvrage
730 3124 107 38 paru
863 3114 21 35 à
908 3109 149 40 Berlin
1077 3123 54 27 en
1159 3113 118 49 1897,
1303 3118 41 32 et
1373 3111 76 50 qui
1472 3118 65 31 est
1569 3111 175 39 intitulé
1770 3121 8 28 :
1808 3123 19 24 «
1855 3108 290 44 L'altération

141 3181 306 51 chromatique
470 3180 110 39 dans
602 3178 184 41 léchant
807 3179 242 51 liturgique
1070 3178 52 41 de
1146 3177 185 52 l'Eglise
1354 3178 286 41 occidentale.
1672 3189 18 27 »
1720 3176 118 43 C'est
1859 3193 60 26 un
1940 3179 105 41 livre
2070 3182 74 51 qui

140 3264 20 25 a
184 3250 292 52 précisément
517 3262 113 38 pour
665 3246 117 53 objet
819 3247 37 40 la
897 3248 321 51 transposition
1253 3248 76 40 des
1362 3247 243 41 cantilènes
1640 3248 340 49 grégoriennes,
2005 3257 41 32 et
2082 3249 62 40 les

140 3319 257 39 altérations
420 3317 253 40 inhérentes
697 3320 21 36 à
741 3325 110 31 cette
868 3317 336 51 transposition.

195 3386 125 40 Voici
337 3399 86 27 une
446 3386 208 40 antienne
671 3400 7 25 :
710 3384 108 40 Urbs
837 3383 273 53 fortitudinis
1133 3389 156 35 nostrce
1307 3384 125 50 Sion,
1451 3383 205 42 Salvator
1674 3384 44 40 in
1736 3400 46 25 ea
1797 3392 181 47 ponetur
2001 3400 144 26 murus

139 3454 94 52 (qui
257 3468 46 27 se
322 3454 158 40 chante
500 3468 54 26 au
580 3469 27 25 11
613 3459 15 17 e
646 3453 234 41 dimanche
904 3452 53 42 de
981 3451 188 52 l'Avent,
1188 3457 20 35 à
1232 3451 211 54 Laudes).
1459 3452 120 42 Dans
1601 3462 100 32 tous
1719 3454 63 40 les
1806 3454 337 54 antiphoriaires

140 3523 235 41 modernes
399 3523 81 39 elle
498 3531 64 31 est
583 3523 113 39 ainsi
718 3526 227 48 présentée
972 3534 8 27 :
