2268 3744
747 210 142 27 COURS
924 209 56 26 DU
1016 199 200 33 COLLÈGE
1251 207 55 24 DE
1342 205 166 27 FRANCE

2040 206 78 37 417

131 298 109 40 dans
290 299 39 40 le
365 301 190 50 premier
589 311 87 35 cas,
701 301 84 46 dub
814 315 155 45 VYÎTYJÇ,
996 308 19 23 <(
1040 294 110 39 ce^ul
1169 307 26 36 fi
1201 295 41 37 ui
1268 304 253 28 commence
1544 305 80 38 par
1646 292 38 38 la
1710 294 90 37 nète
1823 304 36 27 ».
1885 291 62 40 Le
1965 292 64 39 sol
2048 294 73 49 qui

129 386 185 39 marque
334 374 39 39 la
411 374 194 40 division
647 373 103 39 était
780 369 155 54 appelé
971 369 39 38 la
1032 370 122 42 mèse,
1181 374 102 32 note
1307 367 57 38 du
1404 365 167 47 milieu,
1610 374 40 30 et
1691 365 38 39 la
1756 365 188 40 seconde
1982 364 140 41 forme

129 442 104 38 était
249 441 89 40 dite
361 446 85 45 drdj
469 449 84 59 [Iie
555 461 72 42 YJC,
658 453 19 24 ((
698 438 106 41 ce^e
827 452 26 37 Q
858 451 43 26 U{
924 447 254 29 commence
1192 431 84 42 àla
1299 438 119 35 mèse
1443 445 37 27 ».
1508 432 72 48 Ici,
1607 432 38 40 le
1678 433 129 39 mode
1832 432 289 52 authentique

131 530 21 25 a
178 517 113 39 donc
312 530 46 26 sa
380 517 191 39 division
592 528 74 27 sur
684 513 76 40 sol.
790 510 313 43 Recherchons
1128 510 276 38 maintenant
1436 509 141 51 parmi
1601 507 62 39 les
1687 507 154 41 modes
1867 507 53 39 de
1940 505 183 51 l'Eglise

130 599 54 26 au
205 585 162 52 Moyen
388 583 96 52 Age
503 584 110 40 celui
639 584 73 51 qui
742 590 103 43 peut
868 584 91 36 être
985 576 197 43 identifié
1215 590 103 26 avec
1354 590 69 27 ces
1453 576 255 40 harmonies
1745 576 300 52 phrygiennes
2066 588 56 26 ou

133 653 243 52 rapproché
417 652 166 40 d'elles.
607 651 126 40 Voici
755 663 81 26 nos
876 648 154 40 modes
1064 646 314 51 authentiques
1404 643 73 55 (A)
1511 654 39 31 et
1575 645 192 52 plagaux
1789 642 73 56 (P)
1885 657 102 27 avec
2030 643 93 41 leur

133 725 47 35 n°
202 720 190 49 d'ordre,
418 729 40 31 et
482 720 37 40 la
557 720 191 39 division
772 718 53 39 de
858 717 94 40 leur
969 715 164 40 échelle
1154 729 7 25 :

185 1254 125 43 Nous
334 1268 139 27 avons
498 1254 101 41 bien
619 1256 53 39 ici
705 1269 58 26 un
784 1254 129 40 mode
938 1254 287 50 authentique
1249 1251 136 40 allant
1409 1250 53 39 de
1486 1251 44 38 ré
1553 1253 21 36 à
1591 1251 43 38 ré
1642 1282 6 16 )
1672 1249 102 40 c'est
1796 1250 37 39 le
1856 1251 206 50 premier,
2087 1249 36 40 le

126 1328 150 51 protus
298 1321 247 47 authentus;
567 1324 113 38 mais
703 1322 28 40 il
752 1322 165 40 résulte
940 1322 52 39 de
1009 1322 39 39 la
1072 1321 191 40 division
1286 1320 52 39 de
1358 1331 70 28 ces
1448 1317 153 41 modes
1625 1331 84 38 que
1726 1317 102 41 c'est
1846 1320 84 39 soit
1947 1318 114 41 dans
2085 1317 37 40 le

130 1391 55 42 IV
190 1397 14 17 e
227 1390 57 53 (le
307 1391 209 41 tetrardus
536 1388 256 54 authentus),
815 1392 85 38 soit
924 1398 172 32 surtout
1117 1389 110 39 dans
1251 1401 79 26 son
1355 1387 164 52 plagal,
1543 1399 85 39 que
1648 1399 112 27 nous
1783 1387 190 40 devrons
1997 1387 100 40 cher-

130 1460 100 41 cher
251 1460 283 52 l'équivalent
554 1460 55 40 du
635 1458 218 54 phrygien
875 1460 194 50 antique.
1091 1457 53 40 Et
1166 1456 102 40 c'est
1288 1454 102 41 bien
1413 1468 45 26 ce
1483 1468 85 38 que
1587 1468 112 26 nous
1723 1457 323 38 constaterions
2067 1468 54 26 en

131 1531 253 38 examinant
413 1530 188 39 certains
621 1528 154 40 chants
799 1528 280 51 liturgiques,
1103 1539 53 26 en
1196 1524 252 53 particulier
1469 1524 36 39 le
1528 1522 137 41 Credo
1691 1521 157 53 (Credo
1871 1538 37 35 2,
1948 1523 150 41 Parois-

131 1599 92 38 sien
246 1599 172 39 romain
442 1598 53 39 de
523 1595 260 53 Solesmes).
825 1595 63 41 Le
912 1594 139 42 Credo
1074 1603 64 32 est
1162 1607 86 27 une
1270 1595 122 51 pièce
1421 1592 53 40 de
1493 1592 99 40 date
1611 1592 305 40 relativement
1951 1596 171 36 récente

130 1667 111 39 dans
259 1667 37 38 la
323 1667 177 49 liturgie
524 1666 254 51 catholique
808 1664 46 51 (il
879 1679 21 25 a
943 1668 67 36 été
1034 1664 149 50 rédigé
1208 1667 21 34 à
1260 1675 85 27 une
1365 1666 172 47 époque
1577 1674 55 27 ou
1672 1662 215 39 certaines
1926 1661 195 40 hérésies

129 1736 351 47 commençaient
500 1738 19 35 à
541 1748 46 26 se
604 1734 224 51 produire,
846 1742 40 31 et
907 1733 27 39 il
955 1747 20 26 a
999 1745 112 39 pour
1131 1730 131 53 objet,
1286 1745 54 25 au
1360 1731 123 51 point
1506 1729 53 40 de
1582 1743 82 26 vue
1682 1729 56 40 du
1768 1738 111 31 texte
1893 1729 226 48 littéraire,

128 1804 53 38 de
213 1802 102 41 bien
340 1804 191 51 préciser
569 1803 62 39 les
671 1804 147 50 points
843 1815 75 26 sur
954 1801 193 52 lesquels
1177 1800 39 39 la
1241 1799 59 40 foi
1324 1807 65 32 est
1420 1795 279 54 orthodoxe),
1723 1799 113 38 mais
1860 1798 38 39 la
1931 1797 190 40 mélodie

131 1874 74 50 qui
228 1881 65 31 est
317 1875 271 49 superposée
632 1886 81 25 aux
750 1870 175 52 paroles
964 1877 63 32 est
1066 1870 316 39 certainement
1418 1866 230 51 beaucoup
1688 1866 99 52 plus
1836 1868 212 38 ancienne
2081 1875 38 31 et

129 1949 103 43 peut
254 1944 90 36 être
368 1940 221 40 rattachée
623 1943 21 35 à
670 1940 39 38 la
729 1940 206 50 musique
968 1937 289 50 gréco-latine
1280 1936 52 40 de
1357 1933 261 54 l'antiquité.

186 2008 127 41 Voilà
339 2008 112 40 donc
472 2023 55 25 un
547 2009 191 51 premier
758 2006 77 41 fait
852 2005 134 41 établi
1011 2020 7 25 :
1045 2004 210 52 l'antique
1274 2004 163 40 échelle
1460 2002 176 40 modale
1662 2002 277 53 phrygienne
1958 2004 53 40 de
2030 2007 44 36 ré
2098 2018 21 24 a

129 2089 111 39 pour
262 2077 253 51 équivalent
538 2084 122 32 exact
684 2090 54 26 au
761 2074 163 53 Moyen
942 2073 94 51 Age
1061 2074 37 39 le
1122 2073 56 40 IV
1182 2078 15 17 e
1219 2081 75 31 ton
1312 2070 99 53 (sol)
1430 2079 40 32 et
1491 2084 79 26 son
1603 2071 149 51 plagal
1777 2069 10 54 (
1794 2070 225 54 ré-sol-ré).

183 2144 276 41 Examinons
483 2145 275 38 maintenant
782 2143 38 39 le
839 2142 127 40 mode
990 2142 289 50 authentique
1294 2140 52 39 de
1368 2142 43 36 ré
1430 2144 21 34 à
1473 2142 59 44 ré,
1563 2138 110 40 celui
1698 2140 73 50 qui
1803 2147 65 31 est
1892 2140 228 46 moderne,

131 2223 40 32 et
195 2229 21 24 a
241 2218 67 36 été
331 2213 157 52 appelé
502 2227 79 38 par
604 2213 111 39 suite
738 2212 132 39 d'une
893 2209 233 42 confusion
1150 2210 52 40 de
1224 2222 144 35 noms,
1382 2222 78 38 par
1479 2207 63 40 les
1565 2206 265 40 théoriciens
1853 2207 78 40 del
1951 2206 170 52 Eglise,

129 2284 38 39 le
185 2282 128 41 mode
333 2281 165 40 dorien.

183 2350 86 40 Les
289 2350 159 50 degrés
472 2349 52 40 de
542 2348 194 41 l'échelle
761 2348 177 40 modale
959 2356 123 44 aptes
1103 2352 21 35 à
1143 2346 280 41 fonctionner
1446 2358 171 27 comme
1638 2354 100 31 tons
1756 2345 184 39 initiaux
1965 2347 136 38 coïnci-

127 2420 104 40 dent
251 2432 52 26 en
326 2418 181 50 général
529 2431 103 26 avec
656 2417 62 40 les
743 2418 147 50 points
918 2415 159 41 d'arrêt
1095 2416 57 39 du
1181 2415 148 40 dessin
1345 2413 268 53 mélodique.
1636 2413 62 40 Ce
1712 2421 98 31 sont
1824 2421 93 32 tout
1939 2412 182 40 d'abord

129 2488 61 40 les
214 2500 105 27 sons
343 2487 52 39 de
419 2486 39 40 la
478 2486 140 40 triade
641 2484 176 41 modale
843 2495 6 27 :
870 2484 39 40 le
928 2488 43 36 ré
993 2501 34 36 5,
1054 2484 37 40 le
1107 2484 49 51 fa
1179 2500 17 36 g
1217 2492 40 31 et
1279 2483 38 39 la
1340 2483 259 40 dominante
1614 2481 41 40 la
1670 2491 7 37 ;
1706 2482 187 46 ensuite,
1919 2481 176 52 l'appog-

129 2557 173 48 giature
335 2553 236 41 inférieure
613 2554 52 39 de
698 2553 38 39 la
774 2552 348 49 fondamentale,
1158 2557 58 45 ut,
1242 2559 40 31 et
1303 2548 119 42 enfin
1446 2550 38 40 le
1506 2565 23 34 4
1537 2559 12 16 0
1575 2550 136 49 degré
1753 2549 256 50 ascendant,
2039 2550 80 47 sol,

128 2624 201 51 toujours
367 2623 113 39 suivi
521 2620 104 49 d'ut,
649 2629 42 31 et
733 2620 205 52 employé
982 2627 131 33 avant
1152 2627 110 31 cette
1298 2618 201 40 dernière
1535 2625 101 33 note
1677 2630 173 28 comme
1883 2630 85 27 une
2004 2626 117 31 sorte

127 2688 289 43 d'anacrouse
435 2690 318 52 préparatoire.
779 2686 241 52 (Gevaert.)
1046 2686 64 42 De
1131 2692 85 35 très
1240 2685 146 41 bonne
1409 2685 152 48 heure,
1652 2693 41 32 et
1719 2682 103 42 c'est
1844 2684 38 40 là
1904 2697 84 40 que
2008 2697 112 28 nous

129 2762 200 49 apparaît
348 2766 111 32 cette
482 2757 271 52 application
770 2756 105 40 dont
900 2757 38 51 je
959 2755 163 53 parlais
1148 2763 93 33 tout
1265 2758 21 36 à
1309 2753 166 41 l'heure
1493 2758 21 36 à
1536 2752 169 42 étudier
1721 2752 52 40 de
1796 2758 99 46 près
1919 2752 38 40 la
1978 2761 118 32 struc-

129 2836 94 32 ture
258 2827 52 40 de
334 2827 39 39 la
405 2825 204 47 mélodie,
710 2824 62 40 les
815 2825 144 51 pièces
983 2824 52 40 de
1074 2823 131 41 chant
1247 2824 174 39 avaient
1464 2826 67 36 été
1568 2821 189 41 classées
1790 2820 122 40 selon
1937 2817 182 54 qu'elles

128 2896 349 49 commençaient
508 2902 40 31 et
573 2894 227 51 opéraient
825 2892 92 40 leur
936 2892 258 40 conclusion
1219 2905 75 26 sur
1314 2890 116 41 l'une
1451 2904 55 26 ou
1530 2888 155 42 l'autre
1709 2888 50 40 de
1781 2901 69 27 ces
1872 2896 141 32 notes.

183 2963 61 40 La
271 2963 187 40 cadence
482 2960 186 53 parfaite
691 2974 74 27 sur
787 2963 43 36 ré
853 2961 104 39 était
982 2965 197 34 réservée
1204 2973 81 26 aux
1321 2960 232 39 antiennes
1595 2958 259 40 s'associant
1896 2970 82 26 aux
2021 2969 74 27 can-

128 3033 144 52 tiques
291 3032 54 40 de
368 3029 253 52 l'Evangile
648 3041 8 38 ;
681 3027 38 42 la
740 3029 188 40 cadence
948 3029 266 51 incomplète
1244 3041 75 27 sur
1339 3027 79 48 sol,
1459 3027 39 39 la
1534 3027 100 51 plus
1666 3027 155 45 usitée,
1842 3024 277 52 s'employait

126 3113 112 39 pour
261 3100 37 40 la
318 3100 177 52 plupart
519 3098 76 40 des
614 3099 235 39 antiennes
871 3098 158 51 jointes
1055 3101 19 35 à
1101 3097 75 39 des
1196 3109 210 39 psaumes
1426 3104 40 31 et
1490 3102 306 43 commençant
1819 3107 79 38 par
1915 3093 76 39 des
2015 3105 104 28 sons

128 3177 146 31 autres
300 3181 83 39 que
394 3168 56 54 fa
484 3180 56 27 ou
565 3166 39 40 la
622 3180 13 31 ;
658 3166 38 40 la
738 3166 291 40 terminaison
1070 3166 263 51 suspensive
1357 3178 73 27 sur
1451 3164 40 39 la
1515 3166 103 37 était
1651 3162 106 40 celle
1781 3162 76 39 des
1889 3163 229 38 antiennes

128 3245 131 43 ayant
282 3249 112 39 pour
433 3248 79 28 son
547 3234 141 40 initial
732 3234 39 39 la
812 3247 56 27 ou
887 3234 73 54 fa.
1008 3232 209 51 Reginon
1255 3234 52 38 de
1350 3232 153 47 Prûm,
1544 3232 57 39 du
1644 3238 378 33 commencement
2061 3229 55 38 du

127 3321 23 23 x
155 3312 12 15 e
192 3305 144 47 siècle,
362 3317 113 27 nous
496 3318 20 25 a
542 3304 132 40 laissé
698 3318 57 25 un
780 3302 231 50 catalogue
1035 3302 52 39 de
1111 3316 74 37 257
1221 3303 230 38 antiennes
1487 3302 154 38 écrites
1674 3299 110 40 dans
1828 3311 46 26 ce
1912 3297 129 40 mode
2079 3305 40 30 et

127 3373 190 39 classées
365 3373 174 51 d'après
563 3385 70 27 ces
673 3373 237 50 principes.
937 3370 120 40 Elles
1092 3384 46 26 se
1176 3375 228 35 ramènent
1444 3368 223 40 d'ailleurs
1691 3372 21 34 à
1742 3381 38 25 11
1806 3366 168 40 thèmes
1998 3366 97 50 prin-

129 3443 171 49 cipaux.
325 3441 62 39 Ce
418 3441 233 49 catalogue
683 3439 141 40 forme
848 3439 38 40 la
911 3438 238 41 substance
1171 3439 58 40 du
1250 3439 107 39 livre
1380 3438 52 40 de
1454 3437 61 40 M.
1542 3435 189 43 Gevaert
1754 3448 75 29 sur
1857 3435 39 39 la
1921 3433 198 55 mélopée

132 3510 181 50 antique
348 3509 113 39 dans
482 3508 37 40 le
545 3508 131 40 chant
696 3508 51 39 de
773 3507 182 51 l'Eglise
978 3507 150 40 latine.
