2268 3744
130 180 83 52 426

757 187 147 28 COURS
941 187 57 26 DU
1034 178 200 35 COLLÈGE
1264 185 55 26 DE
1354 182 169 28 FRANCE

128 298 74 31 ton
226 287 214 54 principal
465 294 40 31 et
529 284 38 40 le
578 288 57 48 Jci
653 280 24 35 %
692 282 111 39 clans
822 280 62 41 les
905 279 213 40 cadences
1136 291 55 27 en
1210 274 271 53 mixolydien
1516 283 199 39 ionique.
1743 268 34 40 C
1797 277 65 31 est
1887 281 87 27 une
2008 275 133 44 petite

128 365 156 33 sonate
301 356 54 40 de
373 353 231 53 Pasquini,
630 350 305 52 compositeur
954 352 55 37 né
1032 362 54 26 en
1116 350 118 48 1639,
1270 359 54 26 en
1358 342 220 48 Toscane,
1601 348 40 32 et
1677 343 86 35 très
1797 336 173 41 célèbre
2005 349 107 37 orga-

130 428 127 39 niste.
283 423 86 41 Les
391 423 120 40 idées
537 421 69 51 n'y
623 428 100 32 sont
743 432 80 39 pas
845 418 310 51 développées,
1179 415 27 39 il
1228 415 69 51 n'y
1328 427 20 25 a
1375 426 57 37 qu
1453 425 59 26 un
1550 409 93 40 seul
1679 414 305 40 mouvement,
2025 413 39 31 et
2101 405 38 40 la

127 496 120 51 pièce
270 501 65 31 est
360 500 119 31 toute
497 503 55 26 en
576 489 263 46 imitations,
868 487 37 39 le
930 489 145 37 même
1119 484 147 40 thème
1291 495 45 26 se
1364 484 199 49 répétant
1592 478 25 39 d
1640 490 86 27 une
1750 477 141 52 partie
1914 479 21 35 à
1958 474 10 39 1
1990 482 150 40 autre;

129 564 111 38 mais
265 559 103 42 c'est
389 572 86 28 une
499 570 150 29 œuvre
662 559 294 37 intéressante
973 563 40 31 et
1032 554 146 52 pleine
1203 552 53 40 de
1272 563 175 36 saveur,
1474 560 130 40 parce
1623 559 87 39 que
1729 545 37 40 le
1789 545 217 39 musicien
2025 544 116 39 avait

129 643 159 28 encore
311 642 84 39 peu
417 628 53 40 de
491 626 198 41 modèles
709 634 41 31 et
790 621 105 56 qu'il
930 631 65 32 est
1031 621 151 51 obligé
1215 620 25 40 d
1261 621 201 39 inventer
1480 617 62 39 les
1583 615 166 41 formes
1780 614 107 39 dont
1914 612 28 41 il
1964 625 47 26 se
2035 620 104 31 sert.

129 698 97 42 Elle
249 713 22 25 a
297 712 60 26 un
381 701 221 36 caractère
625 695 262 50 diatonique
908 698 86 35 très
1020 701 72 31 net
1117 691 246 51 (exécution
1386 702 55 26 au
1466 683 169 56 piano).

183 766 126 42 Nous
343 767 203 39 arrivons
571 765 113 39 ainsi
712 767 21 35 à
759 761 205 54 l'époque
988 761 53 40 de
1065 760 136 48 Bach,
1236 760 74 51 qui
1340 766 65 31 est
1432 757 37 39 le
1494 755 124 53 point
1643 754 217 40 terminus
1883 751 25 39 d
1930 764 85 26 une
2038 754 77 35 évo-

131 836 142 41 lution
290 849 55 26 en
362 839 144 36 même
526 843 142 43 temps
689 846 87 38 que
796 832 39 40 le
859 830 135 42 début
1018 830 52 40 de
1096 827 102 43 l'ère
1224 827 229 41 moderne.
1484 824 69 41 Au
1596 830 199 33 moment
1834 826 56 36 où
1916 820 39 39 le
1997 818 142 51 grand

128 906 301 51 compositeur
452 911 144 45 parut,
619 902 39 40 la
678 903 213 39 situation
917 898 230 47 musicale,
1176 912 54 26 au
1251 898 124 51 point
1399 895 53 40 de
1470 907 83 27 vue
1571 893 52 40 de
1658 893 10 38 1
1690 903 140 38 usage
1867 889 77 40 des
1986 887 155 41 modes

130 976 180 39 anciens
331 987 56 27 ou
406 973 52 40 de
475 973 10 38 l
506 985 139 37 usage
665 971 76 39 des
766 969 155 40 modes
942 980 248 32 nouveaux,
1225 966 104 38 était
1372 976 123 26 assez
1538 961 198 40 confuse.
1773 959 126 41 Voici
1924 957 217 54 quelques

128 1044 262 40 documents
432 1042 75 51 qui
542 1046 266 45 permettent
850 1037 53 39 de
939 1036 38 39 la
1025 1035 300 39 caractériser.
1372 1030 33 40 Il
1441 1029 171 41 semble
1632 1027 185 41 d'abord
1857 1027 99 52 qu'à
1999 1026 40 39 la
2080 1023 61 42 fin

129 1112 58 40 du
219 1125 87 25 xvu
312 1116 14 16 e
347 1109 132 40 siècle
500 1108 27 39 il
556 1106 70 53 n'y
644 1107 58 38 ait
734 1105 100 52 plus
860 1117 86 39 que
969 1116 80 26 nos
1081 1102 112 40 deux
1217 1100 155 40 modes
1393 1098 182 41 actuels.
1604 1096 70 42 Un
1700 1096 77 40 des
1798 1096 342 51 prédécesseurs

128 1180 53 39 de
201 1178 119 40 Bach
356 1189 172 27 comme
564 1182 155 33 cantor
755 1177 21 35 à
817 1171 171 52 l'église
1025 1169 374 49 Saint-Thomas,
1443 1166 232 48 SCHELLE,
1704 1163 132 55 (mort
1878 1168 21 36 à
1934 1161 203 55 Leipzig,

127 1262 54 25 en
210 1250 122 47 1701)
354 1244 258 40 demandait
634 1246 20 36 à
681 1256 57 26 un
778 1241 53 40 de
855 1254 69 26 ses
948 1239 363 52 contemporains
1336 1237 62 40 les
1432 1236 99 52 plus
1556 1236 216 49 illustres,
1801 1232 336 48 Rosenmuller,

127 1329 47 27 ce
199 1312 104 55 qu'il
325 1314 175 52 pensait
522 1312 78 39 des
625 1312 181 38 anciens
832 1309 156 40 modes
1016 1320 8 37 ;
1049 1307 319 42 Rosenmuller
1390 1319 47 26 se
1470 1307 79 38 mit
1575 1309 20 35 à
1620 1306 81 38 rire
1726 1312 40 31 et
1788 1303 206 52 répondit
2018 1317 7 25 :
2052 1315 19 24 «
2090 1300 50 56 Je

127 1383 101 41 n'en
244 1384 183 39 connais
449 1394 85 39 que
557 1380 113 40 deux
698 1389 8 29 '.
735 1379 10 39 1
766 1380 151 38 ionien
943 1386 40 31 et
1001 1377 38 40 le
1063 1377 153 40 dorien
1237 1375 10 51 (
1262 1390 9 25 1
1286 1376 26 50 ).
1342 1389 17 22 »
1389 1390 7 25 :
1414 1373 127 42 Nous
1564 1373 172 40 dirions
1755 1371 185 53 aujourd
1962 1371 76 39 hui
2062 1382 21 26 ((
2102 1370 38 40 le

128 1453 169 51 majeur
320 1457 57 40 ut,
399 1459 40 31 et
458 1450 38 40 le
515 1451 174 38 mineur
710 1451 42 36 ré
776 1464 35 22 ».
830 1446 70 42 Un
922 1454 125 32 autre
1063 1446 230 49 organiste
1317 1443 223 40 allemand
1566 1442 54 39 de
1640 1442 37 39 la
1698 1439 59 41 fin
1780 1441 56 39 du
1860 1454 88 25 xvn
1953 1444 15 17 c
1991 1439 146 50 siècle,

128 1519 352 44 Werckmeister
519 1517 132 53 (mort
694 1530 53 26 en
790 1524 122 45 1700)
935 1515 136 39 disait
1114 1515 119 39 aussi
1268 1526 85 38 que
1377 1512 38 39 le
1458 1510 204 42 meilleur
1696 1513 307 48 représentant
2024 1507 52 40 de
2099 1507 38 40 la

127 1602 181 37 gamme
340 1589 200 38 mineure
582 1587 105 38 était
726 1585 38 39 le
806 1584 155 40 dorien
1006 1582 76 53 (2),
1126 1581 117 41 Mais
1281 1594 54 27 en
1373 1580 155 40 réalité
1570 1579 39 39 la
1648 1578 214 40 situation
1896 1577 105 40 était
2039 1577 100 51 plus

128 1656 244 53 complexe.
418 1655 122 40 Tous
569 1654 62 39 les
668 1653 157 40 modes
865 1660 132 44 ayant
1019 1665 58 26 un
1119 1650 157 41 accord
1310 1649 53 40 de
1401 1650 191 50 tonique
1626 1647 170 53 majeur
1829 1644 308 55 (mixolydien,

127 1727 164 39 ionien,
336 1721 168 55 lydien)
543 1722 201 40 s'étaient
786 1724 259 37 concentrés
1089 1733 105 26 sans
1228 1717 210 41 difficulté
1477 1717 112 39 dans
1630 1731 59 25 un
1723 1715 132 41 mode
1877 1716 169 50 unique
2066 1725 9 39 ;
2111 1714 26 39 il

127 1792 101 42 n'en
249 1794 104 39 était
387 1805 80 39 pas
487 1792 53 39 de
574 1795 143 36 même
741 1803 115 39 pour
879 1789 63 40 les
966 1789 155 40 modes
1145 1796 134 43 ayant
1297 1801 87 26 une
1411 1788 130 38 tierce
1564 1786 53 39 de
1644 1786 184 51 tonique
1853 1785 221 39 mineure.

183 1861 66 41 En
288 1864 118 49 1708,
433 1858 261 43 GOTTFRIED
726 1858 238 42 WALTIIER
988 1856 248 53 (organiste
1262 1860 21 35 à
1308 1853 222 53 Weimar)
1553 1855 180 39 écrivait
1763 1867 7 25 :
1810 1866 18 24 «
1853 1851 71 42 On
1947 1851 192 53 emploie

129 1930 281 52 aujourd'hui
436 1930 106 39 trois
564 1940 204 38 gammes
795 1942 6 24 :
824 1927 241 40 l'ionienne
1123 1926 38 39 la
1187 1925 216 40 dorienne
1427 1932 40 32 et
1491 1924 11 39 1
1523 1923 203 41 éolienne
1761 1920 75 54 (3).
1858 1920 78 41 »11
1971 1936 27 37 y
2023 1922 116 38 avait

127 1999 112 40 donc
263 1999 255 48 hésitation,
547 2000 142 37 même
712 1996 102 40 chez
849 2009 105 26 ceux
981 1996 74 50 qui
1082 2008 51 26 ne
1158 1994 302 52 pratiquaient
1481 2006 80 39 pas
1585 1992 53 40 de
1658 2004 168 40 propos
1860 1988 198 42 délibéré
2078 2004 59 25 un

129 2072 193 47 système
347 2066 254 52 archaïque,
628 2078 113 39 pour
766 2065 38 39 le
826 2065 128 39 choix
987 2064 54 39 de
1077 2063 38 40 la
1153 2075 182 37 gamme
1366 2064 201 38 mineure
1601 2062 183 52 typique
1832 2058 61 41 La
1929 2060 209 50 question

129 2135 207 52 générale
359 2135 58 40 du
435 2135 127 39 choix
584 2143 123 31 entre
722 2133 187 40 l'ancien
930 2138 192 47 système
1147 2141 40 31 et
1211 2132 38 40 le
1273 2145 204 26 nouveau
1512 2129 151 42 n'était
1688 2142 80 40 pas
1792 2142 160 26 encore
1976 2125 138 42 défini-

129 2206 211 39 tivement
365 2203 187 40 résolue.
579 2202 122 40 Deux
723 2203 241 39 musiciens
985 2201 53 40 de
1061 2201 171 51 grande
1254 2201 205 46 autorité,
1480 2198 281 40 MATTIIESON
1785 2206 41 31 et
1844 2196 293 47 BUTTSTEDT,

130 2271 89 40 l'un
237 2272 203 51 critique,
467 2270 154 39 l'autre
646 2271 226 48 organiste
910 2269 296 49 engageaient
1225 2281 85 26 une
1331 2267 256 51 polémique
1609 2278 123 27 assez
1746 2266 99 38 vive
1858 2278 54 26 au
1928 2264 112 52 sujet
2061 2264 76 39 des

129 2340 154 39 modes
306 2339 299 52 diatoniques,
632 2335 90 42 l'un
747 2337 62 40 les
832 2339 299 50 préconisant,
1152 2335 153 40 l'autre
1324 2335 62 40 les
1413 2334 279 52 proclamant
1717 2332 161 41 abolis.
1905 2330 152 53 Enfin,
2083 2346 54 26 en

134 2420 117 40 1725,
279 2407 38 39 le
341 2407 241 40 théoricien
616 2406 108 47 PTx,
749 2406 112 39 dans
882 2419 82 26 son
1003 2403 168 42 Gradus
1211 2405 55 38 ad
1304 2403 267 40 Parnassum
1597 2401 143 52 (1725,
1764 2401 112 40 trad.
1900 2399 136 52 franç.
2059 2415 80 38 par

129 2475 139 41 Denis
292 2489 55 27 en
372 2474 136 53 1773),
531 2474 225 40 défendait
779 2475 370 50 énergiquement
1180 2473 61 40 les
1271 2473 241 39 anciennes
1535 2471 191 40 échelles
1750 2469 202 41 modales
1982 2478 153 31 contre

131 2545 39 39 le
193 2544 289 40 radicalisme
514 2543 76 40 des
611 2543 251 40 modernes.

184 2612 123 40 Telle
347 2622 64 31 est
452 2611 39 40 la
517 2613 229 46 situation,
774 2611 180 52 lorsque
976 2615 143 48 paraît
1145 2610 139 40 Bach.
1314 2610 121 40 Bach
1469 2620 66 30 est
1571 2621 59 28 un
1669 2610 201 50 partisan
1912 2609 201 39 incontes-

130 2680 117 41 table
279 2681 78 39 des
397 2680 111 40 deux
553 2680 154 40 modes
751 2681 75 51 qui
871 2688 107 32 vont
1015 2679 244 53 remplacer
1300 2687 99 32 tous
1436 2678 62 40 les
1539 2686 147 32 autres
1714 2687 7 38 ;
1749 2690 56 26 on
1850 2686 104 42 peut
1994 2680 143 36 même

129 2749 93 40 dire
246 2747 104 53 qu'il
375 2758 65 31 est
464 2749 93 40 leur
580 2748 142 50 grand
747 2749 308 39 introducteur
1091 2748 111 39 dans
1243 2747 187 50 l'usage,
1453 2745 214 54 puisqu'il
1703 2760 21 25 a
1766 2746 120 49 écrit,
1919 2758 114 39 pour
2074 2745 63 40 les

128 2831 247 35 consacrer,
414 2817 38 40 le
496 2816 202 41 Clavecin
738 2816 92 40 bien
868 2819 181 52 tempéré
1084 2814 36 53 (i
1131 2821 31 17 re
1201 2817 141 50 partie
1375 2829 55 26 en
1470 2814 138 52 1722).
1634 2814 115 40 Mais
1785 2828 46 26 ce
1874 2815 134 39 serait
2051 2827 84 27 une

130 2900 151 26 erreur
319 2886 53 39 de
404 2887 139 38 croire
565 2885 105 52 qu'il
710 2894 146 43 rompt
896 2884 286 41 absolument
1221 2894 39 31 et
1285 2898 112 38 pour
1427 2885 201 51 toujours
1651 2896 104 27 avec
1780 2883 38 40 le
1841 2887 146 47 passé.
2013 2882 124 40 Dans

131 2968 46 27 sa
202 2956 207 50 musique
438 2953 199 51 d'église,
670 2952 200 54 lorsqu'il
908 2968 21 25 a
971 2954 259 40 harmonisé
1254 2953 62 40 les
1351 2953 156 40 chants
1551 2953 78 39 des
1653 2960 288 43 protestants,
1966 2949 29 41 il
2033 2951 104 40 s'est

130 3023 123 51 placé
286 3036 55 26 au
380 3024 124 50 point
547 3022 52 39 de
641 3035 82 26 vue
752 3021 131 41 d'une
922 3022 211 52 synthèse
1175 3022 258 52 supérieure
1470 3022 91 51 qui,
1599 3029 94 32 tout
1723 3033 54 26 en
1811 3028 188 43 prenant
2024 3033 114 38 pour

133 3090 103 41 base
277 3090 37 40 le
351 3095 192 47 système
566 3103 221 34 nouveau,
827 3091 147 39 utilise
999 3104 123 26 assez
1162 3099 204 38 souvent,
1397 3103 174 27 comme
1614 3102 161 39 moyen
1809 3088 262 47 accessoire,
2098 3088 38 40 le

131 3165 192 47 système
347 3160 176 38 ancien.
560 3158 30 39 Il
617 3174 26 36 y
675 3160 105 39 était
809 3168 103 30 tenu
943 3174 79 37 par
1052 3158 168 53 l'esprit
1244 3163 143 35 même
1408 3155 78 43 des
1510 3166 289 44 protestants,
1831 3161 139 36 restés
2002 3159 112 50 parti-

130 3228 286 40 culièrement
440 3226 155 41 fidèles
620 3231 21 35 à
667 3227 37 39 la
747 3228 208 40 tradition
996 3228 214 40 musicale
1232 3226 134 54 (ainsi
1390 3226 180 48 Schutz,
1612 3240 75 26 sur
1702 3225 38 40 le
1764 3226 93 40 seul
1882 3226 85 39 lied
1987 3225 148 40 Allein

173 3371 49 44 (1)
246 3374 222 38 Fuhrmann,
491 3371 249 33 Musicalische
786 3372 176 31 Tricheter
969 3397 6 15 ,
1006 3375 103 39 1706,
1152 3383 33 29 p.
1212 3382 45 31 40
1279 3379 34 24 et
1344 3370 91 33 suiv.
1462 3369 84 41 (cité
1572 3379 64 31 par
1664 3369 64 31 Ph.
1767 3368 132 41 Spitia,
1944 3369 92 31 Bach
2042 3395 6 14 ,
2092 3367 40 39 11,

131 3434 33 28 p.
190 3422 99 42 609).
1888 3450 7 8 .

172 3471 47 43 (2)
240 3471 282 42 Harmonologia
545 3472 132 30 musica
684 3496 7 13 ,
722 3482 103 32 1702,
856 3483 35 30 p.
919 3482 40 32 59
986 3471 128 43 (ibid.).

173 3520 50 44 (3)
246 3522 115 31 Traité
384 3522 38 30 de
446 3522 160 41 musique
634 3521 210 40 manuscrit,
865 3522 25 31 f°
917 3531 62 32 152
1008 3521 127 42 [ibid.).
