2587 4239
1236 3894 73 41 199

282 387 310 56 unerheblichen
616 387 296 58 Ausnahmen)
935 389 91 45 eine
1049 389 246 47 Karikatur
1318 391 104 47 oder
1445 403 80 43 gar
1547 389 223 57 Aegation
1812 392 76 46 des
1909 391 260 47 Zndeutnms
2192 392 81 45 dar-

283 455 116 55 stellt,
441 455 177 55 sondern
661 455 81 46 das
787 456 142 53 Ethos
973 456 75 46 des
1071 456 155 46 sAlten
1271 457 261 55 Testaments
1576 457 83 47 nnd
1702 458 76 46 des
1823 458 180 46 Talmud
2047 457 78 47 mit
2167 457 132 56 seiner

281 520 325 55 unermeßlichen
639 520 354 50 Aebenliteratur
1028 526 121 43 unter
1184 524 172 46 meinem
1391 523 226 48 Terminus
1652 525 224 55 begriffen.
1909 544 58 8 —-
1996 524 153 54 Dieses
2185 523 116 46 reine

282 586 232 48 Judeutum
549 587 188 56 verweist
772 589 78 46 den
887 588 227 55 Menschen
1153 591 74 54 auf
1261 591 82 47 das
1378 589 214 55 Diesseits
1629 592 68 46 als
1734 592 134 54 feinen
1906 589 289 57 Arbeitsplatz
2229 601 71 44 zur

280 654 298 56 Begründung
610 656 76 45 des
718 655 268 56 wahrhafteu
1020 655 332 54 Gottesreiches
1412 658 122 53 Doch
1565 658 104 56 diese
1702 657 157 47 Arbeit
1891 658 48 55 ist
1970 657 139 47 weder
2139 657 134 55 gerad-

282 721 126 56 linige
433 723 264 54 Fortsetzung
723 723 74 47 der
822 723 256 54 natürlichen
1106 724 153 46 Triebe
1284 725 77 45 wie
1386 724 57 46 im
1469 725 264 54 Heideutnm,
1761 725 98 53 noch
1887 725 215 55 christliche
2129 726 140 46 Zuver-

281 786 169 57 tieruug
485 789 74 45 der
594 787 167 56 Triebe,
798 788 175 55 sondern
1010 791 136 45 etwas
1183 803 100 42 ganz
1319 791 194 55 anderes,
1545 790 166 55 Neues,
1748 790 191 56 Drittes,
1974 812 57 7 —-—
2066 805 49 34 es
2149 792 49 54 ist
2233 789 67 46 die

281 867 81 33 ans
401 855 75 45 der
514 854 197 56 sittlichen
749 856 35 53 Z
800 857 132 53 reih
948 857 85 46 eit
1072 858 75 45 des
1186 857 227 55 Menschen
1452 858 316 55 entspriugeude
1807 858 37 46 T
1861 861 88 51 at,
1988 859 146 53 welche
2173 859 125 54 sogar

281 919 161 48 Gottes
478 919 210 54 Allmacht
723 921 275 56 restringiert;
1034 923 105 46 denn
1173 923 206 53 ,,alles
1414 923 156 56 liegt
1603 925 57 45 in
1694 924 102 48 der
1833 924 170 56 Hand
2038 924 262 53 Gottes,

279 1000 108 33 nur
427 987 148 54 nicht
613 989 96 45 die
745 988 493 56 GottesfnrchtC
1304 991 125 55 Diese
1466 991 158 47 Arbeit
1662 991 199 55 geschieht
1898 1005 111 41 zwar
2048 1005 98 33 vom
2184 991 85 46 Ein-

278 1054 151 55 zelnen,
464 1055 102 45 aber
605 1056 106 53 nicht
746 1069 79 32 nnr
862 1056 55 46 im
954 1055 235 56 Einzelnen,
1222 1058 176 53 sondern
1433 1058 276 54 vornehmlich
1745 1059 43 45 in
1822 1059 75 47 der
1934 1058 362 55 naturgegebeneu

280 1123 82 44 und
394 1135 46 42 zu
471 1121 257 56 heiligenden
760 1122 459 57 Gemeinschaft.
1277 1125 102 45 Das
1411 1124 138 46 Gebet
1579 1125 150 54 gehört
1761 1125 108 54 nicht
1897 1124 70 47 ins
1998 1125 298 54 Kämmerleim

279 1189 176 54 sondern
483 1189 101 53 nach
612 1189 256 55 tiefsinniger
895 1190 195 55 iiidischer
1118 1191 244 54 Vorschrift
1390 1191 151 54 bedarf
1567 1203 48 33 es
1643 1192 73 44 der
1746 1191 294 56 Vereinigung
2069 1192 227 54 mehrerer.

279 1255 98 45 Den
415 1256 157 55 abseits
610 1256 226 46 Vetenden
873 1257 109 45 tötet
1019 1258 74 44 der
1132 1257 220 54 legendäre
1389 1257 204 54 Prophet
1633 1257 99 46 Elia
1769 1259 76 45 des
1878 1258 185 46 Talmud
2101 1259 77 45 mit
2217 1259 79 45 den

279 1321 206 47 Worten:
538 1322 115 55 ,,Als
676 1323 102 54 gebe
798 1336 49 33 es
868 1324 96 53 zwei
987 1323 193 54 Mächte,
1201 1325 126 53 betest
1349 1325 54 44 du
1427 1323 97 47 du«.
1575 1323 126 56 Diese
1725 1325 251 54 menschliche
1999 1325 297 55 Vereinigung

278 1389 47 54 ist
356 1390 74 44 der
460 1389 134 55 tiefste
624 1389 111 46 Sinn
765 1390 76 45 des
870 1389 201 56 iiidischen
1102 1390 371 54 Monotheismns,
1504 1391 88 54 der,
1622 1391 99 45 weit
1751 1391 200 54 entfernt,
1981 1391 89 46 eine
2102 1391 164 54 Zahlen-

277 1455 187 54 spielerei
495 1468 45 42 zu
572 1457 97 53 sein,
700 1457 79 45 wie
809 1455 194 56 Lagarde
1033 1457 153 53 wollte,
1216 1457 81 45 das
1330 1456 180 55 Symbol
1541 1456 193 55 sittlicher
1765 1458 172 54 Einheit
1969 1459 43 46 in
2045 1459 73 45 der
2152 1459 142 45 realen

277 1521 408 56 Mannigfaltigkeit
724 1523 223 46 darbietet.
987 1544 56 5 «—
1082 1524 281 45 Unmittelbar
1404 1535 81 34 ans
1524 1524 84 53 ihm
1648 1523 145 56 wächst
1833 1525 80 45 das
1953 1525 172 55 iiidische
2164 1524 130 48 Ideal

276 1587 171 56 hervor,
478 1589 74 45 der
585 1588 273 55 »Prophet«,
890 1591 72 44 der
994 1589 173 54 zugleich
1198 1589 137 54 Seher
1366 1591 82 44 und
1479 1590 110 55 tätig
1620 1589 336 56 Eiugreifender,
1986 1589 193 56 Priester
2210 1591 84 45 nnd

274 1655 223 54 Politiker
530 1657 61 54 ist.

445 1723 155 45 Meine
627 1723 169 45 Damen
822 1724 82 44 und
931 1723 180 54 Herren.
1137 1743 57 6 —-
1222 1723 197 54 Aehmeu
1447 1723 77 45 Sie
1554 1736 68 41 zur
1652 1723 223 54 Kenntnis,
1903 1725 83 54 daß
2015 1726 105 44 alles
2148 1725 143 54 bisher

276 1789 325 55 Vorgebrachte
641 1791 68 44 ein
749 1789 90 54 sehr
881 1790 382 45 unvollkommeues
1306 1789 176 54 Schema
1523 1802 106 34 war.
1698 1789 131 54 Richt
1868 1803 79 33 nnr
1988 1791 84 54 daß
2113 1803 47 33 es
2202 1791 92 56 sehr

276 1855 320 54 niianreureiche
627 1855 247 56 llbergänge
904 1855 187 56 zwischen
1122 1857 78 44 den
1233 1857 90 45 drei
1356 1855 256 56 Religionen
1645 1857 103 54 gibt,
1780 1857 83 55 daß
1896 1856 80 47 das
2010 1857 282 54 Christentum

276 1923 73 53 sich
377 1922 77 47 mit
483 1923 91 46 dem
603 1924 233 45 Zndeutum
862 1923 43 46 in
932 1925 73 44 der
1034 1923 334 55 schrankenloseu
1397 1923 340 56 Wertschätzung
1765 1924 76 45 des
1870 1925 213 53 absoluten
2113 1923 180 56 Geistes,

276 1990 75 45 mit
378 1990 91 45 dem
497 1990 250 54 Heidentnm
775 1991 43 47 in
847 1991 74 44 der
950 1990 320 55 egozentrischen
1299 1990 222 55 Lagerung
1551 1991 190 52 berührt,
1770 1991 80 45 das
1879 1991 230 45 Jndentum
2138 1990 154 46 wieder

276 2056 66 46 die
364 2056 317 55 Anerkennung
705 2058 75 45 des
803 2057 214 54 Diesseits
1039 2057 82 45 nnd
1144 2057 192 54 irdischer
1361 2057 237 46 Verbände
1621 2057 76 46 mit
1720 2059 90 43 dem
1833 2057 249 54 Heideutnm
2105 2057 160 55 gemein-

274 2125 85 52 sam
398 2123 92 54 hat:
533 2136 50 33 es
628 2124 159 45 kommt
831 2123 100 53 auch
976 2124 72 53 fiir
1092 2124 66 45 die
1203 2123 264 46 Erkenntnis
1513 2124 115 46 eines
1674 2123 201 54 Dichters
1920 2136 78 34 vor
2043 2125 120 45 allem
2208 2124 83 54 sein

272 2189 306 54 individnelles,
619 2191 66 53 oft
726 2189 211 54 unendlich
979 2191 306 54 kompliziertes
1329 2191 142 53 Ethos
1513 2191 42 45 in
1598 2190 225 54 Vetracht,
1864 2191 171 53 welches
2079 2203 79 33 nnr
2200 2191 92 54 sehr

273 2256 203 55 beiläufig
512 2256 68 47 als
617 2256 299 55 Anteilnahme
954 2269 56 33 an
1048 2257 113 46 einer
1200 2258 102 44 oder
1340 2257 213 53 mehrerer
1592 2257 128 56 dieser
1760 2259 89 45 drei
1889 2256 173 47 Welten
2102 2259 82 44 und
2223 2258 69 44 als

273 2322 404 56 Zusammeusetznug
707 2323 131 56 dieser
867 2323 91 46 drei
988 2323 170 47 Anteile
1188 2324 278 53 ausgedriickt
1494 2325 167 45 werden
1692 2324 125 45 kann.
1877 2324 121 50 Aber
2028 2327 101 52 trotz
2160 2322 132 56 dieses

272 2390 263 46 Vedenkens
574 2391 83 44 nnd
698 2390 117 54 aller,
852 2402 87 41 znm
979 2390 116 46 Teile
1133 2391 46 54 sa
1219 2392 74 53 auf
1334 2391 74 45 der
1449 2390 126 54 Hand
1619 2391 210 54 liegenden
1871 2391 233 49 Einwände
2144 2390 148 55 scheint

272 2457 80 45 mir
384 2457 133 46 meine
546 2457 91 46 Art
668 2457 74 46 der
773 2455 298 57 Vetrakhtung
1100 2457 240 55 wesentlich,
1372 2458 43 54 ja
1447 2458 71 53 fiir
1551 2458 143 54 unsere
1725 2457 99 53 Zeit
1850 2457 239 56 notwendig
2118 2470 45 42 zu
2193 2457 100 54 sein,

273 2523 107 54 nicht
408 2526 111 43 etwa
546 2524 66 45 ein
639 2523 291 56 interessantes
959 2523 288 58 Experiment,
1276 2523 77 46 mit
1381 2525 92 45 dem
1501 2524 59 53 ich
1589 2524 79 46 Sie
1694 2524 90 54 hier
1812 2524 252 54 unterhalte,
2089 2524 202 54 während

271 2603 97 33 man
397 2591 190 54 draußen
617 2590 205 47 Kanonen
850 2590 208 55 abseuert,
1086 2591 176 54 sondern
1291 2591 89 45 eine
1407 2592 114 53 jener
1550 2591 142 45 realen
1721 2590 306 60 Erkenntnisse,
2055 2591 126 46 deren
2210 2593 80 45 wir

268 2656 218 56 bedürfen,
521 2657 123 53 heute
680 2659 83 45 nnd
798 2657 68 46 bis
903 2670 81 33 aus
1022 2657 120 46 Ende
1178 2659 73 44 der
1291 2657 131 56 Tage,
1459 2670 83 41 um,
1579 2659 78 44 wie
1690 2658 59 53 ich
1784 2657 116 55 schon
1937 2659 186 54 anfangs
2159 2659 130 54 sagte,

269 2724 169 55 jenseits
460 2725 104 46 aller
587 2724 195 55 Vildnng
806 2725 263 54 umgebildet,
1093 2725 274 54 nmgelagert,
1390 2725 275 53 verwandelt,
1692 2724 325 54 vermeuschlicht
2040 2737 45 42 zu
2108 2725 181 46 werden.

1984 2791 119 44 Max
2136 2791 144 44 Brod.
