2433 3994
723 161 487 64 PANDORA'S
1257 160 184 61 BOX

137 186 124 43 ACT
301 167 51 74 L]

1986 169 71 62 17

134 365 197 60 before
367 365 231 72 coming
639 409 14 14 .
698 408 14 14 .
758 408 14 13 .
815 360 155 61 Will
1007 381 114 52 you
1159 371 102 46 not
1299 356 211 74 permit
1545 376 92 40 me
1676 369 61 47 to
1774 369 86 45 set
1900 351 160 62 forth

137 478 61 46 to
242 486 112 50 you
401 486 97 49 my
546 459 235 75 design?

213 578 184 41 ALVA.
482 558 154 61 Will
667 579 111 51 you
810 555 201 74 kindly
1042 554 103 60 tell
1177 576 93 38 me
1298 553 123 75 just
1446 552 165 61 what
1638 573 116 52 you
1785 572 97 38 are
1915 549 116 61 talk-

136 660 99 71 ing
277 657 213 61 about?

217 773 417 41 HUGENBERG.
721 752 112 61 She
872 766 215 45 cannot
1126 750 248 73 possibly
1411 748 70 60 be
1520 770 60 38 so
1619 746 340 61 indifferent
2000 760 61 44 to

133 877 112 50 you
288 854 127 60 that
456 854 28 58 I
524 867 155 45 must
719 851 103 60 tell
860 873 115 52 you
1012 850 144 60 that.
1237 849 137 58 The
1416 849 268 58 evidence
1721 869 155 52 you
1919 865 141 54 gave

134 953 97 58 the
284 972 242 38 coroner
580 949 203 72 helped
841 948 104 58 her
998 969 159 37 more
1216 947 141 58 than
1415 945 341 74 everything
1812 944 97 58 the
1967 944 62 57 de-

137 1051 241 72 fending
420 1049 230 59 counsel
696 1048 141 61 said.

213 1165 183 41 ALVA.
484 1146 28 60 I
548 1147 111 71 beg
693 1160 64 44 to
791 1145 218 59 decline
1045 1143 99 60 the
1178 1142 372 72 supposition.

214 1263 418 42 HUGENBERG.
717 1245 139 57 You
888 1244 200 58 would
1125 1263 97 52 say
1255 1241 158 69 that;
1451 1241 27 59 I
1517 1240 359 60 understand
1914 1237 144 71 that,

136 1344 63 58 of
240 1364 212 38 course.
537 1343 121 59 But
697 1340 80 61 all
820 1340 98 60 the
959 1363 153 38 same
1150 1362 115 52 you
1305 1359 154 38 were
1501 1339 104 57 her
1643 1339 125 58 best
1807 1336 253 60 witness.

217 1460 183 40 ALVA.
486 1442 178 57 You
708 1438 185 61 were!
982 1439 137 59 You
1167 1439 121 59 said
1336 1460 96 50 my
1479 1437 193 58 father
1716 1457 123 38 was
1883 1434 178 60 about

136 1555 58 43 to
244 1540 155 58 force
447 1538 103 59 her
597 1554 57 44 to
701 1538 169 59 shoot
915 1536 234 59 herself.

216 1656 418 42 HUGENBERG.
724 1637 96 59 He
866 1659 138 47 was,
1054 1649 114 46 too.
1261 1635 121 58 But
1429 1634 134 73 they
1610 1631 189 62 didn't
1844 1631 217 61 believe

134 1757 106 38 me.
321 1735 27 59 I
385 1735 208 59 wasn't
627 1748 106 60 put
768 1756 75 36 on
876 1757 97 51 my
1007 1733 155 59 oath.

213 1851 182 40 ALVA.
487 1833 218 58 Where
745 1832 145 59 have
929 1853 113 51 you
1084 1852 160 37 come
1288 1830 152 59 from
1483 1828 175 61 now?

216 1949 418 41 HUGENBERG.
721 1931 178 57 From
954 1951 33 37 a
1039 1928 438 60 reform-school
1533 1928 28 59 I
1614 1927 179 60 broke
1844 1938 103 47 out
1998 1924 63 59 of

134 2029 111 59 this
284 2031 287 71 morning.

213 2145 182 40 ALVA.
479 2126 139 60 And
655 2125 164 61 what
858 2126 73 59 do
968 2148 113 49 you
1119 2125 146 60 have
1302 2125 58 57 in
1398 2123 191 61 view?

214 2243 420 42 HUGENBERG.
722 2223 110 61 I'm
874 2224 195 73 trying
1105 2238 59 45 to
1204 2237 95 60 get
1336 2223 122 60 into
1497 2223 97 58 the
1632 2220 331 61 confidence
2000 2208 62 71 of

137 2345 32 35 a
206 2323 260 74 turnkey.

213 2440 183 39 ALVA.
480 2422 189 59 What
711 2424 72 57 do
822 2444 113 51 you
974 2443 166 36 mean
1182 2435 59 44 to
1280 2420 113 59 live
1431 2420 117 58 on?

218 2538 417 42 HUGENBERG.
724 2518 108 59 I'm
868 2519 186 72 living
1084 2519 146 58 with
1266 2540 34 37 a
1333 2518 111 73 girl
1477 2516 181 62 who's
1693 2516 113 61 had
1840 2539 33 37 a
1906 2515 155 61 child

136 2618 71 72 by
246 2641 95 49 my
382 2618 207 60 father.

216 2723 180 51 AL'VA.
482 2716 163 61 Who
684 2718 46 59 is
768 2737 146 52 your
955 2714 231 60 father?

220 2831 415 42 HUGENBERG.
726 2813 145 61 He's
933 2836 32 36 a
1027 2813 183 72 police
1274 2815 247 70 captain.
1630 2815 26 57 I
1724 2812 176 60 know
1966 2810 95 61 the

138 2912 189 69 prison
366 2911 248 60 without
654 2934 129 38 ever
822 2912 215 73 having
1073 2912 141 59 been
1249 2911 180 60 inside
1467 2912 76 69 it;
1584 2912 113 59 and
1736 2911 227 71 nobody
2003 2910 58 58 in

140 3009 43 57 it
227 3009 125 58 will
399 3009 296 72 recognize
740 3033 93 36 me
876 3031 60 36 as
980 3010 27 57 I
1055 3032 93 35 am
1192 3032 154 37 now.
1436 3010 121 59 But
1604 3010 26 57 I
1679 3008 164 61 don't
1886 3022 176 44 count

141 3127 72 36 on
251 3107 126 58 that
413 3121 59 44 at
508 3107 96 59 all.
684 3108 27 57 I
749 3108 175 58 know
961 3128 73 38 an
1072 3108 127 58 iron
1237 3107 204 59 ladder
1474 3108 74 71 by
1580 3107 193 59 which
1811 3128 110 37 one
1956 3127 105 37 can

143 3219 93 55 get
277 3205 150 57 from
467 3205 93 57 the
599 3205 126 58 first
761 3220 167 44 court
966 3220 63 44 to
1065 3205 96 59 the
1201 3206 131 58 roof
1369 3207 113 56 and
1525 3206 136 58 thru
1700 3226 73 37 an
1815 3205 248 71 opening

143 3301 159 59 there
336 3304 54 57 ir
427 3324 33 36 o
490 3302 98 59 the
620 3304 155 57 attic.
848 3302 247 60 There's
1124 3325 73 37 no
1229 3325 132 51 way
1393 3327 77 48 up
1505 3318 58 44 to
1599 3305 45 57 it
1677 3304 152 58 from
1864 3304 197 58 inside.

146 3399 118 58 But
314 3400 8 9 '
414 3400 75 57 all
534 3398 110 58 five
688 3401 186 72 wings
915 3401 209 59 boards
1168 3401 113 59 and
1327 3401 151 59 laths
1524 3403 113 56 and
1685 3415 160 59 great
1892 3400 171 71 heaps

141 3497 62 57 of
239 3497 59 58 sh
340 3499 165 70 yings
541 3518 94 37 are
673 3498 159 71 lying
867 3499 186 57 under
1089 3498 97 61 the
1222 3499 172 70 roofs,
1435 3500 113 56 and
1589 3499 96 60 I'll
1724 3500 147 69 drag
1906 3498 157 60 them
