2456 3773
154 193 124 41 ACT
318 192 45 41 II
372 173 22 74 ]

751 173 484 61 PANDORA'S
1283 173 183 60 BOX

1996 188 75 60 53

148 392 74 37 on
265 372 62 57 it.
411 370 116 72 376
569 372 44 57 is
654 392 32 37 a
725 369 320 60 sixth-class
1084 369 158 59 hotel
1281 369 196 60 where
1516 369 219 73 they're
1773 368 300 74 expecting

146 489 113 52 you
294 468 148 59 with
481 468 117 57 him
637 468 111 59 this
787 468 258 71 evening.

230 583 392 41 GESCHWITZ.
720 565 19 72 (
752 566 372 71 Shuddering
1126 563 47 74 .)
1279 566 162 57 How
1488 586 107 37 can
1643 565 137 59 such
1834 586 33 37 a
1912 586 120 37 mon-

148 661 234 74 strosity
428 683 129 38 save
602 683 144 52 your
790 661 142 60 life?
1022 663 25 57 I
1096 661 164 60 don't
1303 663 354 58 understand
1707 661 143 61 that.
1934 661 138 59 You

148 760 144 60 have
324 760 279 73 conjured
637 782 76 48 up
746 776 63 41 to
838 774 225 45 torture
1093 782 93 35 me
1216 760 99 59 the
1342 774 155 45 most
1528 759 234 60 terrible
1797 759 117 58 fate
1945 759 127 60 that

147 878 105 37 can
296 857 105 60 fall
440 880 154 48 upon
635 857 293 60 outlawed
967 856 121 59 me!

228 972 204 42 LULU.
529 955 402 73 {Watchful.)
1017 955 257 71 Perhaps
1304 955 97 58 the
1434 970 312 44 encounter
1779 955 126 59 will
1936 975 135 38 cure

143 1074 131 50 you.

226 1167 391 42 GESCHWITZ.
715 1148 330 73 {Sighing.)
1135 1148 61 59 O
1239 1148 174 72 Lulu,
1453 1149 48 58 if
1536 1171 74 38 an
1647 1150 221 59 eternal
1909 1148 135 59 retri-

145 1248 203 57 bution
378 1249 132 57 does
538 1248 159 70 exist,
730 1248 27 58 I
785 1247 147 72 hope
957 1248 28 57 I
1014 1268 131 52 may
1172 1263 105 43 not
1301 1248 145 60 have
1472 1262 58 44 to
1558 1268 227 40 answer
1811 1247 137 58 then
1978 1247 93 58 for

142 1366 131 51 you.
355 1346 26 57 I
420 1360 212 44 cannot
668 1346 165 57 make
870 1345 209 73 myself
1114 1345 217 60 believe
1365 1345 127 59 that
1530 1367 74 36 no
1642 1345 140 59 God
1820 1345 250 59 watches

146 1464 139 39 over
330 1465 84 38 us.
501 1444 120 58 Yet
663 1464 115 52 you
824 1464 96 39 are
966 1442 280 74 probably
1293 1444 155 72 right
1495 1444 127 58 that
1671 1442 158 60 there
1877 1445 44 56 is
1970 1464 65 35 no-

147 1539 170 72 thing
358 1540 176 71 there,
581 1539 96 60 for
716 1540 137 60 how
895 1560 107 37 can
1046 1560 73 39 an
1163 1538 389 73 insignificant
1591 1560 188 39 worm
1822 1538 113 59 like
1977 1560 92 36 me

143 1634 142 60 have
326 1635 290 70 provoked
658 1634 86 61 his
782 1634 194 60 wrath
1014 1656 61 37 so
1116 1656 60 38 as
1215 1649 60 45 to
1317 1635 329 70 experience
1688 1634 137 74 only
1864 1634 205 59 horror

145 1732 161 60 there
348 1732 195 58 where
588 1732 80 60 all
713 1732 186 72 living
941 1732 255 60 creation
1241 1752 228 41 swoons
1515 1732 94 58 for
1651 1731 172 61 bliss?

223 1847 203 41 LULU.
510 1830 139 59 You
682 1830 236 59 needn't
947 1828 306 73 complain.
1329 1830 201 59 When
1563 1851 114 52 you
1710 1850 136 39 are
1882 1830 185 72 happy

139 1926 197 74 you're
376 1950 34 36 a
448 1927 267 59 hundred
758 1927 286 59 thousand
1084 1927 168 59 times
1291 1926 237 73 happier
1568 1927 141 60 than
1749 1948 107 38 one
1896 1927 66 59 of
2001 1947 66 39 us

139 2027 276 71 ordinary
449 2025 242 60 mortals
726 2047 134 39 ever
894 2023 75 62 is!

221 2141 393 42 GESCHWITZ.
702 2124 28 57 I
768 2123 177 60 know
979 2122 127 61 that
1140 2120 127 63 too!
1305 2123 30 58 I
1373 2145 146 52 envy
1553 2145 75 38 no
1662 2120 139 63 one!
1879 2123 121 60 But
2037 2122 28 59 I

141 2241 92 37 am
264 2218 119 61 still
416 2221 261 72 waiting.
750 2221 139 60 You
923 2220 146 61 have
1102 2221 264 60 deceived
1398 2242 93 39 me
1525 2242 61 40 so
1618 2221 162 60 often
1815 2220 250 74 already.

222 2335 203 41 LULU.
514 2319 151 57 lam
693 2339 189 52 yours,
914 2340 98 51 my
1041 2317 245 74 darling,
1319 2317 49 59 if
1393 2339 113 52 you
1535 2319 160 71 quiet
1724 2319 130 58 Mr.
1884 2317 146 59 Acro-

141 2415 99 59 bat
283 2414 91 61 till
419 2429 357 46 to-morrow.
862 2416 99 60 He
1003 2414 138 75 only
1180 2430 191 46 wants
1413 2416 88 59 his
1542 2416 199 74 vanity
1783 2415 280 73 placated.

139 2512 136 58 You
311 2527 154 44 must
495 2513 230 58 beseech
760 2512 119 61 him
914 2528 60 45 to
1009 2514 129 59 take
1171 2514 123 73 pity
1323 2536 75 37 on
1430 2536 131 51 you.

221 2626 391 42 GESCHWITZ.
696 2609 139 60 And
873 2609 381 61 to-morrow?

222 2722 204 42 LULU.
514 2707 27 57 I
585 2709 177 57 await
800 2729 129 51 you,
973 2730 97 51 my
1110 2709 180 58 heart.
1376 2709 28 58 I
1448 2707 147 60 shall
1637 2720 101 47 not
1782 2729 144 49 open
1970 2729 95 51 my

141 2824 124 51 eyes
302 2802 93 59 till
433 2825 114 51 you
584 2825 188 38 come:
813 2827 88 38 see
941 2827 79 36 no
1054 2805 443 71 chambermaid,
1543 2806 214 59 receive
1799 2827 74 36 no
1915 2804 119 59 hair-

141 2900 233 69 dresser,
410 2916 103 43 not
547 2922 142 48 open
722 2923 97 51 my
852 2923 123 51 eyes
1006 2902 196 58 before
1234 2924 114 51 you
1381 2923 97 38 are
1511 2902 146 61 with
1690 2923 108 40 me.

219 3015 393 41 GESCHWITZ.
694 2999 178 59 Then
910 2999 83 60 let
1028 2999 119 59 him
1183 3021 178 39 come.

222 3112 203 41 LULU.
514 3095 119 58 But
661 3116 111 51 you
802 3111 155 45 must
987 3096 193 60 throw
1206 3096 259 74 yourself
1493 3111 59 46 at
1581 3098 89 59 his
1698 3097 162 70 head,
1895 3093 165 61 dear!

142 3191 170 57 Have
343 3213 113 49 you
490 3205 99 57 got
622 3191 97 59 the
748 3191 484 61 house-number?

218 3304 393 42 GESCHWITZ.
694 3288 586 75 Three-seventy-six.
1364 3290 122 60 But
1525 3290 170 70 quick
1735 3288 165 61 now!

221 3402 203 41 LULU.
522 3384 198 73 {Calls
781 3388 120 56 into
967 3390 94 56 the
1125 3387 444 72 dining-room.)
1684 3387 216 72 Ready,
1964 3410 96 50 my

141 3481 269 72 darling?
