2456 3773
906 144 500 66 PANDORA'S
1455 144 189 64 BOX

2044 145 159 77 [ACT
2243 166 22 42 I

292 163 76 47 10

284 363 61 46 to
392 347 410 73 performance
845 348 76 76 by
966 348 99 61 the
1113 348 230 76 Society
1387 348 97 61 for
1530 348 148 62 Free
1726 348 360 61 Literature.
2172 347 88 60 As

284 449 143 74 long
470 471 61 39 as
573 472 101 52 my
718 449 198 60 father
957 472 126 38 was
1126 448 170 74 alive,
1339 449 81 61 all
1465 449 96 60 the
1604 464 194 60 stages
1841 449 67 61 of
1949 449 310 74 Germany

282 550 167 61 stood
479 571 149 51 open
658 565 59 44 to
746 574 99 51 my
870 550 308 61 creations.
1250 550 172 61 That
1450 550 102 59 has
1579 551 145 60 been
1753 550 192 75 vastly
1973 548 284 77 changed.

365 684 286 42 RODRIGO.
742 665 125 62 I've
900 666 114 60 had
1048 691 35 35 a
1116 668 128 71 pair
1276 666 64 60 of
1373 666 183 74 tights
1589 668 172 58 made
1794 666 64 61 of
1894 666 99 61 the
2027 666 200 60 tender-

282 781 84 47 est
398 765 361 77 blue-green.
834 767 61 59 If
928 767 85 61 th
1039 790 28 36 e
1160 765 166 63 don't
1358 768 169 60 make
1563 791 34 37 a
1627 790 223 39 success
1883 768 237 71 abroad,
2159 765 100 61 I'll

285 867 108 61 sell
435 865 420 76 mouse-traps!
940 867 140 61 The
1123 868 212 61 trunks
1375 891 99 37 are
1514 890 61 39 so
1620 868 244 61 delicate
1912 870 28 58 I
1984 867 160 62 can't
2187 868 73 60 sit

282 988 77 38 on
398 966 98 60 the
535 967 144 74 edge
715 966 64 60 of
816 989 34 38 a
889 966 157 61 table
1084 967 59 59 in
1184 966 128 61 'em.
1394 966 139 60 The
1571 969 141 72 only
1752 967 171 75 thing
1961 967 130 60 that
2129 965 131 61 will

284 1066 227 61 disturb
550 1066 98 61 the
684 1068 152 73 good
869 1068 342 72 impression
1246 1068 47 61 is
1326 1091 99 50 my
1461 1068 189 59 awful
1684 1068 139 59 bald
1860 1068 165 73 head,
2062 1066 198 61 which

285 1167 27 59 I
352 1188 130 38 owe
522 1182 60 44 to
620 1190 99 52 my
759 1168 188 60 active
983 1167 417 73 participation
1441 1168 58 58 in
1544 1167 111 59 this
1696 1182 166 60 great
1900 1168 359 74 conspiracy.

281 1266 104 61 To
423 1267 77 61 lie
538 1267 61 60 in
639 1267 99 60 the
779 1267 251 73 hospital
1074 1267 58 60 in
1174 1266 225 74 perfect
1438 1267 201 60 health
1682 1266 94 61 for
1818 1268 164 60 three
2020 1267 239 61 months

281 1369 205 59 would
534 1369 169 59 make
750 1390 35 38 a
831 1369 90 59 fat
967 1367 100 75 pig
1113 1369 66 58 of
1226 1367 98 60 the
1370 1383 153 44 most
1570 1370 323 58 run-down
1940 1369 99 59 old
2087 1369 170 59 hobo.

285 1468 169 62 Since
492 1469 237 74 coming
766 1482 107 47 out
914 1468 120 61 I've
1077 1468 98 59 fed
1215 1489 76 38 on
1331 1468 254 73 nothing
1620 1468 108 59 but
1766 1467 297 62 Karlsbad
2104 1468 153 73 pills.

285 1569 140 74 Day
468 1569 117 60 and
630 1568 174 75 night
851 1569 27 59 I
929 1568 147 61 have
1121 1568 301 60 orchestra
1469 1568 321 60 rehearsals
1836 1568 59 60 in
1942 1592 98 51 my
2086 1569 145 60 intes-

284 1671 165 58 tines.
526 1668 99 61 I'll
656 1668 68 60 be
752 1690 64 41 so
839 1668 237 61 washed
1105 1684 107 44 out
1240 1667 201 61 before
1474 1668 26 59 I
1533 1684 98 58 get
1659 1691 192 40 across
1880 1668 97 61 the
2008 1668 251 60 frontier

282 1770 132 59 that
453 1770 28 58 I
520 1768 190 61 won't
746 1769 70 59 be
855 1769 131 59 able
1023 1783 65 46 to>
1122 1768 101 61 lift
1262 1792 36 36 a
1331 1769 375 60 bottle-cork.

364 1905 402 42 GESCHWITZ.
859 1887 168 60 How
1074 1886 100 59 the
1218 1887 342 60 attendants
1606 1886 61 58 in
1712 1886 99 59 the
1857 1886 253 72 hospital
2158 1900 99 59 got

282 2004 107 44 out
428 1987 65 61 of
533 1987 105 60 her
675 2010 134 53 way
842 1985 336 77 yesterday!
1263 1987 174 61 That
1475 2009 123 38 was
1639 2010 35 37 a
1716 1987 330 74 refreshing
2083 1987 174 74 sight.

280 2089 141 60 The
461 2090 223 72 garden
724 2110 125 39 was
888 2088 123 62 still
1055 2109 62 38 as
1157 2088 98 61 the
1298 2109 209 52 grave:
1552 2089 59 57 in
1657 2088 97 61 the
1795 2089 265 60 loveliest
2102 2109 155 37 noon

281 2189 268 74 sunlight
601 2189 102 60 the
752 2189 438 60 convalescents
1243 2188 194 61 didn't
1488 2203 251 46 venture
1791 2203 104 45 out
1947 2189 65 60 of
2064 2189 191 59 doors.

277 2289 196 74 Away
507 2289 149 60 back
689 2289 76 74 by
801 2288 97 61 the
935 2288 346 75 contagious
1310 2289 169 59 ward
1516 2288 99 60 she
1651 2289 238 72 stepped
1927 2303 105 45 out
2067 2288 190 60 under

282 2390 98 60 the
435 2390 305 75 mulberry
797 2404 152 46 trees
1005 2390 117 58 and
1180 2390 233 73 swayed
1471 2410 76 38 on
1606 2389 104 58 her
1767 2387 201 61 ankles
2025 2410 76 38 on
2159 2387 98 61 the

281 2489 220 76 gravel.
576 2489 141 61 The
750 2490 382 71 door-keeper
1164 2489 115 60 had
1315 2489 349 74 recognized
1697 2510 109 51 me,
1843 2490 117 59 and
1994 2510 36 39 a
2058 2509 199 55 young

282 2593 206 58 doctor
531 2590 139 61 who
715 2606 122 44 met
878 2613 94 37 me
1013 2590 59 59 in
1121 2589 97 61 the
1263 2590 269 59 corridor
1575 2589 225 61 shrunk
1847 2611 78 51 up
1970 2612 60 37 as
2076 2589 103 59 tho
2226 2612 31 36 a

285 2692 269 62 revolver
592 2692 132 60 shot
760 2692 117 60 had
916 2691 206 59 struck
1159 2691 141 61 him.
1381 2690 140 60 The
1560 2691 211 61 Sisters
1809 2691 283 61 vanished
2133 2691 123 58 into

281 2792 100 61 the
422 2794 99 73 big
563 2814 193 38 rooms
799 2815 68 37 or
906 2792 202 74 stayed
1150 2791 171 61 stuck
1359 2792 232 74 against
1635 2791 98 60 the
1775 2791 189 61 walls.
2050 2790 202 61 When

285 2902 27 58 I
356 2923 163 37 came
558 2900 147 60 back
746 2899 165 61 there
950 2922 125 38 was
1112 2914 105 45 not
1256 2922 35 37 a
1329 2899 129 60 soul
1500 2913 59 46 to
1601 2899 68 60 be
1710 2922 132 38 seen
1884 2899 58 60 in
1989 2899 99 61 the
2129 2919 95 54 gar-

281 3010 112 58 den
440 3030 67 37 or
552 3022 61 46 at
660 3007 97 61 the
806 3022 150 60 gate.
1049 3007 101 60 No
1197 3006 194 61 better
1433 3006 218 59 chance
1695 3004 176 61 could
1919 3006 149 61 have
2111 3004 140 61 been

281 3114 207 73 found,
526 3115 47 60 if
604 3137 91 38 we
731 3114 115 61 had
884 3114 116 61 had
1037 3114 98 59 the
1169 3114 208 59 cursed
1413 3128 312 58 passports.
1803 3111 144 62 And
1984 3134 141 37 now
2158 3111 95 60 the

281 3223 205 61 fellow
519 3246 125 51 says
682 3223 69 60 he
789 3222 139 61 isn't
964 3222 181 75 going
1178 3222 151 59 with
1366 3219 133 61 her!

361 3359 287 40 RODRIGO.
738 3340 28 58 I
845 3340 367 58 understand
1290 3337 100 61 the
1465 3359 146 51 poor
1686 3336 545 72 hospital-brother-

281 3448 137 61 One
456 3448 103 61 has
595 3471 34 36 a
662 3448 113 59 bad
812 3448 127 58 foot
976 3448 115 58 and
1129 3445 248 61 another
1414 3445 104 60 has
1552 3468 35 37 a
1621 3443 249 62 swollen
1905 3444 192 71 cheek,
2139 3440 107 61 and

282 3556 166 61 there
491 3576 244 52 appears
778 3556 58 58 in
883 3554 98 60 the
1022 3554 181 60 midst
1245 3552 65 61 of
1356 3552 161 61 them
1564 3552 96 61 the
1707 3552 305 60 incarnate
2055 3551 154 58 death-
