2456 3773
272 169 81 77 76

892 167 498 64 PANDORA'S
1440 167 188 61 BOX

1971 166 157 76 [ACT
2170 188 70 42 111

268 372 96 58 the
409 370 185 61 docile
636 372 122 58 tool
799 370 130 60 that
970 369 174 61 could
1186 370 71 60 be
1294 370 141 59 used
1479 369 94 59 for
1616 368 100 60 the
1756 368 257 62 heaviest
2055 368 185 60 labor.

268 472 180 58 From
490 471 99 59 the
627 469 130 63 first
797 472 112 72 day
947 471 100 62 she
1087 471 101 59 has
1230 469 289 60 abhorred
1561 492 92 36 me
1695 468 156 60 from
1893 468 99 60 the
2036 469 206 72 depths

270 571 65 59 of
376 571 106 59 her
522 571 146 60 soul.
672 570 254 62 —Shall
970 571 28 60 I
1042 585 107 45 not
1195 570 202 60 rather
1435 570 173 73 jump
1651 569 156 59 from
1853 569 97 59 the
1994 567 247 75 bridge?

265 669 230 61 Which
527 669 175 61 could
736 670 71 60 be
837 669 217 72 colder,
1091 670 101 60 the
1224 684 191 45 water
1446 690 68 39 or
1547 669 106 58 her
1685 666 210 63 heart?
1973 669 27 58 I
2037 666 204 61 would

272 772 201 57 dream
524 770 94 60 till
668 770 26 59 I
745 792 127 38 was
920 770 305 60 drowned.
1228 769 312 73 —Better,
1591 765 188 77 hang!
1976 767 181 62 Stab?
2160 804 82 7 —

273 872 147 70 Hm,
456 870 163 59 there
644 870 204 61 would
879 871 71 58 be
979 892 77 37 no
1089 891 98 38 use
1218 871 59 58 in
1308 871 131 60 that
1634 871 169 58 How
1831 868 165 60 often
2029 870 148 59 have
2212 868 28 60 I

272 972 229 58 dreamt
539 970 133 61 that
706 970 100 60 she
843 970 187 60 kissed
1069 967 122 61 me!
1276 970 123 60 But
1437 993 35 37 a
1507 970 228 60 minute
1773 989 195 51 more;
2008 991 75 36 an
2122 969 120 59 owl

270 1071 219 59 knocks
527 1070 162 60 there
727 1084 64 45 at
827 1070 101 60 the
961 1070 282 73 window,
1282 1071 117 59 and
1442 1070 27 59 I
1507 1070 170 60 wake
1712 1093 97 50 up.
2015 1069 225 71 Better,

270 1167 187 76 hang!
539 1169 129 60 Not
702 1183 222 56 water;
960 1183 192 45 water
1186 1169 46 60 is
1268 1185 97 43 too
1401 1169 165 59 clean
1605 1169 95 60 for
1735 1192 109 37 me.
1938 1167 20 73 (
1972 1169 270 74 Starting

283 1268 226 75 up.)
510 1267 303 61 There!—
813 1266 236 62 There!
1126 1267 207 62 There
1364 1270 47 58 it
1444 1267 162 61 is!—
1608 1268 201 70 Quick
1846 1291 155 50 now,
2041 1267 201 61 before

269 1370 99 58 she
397 1366 220 62 comes!
705 1369 20 73 (
1190 1370 195 58 Takes
973 1371 99 56 the
1103 1371 379 70 plaid-straps
1511 1372 159 69 from
1707 1374 97 56 the
1839 1372 164 67 wall,
2038 1371 204 59 climbs

272 1493 73 36 on
381 1474 100 56 the
513 1472 180 67 chair,
724 1473 226 68 fastens
981 1472 159 55 them
1177 1482 58 45 to
1270 1493 37 36 a
1337 1472 150 57 hook
1524 1473 58 57 in
1618 1473 99 57 the
1750 1473 322 70 door-post,
2105 1483 137 60 puts

272 1574 105 55 her
410 1572 152 58 head
592 1573 139 56 thru
767 1573 179 65 them,
981 1571 160 59 kicks
1176 1573 96 55 the
1308 1572 164 57 chair
1501 1593 188 50 away,
1722 1573 122 56 and
1872 1573 142 69 falls
2050 1585 58 44 to
2145 1574 97 56 the

266 1668 293 75 ground.)
636 1670 301 58 Accursed
964 1666 222 62 life!—
1186 1667 303 62 Accursed
1520 1667 221 62 life!—
1746 1668 198 61 Could
1977 1671 47 58 it
2050 1671 69 60 be
2149 1670 62 59 be-

270 1770 129 58 fore
432 1790 94 38 me
561 1767 206 63 still??
768 1769 199 59 —Let
1004 1790 93 38 me
1134 1769 174 72 speak
1342 1770 126 72 just
1502 1792 144 38 once
1684 1785 59 45 to
1782 1770 102 75 thy
1923 1770 184 72 heart,
2146 1793 96 51 my

269 1868 203 77 angel!
532 1869 122 61 But
689 1869 145 61 thou
870 1884 94 46 art
995 1866 285 63 cold!—I
1319 1892 94 37 am
1449 1884 105 45 not
1590 1886 59 44 to
1688 1892 74 52 go
1793 1868 127 77 yet!
1982 1870 260 71 Perhaps

273 1969 28 59 I
358 1991 95 37 am
510 1990 144 40 even
708 1983 60 46 to
823 1968 148 61 have
1023 1968 144 60 been
1224 1968 192 75 happy
1470 1991 160 38 once.
1634 1971 291 59 —Listen
1983 1986 63 43 to
2100 1969 140 71 him,

272 2067 193 61 Lulu!
553 2068 171 60 lam
769 2082 104 45 not
917 2084 63 44 to
1023 2090 75 52 go
1139 2066 126 76 yet!
1366 2067 149 75 (She
1561 2072 176 70 drags
1784 2072 216 69 herself
2043 2072 199 70 before

273 2169 165 58 Lulu
462 2192 28 35 s
523 2170 248 71 picture,
811 2170 162 60 sinks
1014 2181 59 46 to
1121 2173 104 55 her
1267 2171 174 57 knees
1481 2171 121 57 and
1639 2171 163 71 folds
1843 2173 105 57 her
1991 2169 239 73 hands.)

269 2269 122 75 My
434 2269 220 60 adored
700 2267 204 76 angel!
995 2269 121 74 My
1159 2267 162 63 love!
1413 2270 120 74 My
1578 2268 239 62 star!—
1822 2270 177 60 Have
2046 2292 195 53 mercy

269 2390 159 49 upon
466 2388 112 53 me,
618 2369 125 73 pity
777 2390 110 51 me,
928 2368 123 74 pity
1086 2388 111 53 me,
1237 2368 124 74 pity
1397 2367 123 61 me!

365 2466 197 74 (Lulu
618 2482 178 59 opens
849 2472 101 55 the
1002 2471 166 66 door,
1223 2472 123 56 and
1395 2468 149 61 Jack
1600 2482 193 47 enters
1794 2494 118 35 —a
1968 2472 274 59 thick-set

269 2590 135 37 man
443 2570 63 70 of
534 2569 199 59 elastic
767 2582 383 55 movements,
1183 2571 146 57 with
1366 2592 37 35 a
1432 2571 131 70 pale
1594 2571 151 70 face,
1778 2570 285 72 inflamed
2095 2593 146 51 eyes,

268 2669 219 56 arched
527 2668 123 57 and
694 2669 179 71 heavy
920 2668 214 67 brows,
1178 2688 37 38 a
1256 2669 294 71 drooping
1594 2672 320 66 mustache,
1961 2670 128 59 thin
2137 2673 70 57 im-

268 2767 186 72 perial
508 2768 122 59 and
680 2769 221 72 shaggy
956 2768 305 69 whiskers,
1317 2771 120 57 and
1487 2767 143 75 fiery
1690 2772 104 56 red
1850 2772 188 57 hands
2090 2772 147 57 with

269 2867 258 70 gnawed
574 2867 165 59 nails.
828 2866 123 60 His
998 2890 131 48 eyes
1169 2889 105 37 are
1313 2867 161 71 fixed
1522 2891 73 36 on
1646 2872 101 56 the
1789 2871 255 70 ground.
2137 2870 105 59 He

269 2987 192 38 wears
501 2988 36 35 a
576 2966 148 59 dark
771 2979 274 46 overcoat
1083 2968 122 57 and
1244 2990 36 36 a
1322 2968 155 58 little
1522 2970 197 57 round
1757 2970 115 70 felt
1916 2971 117 58 hat.
2119 2969 82 60 En-

272 3065 212 71 tering,
526 3067 72 57 he
636 3065 221 59 notices
896 3064 400 75 Geschwitz.)

346 3185 193 53 JACK.
627 3167 169 60 Who
839 3168 48 59 is
927 3167 171 60 that?

346 3285 210 42 LULU.
642 3266 219 62 That's
899 3290 98 51 my
1037 3267 186 61 sister.
1307 3266 160 62 She's
1506 3290 193 52 crazy.
1787 3269 28 59 I
1858 3267 165 61 don't
2058 3269 183 59 know

265 3366 136 60 how
447 3382 63 44 to
557 3383 99 58 get
701 3368 89 59 rid
838 3366 66 63 of
947 3368 122 59 her.

345 3484 193 54 JACK.
626 3467 176 59 Your
844 3467 211 59 mouth
1097 3467 166 62 looks
1304 3467 312 62 beautiful.

346 3585 209 42 LULU.
647 3566 106 61 It's
802 3590 99 50 my
950 3566 298 62 mother's.
