2456 3773
865 147 498 62 PANDORA'S
1412 148 189 61 BOX

1940 147 157 75 [ACT
2139 169 68 42 111

245 160 78 50 62

241 348 127 59 first
402 371 186 49 poem,
626 348 128 59 that
789 348 90 59 I'd
913 348 114 59 had
1062 348 235 72 printed
1331 349 58 58 in
2112 348 101 73 thy

242 451 145 68 pack
423 448 94 58 far
549 470 140 38 over
725 448 99 61 the
853 448 371 70 mountains;
1261 449 46 59 it
1336 447 129 61 will
1500 462 205 46 return
1741 448 189 74 again,
1968 447 245 61 covered

242 548 149 59 with
427 562 182 46 sweat
646 548 116 60 and
803 550 135 58 dust

328 666 389 42 SCHIGOLCH.
809 647 122 74 Oh,
966 646 102 76 ya!

325 768 187 39 ALVA.
598 748 142 61 And
773 748 140 61 then
943 749 98 61 she
1072 771 178 50 came,
1284 750 58 59 in
1375 748 389 61 rose-colored
1797 746 236 73 muslin,
2065 746 150 61 with

245 848 253 75 nothing
537 849 191 59 under
766 848 48 61 it
852 849 109 60 but
1002 871 34 37 a
1073 849 180 60 white
1297 849 152 60 satin
1491 848 293 74 slip—for
1827 847 97 61 the
1968 848 247 72 Spanish

245 948 422 60 ambassador's
716 947 141 61 ball.
956 948 116 60 Dr.
1128 947 149 62 Goll
1331 950 226 59 seemed
1617 962 55 46 to
1728 947 115 60 feel
1899 947 88 61 his
2041 947 174 60 death

245 1070 157 38 near.
490 1050 102 60 He
632 1049 174 59 asked
847 1069 94 38 me
984 1063 60 44 to
1087 1049 180 58 dance
1309 1049 149 59 with
1501 1047 122 74 her,
1666 1070 64 38 so
1773 1047 99 61 she
1912 1046 304 61 shouldn't

244 1171 167 36 cause
460 1171 113 52 any
616 1150 137 57 mad
800 1163 140 46 acts.
1032 1149 163 71 Papa
1238 1149 352 60 meanwhile
1639 1171 178 38 never
1863 1149 216 60 turned
2127 1148 89 58 his

244 1270 127 52 eyes
406 1248 154 59 from
597 1271 82 50 us,
717 1248 116 60 and
870 1247 80 61 all
987 1247 141 61 thru
1161 1247 100 60 the
1291 1247 187 62 waltz
1512 1248 99 61 she
1645 1271 123 37 was
1801 1247 244 74 looking
2078 1267 138 41 over

244 1371 96 50 my
375 1346 293 74 shoulder,
706 1347 141 75 only
883 1361 60 46 at
980 1347 140 60 him.
1168 1395 14 12 .
1230 1394 13 13 .
1291 1395 13 12 .
1349 1347 382 61 Afterwards
1768 1347 100 60 she
1905 1347 133 61 shot
2074 1346 141 60 him.

249 1450 57 57 It
340 1450 43 60 is
418 1448 421 60 unbelievable.

329 1566 391 42 SCHIGOLCH.
811 1547 122 62 I've
966 1547 139 75 only
1135 1562 101 60 got
1264 1569 34 37 a
1326 1568 142 54 very
1497 1562 206 60 strong
1732 1548 186 60 doubt
1948 1547 268 61 whether

246 1671 225 51 anyone
504 1648 128 60 will
667 1648 120 60 bite
823 1671 113 51 any
971 1671 181 38 more.

326 1766 187 42 ALVA.
606 1749 26 58 I
665 1746 305 62 shouldn't
999 1747 116 60 like
1147 1762 59 45 to
1241 1747 194 61 advise
1467 1747 47 60 it
1542 1761 59 46 to
1636 1745 297 77 anybody!
2023 1746 20 75 (

249 1851 173 70 golch
471 1863 212 60 grunts
688 1849 48 74 .)
837 1848 87 59 At
971 1848 132 61 that
1152 1849 157 71 time,
1364 1848 100 61 tho
1515 1848 99 61 she
1662 1872 123 38 was
1834 1870 34 39 a
1918 1848 155 75 fully
2122 1849 63 58 de-

245 1948 243 72 veloped
527 1969 254 51 woman,
820 1948 101 60 she
959 1948 115 60 had
1116 1947 98 61 the
1252 1948 328 72 expression
1619 1947 64 61 of
1723 1971 35 37 a
1793 1947 422 75 five-year-old,

245 2050 223 72 joyous,
522 2048 222 74 utterly
794 2047 238 75 healthy
1082 2047 176 61 child.
1350 2046 142 61 And
1543 2047 102 62 she
1690 2070 125 39 was
1864 2047 140 75 only
2053 2047 163 61 three

244 2170 165 52 years
437 2170 265 52 younger
733 2149 143 59 than
910 2171 92 37 me
1035 2147 334 61 then—but
1399 2147 138 61 how
1570 2147 144 75 long
1745 2170 109 52 ago
1887 2149 46 58 it
1966 2149 47 59 is
2047 2145 168 62 now!

254 2250 118 59 For
428 2249 80 60 all
566 2249 104 58 her
725 2250 278 57 immense
1059 2249 352 74 superiority
1465 2249 60 58 in
1584 2263 247 46 matters
1885 2248 64 59 of
2005 2248 182 72 practi-

249 2349 87 60 cal
395 2349 120 73 life,
579 2349 102 59 she
738 2348 84 61 let
877 2372 96 36 me
1031 2348 234 72 explain
1680 2349 117 59 and
2158 2362 58 44 to

253 2448 304 60 her—and
636 2448 136 60 how
848 2446 413 76 entrancingly
1336 2448 96 60 she
1506 2447 175 61 could
1758 2446 205 62 listen!
2083 2446 134 61 Out

246 2549 64 58 of
357 2549 96 58 the
499 2547 157 61 little
701 2550 168 58 sister
913 2549 138 59 who
1098 2563 63 45 at
1206 2547 107 60 her
1355 2549 292 72 marriage
1693 2549 122 58 still
1864 2547 109 60 felt
2023 2547 116 61 like
2186 2569 31 37 a

245 2648 357 73 school-girl,
665 2669 162 38 came
889 2646 99 60 the
1046 2646 294 75 unhappy,
1404 2648 310 73 hysterical
1777 2645 219 62 artist's
2053 2646 163 60 wife.

249 2748 133 60 Out
435 2749 65 59 of
556 2748 97 60 the
709 2747 218 62 artist's
978 2748 143 60 wife
1175 2770 163 36 came
1393 2748 140 60 then
1589 2748 97 60 the
1741 2770 205 50 spouse
2003 2747 63 59 of
2119 2770 98 50 my

246 2850 221 58 blessed
512 2847 210 72 father,
768 2850 117 58 and
930 2862 105 46 out
1077 2848 65 59 of
1184 2848 147 59 her
1370 2869 181 50 came,
1598 2847 157 74 then,
1801 2871 99 51 my
1940 2848 275 59 mistress.

245 2947 188 74 Well,
468 2970 60 37 so
564 2949 131 59 that
728 2947 44 60 is
808 2947 96 60 the
937 2970 133 52 way
1103 2947 67 60 of
1205 2947 99 60 the
1335 2949 213 58 world.
1624 2947 168 61 Who
1829 2947 128 61 will
1994 2946 223 74 prevail

246 3049 229 74 against
509 3046 86 61 it?

330 3166 392 42 SCHIGOLCH.
814 3147 61 59 If
921 3146 141 76 only
1106 3146 99 62 she
1252 3146 226 62 doesn't
1525 3147 126 59 skid
1700 3170 169 52 away
1916 3147 155 59 from
2119 3146 98 59 the

249 3247 333 74 gentlemen
623 3247 149 60 with
813 3246 321 61 honorable
1173 3247 323 60 intentions
1537 3248 115 58 and
1692 3246 176 75 bring
1906 3269 66 38 us
2013 3269 79 49 up
2133 3246 56 58 in-

248 3350 161 57 stead
457 3370 155 37 some
659 3347 310 74 vagabond
1016 3346 146 61 she's
1209 3346 335 75 exchanged
1591 3346 107 60 her
1742 3347 217 60 heart's
2006 3365 211 42 secrets

245 3448 169 61 with.

328 3567 187 41 ALVA.
608 3548 27 60 I
683 3548 184 59 kissed
914 3547 104 60 her
1063 3547 95 60 for
1203 3547 97 60 the
1345 3544 129 63 first
1520 3547 140 61 time
1707 3547 59 60 in
1813 3547 105 60 her
1963 3547 254 72 rustling
