2456 3773
243 146 81 79 48

861 145 500 63 PANDORA'S
1411 145 189 62 BOX

1980 145 157 76 [ACT
2179 165 44 42 II

241 363 380 58 transparent
655 348 298 75 stockings
989 369 76 38 on
1101 369 151 54 your
1287 348 154 73 legs:
1478 369 116 54 you
1634 346 114 61 had
1792 346 230 61 neither
2060 346 163 63 shoes

242 472 111 37 nor
396 448 297 75 stockings
736 448 160 61 then.

325 569 208 40 LULU.
635 548 318 75 {Crying.)
1051 547 174 61 Take
1268 571 93 37 me
1406 548 171 60 home
1620 548 150 61 with
1812 546 146 77 you!
2049 548 174 61 Take

240 673 91 37 me
383 650 170 60 home
602 650 152 60 with
801 673 116 51 you
967 647 293 77 to-night!
1356 647 234 63 Please!
1684 649 191 62 We'll
1928 649 124 59 find
2100 672 93 36 car-

240 752 188 72 riages
466 750 235 74 enough
743 748 381 62 downstairs!

329 870 396 40 SCHIGOLCH.
774 849 98 61 I'll
914 851 131 59 take
1084 872 117 54 you
1242 851 148 59 with
1432 872 125 50 me;
1602 849 99 61 I'll
1745 851 132 61 take
1917 873 115 53 you
2072 849 149 61 with

245 974 109 38 me.
359 951 282 60 —What
680 952 47 59 is
767 951 85 60 it?

325 1070 209 42 LULU.
625 1051 107 60 It's
763 1051 180 75 going
972 1051 191 60 round
1191 1074 100 51 my
1317 1049 175 62 neck!
1547 1051 113 61 I'm
1688 1068 59 46 to
1776 1053 69 59 be
1874 1053 208 61 shown
2110 1050 111 74 up!

325 1171 393 42 SCHIGOLCH.
810 1153 90 74 By
929 1152 137 59 who
1084 1150 24 60 ?
1180 1152 218 61 Who's
1431 1153 273 75 showing
1733 1176 115 52 you
1879 1176 79 49 up
1976 1152 24 59 ?

239 1228 5 11 i
1641 1229 6 10 e

324 1272 209 41 LULU.
621 1253 139 59 The
800 1253 258 60 acrobat.

324 1371 396 42 SCHIGOLCH.
820 1352 213 75 {With
1070 1355 101 57 the
1206 1365 222 48 utmost
1465 1352 395 74 composure.)
1953 1352 99 63 I'll
2086 1352 137 61 look

242 1453 155 61 after
438 1454 141 60 him.

325 1573 209 41 LULU.
626 1553 167 60 Look
842 1553 157 60 after
1047 1550 152 63 him!
1295 1552 325 75 Please,
1674 1553 135 61 look
1860 1554 159 60 after
2066 1552 154 62 him!

240 1655 180 59 Then
454 1655 74 59 do
557 1653 151 61 with
739 1676 94 37 me
861 1655 169 59 what
1055 1675 116 53 you
1201 1652 160 62 will!

325 1790 395 42 SCHIGOLCH.
811 1771 62 60 If
915 1770 71 61 he
1031 1793 193 39 comes
1270 1784 59 47 to
1378 1793 109 51 me,
1538 1770 119 60 he's
1701 1773 150 58 done
1900 1771 111 61 for.
2104 1773 118 73 My

240 1873 265 60 window
550 1873 44 61 is
640 1895 141 38 over
826 1872 100 59 the
969 1886 207 47 water.
1267 1872 123 59 But
1445 1870 283 77 {shaking
1776 1876 87 57 his
1911 1873 182 74 head)
2152 1873 70 58 he

240 1972 189 61 won't
470 1994 195 49 come;
711 1972 70 60 he
824 1971 189 62 won't
1053 1995 181 38 come.

322 2098 210 42 LULU.
619 2079 199 61 What
848 2079 253 59 number
1134 2080 73 58 do
1240 2100 117 54 you
1388 2079 118 61 live
1535 2077 100 61 at?

322 2203 395 43 SCHIGOLCH.
807 2185 138 75 376,
978 2184 99 62 the
1106 2187 114 59 last
1248 2185 179 61 house
1455 2185 203 61 before
1689 2184 98 62 the
1816 2184 404 75 hippodrome.

321 2324 210 40 LULU.
622 2304 100 59 I'll
753 2305 141 59 send
928 2304 121 59 him
1082 2302 184 62 there.
1343 2302 169 61 He'll
1543 2326 164 38 come
1734 2304 150 60 with
1919 2304 100 59 the
2047 2325 175 53 crazy

238 2427 211 50 person
494 2404 129 61 that
666 2427 199 50 creeps
908 2404 183 61 about
1131 2428 99 51 my
1273 2405 135 60 feet.
1498 2404 169 61 He'll
1712 2427 162 37 come
1922 2404 117 61 this
2081 2427 141 52 very

238 2505 268 74 evening.
590 2504 101 62 Go
732 2504 174 60 home
947 2505 117 60 and
1106 2503 85 62 let
1232 2504 161 60 them
1434 2503 124 61 find
1602 2505 46 59 it
1689 2504 409 61 comfortable.

324 2640 394 42 SCHIGOLCH.
806 2622 139 73 Just
988 2620 86 62 let
1120 2621 160 60 them
1326 2644 181 38 come.

322 2748 210 42 LULU.
619 2729 394 61 To-morrow
1059 2729 176 74 bring
1280 2729 99 58 the
1421 2728 138 75 gold
1605 2729 161 74 rings
1811 2728 71 61 he
1926 2749 191 40 wears
2160 2729 60 58 in

237 2829 88 59 his
365 2851 146 38 ears.

321 2949 394 42 SCHIGOLCH.
807 2931 135 60 Has
976 2930 73 61 he
1088 2945 103 58 got
1228 2930 160 73 rings
1427 2930 60 59 in
1525 2928 88 61 his
1651 2928 166 61 ears?

322 3055 210 41 LULU.
619 3036 140 60 You
812 3058 108 38 can
976 3035 134 60 take
1164 3035 160 61 them
1378 3050 105 46 out
1535 3035 202 61 before
1789 3057 117 53 you
1961 3036 82 60 let
2098 3035 120 60 him

238 3138 196 58 down.
524 3138 101 58 He
666 3135 228 60 doesn't
934 3137 192 59 notice
1168 3135 291 75 anything
1498 3135 177 61 when
1717 3135 120 60 he's
1881 3135 214 61 drunk.

320 3271 395 42 SCHIGOLCH.
802 3252 144 60 And
986 3252 158 73 then,
1187 3251 158 61 child
1348 3251 252 61 —what
1638 3251 184 61 then?

322 3373 209 40 LULU.
618 3353 183 60 Then
835 3353 99 59 I'll
965 3353 132 74 give
1122 3375 116 52 you
1271 3353 98 59 the
1399 3374 212 53 money
1641 3353 96 59 for
1762 3375 150 52 your
1940 3353 276 62 mistress.

322 3478 394 42 SCHIGOLCH.
807 3459 28 60 I
884 3458 115 61 call
1045 3458 131 61 that
1220 3473 197 60 pretty
1460 3459 214 74 stingy.

321 3580 208 42 LULU.
617 3560 142 60 And
799 3558 306 62 whatever
1144 3560 112 60 else
1295 3582 116 51 you
1449 3557 195 62 want!
1728 3560 196 60 What
1966 3560 28 59 I
2037 3557 178 65 have!
