2436 4011
295 165 73 65 18

891 166 496 63 PANDORA'S
1437 167 187 62 BOX

2031 167 155 75 [ACT
2228 188 23 41 I

286 365 81 61 all
417 365 270 74 together
738 365 59 60 in
853 365 97 61 the
1001 367 222 59 middle
1275 368 116 58 and
1444 381 85 47 set
1582 367 105 59 fire
1743 382 58 46 to
1856 367 178 61 them.
2131 369 120 73 My

286 464 236 74 pockets
571 487 97 37 are
721 464 114 61 full
883 466 66 59 of
996 466 258 62 matches
1303 467 117 60 and
1471 467 80 60 all
1603 467 98 60 the
1752 467 197 74 things
2001 468 137 59 used
2189 481 61 46 to

286 566 169 60 make
497 565 151 61 fires.

366 689 188 41 ALVA.
644 672 121 59 But
799 670 140 62 then
971 672 181 74 you'll
1184 673 154 59 burn
1369 694 79 51 up
1483 670 193 64 there!

371 806 427 42 HUGENBERG.
888 787 94 61 Of
1023 810 218 51 course,
1288 790 48 58 if
1378 788 112 60 I'm
1535 804 105 45 not
1682 790 255 59 rescued.
2029 788 120 60 But
2194 802 58 45 to

289 903 96 57 get
430 887 124 60 into
601 887 97 60 the
745 886 128 61 first
916 903 172 44 court
1136 889 26 58 I
1209 903 158 45 must
1414 889 146 59 have
1607 889 99 59 the
1752 890 254 72 turnkey
2050 889 59 58 in
2154 912 98 49 my

287 1008 218 51 power,
555 988 117 58 and
721 986 93 60 for
864 986 128 60 that
1043 988 28 58 I
1124 989 144 57 need
1320 1011 227 50 money.
1641 989 130 58 Not
1823 989 127 60 that
2004 989 26 58 I
2082 1009 170 37 mean

289 1101 61 44 to
385 1087 160 58 bribe
583 1087 154 71 him;
778 1086 129 60 that
940 1087 295 59 wouldn't
1274 1108 90 52 go.
1449 1088 28 58 I
1516 1102 157 46 must
1710 1088 137 60 lend
1886 1088 121 58 him
2044 1110 208 50 money

290 1200 61 44 to
395 1187 141 59 send
587 1186 88 60 his
723 1187 163 59 three
935 1187 266 59 children
1255 1201 59 45 to
1366 1186 100 61 the
1512 1202 266 60 country,
1833 1190 114 58 and
2001 1187 139 60 then
2194 1202 59 44 at

290 1285 137 60 four
475 1285 223 60 o'clock
747 1287 60 58 in
859 1286 98 60 the
1008 1286 279 74 morning
1335 1286 174 60 when
1560 1286 99 60 the
1710 1289 292 71 prisoners
2051 1287 65 60 of
2170 1309 56 37 re-

287 1387 230 69 spected
550 1385 251 61 families
830 1407 98 38 are
959 1385 362 74 discharged,
1357 1385 98 61 I'll
1484 1385 109 74 slip
1626 1388 58 58 in
1719 1388 96 59 the
1847 1389 161 60 door.
2087 1388 166 59 He'll

289 1486 237 71 lock-up
569 1486 216 59 behind
830 1507 94 38 me
966 1487 116 58 and
1129 1486 100 59 ask
1272 1510 91 37 me
1405 1487 164 60 what
1613 1487 112 60 I'm
1771 1489 173 70 after,
1992 1489 114 59 and
2157 1487 96 60 I'll

289 1586 101 58 ask
426 1586 122 58 him
587 1600 60 46 to
685 1586 84 60 let
806 1606 91 38 me
936 1600 106 46 out
1079 1586 171 74 again
1291 1587 58 57 in
1390 1586 96 60 the
1524 1587 267 75 evening.
1871 1587 142 60 And
2053 1588 200 60 before

291 1686 46 59 it
379 1700 124 60 gets
544 1684 171 76 light,
762 1684 112 61 I'm
916 1708 79 49 up
1039 1685 59 60 in
1143 1685 97 61 the
1283 1686 160 60 attic.

369 1804 189 41 ALVA.
648 1787 165 58 How
861 1785 100 60 did
1008 1808 114 51 you
1170 1808 198 50 escape
1415 1785 155 61 from
1620 1787 100 59 the
1767 1787 488 61 reform-school?

373 1920 429 41 HUGENBERG.
889 1901 259 74 Jumped
1194 1916 106 45 out
1348 1901 99 61 the
1489 1903 281 60 window.
1861 1905 28 57 I
1940 1905 143 58 need
2134 1919 121 45 two

290 2000 272 60 hundred
609 2001 198 60 marks
854 2000 95 61 for
995 2000 100 61 the
1141 2001 184 60 rascal
1371 2015 63 46 to
1475 2002 141 60 send
1663 2002 86 61 his
1797 2002 206 75 family
2050 2018 60 45 to
2158 2004 98 58 the

289 2115 268 59 country.

375 2223 286 44 RODRIGO.
747 2206 20 73 (
781 2207 287 74 Stepping
1098 2222 105 45 out
1236 2213 62 68 of
1331 2212 97 56 the
1460 2211 303 70 portieres,
1799 2208 211 75 right.)
2096 2209 160 60 Will

293 2306 96 60 the
432 2307 167 59 Herr
638 2306 198 61 Baron
877 2306 146 61 have
1062 2306 183 61 coffee
1286 2307 58 60 in
1387 2309 97 59 the
1519 2309 376 60 music-room
1936 2333 66 36 or
2040 2333 76 36 on
2159 2310 97 59 the

294 2404 300 61 veranda?

375 2530 429 41 HUGENBERG.
892 2512 230 59 Where
1197 2513 134 58 does
1405 2513 132 60 that
1608 2537 137 36 man
1818 2537 164 37 come
2059 2514 197 60 from?

293 2610 135 60 Out
479 2610 64 59 of
596 2611 99 59 the
747 2634 155 36 same
955 2610 176 60 door!
1231 2615 102 58 He
1381 2613 242 73 jumped
1678 2629 105 45 out
1832 2615 63 59 of
1950 2615 98 59 the
2101 2636 154 40 same

293 2709 175 59 door!

373 2839 187 41 ALVA.
652 2822 122 61 I've
831 2822 174 61 taken
1061 2822 122 61 him
1240 2824 123 59 into
1418 2848 99 50 my
1569 2825 234 60 service.
1905 2828 99 58 He
2062 2827 44 59 is
2163 2828 62 57 de-

293 2921 303 71 pendable.

379 3049 429 44 HUGENBERG.
915 3032 20 75 (
953 3034 301 75 Grasping
1305 3038 86 57 his
1441 3039 294 73 temples.)
1843 3039 146 58 Fool
2045 3039 127 61 that
2227 3041 25 57 I

293 3129 123 60 am!
496 3129 120 74 Oh,
656 3130 152 60 fool!

373 3258 283 42 RODRIGO.
746 3241 123 75 Oh,
907 3243 130 74 yah,
1076 3243 184 62 we've
1297 3266 131 38 seen
1469 3247 137 58 each
1644 3248 169 59 other
1851 3250 136 58 here
2025 3248 230 61 before!

295 3337 125 61 Cut
461 3363 167 52 away
670 3364 139 37 now
851 3358 57 44 to
953 3366 147 51 your
1142 3345 426 61 vice-mamma.
1655 3347 175 60 Your
1874 3350 97 58 kid
2016 3350 240 60 brother

291 3440 192 74 might
522 3440 115 60 like
677 3457 60 44 to
778 3444 174 58 uncle
991 3443 85 61 his
1117 3444 268 62 brothers
1427 3449 114 57 and
1583 3448 211 61 sisters.
1880 3450 188 59 Make
2109 3473 147 52 your

289 3539 255 73 sir-papa
578 3539 97 61 the
709 3542 390 73 grandfather
1132 3543 63 61 of
1227 3543 89 61 his
1350 3544 298 61 children!
1724 3547 225 62 You're
1984 3549 97 59 the
2118 3551 137 73 only
