2456 3773
933 169 498 62 PANDORA'S
1481 169 187 61 BOX

2025 169 159 75 [ACT
2226 191 68 39 111

323 187 77 59 72

403 388 258 42 KUNGU
709 388 160 41 POTI.
961 368 252 61 Doesn't
1259 383 237 46 matter.
1598 368 319 74 (Drinks.)
2021 364 272 78 Brandy!

326 471 144 58 Lots
516 470 66 58 of
627 467 74 62 it!

406 589 207 41 LULU.
700 569 227 62 You're
974 591 35 39 a
1056 567 399 75 nice-looking
1500 589 202 53 young
1749 590 158 37 man.

406 688 256 42 KUNGU
710 688 160 42 POTI.
961 670 120 75 My
1128 669 247 61 father's
1419 669 98 61 the
1564 689 269 52 emperor
1876 668 65 59 of
1984 668 309 61 Uahubee.

327 767 124 59 I've
494 783 101 59 got
639 769 87 59 six
766 769 181 60 wives
994 768 152 72 here,
1197 783 119 45 two
1364 768 266 72 Spanish,
1682 782 124 44 two
1853 767 267 73 English,
2170 782 125 44 two

323 868 250 60 French.
656 868 288 61 Well—l
988 868 167 60 don't
1194 868 116 60 like
1352 891 97 51 my
1490 868 199 59 wives.
1773 866 248 75 Always
2065 867 27 59 I
2138 880 158 46 must

324 969 131 58 take
498 992 35 35 a
576 969 157 71 bath,
783 969 132 59 take
958 990 36 38 a
1034 967 159 73 bath,
1242 969 130 58 take
1418 990 35 38 a
1495 967 160 61 bath.
1703 1016 13 12 .
1766 1016 12 12 .
1827 1013 14 14 .

407 1086 206 41 LULU.
705 1069 165 57 How
919 1068 175 58 much
1140 1066 129 61 will
1316 1091 116 50 you
1480 1068 131 73 give
1654 1065 135 61 me?

403 1186 254 40 KUNGU
699 1186 160 40 POTI.
948 1164 198 62 Gold!
1223 1167 200 61 Trust
1455 1188 110 51 me,
1601 1190 114 52 you
1750 1167 150 59 shall
1938 1167 150 61 have
2125 1163 169 77 gold!

323 1267 138 61 One
513 1268 343 74 gold-piece.
954 1268 28 59 I
1038 1268 222 73 always
1311 1268 130 74 give
1495 1268 370 74 gold-pieces.

406 1387 208 41 LULU.
700 1367 142 60 You
874 1389 108 37 can
1016 1367 131 74 give
1179 1367 46 59 it
1258 1381 63 46 to
1349 1389 94 37 me
1471 1369 168 71 later,
1673 1367 107 60 but
1813 1367 166 60 show
2011 1367 46 59 it
2090 1380 59 46 to
2185 1387 110 39 me.

404 1487 256 40 KUNGU
715 1486 160 41 POTI.
967 1468 28 58 I
1048 1488 179 38 never
1277 1489 112 51 pay
1438 1468 382 59 beforehand.

409 1587 207 41 LULU.
699 1568 123 60 But
853 1590 115 52 you
1004 1590 109 38 can
1151 1567 165 61 show
1353 1569 47 59 it
1437 1582 61 45 to
1536 1590 109 51 me,
1686 1566 175 62 thoh!

404 1686 254 41 KUNGU
722 1686 160 41 POTI.
972 1665 193 62 Don't
1226 1668 382 72 understand,
1673 1667 166 60 don't
1897 1663 398 64 understand!

323 1768 204 72 Come,
605 1766 612 76 Ragapsishimulara!
1349 1768 20 72 (
1693 1769 163 58 Lulu
1932 1771 197 56 round
2201 1773 95 54 the

319 1868 226 74 waist.)
640 1868 188 60 Come
867 1865 106 63 on!

403 1987 208 42 LULU.
713 1968 20 74 (
1145 1969 138 73 Defending
1284 1971 192 70 herself
1477 1971 108 58 with
1649 1972 84 57 all
1794 1973 104 56 her
1960 1966 325 76 strength.)

324 2069 112 58 Let
486 2091 91 36 me
628 2066 99 61 be!
821 2069 113 58 Let
983 2091 93 37 me
1126 2066 99 61 be!
1329 2066 211 75 (Alva,
1590 2072 135 56 who
1781 2072 102 56 has
1932 2071 150 57 risen
2135 2071 129 70 pain-

319 2171 154 71 fully
512 2173 159 67 from
717 2170 89 60 his
845 2173 203 66 couch,
1085 2171 207 59 sneaks
1334 2183 75 58 up
1455 2183 57 46 to
1556 2170 229 72 Kungu
1825 2170 141 60 Poti
2002 2173 160 67 from
2208 2173 59 56 he-

323 2272 146 57 hind
506 2272 122 57 and
666 2273 159 69 pulls
867 2272 116 57 him
1029 2272 142 57 back
1218 2273 69 69 by
1331 2274 98 56 the
1474 2269 236 75 collar.)

402 2387 255 42 KUNGU
701 2387 162 41 POTI.
963 2367 352 75 (Whirling
1354 2367 247 75 round.)
1696 2367 136 62 Oh!
1919 2367 136 62 Oh!
2142 2368 154 60 This

322 2470 47 58 is
423 2491 35 37 a
510 2467 433 61 murder-hole!
1046 2469 204 72 Come,
1311 2493 97 49 my
1467 2470 212 71 friend,
1743 2469 99 59 I'll
1898 2485 109 57 put
2060 2493 116 50 you
2237 2485 59 43 to

320 2568 185 73 sleep!
604 2569 257 75 (Strikes
907 2570 118 59 him
1077 2593 139 36 over
1262 2574 97 55 the
1408 2573 149 56 head
1601 2573 147 57 with
1795 2593 37 37 a
1876 2573 215 58 loaded
2137 2594 157 36 cane.

320 2669 160 61 Alva
527 2693 215 49 groans
793 2673 123 56 and
962 2672 142 70 falls
1996 2670 57 59 in
1267 2695 31 35 a
1353 2669 198 74 heap.)
1662 2669 214 62 Here's
1928 2693 36 37 a
2012 2670 253 74 sleeping-

322 2766 288 76 draught!
698 2767 212 62 Here's
948 2770 200 71 opium
1190 2770 97 58 for
1324 2767 143 76 )X)u!
1552 2768 193 63 Sweet
1783 2771 230 60 dreams
2051 2785 59 44 to
2148 2767 146 77 you!

323 2869 197 61 Sweet
569 2867 259 61 dreams!
935 2869 212 73 (Then
1203 2874 69 54 he
1319 2874 162 68 gives
1529 2871 166 60 Lulu
1743 2894 37 37 a
1828 2872 146 68 kiss;
2024 2874 272 71 pointing

319 2983 57 44 to
416 2969 212 74 Alva.)
724 2970 101 59 He
861 2970 230 59 dreams
1127 2970 63 59 of
1227 2992 131 51 you,
1401 2969 615 75 Ragapsishimulara!
2102 2970 194 61 Sweet

322 3067 259 62 dreams!
696 3068 312 75 (Rushing
1065 3085 57 44 to
1180 3074 101 55 the
1335 3069 201 74 door.)
1651 3071 215 60 Here's
1924 3072 98 59 the
2083 3069 208 62 door!!

332 3168 230 75 (Exit.)

407 3288 209 42 LULU.
709 3269 123 61 But
882 3267 98 61 I'll
1030 3285 106 45 not
1178 3284 128 60 stay
1354 3267 295 61 here?!—
1649 3271 167 60 Who
1866 3293 109 38 can
2025 3272 172 59 stand
2250 3272 44 59 it

322 3368 136 59 here
498 3365 256 62 now!—
755 3366 228 61 Rather
1020 3369 178 58 down
1237 3384 143 45 onto
1419 3369 98 60 the
1554 3368 208 63 street!
1855 3370 195 74 (Exit.
2130 3372 132 60 Schi-

319 3468 173 71 golch
535 3488 191 37 comes
766 3466 156 74 out.)

411 3584 391 42 SCHIGOLCH.
806 3565 308 62 —Blood!
1119 3566 513 65 —Alva!—He's
1664 3585 100 58 got
1797 3585 63 44 to
1889 3571 71 60 be
1989 3586 107 56 put
2128 3593 166 51 away
