2456 3773
196 230 123 41 ACT
362 210 99 74 lII]

802 210 487 62 PANDORA'S
1338 210 184 61 BOX

2049 224 74 62 77

273 426 190 53 JACK.
550 409 193 58 Looks
785 409 112 57 like
945 407 62 60 it.
1100 409 164 57 How
1307 407 174 59 much
1527 407 73 59 do
1645 428 113 53 you
1802 406 205 61 want?
2096 407 26 59 I

191 504 236 61 haven't
478 520 101 59 got
625 505 174 60 much
850 527 223 51 money.

273 625 206 40 LULU.
564 606 215 59 Won't
818 627 114 52 you
973 607 178 70 spend
1198 606 98 59 the
1336 606 169 72 night
1545 606 147 58 with
1736 628 92 36 me
1870 603 174 61 here?

270 722 191 54 JACK.
549 705 118 71 No,
701 703 231 61 haven't
963 719 99 58 got
1094 702 95 61 the
1222 705 156 58 time.
1453 705 27 57 I
1513 717 156 45 must
1703 717 97 59 get
1830 702 186 60 home.

273 820 205 42 LULU.
562 802 138 59 You
748 823 107 38 can
907 801 100 60 tell
1059 801 160 60 them
1270 816 61 45 at
1381 801 170 59 home
1602 816 344 45 to-morrow
1998 799 125 59 that

187 923 113 51 you
332 901 205 58 missed
571 900 97 60 the
699 900 112 60 last
842 900 122 60 'bus
995 901 114 58 and
1143 915 168 56 spent
1341 900 97 59 the
1470 899 167 74 night
1665 900 146 59 with
1844 921 33 36 a
1912 899 210 58 friend.

268 1016 191 53 JACK.
549 999 165 59 How
751 998 176 60 much
968 1001 75 57 do
1082 1020 115 52 you
1237 997 203 59 want?

271 1115 203 42 LULU.
563 1096 110 58 I'm
709 1111 104 44 not
847 1097 155 58 after
1035 1095 195 72 lumps
1261 1096 65 58 of
1360 1095 154 73 gold,
1552 1096 122 70 but,
1712 1095 155 71 well,
1903 1116 35 37 a
1973 1093 150 60 little

188 1195 343 72 something.

268 1310 189 52 JACK.
555 1291 19 73 (
595 1293 327 72 Ttiming.)
1021 1291 178 61 Good
1246 1289 198 75 night!
1534 1291 176 60 Good
1758 1288 197 76 night!

270 1408 201 41 LULU.
569 1389 21 73 (
602 1392 200 58 Holds
837 1393 116 56 him
993 1389 193 73 back.)
1274 1389 117 71 No,
1429 1388 104 60 no!
1614 1388 155 74 Stay,
1807 1389 96 57 for
1934 1385 188 63 God's

188 1487 159 58 sake!

266 1604 188 52 JACK.
553 1586 19 72 (
964 1587 158 60 Goes
783 1600 129 57 past
955 1587 336 59 Geschwitz
1333 1587 119 57 and
1490 1599 174 57 opens
1701 1587 100 56 the
1841 1582 267 71 cubicle.)

187 1683 163 72 Why
380 1683 207 59 should
623 1684 26 57 I
684 1698 124 58 stay
838 1683 134 58 here
1007 1681 92 61 till
1133 1681 311 73 morning?
1518 1681 229 60 Sounds
1777 1677 342 74 suspicious!

186 1780 202 59 When
431 1780 109 60 I'm
582 1782 189 69 asleep
811 1779 200 74 they'll
1054 1794 139 43 turn
1233 1802 98 51 my
1371 1779 233 71 pockets
1640 1793 122 44 out.

272 1896 203 42 LULU.
563 1878 115 70 NO,
728 1879 27 58 I
800 1877 185 58 won't
1032 1878 74 57 do
1146 1874 157 61 that!
1392 1876 98 58 NO
1534 1897 108 37 one
1684 1874 158 60 will!
1929 1874 191 60 Don't

186 1997 73 51 go
295 1999 162 51 away
496 1977 167 71 again
703 1976 91 58 for
830 1973 157 61 that!
1070 1976 26 57 I
1134 1975 110 72 beg
1277 1972 143 75 you!

266 2093 189 52 JACK.
544 2076 164 57 How
738 2075 174 57 much
946 2075 77 57 do
1053 2095 113 51 you
1198 2072 203 59 want?

267 2191 203 40 LULU.
557 2173 177 57 Then
775 2171 127 72 give
938 2193 91 36 me
1067 2170 100 60 the
1203 2170 128 59 half
1367 2169 63 58 of
1465 2168 162 61 what
1668 2169 25 60 I
1734 2168 151 61 said!

264 2287 188 52 JACK.
543 2271 115 69 NO,
699 2269 178 59 that's
913 2284 97 44 too
1045 2268 192 60 much.
1315 2269 138 57 You
1493 2267 162 59 don't
1693 2290 148 35 seem
1880 2281 58 44 to
1976 2265 145 59 have

183 2368 142 57 been
379 2384 59 41 at
494 2368 113 59 this
662 2367 179 72 long?

271 2484 202 41 LULU.
571 2465 237 75 To-day
863 2466 44 60 is
965 2466 96 59 the
1114 2465 128 60 first
1296 2466 157 57 time.
1562 2462 21 74 (
1763 2466 161 69 jerks
1978 2464 139 57 back

188 2561 356 70 Geschwitz,
592 2587 70 34 on
711 2568 102 53 her
856 2566 168 55 knees
1067 2565 140 65 still,
1255 2565 126 67 half
1425 2563 215 57 turned
1683 2561 230 58 toward
1952 2560 169 66 Jack,

186 2664 66 68 by
291 2664 97 56 the
419 2674 187 58 straps
639 2664 229 56 around
905 2665 102 54 her
1042 2660 193 73 neck.)
1324 2660 105 58 Lie
1465 2660 175 58 down
1675 2660 112 59 and
1827 2659 67 57 be
1929 2654 188 74 quiet!

266 2776 189 52 JACK.
544 2758 109 57 Let
696 2758 103 59 her
844 2757 195 60 alone!
1129 2758 112 60 She
1288 2757 136 60 isn't
1462 2779 149 52 your
1653 2757 181 58 sister.
1921 2756 113 58 She
2075 2754 45 59 is

184 2856 58 57 in
271 2856 129 58 love
426 2856 146 57 with
598 2878 131 50 you.
811 2856 19 72 (
1476 2857 236 60 Strokes
1524 2856 599 60 Gehead
1694 2856 115 58 like
1834 2876 36 35 a
1895 2852 213 73 dog's.)

187 2953 155 58 Poor
390 2951 186 59 beast!

268 3068 203 39 LULU.
558 3050 165 71 Why
765 3050 72 57 do
877 3072 111 51 you
1032 3066 149 43 stare
1225 3066 61 43 at
1326 3072 90 35 me
1457 3071 61 38 so
1557 3048 79 59 all
1679 3063 61 44 at
1778 3046 181 60 once?

267 3166 189 52 JACK.
546 3149 26 56 I
625 3162 99 57 got
770 3170 146 50 your
963 3170 256 37 measure
1269 3149 74 71 by
1391 3147 95 60 the
1532 3168 131 51 way
1707 3167 113 51 you
1868 3144 248 59 walked.

187 3246 27 57 I
256 3246 118 58 said
416 3260 61 43 to
515 3243 236 73 myself:
790 3245 167 57 That
999 3246 110 71 girl
1147 3260 158 43 must
1344 3245 146 58 have
1527 3266 34 36 a
1597 3242 313 60 well-built
1948 3242 169 71 body.

267 3360 206 41 LULU.
562 3342 163 58 How
765 3363 105 37 can
912 3364 113 51 you
1068 3364 89 37 see
1200 3342 196 72 things
1435 3341 115 59 like
1594 3340 167 60 that?

266 3457 189 52 JACK.
545 3439 27 57 I
611 3459 141 38 even
789 3461 121 38 saw
944 3439 127 57 that
1106 3461 112 50 you
1254 3439 112 58 had
1402 3461 33 35 a
1471 3452 192 58 pretty
1696 3436 223 60 mouth.
1999 3436 120 59 But

191 3535 117 59 I've
353 3537 136 70 only
535 3549 99 58 got
676 3557 33 36 a
752 3535 169 58 florin
964 3557 74 37 on
1082 3556 108 38 me.
