2456 3773
121 217 126 41 ACT
286 217 44 40 II
339 197 24 75 ]

723 198 489 63 PANDORA'S
1260 198 185 61 BOX

1975 217 80 59 39

115 417 212 51 marry,
366 395 238 59 because
643 394 320 75 absolutely
1000 395 255 60 without
1291 417 214 38 means.
1589 397 27 58 I
1658 397 147 59 have
1839 397 213 71 spoken

115 492 144 58 with
303 493 304 59 Madame.
689 492 232 75 They'd
965 493 114 59 like
1123 507 60 45 to
1223 493 131 59 take
1393 493 244 60 another
1678 493 284 73 German,
2007 493 45 60 if

115 590 146 59 she's
308 591 137 60 well
494 591 280 60 educated
823 592 113 59 and
987 591 259 61 musical.
1339 592 246 61 Italians
1634 594 115 59 and
1799 592 217 59 French-

113 710 228 37 women
380 688 154 59 can't
569 703 257 58 compete
860 689 147 59 with
1043 712 81 49 us,
1165 689 183 61 'cause
1383 690 65 58 of
1484 705 94 45 too
1614 690 157 60 little
1802 690 248 60 culture.

118 787 58 58 If
211 809 112 50 you
361 787 208 59 should
602 809 92 39 see
1227 789 47 57 is
1311 788 96 60 the
1446 789 295 73 husband;
1780 788 115 61 he's
1936 803 87 59 get-

116 886 127 71 ting
289 907 33 36 a
366 886 246 70 divorce,
661 886 64 58 of
769 906 217 51 course,
1265 886 121 58 him
1433 888 47 59 it
1522 907 122 38 was
1689 887 80 58 all
1815 909 34 38 a
1894 887 155 58 bore.

115 983 96 58 He
244 982 188 59 didn't
463 983 176 58 know
668 1005 112 52 any
808 983 204 72 better,
1048 1005 109 37 nor
1188 983 98 59 did
1321 985 27 57 I
1698 983 162 60 Now
1890 1005 160 39 come

112 1080 98 58 the
258 1096 165 44 exact
469 1081 288 61 details—

193 1197 204 42 LULU.
497 1179 336 74 {Goaded.)
922 1180 27 59 I
987 1201 107 38 can
1131 1196 105 44 not
1269 1179 103 60 sell
1407 1180 97 59 the
1542 1180 137 74 only
1716 1180 168 74 thing
1922 1182 127 59 that

110 1297 133 40 ever
278 1298 121 39 was
437 1300 98 50 my
572 1276 165 61 own!

188 1392 408 42 CASTI-PIANI.
685 1376 112 58 Let
832 1397 93 37 me
962 1377 136 57 read
1136 1396 153 41 some
1327 1397 178 40 more.

192 1490 205 42 LULU.
493 1472 118 74 {As
667 1472 250 75 before.)
1023 1472 156 61 This
1228 1494 140 53 very
1420 1476 262 71 evening,
1740 1475 97 58 I'll
1890 1474 155 59 hand

107 1592 138 38 over
281 1585 63 45 to
376 1593 115 51 you
527 1593 111 38 our
673 1573 187 58 entire
893 1571 236 61 wealth.

192 1687 406 42 CASTI-PIANI.
696 1669 234 61 Believe
981 1692 108 50 me,
1142 1671 95 58 for
1287 1671 190 60 God's
1526 1672 147 70 sake,
1731 1669 123 62 I've
1905 1686 143 58 got

104 1786 148 52 your
290 1766 113 59 last
442 1768 101 57 red
582 1764 161 61 cent!
828 1767 60 58 If
926 1787 90 38 we
1056 1766 236 61 haven't
1329 1767 110 60 left
1480 1767 112 60 this
1634 1768 174 59 house
1848 1767 197 60 before

108 1862 214 75 eleven,
369 1888 111 49 you
527 1866 115 59 and
685 1888 148 50 your
875 1865 87 58 lot
1004 1865 128 60 will
1175 1866 71 60 be
1288 1867 366 71 transported
1702 1881 343 45 to-morrow

106 1963 58 57 in
197 1984 33 37 a
259 1961 306 73 police-car
595 1978 59 44 to
685 1961 324 75 Germany.

187 2078 204 43 LULU.
478 2060 137 60 You
649 2062 238 58 can't
922 2062 130 72 give
1084 2085 92 36 me
1209 2059 110 74 up!

186 2175 407 43 CASTI-PIANI.
682 2159 101 59 Do
825 2181 113 51 you
982 2158 170 61 think
1194 2158 127 61 that
1363 2161 202 59 would
1608 2161 71 61 be
1721 2159 95 63 the
1861 2173 183 47 worst

108 2256 169 74 thing
322 2257 26 59 I
393 2278 105 38 can
541 2257 146 60 have
732 2259 148 58 done
921 2257 60 59 in
1021 2280 98 51 my
1159 2256 144 61 life?
1348 2304 133 14 ...
1528 2259 28 58 I
1602 2272 171 59 must,
1819 2260 58 58 in
1921 2279 124 39 case

106 2375 87 37 we
245 2375 72 52 go
366 2355 272 72 to-night,
689 2355 148 60 have
882 2356 125 73 just
1054 2378 35 37 a
1134 2355 154 60 brief
1333 2358 168 58 word
1550 2356 147 60 with
1749 2358 291 59 Bianetta.

117 2452 136 73 {He
292 2477 136 49 goes
469 2455 122 59 into
637 2458 99 56 the
776 2457 347 67 card-room,
1165 2455 234 73 leaving
1440 2458 97 57 the
1576 2462 148 53 door
1764 2469 144 60 open
2020 2491 19 11 -

107 2552 142 57 hind
277 2554 136 56 him.
483 2552 162 60 Lulu
677 2566 182 47 stares
889 2554 197 69 before
1115 2557 120 65 her,
1268 2556 413 70 mechanically
1716 2556 325 71 crumpling

107 2662 75 59 up
224 2652 98 57 the
358 2664 133 44 note
529 2653 128 56 that
692 2651 263 72 Rodrigo
993 2653 166 58 stuck
1198 2652 122 59 into
1363 2655 103 56 her
1501 2655 176 65 hand,
1712 2655 192 56 which
1945 2655 99 56 she

111 2751 101 55 has
248 2750 137 57 held
418 2749 59 57 in
517 2751 103 55 her
654 2747 216 73 fingers
906 2751 247 56 thruout
1189 2753 98 54 the
1324 2750 210 71 dialog.
1614 2749 177 68 Alva,
1830 2750 214 58 behind

107 2848 94 54 the
238 2848 338 65 card-table,
607 2859 127 59 gets
770 2859 95 59 up,
901 2869 35 36 a
971 2848 105 57 bill
1110 2848 60 57 in
1209 2848 84 58 his
1331 2849 174 66 hand,
1540 2849 120 57 and
1696 2871 188 36 comes
1917 2850 120 56 into

106 2946 97 54 the
243 2942 216 72 salon.)

183 3057 184 40 ALVA.
465 3040 131 72 {To
666 3041 213 71 Lulu.)
1005 3040 367 75 Brilliantly!
1486 3041 107 61 It's
1660 3042 177 74 going
1900 3040 112 61 bril-

103 3134 238 74 liantly!
422 3136 338 61 Geschwitz
797 3139 47 59 is
877 3140 302 71 wagering
1212 3139 105 58 her
1350 3139 112 59 last
1496 3139 163 61 shirt.
1738 3139 302 59 Puntschu

103 3235 99 59 has
239 3235 285 70 promised
564 3258 90 37 me
695 3252 95 43 ten
831 3258 161 38 more
1028 3238 537 71 Jungfrau-shares.
1649 3236 306 63 Steinherz
1994 3238 46 58 is

103 3333 238 71 making
376 3333 103 57 her
515 3332 152 59 little
706 3334 160 71 gains
905 3335 113 58 and
1056 3333 218 72 profits.
1367 3335 192 72 {Exit,
1597 3339 184 57 lower
1818 3333 208 74 right.)

193 3453 204 42 LULU.
468 3436 115 57 lin
612 3457 35 37 a
673 3436 348 59 bordell?—
1034 3437 149 72 {She
1209 3441 165 57 reads
1401 3442 95 55 the
1526 3451 179 60 paper
1727 3439 100 58 she
1856 3438 183 66 holds,

104 3536 119 56 and
267 3535 206 70 laughs
518 3533 246 73 madly.)
