<?xml version="1.0" encoding="UTF-8"?>
<alto xmlns:xsi="http://www.w3.org/2001/XMLSchema-instance" xmlns="http://www.loc.gov/standards/alto/ns-v2#" xsi:schemaLocation="http://www.loc.gov/standards/alto/ns-v2# http://www.loc.gov/standards/alto/alto-v2.0.xsd" xmlns:xlink="http://www.w3.org/1999/xlink">
	<Description>
		<MeasurementUnit>mm10</MeasurementUnit>
		<sourceImageInformation>
			<fileName>//fileserver7/IN2-2/Princeton/bmtnabb/1916/09_01/00000003.tif</fileName>
		</sourceImageInformation>
		<OCRProcessing ID="OCRPROCESSING_1">
			<preProcessingStep>
				<processingSoftware>
					<softwareCreator>CCS Content Conversion Specialists GmbH, Germany</softwareCreator>
					<softwareName>CCS docWorks</softwareName>
					<softwareVersion>6.7-1.24</softwareVersion>
				</processingSoftware>
			</preProcessingStep>
			<ocrProcessingStep>
				<processingSoftware>
					<softwareCreator>ABBYY (BIT Software), Russia</softwareCreator>
					<softwareName>FineReader</softwareName>
					<softwareVersion>10.0</softwareVersion>
				</processingSoftware>
			</ocrProcessingStep>
		</OCRProcessing>
		<OCRProcessing ID="OCRPROCESSING_2">
			<preProcessingStep>
				<processingSoftware>
					<softwareCreator>CCS Content Conversion Specialists GmbH, Germany</softwareCreator>
					<softwareName>CCS docWorks</softwareName>
					<softwareVersion>6.7-1.24</softwareVersion>
				</processingSoftware>
			</preProcessingStep>
			<ocrProcessingStep>
				<processingSoftware>
					<softwareCreator>ABBYY (BIT Software), Russia</softwareCreator>
					<softwareName>NA</softwareName>
				</processingSoftware>
			</ocrProcessingStep>
		</OCRProcessing>
	</Description>
	<Styles>
		<TextStyle ID="TXT_0" FONTSIZE="10" FONTFAMILY="Times New Roman"/>
		<TextStyle ID="TXT_1" FONTSIZE="25" FONTFAMILY="swe.SchmaleAnzeigenschrift"/>
		<TextStyle ID="TXT_2" FONTSIZE="25" FONTFAMILY="swe.Helvetica"/>
		<TextStyle ID="TXT_3" FONTSIZE="21" FONTFAMILY="Times New Roman"/>
		<TextStyle ID="TXT_4" FONTSIZE="22" FONTFAMILY="swe.SchmaleAnzeigenschrift"/>
		<TextStyle ID="TXT_5" FONTSIZE="21" FONTFAMILY="swe.SchmaleAnzeigenschrift"/>
		<TextStyle ID="TXT_6" FONTSIZE="21" FONTFAMILY="swe.fontfile_6"/>
		<TextStyle ID="TXT_7" FONTSIZE="21" FONTFAMILY="swe.fontfile_8"/>
		<ParagraphStyle ID="PAR_LEFT" ALIGN="Left"/>
		<ParagraphStyle ID="PAR_CENTER" ALIGN="Center"/>
		<ParagraphStyle ID="PAR_BLOCK" ALIGN="Block"/>
	</Styles>
	<Layout>
		<Page ID="P3" PHYSICAL_IMG_NR="3" HEIGHT="3937" WIDTH="2555" PRINTED_IMG_NR="177" PC="1.000">
			<TopMargin ID="P3_TM00001" HPOS="0" VPOS="0" WIDTH="2555" HEIGHT="102"/>
			<LeftMargin ID="P3_LM00001" HPOS="0" VPOS="102" WIDTH="173" HEIGHT="3524"/>
			<RightMargin ID="P3_RM00001" HPOS="2199" VPOS="102" WIDTH="356" HEIGHT="3524"/>
			<BottomMargin ID="P3_BM00001" HPOS="0" VPOS="3626" WIDTH="2555" HEIGHT="311">
				<TextBlock ID="P3_TB00001" HPOS="1156" VPOS="3628" WIDTH="73" HEIGHT="41" STYLEREFS="TXT_0 PAR_LEFT">
					<TextLine ID="P3_TL00001" HPOS="1156" VPOS="3628" WIDTH="73" HEIGHT="41">
						<String ID="P3_ST00001" HPOS="1156" VPOS="3628" WIDTH="73" HEIGHT="41" CONTENT="177" WC="1.00" CC="000"/>
					</TextLine>
				</TextBlock>
			</BottomMargin>
			<PrintSpace ID="P3_PS00001" HPOS="173" VPOS="102" WIDTH="2026" HEIGHT="3524">
				<TextBlock ID="P3_TB00002" HPOS="805" VPOS="431" WIDTH="756" HEIGHT="67" STYLEREFS="TXT_1 PAR_CENTER">
					<TextLine ID="P3_TL00002" HPOS="806" VPOS="431" WIDTH="755" HEIGHT="67">
						<String ID="P3_ST00002" HPOS="806" VPOS="431" WIDTH="352" HEIGHT="67" CONTENT="Kämpfer" WC="1.00" CC="2222222"/>
						<SP ID="P3_SP00001" HPOS="1158" VPOS="498" WIDTH="67"/>
						<String ID="P3_ST00003" HPOS="1225" VPOS="432" WIDTH="336" HEIGHT="66" CONTENT="Künstler" WC="1.00" CC="33333333"/>
					</TextLine>
				</TextBlock>
				<TextBlock ID="P3_TB00003" HPOS="1150" VPOS="641" WIDTH="88" HEIGHT="51" STYLEREFS="TXT_2 PAR_CENTER">
					<TextLine ID="P3_TL00003" HPOS="1150" VPOS="643" WIDTH="88" HEIGHT="48">
						<String ID="P3_ST00004" HPOS="1150" VPOS="643" WIDTH="88" HEIGHT="48" CONTENT="1" WC="0.98" CC="0"/>
					</TextLine>
				</TextBlock>
				<TextBlock ID="P3_TB00004" HPOS="173" VPOS="777" WIDTH="2026" HEIGHT="2361" STYLEREFS="TXT_3 PAR_BLOCK">
					<TextLine ID="P3_TL00004" HPOS="173" VPOS="777" WIDTH="2016" HEIGHT="92">
						<String ID="P3_ST00005" HPOS="173" VPOS="777" WIDTH="127" HEIGHT="89" CONTENT="Ein" WC="1.00" CC="444" STYLEREFS="TXT_4"/>
						<SP ID="P3_SP00002" HPOS="300" VPOS="866" WIDTH="28"/>
						<String ID="P3_ST00006" HPOS="328" VPOS="810" WIDTH="294" HEIGHT="55" CONTENT="Schriftsteller" WC="1.00" CC="33333333333333" STYLEREFS="TXT_4"/>
						<SP ID="P3_SP00003" HPOS="622" VPOS="866" WIDTH="26"/>
						<String ID="P3_ST00007" HPOS="648" VPOS="811" WIDTH="76" HEIGHT="45" CONTENT="des" WC="1.00" CC="000" STYLEREFS="TXT_4"/>
						<SP ID="P3_SP00004" HPOS="724" VPOS="866" WIDTH="27"/>
						<String ID="P3_ST00008" HPOS="751" VPOS="810" WIDTH="175" HEIGHT="56" CONTENT="vorigen" WC="1.00" CC="2222222" STYLEREFS="TXT_4"/>
						<SP ID="P3_SP00005" HPOS="926" VPOS="866" WIDTH="28"/>
						<String ID="P3_ST00009" HPOS="954" VPOS="810" WIDTH="322" HEIGHT="56" CONTENT="Jahrhunderts" WC="1.00" CC="333333333333" STYLEREFS="TXT_4"/>
						<SP ID="P3_SP00006" HPOS="1276" VPOS="866" WIDTH="28"/>
						<String ID="P3_ST00010" HPOS="1304" VPOS="812" WIDTH="103" HEIGHT="54" CONTENT="zieht" WC="1.00" CC="11111" STYLEREFS="TXT_4"/>
						<SP ID="P3_SP00007" HPOS="1407" VPOS="866" WIDTH="27"/>
						<String ID="P3_ST00011" HPOS="1434" VPOS="808" WIDTH="73" HEIGHT="58" CONTENT="sich" WC="1.00" CC="1111" STYLEREFS="TXT_4"/>
						<SP ID="P3_SP00008" HPOS="1507" VPOS="866" WIDTH="26"/>
						<String ID="P3_ST00012" HPOS="1533" VPOS="824" WIDTH="96" HEIGHT="34" CONTENT="vom" WC="1.00" CC="111" STYLEREFS="TXT_4"/>
						<SP ID="P3_SP00009" HPOS="1629" VPOS="866" WIDTH="28"/>
						<String ID="P3_ST00013" HPOS="1657" VPOS="811" WIDTH="134" HEIGHT="58" CONTENT="Leben" WC="1.00" CC="22222" STYLEREFS="TXT_4"/>
						<SP ID="P3_SP00010" HPOS="1791" VPOS="869" WIDTH="27"/>
						<String ID="P3_ST00014" HPOS="1818" VPOS="812" WIDTH="157" HEIGHT="55" CONTENT="zurück," WC="1.00" CC="1111111" STYLEREFS="TXT_4"/>
						<SP ID="P3_SP00011" HPOS="1975" VPOS="869" WIDTH="27"/>
						<String ID="P3_ST00015" HPOS="2002" VPOS="812" WIDTH="75" HEIGHT="56" CONTENT="aus" WC="1.00" CC="111" STYLEREFS="TXT_4"/>
						<SP ID="P3_SP00012" HPOS="2077" VPOS="869" WIDTH="29"/>
						<String ID="P3_ST00016" HPOS="2106" VPOS="813" WIDTH="83" HEIGHT="46" CONTENT="das" WC="1.00" CC="111" STYLEREFS="TXT_4"/>
					</TextLine>
					<TextLine ID="P3_TL00005" HPOS="175" VPOS="888" WIDTH="2015" HEIGHT="58">
						<String ID="P3_ST00017" HPOS="175" VPOS="890" WIDTH="228" HEIGHT="53" CONTENT="Schreiben" WC="1.00" CC="222222222" STYLEREFS="TXT_5"/>
						<SP ID="P3_SP00013" HPOS="403" VPOS="943" WIDTH="31"/>
						<String ID="P3_ST00018" HPOS="434" VPOS="889" WIDTH="45" HEIGHT="46" CONTENT="in" WC="1.00" CC="11" STYLEREFS="TXT_5"/>
						<SP ID="P3_SP00014" HPOS="479" VPOS="943" WIDTH="32"/>
						<String ID="P3_ST00019" HPOS="511" VPOS="889" WIDTH="74" HEIGHT="46" CONTENT="der" WC="1.00" CC="111" STYLEREFS="TXT_5"/>
						<SP ID="P3_SP00015" HPOS="585" VPOS="943" WIDTH="34"/>
						<String ID="P3_ST00020" HPOS="619" VPOS="888" WIDTH="272" HEIGHT="55" CONTENT="Einsamkeit." WC="1.00" CC="33333333333" STYLEREFS="TXT_5"/>
						<SP ID="P3_SP00016" HPOS="891" VPOS="943" WIDTH="58"/>
						<String ID="P3_ST00021" HPOS="949" VPOS="891" WIDTH="78" HEIGHT="43" CONTENT="Un" WC="1.00" CC="22" STYLEREFS="TXT_5"/>
						<SP ID="P3_SP00017" HPOS="1027" VPOS="943" WIDTH="30"/>
						<String ID="P3_ST00022" HPOS="1057" VPOS="890" WIDTH="181" HEIGHT="44" CONTENT="homme" WC="1.00" CC="22222" STYLEREFS="TXT_5"/>
						<SP ID="P3_SP00018" HPOS="1238" VPOS="943" WIDTH="32"/>
						<String ID="P3_ST00023" HPOS="1270" VPOS="893" WIDTH="83" HEIGHT="47" CONTENT="qui" WC="1.00" CC="222" STYLEREFS="TXT_5"/>
						<SP ID="P3_SP00019" HPOS="1353" VPOS="943" WIDTH="31"/>
						<String ID="P3_ST00024" HPOS="1384" VPOS="889" WIDTH="113" HEIGHT="47" CONTENT="s’est" WC="1.00" CC="22222" STYLEREFS="TXT_5"/>
						<SP ID="P3_SP00020" HPOS="1497" VPOS="943" WIDTH="33"/>
						<String ID="P3_ST00025" HPOS="1530" VPOS="891" WIDTH="198" HEIGHT="44" CONTENT="instjtuö" WC="1.00" CC="33333333" STYLEREFS="TXT_5"/>
						<SP ID="P3_SP00021" HPOS="1728" VPOS="943" WIDTH="33"/>
						<String ID="P3_ST00026" HPOS="1761" VPOS="892" WIDTH="185" HEIGHT="54" CONTENT="aktistcz" WC="1.00" CC="55555555" STYLEREFS="TXT_5"/>
						<SP ID="P3_SP00022" HPOS="1946" VPOS="946" WIDTH="31"/>
						<String ID="P3_ST00027" HPOS="1977" VPOS="893" WIDTH="77" HEIGHT="44" CONTENT="Ikn" WC="1.00" CC="333" STYLEREFS="TXT_5"/>
						<SP ID="P3_SP00023" HPOS="2054" VPOS="946" WIDTH="27"/>
						<String ID="P3_ST00028" HPOS="2081" VPOS="891" WIDTH="109" HEIGHT="50" CONTENT="plus" WC="1.00" CC="2222" STYLEREFS="TXT_5"/>
					</TextLine>
					<TextLine ID="P3_TL00006" HPOS="174" VPOS="969" WIDTH="2015" HEIGHT="57">
						<String ID="P3_ST00029" HPOS="174" VPOS="972" WIDTH="48" HEIGHT="42" CONTENT="le" WC="1.00" CC="22"/>
						<SP ID="P3_SP00024" HPOS="222" VPOS="1014" WIDTH="38"/>
						<String ID="P3_ST00030" HPOS="260" VPOS="970" WIDTH="125" HEIGHT="45" CONTENT="clroit" WC="1.00" CC="222222"/>
						<SP ID="P3_SP00025" HPOS="385" VPOS="1015" WIDTH="38"/>
						<String ID="P3_ST00031" HPOS="423" VPOS="972" WIDTH="56" HEIGHT="43" CONTENT="cle" WC="1.00" CC="222"/>
						<SP ID="P3_SP00026" HPOS="479" VPOS="1015" WIDTH="40"/>
						<String ID="P3_ST00032" HPOS="519" VPOS="969" WIDTH="138" HEIGHT="44" CONTENT="vivko" WC="1.00" CC="22222"/>
						<SP ID="P3_SP00027" HPOS="657" VPOS="1015" WIDTH="38"/>
						<String ID="P3_ST00033" HPOS="695" VPOS="982" WIDTH="174" HEIGHT="35" CONTENT="oomme" WC="1.00" CC="33333"/>
						<SP ID="P3_SP00028" HPOS="869" VPOS="1017" WIDTH="36"/>
						<String ID="P3_ST00034" HPOS="905" VPOS="971" WIDTH="73" HEIGHT="44" CONTENT="les" WC="1.00" CC="222"/>
						<SP ID="P3_SP00029" HPOS="978" VPOS="1017" WIDTH="39"/>
						<String ID="P3_ST00035" HPOS="1017" VPOS="970" WIDTH="176" HEIGHT="45" CONTENT="naives." WC="1.00" CC="3333333"/>
						<SP ID="P3_SP00030" HPOS="1193" VPOS="1017" WIDTH="66"/>
						<String ID="P3_ST00036" HPOS="1259" VPOS="969" WIDTH="66" HEIGHT="46" CONTENT="So" WC="1.00" CC="22"/>
						<SP ID="P3_SP00031" HPOS="1325" VPOS="1017" WIDTH="38"/>
						<String ID="P3_ST00037" HPOS="1363" VPOS="969" WIDTH="149" HEIGHT="55" CONTENT="fpricht" WC="1.00" CC="3333333"/>
						<SP ID="P3_SP00032" HPOS="1512" VPOS="1024" WIDTH="39"/>
						<String ID="P3_ST00038" HPOS="1551" VPOS="970" WIDTH="128" HEIGHT="55" CONTENT="dieser" WC="1.00" CC="222222"/>
						<SP ID="P3_SP00033" HPOS="1679" VPOS="1025" WIDTH="39"/>
						<String ID="P3_ST00039" HPOS="1718" VPOS="972" WIDTH="130" HEIGHT="54" CONTENT="grosse" WC="1.00" CC="444444"/>
						<SP ID="P3_SP00034" HPOS="1848" VPOS="1026" WIDTH="40"/>
						<String ID="P3_ST00040" HPOS="1888" VPOS="970" WIDTH="190" HEIGHT="56" CONTENT="Künstler" WC="1.00" CC="22222222"/>
						<SP ID="P3_SP00035" HPOS="2078" VPOS="1026" WIDTH="38"/>
						<String ID="P3_ST00041" HPOS="2116" VPOS="971" WIDTH="73" HEIGHT="46" CONTENT="der" WC="1.00" CC="222"/>
					</TextLine>
					<TextLine ID="P3_TL00007" HPOS="176" VPOS="1048" WIDTH="2014" HEIGHT="59">
						<String ID="P3_ST00042" HPOS="176" VPOS="1050" WIDTH="156" HEIGHT="54" CONTENT="Mitte," WC="1.00" CC="111111"/>
						<SP ID="P3_SP00036" HPOS="332" VPOS="1104" WIDTH="26"/>
						<String ID="P3_ST00043" HPOS="358" VPOS="1050" WIDTH="66" HEIGHT="47" CONTENT="ein" WC="1.00" CC="111"/>
						<SP ID="P3_SP00037" HPOS="424" VPOS="1104" WIDTH="24"/>
						<String ID="P3_ST00044" HPOS="448" VPOS="1048" WIDTH="303" HEIGHT="56" CONTENT="Unsichtbarer," WC="1.00" CC="3333333333333"/>
						<SP ID="P3_SP00038" HPOS="751" VPOS="1104" WIDTH="26"/>
						<String ID="P3_ST00045" HPOS="777" VPOS="1050" WIDTH="89" HEIGHT="53" CONTENT="der," WC="1.00" CC="1111"/>
						<SP ID="P3_SP00039" HPOS="866" VPOS="1104" WIDTH="24"/>
						<String ID="P3_ST00046" HPOS="890" VPOS="1049" WIDTH="80" HEIGHT="46" CONTENT="wie" WC="1.00" CC="111"/>
						<SP ID="P3_SP00040" HPOS="970" VPOS="1104" WIDTH="25"/>
						<String ID="P3_ST00047" HPOS="995" VPOS="1049" WIDTH="67" HEIGHT="46" CONTENT="ein" WC="1.00" CC="111"/>
						<SP ID="P3_SP00041" HPOS="1062" VPOS="1104" WIDTH="25"/>
						<String ID="P3_ST00048" HPOS="1087" VPOS="1048" WIDTH="233" HEIGHT="56" CONTENT="Monarch," WC="1.00" CC="11111111"/>
						<SP ID="P3_SP00042" HPOS="1320" VPOS="1104" WIDTH="25"/>
						<String ID="P3_ST00049" HPOS="1345" VPOS="1048" WIDTH="74" HEIGHT="56" CONTENT="sich" WC="1.00" CC="1111"/>
						<SP ID="P3_SP00043" HPOS="1419" VPOS="1104" WIDTH="26"/>
						<String ID="P3_ST00050" HPOS="1445" VPOS="1050" WIDTH="114" HEIGHT="54" CONTENT="selbst" WC="1.00" CC="111111"/>
						<SP ID="P3_SP00044" HPOS="1559" VPOS="1104" WIDTH="25"/>
						<String ID="P3_ST00051" HPOS="1584" VPOS="1051" WIDTH="66" HEIGHT="45" CONTENT="nie" WC="1.00" CC="111"/>
						<SP ID="P3_SP00045" HPOS="1650" VPOS="1104" WIDTH="26"/>
						<String ID="P3_ST00052" HPOS="1676" VPOS="1050" WIDTH="293" HEIGHT="55" CONTENT="heransstellen" WC="1.00" CC="1111111111111"/>
						<SP ID="P3_SP00046" HPOS="1969" VPOS="1105" WIDTH="26"/>
						<String ID="P3_ST00053" HPOS="1995" VPOS="1051" WIDTH="101" HEIGHT="56" CONTENT="will;" WC="1.00" CC="22222"/>
						<SP ID="P3_SP00047" HPOS="2096" VPOS="1107" WIDTH="29"/>
						<String ID="P3_ST00054" HPOS="2125" VPOS="1051" WIDTH="65" HEIGHT="46" CONTENT="ein" WC="1.00" CC="111"/>
					</TextLine>
					<TextLine ID="P3_TL00008" HPOS="181" VPOS="1128" WIDTH="2014" HEIGHT="57">
						<String ID="P3_ST00055" HPOS="181" VPOS="1128" WIDTH="187" HEIGHT="56" CONTENT="zwilchen" WC="1.00" CC="22222222"/>
						<SP ID="P3_SP00048" HPOS="368" VPOS="1184" WIDTH="28"/>
						<String ID="P3_ST00056" HPOS="396" VPOS="1128" WIDTH="79" HEIGHT="47" CONTENT="den" WC="1.00" CC="111"/>
						<SP ID="P3_SP00049" HPOS="475" VPOS="1184" WIDTH="28"/>
						<String ID="P3_ST00057" HPOS="503" VPOS="1128" WIDTH="146" HEIGHT="55" CONTENT="Polen" WC="1.00" CC="22222"/>
						<SP ID="P3_SP00050" HPOS="649" VPOS="1184" WIDTH="30"/>
						<String ID="P3_ST00058" HPOS="679" VPOS="1128" WIDTH="225" HEIGHT="56" CONTENT="Gkstatisch" WC="1.00" CC="2222222222"/>
						<SP ID="P3_SP00051" HPOS="904" VPOS="1184" WIDTH="30"/>
						<String ID="P3_ST00059" HPOS="934" VPOS="1130" WIDTH="84" HEIGHT="45" CONTENT="und" WC="1.00" CC="111"/>
						<SP ID="P3_SP00052" HPOS="1018" VPOS="1184" WIDTH="30"/>
						<String ID="P3_ST00060" HPOS="1048" VPOS="1128" WIDTH="285" HEIGHT="56" CONTENT="Kämpferisch" WC="1.00" CC="22222222222"/>
						<SP ID="P3_SP00053" HPOS="1333" VPOS="1184" WIDTH="30"/>
						<String ID="P3_ST00061" HPOS="1363" VPOS="1128" WIDTH="385" HEIGHT="56" CONTENT="Ging-eschlosseuer," WC="1.00" CC="222222222222222222"/>
						<SP ID="P3_SP00054" HPOS="1748" VPOS="1184" WIDTH="30"/>
						<String ID="P3_ST00062" HPOS="1778" VPOS="1132" WIDTH="72" HEIGHT="43" CONTENT="der" WC="1.00" CC="111"/>
						<SP ID="P3_SP00055" HPOS="1850" VPOS="1184" WIDTH="31"/>
						<String ID="P3_ST00063" HPOS="1881" VPOS="1130" WIDTH="137" HEIGHT="54" CONTENT="hinter" WC="1.00" CC="222222"/>
						<SP ID="P3_SP00056" HPOS="2018" VPOS="1184" WIDTH="31"/>
						<String ID="P3_ST00064" HPOS="2049" VPOS="1130" WIDTH="146" HEIGHT="55" CONTENT="seinem" WC="1.00" CC="111111"/>
					</TextLine>
					<TextLine ID="P3_TL00009" HPOS="177" VPOS="1208" WIDTH="1373" HEIGHT="56">
						<String ID="P3_ST00065" HPOS="177" VPOS="1208" WIDTH="165" HEIGHT="47" CONTENT="Werke" WC="1.00" CC="11111" STYLEREFS="TXT_4"/>
						<SP ID="P3_SP00057" HPOS="342" VPOS="1255" WIDTH="31"/>
						<String ID="P3_ST00066" HPOS="373" VPOS="1209" WIDTH="79" HEIGHT="46" CONTENT="wie" WC="1.00" CC="111" STYLEREFS="TXT_4"/>
						<SP ID="P3_SP00058" HPOS="452" VPOS="1255" WIDTH="30"/>
						<String ID="P3_ST00067" HPOS="482" VPOS="1208" WIDTH="110" HEIGHT="46" CONTENT="Gott" WC="1.00" CC="1111" STYLEREFS="TXT_4"/>
						<SP ID="P3_SP00059" HPOS="592" VPOS="1255" WIDTH="31"/>
						<String ID="P3_ST00068" HPOS="623" VPOS="1208" WIDTH="138" HEIGHT="53" CONTENT="hinter" WC="1.00" CC="111111" STYLEREFS="TXT_4"/>
						<SP ID="P3_SP00060" HPOS="761" VPOS="1261" WIDTH="30"/>
						<String ID="P3_ST00069" HPOS="791" VPOS="1210" WIDTH="74" HEIGHT="45" CONTENT="der" WC="1.00" CC="111" STYLEREFS="TXT_4"/>
						<SP ID="P3_SP00061" HPOS="865" VPOS="1261" WIDTH="31"/>
						<String ID="P3_ST00070" HPOS="896" VPOS="1208" WIDTH="123" HEIGHT="47" CONTENT="Welt" WC="1.00" CC="1111" STYLEREFS="TXT_4"/>
						<SP ID="P3_SP00062" HPOS="1019" VPOS="1261" WIDTH="29"/>
						<String ID="P3_ST00071" HPOS="1048" VPOS="1208" WIDTH="302" HEIGHT="56" CONTENT="verschwinden" WC="1.00" CC="333333333333" STYLEREFS="TXT_4"/>
						<SP ID="P3_SP00063" HPOS="1350" VPOS="1264" WIDTH="30"/>
						<String ID="P3_ST00072" HPOS="1380" VPOS="1208" WIDTH="170" HEIGHT="54" CONTENT="möchte." WC="1.00" CC="1111111" STYLEREFS="TXT_4"/>
					</TextLine>
					<TextLine ID="P3_TL00010" HPOS="351" VPOS="1301" WIDTH="1845" HEIGHT="58">
						<String ID="P3_ST00073" HPOS="351" VPOS="1302" WIDTH="120" HEIGHT="45" CONTENT="Aber" WC="1.00" CC="1111" STYLEREFS="TXT_5"/>
						<SP ID="P3_SP00064" HPOS="471" VPOS="1347" WIDTH="29"/>
						<String ID="P3_ST00074" HPOS="500" VPOS="1303" WIDTH="94" HEIGHT="44" CONTENT="kein" WC="1.00" CC="1111" STYLEREFS="TXT_5"/>
						<SP ID="P3_SP00065" HPOS="594" VPOS="1347" WIDTH="30"/>
						<String ID="P3_ST00075" HPOS="624" VPOS="1301" WIDTH="215" HEIGHT="54" CONTENT="ärmlicher" WC="1.00" CC="111111111" STYLEREFS="TXT_5"/>
						<SP ID="P3_SP00066" HPOS="839" VPOS="1355" WIDTH="28"/>
						<String ID="P3_ST00076" HPOS="867" VPOS="1302" WIDTH="150" HEIGHT="56" CONTENT="Asketz" WC="1.00" CC="222222" STYLEREFS="TXT_5"/>
						<SP ID="P3_SP00067" HPOS="1017" VPOS="1358" WIDTH="28"/>
						<String ID="P3_ST00077" HPOS="1045" VPOS="1303" WIDTH="106" HEIGHT="54" CONTENT="seine" WC="1.00" CC="11111" STYLEREFS="TXT_5"/>
						<SP ID="P3_SP00068" HPOS="1151" VPOS="1358" WIDTH="29"/>
						<String ID="P3_ST00078" HPOS="1180" VPOS="1301" WIDTH="260" HEIGHT="57" CONTENT="Einsamkeit" WC="1.00" CC="3333333333" STYLEREFS="TXT_5"/>
						<SP ID="P3_SP00069" HPOS="1440" VPOS="1358" WIDTH="27"/>
						<String ID="P3_ST00079" HPOS="1467" VPOS="1302" WIDTH="143" HEIGHT="56" CONTENT="bringt" WC="1.00" CC="111111" STYLEREFS="TXT_5"/>
						<SP ID="P3_SP00070" HPOS="1610" VPOS="1358" WIDTH="30"/>
						<String ID="P3_ST00080" HPOS="1640" VPOS="1304" WIDTH="88" HEIGHT="45" CONTENT="eine" WC="1.00" CC="1111" STYLEREFS="TXT_5"/>
						<SP ID="P3_SP00071" HPOS="1728" VPOS="1358" WIDTH="29"/>
						<String ID="P3_ST00081" HPOS="1757" VPOS="1303" WIDTH="145" HEIGHT="47" CONTENT="Quelle" WC="1.00" CC="222222" STYLEREFS="TXT_5"/>
						<SP ID="P3_SP00072" HPOS="1902" VPOS="1358" WIDTH="28"/>
						<String ID="P3_ST00082" HPOS="1930" VPOS="1302" WIDTH="173" HEIGHT="57" CONTENT="hervor," WC="1.00" CC="1111111" STYLEREFS="TXT_5"/>
						<SP ID="P3_SP00073" HPOS="2103" VPOS="1359" WIDTH="29"/>
						<String ID="P3_ST00083" HPOS="2132" VPOS="1305" WIDTH="64" HEIGHT="44" CONTENT="die" WC="1.00" CC="111" STYLEREFS="TXT_5"/>
					</TextLine>
					<TextLine ID="P3_TL00011" HPOS="180" VPOS="1379" WIDTH="2018" HEIGHT="59">
						<String ID="P3_ST00084" HPOS="180" VPOS="1392" WIDTH="84" HEIGHT="35" CONTENT="ans" WC="1.00" CC="111"/>
						<SP ID="P3_SP00074" HPOS="264" VPOS="1427" WIDTH="38"/>
						<String ID="P3_ST00085" HPOS="302" VPOS="1382" WIDTH="74" HEIGHT="45" CONTENT="der" WC="1.00" CC="111"/>
						<SP ID="P3_SP00075" HPOS="376" VPOS="1427" WIDTH="39"/>
						<String ID="P3_ST00086" HPOS="415" VPOS="1379" WIDTH="259" HEIGHT="56" CONTENT="Einsamkeit" WC="1.00" CC="3333333333"/>
						<SP ID="P3_SP00076" HPOS="674" VPOS="1435" WIDTH="36"/>
						<String ID="P3_ST00087" HPOS="710" VPOS="1380" WIDTH="250" HEIGHT="54" CONTENT="wegströmt" WC="1.00" CC="333333333"/>
						<SP ID="P3_SP00077" HPOS="960" VPOS="1435" WIDTH="66"/>
						<String ID="P3_ST00088" HPOS="1026" VPOS="1380" WIDTH="144" HEIGHT="47" CONTENT="Wenn" WC="1.00" CC="1111"/>
						<SP ID="P3_SP00078" HPOS="1170" VPOS="1435" WIDTH="38"/>
						<String ID="P3_ST00089" HPOS="1208" VPOS="1392" WIDTH="45" HEIGHT="35" CONTENT="er" WC="1.00" CC="11"/>
						<SP ID="P3_SP00079" HPOS="1253" VPOS="1435" WIDTH="38"/>
						<String ID="P3_ST00090" HPOS="1291" VPOS="1381" WIDTH="100" HEIGHT="55" CONTENT="auch" WC="1.00" CC="1111"/>
						<SP ID="P3_SP00080" HPOS="1391" VPOS="1436" WIDTH="38"/>
						<String ID="P3_ST00091" HPOS="1429" VPOS="1381" WIDTH="243" HEIGHT="46" CONTENT="niemanden" WC="1.00" CC="222222222"/>
						<SP ID="P3_SP00081" HPOS="1672" VPOS="1436" WIDTH="38"/>
						<String ID="P3_ST00092" HPOS="1710" VPOS="1382" WIDTH="115" HEIGHT="54" CONTENT="mehr" WC="1.00" CC="1111"/>
						<SP ID="P3_SP00082" HPOS="1825" VPOS="1436" WIDTH="36"/>
						<String ID="P3_ST00093" HPOS="1861" VPOS="1384" WIDTH="196" HEIGHT="54" CONTENT="umarmt," WC="1.00" CC="1111111"/>
						<SP ID="P3_SP00083" HPOS="2057" VPOS="1438" WIDTH="35"/>
						<String ID="P3_ST00094" HPOS="2092" VPOS="1381" WIDTH="106" HEIGHT="55" CONTENT="seine" WC="1.00" CC="11111"/>
					</TextLine>
					<TextLine ID="P3_TL00012" HPOS="182" VPOS="1460" WIDTH="2017" HEIGHT="58">
						<String ID="P3_ST00095" HPOS="182" VPOS="1461" WIDTH="123" HEIGHT="49" CONTENT="Liebe" WC="1.00" CC="22222"/>
						<SP ID="P3_SP00084" HPOS="305" VPOS="1510" WIDTH="33"/>
						<String ID="P3_ST00096" HPOS="338" VPOS="1461" WIDTH="119" HEIGHT="53" CONTENT="stirbt" WC="1.00" CC="222222"/>
						<SP ID="P3_SP00085" HPOS="457" VPOS="1514" WIDTH="33"/>
						<String ID="P3_ST00097" HPOS="490" VPOS="1461" WIDTH="99" HEIGHT="54" CONTENT="doch" WC="1.00" CC="1111"/>
						<SP ID="P3_SP00086" HPOS="589" VPOS="1515" WIDTH="36"/>
						<String ID="P3_ST00098" HPOS="625" VPOS="1460" WIDTH="106" HEIGHT="54" CONTENT="nicht" WC="1.00" CC="11111"/>
						<SP ID="P3_SP00087" HPOS="731" VPOS="1515" WIDTH="35"/>
						<String ID="P3_ST00099" HPOS="766" VPOS="1461" WIDTH="69" HEIGHT="46" CONTENT="ab." WC="1.00" CC="111"/>
						<SP ID="P3_SP00088" HPOS="835" VPOS="1515" WIDTH="62"/>
						<String ID="P3_ST00100" HPOS="897" VPOS="1461" WIDTH="127" HEIGHT="46" CONTENT="Denn" WC="1.00" CC="1111"/>
						<SP ID="P3_SP00089" HPOS="1024" VPOS="1515" WIDTH="33"/>
						<String ID="P3_ST00101" HPOS="1057" VPOS="1461" WIDTH="66" HEIGHT="46" CONTENT="die" WC="1.00" CC="111"/>
						<SP ID="P3_SP00090" HPOS="1123" VPOS="1515" WIDTH="33"/>
						<String ID="P3_ST00102" HPOS="1156" VPOS="1460" WIDTH="186" HEIGHT="56" CONTENT="Bücher," WC="1.00" CC="2222222"/>
						<SP ID="P3_SP00091" HPOS="1342" VPOS="1516" WIDTH="34"/>
						<String ID="P3_ST00103" HPOS="1376" VPOS="1461" WIDTH="65" HEIGHT="47" CONTENT="die" WC="1.00" CC="111"/>
						<SP ID="P3_SP00092" HPOS="1441" VPOS="1516" WIDTH="35"/>
						<String ID="P3_ST00104" HPOS="1476" VPOS="1474" WIDTH="46" HEIGHT="37" CONTENT="er" WC="1.00" CC="11"/>
						<SP ID="P3_SP00093" HPOS="1522" VPOS="1516" WIDTH="32"/>
						<String ID="P3_ST00105" HPOS="1554" VPOS="1461" WIDTH="187" HEIGHT="55" CONTENT="schreibt," WC="1.00" CC="222222222"/>
						<SP ID="P3_SP00094" HPOS="1741" VPOS="1516" WIDTH="31"/>
						<String ID="P3_ST00106" HPOS="1772" VPOS="1462" WIDTH="165" HEIGHT="46" CONTENT="werden" WC="1.00" CC="111111"/>
						<SP ID="P3_SP00095" HPOS="1937" VPOS="1516" WIDTH="33"/>
						<String ID="P3_ST00107" HPOS="1970" VPOS="1463" WIDTH="89" HEIGHT="55" CONTENT="ietzt" WC="1.00" CC="22222"/>
						<SP ID="P3_SP00096" HPOS="2059" VPOS="1518" WIDTH="33"/>
						<String ID="P3_ST00108" HPOS="2092" VPOS="1461" WIDTH="107" HEIGHT="55" CONTENT="seine" WC="1.00" CC="11111"/>
					</TextLine>
					<TextLine ID="P3_TL00013" HPOS="180" VPOS="1541" WIDTH="2017" HEIGHT="57">
						<String ID="P3_ST00109" HPOS="180" VPOS="1541" WIDTH="192" HEIGHT="54" CONTENT="Glieder," WC="1.00" CC="11111111"/>
						<SP ID="P3_SP00097" HPOS="372" VPOS="1595" WIDTH="20"/>
						<String ID="P3_ST00110" HPOS="392" VPOS="1541" WIDTH="76" HEIGHT="47" CONTENT="mit" WC="1.00" CC="111"/>
						<SP ID="P3_SP00098" HPOS="468" VPOS="1595" WIDTH="22"/>
						<String ID="P3_ST00111" HPOS="490" VPOS="1541" WIDTH="130" HEIGHT="46" CONTENT="denen" WC="1.00" CC="11111"/>
						<SP ID="P3_SP00099" HPOS="620" VPOS="1595" WIDTH="21"/>
						<String ID="P3_ST00112" HPOS="641" VPOS="1553" WIDTH="45" HEIGHT="34" CONTENT="er" WC="1.00" CC="11"/>
						<SP ID="P3_SP00100" HPOS="686" VPOS="1595" WIDTH="21"/>
						<String ID="P3_ST00113" HPOS="707" VPOS="1541" WIDTH="75" HEIGHT="55" CONTENT="sich" WC="1.00" CC="2222"/>
						<SP ID="P3_SP00101" HPOS="782" VPOS="1596" WIDTH="20"/>
						<String ID="P3_ST00114" HPOS="802" VPOS="1542" WIDTH="43" HEIGHT="45" CONTENT="in" WC="1.00" CC="11"/>
						<SP ID="P3_SP00102" HPOS="845" VPOS="1596" WIDTH="22"/>
						<String ID="P3_ST00115" HPOS="867" VPOS="1542" WIDTH="68" HEIGHT="46" CONTENT="die" WC="1.00" CC="111"/>
						<SP ID="P3_SP00103" HPOS="935" VPOS="1596" WIDTH="19"/>
						<String ID="P3_ST00116" HPOS="954" VPOS="1541" WIDTH="124" HEIGHT="46" CONTENT="Welt" WC="1.00" CC="1111"/>
						<SP ID="P3_SP00104" HPOS="1078" VPOS="1596" WIDTH="20"/>
						<String ID="P3_ST00117" HPOS="1098" VPOS="1541" WIDTH="279" HEIGHT="55" CONTENT="hinanssühlt." WC="1.00" CC="111111111111"/>
						<SP ID="P3_SP00105" HPOS="1377" VPOS="1596" WIDTH="51"/>
						<String ID="P3_ST00118" HPOS="1428" VPOS="1542" WIDTH="63" HEIGHT="46" CONTENT="Gr" WC="1.00" CC="22"/>
						<SP ID="P3_SP00106" HPOS="1491" VPOS="1596" WIDTH="21"/>
						<String ID="P3_ST00119" HPOS="1512" VPOS="1542" WIDTH="98" HEIGHT="55" CONTENT="geht" WC="1.00" CC="1111"/>
						<SP ID="P3_SP00107" HPOS="1610" VPOS="1597" WIDTH="23"/>
						<String ID="P3_ST00120" HPOS="1633" VPOS="1541" WIDTH="106" HEIGHT="55" CONTENT="nicht" WC="1.00" CC="22222"/>
						<SP ID="P3_SP00108" HPOS="1739" VPOS="1597" WIDTH="21"/>
						<String ID="P3_ST00121" HPOS="1760" VPOS="1543" WIDTH="42" HEIGHT="45" CONTENT="in" WC="1.00" CC="11"/>
						<SP ID="P3_SP00109" HPOS="1802" VPOS="1597" WIDTH="21"/>
						<String ID="P3_ST00122" HPOS="1823" VPOS="1543" WIDTH="374" HEIGHT="55" CONTENT="selbstgeuiigender" WC="1.00" CC="11111111111111111"/>
					</TextLine>
					<TextLine ID="P3_TL00014" HPOS="183" VPOS="1621" WIDTH="1809" HEIGHT="57">
						<String ID="P3_ST00123" HPOS="183" VPOS="1621" WIDTH="298" HEIGHT="56" CONTENT="Berzücktheit" WC="1.00" CC="222222222222"/>
						<SP ID="P3_SP00110" HPOS="481" VPOS="1677" WIDTH="23"/>
						<String ID="P3_ST00124" HPOS="504" VPOS="1622" WIDTH="76" HEIGHT="45" CONTENT="des" WC="1.00" CC="111"/>
						<SP ID="P3_SP00111" HPOS="580" VPOS="1677" WIDTH="25"/>
						<String ID="P3_ST00125" HPOS="605" VPOS="1621" WIDTH="291" HEIGHT="54" CONTENT="Dichtertums" WC="1.00" CC="11111111111"/>
						<SP ID="P3_SP00112" HPOS="896" VPOS="1677" WIDTH="25"/>
						<String ID="P3_ST00126" HPOS="921" VPOS="1622" WIDTH="88" HEIGHT="54" CONTENT="auf," WC="1.00" CC="1111"/>
						<SP ID="P3_SP00113" HPOS="1009" VPOS="1677" WIDTH="25"/>
						<String ID="P3_ST00127" HPOS="1034" VPOS="1622" WIDTH="177" HEIGHT="54" CONTENT="sondern" WC="1.00" CC="1111111"/>
						<SP ID="P3_SP00114" HPOS="1211" VPOS="1677" WIDTH="23"/>
						<String ID="P3_ST00128" HPOS="1234" VPOS="1634" WIDTH="46" HEIGHT="34" CONTENT="er" WC="1.00" CC="11"/>
						<SP ID="P3_SP00115" HPOS="1280" VPOS="1677" WIDTH="26"/>
						<String ID="P3_ST00129" HPOS="1306" VPOS="1621" WIDTH="309" HEIGHT="55" CONTENT="veröffentlicht" WC="1.00" CC="33333333333333"/>
						<SP ID="P3_SP00116" HPOS="1615" VPOS="1677" WIDTH="23"/>
						<String ID="P3_ST00130" HPOS="1638" VPOS="1621" WIDTH="106" HEIGHT="57" CONTENT="seine" WC="1.00" CC="11111"/>
						<SP ID="P3_SP00117" HPOS="1744" VPOS="1678" WIDTH="24"/>
						<String ID="P3_ST00131" HPOS="1768" VPOS="1622" WIDTH="224" HEIGHT="54" CONTENT="Dichtung." WC="1.00" CC="222222222"/>
					</TextLine>
					<TextLine ID="P3_TL00015" HPOS="352" VPOS="1713" WIDTH="1846" HEIGHT="56">
						<String ID="P3_ST00132" HPOS="352" VPOS="1715" WIDTH="93" HEIGHT="53" CONTENT="Zur" WC="1.00" CC="222"/>
						<SP ID="P3_SP00118" HPOS="445" VPOS="1768" WIDTH="27"/>
						<String ID="P3_ST00133" HPOS="472" VPOS="1714" WIDTH="146" HEIGHT="54" CONTENT="Wüste" WC="1.00" CC="11111"/>
						<SP ID="P3_SP00119" HPOS="618" VPOS="1768" WIDTH="29"/>
						<String ID="P3_ST00134" HPOS="647" VPOS="1715" WIDTH="186" HEIGHT="54" CONTENT="dagegen" WC="1.00" CC="1111111"/>
						<SP ID="P3_SP00120" HPOS="833" VPOS="1769" WIDTH="28"/>
						<String ID="P3_ST00135" HPOS="861" VPOS="1713" WIDTH="147" HEIGHT="55" CONTENT="scheint" WC="1.00" CC="1111111"/>
						<SP ID="P3_SP00121" HPOS="1008" VPOS="1769" WIDTH="27"/>
						<String ID="P3_ST00136" HPOS="1035" VPOS="1714" WIDTH="74" HEIGHT="54" CONTENT="sich" WC="1.00" CC="2222"/>
						<SP ID="P3_SP00122" HPOS="1109" VPOS="1769" WIDTH="25"/>
						<String ID="P3_ST00137" HPOS="1134" VPOS="1714" WIDTH="68" HEIGHT="46" CONTENT="ein" WC="1.00" CC="111"/>
						<SP ID="P3_SP00123" HPOS="1202" VPOS="1769" WIDTH="27"/>
						<String ID="P3_ST00138" HPOS="1229" VPOS="1715" WIDTH="178" HEIGHT="45" CONTENT="anderer" WC="1.00" CC="1111111"/>
						<SP ID="P3_SP00124" HPOS="1407" VPOS="1769" WIDTH="26"/>
						<String ID="P3_ST00139" HPOS="1433" VPOS="1727" WIDTH="45" HEIGHT="41" CONTENT="zu" WC="1.00" CC="11"/>
						<SP ID="P3_SP00125" HPOS="1478" VPOS="1769" WIDTH="28"/>
						<String ID="P3_ST00140" HPOS="1506" VPOS="1714" WIDTH="224" HEIGHT="54" CONTENT="bekennen," WC="1.00" CC="111111111"/>
						<SP ID="P3_SP00126" HPOS="1730" VPOS="1769" WIDTH="28"/>
						<String ID="P3_ST00141" HPOS="1758" VPOS="1727" WIDTH="83" HEIGHT="33" CONTENT="von" WC="1.00" CC="111"/>
						<SP ID="P3_SP00127" HPOS="1841" VPOS="1769" WIDTH="27"/>
						<String ID="P3_ST00142" HPOS="1868" VPOS="1716" WIDTH="90" HEIGHT="44" CONTENT="dem" WC="1.00" CC="111"/>
						<SP ID="P3_SP00128" HPOS="1958" VPOS="1769" WIDTH="25"/>
						<String ID="P3_ST00143" HPOS="1983" VPOS="1715" WIDTH="66" HEIGHT="46" CONTENT="die" WC="1.00" CC="111"/>
						<SP ID="P3_SP00129" HPOS="2049" VPOS="1769" WIDTH="26"/>
						<String ID="P3_ST00144" HPOS="2075" VPOS="1715" WIDTH="93" HEIGHT="46" CONTENT="Bio" SUBS_TYPE="HypPart1" SUBS_CONTENT="Biographie" WC="1.00" CC="222"/>
						<HYP HPOS="2168" VPOS="1715" WIDTH="30" CONTENT="-"/>
					</TextLine>
					<TextLine ID="P3_TL00016" HPOS="182" VPOS="1793" WIDTH="2017" HEIGHT="56">
						<String ID="P3_ST00145" HPOS="182" VPOS="1794" WIDTH="181" HEIGHT="54" CONTENT="graphie" SUBS_TYPE="HypPart2" SUBS_CONTENT="Biographie" WC="1.00" CC="2222222"/>
						<SP ID="P3_SP00130" HPOS="363" VPOS="1848" WIDTH="26"/>
						<String ID="P3_ST00146" HPOS="389" VPOS="1794" WIDTH="107" HEIGHT="55" CONTENT="sagt," WC="1.00" CC="11111"/>
						<SP ID="P3_SP00131" HPOS="496" VPOS="1849" WIDTH="25"/>
						<String ID="P3_ST00147" HPOS="521" VPOS="1807" WIDTH="49" HEIGHT="35" CONTENT="er" WC="1.00" CC="11"/>
						<SP ID="P3_SP00132" HPOS="570" VPOS="1849" WIDTH="26"/>
						<String ID="P3_ST00148" HPOS="596" VPOS="1793" WIDTH="158" HEIGHT="55" CONTENT="pflegte" WC="1.00" CC="2222222"/>
						<SP ID="P3_SP00133" HPOS="754" VPOS="1849" WIDTH="25"/>
						<String ID="P3_ST00149" HPOS="779" VPOS="1793" WIDTH="106" HEIGHT="55" CONTENT="seine" WC="1.00" CC="11111"/>
						<SP ID="P3_SP00134" HPOS="885" VPOS="1849" WIDTH="29"/>
						<String ID="P3_ST00150" HPOS="914" VPOS="1793" WIDTH="200" HEIGHT="46" CONTENT="Romane" WC="1.00" CC="222222"/>
						<SP ID="P3_SP00135" HPOS="1114" VPOS="1849" WIDTH="26"/>
						<String ID="P3_ST00151" HPOS="1140" VPOS="1793" WIDTH="247" HEIGHT="55" CONTENT="vollständig" WC="1.00" CC="22222222222"/>
						<SP ID="P3_SP00136" HPOS="1387" VPOS="1849" WIDTH="28"/>
						<String ID="P3_ST00152" HPOS="1415" VPOS="1793" WIDTH="56" HEIGHT="45" CONTENT="im" WC="1.00" CC="11"/>
						<SP ID="P3_SP00137" HPOS="1471" VPOS="1849" WIDTH="29"/>
						<String ID="P3_ST00153" HPOS="1500" VPOS="1793" WIDTH="117" HEIGHT="55" CONTENT="Kopf" WC="1.00" CC="2222"/>
						<SP ID="P3_SP00138" HPOS="1617" VPOS="1849" WIDTH="26"/>
						<String ID="P3_ST00154" HPOS="1643" VPOS="1806" WIDTH="45" HEIGHT="42" CONTENT="zu" WC="1.00" CC="11"/>
						<SP ID="P3_SP00139" HPOS="1688" VPOS="1849" WIDTH="28"/>
						<String ID="P3_ST00155" HPOS="1716" VPOS="1795" WIDTH="229" HEIGHT="53" CONTENT="entwerfen" WC="1.00" CC="111111111"/>
						<SP ID="P3_SP00140" HPOS="1945" VPOS="1849" WIDTH="27"/>
						<String ID="P3_ST00156" HPOS="1972" VPOS="1795" WIDTH="82" HEIGHT="46" CONTENT="und" WC="1.00" CC="111"/>
						<SP ID="P3_SP00141" HPOS="2054" VPOS="1849" WIDTH="28"/>
						<String ID="P3_ST00157" HPOS="2082" VPOS="1795" WIDTH="117" HEIGHT="53" CONTENT="hier«-" WC="1.00" CC="222222"/>
					</TextLine>
					<TextLine ID="P3_TL00017" HPOS="184" VPOS="1872" WIDTH="2015" HEIGHT="56">
						<String ID="P3_ST00158" HPOS="184" VPOS="1873" WIDTH="124" HEIGHT="54" CONTENT="durch" WC="1.00" CC="11111"/>
						<SP ID="P3_SP00142" HPOS="308" VPOS="1927" WIDTH="35"/>
						<String ID="P3_ST00159" HPOS="343" VPOS="1873" WIDTH="116" HEIGHT="55" CONTENT="schon" WC="1.00" CC="11111"/>
						<SP ID="P3_SP00143" HPOS="459" VPOS="1928" WIDTH="36"/>
						<String ID="P3_ST00160" HPOS="495" VPOS="1885" WIDTH="101" HEIGHT="43" CONTENT="ganz" WC="1.00" CC="1111"/>
						<SP ID="P3_SP00144" HPOS="596" VPOS="1928" WIDTH="33"/>
						<String ID="P3_ST00161" HPOS="629" VPOS="1872" WIDTH="225" HEIGHT="55" CONTENT="befriedigt" WC="1.00" CC="1111111111"/>
						<SP ID="P3_SP00145" HPOS="854" VPOS="1928" WIDTH="34"/>
						<String ID="P3_ST00162" HPOS="888" VPOS="1886" WIDTH="45" HEIGHT="41" CONTENT="zu" WC="1.00" CC="11"/>
						<SP ID="P3_SP00146" HPOS="933" VPOS="1928" WIDTH="34"/>
						<String ID="P3_ST00163" HPOS="967" VPOS="1873" WIDTH="83" HEIGHT="55" CONTENT="sein" WC="1.00" CC="1111"/>
						<SP ID="P3_SP00147" HPOS="1050" VPOS="1928" WIDTH="31"/>
						<String ID="P3_ST00164" HPOS="1081" VPOS="1906" WIDTH="11" HEIGHT="12" CONTENT="." WC="1.00" CC="1"/>
						<SP ID="P3_SP00148" HPOS="1092" VPOS="1928" WIDTH="30"/>
						<String ID="P3_ST00165" HPOS="1122" VPOS="1887" WIDTH="29" HEIGHT="41" CONTENT=".;" WC="1.00" CC="11"/>
						<SP ID="P3_SP00149" HPOS="1151" VPOS="1928" WIDTH="37"/>
						<String ID="P3_ST00166" HPOS="1188" VPOS="1885" WIDTH="79" HEIGHT="34" CONTENT="unsr" WC="1.00" CC="3333"/>
						<SP ID="P3_SP00150" HPOS="1267" VPOS="1928" WIDTH="32"/>
						<String ID="P3_ST00167" HPOS="1299" VPOS="1876" WIDTH="122" HEIGHT="43" CONTENT="unter" WC="1.00" CC="11111"/>
						<SP ID="P3_SP00151" HPOS="1421" VPOS="1928" WIDTH="35"/>
						<String ID="P3_ST00168" HPOS="1456" VPOS="1873" WIDTH="218" HEIGHT="46" CONTENT="wütenden" WC="1.00" CC="11111111"/>
						<SP ID="P3_SP00152" HPOS="1674" VPOS="1928" WIDTH="39"/>
						<String ID="P3_ST00169" HPOS="1713" VPOS="1874" WIDTH="171" HEIGHT="45" CONTENT="Tränen" WC="1.00" CC="222222"/>
						<SP ID="P3_SP00153" HPOS="1884" VPOS="1928" WIDTH="37"/>
						<String ID="P3_ST00170" HPOS="1921" VPOS="1874" WIDTH="91" HEIGHT="54" CONTENT="lässt" WC="1.00" CC="44444"/>
						<SP ID="P3_SP00154" HPOS="2012" VPOS="1928" WIDTH="36"/>
						<String ID="P3_ST00171" HPOS="2048" VPOS="1887" WIDTH="44" HEIGHT="33" CONTENT="er" WC="1.00" CC="11"/>
						<SP ID="P3_SP00155" HPOS="2092" VPOS="1928" WIDTH="36"/>
						<String ID="P3_ST00172" HPOS="2128" VPOS="1873" WIDTH="71" HEIGHT="55" CONTENT="sich" WC="1.00" CC="1111"/>
					</TextLine>
					<TextLine ID="P3_TL00018" HPOS="179" VPOS="1952" WIDTH="1405" HEIGHT="56">
						<String ID="P3_ST00173" HPOS="179" VPOS="1965" WIDTH="96" HEIGHT="33" CONTENT="vom" WC="1.00" CC="111"/>
						<SP ID="P3_SP00156" HPOS="275" VPOS="1998" WIDTH="29"/>
						<String ID="P3_ST00174" HPOS="304" VPOS="1952" WIDTH="212" HEIGHT="56" CONTENT="Verleger" WC="1.00" CC="22222222"/>
						<SP ID="P3_SP00157" HPOS="516" VPOS="2008" WIDTH="30"/>
						<String ID="P3_ST00175" HPOS="546" VPOS="1953" WIDTH="195" HEIGHT="54" CONTENT="zwingen," WC="1.00" CC="22222222"/>
						<SP ID="P3_SP00158" HPOS="741" VPOS="2008" WIDTH="29"/>
						<String ID="P3_ST00176" HPOS="770" VPOS="1953" WIDTH="81" HEIGHT="55" CONTENT="sein" WC="1.00" CC="1111"/>
						<SP ID="P3_SP00159" HPOS="851" VPOS="2008" WIDTH="28"/>
						<String ID="P3_ST00177" HPOS="879" VPOS="1952" WIDTH="141" HEIGHT="46" CONTENT="Werk" WC="1.00" CC="1111"/>
						<SP ID="P3_SP00160" HPOS="1020" VPOS="2008" WIDTH="30"/>
						<String ID="P3_ST00178" HPOS="1050" VPOS="1953" WIDTH="99" HEIGHT="53" CONTENT="auch" WC="1.00" CC="1111"/>
						<SP ID="P3_SP00161" HPOS="1149" VPOS="2008" WIDTH="29"/>
						<String ID="P3_ST00179" HPOS="1178" VPOS="1952" WIDTH="406" HEIGHT="55" CONTENT="niederznschreibem" WC="1.00" CC="33333333333333333"/>
					</TextLine>
					<TextLine ID="P3_TL00019" HPOS="346" VPOS="2044" WIDTH="1847" HEIGHT="57">
						<String ID="P3_ST00180" HPOS="346" VPOS="2045" WIDTH="150" HEIGHT="56" CONTENT="Dieser" WC="1.00" CC="222222"/>
						<SP ID="P3_SP00162" HPOS="496" VPOS="2101" WIDTH="41"/>
						<String ID="P3_ST00181" HPOS="537" VPOS="2045" WIDTH="125" HEIGHT="46" CONTENT="Kalte" WC="1.00" CC="11111"/>
						<SP ID="P3_SP00163" HPOS="662" VPOS="2101" WIDTH="40"/>
						<String ID="P3_ST00182" HPOS="702" VPOS="2045" WIDTH="45" HEIGHT="56" CONTENT="ist" WC="1.00" CC="111"/>
						<SP ID="P3_SP00164" HPOS="747" VPOS="2101" WIDTH="40"/>
						<String ID="P3_ST00183" HPOS="787" VPOS="2059" WIDTH="45" HEIGHT="40" CONTENT="zu" WC="1.00" CC="00"/>
						<SP ID="P3_SP00165" HPOS="832" VPOS="2101" WIDTH="39"/>
						<String ID="P3_ST00184" HPOS="871" VPOS="2045" WIDTH="281" HEIGHT="54" CONTENT="verdammen," WC="1.00" CC="1111111111"/>
						<SP ID="P3_SP00166" HPOS="1152" VPOS="2101" WIDTH="39"/>
						<String ID="P3_ST00185" HPOS="1191" VPOS="2045" WIDTH="124" HEIGHT="54" CONTENT="gleich" WC="1.00" CC="222222"/>
						<SP ID="P3_SP00167" HPOS="1315" VPOS="2101" WIDTH="39"/>
						<String ID="P3_ST00186" HPOS="1354" VPOS="2046" WIDTH="115" HEIGHT="47" CONTENT="einer" WC="1.00" CC="11111"/>
						<SP ID="P3_SP00168" HPOS="1469" VPOS="2101" WIDTH="37"/>
						<String ID="P3_ST00187" HPOS="1506" VPOS="2044" WIDTH="174" HEIGHT="55" CONTENT="Maria," WC="1.00" CC="111111"/>
						<SP ID="P3_SP00169" HPOS="1680" VPOS="2101" WIDTH="40"/>
						<String ID="P3_ST00188" HPOS="1720" VPOS="2057" WIDTH="118" HEIGHT="33" CONTENT="wenn" WC="1.00" CC="1111"/>
						<SP ID="P3_SP00170" HPOS="1838" VPOS="2101" WIDTH="38"/>
						<String ID="P3_ST00189" HPOS="1876" VPOS="2047" WIDTH="52" HEIGHT="53" CONTENT="sie" WC="1.00" CC="222"/>
						<SP ID="P3_SP00171" HPOS="1928" VPOS="2101" WIDTH="40"/>
						<String ID="P3_ST00190" HPOS="1968" VPOS="2045" WIDTH="112" HEIGHT="48" CONTENT="Gott" WC="1.00" CC="1111"/>
						<SP ID="P3_SP00172" HPOS="2080" VPOS="2101" WIDTH="34"/>
						<String ID="P3_ST00191" HPOS="2114" VPOS="2057" WIDTH="79" HEIGHT="33" CONTENT="nur" WC="1.00" CC="111"/>
					</TextLine>
					<TextLine ID="P3_TL00020" HPOS="177" VPOS="2124" WIDTH="2016" HEIGHT="56">
						<String ID="P3_ST00192" HPOS="177" VPOS="2125" WIDTH="198" HEIGHT="55" CONTENT="genieszen" WC="1.00" CC="333333333"/>
						<SP ID="P3_SP00173" HPOS="375" VPOS="2180" WIDTH="38"/>
						<String ID="P3_ST00193" HPOS="413" VPOS="2127" WIDTH="83" HEIGHT="44" CONTENT="nnd" WC="1.00" CC="111"/>
						<SP ID="P3_SP00174" HPOS="496" VPOS="2180" WIDTH="37"/>
						<String ID="P3_ST00194" HPOS="533" VPOS="2124" WIDTH="106" HEIGHT="53" CONTENT="nicht" WC="1.00" CC="11111"/>
						<SP ID="P3_SP00175" HPOS="639" VPOS="2180" WIDTH="37"/>
						<String ID="P3_ST00195" HPOS="676" VPOS="2124" WIDTH="99" HEIGHT="55" CONTENT="auch" WC="1.00" CC="1111"/>
						<SP ID="P3_SP00176" HPOS="775" VPOS="2180" WIDTH="37"/>
						<String ID="P3_ST00196" HPOS="812" VPOS="2125" WIDTH="195" HEIGHT="54" CONTENT="Christus" WC="1.00" CC="22222222"/>
						<SP ID="P3_SP00177" HPOS="1007" VPOS="2180" WIDTH="38"/>
						<String ID="P3_ST00197" HPOS="1045" VPOS="2126" WIDTH="72" HEIGHT="44" CONTENT="der" WC="1.00" CC="000"/>
						<SP ID="P3_SP00178" HPOS="1117" VPOS="2180" WIDTH="39"/>
						<String ID="P3_ST00198" HPOS="1156" VPOS="2124" WIDTH="122" HEIGHT="46" CONTENT="Welt" WC="1.00" CC="1111"/>
						<SP ID="P3_SP00179" HPOS="1278" VPOS="2180" WIDTH="36"/>
						<String ID="P3_ST00199" HPOS="1314" VPOS="2124" WIDTH="175" HEIGHT="55" CONTENT="bringen" WC="1.00" CC="1111111"/>
						<SP ID="P3_SP00180" HPOS="1489" VPOS="2180" WIDTH="36"/>
						<String ID="P3_ST00200" HPOS="1525" VPOS="2125" WIDTH="153" HEIGHT="47" CONTENT="wollte." WC="1.00" CC="1111111"/>
						<SP ID="P3_SP00181" HPOS="1678" VPOS="2180" WIDTH="64"/>
						<String ID="P3_ST00201" HPOS="1742" VPOS="2125" WIDTH="128" HEIGHT="46" CONTENT="Denn" WC="1.00" CC="1111"/>
						<SP ID="P3_SP00182" HPOS="1870" VPOS="2180" WIDTH="34"/>
						<String ID="P3_ST00202" HPOS="1904" VPOS="2137" WIDTH="94" HEIGHT="35" CONTENT="was" WC="1.00" CC="111"/>
						<SP ID="P3_SP00183" HPOS="1998" VPOS="2180" WIDTH="37"/>
						<String ID="P3_ST00203" HPOS="2035" VPOS="2125" WIDTH="47" HEIGHT="55" CONTENT="ist" WC="1.00" CC="111"/>
						<SP ID="P3_SP00184" HPOS="2082" VPOS="2180" WIDTH="36"/>
						<String ID="P3_ST00204" HPOS="2118" VPOS="2125" WIDTH="75" HEIGHT="46" CONTENT="der" WC="1.00" CC="111"/>
					</TextLine>
					<TextLine ID="P3_TL00021" HPOS="178" VPOS="2203" WIDTH="2016" HEIGHT="61">
						<String ID="P3_ST00205" HPOS="178" VPOS="2205" WIDTH="173" HEIGHT="59" CONTENT="Drang," WC="1.00" CC="222222"/>
						<SP ID="P3_SP00185" HPOS="351" VPOS="2264" WIDTH="52"/>
						<String ID="P3_ST00206" HPOS="403" VPOS="2206" WIDTH="74" HEIGHT="45" CONTENT="der" WC="1.00" CC="000"/>
						<SP ID="P3_SP00186" HPOS="477" VPOS="2264" WIDTH="53"/>
						<String ID="P3_ST00207" HPOS="530" VPOS="2205" WIDTH="108" HEIGHT="53" CONTENT="nicht" WC="1.00" CC="11111"/>
						<SP ID="P3_SP00187" HPOS="638" VPOS="2264" WIDTH="52"/>
						<String ID="P3_ST00208" HPOS="690" VPOS="2205" WIDTH="100" HEIGHT="53" CONTENT="anch" WC="1.00" CC="1111"/>
						<SP ID="P3_SP00188" HPOS="790" VPOS="2264" WIDTH="53"/>
						<String ID="P3_ST00209" HPOS="843" VPOS="2205" WIDTH="152" HEIGHT="45" CONTENT="Sturm" WC="1.00" CC="22222"/>
						<SP ID="P3_SP00189" HPOS="995" VPOS="2264" WIDTH="51"/>
						<String ID="P3_ST00210" HPOS="1046" VPOS="2204" WIDTH="107" HEIGHT="54" CONTENT="hat?" WC="1.00" CC="2222"/>
						<SP ID="P3_SP00190" HPOS="1153" VPOS="2264" WIDTH="81"/>
						<String ID="P3_ST00211" HPOS="1234" VPOS="2203" WIDTH="221" HEIGHT="54" CONTENT="sicherlich" WC="1.00" CC="2222222222"/>
						<SP ID="P3_SP00191" HPOS="1455" VPOS="2264" WIDTH="54"/>
						<String ID="P3_ST00212" HPOS="1509" VPOS="2205" WIDTH="120" HEIGHT="45" CONTENT="keine" WC="1.00" CC="11111"/>
						<SP ID="P3_SP00192" HPOS="1629" VPOS="2264" WIDTH="52"/>
						<String ID="P3_ST00213" HPOS="1681" VPOS="2205" WIDTH="142" HEIGHT="54" CONTENT="Kunst." WC="1.00" CC="111111"/>
						<SP ID="P3_SP00193" HPOS="1823" VPOS="2264" WIDTH="81"/>
						<String ID="P3_ST00214" HPOS="1904" VPOS="2204" WIDTH="174" HEIGHT="48" CONTENT="Gerade" WC="1.00" CC="111111"/>
						<SP ID="P3_SP00194" HPOS="2078" VPOS="2264" WIDTH="50"/>
						<String ID="P3_ST00215" HPOS="2128" VPOS="2206" WIDTH="66" HEIGHT="46" CONTENT="die" WC="1.00" CC="111"/>
					</TextLine>
					<TextLine ID="P3_TL00022" HPOS="183" VPOS="2283" WIDTH="2016" HEIGHT="57">
						<String ID="P3_ST00216" HPOS="183" VPOS="2283" WIDTH="321" HEIGHT="55" CONTENT=",,8nnerlichen«" WC="1.00" CC="22222222222222"/>
						<SP ID="P3_SP00195" HPOS="504" VPOS="2338" WIDTH="34"/>
						<String ID="P3_ST00217" HPOS="538" VPOS="2285" WIDTH="83" HEIGHT="45" CONTENT="nnd" WC="1.00" CC="111"/>
						<SP ID="P3_SP00196" HPOS="621" VPOS="2338" WIDTH="31"/>
						<String ID="P3_ST00218" HPOS="652" VPOS="2285" WIDTH="66" HEIGHT="45" CONTENT="die" WC="1.00" CC="111"/>
						<SP ID="P3_SP00197" HPOS="718" VPOS="2338" WIDTH="31"/>
						<String ID="P3_ST00219" HPOS="749" VPOS="2295" WIDTH="78" HEIGHT="35" CONTENT="nur" WC="1.00" CC="111"/>
						<SP ID="P3_SP00198" HPOS="827" VPOS="2338" WIDTH="33"/>
						<String ID="P3_ST00220" HPOS="860" VPOS="2283" WIDTH="320" HEIGHT="55" CONTENT="Kiinstlerischen" WC="1.00" CC="222222222222222"/>
						<SP ID="P3_SP00199" HPOS="1180" VPOS="2338" WIDTH="32"/>
						<String ID="P3_ST00221" HPOS="1212" VPOS="2285" WIDTH="85" HEIGHT="53" CONTENT="sind" WC="1.00" CC="1111"/>
						<SP ID="P3_SP00200" HPOS="1297" VPOS="2338" WIDTH="33"/>
						<String ID="P3_ST00222" HPOS="1330" VPOS="2296" WIDTH="68" HEIGHT="34" CONTENT="am" WC="1.00" CC="11"/>
						<SP ID="P3_SP00201" HPOS="1398" VPOS="2338" WIDTH="28"/>
						<String ID="P3_ST00223" HPOS="1426" VPOS="2283" WIDTH="219" HEIGHT="56" CONTENT="wenigsten" WC="1.00" CC="111111111"/>
						<SP ID="P3_SP00202" HPOS="1645" VPOS="2339" WIDTH="32"/>
						<String ID="P3_ST00224" HPOS="1677" VPOS="2283" WIDTH="207" HEIGHT="56" CONTENT="Künstler." WC="1.00" CC="333333333"/>
						<SP ID="P3_SP00203" HPOS="1884" VPOS="2339" WIDTH="60"/>
						<String ID="P3_ST00225" HPOS="1944" VPOS="2284" WIDTH="171" HEIGHT="56" CONTENT="Mögen" WC="1.00" CC="11111"/>
						<SP ID="P3_SP00204" HPOS="2115" VPOS="2340" WIDTH="32"/>
						<String ID="P3_ST00226" HPOS="2147" VPOS="2285" WIDTH="52" HEIGHT="55" CONTENT="sie" WC="1.00" CC="111"/>
					</TextLine>
					<TextLine ID="P3_TL00023" HPOS="179" VPOS="2363" WIDTH="2019" HEIGHT="57">
						<String ID="P3_ST00227" HPOS="179" VPOS="2364" WIDTH="67" HEIGHT="46" CONTENT="die" WC="1.00" CC="111"/>
						<SP ID="P3_SP00205" HPOS="246" VPOS="2410" WIDTH="38"/>
						<String ID="P3_ST00228" HPOS="284" VPOS="2365" WIDTH="134" HEIGHT="55" CONTENT="tiefste" WC="1.00" CC="2222222"/>
						<SP ID="P3_SP00206" HPOS="418" VPOS="2420" WIDTH="37"/>
						<String ID="P3_ST00229" HPOS="455" VPOS="2363" WIDTH="154" HEIGHT="56" CONTENT="Vision" WC="1.00" CC="222222"/>
						<SP ID="P3_SP00207" HPOS="609" VPOS="2420" WIDTH="40"/>
						<String ID="P3_ST00230" HPOS="649" VPOS="2363" WIDTH="152" HEIGHT="56" CONTENT="haben:" WC="1.00" CC="111111"/>
						<SP ID="P3_SP00208" HPOS="801" VPOS="2420" WIDTH="42"/>
						<String ID="P3_ST00231" HPOS="843" VPOS="2376" WIDTH="80" HEIGHT="36" CONTENT="nur" WC="1.00" CC="111"/>
						<SP ID="P3_SP00209" HPOS="923" VPOS="2420" WIDTH="38"/>
						<String ID="P3_ST00232" HPOS="961" VPOS="2365" WIDTH="82" HEIGHT="45" CONTENT="das" WC="1.00" CC="111"/>
						<SP ID="P3_SP00210" HPOS="1043" VPOS="2420" WIDTH="39"/>
						<String ID="P3_ST00233" HPOS="1082" VPOS="2363" WIDTH="323" HEIGHT="55" CONTENT="anssprechbare" WC="1.00" CC="2222222222222"/>
						<SP ID="P3_SP00211" HPOS="1405" VPOS="2420" WIDTH="41"/>
						<String ID="P3_ST00234" HPOS="1446" VPOS="2363" WIDTH="202" HEIGHT="47" CONTENT="Grlebnis" WC="1.00" CC="22222222"/>
						<SP ID="P3_SP00212" HPOS="1648" VPOS="2420" WIDTH="39"/>
						<String ID="P3_ST00235" HPOS="1687" VPOS="2365" WIDTH="46" HEIGHT="54" CONTENT="ist" WC="1.00" CC="111"/>
						<SP ID="P3_SP00213" HPOS="1733" VPOS="2420" WIDTH="38"/>
						<String ID="P3_ST00236" HPOS="1771" VPOS="2365" WIDTH="142" HEIGHT="55" CONTENT="Kunst." WC="1.00" CC="222222"/>
						<SP ID="P3_SP00214" HPOS="1913" VPOS="2420" WIDTH="67"/>
						<String ID="P3_ST00237" HPOS="1980" VPOS="2365" WIDTH="93" HEIGHT="46" CONTENT="Und" WC="1.00" CC="111"/>
						<SP ID="P3_SP00215" HPOS="2073" VPOS="2420" WIDTH="39"/>
						<String ID="P3_ST00238" HPOS="2112" VPOS="2377" WIDTH="86" HEIGHT="43" CONTENT="zum" WC="1.00" CC="111"/>
					</TextLine>
					<TextLine ID="P3_TL00024" HPOS="180" VPOS="2443" WIDTH="2014" HEIGHT="57">
						<String ID="P3_ST00239" HPOS="180" VPOS="2443" WIDTH="201" HEIGHT="48" CONTENT="Grlebnis" WC="1.00" CC="22222222"/>
						<SP ID="P3_SP00216" HPOS="381" VPOS="2491" WIDTH="29"/>
						<String ID="P3_ST00240" HPOS="410" VPOS="2444" WIDTH="108" HEIGHT="46" CONTENT="wird" WC="1.00" CC="1111"/>
						<SP ID="P3_SP00217" HPOS="518" VPOS="2491" WIDTH="27"/>
						<String ID="P3_ST00241" HPOS="545" VPOS="2443" WIDTH="91" HEIGHT="47" CONTENT="dem" WC="1.00" CC="111"/>
						<SP ID="P3_SP00218" HPOS="636" VPOS="2491" WIDTH="30"/>
						<String ID="P3_ST00242" HPOS="666" VPOS="2443" WIDTH="191" HEIGHT="56" CONTENT="Künstler" WC="1.00" CC="11111111"/>
						<SP ID="P3_SP00219" HPOS="857" VPOS="2499" WIDTH="29"/>
						<String ID="P3_ST00243" HPOS="886" VPOS="2457" WIDTH="79" HEIGHT="33" CONTENT="nur" WC="1.00" CC="111"/>
						<SP ID="P3_SP00220" HPOS="965" VPOS="2499" WIDTH="31"/>
						<String ID="P3_ST00244" HPOS="996" VPOS="2445" WIDTH="89" HEIGHT="45" CONTENT="eine" WC="1.00" CC="1111"/>
						<SP ID="P3_SP00221" HPOS="1085" VPOS="2499" WIDTH="28"/>
						<String ID="P3_ST00245" HPOS="1113" VPOS="2444" WIDTH="127" HEIGHT="54" CONTENT="solche" WC="1.00" CC="111111"/>
						<SP ID="P3_SP00222" HPOS="1240" VPOS="2499" WIDTH="29"/>
						<String ID="P3_ST00246" HPOS="1269" VPOS="2443" WIDTH="168" HEIGHT="55" CONTENT="Bision," WC="1.00" CC="2222222"/>
						<SP ID="P3_SP00223" HPOS="1437" VPOS="2499" WIDTH="29"/>
						<String ID="P3_ST00247" HPOS="1466" VPOS="2443" WIDTH="125" HEIGHT="46" CONTENT="deren" WC="1.00" CC="11111"/>
						<SP ID="P3_SP00224" HPOS="1591" VPOS="2499" WIDTH="30"/>
						<String ID="P3_ST00248" HPOS="1621" VPOS="2443" WIDTH="342" HEIGHT="57" CONTENT="Verkündigung" WC="1.00" CC="222222222222"/>
						<SP ID="P3_SP00225" HPOS="1963" VPOS="2500" WIDTH="28"/>
						<String ID="P3_ST00249" HPOS="1991" VPOS="2443" WIDTH="203" HEIGHT="56" CONTENT="ersüllbar" WC="1.00" CC="111111111"/>
					</TextLine>
					<TextLine ID="P3_TL00025" HPOS="176" VPOS="2522" WIDTH="2017" HEIGHT="58">
						<String ID="P3_ST00250" HPOS="176" VPOS="2523" WIDTH="60" HEIGHT="55" CONTENT="ist," WC="1.00" CC="1111"/>
						<SP ID="P3_SP00226" HPOS="236" VPOS="2578" WIDTH="39"/>
						<String ID="P3_ST00251" HPOS="275" VPOS="2550" WIDTH="52" HEIGHT="5" CONTENT="—" WC="1.00" CC="2" STYLEREFS="TXT_6"/>
						<SP ID="P3_SP00227" HPOS="327" VPOS="2578" WIDTH="37"/>
						<String ID="P3_ST00252" HPOS="364" VPOS="2525" WIDTH="46" HEIGHT="54" CONTENT="ja" WC="1.00" CC="22" STYLEREFS="TXT_5"/>
						<SP ID="P3_SP00228" HPOS="410" VPOS="2579" WIDTH="36"/>
						<String ID="P3_ST00253" HPOS="446" VPOS="2524" WIDTH="126" HEIGHT="47" CONTENT="deren" WC="1.00" CC="11111" STYLEREFS="TXT_5"/>
						<SP ID="P3_SP00229" HPOS="572" VPOS="2579" WIDTH="38"/>
						<String ID="P3_ST00254" HPOS="610" VPOS="2523" WIDTH="225" HEIGHT="48" CONTENT="Mitteilen" WC="1.00" CC="111111111" STYLEREFS="TXT_5"/>
						<SP ID="P3_SP00230" HPOS="835" VPOS="2579" WIDTH="39"/>
						<String ID="P3_ST00255" HPOS="874" VPOS="2524" WIDTH="84" HEIGHT="54" CONTENT="ihm" WC="1.00" CC="111" STYLEREFS="TXT_5"/>
						<SP ID="P3_SP00231" HPOS="958" VPOS="2579" WIDTH="35"/>
						<String ID="P3_ST00256" HPOS="993" VPOS="2524" WIDTH="145" HEIGHT="53" CONTENT="ebenso" WC="1.00" CC="111111" STYLEREFS="TXT_5"/>
						<SP ID="P3_SP00232" HPOS="1138" VPOS="2579" WIDTH="38"/>
						<String ID="P3_ST00257" HPOS="1176" VPOS="2523" WIDTH="162" HEIGHT="55" CONTENT="wichtig" WC="1.00" CC="1111111" STYLEREFS="TXT_5"/>
						<SP ID="P3_SP00233" HPOS="1338" VPOS="2579" WIDTH="37"/>
						<String ID="P3_ST00258" HPOS="1375" VPOS="2522" WIDTH="47" HEIGHT="56" CONTENT="ist" WC="1.00" CC="111" STYLEREFS="TXT_5"/>
						<SP ID="P3_SP00234" HPOS="1422" VPOS="2579" WIDTH="37"/>
						<String ID="P3_ST00259" HPOS="1459" VPOS="2523" WIDTH="79" HEIGHT="46" CONTENT="wie" WC="1.00" CC="111" STYLEREFS="TXT_5"/>
						<SP ID="P3_SP00235" HPOS="1538" VPOS="2579" WIDTH="39"/>
						<String ID="P3_ST00260" HPOS="1577" VPOS="2523" WIDTH="68" HEIGHT="54" CONTENT="ihr" WC="1.00" CC="111" STYLEREFS="TXT_5"/>
						<SP ID="P3_SP00236" HPOS="1645" VPOS="2579" WIDTH="39"/>
						<String ID="P3_ST00261" HPOS="1684" VPOS="2523" WIDTH="197" HEIGHT="48" CONTENT="Grlebem" WC="1.00" CC="3333333" STYLEREFS="TXT_5"/>
						<SP ID="P3_SP00237" HPOS="1881" VPOS="2579" WIDTH="67"/>
						<String ID="P3_ST00262" HPOS="1948" VPOS="2525" WIDTH="61" HEIGHT="45" CONTENT="In" WC="1.00" CC="22" STYLEREFS="TXT_5"/>
						<SP ID="P3_SP00238" HPOS="2009" VPOS="2579" WIDTH="36"/>
						<String ID="P3_ST00263" HPOS="2045" VPOS="2523" WIDTH="148" HEIGHT="57" CONTENT="seinem" WC="1.00" CC="111111" STYLEREFS="TXT_5"/>
					</TextLine>
					<TextLine ID="P3_TL00026" HPOS="175" VPOS="2603" WIDTH="2020" HEIGHT="56">
						<String ID="P3_ST00264" HPOS="175" VPOS="2604" WIDTH="156" HEIGHT="54" CONTENT="Drang" WC="1.00" CC="11111"/>
						<SP ID="P3_SP00239" HPOS="331" VPOS="2658" WIDTH="22"/>
						<String ID="P3_ST00265" HPOS="353" VPOS="2605" WIDTH="97" HEIGHT="54" CONTENT="musz" WC="1.00" CC="2222"/>
						<SP ID="P3_SP00240" HPOS="450" VPOS="2659" WIDTH="21"/>
						<String ID="P3_ST00266" HPOS="471" VPOS="2605" WIDTH="73" HEIGHT="44" CONTENT="der" WC="1.00" CC="111"/>
						<SP ID="P3_SP00241" HPOS="544" VPOS="2659" WIDTH="22"/>
						<String ID="P3_ST00267" HPOS="566" VPOS="2604" WIDTH="153" HEIGHT="45" CONTENT="Sturm" WC="1.00" CC="22222"/>
						<SP ID="P3_SP00242" HPOS="719" VPOS="2659" WIDTH="21"/>
						<String ID="P3_ST00268" HPOS="740" VPOS="2616" WIDTH="84" HEIGHT="33" CONTENT="von" WC="1.00" CC="111"/>
						<SP ID="P3_SP00243" HPOS="824" VPOS="2659" WIDTH="22"/>
						<String ID="P3_ST00269" HPOS="846" VPOS="2604" WIDTH="216" HEIGHT="55" CONTENT="Ursprung" WC="1.00" CC="22222222"/>
						<SP ID="P3_SP00244" HPOS="1062" VPOS="2659" WIDTH="21"/>
						<String ID="P3_ST00270" HPOS="1083" VPOS="2616" WIDTH="54" HEIGHT="33" CONTENT="an" WC="1.00" CC="11"/>
						<SP ID="P3_SP00245" HPOS="1137" VPOS="2659" WIDTH="23"/>
						<String ID="P3_ST00271" HPOS="1160" VPOS="2603" WIDTH="116" HEIGHT="55" CONTENT="schon" WC="1.00" CC="11111"/>
						<SP ID="P3_SP00246" HPOS="1276" VPOS="2659" WIDTH="21"/>
						<String ID="P3_ST00272" HPOS="1297" VPOS="2603" WIDTH="214" HEIGHT="54" CONTENT="enthalten" WC="1.00" CC="111111111"/>
						<SP ID="P3_SP00247" HPOS="1511" VPOS="2659" WIDTH="19"/>
						<String ID="P3_ST00273" HPOS="1530" VPOS="2603" WIDTH="84" HEIGHT="54" CONTENT="sein" WC="1.00" CC="1111"/>
						<SP ID="P3_SP00248" HPOS="1614" VPOS="2659" WIDTH="21"/>
						<String ID="P3_ST00274" HPOS="1635" VPOS="2604" WIDTH="83" HEIGHT="45" CONTENT="nnd" WC="1.00" CC="111"/>
						<SP ID="P3_SP00249" HPOS="1718" VPOS="2659" WIDTH="22"/>
						<String ID="P3_ST00275" HPOS="1740" VPOS="2604" WIDTH="43" HEIGHT="45" CONTENT="in" WC="1.00" CC="11"/>
						<SP ID="P3_SP00250" HPOS="1783" VPOS="2659" WIDTH="20"/>
						<String ID="P3_ST00276" HPOS="1803" VPOS="2603" WIDTH="131" HEIGHT="56" CONTENT="seiner" WC="1.00" CC="111111"/>
						<SP ID="P3_SP00251" HPOS="1934" VPOS="2659" WIDTH="22"/>
						<String ID="P3_ST00277" HPOS="1956" VPOS="2604" WIDTH="239" HEIGHT="55" CONTENT="Fähigkeit," WC="1.00" CC="3333333333"/>
					</TextLine>
					<TextLine ID="P3_TL00027" HPOS="178" VPOS="2682" WIDTH="2015" HEIGHT="59">
						<String ID="P3_ST00278" HPOS="178" VPOS="2696" WIDTH="44" HEIGHT="40" CONTENT="zu" WC="1.00" CC="11"/>
						<SP ID="P3_SP00252" HPOS="222" VPOS="2736" WIDTH="29"/>
						<String ID="P3_ST00279" HPOS="251" VPOS="2683" WIDTH="173" HEIGHT="58" CONTENT="dichten," WC="1.00" CC="11111111"/>
						<SP ID="P3_SP00253" HPOS="424" VPOS="2741" WIDTH="29"/>
						<String ID="P3_ST00280" HPOS="453" VPOS="2684" WIDTH="116" HEIGHT="54" CONTENT="schon" WC="1.00" CC="11111"/>
						<SP ID="P3_SP00254" HPOS="569" VPOS="2741" WIDTH="30"/>
						<String ID="P3_ST00281" HPOS="599" VPOS="2685" WIDTH="65" HEIGHT="44" CONTENT="die" WC="1.00" CC="111"/>
						<SP ID="P3_SP00255" HPOS="664" VPOS="2741" WIDTH="29"/>
						<String ID="P3_ST00282" HPOS="693" VPOS="2684" WIDTH="224" HEIGHT="54" CONTENT="Fähigkeit" WC="1.00" CC="333333333"/>
						<SP ID="P3_SP00256" HPOS="917" VPOS="2741" WIDTH="29"/>
						<String ID="P3_ST00283" HPOS="946" VPOS="2684" WIDTH="73" HEIGHT="45" CONTENT="der" WC="1.00" CC="111"/>
						<SP ID="P3_SP00257" HPOS="1019" VPOS="2741" WIDTH="27"/>
						<String ID="P3_ST00284" HPOS="1046" VPOS="2684" WIDTH="214" HEIGHT="53" CONTENT="Anderen," WC="1.00" CC="11111111"/>
						<SP ID="P3_SP00258" HPOS="1260" VPOS="2741" WIDTH="30"/>
						<String ID="P3_ST00285" HPOS="1290" VPOS="2682" WIDTH="71" HEIGHT="55" CONTENT="ihn" WC="1.00" CC="111"/>
						<SP ID="P3_SP00259" HPOS="1361" VPOS="2741" WIDTH="28"/>
						<String ID="P3_ST00286" HPOS="1389" VPOS="2696" WIDTH="45" HEIGHT="41" CONTENT="zu" WC="1.00" CC="11"/>
						<SP ID="P3_SP00260" HPOS="1434" VPOS="2741" WIDTH="30"/>
						<String ID="P3_ST00287" HPOS="1464" VPOS="2684" WIDTH="263" HEIGHT="52" CONTENT="vernehmen." WC="1.00" CC="1111111111"/>
						<SP ID="P3_SP00261" HPOS="1727" VPOS="2741" WIDTH="58"/>
						<String ID="P3_ST00288" HPOS="1785" VPOS="2684" WIDTH="87" HEIGHT="53" CONTENT="siir" WC="1.00" CC="2222"/>
						<SP ID="P3_SP00262" HPOS="1872" VPOS="2741" WIDTH="29"/>
						<String ID="P3_ST00289" HPOS="1901" VPOS="2684" WIDTH="71" HEIGHT="54" CONTENT="ihn" WC="1.00" CC="111"/>
						<SP ID="P3_SP00263" HPOS="1972" VPOS="2741" WIDTH="30"/>
						<String ID="P3_ST00290" HPOS="2002" VPOS="2684" WIDTH="191" HEIGHT="47" CONTENT="bedeutet" WC="1.00" CC="11111111"/>
					</TextLine>
					<TextLine ID="P3_TL00028" HPOS="177" VPOS="2762" WIDTH="2017" HEIGHT="57">
						<String ID="P3_ST00291" HPOS="177" VPOS="2776" WIDTH="48" HEIGHT="33" CONTENT="es" WC="1.00" CC="22"/>
						<SP ID="P3_SP00264" HPOS="225" VPOS="2809" WIDTH="23"/>
						<String ID="P3_ST00292" HPOS="248" VPOS="2764" WIDTH="27" HEIGHT="45" CONTENT="k" WC="1.00" CC="1"/>
						<SP ID="P3_SP00265" HPOS="275" VPOS="2809" WIDTH="15"/>
						<String ID="P3_ST00293" HPOS="290" VPOS="2776" WIDTH="21" HEIGHT="33" CONTENT="e" WC="1.00" CC="1"/>
						<SP ID="P3_SP00266" HPOS="311" VPOS="2809" WIDTH="17"/>
						<String ID="P3_ST00294" HPOS="328" VPOS="2764" WIDTH="56" HEIGHT="46" CONTENT="in" WC="1.00" CC="11"/>
						<SP ID="P3_SP00267" HPOS="384" VPOS="2810" WIDTH="17"/>
						<String ID="P3_ST00295" HPOS="401" VPOS="2776" WIDTH="21" HEIGHT="33" CONTENT="e" WC="1.00" CC="1"/>
						<SP ID="P3_SP00268" HPOS="422" VPOS="2810" WIDTH="16"/>
						<String ID="P3_ST00296" HPOS="438" VPOS="2776" WIDTH="26" HEIGHT="33" CONTENT="n" WC="1.00" CC="1"/>
						<SP ID="P3_SP00269" HPOS="464" VPOS="2810" WIDTH="22"/>
						<String ID="P3_ST00297" HPOS="486" VPOS="2764" WIDTH="37" HEIGHT="53" CONTENT="Z" WC="1.00" CC="2" STYLEREFS="TXT_7"/>
						<SP ID="P3_SP00270" HPOS="523" VPOS="2817" WIDTH="18"/>
						<String ID="P3_ST00298" HPOS="541" VPOS="2777" WIDTH="26" HEIGHT="33" CONTENT="u" WC="1.00" CC="1" STYLEREFS="TXT_5"/>
						<SP ID="P3_SP00271" HPOS="567" VPOS="2817" WIDTH="17"/>
						<String ID="P3_ST00299" HPOS="584" VPOS="2765" WIDTH="17" HEIGHT="54" CONTENT="f" WC="1.00" CC="1" STYLEREFS="TXT_5"/>
						<SP ID="P3_SP00272" HPOS="601" VPOS="2819" WIDTH="16"/>
						<String ID="P3_ST00300" HPOS="617" VPOS="2776" WIDTH="27" HEIGHT="33" CONTENT="a" WC="1.00" CC="1" STYLEREFS="TXT_5"/>
						<SP ID="P3_SP00273" HPOS="644" VPOS="2819" WIDTH="17"/>
						<String ID="P3_ST00301" HPOS="661" VPOS="2765" WIDTH="13" HEIGHT="44" CONTENT="l" WC="1.00" CC="1" STYLEREFS="TXT_5"/>
						<SP ID="P3_SP00274" HPOS="674" VPOS="2819" WIDTH="16"/>
						<String ID="P3_ST00302" HPOS="690" VPOS="2764" WIDTH="14" HEIGHT="45" CONTENT="l" WC="1.00" CC="1" STYLEREFS="TXT_5"/>
						<SP ID="P3_SP00275" HPOS="704" VPOS="2819" WIDTH="14"/>
						<String ID="P3_ST00303" HPOS="718" VPOS="2796" WIDTH="13" HEIGHT="22" CONTENT="," WC="1.00" CC="0" STYLEREFS="TXT_5"/>
						<SP ID="P3_SP00276" HPOS="731" VPOS="2819" WIDTH="23"/>
						<String ID="P3_ST00304" HPOS="754" VPOS="2765" WIDTH="83" HEIGHT="54" CONTENT="dass" WC="1.00" CC="4444" STYLEREFS="TXT_5"/>
						<SP ID="P3_SP00277" HPOS="837" VPOS="2819" WIDTH="23"/>
						<String ID="P3_ST00305" HPOS="860" VPOS="2777" WIDTH="46" HEIGHT="34" CONTENT="er" WC="1.00" CC="11" STYLEREFS="TXT_5"/>
						<SP ID="P3_SP00278" HPOS="906" VPOS="2819" WIDTH="24"/>
						<String ID="P3_ST00306" HPOS="930" VPOS="2764" WIDTH="107" HEIGHT="54" CONTENT="nicht" WC="1.00" CC="11111" STYLEREFS="TXT_5"/>
						<SP ID="P3_SP00279" HPOS="1037" VPOS="2819" WIDTH="23"/>
						<String ID="P3_ST00307" HPOS="1060" VPOS="2764" WIDTH="122" HEIGHT="47" CONTENT="alleiu" WC="1.00" CC="111111" STYLEREFS="TXT_5"/>
						<SP ID="P3_SP00280" HPOS="1182" VPOS="2819" WIDTH="23"/>
						<String ID="P3_ST00308" HPOS="1205" VPOS="2764" WIDTH="75" HEIGHT="54" CONTENT="auf" WC="1.00" CC="111" STYLEREFS="TXT_5"/>
						<SP ID="P3_SP00281" HPOS="1280" VPOS="2819" WIDTH="22"/>
						<String ID="P3_ST00309" HPOS="1302" VPOS="2764" WIDTH="73" HEIGHT="45" CONTENT="der" WC="1.00" CC="111" STYLEREFS="TXT_5"/>
						<SP ID="P3_SP00282" HPOS="1375" VPOS="2819" WIDTH="24"/>
						<String ID="P3_ST00310" HPOS="1399" VPOS="2762" WIDTH="123" HEIGHT="47" CONTENT="Welt" WC="1.00" CC="1111" STYLEREFS="TXT_5"/>
						<SP ID="P3_SP00283" HPOS="1522" VPOS="2819" WIDTH="22"/>
						<String ID="P3_ST00311" HPOS="1544" VPOS="2763" WIDTH="64" HEIGHT="56" CONTENT="ist;" WC="1.00" CC="1111" STYLEREFS="TXT_5"/>
						<SP ID="P3_SP00284" HPOS="1608" VPOS="2819" WIDTH="22"/>
						<String ID="P3_ST00312" HPOS="1630" VPOS="2764" WIDTH="71" HEIGHT="54" CONTENT="für" WC="1.00" CC="111" STYLEREFS="TXT_5"/>
						<SP ID="P3_SP00285" HPOS="1701" VPOS="2819" WIDTH="23"/>
						<String ID="P3_ST00313" HPOS="1724" VPOS="2764" WIDTH="72" HEIGHT="54" CONTENT="ihn" WC="1.00" CC="111" STYLEREFS="TXT_5"/>
						<SP ID="P3_SP00286" HPOS="1796" VPOS="2819" WIDTH="21"/>
						<String ID="P3_ST00314" HPOS="1817" VPOS="2764" WIDTH="49" HEIGHT="55" CONTENT="ist" WC="1.00" CC="111" STYLEREFS="TXT_5"/>
						<SP ID="P3_SP00287" HPOS="1866" VPOS="2819" WIDTH="21"/>
						<String ID="P3_ST00315" HPOS="1887" VPOS="2764" WIDTH="65" HEIGHT="47" CONTENT="die" WC="1.00" CC="111" STYLEREFS="TXT_5"/>
						<SP ID="P3_SP00288" HPOS="1952" VPOS="2819" WIDTH="23"/>
						<String ID="P3_ST00316" HPOS="1975" VPOS="2764" WIDTH="219" HEIGHT="55" CONTENT="Wirkung" WC="1.00" CC="1111111" STYLEREFS="TXT_5"/>
					</TextLine>
					<TextLine ID="P3_TL00029" HPOS="177" VPOS="2842" WIDTH="2017" HEIGHT="59">
						<String ID="P3_ST00317" HPOS="177" VPOS="2844" WIDTH="74" HEIGHT="53" CONTENT="ans" WC="1.00" CC="111"/>
						<SP ID="P3_SP00289" HPOS="251" VPOS="2897" WIDTH="30"/>
						<String ID="P3_ST00318" HPOS="281" VPOS="2844" WIDTH="65" HEIGHT="45" CONTENT="die" WC="1.00" CC="111"/>
						<SP ID="P3_SP00290" HPOS="346" VPOS="2897" WIDTH="31"/>
						<String ID="P3_ST00319" HPOS="377" VPOS="2843" WIDTH="201" HEIGHT="46" CONTENT="Anderen" WC="1.00" CC="2222222"/>
						<SP ID="P3_SP00291" HPOS="578" VPOS="2897" WIDTH="29"/>
						<String ID="P3_ST00320" HPOS="607" VPOS="2856" WIDTH="110" HEIGHT="42" CONTENT="zwar" WC="1.00" CC="1111"/>
						<SP ID="P3_SP00292" HPOS="717" VPOS="2898" WIDTH="30"/>
						<String ID="P3_ST00321" HPOS="747" VPOS="2844" WIDTH="178" HEIGHT="45" CONTENT="niemals" WC="1.00" CC="1111111"/>
						<SP ID="P3_SP00293" HPOS="925" VPOS="2898" WIDTH="29"/>
						<String ID="P3_ST00322" HPOS="954" VPOS="2844" WIDTH="73" HEIGHT="46" CONTENT="der" WC="1.00" CC="111"/>
						<SP ID="P3_SP00294" HPOS="1027" VPOS="2898" WIDTH="30"/>
						<String ID="P3_ST00323" HPOS="1057" VPOS="2843" WIDTH="161" HEIGHT="58" CONTENT="Zweck," WC="1.00" CC="111111"/>
						<SP ID="P3_SP00295" HPOS="1218" VPOS="2901" WIDTH="27"/>
						<String ID="P3_ST00324" HPOS="1245" VPOS="2863" WIDTH="58" HEIGHT="7" CONTENT="—-" WC="1.00" CC="22"/>
						<SP ID="P3_SP00296" HPOS="1303" VPOS="2901" WIDTH="29"/>
						<String ID="P3_ST00325" HPOS="1332" VPOS="2843" WIDTH="101" HEIGHT="46" CONTENT="aber" WC="1.00" CC="1111"/>
						<SP ID="P3_SP00297" HPOS="1433" VPOS="2901" WIDTH="29"/>
						<String ID="P3_ST00326" HPOS="1462" VPOS="2842" WIDTH="90" HEIGHT="47" CONTENT="eine" WC="1.00" CC="1111"/>
						<SP ID="P3_SP00298" HPOS="1552" VPOS="2901" WIDTH="29"/>
						<String ID="P3_ST00327" HPOS="1581" VPOS="2842" WIDTH="338" HEIGHT="56" CONTENT="geheimnisvolle" WC="1.00" CC="11111111111111"/>
						<SP ID="P3_SP00299" HPOS="1919" VPOS="2901" WIDTH="30"/>
						<String ID="P3_ST00328" HPOS="1949" VPOS="2844" WIDTH="36" HEIGHT="45" CONTENT="U" WC="1.00" CC="1"/>
						<SP ID="P3_SP00300" HPOS="1985" VPOS="2901" WIDTH="17"/>
						<String ID="P3_ST00329" HPOS="2002" VPOS="2845" WIDTH="95" HEIGHT="53" CONTENT="rsa" WC="1.00" CC="111"/>
						<SP ID="P3_SP00301" HPOS="2097" VPOS="2901" WIDTH="17"/>
						<String ID="P3_ST00330" HPOS="2114" VPOS="2844" WIDTH="41" HEIGHT="54" CONTENT="ch" WC="1.00" CC="11"/>
						<SP ID="P3_SP00302" HPOS="2155" VPOS="2901" WIDTH="17"/>
						<String ID="P3_ST00331" HPOS="2172" VPOS="2857" WIDTH="22" HEIGHT="30" CONTENT="e" WC="1.00" CC="1"/>
					</TextLine>
					<TextLine ID="P3_TL00030" HPOS="175" VPOS="2920" WIDTH="2018" HEIGHT="58">
						<String ID="P3_ST00332" HPOS="175" VPOS="2920" WIDTH="132" HEIGHT="56" CONTENT="seiner" WC="1.00" CC="111111" STYLEREFS="TXT_4"/>
						<SP ID="P3_SP00303" HPOS="307" VPOS="2976" WIDTH="39"/>
						<String ID="P3_ST00333" HPOS="346" VPOS="2922" WIDTH="143" HEIGHT="55" CONTENT="Kunst." WC="1.00" CC="111111" STYLEREFS="TXT_4"/>
						<SP ID="P3_SP00304" HPOS="489" VPOS="2977" WIDTH="67"/>
						<String ID="P3_ST00334" HPOS="556" VPOS="2922" WIDTH="267" HEIGHT="55" CONTENT="Gingegeben" WC="1.00" CC="2222222222" STYLEREFS="TXT_4"/>
						<SP ID="P3_SP00305" HPOS="823" VPOS="2977" WIDTH="37"/>
						<String ID="P3_ST00335" HPOS="860" VPOS="2935" WIDTH="84" HEIGHT="34" CONTENT="von" WC="1.00" CC="111" STYLEREFS="TXT_4"/>
						<SP ID="P3_SP00306" HPOS="944" VPOS="2977" WIDTH="38"/>
						<String ID="P3_ST00336" HPOS="982" VPOS="2922" WIDTH="126" HEIGHT="56" CONTENT="Gott," WC="1.00" CC="11111" STYLEREFS="TXT_4"/>
						<SP ID="P3_SP00307" HPOS="1108" VPOS="2978" WIDTH="38"/>
						<String ID="P3_ST00337" HPOS="1146" VPOS="2922" WIDTH="199" HEIGHT="54" CONTENT="umgeben" WC="1.00" CC="1111111" STYLEREFS="TXT_4"/>
						<SP ID="P3_SP00308" HPOS="1345" VPOS="2978" WIDTH="38"/>
						<String ID="P3_ST00338" HPOS="1383" VPOS="2934" WIDTH="84" HEIGHT="34" CONTENT="von" WC="1.00" CC="111" STYLEREFS="TXT_4"/>
						<SP ID="P3_SP00309" HPOS="1467" VPOS="2978" WIDTH="39"/>
						<String ID="P3_ST00339" HPOS="1506" VPOS="2922" WIDTH="184" HEIGHT="47" CONTENT="anderen" WC="1.00" CC="1111111" STYLEREFS="TXT_4"/>
						<SP ID="P3_SP00310" HPOS="1690" VPOS="2978" WIDTH="38"/>
						<String ID="P3_ST00340" HPOS="1728" VPOS="2922" WIDTH="243" HEIGHT="56" CONTENT="Menschen," WC="1.00" CC="222222222" STYLEREFS="TXT_4"/>
						<SP ID="P3_SP00311" HPOS="1971" VPOS="2978" WIDTH="37"/>
						<String ID="P3_ST00341" HPOS="2008" VPOS="2924" WIDTH="44" HEIGHT="54" CONTENT="so" WC="1.00" CC="00" STYLEREFS="TXT_4"/>
						<SP ID="P3_SP00312" HPOS="2052" VPOS="2978" WIDTH="34"/>
						<String ID="P3_ST00342" HPOS="2086" VPOS="2922" WIDTH="107" HEIGHT="47" CONTENT="wird" WC="1.00" CC="1111" STYLEREFS="TXT_4"/>
					</TextLine>
					<TextLine ID="P3_TL00031" HPOS="176" VPOS="3000" WIDTH="2015" HEIGHT="58">
						<String ID="P3_ST00343" HPOS="176" VPOS="3000" WIDTH="107" HEIGHT="56" CONTENT="seine" WC="1.00" CC="11111" STYLEREFS="TXT_5"/>
						<SP ID="P3_SP00313" HPOS="283" VPOS="3056" WIDTH="39"/>
						<String ID="P3_ST00344" HPOS="322" VPOS="3002" WIDTH="157" HEIGHT="47" CONTENT="Arbeit" WC="1.00" CC="222222" STYLEREFS="TXT_5"/>
						<SP ID="P3_SP00314" HPOS="479" VPOS="3056" WIDTH="40"/>
						<String ID="P3_ST00345" HPOS="519" VPOS="3001" WIDTH="186" HEIGHT="56" CONTENT="möglich," WC="1.00" CC="22222222" STYLEREFS="TXT_5"/>
						<SP ID="P3_SP00315" HPOS="705" VPOS="3057" WIDTH="40"/>
						<String ID="P3_ST00346" HPOS="745" VPOS="3002" WIDTH="79" HEIGHT="47" CONTENT="wie" WC="1.00" CC="111" STYLEREFS="TXT_5"/>
						<SP ID="P3_SP00316" HPOS="824" VPOS="3057" WIDTH="41"/>
						<String ID="P3_ST00347" HPOS="865" VPOS="3003" WIDTH="67" HEIGHT="46" CONTENT="ein" WC="1.00" CC="111" STYLEREFS="TXT_5"/>
						<SP ID="P3_SP00317" HPOS="932" VPOS="3057" WIDTH="35"/>
						<String ID="P3_ST00348" HPOS="967" VPOS="3002" WIDTH="112" HEIGHT="56" CONTENT="Zlusz" WC="1.00" CC="22222" STYLEREFS="TXT_5"/>
						<SP ID="P3_SP00318" HPOS="1079" VPOS="3058" WIDTH="56"/>
						<String ID="P3_ST00349" HPOS="1135" VPOS="3002" WIDTH="137" HEIGHT="46" CONTENT="weder" WC="1.00" CC="11111" STYLEREFS="TXT_5"/>
						<SP ID="P3_SP00319" HPOS="1272" VPOS="3058" WIDTH="44"/>
						<String ID="P3_ST00350" HPOS="1316" VPOS="3002" WIDTH="124" HEIGHT="47" CONTENT="Quell" WC="1.00" CC="22222" STYLEREFS="TXT_5"/>
						<SP ID="P3_SP00320" HPOS="1440" VPOS="3058" WIDTH="41"/>
						<String ID="P3_ST00351" HPOS="1481" VPOS="3002" WIDTH="99" HEIGHT="54" CONTENT="noch" WC="1.00" CC="1111" STYLEREFS="TXT_5"/>
						<SP ID="P3_SP00321" HPOS="1580" VPOS="3058" WIDTH="43"/>
						<String ID="P3_ST00352" HPOS="1623" VPOS="3002" WIDTH="133" HEIGHT="47" CONTENT="Meer" WC="1.00" CC="1111" STYLEREFS="TXT_5"/>
						<SP ID="P3_SP00322" HPOS="1756" VPOS="3058" WIDTH="41"/>
						<String ID="P3_ST00353" HPOS="1797" VPOS="3003" WIDTH="226" HEIGHT="55" CONTENT="entbehren" WC="1.00" CC="222222222" STYLEREFS="TXT_5"/>
						<SP ID="P3_SP00323" HPOS="2023" VPOS="3058" WIDTH="41"/>
						<String ID="P3_ST00354" HPOS="2064" VPOS="3003" WIDTH="127" HEIGHT="46" CONTENT="kann." WC="1.00" CC="11111" STYLEREFS="TXT_5"/>
					</TextLine>
					<TextLine ID="P3_TL00032" HPOS="178" VPOS="3080" WIDTH="768" HEIGHT="58">
						<String ID="P3_ST00355" HPOS="178" VPOS="3080" WIDTH="180" HEIGHT="55" CONTENT="Dichten" WC="1.00" CC="1111111" STYLEREFS="TXT_4"/>
						<SP ID="P3_SP00324" HPOS="358" VPOS="3135" WIDTH="29"/>
						<String ID="P3_ST00356" HPOS="387" VPOS="3082" WIDTH="46" HEIGHT="56" CONTENT="ist" WC="1.00" CC="111" STYLEREFS="TXT_4"/>
						<SP ID="P3_SP00325" HPOS="433" VPOS="3138" WIDTH="28"/>
						<String ID="P3_ST00357" HPOS="461" VPOS="3081" WIDTH="107" HEIGHT="57" CONTENT="seine" WC="1.00" CC="11111" STYLEREFS="TXT_4"/>
						<SP ID="P3_SP00326" HPOS="568" VPOS="3138" WIDTH="27"/>
						<String ID="P3_ST00358" HPOS="595" VPOS="3082" WIDTH="105" HEIGHT="56" CONTENT="Art," WC="1.00" CC="1111" STYLEREFS="TXT_4"/>
						<SP ID="P3_SP00327" HPOS="700" VPOS="3138" WIDTH="24"/>
						<String ID="P3_ST00359" HPOS="724" VPOS="3094" WIDTH="46" HEIGHT="44" CONTENT="zu" WC="1.00" CC="11" STYLEREFS="TXT_4"/>
						<SP ID="P3_SP00328" HPOS="770" VPOS="3138" WIDTH="28"/>
						<String ID="P3_ST00360" HPOS="798" VPOS="3080" WIDTH="148" HEIGHT="49" CONTENT="lieben." WC="1.00" CC="1111111" STYLEREFS="TXT_4"/>
					</TextLine>
				</TextBlock>
			</PrintSpace>
		</Page>
	</Layout>
</alto>
