2263 3810
1624 1262 55 50 (0

738 1270 868 77 CASTIL-BLAZE

713 1756 26 26 N
759 1741 95 55 jour
880 1742 156 54 (c'était
1059 1757 53 27 en
1146 1759 13 25 1
1173 1744 120 53 838),
1324 1745 38 40 le
1383 1745 134 53 grand
1545 1745 252 42 traducteur
1830 1747 233 55 musicien,

713 1815 37 54 je
792 1815 37 40 le
862 1816 111 40 crois
1009 1816 59 40 du
1103 1817 159 48 moins,
1297 1817 155 41 voulut
1484 1831 68 27 me
1582 1818 191 41 traduire
1804 1820 115 40 aussi
1954 1821 82 41 moi-

715 1886 151 42 même.
892 1888 225 40 Toutefois
1136 1888 139 53 j'aime
1307 1889 146 41 mieux
1476 1890 107 53 dire,
1608 1904 71 26 car
1700 1891 30 40 il
1752 1890 94 41 faut
1874 1893 87 40 être
1989 1893 50 53 gé-

715 1961 159 40 néreux
927 1975 150 26 envers
1124 1961 60 41 les
1224 1970 160 45 morts,
1434 1976 84 40 que
1565 1976 110 28 nous
1724 1977 111 28 nous
1883 1978 156 27 rencon-

716 2036 154 37 trâmes
906 2034 106 39 dans
1046 2047 85 28 une
1167 2034 107 52 idée,
1317 2048 150 27 encore
1496 2036 158 40 inédite
1686 2036 295 54 aujourd'hui,
2024 2048 40 33 et

714 2106 104 39 dont
842 2105 38 55 je
897 2106 206 41 donnerai
1122 2107 96 54 plus
1238 2108 91 40 tard
1347 2108 38 41 la
1407 2108 83 40 clef
1506 2112 23 36 à
1557 2122 77 27 nos
1657 2110 193 40 lecteurs.
1884 2111 35 40 Il
1942 2111 122 52 s'agit

328 2177 104 41 d'un
456 2191 197 27 nouveau
677 2182 181 50 système
876 2179 216 53 d'horloge
1113 2180 282 41 musicienne.
1432 2181 93 40 J'en
1545 2182 116 40 avais
1688 2183 191 52 imaginé
1899 2197 57 27 un
1981 2198 83 40 que

329 2245 35 52 je
386 2244 63 41 lui
480 2246 353 52 communiquai;
864 2246 30 40 il
922 2260 51 25 en
1006 2247 191 52 imagina
1225 2261 60 25 un
1309 2255 118 33 autre
1453 2251 23 37 à
1500 2262 83 40 peu
1607 2251 94 51 près
1728 2250 107 39 dans
1865 2250 37 40 le
1924 2251 140 40 même

327 2326 150 46 temps.
504 2319 47 39 Je
572 2319 58 39 les
650 2319 197 51 décrivis,
874 2333 60 26 un
955 2319 108 53 jour,
1082 2328 96 33 tous
1197 2321 57 40 les
1275 2322 115 39 deux
1411 2335 53 28 en
1479 2330 304 49 commençant
1802 2337 77 41 par
1896 2324 37 39 le
1954 2324 107 53 sien,

329 2391 97 40 bien
456 2392 108 53 qu'il
595 2405 67 26 me
684 2392 81 41 soit
787 2392 119 40 facile
925 2393 50 39 de
998 2407 199 40 prouver,
1221 2408 73 40 par
1311 2394 70 40 des
1411 2395 116 40 dates
1558 2396 196 53 précises,
1779 2410 83 40 que
1881 2396 36 40 le
1945 2398 117 40 mien

328 2464 64 40 fut
426 2478 138 43 conçu
606 2465 38 40 le
673 2466 202 53 premier;
912 2466 106 40 mais
1061 2481 167 26 comme
1258 2467 30 40 il
1326 2467 65 42 fut
1428 2469 166 40 soumis
1627 2474 24 35 à
1693 2471 264 40 l'Académie
1993 2472 70 40 des

327 2539 184 39 sciences
534 2539 73 52 qui
631 2552 52 27 en
706 2537 48 42 fit
784 2552 77 27 son
889 2548 174 45 rapport
1082 2540 105 40 dans
1207 2555 42 25 sa
1268 2542 150 38 séance
1437 2542 57 39 du
1520 2556 46 26 21
1595 2542 153 41 février
1775 2545 124 50 1838,
1921 2552 39 32 et
1981 2558 83 40 que

326 2610 255 42 l'exécution
601 2611 51 39 de
673 2625 103 26 mon
801 2612 97 52 plan
921 2626 22 26 a
964 2614 63 38 été
1055 2612 159 40 confiée
1235 2618 24 35 à
1282 2613 60 40 M.
1368 2613 160 51 Collin,
1552 2614 92 39 l'un
1675 2615 49 39 de
1758 2629 77 26 nos
1867 2616 96 53 plus
1985 2617 52 38 ha-

329 2683 103 40 biles
466 2683 313 52 mécaniciens,
814 2684 36 53 je
886 2698 51 25 ne
974 2699 110 26 veux
1119 2685 44 39 ni
1200 2699 52 26 ne
1284 2685 92 40 dois
1409 2686 37 39 le
1480 2686 185 40 dévoiler
1703 2702 172 38 encore;
1910 2689 30 39 il
1978 2688 85 40 fera

326 2754 144 54 l'objet
511 2756 104 39 d'un
658 2756 142 40 article
846 2758 155 52 spécial
1048 2771 85 39 que
1183 2771 109 26 nous
1342 2758 250 53 publierons
1628 2761 219 52 peut-être
1877 2761 107 40 dans
2023 2762 40 41 la

331 2827 248 56 Chronique
600 2829 208 40 musicale
814 2862 8 8 .
852 2829 47 40 Je
920 2831 200 53 reprends
1142 2830 39 40 le
1199 2829 47 41 fil
1267 2831 50 39 de
1339 2844 68 27 ma
1430 2831 236 42 narration.

384 2902 140 40 Henri
567 2902 148 53 Blaze,
750 2903 221 40 rédacteur
1017 2904 180 40 musical
1230 2904 52 40 de
1318 2904 41 40 la
1388 2906 146 40 Revue
1582 2906 76 40 des
1693 2907 367 52 Deux-Mondes,

326 2975 111 40 dont
484 2975 38 40 le
564 2975 276 54 propriétaire
896 2976 67 41 M.
1016 2975 165 49 Buloz,
1223 2977 233 41 ci-devant
1503 2979 214 40 directeur
1758 2980 60 40 du
1855 2980 208 40 Théâtre-

329 3048 221 56 Français,
583 3048 104 40 était
717 3048 168 40 devenu
926 3062 77 26 son
1040 3049 258 40 beau-frère:
1334 3050 138 40 Henri
1508 3051 143 54 Blaze,
1698 3052 295 53 disons-nous,
2038 3059 23 34 à

327 3121 75 53 qui
426 3135 110 26 nous
564 3123 160 38 devons
747 3122 39 39 la
815 3121 247 41 traduction
1084 3122 206 53 complète
1316 3123 57 40 du
1392 3125 141 38 Faust
1567 3125 51 39 de
1639 3124 181 53 Goethe,
1842 3127 219 52 plusieurs

325 3195 171 52 poèmes
527 3195 336 53 remarquables,
899 3209 86 26 une
1019 3196 129 52 petite
1176 3195 249 55 biographie
1455 3197 48 39 de
1528 3212 76 25 nos
1632 3199 260 54 principaux
1917 3200 113 40 musi-

325 3281 116 25 ciens
481 3267 361 56 contemporains,
887 3278 39 30 et
968 3268 274 41 d'excellents
1287 3270 166 39 articles
1502 3271 356 54 d'appréciation,
1911 3273 147 41 n'était

324 3341 423 42 malheureusement
771 3356 73 40 pas
868 3342 194 54 toujours
1092 3342 195 41 d'accord
1320 3356 100 27 avec
1455 3358 77 26 son
1554 3348 111 50 père.
1697 3346 119 40 Cette
1850 3346 209 41 situation

364 3498 47 41 (1)
433 3495 87 35 Voir
543 3497 51 33 les
617 3497 176 35 numéros
814 3499 62 34 des
899 3511 11 22 l
919 3504 31 21 er
971 3506 34 27 et
1030 3495 16 48 i
1062 3495 16 48 5
1094 3495 128 48 juillet.
