2263 3810
793 394 76 39 LA
900 386 381 50 CHRONIQUE
1313 383 312 43 MUSICALE

346 409 78 27 100

720 540 49 36 Je
790 549 106 26 veux
910 542 152 31 monter
1084 534 176 49 toujours
1275 533 91 49 plus
1383 533 106 46 haut,

722 606 49 36 Je
788 615 104 26 veux
913 602 195 52 regarder
1134 601 174 48 toujours
1320 599 91 51 plus
1434 598 91 39 loin.

345 762 33 40 Il
401 762 62 39 lui
487 758 156 42 semble
663 769 83 41 que
769 769 77 27 son
869 755 221 40 ascension
1112 755 36 40 le
1171 753 231 55 rapproche
1424 752 71 40 des
1515 750 159 42 étoiles.

397 867 217 43 Passe-t-il
633 871 22 36 à
678 867 91 39 côté
790 865 130 40 d'une
941 864 153 53 église?
1117 863 87 41 Son
1227 860 287 55 imagination
1535 858 193 51 s'éveille,
1755 870 76 27 son
1854 855 122 55 pouls
1999 855 70 39 bat

339 955 99 28 avec
461 941 138 49 force;
626 940 30 40 il
678 940 170 53 pénètre
870 938 107 40 dans
1001 936 239 40 l'immense
1269 934 175 49 édifice;
1477 933 195 49 l'ombre,
1695 932 57 39 les
1777 929 172 40 vitraux
1973 940 62 27 ma-

339 1015 232 55 gnifiques,
593 1014 59 39 les
675 1013 203 40 colonnes
901 1011 203 49 élancées,
1139 1009 58 40 les
1229 1022 72 40 pas
1330 1007 76 54 qui
1428 1006 270 41 retentissent
1715 1004 107 39 dans
1839 999 226 43 l'enceinte

339 1089 153 51 sacrée,
516 1087 56 39 les
595 1093 160 33 statues
792 1084 72 40 des
900 1084 130 40 saints
1065 1089 261 46 vaguement
1359 1079 210 51 éclairées,
1592 1078 57 40 les
1670 1076 326 54 gémissements
2018 1072 51 39 de

339 1161 177 52 l'orgue,
543 1159 38 40 le
602 1158 130 40 chant
753 1170 126 40 grave
905 1156 71 40 des
1009 1157 176 52 prêtres,
1220 1163 94 31 tout
1347 1153 88 39 cela
1468 1150 217 41 l'ébranlé.
1721 1148 34 40 Il
1777 1160 42 27 se
1839 1154 232 46 prosterne,

340 1234 30 39 il
392 1231 293 55 s'agenouille,
722 1230 29 40 il
788 1230 165 53 pleure;
990 1227 374 41 instinctivement
1385 1225 31 40 il
1437 1223 105 56 prie,
1566 1236 62 27 ses
1650 1222 134 41 lèvres
1818 1219 254 40 innocentes

341 1306 242 41 balbutient
607 1321 7 24 :
639 1303 207 54 Seigneur
865 1307 7 35 !

397 1413 232 42 Entend-il
652 1413 102 40 lire?
786 1411 59 41 Ce
867 1418 97 33 sont
983 1410 59 40 les
1060 1409 172 55 pensées
1258 1407 186 55 simples,
1470 1404 225 56 profondes
1719 1409 197 44 souvent,
1945 1401 104 53 géné-

341 1502 140 27 reuses
503 1496 40 31 et
564 1485 250 41 noblement
836 1483 233 54 exprimées
1091 1481 210 54 toujours,
1328 1479 76 54 qui
1442 1479 39 40 le
1514 1479 194 53 frappent
1736 1474 190 42 d'abord.
1954 1474 117 39 Dans

343 1574 61 27 un
436 1561 140 52 opéra,
609 1559 108 38 dans
748 1569 85 27 une
866 1554 277 54 symphonie,
1180 1554 31 39 il
1243 1552 146 40 saisira
1411 1550 87 40 vite
1521 1551 57 39 les
1601 1549 201 40 mélodies
1825 1547 217 40 saillantes
2060 1558 10 39 ;

341 1632 123 40 celles
496 1630 76 54 qui
605 1636 158 34 auront
797 1642 59 26 un
889 1627 148 40 cachet
1067 1625 308 41 inaccoutumé
1409 1622 254 41 d'élévation
1715 1621 326 40 l'entraîneront
2062 1632 8 34 ;

345 1719 97 26 sans
464 1703 140 41 savoir
623 1701 233 55 pourquoi,
880 1700 30 40 il
934 1700 59 40 les
1016 1699 219 53 préférera.
1262 1696 90 51 Qui
1373 1696 74 40 fait
1468 1697 138 38 naître
1625 1708 52 27 en
1692 1694 63 40 lui
1775 1707 66 26 ces
1862 1691 212 41 émotions

346 1775 348 57 inexprimables,
718 1787 65 27 ces
805 1773 116 40 élans
946 1772 264 53 impétueux,
1238 1783 63 27 ces
1333 1775 302 33 mouvements
1659 1765 279 54 passionnés?
1961 1763 113 40 C'est

341 1851 39 40 la
402 1850 203 52 création,
628 1848 84 40 fille
734 1846 51 40 de
809 1845 109 41 Dieu
940 1860 10 36 ;
985 1846 101 38 c'est
1101 1844 107 50 l'art,
1246 1841 67 41 fils
1334 1841 51 40 de
1406 1840 204 41 l'homme
1629 1854 10 34 ;
1664 1839 99 38 c'est
1780 1837 45 45 le.
1842 1838 132 39 Beau.
2002 1834 70 42 Eh

345 1923 121 40 bien!
491 1922 58 40 les
574 1933 154 27 masses
749 1917 275 41 ressemblent
1055 1919 23 37 à
1110 1914 176 42 l'enfant
1310 1930 7 23 :
1344 1925 167 28 comme
1538 1911 80 52 lui,
1642 1910 96 40 elles
1773 1918 95 31 sont
1903 1913 169 43 naïves;

341 2008 165 28 comme
519 1994 78 50 lui,
615 1992 96 40 elles
727 1998 96 32 sont
840 1988 277 55 susceptibles
1138 1987 49 40 de
1202 1985 185 41 recevoir
1402 1998 83 27 une
1503 1983 106 41 forte
1625 1981 239 55 impulsion
1877 1995 10 36 ;
1905 1992 170 28 comme

345 2067 63 42 lui
430 2067 96 39 elles
548 2079 41 26 se
609 2065 176 40 laissent
819 2064 102 39 aller
953 2065 23 37 à
1007 2062 92 39 leur
1132 2060 195 51 instinct,
1362 2065 39 33 et
1434 2065 64 33 cet
1530 2057 196 48 instinct,
1746 2055 85 39 don
1855 2053 215 54 précieux,

344 2141 60 39 les
427 2147 84 32 sert
532 2138 147 40 mieux
701 2137 156 53 parfois
878 2147 82 41 que
990 2133 57 40 les
1082 2131 324 41 connaissances
1440 2128 282 54 incomplètes
1742 2125 92 53 qui,
1858 2125 101 39 chez
1982 2137 69 26 cer-

346 2212 112 40 tains
479 2218 229 42 amateurs,
734 2208 262 54 remplacent
1016 2204 245 43 l'intuition
1282 2211 39 32 et
1341 2203 38 40 le
1395 2215 94 27 sens
1503 2213 208 28 commun
1728 2212 74 40 par
1816 2198 36 40 le
1865 2197 109 54 parti
1990 2197 87 54 pris

348 2293 40 32 et
407 2284 38 40 le
466 2283 185 55 préjugé.
678 2281 66 40 Ne
766 2279 219 41 médisons
1004 2278 109 40 donc
1136 2291 71 40 pas
1230 2277 50 39 de
1294 2274 227 51 l'instinct,
1557 2280 39 33 et
1626 2285 52 27 ne
1698 2284 111 28 nous
1828 2270 249 53 imaginons

346 2370 89 40 pas,
460 2363 187 37 surtout,
673 2367 84 40 que
776 2366 44 27 ce
843 2352 77 54 qui
944 2351 103 54 plaît
1082 2355 21 36 à
1134 2349 40 40 la
1206 2356 123 33 vertu
1358 2347 173 40 éclairée
1549 2345 81 40 soit
1649 2344 283 55 précisément
1952 2352 40 30 et
2012 2342 44 40 in-

345 2429 301 40 failliblement
667 2425 214 54 empreint
901 2425 49 39 de
972 2431 106 32 cette
1100 2420 230 55 splendeur
1352 2419 59 39 du
1429 2418 91 40 vrai
1542 2417 105 40 dont
1670 2417 117 54 parle
1809 2415 33 40 si
1865 2413 189 55 judicieu-

346 2508 164 33 sement
535 2500 166 42 Platon.
727 2498 135 40 Grâce
883 2510 83 26 aux
988 2496 107 39 bons
1116 2493 200 40 instincts
1339 2493 49 38 de
1409 2492 39 39 la
1470 2490 127 50 foule,
1628 2489 33 39 si
1684 2488 138 40 faciles
1846 2491 23 37 à
1889 2486 187 51 éveiller,

345 2580 95 33 tout
463 2572 99 40 irait
586 2572 108 39 donc
717 2575 21 35 à
762 2569 216 41 merveille
1000 2580 108 42 pour
1128 2567 57 39 les
1205 2565 165 40 artistes
1388 2571 39 32 et
1442 2576 109 40 pour
1571 2562 113 39 leurs
1706 2573 226 40 ouvrages,
1951 2559 32 40 si
2006 2558 71 40 des

346 2660 103 40 gens
484 2646 75 53 qui
594 2658 41 26 se
665 2651 233 46 supposent
929 2640 311 55 gratuitement
1268 2639 80 38 très
1383 2636 279 53 compétents,
1692 2633 265 53 n'égaraient
2002 2645 77 40 pas

344 2718 211 55 l'opinion
578 2716 226 55 publique,
826 2729 57 40 qu
903 2714 50 40 ils
974 2712 251 55 prétendent
1247 2710 174 52 diriger,
1444 2716 40 31 et
1507 2707 85 40 s'ils
1616 2720 52 26 ne
1704 2706 40 40 la
1772 2704 305 42 détournaient

346 2805 73 40 pas
443 2791 313 53 fréquemment
777 2788 49 39 de
845 2788 36 39 la
904 2786 93 40 voie
1020 2791 57 35 où
1100 2784 170 40 marche
1292 2782 37 39 le
1350 2780 92 41 vrai
1465 2793 110 41 pour
1613 2780 38 40 la
1674 2778 224 53 conduire,
1922 2791 51 26 en
1996 2790 83 27 vue

346 2863 221 41 d'intérêts
589 2860 247 56 personnels
859 2861 214 50 étrangers
1095 2860 22 36 à
1138 2856 111 48 l'art,
1273 2855 103 39 dans
1395 2853 37 40 le
1454 2852 171 40 chemin
1648 2852 102 39 orné
1773 2852 49 38 de
1844 2850 235 40 fondrières

346 2942 58 35 où
427 2935 202 41 trébuche
651 2934 36 39 le
711 2934 113 40 faux.
848 2932 97 40 Ah!
976 2930 38 40 le
1050 2929 115 51 faux,
1202 2929 99 37 c'est
1336 2934 122 31 notre
1475 2925 128 53 plaie.
1630 2923 59 40 Le
1712 2923 98 40 faux
1831 2919 248 44 s'introduit

345 3008 386 42 clandestinement
764 3012 186 47 partout.
993 3003 88 40 Usé
1122 3007 128 34 avant
1289 2999 120 53 l'âge,
1449 2998 169 39 fardant
1655 3009 63 26 ses
1757 2994 165 40 vieilles
1959 2993 120 53 joues

346 3095 179 38 creuses,
550 3088 173 46 portant
746 3090 213 42 perruque
980 3089 56 27 ou
1059 3088 42 26 se
1119 3073 196 53 teignant
1334 3071 60 39 les
1415 3070 208 50 cheveux,
1653 3068 30 40 il
1716 3081 42 26 se
1778 3080 153 27 couvre
1952 3066 109 40 d'ori-

347 3168 152 41 peaux,
528 3154 29 39 il
580 3167 41 26 se
643 3164 102 41 pare
769 3153 50 37 de
843 3150 145 53 bijoux
1015 3147 155 49 Ruolz,
1211 3144 29 40 il
1282 3143 76 40 fait
1380 3143 69 39 des
1471 3141 208 53 grimaces
1700 3153 51 27 en
1773 3140 118 53 guise
1910 3139 51 40 de
1983 3152 75 27 sou-

346 3227 120 52 rires,
492 3226 28 40 il
543 3234 167 31 montre
732 3238 62 26 ses
827 3234 202 29 ozanores
1063 3228 38 32 et
1135 3218 61 40 dit
1221 3230 9 29 :
1258 3233 15 21 «
1298 3216 46 39 Je
1367 3215 87 39 suis
1474 3214 37 40 le
1533 3213 106 41 vrai.
1665 3228 19 22 »
1712 3212 52 40 Et
1784 3212 112 40 voilà
1916 3212 38 40 le
1975 3212 78 39 dan-

347 3312 69 40 ger
435 3303 7 36 !
467 3298 83 41 Car
571 3298 57 39 les
649 3295 234 52 imbéciles,
904 3295 58 40 les
979 3294 237 53 ignorants,
1234 3289 57 40 les
1315 3287 163 53 faibles,
1498 3285 198 42 victimes
1712 3285 59 39 du
1787 3284 291 50 demi-savoir,

346 3373 51 39 de
419 3372 39 40 la
481 3369 267 54 spéculation
783 3377 40 33 et
855 3368 52 40 de
933 3367 40 41 la
1006 3364 222 43 mauvaise
1258 3361 73 55 foi,
1356 3360 194 43 finissent
1571 3374 75 41 par
1663 3358 134 43 croire
1818 3370 84 42 que
1922 3357 37 41 le
1981 3356 100 42 faux
