2263 3810
393 510 0 0 108

761 472 76 41 LA
869 471 376 49 CHRONIQUE
1278 470 314 43 MUSICALE

362 617 47 40 Je
432 631 52 26 ne
505 617 247 41 terminerai
776 630 72 40 pas
870 629 44 27 ce
935 616 193 54 chapitre
1150 631 98 26 sans
1269 618 139 53 parler
1427 619 70 40 des
1519 620 321 54 remarquables
1864 635 150 40 person-

313 690 152 40 nalités
481 690 74 53 qui
573 703 41 27 se
628 689 291 54 partageaient
934 690 36 39 le
985 698 160 46 sceptre
1169 690 178 42 musical
1364 692 160 41 durant
1538 706 101 26 mon
1661 692 142 54 séjour
1819 697 20 36 à
1859 694 185 42 Vienne.

365 767 38 36 A
422 773 106 30 cette
543 764 181 52 époque,
747 763 38 40 la
808 763 201 54 musique
1030 765 103 39 était
1154 773 129 31 tenue
1299 778 49 27 en
1367 765 131 42 haute
1519 766 149 40 estime
1690 765 104 41 dans
1811 766 38 40 la
1864 767 180 53 capitale

311 837 51 39 de
382 835 256 40 l'Autriche.
668 835 58 40 La
748 835 173 54 plupart
943 836 72 39 des
1038 837 158 53 grands
1230 837 235 53 seigneurs,
1490 838 37 40 le
1553 839 144 53 prince
1740 840 237 53 Esterhazy
1999 853 51 27 en

310 908 98 50 tête,
430 908 104 40 dont
555 908 163 52 Haydn
740 908 101 41 était
865 910 151 38 maître
1040 910 50 39 de
1128 910 205 53 chapelle,
1370 910 170 40 avaient
1562 911 71 40 des
1657 911 235 41 musiciens
1914 916 21 36 à
1956 912 94 41 leur

312 979 174 53 service,
510 988 39 32 et
572 980 105 41 dans
706 990 140 32 toutes
868 981 58 40 les
957 981 190 41 maisons
1169 981 362 56 aristocratiques,
1557 997 55 27 on
1635 984 105 40 était
1760 987 72 37 sûr
1855 984 172 42 d'enten-

310 1054 71 39 dre
404 1066 85 26 une
510 1066 56 27 ou
587 1053 111 40 deux
721 1053 77 40 fois
821 1067 75 40 par
917 1054 188 40 semaine
1127 1056 70 38 des
1219 1063 207 45 quatuors
1448 1063 39 33 et
1502 1056 71 40 des
1596 1057 281 53 symphonies
1899 1057 132 54 parfai-

310 1133 164 33 tement
493 1127 208 39 exécutés.
722 1126 96 50 Que
834 1127 49 40 de
900 1127 80 40 fois
1000 1127 69 54 j'ai
1092 1141 57 26 vu
1173 1127 70 40 des
1269 1141 228 41 personnes
1521 1130 171 39 réunies
1714 1130 104 39 dans
1836 1144 60 25 un
1914 1131 138 52 salon,

309 1198 161 54 quitter
490 1199 40 39 la
549 1199 295 42 conversation
869 1214 110 40 pour
1015 1214 41 26 se
1088 1214 150 40 ranger
1272 1211 158 30 autour
1458 1202 105 40 d'un
1597 1202 131 52 piano
1751 1210 41 32 et
1813 1203 197 39 exécuter
2031 1206 22 37 à

309 1272 104 40 livre
433 1280 152 33 ouvert
606 1286 61 26 un
689 1273 200 40 oratorio
897 1306 8 19 ,
931 1287 85 26 une
1041 1287 133 26 messe
1195 1287 57 27 ou
1277 1287 60 26 un
1360 1275 126 52 opéra
1509 1274 149 41 entier.
1684 1274 114 41 C'est
1817 1276 101 53 qu'à
1942 1283 109 32 cette

309 1346 181 52 époque,
513 1353 98 33 tous
628 1345 58 40 les
704 1345 215 41 habitants
942 1346 49 40 de
1016 1346 179 51 Vienne,
1219 1347 196 39 hommes
1437 1355 40 31 et
1498 1347 192 51 femmes,
1716 1347 159 41 étaient
1907 1346 113 40 musi-

309 1431 117 27 ciens
447 1428 39 31 et
507 1421 131 50 qu'on
660 1418 250 41 n'attachait
929 1432 73 41 pas
1025 1419 94 54 plus
1139 1419 49 40 de
1208 1418 149 43 mérite
1379 1423 23 37 à
1426 1419 220 42 déchiffrer
1666 1420 39 40 la
1729 1420 204 53 musique
1954 1419 101 54 qu'à

310 1490 78 40 lire
410 1504 77 27 son
510 1491 187 52 journal.

364 1563 48 39 Je
443 1563 95 53 puis
566 1563 108 40 donc
695 1563 92 41 dire
806 1578 83 40 que
912 1564 82 40 lors
1015 1564 50 40 de
1088 1577 101 27 mon
1222 1564 141 54 séjour
1385 1568 23 36 à
1431 1564 180 51 Vienne,
1637 1564 59 40 du
1731 1564 242 54 printemps
2006 1565 51 40 de

320 1635 107 54 1798
451 1639 22 35 à
501 1635 95 39 l'été
628 1637 50 38 de
714 1637 125 52 1804,
867 1636 38 39 la
934 1637 203 52 musique
1159 1651 26 38 y
1217 1637 104 40 était
1354 1640 23 36 à
1410 1650 76 25 son
1521 1638 174 51 apogée.
1733 1637 171 40 Mozart
1938 1647 115 30 avait

315 1706 193 54 disparu,
526 1707 106 39 mais
651 1708 209 40 l'horizon
883 1708 101 40 était
1004 1722 155 26 encore
1181 1710 192 39 embrasé
1395 1709 70 39 des
1488 1722 160 40 rayons
1668 1709 51 40 de
1740 1723 77 26 son
1846 1710 138 52 génie,
2010 1718 42 32 et

317 1779 176 54 Haydn,
514 1781 50 38 de
583 1789 144 32 retour
747 1780 49 40 de
819 1794 75 26 son
917 1781 153 40 second
1091 1794 161 41 voyage
1274 1795 52 26 en
1354 1782 267 52 Angleterre,
1650 1782 101 40 était
1782 1796 54 26 au
1866 1794 185 28 sommet

311 1852 50 39 de
381 1865 44 26 sa
444 1852 130 53 gloire
590 1866 10 38 ;
625 1853 113 53 puis,
764 1853 252 40 semblables
1034 1857 22 36 à
1077 1855 72 39 des
1167 1854 145 40 étoiles
1334 1853 217 54 gravitant
1582 1862 160 32 autour
1769 1854 51 40 de
1849 1868 66 26 ces
1936 1854 116 40 deux

315 1934 129 30 astres
466 1926 218 52 éclatants,
706 1940 60 26 un
790 1926 135 52 grand
957 1927 178 40 nombre
1159 1927 51 40 de
1239 1927 233 39 musiciens
1501 1927 308 40 concouraient
1830 1931 22 36 à
1870 1927 177 40 l'œuvre

308 1997 52 40 de
383 1997 274 41 domination
681 1999 205 40 musicale
909 2013 83 40 que
1011 1999 139 41 s'était
1169 2000 171 40 méritée
1362 2000 38 39 la
1423 1999 175 54 capitale
1620 1999 49 40 de
1697 2000 255 40 l'Autriche.

369 2070 142 40 Parmi
534 2084 66 26 ces
623 2072 233 39 musiciens
885 2072 51 40 de
967 2073 154 39 second
1155 2072 136 54 ordre,
1322 2072 36 54 je
1387 2072 90 41 dois
1504 2072 103 41 citer
1628 2086 51 27 en
1704 2074 208 53 première
1933 2073 113 53 ligne

312 2143 375 54 Albrechtsberger
705 2152 39 32 et
766 2144 165 42 Salieri.

367 2216 59 40 Le
448 2218 196 52 premier,
668 2218 150 39 ancien
841 2218 261 54 condisciple
1123 2218 70 40 des
1216 2219 112 39 deux
1352 2218 179 53 Haydn,
1550 2227 40 31 et
1608 2220 150 38 maître
1779 2218 51 40 de
1853 2218 200 54 chapelle

1030 2279 10 8 /

312 2293 22 36 à
355 2288 425 53 Péglise-cathédrale
801 2291 50 39 de
869 2290 346 51 Saint-Etienne,
1238 2291 136 40 s'était
1396 2293 111 38 voué
1529 2291 357 54 principalement
1902 2296 23 35 à
1944 2292 82 39 l'en-

310 2361 268 53 seignement
606 2361 49 41 de
681 2362 38 40 la
752 2362 289 54 composition
1067 2364 225 50 musicale;
1320 2364 30 39 il
1372 2363 103 41 était
1498 2373 149 31 savant
1669 2363 233 40 théoricien
1925 2373 39 32 et
1984 2378 62 25 ses

310 2433 308 54 compositions
639 2434 160 41 étaient
819 2434 106 41 dans
943 2435 37 40 le
999 2436 108 53 style
1128 2436 36 39 le
1187 2435 97 55 plus
1307 2437 154 39 sévère.
1488 2435 188 50 Quanta
1697 2435 168 51 Salieri,
1895 2438 154 39 maître

312 2505 51 40 de
385 2506 188 53 chapelle
594 2507 50 40 de
666 2507 39 40 la
726 2521 118 38 cour,
872 2508 28 39 il
923 2508 114 40 avait
1058 2508 152 54 profité
1232 2509 71 40 des
1336 2508 160 40 conseil
1530 2509 51 39 de
1617 2507 142 41 Gluck
1792 2517 56 43 et,
1881 2522 75 39 par
1987 2522 64 26 ses

311 2580 145 52 opéras
505 2580 174 39 Tarare
717 2587 40 33 et
785 2580 57 40 les
875 2581 230 40 Danaides
1109 2613 10 21 ,
1156 2581 114 40 avait
1300 2582 169 40 montré
1503 2580 108 54 qu'il
1634 2580 182 53 pouvait
1848 2581 162 53 aspirer
2031 2584 24 37 à

310 2650 180 40 devenir
512 2651 38 39 le
571 2651 129 52 digne
720 2665 245 27 successeur
986 2653 58 39 du
1064 2655 97 51 père
1180 2655 50 38 de
1251 2653 39 40 la
1312 2653 190 52 tragédie
1525 2654 194 51 lyrique;
1738 2653 110 39 mais
1864 2666 52 27 en
1936 2654 95 52 quit-

309 2729 95 32 tant
429 2722 116 39 Paris
585 2730 39 33 et
665 2736 52 26 en
759 2731 205 33 revenant
984 2727 21 36 à
1028 2724 183 52 Vienne,
1255 2725 28 40 il
1314 2726 76 39 dut
1425 2738 41 26 se
1502 2724 233 40 renfermer
1765 2724 52 40 de
1850 2738 200 28 nouveau

309 2794 107 40 dans
439 2794 57 39 les
520 2795 152 40 bornes
694 2797 169 39 étroites
885 2796 50 39 de
953 2796 157 54 l'opéra
1129 2796 166 50 italien,
1329 2810 109 41 pour
1459 2810 41 26 se
1522 2796 241 41 conformer
1785 2811 56 26 au
1865 2801 105 50 goût
1992 2799 59 39 du

311 2867 163 54 public,
497 2874 41 33 et
564 2867 143 40 suivre
737 2867 38 40 le
807 2868 171 40 chemin
1004 2870 122 39 battu
1157 2869 72 40 des
1265 2877 141 32 autres
1437 2869 311 54 compositeurs
1780 2870 183 51 italiens,
1991 2884 62 26 ses

314 2940 366 52 contemporains.
722 2940 252 54 Cependant
1009 2941 30 40 il
1070 2942 93 39 leur
1199 2950 61 32 est
1294 2942 196 53 toujours
1526 2943 108 39 resté
1670 2942 98 41 bien
1809 2943 238 53 supérieur.

314 3012 118 39 Dans
447 3012 39 40 la
505 3013 127 52 suite,
652 3013 29 40 il
705 3027 22 26 a
748 3015 200 52 composé
964 3014 71 40 des
1057 3027 154 27 messes
1227 3022 40 33 et
1286 3015 187 41 d'autres
1497 3028 227 28 morceaux
1745 3015 172 54 d'église
1943 3029 111 41 pour

308 3086 40 40 la
372 3086 191 54 chapelle
584 3087 50 39 de
662 3088 269 53 l'empereur,

368 3158 104 40 Plus
494 3159 107 51 tard,
627 3159 81 40 lors
729 3159 51 40 de
803 3173 102 26 mon
930 3160 139 53 séjour
1091 3163 23 37 à
1138 3160 169 41 Vienne
1329 3164 21 36 à
1373 3161 195 54 l'époque
1592 3161 58 39 du
1672 3163 176 50 congrès
1871 3168 104 33 tenu
1998 3175 53 26 en

310 3239 107 33 cette
447 3231 117 48 ville,
589 3231 36 53 je
658 3246 166 26 connus
858 3234 97 52 plus
990 3233 279 40 intimement
1301 3232 168 52 Salieri,
1502 3241 40 32 et
1563 3234 172 53 j'appris
1758 3237 22 36 à
1802 3234 251 53 l'apprécier

310 3303 316 41 suffisamment
665 3319 108 40 pour
794 3319 84 40 que
898 3305 37 53 je
957 3319 68 27 me
1046 3305 96 40 fisse
1161 3320 61 26 un
1244 3305 150 42 devoir
1429 3307 115 38 sacré
1577 3305 52 41 de
1664 3306 161 42 réfuter
1857 3310 121 49 après
2008 3320 43 26 sa

311 3386 111 29 mort
445 3390 58 26 un
524 3377 145 40 article
695 3378 158 40 infâme
872 3392 106 40 paru
1001 3378 104 40 dans
1128 3393 60 26 un
1212 3378 188 54 journal,
1419 3378 107 40 dans
1548 3380 140 52 lequel
1712 3379 28 40 il
1764 3380 103 40 était
1886 3379 63 39 dit
1969 3392 82 40 que

310 3447 148 40 Salieri
482 3449 113 41 avait
616 3450 282 54 empoisonné
921 3451 180 53 Mozart,
1126 3460 40 31 et
1187 3451 108 54 qu'il
1319 3451 144 41 l'avait
1479 3451 190 40 confessé
1686 3451 220 40 lui-même
1930 3455 22 36 à
1973 3465 76 26 son
