2263 3810
303 431 79 40 128

756 434 77 40 LA
865 433 383 50 CHRONIQUE
1280 433 313 42 MUSICALE

296 591 56 27 au
376 578 73 40 bas
468 586 106 44 mot,
598 579 77 54 qui
698 587 76 33 ont
794 579 88 54 pris
905 586 108 33 cette
1034 578 178 42 histoire
1234 594 55 26 au
1313 579 148 41 milieu
1485 581 58 40 du
1566 581 305 41 dix-huitième
1893 583 141 52 siècle,

293 651 270 40 c'est-à-dire
603 665 55 26 au
695 659 195 33 moment
932 657 57 35 où
1032 652 165 41 Lekain
1239 662 40 33 et
1319 654 316 40 mademoiselle
1677 654 204 54 Clairon,
1933 656 101 39 àla

296 723 480 58 Comédie-Française,
819 733 39 32 et
909 726 198 40 madame
1163 727 175 51 Favart,
1394 733 22 36 à
1468 728 40 40 la
1554 728 478 52 Comédie-Italienne,

296 796 287 53 apportaient,
607 810 167 27 comme
793 797 49 40 de
861 807 187 44 concert,
1073 812 86 27 une
1178 800 209 53 première
1414 801 300 42 amélioration
1747 802 174 41 notable
1946 816 88 26 aux

294 876 214 32 costumes
529 869 50 39 de
601 869 211 41 luxueuse
833 870 197 41 fantaisie
1050 870 256 55 jusqu'alors
1329 875 172 52 adoptés
1524 882 40 33 et
1590 875 201 52 admirés,
1828 875 31 41 il
1895 889 53 27 ne
1982 875 52 40 de

296 948 149 32 trouve
479 940 137 54 qu'un
640 941 90 41 seul
771 953 151 30 auteur
950 943 75 54 qui
1044 956 200 28 consacre
1268 945 145 40 mieux
1435 947 165 52 qu'une
1621 949 174 53 analyse
1818 948 214 41 succincte

295 1025 85 27 aux
402 1013 184 53 époques
608 1014 264 41 antérieures
893 1019 23 36 à
936 1028 45 27 ce
1003 1017 123 52 point
1146 1016 50 40 de
1217 1016 145 55 départ
1378 1019 174 52 général
1571 1019 77 54 (i).

354 1084 90 41 Nos
465 1086 334 55 investigations
819 1096 77 34 ont
919 1091 120 52 porté
1060 1090 50 39 de
1134 1091 239 53 préférence
1402 1105 74 27 sur
1507 1100 105 33 cette
1636 1093 173 53 période
1838 1093 196 43 d'autant

296 1156 95 53 plus
410 1157 194 42 curieuse
625 1162 23 37 à
669 1160 167 41 étudier
855 1162 154 52 qu'elle
1029 1170 62 32 est
1111 1162 142 41 moins
1275 1176 187 37 connue,
1486 1173 174 31 surtout
1674 1178 57 26 au
1745 1165 123 53 point
1882 1166 51 39 de
1948 1179 85 27 vue

292 1230 77 53 qui
400 1244 111 28 nous
546 1246 177 41 occupe,
761 1242 41 33 et
834 1235 39 40 la
913 1235 156 54 simple
1107 1236 159 41 lecture
1300 1237 50 40 de
1382 1251 66 26 ces
1486 1237 226 54 chapitres,
1748 1237 196 41 détachés
1982 1253 52 26 en

295 1302 188 55 quelque
513 1312 113 33 sorte
654 1306 129 41 d'une
814 1307 177 41 histoire
1021 1308 197 52 générale
1244 1322 151 27 encore
1426 1313 23 35 à
1478 1308 140 53 venir,
1641 1308 165 54 suffira,
1830 1324 179 40 pensons-

300 1388 126 41 nous,
464 1380 23 36 à
521 1386 194 33 montrer
748 1380 108 53 qu'il
886 1394 28 40 y
944 1380 115 41 avait
1094 1381 223 54 beaucoup
1351 1387 23 35 à
1408 1381 92 40 dire
1533 1382 94 40 rien
1656 1383 131 52 qu'au
1827 1383 109 54 sujet
1974 1384 59 39 du

298 1456 194 33 costume
520 1464 75 26 sur
618 1465 66 26 ces
706 1460 139 45 temps
867 1453 177 40 reculés.
1084 1453 125 40 Nous
1243 1468 131 26 avons
1403 1454 88 54 pris
1516 1468 109 40 pour
1652 1455 124 53 point
1803 1455 52 40 de
1881 1456 153 53 départ

297 1519 196 55 l'origine
515 1523 138 40 même
671 1523 58 41 du
750 1524 161 40 théâtre
933 1525 196 57 français,
1159 1536 40 30 et
1222 1540 111 27 nous
1356 1540 135 26 avons
1511 1527 229 53 poursuivi
1765 1541 77 26 nos
1863 1529 147 40 recher-

295 1592 96 41 ches
426 1599 24 35 à
477 1602 159 33 travers
663 1596 60 39 les
749 1597 128 40 livres
910 1606 41 32 et
976 1611 217 39 gravures,
1218 1598 203 54 jusqu'au
1449 1607 194 32 moment
1673 1600 135 53 précis
1835 1605 56 36 où
1921 1614 113 27 nous

293 1664 261 55 rejoignions
575 1667 59 40 les
656 1677 184 31 travaux
861 1670 51 39 de
933 1670 39 40 la
994 1672 173 52 plupart
1188 1671 71 39 des
1279 1670 231 42 historiens
1533 1672 311 54 dramatiques,
1869 1674 142 40 c'est-à-

296 1737 89 41 --dire
405 1738 202 55 jusqu'au
630 1741 184 53 premier
837 1742 99 41 tiers
957 1742 60 41 du
1040 1743 124 41 siècle
1184 1743 182 44 dernier.

353 1884 61 42 La
437 1884 106 41 mise
580 1899 53 27 en
664 1889 121 38 scène
812 1887 72 41 des
910 1891 218 51 mystères
1157 1889 101 41 était
1284 1891 143 40 tantôt
1456 1889 234 55 splendide,
1726 1891 142 40 tantôt
1898 1891 27 40 d
1929 1889 11 21 ?
1947 1904 83 28 une

296 1958 203 53 pauvreté
519 1963 140 36 naïve.
694 1959 74 50 Ici,
799 1959 50 41 de
870 1961 247 40 misérables
1138 1969 190 47 troupes,
1352 1962 107 40 dans
1481 1976 87 27 une
1587 1962 129 55 petite
1738 1962 118 53 ville,
1886 1964 121 53 repré-

301 2030 212 42 sentaient
530 2045 85 27 une
637 2032 139 41 action
799 2034 224 53 religieuse
1043 2048 57 27 ou
1120 2035 272 54 dramatique
1411 2053 10 35 ;
1446 2050 59 27 un
1528 2036 153 54 simple
1704 2035 207 41 échafaud
1933 2049 101 27 avec

298 2103 74 40 des
398 2104 355 54 compartiments
779 2106 207 54 étiquetés
1015 2108 51 39 de
1093 2108 183 41 diverses
1305 2110 144 56 façons
1496 2109 184 40 suffisait
1704 2112 24 37 à
1761 2108 208 54 indiquer
1994 2109 39 40 le

294 2175 89 41 lieu
405 2176 51 40 de
476 2178 41 40 la
543 2180 122 38 scène
697 2187 40 32 et
762 2180 249 57 remplaçait
1026 2194 72 32 ,un
1126 2181 125 41 décor
1275 2181 200 55 complet.
1508 2182 78 53 Là,
1618 2195 56 27 au
1699 2182 232 50 contraire,
1959 2180 73 42 des

294 2258 164 32 acteurs
480 2253 178 50 exercés,
683 2252 237 53 largement
939 2254 227 53 rétribués,
1190 2255 336 54 représentaient
1542 2268 109 41 pour
1670 2254 52 40 de
1745 2254 138 40 riches
1909 2254 121 52 cités,

295 2336 85 27 une
403 2323 115 53 pièce
543 2323 98 41 bien
663 2325 183 52 étudiée,
870 2340 197 40 pourvue
1089 2327 51 39 de
1161 2338 95 30 tous
1279 2341 63 27 ses
1363 2328 145 40 décors
1538 2336 41 32 et
1602 2327 267 41 accessoires.
1900 2327 130 51 Mais,

294 2396 162 53 grande
483 2409 84 41 que
597 2397 63 40 fût
679 2397 41 40 la
745 2398 184 41 richesse
955 2399 50 40 de
1031 2399 41 41 la
1101 2400 106 40 mise
1234 2414 53 27 en
1315 2403 139 52 scène,
1486 2401 59 40 les
1569 2403 221 51 mystères,
1824 2413 42 27 se
1881 2399 150 54 jouant

291 2468 39 39 le
363 2468 96 53 plus
485 2477 185 32 souvent
697 2483 52 26 en
776 2470 118 54 plein
920 2470 79 50 air,
1028 2485 53 27 ne
1108 2472 312 42 constituaient
1449 2486 75 41 pas
1558 2486 46 27 ce
1634 2486 85 41 que
1753 2485 112 28 nous
1899 2485 134 27 avons

292 2540 146 55 appelé
470 2542 38 39 le
541 2542 177 41 théâtre.

351 2614 59 39 Le
436 2613 100 40 luxe
565 2614 72 40 des
657 2614 100 54 jeux
781 2615 225 42 théâtraux
1028 2617 101 41 était
1164 2619 111 39 alors
1317 2618 164 40 réservé
1515 2632 84 28 aux
1635 2618 137 40 riches
1813 2617 221 54 seigneurs

293 2685 79 54 qui
392 2686 292 54 organisaient
714 2687 72 40 des
812 2688 101 40 fêtes
947 2690 107 40 dans
1080 2690 115 40 leurs
1224 2691 226 42 châteaux.
1479 2691 194 53 Lorsque
1689 2691 71 40 des
1788 2699 172 46 troupes
1982 2691 52 39 de

292 2759 247 40 comédiens
572 2763 345 40 commencèrent
948 2764 24 37 à
1000 2762 168 41 donner
1194 2763 72 40 des
1303 2764 360 53 représentations
1691 2763 250 55 publiques,
1971 2777 63 26 un

292 2848 57 28 ou
371 2835 113 41 deux
506 2835 146 41 décors
672 2836 195 42 faisaient
888 2844 99 33 tous
1009 2836 59 41 les
1091 2836 99 41 frais
1212 2837 59 41 du
1294 2838 206 54 spectacle
1521 2854 8 25 :
1554 2851 47 27 ce
1620 2851 54 28 ne
1695 2837 66 42 fut
1782 2841 128 50 guère
1931 2839 102 53 qu'à

293 2908 135 54 partir
447 2909 52 40 de
525 2909 109 40 1636
679 2923 56 26 ou
767 2910 69 54 3y,
855 2923 110 41 pour
986 2911 58 39 les
1067 2911 360 53 représentations
1449 2912 59 40 du
1535 2912 83 40 Cid
1625 2944 9 19 ,
1665 2912 54 40 de
1741 2911 231 51 Corneille,
1994 2919 40 33 et

292 2982 53 40 de
382 2981 41 41 la
451 2982 294 54 Sophronisbe
751 3014 9 19 ,
792 2982 52 40 de
884 2982 170 53 Mairet,
1098 2997 84 41 que
1222 2984 58 40 les
1314 2984 245 41 comédiens
1600 2985 165 54 prirent
1795 2984 239 40 l'habitude

292 3053 163 42 d'avoir
487 3069 62 27 un
581 3055 127 41 décor
731 3055 230 55 approprié
993 3061 24 36 à
1051 3056 166 54 chaque
1244 3057 130 54 pièce.
1408 3057 113 40 Mais
1548 3065 131 33 avant
1708 3057 206 40 d'arriver
1947 3071 87 27 aux

292 3127 183 41 théâtres
496 3127 225 55 réguliers,
742 3128 30 42 il
795 3128 93 42 faut
907 3129 137 55 parler
1060 3130 72 40 des
1169 3130 291 54 magnifiques
1481 3130 102 41 fêtes
1605 3130 294 55 dramatiques
1919 3131 87 40 don-

294 3201 113 52 nées,
437 3214 52 27 en
522 3214 46 28 ce
603 3210 156 45 temps,
800 3203 108 40 dans
938 3203 74 41 des
1048 3203 210 42 châteaux
1289 3203 303 54 seigneuriaux
1627 3218 56 27 ou
1719 3207 23 38 à
1778 3204 40 41 la
1851 3217 102 28 cour
1984 3203 50 40 de

334 3379 51 42 (i)
423 3381 101 31 Nous
550 3379 160 33 voulons
743 3381 118 43 parler
887 3381 44 32 de
957 3380 248 34 l'intéressant
1237 3391 161 34 ouvrage
1427 3380 43 35 de
1495 3381 48 33 M.
1573 3381 163 35 Ludovic
1768 3381 121 33 Celler
1926 3393 7 21 :
1968 3381 68 34 Les

294 3431 150 45 Décors,
462 3435 50 32 les
531 3433 186 36 Costumes
734 3440 34 29 et
788 3437 36 32 la
844 3436 100 34 Mise
967 3446 41 24 en
1029 3436 104 34 scène
1153 3446 45 24 au
1220 3436 264 43 dix-septième
1507 3437 118 34 siècle.
