3622 4572
2149 3867 187 42 38

1037 552 70 22 von
1126 538 54 35 der
1200 539 34 33 in
1255 536 60 35 den
1332 534 223 36 Kunstlehren
1569 545 36 21 so
1622 531 62 35 viel
1703 543 39 21 zu
1757 529 88 34 lesen
1859 526 97 38 steht,
1975 524 59 34 hat
2049 523 63 34 mit
2127 522 63 33 den

1037 592 183 34 Menschen
1239 591 93 33 ihren
1350 590 127 44 Einzug
1496 587 33 32 in
1549 583 163 36 dieVTelt
1729 579 166 51 gehalten.
1926 577 180 34 Verstehen
2124 574 67 35 wir

1037 646 52 33 ihr
1116 643 206 36 Geheimnis:
1352 642 45 33 sie
1425 641 40 32 ist
1494 639 55 34 der
1573 636 130 35 Liebes-
1730 633 71 35 und
1829 632 55 34 der
1909 628 282 37 Geburtsschauer

1037 698 54 33 des
1117 698 46 32 im
1189 694 156 35 Künstler
1371 689 251 52 geofFenbarten
1648 683 377 51 zeugungsgewaltigen
2051 681 138 35 Geistes.

1116 752 41 31 So
1176 748 58 33 hat
1253 748 70 33 sich
1342 745 55 35 für
1423 757 59 22 uns
1502 743 53 35 die
1579 741 151 35 absolute
1749 737 134 36 Einheit
1900 748 67 23 von
1989 736 111 33 Natur
2119 732 72 35 und

1036 805 111 31 Kunst
1178 799 155 35 enthüllt.
1384 797 74 35 Alle
1487 799 107 31 Kunst
1627 794 42 33 ist
1701 794 180 45 Zeugung,
1911 786 182 48 Gebarung
2120 785 70 35 und

1037 853 211 47 Gestaltung,
1319 853 127 32 Viesen
1467 848 66 34 und
1548 844 176 38 Ausdruck
1744 844 55 34 des
1816 840 219 49 organischen
2051 838 139 41 Lebens,

1037 906 71 35 und
1136 919 36 21 so
1192 905 82 35 weit
1302 904 93 34 mehr
1424 902 45 34 als
1498 913 62 21 nur
1588 894 292 39 Schönheitstrieb.
1919 894 64 33 Die
2006 895 110 32 Kunst
2136 891 54 35 des

1037 959 182 35 Menschen
1246 958 42 32 ist
1312 957 54 33 ein
1389 955 75 33 Reis
1491 966 54 21 am
1569 955 126 30 Stamm
1714 949 55 34 der
1787 945 272 38 Allnaturkunst,
2103 944 89 34 Aber

1037 1013 45 33 sie
1096 1011 58 34 hat
1169 1010 86 35 auch
1269 1009 69 33 ihre
1354 1007 173 47 Eigenheit
1542 1004 156 34 erwiesen
1715 1002 67 34 und
1798 1002 70 33 ihre
1883 999 140 35 höchste
2037 998 136 34 Daseins-

1037 1063 240 47 berechtigung
1291 1061 35 33 in
1345 1060 68 33 und
1432 1057 104 36 neben
1555 1056 112 34 dieser.
1705 1055 63 34 Die
1789 1051 252 50 ursprüngliche
2057 1051 135 34 Einheit

1036 1116 79 34 aller
1134 1117 324 45 Zeugungsprozesse
1472 1109 92 35 kann
1580 1121 61 22 uns
1656 1107 93 35 nicht
1764 1119 106 35 gegen
1885 1104 52 35 die
1950 1103 222 36 Verschieden-

1035 1169 70 34 heit
1120 1168 54 34 der
1190 1164 243 50 körperlichen,
1445 1163 56 34 der
1515 1160 260 42 „natürlichen“
1855 1157 71 35 und
1942 1156 57 35 der
2014 1157 176 47 geistigen,

1035 1221 56 34 der
1124 1221 46 33 im
1204 1231 102 34 engen
1335 1218 80 33 Sinn
1447 1214 263 35 künstlerischen
1739 1208 323 50 Gestaltungskräfte
2097 1209 95 35 blind

1036 1273 148 34 machen.

1597 1353 27 32 ❖

1115 1484 110 31 Kunst
1244 1479 66 35 und
1329 1481 113 32 Natur
1463 1477 75 35 sind
1557 1478 54 34 ein
1632 1477 158 47 Einziges.
1829 1476 64 33 Die
1912 1477 113 33 Natur
2044 1475 81 47 liegt
2145 1474 46 35 als

1037 1534 96 35 Welt
1148 1547 60 21 vor
1227 1546 59 20 uns
1302 1531 227 47 ausgebreitet,
1550 1530 75 34 aber
1645 1529 46 34 als
1711 1530 72 33 eine
1798 1528 98 35 Welt
1916 1529 76 33 thut
2012 1529 71 33 sich
2102 1528 90 34 auch

1039 1587 52 33 die
1109 1588 109 32 Kunst
1237 1585 54 33 des
1312 1583 300 48 Menschengeistes
1636 1595 60 21 vor
1715 1594 140 22 unseren
1873 1582 125 33 Sinnen
2017 1578 69 37 auf.
2116 1583 78 42 Jene

1037 1640 42 33 ist
1098 1639 61 33 mit
1179 1637 101 35 dieser
1298 1636 106 47 völlig
1422 1635 174 40 identisch,
1617 1635 114 34 indem
1745 1634 98 35 Beide
1858 1634 185 40 Gestalten,
2064 1636 129 33 Wesen

1037 1691 71 34 und
1136 1691 286 45 Erscheinungen,
1456 1687 200 48 Lebendiges
1691 1700 58 22 aus
1777 1687 71 34 sich
1875 1686 117 35 heraus
2022 1700 170 35 erzeugen.

1039 1744 63 33 Die
1129 1741 246 35 Wirklichkeit
1407 1741 56 35 der
1493 1740 211 35 natürlichen
1731 1739 99 35 Welt
1863 1740 43 34 ist
1940 1738 99 36 keine
2074 1740 119 35 andere

1037 1794 245 36 Wirklichkeit
1314 1794 46 34 als
1392 1795 52 33 die
1474 1793 55 34 der
1557 1792 262 35 künstlerischen
1848 1792 107 35 Welt.
2011 1793 181 35 Zwischen

1037 1848 110 35 Leben
1171 1846 68 35 und
1258 1849 108 32 Kunst
1392 1847 84 34 steht
1502 1845 174 48 längerhin
1697 1844 97 36 keine
1814 1844 169 36 Schranke
2002 1847 95 34 mehr
2117 1844 57 37 auf-

1037 1900 171 47 gerichtet.

1114 1950 144 42 Gewifs,
1286 1951 85 34 diese
1390 1954 91 31 Sätze
1507 1950 188 50 behaupten
1721 1964 108 35 genau
1853 1951 56 35 das
1931 1950 174 49 Gegenteil
2124 1964 69 22 von

1036 2005 91 39 dem,
1155 2017 71 22 was
1256 2003 55 35 das
1341 2003 110 48 grofse
1479 2007 136 44 Dogma
1643 2004 67 35 und
1736 2003 372 36 Glaubensbekenntnis
2137 2004 55 35 der

1035 2056 239 35 herrschenden
1295 2058 368 45 Kunstanschauungen
1689 2058 185 34 ausmacht.
1913 2058 52 33 Sie
1991 2058 126 34 suchen
2137 2071 37 22 so-

1035 2109 96 35 wohl
1146 2109 77 34 dem
1237 2109 259 41 Naturalismus,
1516 2110 67 34 wie
1598 2109 85 34 auch
1700 2109 76 34 dem
1791 2109 245 36 idealistischen
2051 2111 121 34 Aesthe-

1036 2163 166 40 ticismus,
1240 2160 63 36 den
1338 2175 69 22 von
1442 2175 139 22 unseren
1612 2162 248 48 Allerjüngsten
1896 2176 67 22 neu
2000 2164 192 34 erweckten

1034 2214 247 34 romantischen
1292 2214 137 41 Lehren,
1445 2215 64 34 den
1519 2215 114 34 Boden
1648 2215 216 48 abzugraben.
1891 2218 38 32 In
1942 2217 65 34 den
2022 2215 170 36 schroffen

1036 2266 283 49 Widersprüchen
1337 2267 55 34 des
1411 2268 248 35 Naturalismus
1679 2268 69 34 und
1768 2269 54 34 des
1839 2270 273 34 Aestheticismus
2132 2270 60 35 hat

1035 2320 70 33 sich
1124 2319 52 34 die
1195 2332 100 34 ganze
1310 2322 108 32 Kunst
1438 2320 54 34 des
1508 2321 231 35 neunzehnten
1752 2321 237 45 Jahrhunderts
2004 2322 100 35 allein
2121 2322 70 35 und

1037 2370 258 36 ausschließlich
1315 2371 132 49 bewegt
1464 2373 71 35 und
1555 2375 35 33 in
1610 2375 125 47 ewiger
1750 2373 301 37 Unzufriedenheit
2070 2377 121 34 immer

1036 2424 124 34 wieder
1185 2425 56 46 jäh
1270 2437 67 22 von
1364 2424 56 36 der
1449 2426 95 34 einen
1568 2427 84 35 Seite
1681 2425 64 37 auf
1768 2427 54 35 die
1850 2428 120 35 andere
1999 2427 190 49 geworfen.

1037 2476 97 34 Beide
1153 2476 232 36 Bekenntnisse
1404 2479 132 47 einigen
1558 2480 71 34 sich
1653 2480 36 34 in
1707 2480 56 35 der
1781 2481 142 35 Wurzel
1943 2481 70 35 und
2032 2483 158 34 stimmen

1038 2529 94 34 darin
1151 2528 149 42 überein,
1327 2529 70 35 dafs
1422 2532 45 32 sie
1489 2531 54 34 die
1562 2531 250 37 vollkommene
1830 2535 273 34 Wesenseinheit
2122 2549 68 21 von

1037 2580 320 37 Sinnlichkeitswelt
1371 2584 68 33 und
1455 2585 221 42 Geisteswelt,
1696 2599 68 21 von
1778 2589 112 32 Natur
1910 2588 69 34 und
1992 2591 122 38 Kunst,
2135 2588 55 35 die

1037 2634 127 46 gleiche
1181 2634 244 36 Wirklichkeit
1444 2636 56 34 der
1519 2638 141 34 Lebens-
1679 2639 71 35 und
1769 2639 56 35 der
1843 2641 347 48 Kunstgestaltungen

1037 2686 152 47 leugnen.
1218 2689 42 32 So
1273 2688 88 34 wird
1374 2689 84 46 jedes
1470 2702 39 22 zu
1526 2691 85 34 einer
1622 2691 107 46 Scylla
1741 2691 79 35 oder
1834 2705 42 22 zu
1887 2694 89 34 einer
1989 2693 200 48 Charybdis,

1037 2751 40 21 zu
1097 2739 88 33 einer
1204 2738 132 48 grofsen
1355 2742 230 47 Einseitigkeit
1609 2744 240 48 hingedrängt,
1876 2746 114 35 indem
2013 2760 79 22 man
2112 2747 78 35 bald

1037 2790 56 34 das
1112 2790 108 35 Leben
1240 2794 78 32 über
1342 2793 51 34 die
1418 2797 118 39 Kunst,
1563 2797 69 34 wie
1659 2797 55 34 der
1734 2798 267 43 Naturalismus,
2031 2801 81 34 oder
2136 2800 53 35 die

1037 2846 107 31 Kunst
1163 2843 79 35 über
1261 2844 56 35 das
1336 2845 110 35 Leben
1465 2848 134 40 erhöht,
1626 2850 67 34 wie
1714 2850 55 35 der
1788 2853 284 35 Aestheticismus.
2111 2856 79 32 Von

1037 2895 64 33 den
1128 2896 219 49 Brandungen
1380 2899 68 34 und
1477 2901 156 35 Wirbeln
1660 2902 57 35 der
1745 2904 109 47 Scylla
1887 2905 98 35 treibt
2018 2919 81 22 man
2132 2907 57 34 das

1037 2948 164 47 Fahrzeug
1228 2949 138 49 hinweg
1385 2952 69 34 und
1481 2953 142 36 hinüber
1645 2968 57 21 zur
1722 2956 198 47 Charybdis,
1949 2959 71 34 und
2049 2973 57 22 aus
2132 2961 58 34 der

1037 3002 89 44 Enge
1141 3001 70 33 und
1225 3003 270 36 Beschränktheit
1510 3006 56 34 der
1580 3007 87 34 L’art
1681 3022 85 35 pour
1780 3009 205 37 fart-Poesie
1999 3021 98 26 rettet
2110 3027 80 21 man

1037 3052 69 34 sich
1126 3053 35 33 in
1180 3053 52 34 die
1252 3057 89 45 Enge
1359 3057 71 33 und
1449 3059 270 36 Beschränktheit
1738 3062 53 35 des
1810 3064 264 37 Naturalismus.
2110 3069 60 32 Zer-

1037 3104 169 35 rissenheit
1225 3105 235 39 kennzeichnet
1479 3111 53 35 die
1547 3112 318 39 Stückwerkskunst
1884 3116 54 35 des
1956 3119 233 35 neunzehnten

1037 3156 249 44 Jahrhunderts,
1313 3161 81 33 weil
1418 3175 79 23 man
1516 3164 53 35 die
1587 3167 139 34 Wäirzel
1750 3170 155 34 zerrissen
1928 3171 69 34 und
2018 3172 171 49 zerspaltet

1038 3208 58 34 hat
1114 3210 68 34 und
1203 3210 52 35 die
1268 3212 132 35 Einneit
1414 3227 67 23 von
1496 3219 111 33 Natur
1624 3219 67 34 und
1709 3223 107 32 Kunst
1835 3223 95 34 nicht
1949 3224 155 35 einsehen
2118 3226 71 34 und

1040 3262 169 34 verstehen
1227 3267 201 34 vermochte.

1115 3314 59 34 Als
1201 3316 194 49 Schöpferin
1420 3320 88 34 einer
1526 3322 96 34 Welt
1647 3324 58 34 hat
1730 3326 85 34 auch
1834 3328 139 35 Schiller
1998 3330 55 35 die
2077 3334 112 32 Kunst

1040 3375 60 24 mit
1114 3365 144 49 feuriger
1272 3370 240 37 Beredsamkeit
1531 3376 177 47 gepriesen.
1739 3379 86 35 Aber
1841 3380 86 35 diese
1941 3383 98 34 Welt
2053 3385 43 33 ist
2114 3385 75 34 ihm

1039 3418 71 34 eine
1128 3420 133 42 zweite,
1283 3422 71 34 eine
1373 3436 97 29 neue,
1491 3426 71 34 eine
1581 3429 116 35 andere
1716 3432 112 41 'Welt,
1849 3434 46 33 als
1916 3434 54 35 die
1989 3436 56 35 der
2063 3440 124 34 Natur.

1038 3471 106 33 Nicht
1163 3473 71 33 eine
1253 3474 96 34 \velt
1369 3476 55 34 der
1443 3478 260 45 Wirklichkeit,
1723 3485 142 36 sondern
1883 3500 63 22 nur
1966 3488 54 35 des
2041 3491 146 35 Scheins.

1038 3523 111 34 Schon
1174 3524 53 34 bei
1251 3527 92 34 Plato
1369 3528 84 35 hieß
1477 3543 30 21 es
1534 3533 145 37 ähnlich.
1716 3537 81 35 Eine
1822 3541 366 37 extrem-idealistische

1037 3575 331 52 Weltanschauung,
1395 3582 130 35 welche
1554 3584 55 36 das
1637 3600 100 34 ganze
1763 3591 56 34 All
1844 3592 57 35 der
1920 3594 108 48 Dinge
2053 3596 37 34 in
2115 3597 73 34 eine

1037 3627 109 47 grofse
1165 3629 290 51 Phantasmagorie
1481 3635 63 35 auf
1546 3637 100 43 löste,
1673 3640 127 37 konnte
1826 3658 36 20 so
1883 3647 99 34 wohl
2001 3648 185 36 schließen.

2297 520 123 37 Nichts
2445 521 46 34 als
2511 519 287 48 Scheingestalten
2824 519 126 48 gebiert
2977 519 54 34 die
3050 522 127 40 Kunst;
3203 521 118 36 darum
3346 525 40 34 ist
3412 528 47 36 ihr

2298 576 128 31 Wesen
2445 574 109 34 nichts
2575 573 46 35 als
2638 573 207 48 Täuschung
2866 572 68 35 und
2949 575 103 45 Lüge.
3083 573 80 34 Und
3182 588 38 20 so
3241 576 61 33 soll
3324 590 77 23 man
3419 583 40 34 sie

2298 625 190 36 verbannen
2512 627 69 34 und
2606 625 204 36 vernichten.
2853 627 39 33 In
2919 625 113 34 diesen
3052 626 186 36 Gedanken
3264 629 195 48 explodierte

2299 680 56 33 der
2368 679 237 35 Platonismus.
2634 677 83 36 Daß
2738 678 54 35 die
2806 680 111 33 Kunst
2935 691 66 21 nur
3015 679 54 34 ein
3085 680 219 35 Scheinleben
3323 696 136 38 erzeugt,

2298 745 74 22 war
2392 733 87 34 auch
2499 732 54 34 die
2568 732 169 47 Meinung
2754 731 57 35 der
2825 731 364 43 Kant-Schillerschen,
3210 733 56 35 der
3280 736 180 38 Fichtesch-

2298 786 268 34 Romantischen
2599 783 187 38 Aesthetik.
2839 784 88 35 Aber
2964 785 46 34 sie
3043 785 64 47 gab
3141 799 73 21 nun
3246 787 94 35 nicht
3372 793 88 35 mehr

2298 838 250 48 Täuschungen
2568 839 70 33 und
2664 837 214 48 lügnerische
2904 837 160 41 Gebilde,
3092 839 144 35 sondern
3260 839 53 35 die
3337 842 106 49 eigent-

2298 891 88 35 liche
2401 891 185 35 Wahrheit
2606 891 57 34 der
2683 891 122 47 Dinge,
2827 890 64 34 den
2908 891 236 47 Grundgehalt
3163 892 54 35 des
3238 893 136 36 Lebens.
3403 899 57 34 Die

2299 944 99 34 Welt
2425 943 55 35 des
2502 943 265 36 künstlerischen
2789 943 134 35 Scheins
2944 943 185 42 schwebte,
3155 959 70 21 von
3248 947 213 39 ätherischem

2299 997 117 35 Lichte
2435 997 184 35 umflossen
2638 997 70 35 und
2729 996 211 42 überstrahlt,
2963 997 90 35 hoch
3074 997 72 35 und
3166 999 144 35 erhaben
3330 1000 45 35 als
3395 1004 65 35 eine

2298 1050 162 35 schönere
2484 1050 71 34 und
2583 1050 123 35 bessere
2730 1049 99 35 Welt
2854 1049 82 35 über
2961 1049 56 35 der
3041 1050 57 35 der
3122 1051 257 38 Wirklichkeit.
3415 1058 47 34 Da

2298 1103 163 35 brauchte
2493 1103 58 35 der
2581 1103 228 35 romantische
2839 1101 280 48 Subjektivismus
3151 1118 66 21 nur
3248 1105 92 35 noch
3372 1108 90 36 einen

2299 1157 124 34 Schritt
2442 1169 41 21 zu
2503 1157 98 40 thun,
2622 1157 68 34 und
2711 1156 54 34 die
2780 1156 230 34 Atelierkunst
3029 1156 56 36 des
3104 1158 287 43 Aestheticismus,
3410 1162 50 35 des

2298 1211 89 32 L’art
2411 1222 86 36 pour
2516 1209 85 42 Part,
2628 1209 133 35 welche
2780 1209 72 35 sich
2874 1209 206 49 hochmütig
3104 1223 69 22 von
3194 1211 55 35 der
3267 1213 114 35 Natur
3400 1216 62 33 und

2299 1262 77 34 dem
2385 1261 122 42 Leben,
2523 1276 69 22 von
2607 1262 64 35 den
2683 1261 258 37 Gemeinheiten
2956 1262 57 34 der
3024 1262 249 37 Wirklichkeit
3289 1265 172 45 abschloß,

2299 1314 130 36 konnte
2448 1315 96 35 ihren
2558 1316 236 48 Triumphzug
2813 1315 108 35 durch
2941 1315 57 35 das
3018 1317 211 35 neunzehnte
3247 1318 215 44 Jahrhundert

2299 1376 161 28 antreten.
2505 1368 90 35 Aber
2623 1368 107 35 neben
2761 1369 105 35 dieser
2890 1371 351 47 Kunstvergötterung
3269 1370 87 35 blieb
3382 1375 82 34 auch

2300 1422 120 34 immer
2439 1423 54 33 ein
2513 1423 118 33 weiter
2650 1425 114 31 Raum
2787 1420 56 36 für
2868 1421 54 35 die
2946 1421 212 49 platonische
3177 1424 216 49 Verachtung
3413 1426 51 36 der

2300 1475 196 48 poetischen
2515 1475 214 47 Lügenwelt.
2777 1474 80 35 Und
2883 1475 47 34 sie
2949 1475 155 47 züngelte
3124 1477 120 34 immer
3263 1477 128 35 wieder
3410 1492 53 22 aus

2300 1526 88 35 allen
2424 1527 258 36 Bekenntnissen
2720 1528 55 34 des
2810 1527 254 36 Naturalismus
3102 1529 135 36 hervor:
3274 1529 54 35 die
3360 1534 104 33 Kunst

2301 1581 180 34 verschönt
2512 1582 71 34 und
2620 1581 197 41 verbessert,
2855 1582 47 33 sie
2937 1580 183 36 idealisiert
3156 1583 70 34 und
3264 1581 120 37 frisiert
3416 1585 48 35 die

2300 1633 124 48 Dinge,
2516 1632 70 37 fort
2605 1634 63 35 mit
2692 1634 57 35 der
2768 1634 192 40 Phantasie,
2986 1634 53 35 die
3059 1635 147 35 entstellt
3224 1635 71 35 und
3322 1647 141 27 verzerrt.

2300 1688 80 33 Nur
2406 1687 54 34 die
2489 1686 249 36 Wirklichkeit
2766 1686 89 49 birgt
2883 1688 54 34 die
2961 1688 194 35 Wahrheit.
3203 1691 71 33 Uns
3303 1691 161 46 geziemen

2300 1739 95 34 nicht
2420 1739 115 48 länger
2561 1740 54 35 die
2637 1740 108 35 leeren
2765 1740 107 49 Spiele
2900 1741 69 34 und
2998 1740 52 36 die
3076 1741 235 49 lügnerischen
3331 1743 133 35 Gebilde

2300 1792 56 35 der
2375 1792 327 49 Einbildungskraft.

2379 1848 68 32 Das
2476 1859 214 22 verworrene
2718 1847 69 34 und
2818 1846 128 35 dunkle
2980 1846 186 48 Labyrinth
3199 1849 57 34 der
3288 1849 177 35 modernen

2299 1898 177 35 Aesthetik
2489 1900 42 33 ist
2540 1899 115 35 erbaut
2664 1913 60 21 um
2733 1900 97 35 einen
2838 1899 236 50 Innenpfeiler,
3083 1900 56 35 der
3147 1900 63 36 alle
3219 1915 116 21 unsere
3344 1905 100 32 Kunst-

2299 1952 265 48 anschauungen
2587 1956 88 45 trägt
2699 1952 70 35 und
2794 1952 54 35 die
2874 1953 219 35 Schillersche
3115 1955 252 48 Anschauung,
3396 1956 67 34 daß

2298 2004 55 35 die
2378 2004 99 35 Welt
2509 2005 57 34 der
2594 2008 111 33 Kunst
2737 2007 72 34 eine
2838 2006 205 35 Scheinwelt
3075 2008 64 40 sei,
3174 2008 88 35 steht
3291 2008 46 34 als
3367 2008 97 36 dieser

2297 2057 236 50 Innenpfeiler,
2554 2058 46 35 als
2620 2060 92 33 noch
2732 2060 280 35 unerschüttertes
3029 2062 138 45 Dogma
3188 2061 54 36 da.
3271 2060 100 35 Mehr
3391 2062 74 35 oder

2298 2112 153 47 weniger
2474 2110 154 37 deutlich
2652 2112 110 35 bricht
2785 2113 47 34 sie
2857 2114 121 33 immer
2998 2113 128 34 wieder
3147 2126 59 22 aus
3233 2114 88 35 allen
3341 2117 103 32 Kunst-

2298 2164 153 35 theorien
2471 2165 134 35 hervor.
2639 2166 52 33 Sie
2710 2166 42 34 ist
2772 2165 58 35 der
2848 2165 113 48 große
2976 2165 72 35 und
3064 2166 258 36 entscheidende
3336 2170 127 38 Irrtum,

2297 2231 69 22 von
2386 2217 77 35 dem
2488 2218 63 35 alle
2574 2218 143 35 anderen
2742 2217 255 37 irreführenden
3016 2221 112 46 Wege
3155 2218 187 37 auslaufen.
3380 2221 84 34 Aber

2298 2270 53 35 die
2373 2273 111 32 Kunst
2510 2280 134 39 erzeugt
2669 2270 196 37 wirkliches
2886 2271 126 43 Leben,
3040 2273 96 34 nicht
3161 2274 54 33 ein
3240 2272 222 37 Scheinleben.

2297 2325 74 34 Ihre
2390 2324 98 35 Welt
2511 2324 42 35 ist
2580 2324 53 35 die
2656 2324 351 37 Wirklichkeitswelt
3031 2325 122 41 selber,
3179 2326 53 35 die
3257 2340 64 21 uns
3342 2326 122 35 überall

2298 2377 162 48 umgiebt.
2495 2380 113 32 Kunst
2627 2377 70 36 und
2716 2380 114 33 Natur
2849 2379 74 34 sind
2943 2379 89 34 Eins.
3071 2381 78 33 Nur
3168 2380 73 34 eine
3261 2379 97 36 Welt
3377 2379 87 49 giebt

2298 2443 31 21 es
2349 2431 71 34 und
2441 2431 72 34 eine
2533 2430 258 36 Wirklichkeit.

2377 2486 62 31 Für
2459 2483 53 35 die
2532 2497 84 34 ganz
2635 2485 98 34 naive
2747 2484 71 35 und
2838 2484 219 35 allernächste
3073 2483 213 50 Auffassung
3306 2486 158 34 erscheint

2298 2550 31 21 es
2354 2540 32 43 ja
2413 2536 340 41 selbstverständlich,
2780 2537 73 35 daß
2880 2538 54 34 die
2959 2541 114 32 Kunst
3096 2551 65 22 nur
3184 2538 280 49 Scheingestalten

2297 2598 142 40 erzeugt.
2469 2592 67 32 Der
2550 2590 221 35 Unterschied
2791 2592 171 35 zwischen
2982 2592 111 33 einem
3108 2591 161 35 lebenden
3284 2591 180 36 Menschen

2298 2643 71 35 und
2399 2643 89 35 einer
2518 2642 110 36 diesen
2657 2644 186 35 Menschen
2876 2643 242 36 darstellenden
3147 2645 166 34 Bildsäule
3341 2645 123 48 springt

2298 2695 216 36 unmittelbar
2546 2697 36 34 in
2615 2697 54 34 die
2700 2699 133 45 Augen.
2885 2700 85 32 Man
3007 2697 93 36 kann
3138 2698 54 34 die
3227 2698 133 35 Helden
3396 2697 67 35 und

2297 2748 194 36 Heldinnen
2510 2750 86 34 eines
2616 2752 187 39 Romanes,
2823 2751 88 34 eines
2932 2753 141 32 Dramas
3098 2751 91 34 doch
3214 2751 247 40 nimmermehr,

2297 2803 69 34 wie
2385 2801 53 35 die
2459 2802 56 34 der
2534 2802 264 42 Wirklichkeit,
2819 2804 62 34 mit
2900 2805 147 34 Händen
3067 2802 131 50 greifen
3217 2805 71 34 und
3308 2803 154 42 betasten,

2297 2853 136 44 fühlen,
2459 2855 213 35 schmecken.
2711 2857 257 35 Nimmermehr
2992 2857 75 35 sind
3091 2858 46 34 sie
3163 2871 69 21 von
3252 2857 126 35 Fleisch
3396 2857 68 35 und

2296 2907 89 36 Blut.
2424 2911 85 32 Man
2528 2909 88 35 wird
2636 2909 96 35 nicht
2751 2918 65 26 satt
2836 2923 68 22 von
2923 2912 91 33 einer
3033 2910 245 48 geschilderten
3293 2910 169 40 Mahlzeit,

2296 2962 69 34 wie
2377 2961 57 35 der
2450 2961 271 42 Clauren-Leser,
2742 2975 70 23 von
2823 2963 76 35 dem
2909 2963 172 35 Wilhelm
3092 2962 116 36 Hauff
3216 2964 133 35 erzählt.
3379 2963 84 35 Aber

2295 3014 59 34 der
2370 3014 226 36 Wallenstein
2610 3015 153 35 Schillers
2779 3017 87 33 steht
2882 3016 157 36 dennoch
3053 3017 128 35 wieder
3194 3031 37 21 so
3248 3016 160 41 deutlich,
3427 3029 35 21 so

2295 3066 75 36 klar
2389 3068 71 34 und
2479 3067 186 36 lebensvoll
2685 3069 49 34 im
2754 3069 112 35 Geiste
2886 3083 62 21 vor
2968 3083 80 27 uns,
3076 3071 69 35 wie
3165 3070 56 35 der
3241 3069 221 36 Wallenstein

2296 3120 56 35 der
2372 3121 210 35 Geschichte.
2617 3121 62 35 Die
2695 3120 386 50 Wirklichkeitsgestalt
3101 3125 87 33 eines
3208 3123 197 35 Barbarossa
3424 3123 37 34 ist

2295 3172 57 36 für
2363 3187 61 22 uns
2434 3173 208 49 keineswegs
2657 3174 183 36 sinnlicher
2851 3175 70 35 und
2936 3175 192 42 sichtbarer,
3145 3177 46 34 als
3203 3177 54 35 die
3273 3176 169 35 Phantasie-

2295 3227 122 47 gestalt
2436 3228 88 34 eines
2544 3227 137 35 Hamlet
2700 3228 81 34 oder
2799 3229 119 48 König
2932 3232 92 32 Lear.
3054 3233 67 31 Das
3139 3230 212 35 Goethesche
3368 3232 76 32 Gret-

2295 3280 85 35 chen
2405 3280 157 48 begleitet
2587 3294 62 21 uns
2674 3280 66 35 auf
2758 3294 142 22 unseren
2920 3285 138 46 Wegen
3082 3282 173 36 vielleicht
3281 3281 180 37 dauernder

2296 3333 68 34 und
2384 3333 66 35 wir
2476 3342 117 39 tragen
2612 3335 69 33 sein
2700 3333 75 35 Bild
2794 3334 115 48 länger
2935 3336 37 33 in
2994 3349 63 21 uns
3084 3337 71 33 und
3175 3337 37 33 in
3230 3336 146 36 helleren
3394 3333 65 37 und

2295 3385 188 36 schärferen
2508 3387 189 41 Umrissen,
2725 3387 46 35 als
2796 3388 58 34 das
2880 3388 57 35 der
2956 3388 186 36 Ueberzahl
3166 3389 56 35 der
3241 3392 126 32 Frauen
3394 3387 66 35 und

2295 3438 182 42 Mädchen,
2498 3440 53 34 die
2570 3453 116 21 unsere
2701 3441 140 47 eigenen
2857 3441 229 49 Lebenspfade
3101 3442 159 48 gekreuzt
3278 3443 119 34 haben.
3426 3443 34 32 In

2295 3492 56 35 der
2377 3492 153 35 Klarheit
2556 3494 71 33 und
2653 3492 262 50 Sinnfälligkeit
2939 3495 57 35 der
3020 3495 211 42 Eindrücke,
3260 3495 131 37 welche
3417 3495 42 33 sie

2296 3544 63 36 auf
2373 3559 62 21 uns
2450 3546 160 41 ausüben,
2631 3547 41 33 ist
2687 3547 96 34 nicht
2799 3547 56 35 der
2870 3549 167 47 geringste
3051 3549 224 35 Unterschied
3296 3547 164 37 zwischen

2294 3598 65 35 den
2384 3600 171 34 Gestalten
2585 3600 55 34 des
2669 3600 125 35 Lebens
2823 3601 71 35 und
2923 3601 57 35 der
3008 3605 121 33 Kunst.
3175 3605 78 42 Jene
3281 3603 67 35 wie
3377 3600 82 35 diese

2295 3660 115 40 tragen
2438 3653 65 34 wir
2523 3666 83 34 ganz
2629 3653 101 35 allein
2749 3654 36 34 in
2805 3667 152 22 unserem
2976 3657 133 33 Innern.
3147 3656 82 34 Wir
3247 3657 144 33 nehmen
3410 3652 49 35 die
