<?xml version="1.0" encoding="UTF-8"?>
<alto xmlns:xsi="http://www.w3.org/2001/XMLSchema-instance" xmlns="http://www.loc.gov/standards/alto/ns-v2#" xsi:schemaLocation="http://www.loc.gov/standards/alto/ns-v2# http://www.loc.gov/standards/alto/v2/alto-2-0.xsd" xmlns:xlink="http://www.w3.org/1999/xlink">
	<Description>
		<MeasurementUnit>mm10</MeasurementUnit>
		<sourceImageInformation>
			<fileName>//lib-docworks1/IN/PUL-BlueMountain-RQA/periodicals/bmtnabe/issues/1897/05_01/00000088.jp2</fileName>
		</sourceImageInformation>
		<OCRProcessing ID="OCRPROCESSING_1">
			<preProcessingStep>
				<processingSoftware>
					<softwareCreator>CCS Content Conversion Specialists GmbH, Germany</softwareCreator>
					<softwareName>CCS docWorks</softwareName>
					<softwareVersion>6.8-1.24</softwareVersion>
				</processingSoftware>
			</preProcessingStep>
			<ocrProcessingStep>
				<processingSoftware>
					<softwareCreator>ABBYY (BIT Software), Russia</softwareCreator>
					<softwareName>FineReader</softwareName>
					<softwareVersion>11.0</softwareVersion>
				</processingSoftware>
			</ocrProcessingStep>
			<postProcessingStep>
				<processingSoftware>
					<softwareCreator>CCS Content Conversion Specialists GmbH, Germany</softwareCreator>
					<softwareName>CCS docWorks</softwareName>
					<softwareVersion>6.8-1.24</softwareVersion>
					<applicationDescription>docWorks: Text modified manually, or automatically replaced</applicationDescription>
				</processingSoftware>
			</postProcessingStep>
		</OCRProcessing>
	</Description>
	<Styles>
		<TextStyle ID="TXT_0" FONTSIZE="43" FONTFAMILY="Courier New"/>
		<TextStyle ID="TXT_1" FONTSIZE="13" FONTFAMILY="Times New Roman"/>
		<TextStyle ID="TXT_2" FONTSIZE="11" FONTFAMILY="Arial"/>
		<TextStyle ID="TXT_3" FONTSIZE="26" FONTFAMILY="Times New Roman"/>
		<ParagraphStyle ID="PAR_RIGHT" ALIGN="Right"/>
		<ParagraphStyle ID="PAR_LEFT" ALIGN="Left"/>
		<ParagraphStyle ID="PAR_BLOCK" ALIGN="Block"/>
	</Styles>
	<Layout>
		<Page ID="P88" PHYSICAL_IMG_NR="88" HEIGHT="4572" WIDTH="3663" PRINTED_IMG_NR="64" PC="0.957">
			<TopMargin ID="P88_TM00001" HPOS="0" VPOS="0" WIDTH="3663" HEIGHT="559"/>
			<LeftMargin ID="P88_LM00001" HPOS="0" VPOS="559" WIDTH="1036" HEIGHT="3330"/>
			<RightMargin ID="P88_RM00001" HPOS="3468" VPOS="559" WIDTH="195" HEIGHT="3330"/>
			<BottomMargin ID="P88_BM00001" HPOS="0" VPOS="3889" WIDTH="3663" HEIGHT="683">
				<TextBlock ID="P88_TB00001" HPOS="2152" VPOS="3891" WIDTH="187" HEIGHT="44" STYLEREFS="TXT_0 PAR_RIGHT">
					<TextLine ID="P88_TL00001" HPOS="2152" VPOS="3891" WIDTH="187" HEIGHT="44">
						<String ID="P88_ST00001" HPOS="2152" VPOS="3891" WIDTH="187" HEIGHT="44" CONTENT="64" WC="1.00" CC="00"/>
					</TextLine>
				</TextBlock>
			</BottomMargin>
			<PrintSpace ID="P88_PS00001" HPOS="1036" VPOS="559" WIDTH="2432" HEIGHT="3330">
				<TextBlock ID="P88_TB00002" HPOS="1036" VPOS="559" WIDTH="1165" HEIGHT="680" STYLEREFS="TXT_1 PAR_LEFT">
					<TextLine ID="P88_TL00002" HPOS="1040" VPOS="561" WIDTH="1159" HEIGHT="49">
						<String ID="P88_ST00002" HPOS="1040" VPOS="561" WIDTH="231" HEIGHT="49" CONTENT="Beziehungen" WC="0.99" CC="43044720000"/>
						<SP ID="P88_SP00001" HPOS="1271" VPOS="610" WIDTH="27"/>
						<String ID="P88_ST00003" HPOS="1298" VPOS="563" WIDTH="165" HEIGHT="34" CONTENT="zwischen" WC="0.99" CC="00430750"/>
						<SP ID="P88_SP00002" HPOS="1463" VPOS="610" WIDTH="22"/>
						<String ID="P88_ST00004" HPOS="1485" VPOS="564" WIDTH="119" HEIGHT="34" CONTENT="Lehrer" WC="0.99" CC="007033"/>
						<SP ID="P88_SP00003" HPOS="1604" VPOS="610" WIDTH="19"/>
						<String ID="P88_ST00005" HPOS="1623" VPOS="563" WIDTH="69" HEIGHT="34" CONTENT="und" WC="0.97" CC="600"/>
						<SP ID="P88_SP00004" HPOS="1692" VPOS="610" WIDTH="20"/>
						<String ID="P88_ST00006" HPOS="1712" VPOS="562" WIDTH="137" HEIGHT="34" CONTENT="Schüler" WC="0.99" CC="0070322"/>
						<SP ID="P88_SP00005" HPOS="1849" VPOS="610" WIDTH="19"/>
						<String ID="P88_ST00007" HPOS="1868" VPOS="561" WIDTH="70" HEIGHT="34" CONTENT="und" WC="0.95" CC="760"/>
						<SP ID="P88_SP00006" HPOS="1938" VPOS="610" WIDTH="19"/>
						<String ID="P88_ST00008" HPOS="1957" VPOS="574" WIDTH="63" HEIGHT="21" CONTENT="nur" WC="0.96" CC="036"/>
						<SP ID="P88_SP00007" HPOS="2020" VPOS="610" WIDTH="19"/>
						<String ID="P88_ST00009" HPOS="2039" VPOS="561" WIDTH="160" HEIGHT="49" CONTENT="flüchtige" WC="0.99" CC="330170500"/>
					</TextLine>
					<TextLine ID="P88_TL00003" HPOS="1040" VPOS="613" WIDTH="1161" HEIGHT="49">
						<String ID="P88_ST00010" HPOS="1040" VPOS="615" WIDTH="124" HEIGHT="33" CONTENT="Worte" WC="0.98" CC="41402"/>
						<SP ID="P88_SP00008" HPOS="1164" VPOS="648" WIDTH="45"/>
						<String ID="P88_ST00011" HPOS="1209" VPOS="615" WIDTH="222" HEIGHT="47" CONTENT="gelegentlich" WC="0.99" CC="003353502306"/>
						<SP ID="P88_SP00009" HPOS="1431" VPOS="662" WIDTH="46"/>
						<String ID="P88_ST00012" HPOS="1477" VPOS="617" WIDTH="89" HEIGHT="32" CONTENT="einer" WC="1.00" CC="00003"/>
						<SP ID="P88_SP00010" HPOS="1566" VPOS="662" WIDTH="45"/>
						<String ID="P88_ST00013" HPOS="1611" VPOS="614" WIDTH="201" HEIGHT="40" CONTENT="Korrektur," WC="0.99" CC="1065000660"/>
						<SP ID="P88_SP00011" HPOS="1812" VPOS="662" WIDTH="44"/>
						<String ID="P88_ST00014" HPOS="1856" VPOS="613" WIDTH="145" HEIGHT="34" CONTENT="sondern" WC="0.99" CC="3012342"/>
						<SP ID="P88_SP00012" HPOS="2001" VPOS="662" WIDTH="40"/>
						<String ID="P88_ST00015" HPOS="2041" VPOS="614" WIDTH="160" HEIGHT="48" CONTENT="häufigen" WC="0.99" CC="70477010"/>
					</TextLine>
					<TextLine ID="P88_TL00004" HPOS="1042" VPOS="665" WIDTH="941" HEIGHT="50">
						<String ID="P88_ST00016" HPOS="1042" VPOS="666" WIDTH="365" HEIGHT="36" CONTENT="Gedankenaustausch" WC="1.00" CC="40000040023006067"/>
						<SP ID="P88_SP00013" HPOS="1407" VPOS="702" WIDTH="21"/>
						<String ID="P88_ST00017" HPOS="1428" VPOS="668" WIDTH="67" HEIGHT="34" CONTENT="und" WC="0.99" CC="030"/>
						<SP ID="P88_SP00014" HPOS="1495" VPOS="702" WIDTH="20"/>
						<String ID="P88_ST00018" HPOS="1515" VPOS="681" WIDTH="81" HEIGHT="34" CONTENT="enge" WC="0.98" CC="3013"/>
						<SP ID="P88_SP00015" HPOS="1596" VPOS="715" WIDTH="20"/>
						<String ID="P88_ST00019" HPOS="1616" VPOS="665" WIDTH="367" HEIGHT="48" CONTENT="Seelengemeinschaft." WC="1.00" CC="0500200205440170043"/>
					</TextLine>
					<TextLine ID="P88_TL00005" HPOS="1122" VPOS="719" WIDTH="1077" HEIGHT="48">
						<String ID="P88_ST00020" HPOS="1122" VPOS="720" WIDTH="63" HEIGHT="33" CONTENT="Die" WC="0.95" CC="660"/>
						<SP ID="P88_SP00016" HPOS="1185" VPOS="753" WIDTH="26"/>
						<String ID="P88_ST00021" HPOS="1211" VPOS="720" WIDTH="170" HEIGHT="34" CONTENT="Resultate" WC="0.99" CC="433605000"/>
						<SP ID="P88_SP00017" HPOS="1381" VPOS="754" WIDTH="30"/>
						<String ID="P88_ST00022" HPOS="1411" VPOS="720" WIDTH="102" HEIGHT="34" CONTENT="dieses" WC="0.98" CC="051351"/>
						<SP ID="P88_SP00018" HPOS="1513" VPOS="754" WIDTH="29"/>
						<String ID="P88_ST00023" HPOS="1542" VPOS="721" WIDTH="103" HEIGHT="32" CONTENT="seines" WC="0.98" CC="525300"/>
						<SP ID="P88_SP00019" HPOS="1645" VPOS="754" WIDTH="34"/>
						<String ID="P88_ST00024" HPOS="1679" VPOS="719" WIDTH="249" HEIGHT="44" CONTENT="segensreichen" WC="0.99" CC="2062530323730"/>
						<SP ID="P88_SP00020" HPOS="1928" VPOS="763" WIDTH="27"/>
						<String ID="P88_ST00025" HPOS="1955" VPOS="719" WIDTH="244" HEIGHT="48" CONTENT="Apostelamtes" WC="1.00" CC="000300300151"/>
					</TextLine>
					<TextLine ID="P88_TL00006" HPOS="1039" VPOS="770" WIDTH="1160" HEIGHT="50">
						<String ID="P88_ST00026" HPOS="1039" VPOS="771" WIDTH="114" HEIGHT="48" CONTENT="zeigen" WC="0.99" CC="006100"/>
						<SP ID="P88_SP00021" HPOS="1153" VPOS="819" WIDTH="20"/>
						<String ID="P88_ST00027" HPOS="1173" VPOS="772" WIDTH="70" HEIGHT="34" CONTENT="sich" WC="0.98" CC="0216"/>
						<SP ID="P88_SP00022" HPOS="1243" VPOS="819" WIDTH="26"/>
						<String ID="P88_ST00028" HPOS="1269" VPOS="773" WIDTH="63" HEIGHT="33" CONTENT="mit" WC="0.99" CC="020"/>
						<SP ID="P88_SP00023" HPOS="1332" VPOS="819" WIDTH="18"/>
						<String ID="P88_ST00029" HPOS="1350" VPOS="773" WIDTH="94" HEIGHT="34" CONTENT="nicht" WC="0.99" CC="03070"/>
						<SP ID="P88_SP00024" HPOS="1444" VPOS="819" WIDTH="24"/>
						<String ID="P88_ST00030" HPOS="1468" VPOS="772" WIDTH="163" HEIGHT="34" CONTENT="minderer" WC="1.00" CC="03002400"/>
						<SP ID="P88_SP00025" HPOS="1631" VPOS="819" WIDTH="18"/>
						<String ID="P88_ST00031" HPOS="1649" VPOS="770" WIDTH="153" HEIGHT="35" CONTENT="Klarheit" WC="0.98" CC="50756230"/>
						<SP ID="P88_SP00026" HPOS="1802" VPOS="819" WIDTH="25"/>
						<String ID="P88_ST00032" HPOS="1827" VPOS="771" WIDTH="36" HEIGHT="34" CONTENT="in" WC="1.00" CC="00"/>
						<SP ID="P88_SP00027" HPOS="1863" VPOS="819" WIDTH="25"/>
						<String ID="P88_ST00033" HPOS="1888" VPOS="770" WIDTH="56" HEIGHT="35" CONTENT="der" WC="0.99" CC="002"/>
						<SP ID="P88_SP00028" HPOS="1944" VPOS="819" WIDTH="24"/>
						<String ID="P88_ST00034" HPOS="1968" VPOS="771" WIDTH="231" HEIGHT="49" CONTENT="Ausstellung," WC="0.99" CC="062001335004"/>
					</TextLine>
					<TextLine ID="P88_TL00007" HPOS="1038" VPOS="822" WIDTH="1159" HEIGHT="37">
						<String ID="P88_ST00035" HPOS="1038" VPOS="824" WIDTH="36" HEIGHT="32" CONTENT="in" WC="0.68" CC="60"/>
						<SP ID="P88_SP00029" HPOS="1074" VPOS="856" WIDTH="20"/>
						<String ID="P88_ST00036" HPOS="1094" VPOS="824" WIDTH="147" HEIGHT="34" CONTENT="welcher" WC="0.99" CC="0140607"/>
						<SP ID="P88_SP00030" HPOS="1241" VPOS="858" WIDTH="20"/>
						<String ID="P88_ST00037" HPOS="1261" VPOS="824" WIDTH="129" HEIGHT="35" CONTENT="L’ecole" WC="0.75" CC="0804021"/>
						<SP ID="P88_SP00031" HPOS="1390" VPOS="859" WIDTH="20"/>
						<String ID="P88_ST00038" HPOS="1410" VPOS="824" WIDTH="53" HEIGHT="35" CONTENT="des" WC="0.98" CC="050"/>
						<SP ID="P88_SP00032" HPOS="1463" VPOS="859" WIDTH="21"/>
						<String ID="P88_ST00039" HPOS="1484" VPOS="824" WIDTH="106" HEIGHT="34" CONTENT="beaux" WC="0.65" CC="64070"/>
						<SP ID="P88_SP00033" HPOS="1590" VPOS="859" WIDTH="19"/>
						<String ID="P88_ST00040" HPOS="1609" VPOS="832" WIDTH="64" HEIGHT="25" CONTENT="arts" WC="0.95" CC="0001"/>
						<SP ID="P88_SP00034" HPOS="1673" VPOS="859" WIDTH="17"/>
						<String ID="P88_ST00041" HPOS="1690" VPOS="822" WIDTH="264" HEIGHT="35" CONTENT="allsommerlich" WC="1.00" CC="0003000060147"/>
						<SP ID="P88_SP00035" HPOS="1954" VPOS="859" WIDTH="19"/>
						<String ID="P88_ST00042" HPOS="1973" VPOS="824" WIDTH="54" HEIGHT="34" CONTENT="die" WC="0.98" CC="040"/>
						<SP ID="P88_SP00036" HPOS="2027" VPOS="859" WIDTH="14"/>
						<String ID="P88_ST00043" HPOS="2041" VPOS="824" WIDTH="156" HEIGHT="35" CONTENT="Arbeiten" WC="0.98" CC="07704047"/>
					</TextLine>
					<TextLine ID="P88_TL00008" HPOS="1039" VPOS="876" WIDTH="1161" HEIGHT="47">
						<String ID="P88_ST00044" HPOS="1039" VPOS="876" WIDTH="57" HEIGHT="33" CONTENT="der" WC="0.98" CC="006"/>
						<SP ID="P88_SP00037" HPOS="1096" VPOS="909" WIDTH="19"/>
						<String ID="P88_ST00045" HPOS="1115" VPOS="876" WIDTH="113" HEIGHT="35" CONTENT="besten" WC="1.00" CC="010010"/>
						<SP ID="P88_SP00038" HPOS="1228" VPOS="911" WIDTH="21"/>
						<String ID="P88_ST00046" HPOS="1249" VPOS="877" WIDTH="135" HEIGHT="34" CONTENT="Schüler" WC="0.99" CC="0070055"/>
						<SP ID="P88_SP00039" HPOS="1384" VPOS="911" WIDTH="17"/>
						<String ID="P88_ST00047" HPOS="1401" VPOS="876" WIDTH="87" HEIGHT="47" CONTENT="jedes" WC="0.99" CC="21040"/>
						<SP ID="P88_SP00040" HPOS="1488" VPOS="923" WIDTH="15"/>
						<String ID="P88_ST00048" HPOS="1503" VPOS="876" WIDTH="137" HEIGHT="35" CONTENT="Ateliers" WC="0.99" CC="00234372"/>
						<SP ID="P88_SP00041" HPOS="1640" VPOS="923" WIDTH="21"/>
						<String ID="P88_ST00049" HPOS="1661" VPOS="876" WIDTH="293" HEIGHT="35" CONTENT="zusammenstellt." WC="1.00" CC="060600100041044"/>
						<SP ID="P88_SP00042" HPOS="1954" VPOS="923" WIDTH="34"/>
						<String ID="P88_ST00050" HPOS="1988" VPOS="877" WIDTH="84" HEIGHT="34" CONTENT="Hier" WC="0.97" CC="6025"/>
						<SP ID="P88_SP00043" HPOS="2072" VPOS="923" WIDTH="15"/>
						<String ID="P88_ST00051" HPOS="2087" VPOS="887" WIDTH="95" HEIGHT="26" CONTENT="unter" SUBS_TYPE="HypPart1" SUBS_CONTENT="unterwerfen" WC="0.99" CC="50006"/>
						<HYP HPOS="2182" VPOS="887" WIDTH="18" CONTENT="-"/>
					</TextLine>
					<TextLine ID="P88_TL00009" HPOS="1039" VPOS="927" WIDTH="1160" HEIGHT="43">
						<String ID="P88_ST00052" HPOS="1039" VPOS="927" WIDTH="129" HEIGHT="35" CONTENT="werfen" SUBS_TYPE="HypPart2" SUBS_CONTENT="unterwerfen" WC="1.00" CC="000020"/>
						<SP ID="P88_SP00044" HPOS="1168" VPOS="962" WIDTH="29"/>
						<String ID="P88_ST00053" HPOS="1197" VPOS="929" WIDTH="71" HEIGHT="34" CONTENT="sich" WC="0.98" CC="1207"/>
						<SP ID="P88_SP00045" HPOS="1268" VPOS="963" WIDTH="29"/>
						<String ID="P88_ST00054" HPOS="1297" VPOS="930" WIDTH="86" HEIGHT="33" CONTENT="auch" WC="0.97" CC="0507"/>
						<SP ID="P88_SP00046" HPOS="1383" VPOS="963" WIDTH="33"/>
						<String ID="P88_ST00055" HPOS="1416" VPOS="929" WIDTH="53" HEIGHT="34" CONTENT="die" WC="0.97" CC="043"/>
						<SP ID="P88_SP00047" HPOS="1469" VPOS="963" WIDTH="28"/>
						<String ID="P88_ST00056" HPOS="1497" VPOS="929" WIDTH="120" HEIGHT="34" CONTENT="Lehrer" WC="0.99" CC="057300"/>
						<SP ID="P88_SP00048" HPOS="1617" VPOS="963" WIDTH="29"/>
						<String ID="P88_ST00057" HPOS="1646" VPOS="927" WIDTH="56" HEIGHT="35" CONTENT="der" WC="0.97" CC="015"/>
						<SP ID="P88_SP00049" HPOS="1702" VPOS="963" WIDTH="27"/>
						<String ID="P88_ST00058" HPOS="1729" VPOS="928" WIDTH="129" HEIGHT="42" CONTENT="Kritik," WC="1.00" CC="0500100"/>
						<SP ID="P88_SP00050" HPOS="1858" VPOS="970" WIDTH="35"/>
						<String ID="P88_ST00059" HPOS="1893" VPOS="942" WIDTH="78" HEIGHT="21" CONTENT="man" WC="1.00" CC="000"/>
						<SP ID="P88_SP00051" HPOS="1971" VPOS="970" WIDTH="33"/>
						<String ID="P88_ST00060" HPOS="2004" VPOS="929" WIDTH="92" HEIGHT="35" CONTENT="kann" WC="1.00" CC="0000"/>
						<SP ID="P88_SP00052" HPOS="2096" VPOS="970" WIDTH="33"/>
						<String ID="P88_ST00061" HPOS="2129" VPOS="932" WIDTH="70" HEIGHT="34" CONTENT="ihre" WC="0.97" CC="3700"/>
					</TextLine>
					<TextLine ID="P88_TL00010" HPOS="1039" VPOS="981" WIDTH="1159" HEIGHT="49">
						<String ID="P88_ST00062" HPOS="1039" VPOS="981" WIDTH="205" HEIGHT="40" CONTENT="Methoden," WC="0.99" CC="450720000"/>
						<SP ID="P88_SP00053" HPOS="1244" VPOS="1021" WIDTH="29"/>
						<String ID="P88_ST00063" HPOS="1273" VPOS="982" WIDTH="70" HEIGHT="33" CONTENT="ihre" WC="0.96" CC="4762"/>
						<SP ID="P88_SP00054" HPOS="1343" VPOS="1021" WIDTH="20"/>
						<String ID="P88_ST00064" HPOS="1363" VPOS="981" WIDTH="253" HEIGHT="35" CONTENT="verschiedenen" WC="0.99" CC="0056073400220"/>
						<SP ID="P88_SP00055" HPOS="1616" VPOS="1021" WIDTH="20"/>
						<String ID="P88_ST00065" HPOS="1636" VPOS="981" WIDTH="269" HEIGHT="48" CONTENT="Lehrprinzipien" WC="1.00" CC="00720542030400"/>
						<SP ID="P88_SP00056" HPOS="1905" VPOS="1029" WIDTH="28"/>
						<String ID="P88_ST00066" HPOS="1933" VPOS="981" WIDTH="177" HEIGHT="49" CONTENT="verfolgen" WC="0.99" CC="006702520"/>
						<SP ID="P88_SP00057" HPOS="2110" VPOS="1030" WIDTH="18"/>
						<String ID="P88_ST00067" HPOS="2128" VPOS="984" WIDTH="70" HEIGHT="35" CONTENT="und" WC="0.98" CC="600"/>
					</TextLine>
					<TextLine ID="P88_TL00011" HPOS="1039" VPOS="1032" WIDTH="1160" HEIGHT="48">
						<String ID="P88_ST00068" HPOS="1039" VPOS="1032" WIDTH="52" HEIGHT="34" CONTENT="die" WC="0.97" CC="060"/>
						<SP ID="P88_SP00058" HPOS="1091" VPOS="1066" WIDTH="19"/>
						<String ID="P88_ST00069" HPOS="1110" VPOS="1033" WIDTH="177" HEIGHT="47" CONTENT="Wirkung" WC="0.99" CC="0030255"/>
						<SP ID="P88_SP00059" HPOS="1287" VPOS="1080" WIDTH="25"/>
						<String ID="P88_ST00070" HPOS="1312" VPOS="1035" WIDTH="85" HEIGHT="33" CONTENT="ihres" WC="0.97" CC="36541"/>
						<SP ID="P88_SP00060" HPOS="1397" VPOS="1080" WIDTH="28"/>
						<String ID="P88_ST00071" HPOS="1425" VPOS="1033" WIDTH="191" HEIGHT="41" CONTENT="Einflusses," WC="0.99" CC="52022514104"/>
						<SP ID="P88_SP00061" HPOS="1616" VPOS="1080" WIDTH="31"/>
						<String ID="P88_ST00072" HPOS="1647" VPOS="1033" WIDTH="56" HEIGHT="35" CONTENT="das" WC="0.97" CC="502"/>
						<SP ID="P88_SP00062" HPOS="1703" VPOS="1080" WIDTH="25"/>
						<String ID="P88_ST00073" HPOS="1728" VPOS="1033" WIDTH="270" HEIGHT="36" CONTENT="Zurückbleiben" WC="1.00" CC="1010006413600"/>
						<SP ID="P88_SP00063" HPOS="1998" VPOS="1080" WIDTH="29"/>
						<String ID="P88_ST00074" HPOS="2027" VPOS="1035" WIDTH="80" HEIGHT="35" CONTENT="oder" WC="0.99" CC="0023"/>
						<SP ID="P88_SP00064" HPOS="2107" VPOS="1080" WIDTH="29"/>
						<String ID="P88_ST00075" HPOS="2136" VPOS="1036" WIDTH="63" HEIGHT="35" CONTENT="den" WC="0.98" CC="040"/>
					</TextLine>
					<TextLine ID="P88_TL00012" HPOS="1037" VPOS="1085" WIDTH="1162" HEIGHT="52">
						<String ID="P88_ST00076" HPOS="1037" VPOS="1087" WIDTH="195" HEIGHT="33" CONTENT="Fortschritt" WC="0.99" CC="31505075000"/>
						<SP ID="P88_SP00065" HPOS="1232" VPOS="1120" WIDTH="21"/>
						<String ID="P88_ST00077" HPOS="1253" VPOS="1086" WIDTH="55" HEIGHT="34" CONTENT="der" WC="0.97" CC="035"/>
						<SP ID="P88_SP00066" HPOS="1308" VPOS="1120" WIDTH="14"/>
						<String ID="P88_ST00078" HPOS="1322" VPOS="1085" WIDTH="178" HEIGHT="35" CONTENT="Einzelnen" WC="0.99" CC="345302040"/>
						<SP ID="P88_SP00067" HPOS="1500" VPOS="1120" WIDTH="19"/>
						<String ID="P88_ST00079" HPOS="1519" VPOS="1085" WIDTH="190" HEIGHT="47" CONTENT="würdigen." WC="0.99" CC="004067624"/>
						<SP ID="P88_SP00068" HPOS="1709" VPOS="1132" WIDTH="38"/>
						<String ID="P88_ST00080" HPOS="1747" VPOS="1086" WIDTH="81" HEIGHT="34" CONTENT="Eine" WC="0.97" CC="4430"/>
						<SP ID="P88_SP00069" HPOS="1828" VPOS="1132" WIDTH="19"/>
						<String ID="P88_ST00081" HPOS="1847" VPOS="1087" WIDTH="114" HEIGHT="34" CONTENT="solche" WC="0.98" CC="001475"/>
						<SP ID="P88_SP00070" HPOS="1961" VPOS="1132" WIDTH="19"/>
						<String ID="P88_ST00082" HPOS="1980" VPOS="1089" WIDTH="219" HEIGHT="48" CONTENT="Ausstellung" WC="0.99" CC="07140020659"/>
					</TextLine>
					<TextLine ID="P88_TL00013" HPOS="1038" VPOS="1137" WIDTH="1160" HEIGHT="51">
						<String ID="P88_ST00083" HPOS="1038" VPOS="1137" WIDTH="100" HEIGHT="34" CONTENT="bietet" WC="0.98" CC="664030"/>
						<SP ID="P88_SP00071" HPOS="1138" VPOS="1171" WIDTH="20"/>
						<String ID="P88_ST00084" HPOS="1158" VPOS="1139" WIDTH="95" HEIGHT="33" CONTENT="mehr" WC="0.97" CC="0275"/>
						<SP ID="P88_SP00072" HPOS="1253" VPOS="1172" WIDTH="15"/>
						<String ID="P88_ST00085" HPOS="1268" VPOS="1138" WIDTH="46" HEIGHT="34" CONTENT="als" WC="0.97" CC="024"/>
						<SP ID="P88_SP00073" HPOS="1314" VPOS="1172" WIDTH="21"/>
						<String ID="P88_ST00086" HPOS="1335" VPOS="1139" WIDTH="70" HEIGHT="33" CONTENT="eine" WC="0.98" CC="0503"/>
						<SP ID="P88_SP00074" HPOS="1405" VPOS="1172" WIDTH="22"/>
						<String ID="P88_ST00087" HPOS="1427" VPOS="1137" WIDTH="106" HEIGHT="35" CONTENT="blofse" WC="0.58" CC="650705"/>
						<SP ID="P88_SP00075" HPOS="1533" VPOS="1172" WIDTH="15"/>
						<String ID="P88_ST00088" HPOS="1548" VPOS="1139" WIDTH="365" HEIGHT="48" CONTENT="Zusammenstellung;" WC="1.00" CC="05100014300425008"/>
						<SP ID="P88_SP00076" HPOS="1913" VPOS="1187" WIDTH="22"/>
						<String ID="P88_ST00089" HPOS="1935" VPOS="1141" WIDTH="46" HEIGHT="33" CONTENT="sie" WC="0.99" CC="010"/>
						<SP ID="P88_SP00077" HPOS="1981" VPOS="1187" WIDTH="15"/>
						<String ID="P88_ST00090" HPOS="1996" VPOS="1140" WIDTH="91" HEIGHT="48" CONTENT="giebt" WC="0.79" CC="20170"/>
						<SP ID="P88_SP00078" HPOS="2087" VPOS="1188" WIDTH="14"/>
						<String ID="P88_ST00091" HPOS="2101" VPOS="1147" WIDTH="78" HEIGHT="30" CONTENT="nütz" SUBS_TYPE="HypPart1" SUBS_CONTENT="nützliche" WC="0.98" CC="6003"/>
						<HYP HPOS="2179" VPOS="1147" WIDTH="19" CONTENT="-"/>
					</TextLine>
					<TextLine ID="P88_TL00014" HPOS="1037" VPOS="1190" WIDTH="1164" HEIGHT="49">
						<String ID="P88_ST00092" HPOS="1037" VPOS="1190" WIDTH="87" HEIGHT="34" CONTENT="liche" SUBS_TYPE="HypPart2" SUBS_CONTENT="nützliche" WC="0.98" CC="03170"/>
						<SP ID="P88_SP00079" HPOS="1124" VPOS="1224" WIDTH="12"/>
						<String ID="P88_ST00093" HPOS="1136" VPOS="1190" WIDTH="219" HEIGHT="34" CONTENT="Aufschlüsse" WC="0.99" CC="06760700040"/>
						<SP ID="P88_SP00080" HPOS="1355" VPOS="1224" WIDTH="15"/>
						<String ID="P88_ST00094" HPOS="1370" VPOS="1190" WIDTH="80" HEIGHT="34" CONTENT="über" WC="0.97" CC="0606"/>
						<SP ID="P88_SP00081" HPOS="1450" VPOS="1224" WIDTH="15"/>
						<String ID="P88_ST00095" HPOS="1465" VPOS="1190" WIDTH="53" HEIGHT="34" CONTENT="die" WC="0.99" CC="030"/>
						<SP ID="P88_SP00082" HPOS="1518" VPOS="1224" WIDTH="13"/>
						<String ID="P88_ST00096" HPOS="1531" VPOS="1190" WIDTH="266" HEIGHT="49" CONTENT="Entwickelung" WC="1.00" CC="304002010060"/>
						<SP ID="P88_SP00083" HPOS="1797" VPOS="1239" WIDTH="16"/>
						<String ID="P88_ST00097" HPOS="1813" VPOS="1191" WIDTH="55" HEIGHT="35" CONTENT="der" WC="0.97" CC="044"/>
						<SP ID="P88_SP00084" HPOS="1868" VPOS="1239" WIDTH="15"/>
						<String ID="P88_ST00098" HPOS="1883" VPOS="1193" WIDTH="170" HEIGHT="35" CONTENT="einzelnen" WC="1.00" CC="056000000"/>
						<SP ID="P88_SP00085" HPOS="2053" VPOS="1239" WIDTH="12"/>
						<String ID="P88_ST00099" HPOS="2065" VPOS="1195" WIDTH="136" HEIGHT="35" CONTENT="Talente" WC="1.00" CC="0004000"/>
					</TextLine>
				</TextBlock>
				<TextBlock ID="P88_TB00003" HPOS="2304" VPOS="563" WIDTH="1163" HEIGHT="634" STYLEREFS="TXT_1 PAR_BLOCK">
					<TextLine ID="P88_TL00015" HPOS="2308" VPOS="565" WIDTH="1157" HEIGHT="58">
						<String ID="P88_ST00100" HPOS="2308" VPOS="565" WIDTH="70" HEIGHT="34" CONTENT="und" WC="0.94" CC="546"/>
						<SP ID="P88_SP00086" HPOS="2378" VPOS="599" WIDTH="28"/>
						<String ID="P88_ST00101" HPOS="2406" VPOS="566" WIDTH="87" HEIGHT="34" CONTENT="ihrer" WC="0.97" CC="56426"/>
						<SP ID="P88_SP00087" HPOS="2493" VPOS="600" WIDTH="28"/>
						<String ID="P88_ST00102" HPOS="2521" VPOS="567" WIDTH="223" HEIGHT="36" CONTENT="Fortschritte." WC="0.99" CC="5074116260501"/>
						<SP ID="P88_SP00088" HPOS="2744" VPOS="603" WIDTH="46"/>
						<String ID="P88_ST00103" HPOS="2790" VPOS="570" WIDTH="84" HEIGHT="33" CONTENT="Hier" WC="0.97" CC="6412"/>
						<SP ID="P88_SP00089" HPOS="2874" VPOS="603" WIDTH="24"/>
						<String ID="P88_ST00104" HPOS="2898" VPOS="570" WIDTH="93" HEIGHT="35" CONTENT="hatte" WC="0.99" CC="07002"/>
						<SP ID="P88_SP00090" HPOS="2991" VPOS="605" WIDTH="29"/>
						<String ID="P88_ST00105" HPOS="3020" VPOS="584" WIDTH="78" HEIGHT="23" CONTENT="man" WC="0.96" CC="090"/>
						<SP ID="P88_SP00091" HPOS="3098" VPOS="607" WIDTH="29"/>
						<String ID="P88_ST00106" HPOS="3127" VPOS="574" WIDTH="86" HEIGHT="33" CONTENT="auch" WC="0.99" CC="0400"/>
						<SP ID="P88_SP00092" HPOS="3213" VPOS="607" WIDTH="27"/>
						<String ID="P88_ST00107" HPOS="3240" VPOS="575" WIDTH="225" HEIGHT="48" CONTENT="Gelegenheit," WC="0.99" CC="520131600204"/>
					</TextLine>
					<TextLine ID="P88_TL00016" HPOS="2308" VPOS="617" WIDTH="1158" HEIGHT="57">
						<String ID="P88_ST00108" HPOS="2308" VPOS="617" WIDTH="53" HEIGHT="34" CONTENT="die" WC="0.96" CC="630"/>
						<SP ID="P88_SP00093" HPOS="2361" VPOS="651" WIDTH="16"/>
						<String ID="P88_ST00109" HPOS="2377" VPOS="619" WIDTH="172" HEIGHT="34" CONTENT="erwähnte" WC="0.99" CC="36470001"/>
						<SP ID="P88_SP00094" HPOS="2549" VPOS="653" WIDTH="14"/>
						<String ID="P88_ST00110" HPOS="2563" VPOS="620" WIDTH="141" HEIGHT="44" CONTENT="Judith" WC="0.99" CC="460400"/>
						<SP ID="P88_SP00095" HPOS="2704" VPOS="664" WIDTH="15"/>
						<String ID="P88_ST00111" HPOS="2719" VPOS="635" WIDTH="68" HEIGHT="21" CONTENT="von" WC="1.00" CC="000"/>
						<SP ID="P88_SP00096" HPOS="2787" VPOS="664" WIDTH="14"/>
						<String ID="P88_ST00112" HPOS="2801" VPOS="622" WIDTH="173" HEIGHT="42" CONTENT="Bourbon," WC="0.98" CC="30066074"/>
						<SP ID="P88_SP00097" HPOS="2974" VPOS="664" WIDTH="17"/>
						<String ID="P88_ST00113" HPOS="2991" VPOS="624" WIDTH="52" HEIGHT="35" CONTENT="die" WC="0.98" CC="021"/>
						<SP ID="P88_SP00098" HPOS="3043" VPOS="664" WIDTH="15"/>
						<String ID="P88_ST00114" HPOS="3058" VPOS="624" WIDTH="241" HEIGHT="50" CONTENT="kampffrohen" WC="0.99" CC="00057561650"/>
						<SP ID="P88_SP00099" HPOS="3299" VPOS="674" WIDTH="12"/>
						<String ID="P88_ST00115" HPOS="3311" VPOS="631" WIDTH="155" HEIGHT="37" CONTENT="Gemälde" WC="0.98" CC="4419305"/>
					</TextLine>
					<TextLine ID="P88_TL00017" HPOS="2307" VPOS="671" WIDTH="1160" HEIGHT="60">
						<String ID="P88_ST00116" HPOS="2307" VPOS="671" WIDTH="207" HEIGHT="40" CONTENT="Lehmanns," WC="1.00" CC="207000004"/>
						<SP ID="P88_SP00100" HPOS="2514" VPOS="711" WIDTH="31"/>
						<String ID="P88_ST00117" HPOS="2545" VPOS="673" WIDTH="53" HEIGHT="33" CONTENT="die" WC="0.97" CC="043"/>
						<SP ID="P88_SP00101" HPOS="2598" VPOS="711" WIDTH="29"/>
						<String ID="P88_ST00118" HPOS="2627" VPOS="674" WIDTH="344" HEIGHT="48" CONTENT="physiognomischen" WC="0.70" CC="5763033000410640"/>
						<SP ID="P88_SP00102" HPOS="2971" VPOS="722" WIDTH="27"/>
						<String ID="P88_ST00119" HPOS="2998" VPOS="678" WIDTH="139" HEIGHT="34" CONTENT="Studien" WC="1.00" CC="0010400"/>
						<SP ID="P88_SP00103" HPOS="3137" VPOS="722" WIDTH="22"/>
						<String ID="P88_ST00120" HPOS="3159" VPOS="680" WIDTH="145" HEIGHT="46" CONTENT="Burdys," WC="0.99" CC="0530704"/>
						<SP ID="P88_SP00104" HPOS="3304" VPOS="726" WIDTH="30"/>
						<String ID="P88_ST00121" HPOS="3334" VPOS="680" WIDTH="52" HEIGHT="36" CONTENT="die" WC="0.98" CC="040"/>
						<SP ID="P88_SP00105" HPOS="3386" VPOS="726" WIDTH="27"/>
						<String ID="P88_ST00122" HPOS="3413" VPOS="697" WIDTH="36" HEIGHT="34" CONTENT="ge" SUBS_TYPE="HypPart1" SUBS_CONTENT="gewichtigen," WC="0.99" CC="00"/>
						<HYP HPOS="3449" VPOS="697" WIDTH="18" CONTENT="-"/>
					</TextLine>
					<TextLine ID="P88_TL00018" HPOS="2307" VPOS="723" WIDTH="1155" HEIGHT="55">
						<String ID="P88_ST00123" HPOS="2307" VPOS="723" WIDTH="198" HEIGHT="48" CONTENT="wichtigen," SUBS_TYPE="HypPart2" SUBS_CONTENT="gewichtigen," WC="0.99" CC="7207030364"/>
						<SP ID="P88_SP00106" HPOS="2505" VPOS="771" WIDTH="17"/>
						<String ID="P88_ST00124" HPOS="2522" VPOS="725" WIDTH="121" HEIGHT="35" CONTENT="naiven" WC="0.99" CC="003510"/>
						<SP ID="P88_SP00107" HPOS="2643" VPOS="771" WIDTH="16"/>
						<String ID="P88_ST00125" HPOS="2659" VPOS="726" WIDTH="321" HEIGHT="37" CONTENT="Charakterstudien" WC="1.00" CC="2706000200550020"/>
						<SP ID="P88_SP00108" HPOS="2980" VPOS="771" WIDTH="14"/>
						<String ID="P88_ST00126" HPOS="2994" VPOS="730" WIDTH="293" HEIGHT="37" CONTENT="vonMilcendeau" WC="0.86" CC="0004400000106"/>
						<SP ID="P88_SP00109" HPOS="3287" VPOS="771" WIDTH="16"/>
						<String ID="P88_ST00127" HPOS="3303" VPOS="746" WIDTH="38" HEIGHT="21" CONTENT="zu" WC="0.73" CC="05"/>
						<SP ID="P88_SP00110" HPOS="3341" VPOS="771" WIDTH="16"/>
						<String ID="P88_ST00128" HPOS="3357" VPOS="735" WIDTH="105" HEIGHT="43" CONTENT="sehen," WC="0.98" CC="317034"/>
					</TextLine>
					<TextLine ID="P88_TL00019" HPOS="2306" VPOS="776" WIDTH="1161" HEIGHT="53">
						<String ID="P88_ST00129" HPOS="2306" VPOS="776" WIDTH="73" HEIGHT="34" CONTENT="hier" WC="0.97" CC="7025"/>
						<SP ID="P88_SP00111" HPOS="2379" VPOS="810" WIDTH="19"/>
						<String ID="P88_ST00130" HPOS="2398" VPOS="777" WIDTH="186" HEIGHT="36" CONTENT="enthüllten" WC="1.00" CC="0007020520"/>
						<SP ID="P88_SP00112" HPOS="2584" VPOS="813" WIDTH="21"/>
						<String ID="P88_ST00131" HPOS="2605" VPOS="779" WIDTH="70" HEIGHT="34" CONTENT="sich" WC="0.96" CC="0567"/>
						<SP ID="P88_SP00113" HPOS="2675" VPOS="813" WIDTH="27"/>
						<String ID="P88_ST00132" HPOS="2702" VPOS="780" WIDTH="87" HEIGHT="34" CONTENT="auch" WC="0.98" CC="0407"/>
						<SP ID="P88_SP00114" HPOS="2789" VPOS="814" WIDTH="19"/>
						<String ID="P88_ST00133" HPOS="2808" VPOS="781" WIDTH="106" HEIGHT="34" CONTENT="Pierre" WC="0.98" CC="732660"/>
						<SP ID="P88_SP00115" HPOS="2914" VPOS="815" WIDTH="20"/>
						<String ID="P88_ST00134" HPOS="2934" VPOS="782" WIDTH="72" HEIGHT="34" CONTENT="und" WC="0.99" CC="020"/>
						<SP ID="P88_SP00116" HPOS="3006" VPOS="816" WIDTH="19"/>
						<String ID="P88_ST00135" HPOS="3025" VPOS="785" WIDTH="117" HEIGHT="44" CONTENT="Payret" WC="0.69" CC="600560"/>
						<SP ID="P88_SP00117" HPOS="3142" VPOS="829" WIDTH="19"/>
						<String ID="P88_ST00136" HPOS="3161" VPOS="786" WIDTH="150" HEIGHT="40" CONTENT="Dortail," WC="0.70" CC="24500424"/>
						<SP ID="P88_SP00118" HPOS="3311" VPOS="829" WIDTH="21"/>
						<String ID="P88_ST00137" HPOS="3332" VPOS="788" WIDTH="68" HEIGHT="34" CONTENT="und" WC="0.97" CC="600"/>
						<SP ID="P88_SP00119" HPOS="3400" VPOS="829" WIDTH="19"/>
						<String ID="P88_ST00138" HPOS="3419" VPOS="788" WIDTH="48" HEIGHT="36" CONTENT="bei" WC="0.94" CC="754"/>
					</TextLine>
					<TextLine ID="P88_TL00020" HPOS="2307" VPOS="829" WIDTH="1159" HEIGHT="49">
						<String ID="P88_ST00139" HPOS="2307" VPOS="829" WIDTH="110" HEIGHT="34" CONTENT="einem" WC="0.99" CC="61000"/>
						<SP ID="P88_SP00120" HPOS="2417" VPOS="863" WIDTH="15"/>
						<String ID="P88_ST00140" HPOS="2432" VPOS="830" WIDTH="179" HEIGHT="48" CONTENT="Vergleich" WC="0.99" CC="610000207"/>
						<SP ID="P88_SP00121" HPOS="2611" VPOS="878" WIDTH="19"/>
						<String ID="P88_ST00141" HPOS="2630" VPOS="831" WIDTH="57" HEIGHT="35" CONTENT="der" WC="0.96" CC="046"/>
						<SP ID="P88_SP00122" HPOS="2687" VPOS="878" WIDTH="14"/>
						<String ID="P88_ST00142" HPOS="2701" VPOS="831" WIDTH="226" HEIGHT="37" CONTENT="betreffenden" WC="0.99" CC="600406040050"/>
						<SP ID="P88_SP00123" HPOS="2927" VPOS="878" WIDTH="16"/>
						<String ID="P88_ST00143" HPOS="2943" VPOS="835" WIDTH="172" HEIGHT="36" CONTENT="Resultate" WC="0.99" CC="300740005"/>
						<SP ID="P88_SP00124" HPOS="3115" VPOS="878" WIDTH="20"/>
						<String ID="P88_ST00144" HPOS="3135" VPOS="837" WIDTH="62" HEIGHT="34" CONTENT="mit" WC="0.99" CC="020"/>
						<SP ID="P88_SP00125" HPOS="3197" VPOS="878" WIDTH="16"/>
						<String ID="P88_ST00145" HPOS="3213" VPOS="837" WIDTH="107" HEIGHT="35" CONTENT="denen" WC="0.98" CC="02530"/>
						<SP ID="P88_SP00126" HPOS="3320" VPOS="878" WIDTH="15"/>
						<String ID="P88_ST00146" HPOS="3335" VPOS="852" WIDTH="56" HEIGHT="22" CONTENT="aus" WC="0.96" CC="063"/>
						<SP ID="P88_SP00127" HPOS="3391" VPOS="878" WIDTH="16"/>
						<String ID="P88_ST00147" HPOS="3407" VPOS="841" WIDTH="59" HEIGHT="35" CONTENT="den" WC="0.98" CC="006"/>
					</TextLine>
					<TextLine ID="P88_TL00021" HPOS="2306" VPOS="881" WIDTH="1161" HEIGHT="53">
						<String ID="P88_ST00148" HPOS="2306" VPOS="881" WIDTH="140" HEIGHT="35" CONTENT="Ateliers" WC="0.99" CC="47013232"/>
						<SP ID="P88_SP00128" HPOS="2446" VPOS="916" WIDTH="16"/>
						<String ID="P88_ST00149" HPOS="2462" VPOS="896" WIDTH="69" HEIGHT="22" CONTENT="von" WC="0.99" CC="003"/>
						<SP ID="P88_SP00129" HPOS="2531" VPOS="918" WIDTH="16"/>
						<String ID="P88_ST00150" HPOS="2547" VPOS="887" WIDTH="146" HEIGHT="33" CONTENT="Gerome" WC="0.75" CC="205600"/>
						<SP ID="P88_SP00130" HPOS="2693" VPOS="920" WIDTH="14"/>
						<String ID="P88_ST00151" HPOS="2707" VPOS="886" WIDTH="71" HEIGHT="34" CONTENT="und" WC="0.97" CC="600"/>
						<SP ID="P88_SP00131" HPOS="2778" VPOS="920" WIDTH="16"/>
						<String ID="P88_ST00152" HPOS="2794" VPOS="888" WIDTH="133" HEIGHT="33" CONTENT="Bonnat" WC="1.00" CC="000000"/>
						<SP ID="P88_SP00132" HPOS="2927" VPOS="921" WIDTH="15"/>
						<String ID="P88_ST00153" HPOS="2942" VPOS="886" WIDTH="92" HEIGHT="36" CONTENT="kann" WC="1.00" CC="0000"/>
						<SP ID="P88_SP00133" HPOS="3034" VPOS="922" WIDTH="13"/>
						<String ID="P88_ST00154" HPOS="3047" VPOS="888" WIDTH="89" HEIGHT="46" CONTENT="jeder" WC="0.98" CC="31006"/>
						<SP ID="P88_SP00134" HPOS="3136" VPOS="934" WIDTH="15"/>
						<String ID="P88_ST00155" HPOS="3151" VPOS="889" WIDTH="179" HEIGHT="43" CONTENT="erkennen," WC="0.99" CC="040006070"/>
						<SP ID="P88_SP00135" HPOS="3330" VPOS="934" WIDTH="12"/>
						<String ID="P88_ST00156" HPOS="3342" VPOS="892" WIDTH="125" HEIGHT="37" CONTENT="welche" WC="0.98" CC="031372"/>
					</TextLine>
					<TextLine ID="P88_TL00022" HPOS="2306" VPOS="936" WIDTH="1161" HEIGHT="52">
						<String ID="P88_ST00157" HPOS="2306" VPOS="936" WIDTH="221" HEIGHT="47" CONTENT="Verjüngung" WC="0.99" CC="6404000209"/>
						<SP ID="P88_SP00136" HPOS="2527" VPOS="983" WIDTH="28"/>
						<String ID="P88_ST00158" HPOS="2555" VPOS="937" WIDTH="53" HEIGHT="34" CONTENT="die" WC="0.97" CC="015"/>
						<SP ID="P88_SP00137" HPOS="2608" VPOS="983" WIDTH="27"/>
						<String ID="P88_ST00159" HPOS="2635" VPOS="936" WIDTH="224" HEIGHT="37" CONTENT="französische" WC="0.99" CC="070607202070"/>
						<SP ID="P88_SP00138" HPOS="2859" VPOS="983" WIDTH="28"/>
						<String ID="P88_ST00160" HPOS="2887" VPOS="940" WIDTH="121" HEIGHT="34" CONTENT="Schule" WC="0.98" CC="007720"/>
						<SP ID="P88_SP00139" HPOS="3008" VPOS="983" WIDTH="30"/>
						<String ID="P88_ST00161" HPOS="3038" VPOS="940" WIDTH="76" HEIGHT="36" CONTENT="dem" WC="0.99" CC="030"/>
						<SP ID="P88_SP00140" HPOS="3114" VPOS="983" WIDTH="29"/>
						<String ID="P88_ST00162" HPOS="3143" VPOS="943" WIDTH="138" HEIGHT="34" CONTENT="Meister" WC="0.99" CC="0330023"/>
						<SP ID="P88_SP00141" HPOS="3281" VPOS="983" WIDTH="27"/>
						<String ID="P88_ST00163" HPOS="3308" VPOS="945" WIDTH="159" HEIGHT="43" CONTENT="schuldet," WC="0.99" CC="007030014"/>
					</TextLine>
					<TextLine ID="P88_TL00023" HPOS="2307" VPOS="986" WIDTH="1159" HEIGHT="56">
						<String ID="P88_ST00164" HPOS="2307" VPOS="986" WIDTH="57" HEIGHT="35" CONTENT="der" WC="0.98" CC="006"/>
						<SP ID="P88_SP00142" HPOS="2364" VPOS="1021" WIDTH="27"/>
						<String ID="P88_ST00165" HPOS="2391" VPOS="988" WIDTH="95" HEIGHT="35" CONTENT="nicht" WC="0.98" CC="05070"/>
						<SP ID="P88_SP00143" HPOS="2486" VPOS="1023" WIDTH="26"/>
						<String ID="P88_ST00166" HPOS="2512" VPOS="1002" WIDTH="65" HEIGHT="21" CONTENT="nur" WC="0.95" CC="066"/>
						<SP ID="P88_SP00144" HPOS="2577" VPOS="1023" WIDTH="29"/>
						<String ID="P88_ST00167" HPOS="2606" VPOS="989" WIDTH="44" HEIGHT="35" CONTENT="ob" WC="0.52" CC="26"/>
						<SP ID="P88_SP00145" HPOS="2650" VPOS="1024" WIDTH="28"/>
						<String ID="P88_ST00168" HPOS="2678" VPOS="991" WIDTH="105" HEIGHT="35" CONTENT="seiner" WC="0.99" CC="200400"/>
						<SP ID="P88_SP00146" HPOS="2783" VPOS="1026" WIDTH="27"/>
						<String ID="P88_ST00169" HPOS="2810" VPOS="992" WIDTH="139" HEIGHT="47" CONTENT="eigenen" WC="0.99" CC="3340030"/>
						<SP ID="P88_SP00147" HPOS="2949" VPOS="1039" WIDTH="19"/>
						<String ID="P88_ST00170" HPOS="2968" VPOS="992" WIDTH="131" HEIGHT="36" CONTENT="Werke" WC="0.98" CC="70600"/>
						<SP ID="P88_SP00148" HPOS="3099" VPOS="1039" WIDTH="27"/>
						<String ID="P88_ST00171" HPOS="3126" VPOS="1008" WIDTH="40" HEIGHT="21" CONTENT="zu" WC="0.74" CC="05"/>
						<SP ID="P88_SP00149" HPOS="3166" VPOS="1039" WIDTH="28"/>
						<String ID="P88_ST00172" HPOS="3194" VPOS="993" WIDTH="204" HEIGHT="38" CONTENT="bewundern" WC="0.99" CC="660050346"/>
						<SP ID="P88_SP00150" HPOS="3398" VPOS="1039" WIDTH="20"/>
						<String ID="P88_ST00173" HPOS="3418" VPOS="1000" WIDTH="48" HEIGHT="42" CONTENT="ist," WC="0.99" CC="1004"/>
					</TextLine>
					<TextLine ID="P88_TL00024" HPOS="2306" VPOS="1039" WIDTH="1161" HEIGHT="57">
						<String ID="P88_ST00174" HPOS="2306" VPOS="1039" WIDTH="144" HEIGHT="36" CONTENT="sondern" WC="0.99" CC="2300050"/>
						<SP ID="P88_SP00151" HPOS="2450" VPOS="1075" WIDTH="21"/>
						<String ID="P88_ST00175" HPOS="2471" VPOS="1041" WIDTH="88" HEIGHT="35" CONTENT="auch" WC="0.97" CC="0507"/>
						<SP ID="P88_SP00152" HPOS="2559" VPOS="1076" WIDTH="19"/>
						<String ID="P88_ST00176" HPOS="2578" VPOS="1042" WIDTH="45" HEIGHT="34" CONTENT="ob" WC="0.65" CC="06"/>
						<SP ID="P88_SP00153" HPOS="2623" VPOS="1076" WIDTH="20"/>
						<String ID="P88_ST00177" HPOS="2643" VPOS="1044" WIDTH="106" HEIGHT="34" CONTENT="seiner" WC="0.99" CC="003005"/>
						<SP ID="P88_SP00154" HPOS="2749" VPOS="1078" WIDTH="18"/>
						<String ID="P88_ST00178" HPOS="2767" VPOS="1043" WIDTH="298" HEIGHT="49" CONTENT="fruchttragenden" WC="1.00" CC="061060050940000"/>
						<SP ID="P88_SP00155" HPOS="3065" VPOS="1092" WIDTH="14"/>
						<String ID="P88_ST00179" HPOS="3079" VPOS="1048" WIDTH="239" HEIGHT="48" CONTENT="Begeisterung" WC="0.99" CC="300040035360"/>
						<SP ID="P88_SP00156" HPOS="3318" VPOS="1096" WIDTH="19"/>
						<String ID="P88_ST00180" HPOS="3337" VPOS="1050" WIDTH="66" HEIGHT="35" CONTENT="und" WC="0.95" CC="706"/>
						<SP ID="P88_SP00157" HPOS="3403" VPOS="1096" WIDTH="24"/>
						<String ID="P88_ST00181" HPOS="3427" VPOS="1052" WIDTH="40" HEIGHT="34" CONTENT="ob" WC="0.41" CC="47"/>
					</TextLine>
					<TextLine ID="P88_TL00025" HPOS="2307" VPOS="1092" WIDTH="1159" HEIGHT="57">
						<String ID="P88_ST00182" HPOS="2307" VPOS="1092" WIDTH="56" HEIGHT="34" CONTENT="der" WC="0.98" CC="006"/>
						<SP ID="P88_SP00158" HPOS="2363" VPOS="1126" WIDTH="19"/>
						<String ID="P88_ST00183" HPOS="2382" VPOS="1096" WIDTH="196" HEIGHT="47" CONTENT="Anregung," WC="0.98" CC="402094794"/>
						<SP ID="P88_SP00159" HPOS="2578" VPOS="1143" WIDTH="22"/>
						<String ID="P88_ST00184" HPOS="2600" VPOS="1095" WIDTH="53" HEIGHT="35" CONTENT="die" WC="1.00" CC="000"/>
						<SP ID="P88_SP00160" HPOS="2653" VPOS="1143" WIDTH="21"/>
						<String ID="P88_ST00185" HPOS="2674" VPOS="1110" WIDTH="32" HEIGHT="20" CONTENT="er" WC="0.50" CC="36"/>
						<SP ID="P88_SP00161" HPOS="2706" VPOS="1143" WIDTH="20"/>
						<String ID="P88_ST00186" HPOS="2726" VPOS="1096" WIDTH="65" HEIGHT="35" CONTENT="den" WC="0.96" CC="027"/>
						<SP ID="P88_SP00162" HPOS="2791" VPOS="1143" WIDTH="17"/>
						<String ID="P88_ST00187" HPOS="2808" VPOS="1100" WIDTH="125" HEIGHT="44" CONTENT="jungen" WC="0.99" CC="120004"/>
						<SP ID="P88_SP00163" HPOS="2933" VPOS="1144" WIDTH="21"/>
						<String ID="P88_ST00188" HPOS="2954" VPOS="1099" WIDTH="162" HEIGHT="35" CONTENT="Talenten" WC="1.00" CC="00400005"/>
						<SP ID="P88_SP00164" HPOS="3116" VPOS="1144" WIDTH="22"/>
						<String ID="P88_ST00189" HPOS="3138" VPOS="1114" WIDTH="39" HEIGHT="20" CONTENT="zu" WC="0.72" CC="05"/>
						<SP ID="P88_SP00165" HPOS="3177" VPOS="1144" WIDTH="22"/>
						<String ID="P88_ST00190" HPOS="3199" VPOS="1101" WIDTH="181" HEIGHT="48" CONTENT="originaler" WC="0.99" CC="0430340256"/>
						<SP ID="P88_SP00166" HPOS="3380" VPOS="1149" WIDTH="20"/>
						<String ID="P88_ST00191" HPOS="3400" VPOS="1105" WIDTH="66" HEIGHT="34" CONTENT="und" WC="0.97" CC="601"/>
					</TextLine>
					<TextLine ID="P88_TL00026" HPOS="2306" VPOS="1146" WIDTH="839" HEIGHT="51">
						<String ID="P88_ST00192" HPOS="2306" VPOS="1146" WIDTH="189" HEIGHT="48" CONTENT="neuartiger" WC="0.99" CC="0060603007"/>
						<SP ID="P88_SP00167" HPOS="2495" VPOS="1194" WIDTH="18"/>
						<String ID="P88_ST00193" HPOS="2513" VPOS="1147" WIDTH="217" HEIGHT="50" CONTENT="Ausbildung" WC="1.00" CC="0010340040"/>
						<SP ID="P88_SP00168" HPOS="2730" VPOS="1197" WIDTH="19"/>
						<String ID="P88_ST00194" HPOS="2749" VPOS="1150" WIDTH="85" HEIGHT="34" CONTENT="ihres" WC="0.97" CC="36624"/>
						<SP ID="P88_SP00169" HPOS="2834" VPOS="1197" WIDTH="21"/>
						<String ID="P88_ST00195" HPOS="2855" VPOS="1153" WIDTH="159" HEIGHT="32" CONTENT="Könnens" WC="0.98" CC="3730650"/>
						<SP ID="P88_SP00170" HPOS="3014" VPOS="1197" WIDTH="21"/>
						<String ID="P88_ST00196" HPOS="3035" VPOS="1151" WIDTH="110" HEIGHT="36" CONTENT="bietet." WC="0.99" CC="7360003"/>
					</TextLine>
				</TextBlock>
				<TextBlock ID="P88_TB00004" HPOS="3219" VPOS="1259" WIDTH="249" HEIGHT="37" STYLEREFS="TXT_2 PAR_RIGHT">
					<TextLine ID="P88_TL00027" HPOS="3220" VPOS="1261" WIDTH="248" HEIGHT="35">
						<String ID="P88_ST00197" HPOS="3220" VPOS="1261" WIDTH="125" HEIGHT="32" CONTENT="Roger" WC="0.98" CC="50502"/>
						<SP ID="P88_SP00171" HPOS="3345" VPOS="1293" WIDTH="20"/>
						<String ID="P88_ST00198" HPOS="3365" VPOS="1262" WIDTH="103" HEIGHT="34" CONTENT="Marx" WC="0.99" CC="0220"/>
					</TextLine>
				</TextBlock>
				<ComposedBlock ID="P88_CB00001" HPOS="1668" VPOS="1662" WIDTH="1168" HEIGHT="1660" STYLEREFS="TXT_3 PAR_LEFT" TYPE="Illustration">
					<GraphicalElement ID="P88_CB00001_SUB" HPOS="1668" VPOS="1662" WIDTH="1168" HEIGHT="1660"/>
				</ComposedBlock>
			</PrintSpace>
		</Page>
	</Layout>
</alto>
