3674 4572
2155 3876 186 41 60

1121 548 78 33 Von
1214 547 117 47 Degas’
1347 547 153 35 Werken
1522 546 72 35 sind
1616 545 110 36 aufser
1745 545 64 34 den
1828 545 70 33 hier
1917 541 223 49 angeführten
2159 557 40 22 zu

1040 612 147 21 nennen:
1208 600 86 34 zwei
1313 600 34 34 in
1368 600 55 34 der
1444 600 195 46 Sammlung
1659 596 162 37 Amsinck
1842 597 35 33 in
1896 596 179 47 Hamburg
2096 597 107 47 (siehe

1040 654 67 32 Pan
1122 654 40 38 11,
1174 651 84 35 Heft
1274 653 53 48 4),
1340 654 147 33 mehrere
1502 651 63 36 auf
1575 652 56 34 der
1642 650 163 35 Dresdner
1818 649 285 34 Internationalen
2117 652 66 32 Aus-

1040 705 145 48 stellung
1214 705 100 34 dieses
1341 706 121 44 Jahres,
1490 706 34 33 in
1545 705 86 34 Paris
1660 703 114 34 solche
1804 702 88 34 beim
1915 701 111 35 Maler
2046 702 156 41 Blanche,

1040 757 87 35 beim
1148 758 162 34 Zahnarzt
1329 759 101 39 Viau,
1451 758 52 34 bei
1522 758 56 34 der
1597 755 174 35 Mehrzahl
1791 755 56 33 der
1865 753 174 41 Sammler,
2060 755 53 34 die
2132 755 71 35 sich

1041 808 55 36 für
1112 810 157 34 moderne
1284 814 112 31 Kunst
1413 811 235 37 interessieren,
1665 809 67 33 wie
1748 807 61 34 den
1824 809 127 32 Herren
1968 810 113 45 Roger
2091 811 110 38 Marx,

1042 864 62 33 Ch.
1121 863 168 48 Ephrussi,
1311 863 75 34 dem
1401 863 109 34 Maler
1531 861 143 40 Lerolle,
1695 861 74 33 dem
1792 859 179 35 Bildhauer
1985 861 219 35 Bartholome

1040 929 32 21 u.
1089 917 60 40 A.;
1166 916 106 34 durch
1293 915 51 34 die
1360 915 286 46 Kunsthandlung
1660 927 68 21 von
1744 912 246 35 Durand-Ruel
2007 913 124 47 gingen
2146 914 57 34 das

1040 967 165 35 Brustbild
1225 969 89 33 einer
1333 968 101 34 Alten
1458 981 67 21 von
1552 967 108 45 1857,
1681 967 52 33 ein
1753 969 224 31 Wettrennen
1997 979 69 21 von
2093 967 110 40 1862,

2309 545 54 33 ein
2388 545 255 35 Damenbildnis
2672 559 70 22 von
2777 548 114 45 1872;
2921 546 66 36 auf
3006 548 57 35 der
3086 550 257 47 Versteigerung
3372 553 99 35 Duret

2313 597 121 35 kamen
2455 598 69 34 drei
2538 598 131 36 Werke
2688 612 78 30 vor;
2788 613 106 35 gegen
2919 601 97 35 1880
3038 601 100 34 malte
3153 605 108 44 Degas
3283 602 54 35 das
3354 604 121 38 Bildnis

2313 651 192 47 Duranty’s.

2393 706 66 32 Der
2479 713 80 25 erste
2580 704 109 41 wohl,
2711 704 57 35 der
2787 705 80 35 über
2882 709 109 45 Degas
3013 706 140 41 schrieb,
3174 720 73 22 war
3260 710 87 42 J.-K.
3363 711 88 46 Huys-

2313 769 105 26 mans,
2438 757 60 33 seit
2518 757 95 47 1879
2638 758 214 47 (gesammelt
2872 760 34 33 in
2923 759 125 35 seinem
3063 761 113 34 Buche
3191 760 100 35 L’Art
3306 762 166 44 moderne,

2318 809 114 45 1883;
2451 810 89 34 dann
2556 811 34 33 in
2603 812 163 39 Certains,
2787 812 110 46 1889,
2915 813 118 33 zweite
3044 812 154 49 Auflage
3219 827 11 21 1
3244 814 108 48 894);
3379 817 92 46 1889

2312 863 149 34 erschien
2481 863 53 34 ein
2554 863 130 35 Artikel
2705 863 81 36 über
2806 865 61 34 ihn
2886 866 48 33 im
2949 867 177 46 Magazine
3147 865 44 36 of
3204 868 77 40 Art;
3309 868 90 45 1893
3420 870 36 35 be-

2310 916 117 46 sprach
2440 916 58 34 ihn
2509 917 139 33 Muther
2659 917 32 33 in
2708 918 106 34 seiner
2825 919 201 33 Geschichte
3038 918 55 35 der
3102 919 83 35 Mal.
3198 920 47 33 im
3256 921 86 33 XIX.
3351 922 121 44 Jahrh.,

2309 970 41 38 11,
2374 970 67 44 631
2462 981 33 24 u.
2513 966 36 38 ff.

3154 1027 63 34 W.
3232 1039 31 21 v.
3279 1028 144 32 Seidlitz

1921 3210 95 15 SALOME

1670 3209 112 15 GUSTAVE
1796 3209 110 16 MOREAU
