3570 4572
2214 3885 186 40 20

1972 548 649 73 STIMMUNGEN

1806 689 161 46 VON
2008 682 289 49 ALLTAG
2337 680 160 46 UND
2540 677 251 47 SONNE

1478 829 58 44 Es
1564 842 87 29 war
1683 840 47 29 so
1757 822 143 51 schön,
1932 818 89 45 und
2058 832 90 28 nun
2180 813 188 45 umzieht
2399 811 116 45 sich’s
2546 811 172 50 wieder,
2750 809 81 44 mit
2862 823 169 44 grauen,
3068 806 210 45 bleiernen

1323 902 332 61 Regenwolken,
1697 899 52 44 eh
1780 897 59 44 du
1874 893 113 46 noch
2019 892 100 43 Zeit
2153 888 231 60 gefunden,
2427 886 98 45 dich
2563 901 54 28 zu
2657 884 166 52 freuen,
2864 882 89 44 und
2994 882 72 44 das
3106 880 172 46 bischen

1323 980 140 43 Sonne
1488 978 53 43 ist
1561 975 155 45 wieder
1736 987 95 43 weg
1857 969 88 44 und
1976 967 80 44 mit
2079 965 90 44 ihm
2195 962 135 61 gleich
2351 962 73 44 der
2445 976 130 44 ganze
2603 959 122 44 frohe
2746 959 122 57 Trug
2890 957 73 44 der
2983 957 143 57 Dinge

1483 1051 106 43 Und
1621 1049 111 44 dann
1763 1044 90 44 und
1885 1058 127 28 wann
2044 1040 67 44 ein
2142 1037 174 45 bischen
2349 1037 156 50 Sonne,
2537 1036 66 43 ein
2636 1033 202 60 goldener
2867 1032 98 59 Tag
2998 1032 82 43 mit
3110 1030 167 44 blauem

1325 1126 204 53 Himmel,
1558 1124 79 44 mit
1658 1119 173 47 weifsen
1846 1115 349 47 Wiesenblumen
2216 1112 89 44 und
2325 1112 137 43 einem
2487 1109 226 53 Liedchen,
2746 1107 83 45 tief
2854 1108 61 44 im
2937 1113 162 53 grünen
3123 1105 156 44 Grund

1483 1201 50 43 ist
1566 1198 124 51 Alles,

1485 1288 86 30 was
1604 1272 58 44 du
1694 1286 70 28 am
1798 1267 122 45 Ende
1952 1265 112 45 hast
2094 1279 89 28 von
2217 1263 164 42 deinem
2414 1259 153 45 Leben.

2286 1359 28 33 *

1485 1441 69 42 Da
1583 1438 97 43 aber
1711 1437 171 44 kommt
1910 1434 56 43 sie
1994 1432 112 44 doch
2134 1430 154 44 wieder
2314 1444 71 28 aus
2412 1428 116 44 ihren
2543 1427 192 44 Wolken
2757 1461 7 7 .
2787 1460 8 8 .
2816 1425 67 43 ein
2910 1422 95 45 halb
3034 1421 247 46 Stündchen

1326 1533 124 28 vorm
1476 1511 320 48 Nachtwerden
1817 1545 36 9 ..
1877 1509 55 44 als
1959 1507 57 44 ob
2050 1508 56 42 sie
2139 1505 113 44 doch
2282 1506 83 43 den
2394 1503 97 58 Tag
2523 1501 118 44 nicht
2672 1500 133 60 gehen
2836 1500 131 43 lassen
3000 1498 136 51 wolle,
3170 1496 110 44 ohne

1327 1594 121 42 einen
1480 1590 112 43 Kuss
1625 1585 80 45 auf
1730 1586 109 44 seine
1871 1580 360 47 sehnsuchtstillen
2262 1580 156 56 Augen
2452 1613 7 7 .
2494 1613 8 7 .
2534 1612 8 8 .

1483 1665 66 43 ein
1580 1662 141 45 halbes
1743 1658 246 46 Stündchen
2008 1654 207 46 vielleicht
2246 1689 9 7 .
2287 1688 8 8 .
2328 1651 89 44 und
2450 1649 197 46 dennoch
2678 1684 7 8 .
2719 1684 7 8 .
2758 1650 97 58 lang
2876 1662 141 45 genug
3038 1647 89 43 und
3148 1646 132 44 schön

1326 1755 157 44 genug:
1517 1738 71 44 des
1619 1750 161 45 ganzen
1811 1749 157 43 grauen
2000 1731 127 58 Tags
2159 1726 225 46 Unfreude
2415 1726 91 44 und
2537 1725 50 43 all
2619 1724 67 44 die
2716 1722 211 45 Thorheit
2959 1722 131 44 seiner
3122 1721 159 43 Unrast

1326 1814 153 44 wieder
1510 1825 219 45 vergessen
1760 1824 55 28 zu
1846 1807 179 44 machen

1486 1887 106 44 Wie
1624 1884 81 44 hab
1737 1882 69 45 ich
1838 1882 98 44 dich
1967 1881 93 52 Heb,
2093 1881 160 43 Sonne!

2283 2001 34 43 II

1488 2116 125 44 Ganz
1644 2114 80 44 still
1760 2111 151 45 einmal
1947 2112 58 42 im
2041 2110 181 44 Grünen
2253 2108 133 57 liegen
2419 2102 153 47 dürfen
2604 2138 8 8 .
2646 2138 7 8 .
2687 2118 53 27 zu
2772 2103 137 44 einem
2941 2099 341 47 sommerblauen

1328 2191 191 45 Himmel
1550 2189 114 52 sehn,
1696 2189 80 43 mit
1806 2185 171 45 weifsen
1998 2184 220 45 Wolken.
2240 2218 8 8 .
2271 2182 89 43 und
2393 2178 80 46 auf
2500 2178 70 44 das
2603 2177 268 45 Zwitschern
2902 2178 44 44 in
2978 2177 82 43 den
3081 2173 201 61 Wipfeln

1328 2267 136 43 hören
1486 2301 7 8 .
1517 2300 7 8 .
1547 2262 80 46 auf
1654 2264 70 43 das
1748 2261 187 46 Geriesel
1965 2258 241 46 heimhcher
2229 2256 183 56 Quellen
2434 2288 36 10 ..
2493 2254 84 43 den
2608 2251 116 45 Duft
2756 2253 73 44 der
2860 2250 110 46 Luft
3002 2248 281 47 einschlürfen

1327 2341 90 44 und
1449 2340 70 44 des
1550 2338 240 45 blühenden
1818 2335 177 54 Laubes,
2027 2335 67 43 die
2125 2335 124 57 selige
2275 2330 126 46 Ruhe
2433 2330 111 57 rings
2577 2328 71 44 des
2680 2328 151 52 vollen,
2864 2325 132 45 reifen
3024 2324 166 45 Lebens
3212 2359 8 9 .
3242 2359 8 8 .
3274 2359 8 7 .

1328 2431 106 44 ganz
1466 2415 91 52 still,
1578 2413 89 44 und
1698 2411 119 46 nicht
1849 2427 53 28 zu
1923 2410 166 45 denken
2120 2408 137 44 haben
2288 2422 54 28 an
2374 2404 50 44 all
2457 2404 66 44 die
2544 2403 183 44 hundert
2753 2401 216 60 nichtigen
2990 2399 262 58 Notwendig-

1328 2491 148 52 keiten,
1509 2490 66 43 die
1606 2504 47 29 so
1674 2488 89 43 und
1796 2502 47 29 so
1875 2486 81 44 viel
1977 2483 280 61 Sorglichkeit
2283 2481 90 43 und
2394 2478 111 45 Müh
2535 2477 230 53 erfordern,
2796 2477 89 44 und
2916 2491 94 29 nur:
3045 2475 134 44 damit
3211 2474 70 43 das

1328 2564 271 46 Pendelwerk
1645 2563 71 43 des
1755 2562 116 58 Tags
1912 2560 119 45 nicht
2070 2558 147 46 stehen
2257 2554 130 45 bleibt
2418 2589 8 8 .
2460 2589 7 8 .
2501 2589 8 7 .
2541 2568 106 43 ganz
2689 2552 80 44 still
2812 2551 153 44 einmal
3007 2551 61 43 im
3102 2549 180 44 Grünen

1329 2643 132 57 Hegen
1491 2639 172 44 können

1488 2714 88 44 und
1608 2712 114 45 Alles

1485 2803 218 43 vergessen
1735 2784 170 54 dürfen,
1938 2800 86 29 was
2056 2799 100 28 man
2189 2782 75 43 soll
2297 2779 89 45 und
2419 2776 113 46 mufs
2564 2812 8 9 .
2605 2811 8 8 .
2645 2775 91 44 und
2768 2775 101 52 will,
2911 2772 70 45 für
3014 2773 150 44 andere
3196 2771 87 44 und

1331 2863 69 44 für
1431 2862 100 54 sich,
1562 2863 89 44 und
1683 2862 85 44 will
1799 2861 90 44 und
1920 2860 77 45 soll
2027 2858 91 45 und
2149 2855 113 47 mufs
2295 2891 8 7 .
2337 2890 8 8 .
2379 2890 7 7 .

1486 2938 91 43 und
1607 2938 110 42 seine
1748 2936 190 44 Träume

1487 3011 135 60 gleich
1653 3011 376 57 Schmetterlingen
2062 3006 177 61 gaukeln
2271 3006 140 50 lassen,
2443 3001 279 58 sonnenselig,
2760 3015 89 28 von
2881 2997 317 47 Rosenstrauch
3229 3012 53 27 zu

1330 3085 323 55 Rosenstrauch,
1674 3086 81 44 mit
1784 3084 341 45 schimmernden
2145 3081 185 59 Flügeln,
2351 3079 72 44 das
2446 3076 266 45 flimmernde
2732 3074 113 44 Thal
2866 3073 85 53 hin,
2977 3072 103 44 über
3106 3072 178 58 goldene

1329 3161 145 44 Felder
1505 3161 89 44 und
1615 3160 201 44 wallende
1836 3160 138 43 Flüsse
1996 3174 54 28 zu
2074 3156 343 46 duftverlorenen
2441 3151 144 45 fernen
2607 3150 173 52 Höhen,
2802 3149 90 43 und
2911 3149 156 50 weiter,
3096 3148 78 43 tief
3196 3146 89 43 und

1328 3236 151 43 immer
1511 3234 132 54 tiefer,
1676 3236 62 42 ins
1770 3235 125 43 kühle
1926 3232 276 61 Wogenblau
2234 3231 70 43 des
2335 3228 214 45 Himmels
2582 3262 7 8 .
2624 3262 8 8 .
2663 3225 262 58 sonnenselig
2957 3259 8 8 .
2998 3259 7 7 .
3038 3258 9 9 .

1489 3325 106 43 ganz
1627 3311 79 42 still
1738 3311 152 43 einmal
1921 3325 47 28 so
2000 3310 133 58 liegen
2165 3308 172 43 können

1488 3385 89 43 und
1610 3384 111 44 ohne
1754 3384 88 44 dafs

1490 3459 107 43 auch
1626 3460 157 43 diesem
1804 3459 97 59 Tag
1931 3460 113 43 dann
2071 3458 155 44 wieder
2247 3473 107 28 vom
2375 3454 249 45 Kirchturm
2653 3450 164 45 drüben
2843 3450 90 44 eine
2956 3447 169 46 Glocke
3154 3446 134 58 klingt

1491 3533 90 44 und
1613 3533 110 44 ohne
1756 3533 88 45 dafs

1495 3607 109 44 auch
1636 3608 130 44 dieser
1786 3608 97 59 Tag
1916 3609 112 43 dann
2058 3608 157 44 wieder
2245 3608 57 44 im
2326 3607 122 44 Grau
2479 3605 73 44 der
2570 3601 442 56 Abenddämmerung
3037 3594 250 47 untersinkt!

2765 3708 169 44 Caesar
2964 3705 262 43 Flaischlen
