3567 4572
1434 3885 188 45 57

263 520 793 66 FRANZOESISCHE
1124 525 315 62 KUNST

263 651 154 37 DEGAS,
436 650 114 40 JEAN
575 648 171 40 DAMPT,
774 651 36 29 A,
837 651 211 30 LEVEILLE

262 723 127 33 PÜVIS
407 723 54 31 DE
479 721 286 35 CHAVANNES,
790 721 202 31 GUSTAVE
1016 723 191 31 MOREAU

1338 1505 346 65 DEGAS

1408 1826 141 107 SEIT
1578 1832 109 33 einem
1722 1828 123 36 halben
1874 1827 109 45 Jahre,
2015 1825 140 34 seitdem
2183 1824 54 33 ein
2269 1821 75 36 Bild
2372 1834 67 22 von
2470 1823 108 44 Degas
2613 1819 35 34 in
2683 1818 54 35 die

1488 1884 147 34 Berliner
1645 1880 293 48 Nationalgalerie
1954 1877 136 50 gelangt
2106 1878 53 40 ist,
2173 1877 78 34 hört
2267 1888 78 21 man
2361 1873 151 48 häufiger
2524 1872 65 35 den
2601 1874 134 33 Namen

1409 1939 103 34 dieses
1533 1936 189 41 Künstlers,
1744 1935 56 34 der
1820 1933 108 35 bisher
1947 1931 105 35 kaum
2076 1931 155 35 erwähnt
2251 1927 145 36 worden
2416 1928 41 33 ist
2478 1926 70 35 und
2569 1938 70 23 von
2659 1924 78 35 dem

1409 2006 80 21 man
1508 1990 110 35 Bilder
1642 1989 105 35 kaum
1776 1989 92 34 hatte
1893 1986 99 34 sehen
2019 1984 150 35 können.
2207 1986 54 31 Da
2288 1994 32 21 er
2345 1980 52 35 bei
2416 1980 141 34 Muther
2581 1978 46 35 als
2648 1979 90 33 einer

1411 2046 55 34 der
1485 2047 164 31 Vertreter
1675 2043 56 33 der
1757 2044 159 44 jüngsten
1935 2037 201 47 Gestaltung
2156 2036 56 35 der
2235 2033 251 36 französischen
2511 2032 140 34 Malerei
2676 2044 41 21 an-

1409 2097 138 49 geführt
1573 2096 105 40 wird,
1712 2109 37 20 so
1775 2099 126 42 mögen
1926 2091 85 35 viele
2032 2091 70 34 sich
2130 2088 155 37 versucht
2305 2085 134 50 gefühlt
2458 2085 122 41 haben,
2601 2086 35 33 in
2662 2085 75 33 ihm

1411 2153 97 34 einen
1544 2146 305 48 verhältnismäfsig
1882 2149 124 44 jungen
2034 2143 160 35 Künstler
2225 2155 39 21 zu
2298 2138 186 40 erblicken,
2520 2137 218 48 womöglich

1411 2206 97 33 einen
1527 2201 213 48 Nachfolger
1760 2203 146 36 Manets,
1933 2198 54 34 des
2008 2196 205 48 Begründers
2239 2194 56 34 der
2315 2191 303 36 Freilichtmalerei.
2657 2191 81 34 Und

1411 2271 103 22 wenn
1540 2257 45 33 sie
1604 2269 59 35 gar
1681 2255 139 38 hörten,
1848 2250 70 36 dafs
1939 2252 109 46 einige
2068 2250 135 47 geneigt
2229 2248 99 39 seien,
2349 2246 57 34 ihn
2427 2245 57 34 für
2503 2245 64 34 den
2587 2243 151 49 gröfsten

1412 2311 56 34 der
1496 2309 273 50 gegenwärtigen
1799 2304 249 36 französischen
2076 2302 110 35 Maler
2214 2314 41 21 zu
2283 2299 132 41 halten,
2445 2312 37 20 so
2511 2297 153 35 konnten
2692 2297 46 34 sie

1411 2365 104 34 leicht
1535 2362 170 39 fürchten,
1726 2374 30 20 es
1772 2359 112 35 werde
1905 2356 55 35 für
1975 2358 98 33 einen
2089 2355 109 35 bisher
2213 2366 84 36 ganz
2312 2351 239 36 unbekannten
2567 2349 170 42 Künstler,

1413 2419 56 33 der
1489 2417 69 35 sich
1581 2424 62 26 erst
1662 2414 92 34 noch
1773 2425 41 21 zu
1834 2412 181 34 bewähren
2034 2408 98 40 habe,
2153 2408 54 35 die
2226 2405 262 36 Lärmtrommel
2507 2404 146 47 gerührt.

1493 2473 85 31 Dem
1597 2470 42 32 ist
1660 2467 76 35 aber
1764 2465 94 35 nicht
1877 2478 47 21 so.
1972 2466 110 44 Degas
2103 2463 40 33 ist
2163 2462 47 33 im
2232 2461 97 45 Jahre
2354 2459 99 48 1834
2472 2457 159 48 geboren,
2651 2457 88 34 steht

1413 2524 69 35 also
1508 2527 75 43 jetzt
1609 2521 117 35 bereits
1752 2520 47 32 im
1823 2517 94 35 Alter
1944 2529 66 22 von
2035 2518 17 33 6
2063 2528 13 33 3
2107 2516 130 43 Jahren.
2276 2516 40 31 Er
2340 2513 59 34 hat
2425 2511 92 34 noch
2544 2510 52 34 die
2617 2509 122 35 Schule

1412 2590 69 22 von
1500 2579 124 45 Ingres,
1641 2574 76 34 dem
1734 2574 135 43 Haupte
1886 2569 56 35 der
1961 2568 249 35 französischen
2225 2565 228 40 Klassizisten,
2473 2563 266 48 durchgemacht

1412 2630 72 35 und
1508 2630 58 34 hat
1593 2627 107 35 schon
1728 2626 35 34 in
1791 2624 65 34 den
1882 2621 165 49 fünfziger
2069 2622 120 44 Jahren
2208 2634 40 20 zu
2272 2618 113 35 malen
2411 2617 188 48 begonnen.
2642 2616 97 34 Seine

1414 2683 111 35 besten
1547 2680 110 36 Bilder
1677 2679 75 34 sind
1778 2679 35 33 in
1834 2676 63 34 den
1918 2675 166 47 sechziger
2108 2674 72 35 und
2204 2671 159 48 siebziger
2385 2671 120 45 Jahren
2531 2668 207 36 entstanden.

1413 2739 87 33 Wer
1520 2736 46 33 sie
1586 2735 100 33 sehen
1703 2730 89 41 will,
1813 2728 89 36 mufs
1922 2729 89 34 nach
2031 2726 161 36 Amerika
2211 2725 107 49 gehen
2338 2723 81 36 oder
2437 2724 133 34 schwer
2590 2726 129 44 zugäng-

1415 2790 87 34 liche
1535 2788 123 34 Pariser
1691 2781 352 48 Privatsammlungen
2077 2778 193 37 aufsuchen.
2335 2777 96 36 1880
2471 2777 107 33 schon
2610 2774 130 36 konnte

1415 2845 213 44 Huysmans,
1667 2839 56 34 der
1762 2834 263 37 entschiedenste
2060 2831 229 50 Vorkämpfer
2326 2831 57 34 der
2423 2829 186 35 modernen
2649 2827 75 36 fran-

1415 2895 170 36 zösischen
1605 2896 125 35 Kunst,
1756 2903 67 22 von
1848 2889 73 34 ihm
1941 2887 187 35 schreiben:
2156 2885 76 36 c’est
2251 2885 30 34 le
2308 2884 74 49 plus
2402 2883 105 48 grand
2527 2883 129 47 peintre
2676 2895 66 35 que

1415 2962 85 22 nous
1526 2945 195 51 possedions
1747 2941 228 48 aujourd’hui.
2020 2939 81 35 Und
2133 2943 77 43 jetzt
2236 2937 74 35 sind
2335 2937 53 33 die
2416 2939 132 31 Kenner
2571 2934 95 35 nicht
2692 2935 50 34 im

1416 3001 173 37 Unklaren
1604 2998 151 39 darüber,
1773 2994 71 36 dafs
1861 3008 32 21 er
1975 2993 45 34 als
2036 2992 110 35 Maler
2218 2989 139 37 sowohl
2371 2990 99 34 Puvis
2486 2988 40 35 de
2543 2989 197 34 Chavannes

1415 3057 68 34 wie
1503 3056 117 33 Manet
1641 3050 165 47 überragt.
1849 3048 97 34 Diese
1966 3047 285 46 Wertschätzung
2270 3043 123 35 äufsert
2413 3042 71 35 sich
2505 3042 89 34 auch
2613 3042 35 34 in
2677 3041 65 35 den

1416 3109 139 39 Preisen,
1586 3106 52 34 die
1667 3102 56 35 für
1747 3103 88 34 seine
1855 3100 108 35 Bilder
1987 3099 132 48 gezahlt
2142 3099 149 35 werden.
2329 3096 140 40 Sachen,
2493 3095 54 35 die
2575 3095 84 35 einst
2679 3095 63 34 mit

1420 3175 42 33 25
1527 3171 132 36 50000
1680 3155 148 36 Franken
1851 3153 132 35 bezahlt
2006 3152 144 35 worden
2175 3151 87 44 sind,
2286 3150 139 36 werden
2445 3147 296 49 zurückgehalten,

1418 3215 41 35 da
1480 3214 51 34 die
1551 3215 197 44 Bewegung
1766 3208 90 35 noch
1882 3207 120 34 immer
2020 3207 49 33 im
2088 3203 200 49 Aufsteigen
2314 3201 165 50 begriffen
2507 3203 52 34 ist.
2606 3201 136 35 Wurde

1418 3268 90 34 doch
1523 3280 27 22 z.
1562 3268 35 32 B.
1613 3266 52 33 ein
1681 3262 108 35 kaum
1807 3257 321 50 halblebensgrofses
2144 3258 132 40 Pastell,
2293 3257 52 35 die
2361 3255 117 35 Studie
2493 3255 90 35 einer
2598 3254 145 36 nackten

1417 3323 93 37 Frau,
1540 3319 56 35 das
1623 3314 121 51 gewifs
1770 3313 238 49 ursprünglich
2027 3325 64 21 nur
2114 3312 62 34 mit
2203 3311 130 47 einigen
2359 3308 139 36 tausend
2516 3307 150 36 Franken
2687 3307 38 35 be-

1419 3374 89 35 zahlt
1527 3370 145 37 worden
1691 3381 86 27 war,
1798 3365 64 36 auf
1878 3366 55 35 der
1952 3365 257 48 Versteigerung
2228 3365 57 34 der
2304 3362 219 36 Vever’schen
2544 3361 201 48 Sammlung

1418 3428 35 34 in
1473 3426 87 35 Paris
1580 3425 49 33 im
1642 3422 141 35 Februar
1803 3420 102 35 dieses
1925 3419 109 45 Jahres
2053 3416 56 36 für
2128 3419 96 33 mehr
2244 3418 46 34 als
2317 3429 37 23 11
2370 3429 74 23 000
2466 3414 149 36 Franken
2635 3415 109 34 einem

1418 3476 250 39 Kunsthändler
1693 3473 257 49 zugeschlagen,
1977 3471 58 35 der
2066 3484 71 22 nun
2165 3471 118 34 bereits
2319 3482 132 34 25000
2479 3468 99 36 dafür
2605 3466 139 37 fordert.

1418 3532 114 36 Wohl
1549 3528 151 51 gemerkt
1715 3527 74 36 sind
1805 3527 68 34 dies
1893 3525 94 35 nicht
2006 3525 117 40 Preise,
2140 3523 52 35 die
2208 3523 106 35 durch
2335 3523 52 35 die
2403 3522 215 36 wandelbare
2633 3525 112 31 Gunst

1420 3587 57 34 der
1496 3586 133 33 Massen
1649 3582 82 35 oder
1750 3580 106 35 durch
1876 3579 53 34 die
1950 3581 112 32 Laune
2087 3577 207 35 bestimmter
2314 3574 349 37 Gesellschaftskreise
2689 3574 38 35 be-

1420 3640 97 46 dingt
1543 3635 138 37 werden
1772 3633 89 35 denn
1882 3635 107 45 Degas
2010 3632 41 34 ist
2072 3631 86 35 auch
2189 3631 35 34 in
2243 3631 88 34 Paris
2352 3629 100 35 selbst
2478 3629 55 35 der
2558 3631 110 32 Masse
2689 3628 56 34 der

606 3706 83 15 SKIZZE

301 3710 68 14 PUVIS
386 3709 33 14 DE
434 3708 157 18 CHAVANNES
