3546 4572
1380 3918 185 41 63

275 544 104 35 stolze
399 546 221 51 Verachtung
649 548 58 35 der
726 550 218 38 Aufsenwelt
969 556 54 34 ein
1042 557 216 50 Unterpfand
1282 558 56 38 für
1357 562 96 35 einen

274 597 106 36 freien
406 601 217 42 Unterricht,
658 602 57 35 der
745 604 78 36 dem
849 607 122 35 Talent
996 610 89 46 jedes
1110 612 179 36 Einzelnen
1319 616 135 47 gerecht

273 652 90 35 wird
392 653 72 35 und
494 654 54 35 die
573 655 226 37 individuelle
823 660 171 36 Initiative
1022 663 206 49 respektiert.
1272 668 182 36 Vielleicht

274 705 76 35 aber
376 706 160 37 weckten
558 710 89 34 auch
673 710 54 35 die
748 710 224 49 begeisterten
990 719 128 33 Worte
1136 720 26 43 J.
1183 722 40 32 K.
1246 722 205 46 Huysmans’

273 760 34 33 in
333 759 97 36 l’Art
455 762 196 37 moderne
677 764 70 35 und
767 766 37 33 in
823 768 31 32 A
879 767 172 37 rebours
1072 770 57 36 das
1149 773 154 46 geheime
1322 774 131 37 Gefühl

273 814 90 35 einer
410 828 145 35 engeren
602 819 426 49 Zusammengehörigkeit
1066 824 35 34 in
1133 825 104 36 ihnen
1283 828 69 35 und
1399 829 54 36 die

273 870 209 40 Zuversicht,
503 870 37 35 in
560 870 109 36 ihrem
689 872 190 35 Stammeln
898 874 72 34 und
990 877 135 35 Suchen
1145 880 88 33 nach
1252 880 78 35 dem
1348 882 103 36 ihnen

271 923 314 37 vorschwebenden
604 924 92 36 Ideal
717 926 203 36 verstanden
939 941 42 21 zu
1000 930 152 36 werden.

353 977 81 35 Eine
459 978 192 35 Thatsache
678 978 106 36 bleibt
809 979 203 39 zweifellos.
1069 984 68 35 Seit
1164 985 77 36 dem
1275 1000 29 23 i.
1329 990 124 43 Januar

277 1031 111 46 1892,
409 1046 61 21 wo
486 1035 151 32 Gustave
652 1035 147 33 Moreau
820 1032 65 36 auf
895 1034 72 36 Elie
984 1036 179 48 Delaunay
1181 1039 49 34 im
1245 1039 208 38 Professorat

270 1098 43 21 an
334 1084 56 36 der
409 1084 190 36 Akademie
619 1085 123 50 folgte,
762 1087 122 35 wurde
905 1090 71 34 sein
996 1089 128 37 Atelier
1143 1091 56 35 der
1218 1093 233 38 Zufluchtsort

270 1139 80 34 aller
377 1138 278 51 kampflustigen
681 1140 316 38 Individualitäten.
1043 1145 64 33 Die
1133 1145 144 42 Werke,
1301 1147 54 36 die
1378 1149 74 35 hier

270 1192 211 42 entstanden,
493 1194 162 34 stimmen
672 1195 63 33 mit
747 1193 109 35 denen
872 1195 57 35 der
945 1195 172 37 kühnsten
1127 1200 152 34 Neuerer
1294 1200 155 37 draufsen

268 1260 208 22 zusammen.
534 1248 116 34 Dieses
672 1247 332 39 Zusammentreffen
1030 1251 43 34 ist
1100 1253 60 34 seit
1180 1266 176 34 geraumer
1375 1257 74 34 Zeit

268 1301 107 34 schon
391 1300 89 36 allen
495 1299 224 50 aufgefallen,
739 1301 54 35 die
808 1303 178 49 neugierig
1001 1305 89 34 nach
1106 1305 56 35 der
1177 1307 271 50 Weiterbildung

268 1354 56 35 der
349 1367 112 22 neuen
487 1357 113 33 Kunst
627 1355 144 49 spähen,
801 1356 237 36 insbesondere
1065 1358 60 41 da,
1154 1373 61 21 wo
1244 1361 47 34 sie
1315 1362 72 34 sich
1411 1364 36 33 in

266 1407 108 36 voller
394 1409 142 35 Freiheit
557 1409 69 35 und
648 1409 90 35 ohne
759 1410 73 34 sich
851 1409 234 37 unterwerfen
1105 1425 40 22 zu
1165 1418 146 36 müssen,
1339 1414 107 49 geben

267 1461 108 43 kann,
404 1463 35 33 in
461 1462 63 35 den
550 1462 300 49 „Independants“
877 1464 83 34 oder
985 1465 54 33 bei
1060 1467 80 34 Bare
1165 1465 41 36 de
1232 1469 214 36 Boutteville.

267 1515 244 36 Verschiedene
537 1517 141 34 Schüler
704 1519 164 33 Moreaus
902 1518 148 34 scheuen
1082 1519 72 35 sich
1181 1521 97 34 nicht
1309 1522 50 35 im
1387 1536 40 34 ge-

266 1570 166 48 ringsten,
472 1583 42 21 an
549 1570 114 35 diesen
701 1571 315 35 umstürzlerischen
1049 1572 287 49 Kundgebungen
1369 1575 62 35 teil-

266 1624 202 40 zunehmen,
489 1623 71 35 und
580 1637 83 22 man
682 1623 94 35 kann
795 1625 97 34 nicht
912 1625 91 34 ohne
1023 1625 153 36 Lächeln
1197 1639 43 22 an
1261 1628 53 34 die
1333 1630 113 34 Ironie

265 1676 150 43 denken,
451 1676 53 36 die
536 1678 36 34 in
606 1677 57 35 der
691 1678 191 36 Thatsache
916 1678 96 48 liegt,
1046 1677 73 37 dafs
1146 1680 72 35 sich
1246 1681 121 35 mitten
1397 1683 47 34 im

266 1728 212 38 offiziellsten
498 1731 196 49 Heiligtum
714 1733 56 33 ein
788 1731 312 36 Revolutionsherd
1120 1733 192 36 entzündet.

344 1785 84 34 Eine
455 1785 109 35 derart
593 1783 200 51 freimütige
812 1784 307 50 Unabhängigkeit
1146 1786 150 36 erweckt
1323 1788 121 35 immer

264 1838 53 34 ein
335 1839 172 48 günstiges
524 1839 174 35 Vorurteil
719 1839 90 35 auch
825 1837 56 37 für
897 1839 65 35 den
976 1840 197 34 Unterricht
1188 1840 110 37 selbst.
1329 1842 114 35 Dieser

262 1892 210 41 Unterricht,
493 1892 58 35 der
577 1891 63 37 auf
663 1892 76 35 dem
761 1893 257 48 gleichzeitigen
1044 1892 159 36 Studium
1227 1895 139 34 sowohl
1386 1895 58 35 der

263 1944 207 37 klassischen
497 1947 140 34 Meister
666 1946 47 34 als
744 1947 57 35 der
828 1949 116 32 Natur
972 1946 131 43 beruht,
1133 1947 76 35 zielt
1237 1948 87 35 nach
1354 1949 88 34 einer

262 1998 281 50 gleichmäfsigen
566 1999 220 50 Ausbildung
819 2000 58 35 der
909 2000 164 49 geistigen
1102 2000 158 49 Anlagen
1287 2001 72 35 und
1385 2002 58 35 der

261 2053 220 35 technischen
506 2054 214 34 Kenntnisse.
778 2055 65 34 Die
872 2053 168 35 Besucher
1067 2054 49 34 im
1145 2056 132 33 Louvre
1310 2054 131 35 bleiben

261 2108 165 34 mitunter
456 2121 62 21 vor
548 2108 135 49 Kopien
712 2109 135 40 stehen,
880 2107 55 35 die
966 2107 103 35 ihnen
1098 2107 108 35 durch
1234 2106 95 36 tiefes
1359 2110 63 33 Ver-

259 2161 151 34 ständnis
440 2159 55 37 für
524 2161 57 35 das
608 2161 160 48 Original
801 2161 73 35 und
904 2161 108 35 durch
1039 2161 54 34 die
1119 2161 240 48 Begeisterung
1385 2161 56 35 der

260 2214 259 49 Uebertragung
539 2213 179 37 auffallen.
758 2216 53 34 Sie
830 2225 167 25 stammen
1018 2213 65 36 fast
1103 2213 65 35 alle
1188 2227 70 23 von
1277 2217 162 33 Moreaus

260 2267 174 36 Schülern.
492 2269 64 34 Die
576 2267 205 50 Vertiefung
807 2269 35 34 in
864 2268 65 35 alte
950 2269 139 34 Meister
1115 2267 98 35 sollte
1233 2267 79 35 kein
1333 2268 105 35 Tadel

259 2322 80 35 sein.
397 2321 193 42 Delacroix,
611 2325 138 39 Manet,
772 2323 54 34 die
845 2321 298 49 unabhängigsten
1168 2321 80 35 aller
1268 2321 169 42 Künstler,

261 2374 108 36 haben
385 2375 296 49 unwiderlegbare
697 2377 183 47 Zeugnisse
896 2375 233 40 hinterlassen,
1150 2373 73 36 dafs
1239 2375 47 34 sie
1300 2374 137 35 Rubens

257 2429 72 34 und
348 2429 186 48 Velasquez
555 2429 182 49 gründlich
757 2429 142 35 studiert
918 2428 124 36 haben.

339 2482 89 35 Aber
458 2484 88 34 auch
576 2482 193 37 aufserhalb
800 2483 56 35 des
886 2486 133 31 Louvre
1048 2480 92 50 giebt
1169 2494 32 22 es
1230 2481 92 35 noch
1351 2482 86 34 zwei

257 2536 283 48 Gelegenheiten,
571 2537 53 35 die
662 2537 141 35 Schüler
822 2539 162 32 Moreaus
1014 2548 39 22 zu
1080 2534 205 41 beurteilen,
1315 2535 37 33 in
1372 2534 64 35 den

255 2590 172 41 „Salons“
453 2590 70 34 und
550 2591 36 34 in
613 2590 65 35 den
703 2590 267 47 Ausstellungen
996 2589 57 34 der
1072 2587 160 36 Arbeiten
1258 2588 57 34 der
1340 2587 72 35 Aka-

256 2643 123 41 demie,
395 2643 55 36 die
465 2644 88 35 nach
569 2643 134 36 Schlufs
721 2644 88 35 eines
823 2644 99 47 jeden
936 2642 211 48 Schuljahres
1162 2640 204 36 stattfinden.

337 2697 63 34 Die
433 2700 209 46 Ernennung
669 2701 149 32 Gustave
838 2700 163 31 Moreaus
1035 2709 77 21 zum
1146 2693 288 37 Ateliervorstand

256 2750 45 35 als
322 2749 217 50 Nachfolger
562 2751 71 35 Elie
654 2752 214 46 Delaunays,
889 2763 75 22 war
985 2751 35 33 in
1040 2749 180 49 gewissem
1240 2748 100 34 Sinne
1360 2748 74 34 eine

254 2803 186 50 Erfüllung
478 2818 71 22 von
582 2804 117 35 dessen
732 2804 134 35 letztem
899 2803 148 36 Willen.
1117 2804 43 32 Er
1192 2801 59 35 hat
1284 2801 54 34 die
1371 2803 42 32 Be-

254 2857 238 50 wunderung,
520 2858 55 35 die
605 2872 33 21 er
667 2857 57 36 für
745 2862 151 31 Gustave
916 2859 149 32 Moreau
1085 2855 116 47 hegte,
1221 2855 35 34 in
1275 2854 139 34 tausend-

252 2910 116 36 facher
384 2913 119 34 Weise
523 2911 249 50 kundgegeben
793 2911 71 35 und
885 2909 162 36 niemand
1066 2908 99 36 wohl
1181 2907 160 35 bemühte
1361 2907 71 35 sich

251 2966 95 33 mehr
367 2965 46 35 als
441 2979 50 27 er,
518 2968 163 33 Moreaus
702 2965 112 35 Wahl
839 2966 50 33 ins
916 2964 138 34 Institut
1080 2975 42 21 zu
1142 2962 143 39 sichern,
1306 2959 70 35 und
1398 2973 34 21 er

251 3018 136 41 würde,
413 3033 105 21 wenn
543 3019 54 35 die
616 3020 238 47 Bezeichnung
881 3018 105 34 seines
1006 3013 231 49 Nachfolgers
1263 3027 68 22 von
1357 3013 73 34 ihm

251 3072 222 49 abgehangen
491 3072 105 44 hätte,
612 3072 124 36 keinen
751 3072 146 35 anderen
917 3071 47 34 als
980 3072 146 32 Moreau
1141 3076 150 40 genannt
1310 3065 118 36 haben.

249 3126 75 35 Ihre
346 3127 298 49 Kunstprinzipien
673 3126 131 40 haben,
833 3138 105 23 wenn
966 3123 90 35 auch
1076 3123 73 33 eine
1180 3119 182 42 entfernte,
1390 3133 38 20 so

249 3179 90 35 doch
360 3180 73 34 eine
454 3193 84 35 ganz
558 3181 191 34 bestimmte
764 3175 311 40 Verwandtschaft.
1110 3175 68 33 Seit
1204 3174 92 46 1893
1322 3172 106 48 fügen

248 3233 55 34 die
318 3233 121 35 letzten
455 3234 139 35 Schüler
609 3234 197 46 Delaunays
821 3233 36 34 in
872 3232 66 35 den
955 3231 150 47 Champs
1120 3227 131 47 Elysees
1267 3229 160 31 Moreaus

249 3288 137 33 Namen
407 3286 77 36 dem
504 3288 88 34 ihres
614 3287 91 36 alten
720 3285 188 36 Professors
929 3285 65 38 bei,
1016 3295 37 22 so
1068 3280 209 36 namentlich
1293 3282 133 38 Besson,

247 3342 120 39 Braut,
394 3340 235 42 Desvallieres,
656 3344 167 31 Maxence
851 3338 70 35 und
941 3336 171 35 Morisset.
1152 3336 52 32 Im
1232 3333 102 35 Salon
1358 3346 69 20 von

254 3406 10 22 1
277 3394 74 49 894
367 3403 108 26 traten
490 3394 53 35 die
559 3403 107 26 ersten
682 3393 235 50 persönlichen
933 3389 139 36 Schüler
1086 3391 161 31 Moreaus
1265 3384 69 41 auf,
1354 3385 69 34 und

247 3448 110 48 einige
385 3448 116 35 davon
531 3448 219 49 versprechen
779 3447 73 34 eine
882 3445 127 34 schöne
1039 3439 174 40 Zukunft,
1243 3440 69 34 wie
1336 3452 26 21 z.
1388 3440 35 32 B.

246 3502 191 40 Lehmann,
458 3501 145 41 Märtel,
623 3504 123 43 Bussy,
750 3504 10 13 1
781 3503 149 36 Decote,
952 3493 209 50 Evenepoel,
1182 3492 145 35 Garrido
1354 3490 71 35 und

1562 567 92 33 Rene
1681 565 88 40 Piot,
1798 565 58 35 der
1883 564 166 51 Schöpfer
2078 565 57 35 der
2163 565 285 50 unvergefsbaren
2477 568 264 41 „Adoration

1563 618 67 35 des
1656 621 176 46 Mages“.
1870 621 51 33 Im
1945 619 97 46 Jahre
2072 620 94 46 1895
2196 621 194 35 erschienen
2415 621 97 35 mehr
2538 622 46 36 als
2604 622 136 51 fünfzig

1561 671 132 36 Werke
1712 685 69 23 von
1795 675 162 33 Moreaus
1978 672 164 36 Schülern
2161 674 49 34 im
2226 673 115 42 Salon,
2362 675 156 49 zugleich
2533 675 78 37 aber
2631 686 109 27 traten

1561 727 200 47 Symptome
1790 724 78 43 auf,
1901 726 55 36 die
1983 727 101 35 wohl
2117 727 179 36 verdienen
2326 727 154 37 bemerkt
2512 743 42 22 zu
2587 732 150 36 werden.

1561 778 63 34 Die
1641 781 80 46 Jury
1740 779 129 49 bezeigt
1889 780 65 35 den
1973 780 163 36 Schülern
2156 784 160 33 Moreaus
2337 782 53 35 ein
2410 781 189 38 offenbares
2615 785 104 36 Uebel-

1559 832 150 43 wollen;
1730 846 79 22 man
1828 833 181 35 behandelt
2035 835 47 34 sie
2100 835 69 35 wie
2189 835 269 37 Revolutionäre
2478 837 69 35 und
2568 838 96 36 lehnt
2683 839 55 35 die

1560 884 303 38 bemerkenswerte
1886 887 148 46 Judith
2053 901 69 22 von
2142 889 164 35 Bourbon
2326 889 53 42 ab,
2399 890 101 36 deren
2519 893 219 49 Darstellung

1559 939 64 34 mit
1638 939 192 49 derjenigen
1846 940 107 35 Emile
1963 941 161 35 Bernards
2140 942 202 36 sonderbare
2352 943 194 50 Analogien
2563 945 171 36 aufweist.

1559 992 222 49 Gleichzeitig
1801 994 118 35 taucht
1943 995 36 33 in
1998 995 296 37 Künstlerkreisen
2322 997 56 35 das
2399 998 152 35 Gerücht
2578 999 65 35 auf
2664 1001 71 34 und

1558 1044 159 50 befestigt
1732 1047 72 35 sich
1818 1047 122 35 immer
1954 1047 111 36 mehr:
2081 1051 146 34 Moreau
2239 1051 115 35 werde
2365 1065 69 22 von
2446 1053 114 34 seinen
2572 1053 163 36 Schülern

1559 1099 90 35 ohne
1669 1100 119 35 Gnade
1806 1100 226 49 nachgemalt.
2070 1105 41 31 Es
2131 1103 42 35 ist
2196 1107 33 43 ja
2256 1117 74 21 nun
2349 1105 100 35 wohl
2472 1107 167 46 möglich,
2660 1107 73 36 dafs

1558 1152 72 34 eine
1650 1152 112 36 kleine
1781 1153 208 36 Minderheit
2005 1158 121 46 junger
2145 1159 104 32 Leute
2272 1157 91 35 ohne
2382 1157 196 37 wirkliches
2597 1160 135 42 Talent,

1557 1218 59 21 aus
1636 1206 142 48 Mangel
1797 1220 44 22 an
1860 1209 134 46 eigener
2008 1209 267 36 Persönlichkeit
2294 1224 40 22 zu
2350 1211 127 36 blofser
2490 1214 241 35 Nachmalerei

1556 1258 206 47 gekommen
1777 1261 53 34 ist.
1868 1261 53 34 Sie
1941 1265 118 31 wären
2075 1262 63 35 alle
2157 1262 173 48 jedenfalls
2346 1265 78 35 aber
2443 1279 69 22 von
2527 1267 203 36 vornherein

1555 1311 173 36 bestimmt
1747 1326 168 35 gewesen,
1936 1314 96 35 ihren
2052 1315 132 43 Führer,
2205 1331 73 21 wer
2293 1331 33 21 es
2347 1331 73 22 nun
2439 1320 88 35 auch
2547 1321 93 34 hätte
2659 1322 71 34 sein

1555 1363 156 43 können,
1736 1379 41 22 zu
1802 1366 179 50 kopieren,
2002 1368 71 34 und
2101 1383 31 20 es
2159 1370 42 34 ist
2219 1370 185 43 Thorheit,
2430 1374 148 34 Moreau
2597 1373 133 36 hierfür

1555 1419 280 35 verantwortlich
1861 1421 145 35 machen
2041 1435 40 21 zu
2106 1423 138 35 wollen.
2305 1425 65 35 Die
2399 1427 329 47 Gegensätzlichkeit

1555 1470 56 35 der
1630 1472 224 36 behandelten
1873 1472 107 37 Stoffe
2000 1475 86 48 zeigt
2105 1475 174 49 übrigens,
2307 1479 69 34 wie
2402 1480 117 48 wenig
2545 1481 183 48 zwingend

1554 1523 57 36 das
1624 1526 86 44 Joch
1724 1526 89 35 einer
1827 1528 250 46 gemeinsamen
2093 1529 161 49 Disziplin
2271 1531 53 36 ist.
2348 1532 64 34 Ein
2427 1532 203 37 Ueberblick
2647 1534 81 35 über

1554 1576 53 35 die
1639 1579 236 48 ausgestellten
1909 1581 164 35 Gemälde
2110 1583 127 47 ergiebt
2268 1583 36 35 in
2337 1584 57 35 der
2425 1587 106 40 That,
2566 1587 72 35 dafs
2672 1588 54 35 die

1553 1632 138 34 meisten
1729 1632 160 36 Arbeiten
1946 1633 77 35 dem
2066 1639 141 37 „Genre
2256 1636 41 34 de
2341 1639 131 34 verite“
2519 1641 204 47 angehören.

1552 1686 119 33 Wenn
1691 1698 80 21 man
1790 1685 54 35 die
1858 1686 119 36 Salons
1998 1701 69 22 von
2088 1689 110 47 1895,
2220 1690 41 35 18
2270 1693 46 43 96
2340 1691 70 35 und
2432 1693 110 45 1897,
2562 1695 35 33 in
2617 1694 107 37 denen

1552 1736 54 35 die
1634 1738 149 49 Beiträge
1813 1752 57 22 aus
1900 1740 78 35 dem
2002 1742 126 34 Atelier
2152 1745 162 33 Moreaus
2343 1745 123 35 immer
2495 1745 230 38 bedeutsamer

1552 1790 155 42 werden,
1741 1793 89 34 einer
1861 1794 250 47 gemeinsamen
2136 1794 153 50 Prüfung
2321 1798 205 42 unterzieht,
2556 1813 38 21 so
2620 1801 104 35 findet

1552 1856 78 21 man
1645 1844 107 35 neben
1773 1846 108 35 einem
1897 1847 158 35 Künstler
2074 1857 107 26 ersten
2196 1851 132 47 Ranges
2347 1851 64 35 mit
2431 1851 57 35 der
2507 1853 219 37 erhabensten

1550 1895 214 50 Auffassung
1797 1898 56 35 der
1890 1900 226 36 historischen
2150 1902 225 43 Landschaft,
2413 1905 110 35 neben
2556 1908 166 41 Rouault,

1550 1950 244 35 Landschafter
1811 1952 70 35 wie
1907 1954 166 34 Cachoud
2098 1955 71 34 und
2193 1957 117 45 Mery,
2339 1957 291 37 Sittenschilderer
2652 1962 70 34 wie

1549 2003 205 49 Evenepoel,
1773 2007 123 33 Besson
1921 2006 81 35 oder
2021 2007 231 42 Milcendeau,
2256 2013 10 13 1
2286 2009 133 36 beredte
2437 2013 203 42 Intimisten,
2667 2015 52 34 die

1550 2055 64 35 den
1634 2058 79 33 Reiz
1729 2056 54 35 des
1800 2058 221 49 gedämpften
2035 2061 133 35 Lichtes
2185 2062 35 34 in
2236 2062 102 35 stiller
2353 2064 204 49 Behausung
2571 2067 132 35 meister-

1549 2107 75 36 haft
1636 2110 255 36 auszudrücken
1902 2114 182 40 verstehen,
2095 2115 69 35 wie
2172 2116 173 41 Morisset,
2354 2116 363 45 Sabatte,Beronneau,

1547 2163 142 41 Märtel,
1710 2164 97 40 Petit,
1827 2165 148 43 Matisse,
1997 2169 128 33 Decote
2143 2168 73 35 und
2235 2168 204 37 schliefslich
2458 2171 260 49 hauptsächlich

1548 2216 246 37 Porträtmaler.
1832 2218 66 34 Die
1917 2219 148 41 Werke,
2093 2220 52 35 die
2171 2234 82 22 man
2278 2235 70 22 von
2376 2223 112 35 diesen
2513 2225 103 41 sieht,
2642 2227 74 34 sind

1547 2267 77 36 bald
1645 2268 112 36 kleine
1772 2270 120 42 Bilder,
1913 2272 37 34 in
1969 2272 107 35 denen
2095 2272 57 36 das
2167 2274 135 35 Modell
2316 2277 64 33 mit
2397 2276 125 35 tiefster
2535 2279 179 43 Intimität,

1545 2322 36 34 in
1597 2323 113 34 seinen
1724 2323 275 36 individuellsten
2014 2326 277 36 Gewohnheiten
2305 2328 192 49 dargestellt
2510 2331 54 40 ist,
2582 2332 133 48 (Bussy,

1545 2377 183 40 Maxence,
1753 2379 157 45 Dupont,
1940 2378 163 43 Calliard,
2130 2381 217 48 Lorgeoux),
2373 2382 77 36 bald
2477 2385 181 42 Gemälde,
2678 2387 37 34 in

1544 2427 168 42 welchen,
1733 2430 45 33 sei
1797 2443 31 21 es
1849 2430 55 35 ein
1917 2430 107 50 Kopf,
2039 2432 47 34 sei
2105 2445 31 22 es
2157 2434 73 34 eine
2243 2436 99 33 Büste
2363 2436 80 34 oder
2458 2437 54 34 ein
2528 2437 100 36 Profil
2643 2439 71 35 sich

1544 2494 68 22 von
1637 2482 110 42 eifern
1772 2482 152 35 dunklen
1947 2485 233 48 Hintergrund
2204 2486 124 36 abhebt
2354 2489 142 47 (Burdy,
2521 2493 191 42 Mouthon,

1544 2534 191 48 Baigneres,
1756 2536 216 48 Vigoureux,
1999 2539 149 40 Guerin,
2175 2538 173 44 Flandrin,
2369 2541 41 35 de
2429 2543 176 49 Mathan).
2645 2548 67 32 Das

1543 2589 235 33 Gemeinsame
1813 2589 52 35 bei
1898 2589 44 35 all
1976 2590 87 35 diese
2095 2592 188 36 Gemälden
2315 2595 42 34 ist
2389 2596 54 34 ein
2477 2598 150 34 Betonen
2657 2598 55 36 des

1543 2640 355 44 Charakteristischen,
1928 2643 57 34 das
2014 2643 142 36 beinahe
2175 2646 73 46 Styl
2267 2647 101 36 wird.
2372 2651 11 14 2
2425 2651 68 32 Das
2514 2650 90 34 Alles
2635 2651 77 35 aber

1541 2693 178 49 widerlegt
1743 2695 98 34 wohl
1866 2695 73 35 aufs
1964 2697 316 36 unumstöfslichste
2316 2700 54 35 die
2397 2714 78 22 zum
2503 2703 208 36 Ueberdrufs

1540 2746 120 35 immer
1684 2747 127 35 wieder
1830 2749 241 48 vorgebrachte
2099 2751 71 34 und
2198 2752 235 48 ausgebeutete
2453 2757 174 34 erwähnte
2649 2759 41 33 Be-

1540 2799 240 49 schuldigung.
1814 2803 83 33 Wie
1912 2803 120 34 immer
2046 2809 172 42 genügten
2234 2806 54 34 ein
2303 2820 80 35 paar
2397 2809 194 35 vereinzelte
2606 2810 104 44 Fälle;

1540 2852 57 35 das
1618 2866 41 21 zu
1681 2851 246 38 Denkfaulheit
1946 2857 164 47 neigende
2125 2857 184 36 Publikum
2330 2858 133 50 begann
2482 2874 40 22 zu
2542 2864 149 46 generali-

1538 2906 122 40 sieren,
1681 2907 132 34 machte
1839 2907 54 35 die
1911 2909 196 35 Ausnahme
2132 2923 58 22 zur
2213 2911 105 48 Regel
2337 2914 73 34 und
2437 2914 93 48 giebt
2549 2916 53 34 die
2622 2916 86 36 Elite

1539 2959 89 34 einer
1647 2959 121 35 Schule
1788 2959 216 49 allgemeiner
2023 2962 132 36 blinder
2175 2965 275 50 Verdächtigung
2470 2969 94 48 preis.

1618 3015 39 31 Es
1673 3013 42 34 ist
1728 3016 31 44 ja
1775 3013 120 48 gerade
1910 3013 58 36 das
1978 3016 186 47 Gegenteil,
2182 3017 57 35 das
2255 3018 64 35 den
2334 3021 196 34 Unterricht
2545 3024 160 34 Moreaus

1536 3078 38 20 so
1594 3065 159 35 wertvoll
1772 3067 133 40 macht,
1929 3068 152 35 nämlich
2100 3070 89 34 seine
2209 3070 154 37 absolute
2389 3073 161 50 Achtung
2570 3089 60 21 vor
2650 3076 58 35 der

1536 3118 277 36 Persönlichkeit.
1868 3123 40 31 Es
1932 3121 43 34 ist
1999 3121 56 35 das
2083 3123 55 33 ein
2162 3123 109 35 hoher
2297 3125 71 34 und
2395 3126 141 37 seltener
2556 3131 147 47 Vorzug,

1536 3171 58 34 der
1618 3172 83 34 weit
1726 3171 82 35 über
1834 3172 54 35 die
1905 3175 145 44 Jetztzeit
2069 3175 123 35 hinaus
2211 3177 200 50 Bedeutung
2440 3181 77 41 hat,
2545 3182 71 35 und
2636 3196 69 22 von

1536 3224 77 35 dem
1635 3238 65 21 nur
1719 3227 117 46 Eugen
1858 3227 145 34 Carriere
2029 3229 93 33 noch
2149 3229 54 34 ein
2230 3232 136 34 zweites
2387 3234 138 49 Beispiel
2554 3236 150 47 gegeben

1534 3278 69 34 hat.
1659 3278 82 34 Wie
1770 3291 57 21 zur
1846 3280 74 34 Zeit
1947 3279 56 35 der
2029 3283 220 35 Renaissance
2279 3285 142 36 bemüht
2448 3287 71 35 sich
2543 3291 160 40 Moreau,

1534 3331 89 34 seine
1652 3330 140 35 Schüler
1817 3331 133 36 kennen
1970 3346 39 21 zu
2036 3333 133 42 lernen,
2198 3349 34 22 er
2260 3335 92 51 folgt
2379 3339 101 36 ihnen
2502 3342 123 35 Schritt
2648 3342 57 36 für

1534 3384 141 40 Schritt,
1705 3398 59 21 um
1783 3386 47 33 sie
1860 3384 72 36 aufs
1952 3389 91 32 Beste
2063 3386 123 37 führen
2206 3403 40 21 zu
2265 3389 157 45 können,
2453 3395 70 34 und
2548 3408 38 21 so
2611 3396 93 48 giebt

1533 3450 31 21 es
1586 3436 88 35 denn
1694 3438 87 34 auch
1802 3438 52 35 bei
1872 3439 73 34 ihm
1964 3440 95 34 nicht
2084 3441 52 35 die
2156 3441 295 47 oberflächlichen,
2471 3446 231 51 landläufigen

750 3504 10 14 X

329 3636 10 13 1
364 3632 75 30 Eine
458 3632 315 39 Sonderausstellung
799 3629 54 30 der
870 3628 130 31 Pastelle
1018 3627 119 40 Bussy’s
1154 3624 66 31 und
1245 3623 55 30 der
1315 3620 89 32 Zeich-

244 3687 128 30 nungen
404 3677 143 30 Martel’s
585 3676 53 30 hat
675 3676 45 30 im
753 3675 91 30 Marz
877 3673 66 30 und
975 3671 91 41 April
1101 3669 49 30 bei
1183 3666 238 33 Durand-Ruel

244 3721 250 40 stattgefunden.

2372 2651 11 14 2

1614 3537 10 13 1
1646 3533 202 31 Milcendeau
1871 3533 53 31 hat
1951 3541 83 31 1897
2057 3536 44 29 im
2116 3536 119 43 Champ
2261 3539 36 31 de
2315 3541 85 31 Mars
2426 3552 38 25 50
2483 3542 108 32 höchst
2607 3545 80 30 inter-

1532 3586 116 21 essante
1673 3577 224 42 Zeichnungen
1922 3580 233 41 (Bauerntypen
2184 3593 53 19 aus
2268 3584 54 30 der
2345 3587 142 40 Vendee)
2512 3591 187 39 ausgestellt.

1611 3626 11 14 2
1647 3621 66 30 Der
1737 3622 84 30 Staat
1844 3623 52 29 hat
1919 3623 52 30 für
1996 3624 49 30 die
2068 3625 134 32 Museen
2224 3628 113 31 Werke
2362 3642 63 19 von
2449 3633 104 37 Braut,

1530 3665 163 38 Morisset,
1718 3667 136 37 Sabatte,
1878 3667 129 39 Märtel,
2030 3669 142 39 Matisse,
2196 3672 137 40 Decote,
2358 3675 122 43 Burdy,
2505 3679 194 38 Beronneau,

1530 3712 96 40 Bussy
1649 3710 65 30 und
1739 3711 202 31 Milcendeau
1964 3714 178 39 angekauft.
