5130 6921
4906 6756 59 43 83

162 247 171 59 deckt,
378 249 235 59 nämlich,
661 248 92 49 das
797 247 227 51 Theater
1069 252 49 47 in
1165 250 89 49 der
1300 249 375 55 Königgrätzer

162 330 188 51 Straße
395 335 182 53 spielte
619 336 48 45 in
714 332 272 50 derselben
1034 333 200 50 Woche
1277 338 134 45 zwei
1452 333 228 48 Dramen

161 429 109 35 von
306 416 308 56 Strindberg
1035 420 103 47 und
1177 418 135 57 „Der
1595 415 85 56 „In

168 502 171 49 dieser
365 503 220 47 raschen
611 500 159 54 Folge
799 501 124 56 liegt
1151 501 125 50 Sein
1304 502 125 49 Sinn
1457 503 68 46 ist
1554 501 96 46 wie-

167 584 90 49 der
288 585 211 56 Unsinn,
532 586 132 47 denn
698 587 48 47 in
781 586 305 49 sämtlichen
1118 586 283 54 Zeitungen
1434 584 152 49 stand
1615 597 66 33 zu

162 668 162 59 lesen,
362 669 96 48 daß
493 683 92 34 aus
617 669 335 50 technischen
986 670 464 54 Schwierigkeiten
1482 671 50 45 in
1565 668 87 47 der-

167 752 178 49 selben
393 751 199 50 Woche
638 757 127 46 statt
813 758 140 45 eines
1001 754 227 49 anderen
1275 752 222 50 Stückes
1545 750 136 59 „Der

400 837 220 53 gespielt
663 840 218 47 werden
925 839 189 49 mußte.
1202 838 95 47 Die
1347 834 336 51 technischen

168 919 464 55 Schwierigkeiten
677 923 153 54 lagen
876 923 158 55 darin,
1084 922 94 49 daß
1227 920 131 49 Herr
1410 917 272 50 Meinhard

167 1003 167 49 Herrn
372 1003 284 57 Reinhardt
697 1008 78 47 die
816 1005 328 50 Vaterschaft
1178 1005 275 48 abtrotzen
1490 1004 191 55 wollte,

166 1088 120 48 weil
314 1087 133 50 Herr
475 1088 285 57 Reinhardt
791 1090 108 48 sich
932 1090 286 48 allmählich
1250 1088 136 50 nicht
1420 1087 73 49 als
1526 1087 124 50 Gläu-

167 1171 146 55 biger
346 1173 228 49 sondern
603 1174 73 51 als
705 1173 286 50 Schuldner
1024 1173 335 53 Strindbergs
1388 1171 161 50 fühlte
1581 1172 103 49 und

168 1269 55 34 er
258 1255 94 49 alle
389 1255 287 51 Schuldner
715 1258 84 48 auf
832 1258 123 57 sich,
997 1260 97 47 den
1134 1257 231 53 einzigen
1403 1255 279 54 Gläubiger

168 1338 124 50 aller
327 1339 374 61 Ungläubigen,
731 1344 299 52 vereinigen
1060 1339 190 49 wollte.
1287 1339 106 50 Der
1421 1339 262 49 bekannte

168 1420 355 54 Börsentrick.
568 1426 85 55 „In
697 1426 168 48 dieser
910 1425 220 48 raschen
1172 1423 158 55 Folge
1378 1424 124 53 liegt
1544 1424 138 49 Sinn.

165 1504 167 52 Beide
369 1508 226 55 Ergüsse
637 1509 91 49 des
767 1508 397 49 Weiberhasses
1206 1508 230 54 gehören
1478 1520 172 36 zusam-

169 1604 134 36 men.
339 1591 287 50 Ueberdies
665 1593 150 47 stand
853 1591 320 60 Strindberg,
1212 1593 90 47 der
1340 1591 343 55 Dramatiker,

169 1678 82 45 nie
289 1676 161 48 höher
492 1677 73 47 als
606 1676 211 57 damals,
857 1676 62 50 da
957 1690 53 35 er
1051 1676 143 48 diese
1233 1675 193 50 Stücke
1465 1674 218 51 schrieb.

167 1758 448 50 Wahrscheinlich
651 1763 149 46 stand
835 1774 53 33 er
926 1762 83 45 nie
1044 1760 197 48 wieder
1278 1774 58 35 so
1584 1757 67 50 Na-

169 1843 186 49 türlich
397 1845 152 46 stand
591 1857 53 37 er
688 1845 198 46 damals
929 1845 151 53 lange
1123 1845 137 48 nicht
1304 1859 57 34 so
1405 1843 132 51 hoch
1581 1845 104 46 wie

169 1927 198 56 jemals,
404 1927 123 48 aber
559 1926 132 49 Herr
721 1926 186 50 Hofrat
944 1927 305 50 Schlenther
1283 1930 65 47 ist
1383 1927 271 54 Impressio-

168 2011 117 49 nist.
318 2010 93 49 Bei
442 2025 57 35 so
532 2010 213 49 rascher
781 2010 159 56 Folge
969 2014 191 46 verirrt
1191 2011 109 50 sich
1335 2012 91 48 der
1457 2009 139 60 Sinn,
1631 2024 53 34 er

170 2093 135 50 sieht
336 2093 241 56 Ergüsse,
611 2107 87 36 wo
734 2109 55 34 es
822 2095 108 48 sich
965 2110 86 33 um
1081 2094 344 54 Erhebungen
1460 2093 224 55 handelt,

170 2179 103 46 und
319 2181 90 45 mit
455 2178 300 49 demselben
800 2178 163 56 Recht
1004 2180 191 48 könnte
1240 2193 120 33 man
1402 2177 85 49 ihn
1537 2181 148 45 einen

168 2259 307 50 Bierhasser
519 2275 218 43 nennen,
782 2276 157 34 wenn
988 2277 53 33 er
1088 2265 49 46 in
1182 2261 306 55 Strindberg
1537 2264 148 45 einen

167 2342 403 55 Weiberhasser
602 2346 146 49 sieht.
801 2345 132 49 Dem
960 2344 158 50 Einen
1147 2348 112 46 sein
1287 2344 126 58 Haß,
1444 2344 120 49 sehr
1595 2357 60 40 ge-

169 2427 173 49 ehrter
381 2428 133 49 Herr
556 2427 321 58 Schlenther,
915 2433 65 45 ist
1019 2429 220 48 nämlich
1282 2429 117 48 dem
1443 2427 242 48 Anderen

170 2513 141 47 seine
354 2513 173 51 Liebe.
570 2513 104 49 Der
718 2513 342 48 Unterschied
1107 2516 63 45 ist
1213 2513 137 48 nicht
1395 2513 184 47 einmal
1625 2524 57 34 so

169 2596 162 56 stark,
366 2599 100 45 wie
502 2596 263 49 zwischen
800 2597 232 48 Pilsener
1067 2599 100 46 und
1203 2595 318 49 Münchener
1558 2595 124 48 oder

168 2681 103 47 wie
316 2678 84 50 Sie
448 2681 137 48 nicht
627 2678 207 54 Klavier
879 2680 193 54 spielen
1112 2680 220 55 können,
1375 2679 183 48 würde
1603 2678 80 48 die

169 2761 269 50 Direktion
505 2765 88 47 des
653 2762 587 55 Strindberg-Tlieaters
1303 2776 177 40 sagen.
1570 2760 114 50 Nun

170 2846 197 48 kommt
405 2848 80 47 die
523 2847 241 55 Analyse,
803 2847 113 47 kein
957 2846 166 54 Weib,
1164 2845 225 49 sondern
1427 2844 252 55 Analyse:

164 2931 93 57 .„In
304 2932 97 46 den
870 2933 135 51 ringt
1053 2931 92 47 das
1190 2930 150 48 Weib
1389 2931 99 46 den
1537 2932 147 45 einen

166 3013 162 49 Mann
371 3015 189 55 nieder,
601 3015 131 47 wird
775 3015 122 50 aber
939 3029 105 35 von
1084 3015 118 47 dem
1236 3015 213 55 andern,
1495 3014 191 47 dessen

172 3096 176 57 Rache
400 3098 106 48 kalt
556 3099 286 54 geworden
894 3101 80 52 ist,
1039 3099 322 53 wenigstens
1428 3096 223 48 vorüber-

166 3181 207 55 gehend
967 3181 184 49 Dieser
1201 3180 312 56 Ringkampf
1559 3181 94 47 zwi-

163 3266 168 48 schen
373 3266 416 48 verschiedenen
836 3265 409 49 Geschlechtern
1289 3268 66 45 ist
1402 3263 283 56 polizeilich

168 3350 274 48 verboten.
477 3348 118 49 Und
628 3350 81 49 die
740 3348 190 58 Rache,
971 3350 79 48 die
1086 3348 214 55 gehörig
1334 3347 109 49 kalt
1479 3347 207 55 gestellt

170 3435 80 54 ist,
283 3436 101 46 wie
418 3435 90 46 der
541 3435 122 53 gute
695 3433 240 57 Tropfen,
969 3433 88 47 hat
1085 3431 430 54 niederringende
1548 3429 102 49 Wir-

168 3517 156 54 kung.
390 3517 107 48 Das
532 3517 176 48 wollte
743 3520 201 47 ersteins
979 3515 307 55 Strindberg
1322 3513 235 50 offenbar
1596 3515 90 47 mit

171 3601 179 47 diesen
821 3600 281 47 beweisen.
1197 3597 105 58 „Im
1345 3596 160 49 Vater
1551 3595 135 53 siegt

171 3682 392 49 ausschließlich
602 3683 91 48 das
963 3680 123 48 Man
1119 3681 138 48 kann
1296 3694 56 34 es
1388 3678 138 50 nicht
1562 3682 93 45 wis-

175 3779 109 43 sen,
334 3766 135 47 denn
512 3766 89 47 der
644 3765 208 48 Andere
894 3767 102 46 trat
1041 3777 93 42 gar
1178 3764 139 48 nicht
1363 3761 100 50 auf.
1548 3761 137 49 Aber

164 3839 142 60 tlerr
344 3848 128 50 Paul
510 3848 305 50 Schlenther
851 3847 134 49 weiß
1024 3854 46 45 in
1107 3847 209 49 solchen
1350 3846 201 54 Dingen
1587 3844 66 48 Be-

173 3933 195 51 scheid.
415 3932 87 58 „In
549 3937 95 45 den
1085 3933 68 46 ist
1200 3930 92 50 der
1341 3926 346 52 dramatische

174 4015 316 56 Schauplatz
521 4030 133 40 ganz
686 4019 47 46 in
767 4015 80 49 die
876 4014 187 50 Seelen
1374 4013 101 49 Diel
1501 4010 186 51 Seelen

173 4102 216 46 werden
419 4101 130 47 auch
580 4098 381 56 entsprechend
989 4098 348 54 zertrampelt.
1369 4094 158 60 „Zum
1556 4094 99 49 Aus-

175 4184 163 49 druck
377 4185 89 47 der
504 4182 215 50 Gefühle
751 4186 243 51 genügen
1316 4180 138 49 Aber
1488 4178 200 58 Worte,

173 4267 135 50 Herr
337 4267 131 50 Paul
499 4266 318 57 Schlenther,
849 4266 228 48 drücken
1108 4264 132 49 noch
1271 4263 139 50 nicht
1441 4262 113 49 Ihre
1586 4261 68 48 Ge-

173 4351 138 50 fühle
349 4366 106 37 aus.
494 4351 145 49 Dazu
675 4350 117 48 muß
829 4364 118 35 man
985 4353 105 45 erst
1125 4347 217 50 Gefühle
1376 4346 182 50 haben.
1592 4345 99 49 Die

173 4435 233 57 ,Effekte'
438 4439 48 45 in
519 4436 97 47 den
650 4434 506 56 ,Gläubigern'etwa
1179 4433 79 47 ein
1278 4426 410 57 Pistolenschuß,

174 4520 88 48 hat
306 4518 135 49 Herr
484 4518 126 49 Paul
657 4517 303 50 Schlenther
1004 4515 346 51 verschlafen.
1399 4513 124 49 Man
1570 4512 117 49 muß

174 4603 82 50 bei
295 4605 100 50 ihm
433 4605 161 46 schon
632 4606 88 45 mit
758 4602 248 53 Kanonen
1047 4600 257 49 schießen.
1383 4598 103 57 „Im
1527 4596 161 49 Vater

173 4688 111 54 gibt
324 4702 55 33 es
424 4690 134 45 zwei
599 4687 175 48 starke
815 4684 225 55 Effekte;
1084 4698 155 34 wenn
1278 4697 120 34 man
1438 4681 83 49 bei
1566 4680 92 48 Ent-

175 4771 222 54 stehung
438 4771 90 48 des
570 4770 222 49 Stückes
831 4769 162 48 schon
1035 4771 111 44 eine
1190 4766 219 55 Ahnung
1448 4779 106 34 von
1598 4764 88 47 der

174 4854 300 49 Filmbühne
521 4854 190 54 gehabt
759 4854 156 54 hätte,
979 4865 59 35 so
1097 4853 146 45 wäre
1305 4863 117 34 man
1491 4845 196 52 damals

177 4937 162 50 schon
372 4952 116 33 zum
517 4936 272 55 Vergleich
821 4938 91 46 mit
941 4935 76 49 ihr
1049 4936 209 53 geneigt
1291 4945 270 43 gewesen:
1598 4930 90 49 der

173 5020 160 49 Mann
372 5020 139 49 wirft
546 5020 133 49 nach
723 5022 89 47 der
849 5020 136 47 Frau
1020 5020 90 46 mit
1149 5019 138 46 einer
1326 5013 365 61 „brennenden

175 5104 214 55 Lampe,
420 5105 80 47 die
527 5103 133 48 Frau
687 5102 103 50 läßt
822 5102 98 50 den
945 5101 158 48 Mann
1129 5102 49 46 in
1207 5100 80 47 die
1316 5096 374 56 Zwangsjacke

521 5186 182 49 Welch
741 5188 78 47 ein
854 5185 224 56 Verlust,
1112 5197 149 34 man
1298 5185 145 45 wäre
1479 5183 211 53 geneigt

178 5286 265 42 gewesen,
483 5271 124 48 aber
644 5284 117 34 man
799 5269 142 49 hatte
983 5268 148 48 keine
1172 5266 233 53 Ahnung.
1444 5263 116 50 Und
1602 5264 88 48 hat

178 5360 74 46 sie
293 5357 154 49 heute
490 5354 132 49 noch
665 5352 154 57 nicht,
859 5352 256 49 trotzdem
1154 5351 84 47 die
1278 5347 298 50 Filmbühne
1626 5347 64 48 da

176 5442 82 47 ist.
331 5439 135 61 „Der
504 5437 252 50 seelische
795 5434 449 54 Zusammenhang
1281 5430 264 50 zwischen
1582 5429 81 49 bei-

181 5524 97 48 den
329 5523 305 49 szenischen
702 5520 238 48 Effekten
1007 5520 63 46 ist
1135 5517 93 48 das
1590 5513 102 48 Hat

179 5606 309 56 Strindberg
533 5621 101 33 nun
681 5605 92 48 das
816 5603 160 50 Stück
1018 5615 187 40 wegen
1251 5599 90 49 der
1388 5596 304 51 szenischen

180 5689 202 50 Effekte
422 5688 376 57 geschrieben?
844 5687 141 48 Oder
1027 5686 80 47 die
1147 5681 305 51 szenischen
1454 5678 2 67 1
1457 5678 1 67 .
1491 5678 200 49 Effekte

181 5787 186 41 wegen
407 5775 90 47 des
535 5772 258 51 Stückes?
835 5767 299 55 Preisfrage
1169 5767 79 48 für
1289 5766 79 48 die
1402 5764 161 48 Leser
1598 5763 94 48 des

181 5856 233 50 Berliner
460 5856 332 55 Tageblattes
842 5869 64 34 zu
951 5849 392 51 Weihnachten.
1390 5847 124 56 „Die
1558 5846 134 48 Frau

183 5944 129 46 reizt
360 5942 97 45 den
502 5939 157 49 Mann
710 5942 91 47 mit
845 5934 363 52 Nadelstichen
1256 5947 91 33 zur
1394 5930 140 55 Wut,
1583 5930 109 47 sein

173 6014 401 59 'Wutausbruch
610 6027 63 47 ist
709 6024 75 48 ihr
829 6023 134 48 dann
1002 6021 79 48 ein
1116 6017 211 51 Beiweis
1366 6016 169 47 seiner
1577 6013 87 47 Gei-

654 6104 92 51 Mit
781 6102 365 53 Nadelstichen
1188 6099 163 56 allein,
1390 6096 134 49 Herr
1565 6094 128 48 Paul

184 6190 322 55 Schlenther,
554 6188 272 55 verfertigt
873 6203 118 35 man
1038 6185 133 51 noch
1234 6184 150 48 keine
1445 6179 213 52 Zwangs-

184 6275 165 56 jacke,
392 6287 55 34 es
483 6272 183 55 gehört
703 6272 128 48 auch
869 6271 134 50 Stoff
1040 6271 149 57 dazu,
1228 6268 89 49 der
1356 6263 137 50 nicht
1536 6261 126 50 unbe-

187 6359 142 53 dingt
365 6356 230 50 trinkbar
631 6369 61 34 zu
731 6358 110 45 sein
875 6355 229 49 braucht.
1141 6353 95 48 Die
1269 6350 135 49 Frau
1439 6345 122 50 näht
1592 6346 102 46 wie

183 6441 265 54 verrückt,
478 6443 88 46 der
590 6437 158 49 Mann
774 6438 131 48 wird
932 6438 213 49 wütend
1173 6437 101 46 wie
1300 6430 265 57 verrückt,
1593 6427 100 50 und

189 6528 78 47 ein
301 6523 309 54 Strindberg
640 6524 66 46 ist
737 6520 166 55 fertig.
969 6521 105 49 Das
1107 6524 65 46 ist
1206 6517 243 54 Analyse.
1482 6510 214 52 Hierauf

186 6608 126 56 folgt
346 6609 82 47 die
466 6604 330 51 Geschichte:
835 6603 98 57 „Es
966 6618 111 36 war
1109 6619 98 33 vor
1239 6596 457 54 fünfundzwanzig

1805 243 192 50 Jahren
2042 245 80 48 die
2167 243 124 58 Zeit,
2337 245 63 49 da
2443 244 91 49 der
2576 242 260 51 Schwede
2879 240 306 57 Strindberg
3227 241 91 47 mit

1809 332 141 47 einer
1982 328 92 51 Art
2103 328 378 56 Ehrerbietung
2517 329 92 49 des
2641 327 199 49 Hasses
2872 328 105 48 und
3006 323 190 50 Neides
3228 338 61 42 ge-

1807 426 99 41 gen
1948 413 97 48 den
2085 412 288 55 Norweger
2415 412 153 49 Ibsen
2609 409 391 52 berserkerhaft

1807 496 105 48 Der
1948 496 263 51 Deutsche
2246 496 306 50 Schlenther
2586 499 146 46 wäre
2768 496 163 49 schon
2966 492 197 50 damals
3201 504 119 36 zum

1808 579 273 56 Vergleich
2121 584 209 52 geneigt
2367 594 264 42 gewesen,
2669 595 155 34 wenn
2862 594 53 34 er
2954 580 112 46 eine
3102 576 220 53 Ahnung

1808 678 105 35 von
1959 665 90 48 der
2086 664 300 50 Filmbühne
2427 663 192 55 gehabt
2661 664 157 49 hätte.
2865 663 107 49 Ihm
3013 661 183 49 wurde
3240 659 81 49 die

1808 748 299 50 Filmbühne
2156 763 64 34 zu
2272 751 116 52 spät
2439 747 263 49 erfunden.
2752 746 568 52 Nichtsdestoweniger

1808 833 288 55 vergleicht
2131 847 54 34 er
2214 834 169 55 heute,
2417 831 219 48 nämlich
2673 831 263 49 zwischen
2970 826 350 63 ,Gespenster'

1807 917 102 48 und
1946 917 135 57 „Der
2371 915 126 59 „Die
2539 916 189 48 äußere
2764 916 154 48 Form
2956 917 67 48 ist
3066 912 247 51 dieselbe:

1809 1000 110 49 drei
1956 1001 133 49 Akte
2126 1001 193 54 spielen
2355 1015 92 33 aus
2490 1001 164 47 einem
2689 1000 112 55 Tag
2840 1000 158 49 durch
3039 1000 80 48 die
3155 997 166 49 Nacht

1805 1087 50 45 in
1882 1086 98 46 den
2006 1085 227 48 anderen
2260 1083 221 55 Morgen
2503 1083 171 49 hinein
2700 1087 49 44 in
2780 1086 78 46 ein
2886 1083 103 49 und
3019 1082 298 50 demselben

1810 1167 388 50 Wohnzimmer
2241 1171 139 45 eines
2418 1166 338 49 Landhauses
2795 1169 193 46 unweit
3028 1169 88 46 der
3154 1165 167 55 Stadt,

1809 1252 82 49 bei
1930 1253 204 50 trübem
2170 1252 204 48 Wetter
2410 1254 50 45 in
2501 1250 176 49 trüber
3016 1250 107 48 Das
3163 1252 158 46 nennt

1812 1339 78 47 ein
1937 1337 382 54 Impressionist
2369 1335 79 48 die
2501 1334 189 49 äußere
2738 1335 169 49 Form.
2999 1333 322 56 Aristoteles,

1813 1420 300 55 anerkannt,
2178 1419 87 50 hat
2327 1418 309 49 Aehnliches
2702 1417 280 58 gefordert,
3049 1431 93 35 nur
3227 1416 93 48 das

1809 1502 389 52 Wohnzimmer
2232 1508 104 48 und
2367 1503 81 49 die
2476 1500 174 51 Trübe
2687 1502 168 56 geben
2890 1504 111 47 eine
3035 1501 131 48 noch
3204 1502 88 52 grö-

1809 1586 122 50 ßere
1973 1587 199 50 Einheit
2216 1588 89 47 der
2349 1585 226 50 äußeren
2614 1585 170 50 Form.
2826 1585 124 49 Man
2997 1585 186 54 glaube
3226 1596 94 41 gar

1808 1671 154 56 nicht,
2005 1672 96 48 daß
2142 1671 138 49 nicht
2320 1670 132 48 noch
2490 1669 145 49 mehr
2675 1685 63 33 zu
2776 1668 334 55 vergleichen
3149 1670 167 45 wäre:

1810 1754 126 57 „Die
1968 1754 121 49 Zahl
2118 1759 88 46 der
2234 1753 268 50 Personen
2531 1756 66 46 ist
2630 1756 193 51 gering.
2854 1752 108 48 Das
2994 1751 161 50 Stück
3184 1753 137 50 zeigt

1812 1841 79 48 die
1959 1838 312 56 Ergebnisse
2334 1840 140 46 einer
2538 1838 188 53 langen
2792 1836 264 53 traurigen
3122 1834 166 54 Vorge-

1809 1922 247 58 schichte,
2098 1922 83 50 die
2219 1922 110 49 sich
2369 1921 117 49 dem
2526 1919 296 50 Zuschauer
2867 1917 285 51 allmählich
3196 1916 124 50 aber

1809 2009 92 46 mit
1946 2009 332 52 ungemeiner
2328 2005 255 55 Wirkung
2995 2001 95 48 Bei
3153 2000 169 49 Herrn

1809 2089 307 52 Schlenther
2149 2093 209 44 müssen
2392 2089 79 48 die
2506 2087 228 51 Dramen
2768 2085 233 51 offenbar
3034 2099 105 33 von
3174 2083 118 50 Chri-

1809 2176 65 47 sti
1918 2173 198 50 Geburt
2178 2172 271 55 anfangen.
2535 2171 280 50 Trotzdem
2875 2167 445 57 Vorgeschichten

1809 2258 134 49 noch
1986 2259 256 52 trauriger
2288 2257 128 57 sind,
2463 2270 156 34 wenn
2670 2258 74 46 sie
2808 2254 237 54 langsam
3110 2250 212 50 enthüllt

1808 2342 230 48 werden.
2097 2340 137 59 „Das
2265 2339 118 57 Ziel,
2415 2340 93 49 das
2541 2338 160 50 durch
2732 2341 140 49 diese
2904 2336 167 50 Mittel
3100 2332 221 53 erreicht

1808 2426 215 48 werden
2068 2424 110 61 soll,
2222 2427 66 45 ist
2330 2423 183 55 jedoch
2558 2425 67 45 im
2669 2424 246 52 jüngeren
2958 2420 194 49 Drama
3197 2431 124 36 vom

1809 2509 197 48 älteren
2054 2507 234 55 gänzlich
2338 2508 77 49 bis
2464 2522 90 33 zur
2603 2507 356 48 erbittertsten
3005 2501 287 53 Feindselig-

1810 2593 103 48 keit
2394 2590 137 49 Jetzt
2579 2590 197 48 kommt
2824 2589 89 47 der
2960 2583 361 55 Unterschied,

1810 2676 86 48 auf
1946 2680 115 47 dem
2106 2690 118 33 man
2272 2675 138 49 nicht
2452 2674 207 54 Klavier
2707 2673 194 55 spielen
2947 2672 157 47 kann:
3155 2669 166 57 „Frau

1810 2760 186 54 Alving
2026 2760 214 48 erkennt
2268 2758 207 58 zuletzt,
2502 2760 101 45 wie
2635 2757 123 48 alles
2785 2755 182 49 Unheil
2996 2753 159 50 daher
3185 2753 135 54 kam,

1810 2844 97 49 daß
1939 2845 73 47 sie
2044 2844 76 48 ihr
2152 2844 314 47 Frauentum
2498 2842 116 47 dem
2649 2839 327 56 ungeliebten
3005 2836 191 49 Manne
3229 2849 60 34 un-

1809 2927 230 57 terwarf,
2076 2926 334 54 Strindbergs
2444 2925 187 57 Laura,
2667 2927 80 47 die
2782 2923 135 48 Frau
2956 2921 91 49 des
3086 2919 205 55 Rittmei-

1807 3015 154 52 sters,
2001 3010 192 50 erfährt
2233 3010 204 57 zuletzt,
2472 3011 102 47 wie
2611 3008 124 48 alles
2770 3006 181 48 Unheil
2989 3004 159 50 daher
3182 3003 138 56 kam,

1811 3094 96 48 daß
1948 3098 75 45 sie
2062 3094 116 48 dem
2222 3093 138 50 nicht
2399 3107 133 41 ganz
2575 3091 327 56 ungeliebten
2945 3088 190 49 Manne
3177 3087 143 48 ihren

1808 3178 387 49 Weiberwillen
2234 3175 292 56 aufzwang.
2597 3175 130 49 Dort
2763 3176 121 53 ging
2921 3175 91 48 das
3046 3170 153 49 Weib
3237 3182 83 36 am

1808 3259 208 64 Manne,
2045 3262 108 49 hier
2180 3262 124 54 geht
2331 3262 90 47 der
2447 3258 159 50 Mann
2641 3273 82 34 am
2752 3257 184 49 Weibe
2966 3271 63 34 zu

1808 3346 55 48 In
1891 3347 169 47 dieser
2088 3345 219 51 raschen
2335 3344 158 54 Folge
2515 3344 124 53 liegt
2664 3342 116 49 kein
2807 3341 139 49 Sinn.
2972 3340 135 48 Frau
3133 3336 187 54 Alving

1810 3429 231 56 erkennt,
2082 3429 136 48 Frau
2255 3428 172 48 Laura
2470 3426 208 55 erfährt,
2722 3423 258 50 vielleicht
3023 3420 161 50 durch
3227 3420 93 48 das

1808 3512 234 50 Berliner
2090 3511 290 56 Tageblatt,
2430 3512 101 45 wie
2578 3509 124 48 alles
2748 3507 183 49 Unheil
2978 3505 160 49 daher
3184 3504 136 47 kam.

1811 3595 129 50 Jene
1990 3593 288 51 unterwarf
2327 3592 77 49 ihr
2454 3592 315 48 Frauentum
2821 3590 120 48 dem
2989 3585 330 56 ungeliebten

1808 3678 208 56 Manne,
2062 3678 142 49 diese
2244 3690 188 41 zwang
2472 3675 122 48 dem
2633 3673 140 50 nicht
2814 3686 133 42 ganz
2992 3668 329 57 ungeliebten

1808 3761 193 49 Manne
2041 3761 144 49 ihren
2223 3760 212 50 Weiber
2440 3759 171 48 willen
2653 3756 113 60 auf..
2808 3755 88 50 Als
2934 3755 133 48 Herr
3107 3751 184 51 Schlen-

1810 3844 114 52 ther
1966 3847 140 47 diese
2151 3842 535 57 Gegenüberstellung
2730 3854 92 34 aus
2859 3841 197 47 seinem
3097 3833 225 52 Schädel

1811 3928 462 54 herausdichterte,
2310 3926 142 49 hätte
2488 3925 102 49 ihm
2627 3922 270 56 eigentlich
2940 3919 240 51 auffallen
3218 3915 77 50 sol-

1809 4012 98 58 len,
1940 4011 96 49 daß
2070 4014 80 50 die
2182 4008 535 56 Gegenüberstellung
2750 4005 139 49 nicht
2918 4003 143 50 recht
3092 4014 191 42 symme-

1809 4094 164 51 trisch
1998 4097 80 47 ist.
2130 4094 105 48 Der
2265 4092 292 55 ungeliebte
2584 4090 162 50 Mann
2769 4089 101 49 und
2901 4088 91 48 der
3023 4086 139 49 nicht
3188 4098 134 42 ganz

1813 4179 292 55 ungeliebte
2139 4176 174 49 Mann.
2351 4176 157 49 Hätte
2541 4175 133 49 Herr
2710 4171 304 51 Schlenther
3051 4170 80 49 die
3166 4168 117 57 Sym-

1809 4264 186 48 metrie
2042 4262 92 48 des
2187 4261 476 54 Impressionismus
2710 4257 182 50 besser
2943 4251 269 58 begriffen,
3263 4263 58 36 so

1812 4346 142 49 hätte
1998 4360 54 35 er
2099 4345 148 55 ruhig
2289 4343 82 49 bei
2412 4341 308 55 Strindberg
2763 4340 88 49 der
2897 4337 222 57 geliebte
3163 4334 158 50 Mann

1814 4429 270 50 schreiben
2114 4432 209 45 müssen
2353 4429 101 49 und
2480 4427 220 48 können.
2729 4424 94 48 Die
2850 4423 134 48 Frau
3012 4421 137 48 kann
3178 4419 108 47 näm-

1812 4514 98 50 lich
1962 4516 145 46 einen
2157 4512 159 49 Mann
2366 4511 183 57 lieben,
2598 4509 134 47 Herr
2804 4504 320 56 Schlenther,
3192 4499 130 51 auch

2433 4560 3 12 ,
2469 4565 7 7 r
2540 4560 8 8 /

1813 4612 153 35 wenn
2001 4600 72 45 sie
2107 4597 85 49 ihn
2222 4599 48 48 in
2302 4596 80 48 die
2418 4592 375 56 Zwangsjacke
2831 4590 185 49 steckt.
3077 4585 117 52 Und
3227 4584 95 49 das

1813 4682 313 48 Frauentum
2169 4678 132 50 wird
2347 4677 233 55 häufiger
2627 4677 117 47 dem
2791 4672 326 55 ungeliebten
3166 4667 158 50 Mann

1813 4764 370 56 unterworfen,
2214 4764 74 47 als
2323 4762 169 48 davon
2521 4759 182 48 Unheil
2734 4757 305 48 herkommt.
3069 4752 129 50 Was
3229 4752 93 47 mir

1815 4848 93 49 das
1940 4847 166 57 Recht
2137 4862 62 33 zu
2229 4847 92 47 der
2351 4844 323 53 Vermutung
2706 4841 120 60 gibt,
2855 4838 97 49 daß
2986 4843 88 46 der
3106 4835 180 49 Norwe-

1815 4947 92 40 ger
1942 4931 150 49 Ibsen
2130 4930 100 48 und
2269 4933 89 48 der
2393 4926 262 51 Schwede
2688 4921 306 55 Strindberg
3030 4924 166 46 etwas
3235 4932 60 35 an-

1816 5014 152 50 deres
2012 5012 314 56 darstellten,
2371 5011 75 49 als
2491 5013 79 46 die
2617 5009 228 53 Analyse
2888 5006 92 48 des
3024 5000 302 51 Deutschen

1816 5097 306 50 Schlenther
2167 5095 253 52 vorstellt.
2515 5093 160 57 „Dort
2724 5092 122 55 ging
2897 5090 92 48 das
3037 5086 151 49 Weib
3238 5097 85 35 am

1813 5180 207 54 Manne,
2058 5180 109 49 hier
2205 5178 122 60 geht
2368 5179 90 48 der
2496 5175 161 51 Mann
2696 5189 83 35 am
2818 5172 150 50 Weib

1819 5265 54 48 In
1927 5264 91 48 der
2068 5263 179 55 Kunst,
2299 5263 120 49 sehr
2492 5260 241 55 geehrter
2798 5257 132 48 Herr
3000 5251 321 55 Schlenther,

1816 5349 196 48 kommt
2055 5362 55 33 es
2151 5346 124 49 aber
2319 5345 138 50 nicht
2499 5342 84 50 auf
2628 5345 92 48 das
2761 5337 443 58 Zugrundegehen
3247 5348 78 43 an,

1818 5431 224 50 sondern
2086 5428 194 57 darauf,
2324 5428 97 50 daß
2462 5442 117 34 man
2619 5427 77 48 bis
2738 5428 49 45 in
2829 5424 95 48 den
2968 5421 177 51 Grund
3188 5418 138 55 geht.

1818 5514 80 51 Ob
1930 5515 93 48 das
2050 5528 100 34 nun
2179 5512 152 50 Weib
2362 5511 125 50 oder
2515 5510 158 48 Mann
2701 5513 103 55 tun,
2829 5503 339 52 miteinander
3200 5501 126 49 oder

1815 5599 433 56 gegeneinander,
2288 5599 195 46 einsam
2524 5594 123 49 oder
2683 5593 265 53 zweisam,
2984 5589 88 49 hat
3108 5588 88 47 mit
3234 5583 90 50 der

1816 5682 164 55 Kunst
2012 5680 179 50 Nichts
2227 5695 63 34 zu
2325 5683 89 45 tun
2451 5677 225 49 sondern
2713 5690 93 35 nur
2840 5677 93 45 mit
2974 5674 88 47 der
3094 5670 198 48 Lebens-

1816 5765 256 50 wahrheit
2103 5766 47 46 in
2183 5765 98 48 den
2313 5760 392 50 Wandelhallen
2741 5759 91 48 des
2865 5756 252 48 Theaters
3151 5757 49 46 in
3233 5752 90 48 der

1817 5846 569 58 Königgrätzerstraße.
2426 5844 146 49 Auch
2611 5843 142 48 diese
2791 5840 105 50 läßt
2938 5854 63 33 zu
3042 5835 285 50 wünschen

1819 5934 162 54 übrig.
2015 5931 116 49 Und
2170 5933 49 46 in
2255 5929 228 50 welcher
2522 5926 109 50 Zeit
2667 5928 96 46 wir
2799 5924 165 50 leben.
3001 5921 105 48 Der
3142 5919 185 55 Kampf

1821 6018 90 48 der
1952 6014 369 51 Geschlechter
2361 6016 67 46 ist
2467 6010 161 50 schon
2671 6011 169 52 längst
2879 6003 233 52 friedlich
3151 6003 146 54 beige-

1819 6101 119 56 legt,
1975 6102 97 44 wir
2108 6100 211 57 wissen,
2359 6095 95 49 daß
2496 6095 80 48 die
2612 6093 134 48 Frau
2784 6091 144 49 ihren
2968 6087 160 49 Mann
3166 6085 157 50 steht:

1819 6183 274 58 „Vollends
2134 6181 95 48 wir
2272 6179 215 50 werden
2529 6179 124 53 jetzt
2694 6175 127 48 über
2870 6175 97 48 den
3006 6170 188 56 Kampf
3232 6169 94 49 der

1821 6266 369 51 Geschlechter
2224 6262 298 55 beruhigter
2559 6258 308 58 empfinden.
2901 6256 112 50 Wir
3050 6254 158 50 sehen
3247 6254 80 52 die

1818 6350 260 50 wahrhaft
2110 6349 237 49 ehrsame
2377 6344 325 51 Schaffnerin
2733 6341 85 50 auf
2850 6343 90 48 der
2969 6336 358 53 Straßenbahn

1821 6434 74 49 als
1929 6433 300 56 vollgültige
2261 6429 320 51 Vertreterin
2614 6428 91 49 des
2738 6425 219 50 Mannes
2989 6422 101 50 und
3128 6422 199 50 denken

1822 6517 150 50 dabei
2015 6532 65 34 an
2399 6512 134 50 Herr
2578 6511 304 50 Schlenther
2926 6505 207 56 vergißt
3178 6505 149 50 dabei

1820 6600 296 49 hoffentlich
2153 6599 138 50 nicht
2343 6598 101 49 den
2473 6595 317 50 Fahrschein
2824 6608 62 34 zu
2921 6593 145 49 lösen
3100 6590 101 48 und
3238 6588 60 49 da-

3442 237 160 51 durch
3646 242 79 48 die
3760 240 300 56 vollgültige
4099 241 320 52 Vertreterin
4453 244 138 52 ihres
4631 244 220 51 Mannes
4894 248 52 47 in

3440 321 582 52 Unannehmlichkeiten
4066 339 65 34 zu
4177 326 227 55 bringen.
4490 329 153 51 Wohl
4686 343 112 44 uns,
4848 328 96 51 daß

3444 406 142 50 diese
3621 408 258 51 wahrhaft
3917 409 239 50 ehrsame
4193 409 321 51 Schaffnerin
4551 414 137 50 nicht
4725 416 81 58 ist,
4844 417 102 45 wie

3442 491 114 51 jene
3597 491 136 49 Frau
3775 492 200 55 Alving.
4055 492 201 50 Unsere
4299 493 339 59 Empfindung
4678 497 126 50 über
4845 498 102 49 den

3443 571 186 57 Kampf
3678 575 90 51 der
3815 576 369 49 Geschlechter
4229 580 66 46 ist
4338 578 295 56 beruhigter
4679 582 104 48 und
4828 595 120 35 man

3443 656 136 50 kann
3605 657 198 53 wieder
3829 659 277 55 gemütlich
4136 660 86 49 auf
4250 662 88 47 der
4368 661 355 51 Straßenbahn
4751 664 195 50 fahren.

3444 739 142 58 „Wir
3624 740 161 50 sehen
3823 744 131 48 auch
3989 744 233 50 Anderes
4263 747 49 46 in
4348 760 242 35 unserem
4627 747 174 49 Leben
4845 748 103 49 und

3444 826 214 47 müssen
3694 825 150 50 dabei
3873 827 160 50 leider
4068 841 65 35 an
4163 827 306 57 Strindberg
4504 829 230 49 denken.'
4739 829 10 17 4
4783 831 167 50 Unser

3445 906 176 50 Leben
3658 908 198 50 scheint
3890 911 132 47 noch
4055 911 137 49 nicht
4225 911 94 50 frei
4353 927 107 34 von
4489 911 363 52 Nadelstichen
4886 929 64 33 zu

3445 994 125 54 sein,
3602 995 318 52 wenigstens
3954 996 48 45 in
4031 994 99 48 den
4157 994 216 53 Kreisen
4403 997 90 47 des
4523 995 231 49 Berliner
4781 997 136 54 Tage-

3442 1075 172 49 blatts.
3644 1076 137 51 Aber
3809 1090 167 41 gegen
4003 1077 407 56 Zwangsjacken
4436 1080 88 49 hat
4554 1094 116 34 man
4700 1083 46 51 ja
4774 1083 175 46 seinen

3442 1163 157 52 guten
3640 1159 341 56 Neurologen.
4023 1161 200 49 Leider.
4266 1162 141 56 „Wir
4450 1164 111 47 sind
4604 1164 346 54 unparteiisch

3444 1244 284 54 geworden
3758 1245 103 47 und
3884 1243 184 50 dürfen
4094 1245 108 49 hier
4228 1249 103 47 wie
4359 1248 115 48 dort
4501 1250 81 47 die,
4610 1247 158 56 große
4798 1248 122 48 Dich-

3442 1327 220 49 terkraft
3712 1328 131 48 noch
3892 1328 133 50 nach
4076 1328 349 51 Jahrzehnten
4475 1331 209 55 grüßen.
4689 1331 10 17 4
4705 1330 9 18 '
4812 1331 138 49 Qrüß

3442 1411 129 49 Dich
3625 1413 137 56 Gott,
3808 1414 144 49 .mein»
3998 1414 158 47 lieber
4209 1412 319 60 Schienther,
4600 1419 156 50 guten
4823 1414 125 57 Tag,

3445 1495 166 57 adieu,
3658 1496 85 51 auf
3786 1495 391 57 Wiedersehen,
4232 1496 134 50 habe
4413 1497 79 49 die
4541 1497 148 52 Ehre.
4784 1497 170 49 Wenn

3442 1583 106 44 erst
3630 1580 78 49 die
3784 1580 259 50 wahrhaft
4125 1580 238 49 ehrsame
4442 1580 323 50 Schaffnerin
4846 1582 102 49 und

3444 1663 89 48 der
3578 1662 133 51 Herr
3757 1666 90 48 mit
3896 1664 115 48 dem
4076 1663 531 56 Konfektionsschlips
4673 1666 131 49 auch
4869 1666 80 49 die

3441 1744 195 61 Bühne,
3675 1748 137 48 nicht
3847 1762 92 33 nur
3984 1749 92 47 das
4116 1748 177 48 Leben
4331 1749 348 49 beherrschen
4718 1750 230 56 werden,

3444 1829 134 50 dann
3608 1832 132 47 wird
3774 1831 130 49 auch
3938 1831 132 50 Herr
4105 1832 304 50 Schienther
4446 1833 116 50 dort
4592 1832 330 55 zufriedenge-

3443 1913 138 48 stellt
3614 1916 125 46 sein.
3805 1914 137 49 Jetzt
3974 1916 210 56 freilich,
4219 1931 85 34 wo
4339 1916 131 50 noch
4505 1919 134 46 zwei
4671 1916 279 49 verrückte

3445 1994 239 55 Künstler
3744 1997 311 57 beschäftigt
4115 1999 127 58 sind,
4302 2000 132 49 wird
4496 2015 117 34 man
4671 2002 50 46 in
4783 2002 167 47 seiner

3441 2077 145 57 Ruhe
3614 2084 222 50 gestört:
3871 2081 142 57 „Den
4044 2082 335 60 Rittmeister,
4410 2084 98 48 den
4533 2084 212 49 starken
4773 2082 173 58 Mann,

3447 2165 89 47 der
3580 2166 139 46 einer
3764 2164 325 50 Schwadron
4133 2165 248 51 Soldaten
4428 2168 122 48 aber
4594 2167 139 49 nicht
4784 2170 166 46 einem

3444 2244 183 51 Weibe
3676 2248 240 55 gebieten
3964 2248 151 58 kann,
4168 2249 280 55 Omphales
4513 2251 266 56 Hercules,
4850 2250 98 55 gab

3441 2327 132 50 Herr
3602 2329 199 50 Hartau
3828 2331 102 49 und
3958 2332 180 49 wußtei
4159 2333 78 49 bis
4263 2347 117 34 zum
4409 2333 187 50 Schluß
4626 2336 76 47 für
4735 2335 79 48 die
4845 2334 67 49 Ge-

3442 2412 122 50 stalt
3598 2428 63 34 zu
3695 2416 380 48 interessieren.
4110 2414 116 51 Erst
4262 2419 46 45 in
4342 2418 105 47 den
4477 2417 235 49 weichen
4750 2418 164 48 Ueber-

3444 2498 203 53 gängen
3686 2512 117 34 zum
3845 2497 140 50 Ende
4026 2500 172 48 müßte
4242 2503 110 45 eine
4392 2501 409 49 Persönlichkeit
4845 2501 79 49 hel-

3655 2580 266 50 Vielleicht
3962 2585 65 47 ist
4066 2582 133 49 Herr
4243 2582 304 51 Schienther
4592 2584 130 48 dazu
4769 2585 180 48 bereit.

3441 2662 172 52 Durch
3690 2665 100 47 und
3864 2665 158 51 durch
4094 2666 410 50 Persönlichkeit
4576 2670 91 47 mit
4739 2667 208 49 starken

3443 2745 394 60 Uebergängen,
3867 2750 82 47 ein
3978 2749 265 61 Hercules,
4276 2751 90 48 der
4396 2751 107 48 sich
4531 2766 99 34 vor
4657 2751 89 48 der
4779 2750 137 50 wahr-

3442 2829 108 49 haft
3581 2831 273 49 ehrsamen
3890 2832 324 51 Schaffnerin
4246 2834 271 54 verbeugt.
4552 2834 94 50 Die
4679 2833 240 50 Schaffne-

3441 2916 75 45 rin
3542 2928 113 35 war
3685 2916 274 55 allerdings
3991 2916 82 49 bei
4102 2916 273 55 Odysseus
4403 2918 104 48 und
4536 2917 138 49 nicht
4703 2917 82 49 bei
4817 2917 98 49 Her-

3442 2997 141 50 cules
3619 2999 288 54 angestellt.
3978 2999 127 59 „Die
4138 3000 171 50 Laura
4347 3002 100 54 gab
4488 3001 236 48 Fräulein
4762 3001 186 49 Orska.

3442 3080 94 50 Die
3586 3085 304 52 penetrante
3943 3084 478 49 schrillschreiende
4472 3085 247 54 Leistung
4778 3084 168 53 dieser

3442 3165 316 57 exotischen,
3790 3168 334 48 routinierten
4160 3167 430 59 Schauspielerin,
4624 3169 78 48 die
4736 3170 48 52 ja
4816 3181 134 41 ganz

3442 3248 398 53 unschwedisch
3879 3253 80 55 ist,
4002 3250 106 50 läßt
4149 3252 106 48 sich
4298 3251 206 50 schwer
4547 3251 401 56 kennzeichnen,

3440 3344 154 36 wenn
3630 3346 121 34 man
3786 3333 138 49 nicht
3957 3334 197 51 wieder
4190 3348 162 41 sagen
4385 3335 125 49 will:
4549 3369 64 5 —

3439 3413 95 50 Die
3562 3414 300 52 Filmbühne
3890 3419 66 46 ist
3984 3418 108 48 also
4124 3417 131 50 doch
4281 3418 136 49 noch
4445 3433 64 34 zu
4541 3418 115 48 früh
4684 3416 263 52 erfunden.

3441 3496 147 49 Denn
3631 3500 124 51 jetzt
3799 3499 130 49 nach
3972 3500 455 56 fünfundzwanzig
4473 3500 191 51 Jahren
4707 3501 137 50 kann
4895 3513 53 36 er

3445 3579 97 49 den
3575 3578 275 58 Vergleich
3878 3583 140 49 nicht
4050 3582 187 50 halten.
4272 3583 156 50 Sonst
4460 3583 125 56 geht
4623 3597 56 35 es
4710 3584 102 47 ihm
4848 3585 102 46 wie

3441 3662 132 50 allen
3614 3663 448 56 Impressionisten
4105 3666 83 49 bei
4232 3667 90 48 der
4363 3666 207 58 Presse,
4616 3682 55 34 er
4714 3667 105 50 hält
4868 3666 80 48 die

3442 3745 171 54 Orska
3649 3747 79 49 für
3770 3751 268 47 routiniert
4078 3750 101 48 und
4216 3750 84 49 die
4340 3750 215 49 Triesch
4613 3750 77 48 für
4746 3750 175 49 lebens-

3442 3829 161 50 wahr.
3645 3830 333 58 Umgekehrt,
4019 3832 135 50 Herr
4191 3832 319 58 Schienther,
4550 3836 67 46 ist
4656 3847 55 35 es
4752 3832 198 50 wieder

3442 3914 197 54 richtig.
3675 3913 125 50 Man
3833 3915 137 48 kann
4005 3916 129 49 auch
4166 3917 138 48 nicht
4337 3917 309 61 behaupten,
4682 3916 98 49 daß
4815 3916 135 49 Frau

3442 3995 214 51 Triesch
3685 4011 134 42 ganz
3855 3998 327 51 schwedisch
4213 4003 80 46 ist.
4325 3999 106 50 Das
4465 4000 131 48 wird
4633 3999 117 49 dem
4782 3999 168 49 Herrn

3440 4078 305 53 Schienther
3785 4081 140 50 wohl
3961 4085 112 46 sein
4109 4082 681 55 fünfundzwanzigjähriger
4829 4082 90 54 Kol-

3442 4163 131 56 lege,
3606 4164 134 49 Herr
3773 4165 139 49 Fritz
3943 4164 175 60 Engel,
4153 4164 299 57 eingeredet
4487 4166 183 59 haben,
4701 4165 93 50 der
4828 4180 93 36 neu-

3442 4247 99 49 lich
3571 4263 149 42 „zum
3755 4252 172 45 ersten
4160 4252 49 46 in
4241 4249 294 50 Schweden
4564 4252 249 53 gastierte
4845 4248 104 49 und

3442 4332 150 48 einen
3640 4332 322 55 glänzenden
4017 4333 259 52 Durchfall
4340 4334 114 48 dort
4514 4333 210 50 erlebte.
4813 4332 137 49 Aber

3444 4414 294 51 Schweden
3776 4417 123 55 liegt
3934 4417 126 51 über
4096 4418 121 48 dem
4255 4417 193 56 großen
4486 4416 163 57 Meer,
4690 4416 127 49 über
4859 4415 91 50 das

3444 4512 96 36 nur
3577 4503 88 47 der
3701 4499 175 51 Sturm
3912 4501 176 51 reicht.
4158 4500 117 53 Und
4310 4515 153 35 wenn
4502 4515 120 35 man
4658 4499 294 50 Schweden

3443 4583 140 50 nicht
3606 4583 172 58 kennt,
3805 4583 147 50 sollte
3978 4599 117 34 man
4121 4599 55 35 es
4204 4584 160 50 lieber
4391 4585 78 48 für
4499 4584 191 50 ebenso
4718 4581 235 51 exotisch

3445 4666 174 50 halten
3647 4671 103 45 wie
3783 4668 243 52 Galizien.
4056 4668 313 55 Abgesehen
4396 4683 106 34 von
4536 4668 168 49 dieser
4737 4666 185 50 Völker-

3443 4751 386 56 verschiebung
3857 4751 118 48 muß
4008 4752 179 50 betont
4219 4752 237 48 werden:
4491 4750 166 50 Maria
4687 4749 170 51 Orska
4888 4752 66 46 ist

3449 4835 80 48 die
3575 4836 227 48 stärkste
3851 4834 308 57 Künstlerin,
4222 4835 127 48 über
4419 4836 79 47 die
4556 4834 84 49 die
4707 4833 246 49 deutsche

3448 4917 179 50 Bühne
3659 4918 222 56 verfügt.
3945 4919 94 48 Die
4069 4918 215 49 Triesch
4319 4920 101 47 und
4455 4920 81 49 die
4569 4917 170 49 Orska
4774 4915 182 50 stehen

3448 5003 48 47 in
3537 5002 297 51 demselben
3870 5002 290 49 Verhältnis
4199 5004 101 47 wie
4342 5003 90 48 der
4475 5001 100 50 alte
4613 4999 342 50 Liebermann

3449 5100 64 34 zu
3547 5086 116 49 dem
3694 5088 265 53 jungen
3996 5084 162 52 Marc.
4193 5084 169 50 Maria
4396 5085 170 49 Orska
4600 5086 65 47 ist
4700 5083 132 49 noch
4867 5095 59 41 ge-

3450 5169 372 57 genständlich,
3851 5169 124 49 aber
4005 5167 85 50 auf
4118 5169 117 48 dem
4263 5168 138 56 Weg
4425 5182 117 35 zum
4570 5166 356 55 Expressionis-

3450 5267 130 42 mus,
3618 5253 125 48 oder
3782 5267 133 40 ganz
3955 5252 200 49 einfach
4192 5256 200 56 gesagt,
4431 5265 90 36 zur
4558 5248 180 56 Kunst.
4814 5248 141 49 Oder

3448 5335 134 50 noch
3619 5335 259 51 einfacher
3915 5339 208 51 gesagt:
4166 5339 75 45 sie
4276 5337 64 47 ist
4379 5337 111 47 eine
4525 5332 309 54 Künstlerin.
4870 5331 85 50 Sie

3451 5421 244 54 gestaltet
3728 5419 100 49 und
3860 5418 91 49 das
3983 5417 231 51 Erlebnis
4243 5418 131 49 wird
4402 5417 75 52 ihr
4508 5417 144 50 mehr
4683 5417 101 48 und
4812 5415 143 50 mehr

3452 5517 93 34 nur
3585 5503 271 49 Gleichnis.
3929 5501 95 49 Die
4061 5501 465 57 psychologischen
4564 5497 361 52 Abschweifun-

3452 5601 114 44 gen,
3608 5587 78 48 die
3732 5590 90 47 das
3864 5585 521 56 impressionistische
4428 5583 115 50 Bild
4587 5583 136 59 „Der

3452 5670 138 50 nicht
3621 5683 133 42 ganz
3783 5683 91 35 zur
3906 5671 177 47 reinen
4114 5669 349 54 Anschauung
4493 5667 252 57 gebracht
4773 5667 185 54 haben,

3450 5754 216 48 werden
3707 5766 105 35 von
3854 5752 75 52 ihr
3975 5751 280 51 unbewußt
4291 5754 51 46 in
4383 5754 80 49 die
4508 5751 149 57 Ruhe;
4696 5750 92 50 des
4830 5749 96 49 Ver-

3449 5835 442 56 hältnisgemäßen
3956 5835 219 55 gestellt.
4228 5834 70 51 So
4366 5839 166 47 etwas
4599 5838 158 46 nennt
4823 5832 131 50 Herr

3458 5919 304 50 Schienther
3811 5918 263 53 Schreien.
4171 5920 130 48 Was
4354 5934 55 35 er
4458 5921 276 53 penetrant
4786 5919 170 53 nennt,

3453 6018 166 37 nenne
3647 6006 81 48 ich
3760 6003 345 55 eindringlich.
4135 6002 106 50 Der
4275 6003 205 49 Geruch
4509 6006 66 46 ist
4601 5997 357 53 verschieden.

3453 6085 115 51 Und
3608 6087 92 48 das
3740 6086 211 49 Gesicht
3991 6085 146 50 auch.
4204 6085 144 55 Kann
4385 6085 167 50 Maria
4587 6084 172 50 Orska
4795 6080 162 56 dafür,

3456 6170 95 52 daß
3597 6169 106 50 ihre
3751 6169 243 49 Gesichte
4039 6169 126 53 über
4212 6171 92 48 das
4370 6168 210 51 Gesicht
4637 6166 93 49 des
4790 6165 170 50 Herrn

3456 6253 304 52 Schienther
3786 6251 385 57 hinwegsehen.
4202 6253 101 50 Wo
4334 6252 130 53 doch
4494 6252 141 49 seine
4664 6249 181 56 Augen
4877 6246 87 51 auf

3459 6340 79 48 die
3588 6336 324 50 Schaffnerin
3963 6338 254 55 gerichtet
4266 6336 128 51 sind.

3550 6433 167 50 Maria
3751 6434 169 50 Orska
3955 6435 183 55 gehört
4172 6450 61 34 zu
4271 6447 107 43 uns,
4411 6434 165 46 meine
4608 6430 253 58 Freunde,
4900 6443 64 34 zu

3459 6533 92 34 uns
3582 6518 329 53 Wissenden,

4422 6627 279 51 Herwarth
4742 6627 218 50 Walden
