2885 4000
1355 161 63 66 S.
1482 161 55 66 I.
1603 160 104 66 M.

313 185 34 48 2
369 185 34 48 2

484 307 78 58 Et
590 306 298 79 pourquoi
924 325 97 60 pas
1051 307 17 55 ?
1108 305 306 77 Pourquoi
1447 302 415 82 méprise-t-on
1893 305 52 56 la
1971 302 252 59 réclame
2257 306 18 56 ?
2305 305 124 63 Qui
2455 319 292 65 attaque-t-

309 396 108 58 -elle
444 398 17 56 ?
501 396 138 56 Et...
677 396 54 55 la
767 394 304 57 Modestie
1112 393 339 78 (regardons
1484 393 132 57 bien
1653 414 72 36 au
1758 390 145 60 fond
1937 393 70 57 de
2041 393 400 78 nous-même)
2495 394 284 57 n'est-elle

309 504 160 59 pas...
507 495 307 45 souvent...
851 480 381 80 l'hypocrisie
1265 480 70 57 de
1369 480 315 79 l'Orgueil.

478 570 189 78 J'allai
718 570 129 56 voir
897 569 296 78 Coquelin
1240 568 187 58 Cadet
1451 592 11 34 :
1573 569 264 57 Rollinat
1885 582 140 43 veut
2074 569 122 56 être
2246 565 246 60 célèbre.
2539 568 111 77 J'ai
2699 589 75 36 un

310 680 238 59 moyen.
888 658 227 77 Lequel
1152 657 10 57 !
1672 678 97 36 vas
1839 658 221 56 inviter
2116 655 178 59 Sarah
2351 655 165 80 après
2577 657 202 56 l'avoir

310 743 273 61 chauffée
618 743 30 59 à
1115 744 160 78 "J'ai
1311 747 279 77 compris.
1621 744 157 58 C'est
1804 743 106 59 fait
1938 744 9 58 !
1985 758 351 44 tenez-vous
2370 765 69 35 en

478 835 71 76 Je
599 833 260 56 racontai
908 832 31 57 à
990 833 284 57 Rollinat.
1328 833 50 57 Il
1427 849 100 41 eut
1575 835 52 55 le
1662 847 138 45 trac.
1841 833 158 57 C'est
2034 854 252 58 presque
2319 831 367 58 sévèrement
2722 846 56 43 et

312 942 138 36 avec
478 921 98 57 des
602 921 262 56 discours
891 921 144 77 qu'il
1062 918 184 59 fallait
1279 922 84 56 lui
1399 922 266 78 rappeler
1700 921 143 79 qu'il
1879 921 240 56 m'avait
2154 918 193 58 donné
2382 940 57 37 sa
2473 920 216 78 parole.
2730 920 49 56 Il

312 1031 33 58 y
380 1024 100 43 eut
515 1009 155 57 deux
700 1006 215 60 fausses
948 1010 223 57 alertes.
1198 1010 55 56 A
1288 1011 52 55 la
1372 1010 269 67 seconde,
1677 1030 147 36 nous
1856 1010 203 56 avions
2092 1006 125 80 déjà
2251 1007 160 80 passé
2445 1007 225 59 l'habit.
2702 1009 75 55 Et

313 1097 265 58 Rollinat
613 1096 228 57 flairant
877 1118 113 34 une
1023 1096 225 57 chance
1281 1095 374 81 d'échapper,
1683 1118 95 37 me
1805 1096 170 57 disait
2008 1118 12 35 :
2110 1096 98 56 Tu
2232 1096 127 56 vois
2385 1096 158 67 bien,
2572 1096 108 56 elle
2707 1116 71 36 ne

308 1184 242 58 viendra
582 1204 100 59 pas
713 1183 10 58 !

489 1270 200 71 Sarah,
726 1285 130 44 tout
891 1292 68 35 en
996 1271 191 70 blanc,
1222 1273 271 70 Damala,
1531 1271 321 80 Richepin.
1891 1273 172 56 Nous
2110 1270 192 59 étions
2347 1292 134 58 peu.
2524 1271 162 56 Dans
2728 1271 54 56 le

314 1360 210 57 miroir
574 1359 77 57 du
708 1360 293 69 souvenir,
1049 1360 60 78 je
1174 1381 70 35 ne
1306 1362 124 55 vois
1493 1382 100 57 pas
1655 1360 80 56 les
1790 1374 208 42 autres.
2055 1359 305 57 Peut-être
2394 1358 71 80 (?)
2530 1357 249 81 Eugène

318 1448 283 57 Morand.
684 1447 176 57 Sarah
939 1444 66 60 fit
1075 1462 152 43 cette
1306 1448 281 57 réflexion
1630 1468 11 36 :
1815 1448 173 56 Cette
2056 1448 277 79 musique
2411 1468 95 36 me
2586 1447 194 57 donne

313 1538 53 56 la
398 1537 289 57 sensation
723 1536 97 57 des
853 1537 299 77 musiques
1187 1537 323 57 orientales.
1630 1537 128 56 Elle
1806 1551 248 63 apporta
2101 1536 340 57 elle-même
2490 1556 80 37 un
2617 1556 163 35 verre

314 1624 71 58 de
419 1622 157 58 bière
610 1623 29 57 à
676 1624 264 56 Rollinat
974 1624 265 78 toujours
1272 1626 132 54 assis
1438 1646 71 34 au
1543 1626 178 77 piano
1757 1637 56 43 et
1847 1624 378 78 s'agenouilla
2257 1622 31 58 à
2322 1623 159 57 demi
2518 1645 67 35 en
2609 1624 55 56 le
2695 1623 84 56 lui

315 1711 356 80 présentant.

491 1800 97 57 On
624 1800 104 56 sait
762 1800 54 56 le
849 1814 165 43 reste.
1052 1798 197 70 Sarah,
1284 1820 70 37 en
1390 1814 254 54 musant,
1678 1798 283 79 paraît-il,
1996 1796 64 61 fit
2095 1800 52 56 le
2181 1798 287 80 reproche
2507 1797 31 59 à
2572 1798 208 58 Albert

315 1885 181 58 Wolf
521 1886 70 56 de
624 1908 71 34 ne
728 1906 102 59 pas
863 1886 303 57 connaître
1202 1887 284 58 Rollinat.
1523 1887 130 56 Elle
1701 1886 195 57 donna
1946 1908 113 35 une
2107 1885 187 58 soirée
2344 1884 76 59 où
2469 1887 108 56 elle
2625 1887 155 56 avait

313 1971 186 60 invité
532 1972 333 80 également
898 1974 234 58 Arthur
1167 1975 238 77 Meyer,
1439 1995 65 36 ce
1538 1975 103 77 qui
1677 1974 134 78 gâta
1843 1988 150 44 tout.
2032 1976 116 56 Car
2182 1995 66 36 ce
2280 1972 198 59 furent
2512 1975 79 56 les
2625 1974 157 57 deux

305 2063 320 77 journaux,
673 2063 53 54 le
1258 2061 200 78 Figaro
1030 2077 56 43 et
1141 2063 53 56 le
2213 2061 246 70 Gaulois,
1552 2063 103 77 qui
1695 2061 417 59 s'arrachèrent
2145 2060 366 60 l'Actualité.
2549 2061 233 59 Arthur

315 2152 219 76 Meyer
566 2169 226 59 envoya
828 2149 242 57 Charles
1104 2150 170 69 Buet,
1310 2163 171 43 avant
1515 2150 54 56 la
1601 2146 78 60 fin
1715 2149 71 57 de
1819 2152 53 54 la
1904 2149 203 70 soirée,
2148 2150 234 79 rédiger
2408 2171 79 35 un
2514 2152 264 55 article...

315 2239 104 78 qui
452 2257 192 58 coupa
676 2235 224 59 l'herbe
933 2257 130 38 sous
1095 2238 51 54 le
1179 2237 138 78 pied
1352 2238 69 56 de
1456 2238 153 56 celui
1644 2238 68 56 de
1740 2237 181 58 Wolf
1945 2252 57 43 et
2031 2237 180 58 Wolf
2236 2252 174 65 ayant
2435 2237 107 58 fait
2573 2238 54 57 le
2660 2239 120 56 sien

315 2341 131 43 tout
480 2326 70 55 de
583 2326 197 55 même
921 2346 174 58 parce
1124 2326 146 78 qu'il
1296 2326 197 57 l'avait
1519 2328 224 76 promis
1879 2327 288 79 reprocha
2194 2326 29 58 à
2252 2328 266 56 Rollinat
2539 2327 243 57 l'article

314 2414 71 58 de
421 2414 169 56 Buet.
628 2413 51 57 Il
712 2433 95 36 me
839 2411 92 59 fut
966 2412 237 57 raconté
1239 2413 218 79 qu'une
1490 2414 198 56 artiste
1720 2416 232 77 peintre
2103 2416 144 56 dont
2277 2416 60 77 je
2385 2416 107 56 tais
2539 2416 53 56 le
2641 2435 141 37 nom

314 2522 104 58 par
479 2498 206 59 amitié
879 2500 31 57 à
967 2501 101 79 qui
1123 2500 178 57 Sarah
1353 2502 154 56 avait
1564 2501 85 57 dit
1684 2522 12 35 :
1830 2505 328 54 Comment
2210 2503 52 56 le
2312 2515 355 56 trouves-tu,
2718 2522 65 37 ce

318 2588 267 58 Rollinat
611 2590 18 56 ?
737 2588 154 58 avait
924 2586 266 80 répondu
1226 2610 11 34 :
1349 2587 98 57 Oh
1484 2587 10 59 !
1531 2588 139 58 c'est
1705 2610 78 37 un
1818 2610 233 58 poseur,
2074 2591 42 56 il
2143 2611 71 36 ne
2236 2605 143 65 peut
2404 2610 101 58 pas
2525 2590 259 57 s'asseoir

317 2699 72 35 au
437 2677 179 79 piano
672 2696 126 37 sans
845 2676 170 58 s'être
1067 2675 239 79 regardé
1359 2676 139 57 dans
1545 2677 53 56 la
1645 2679 165 76 glace
1905 2694 56 42 et
1997 2700 117 57 que
2148 2677 179 59 Sarah
2361 2680 155 56 avait
2549 2677 196 74 ajouté
2772 2699 10 37 :

317 2770 39 25 <<
388 2765 99 57 Tu
520 2784 56 37 as
607 2765 191 56 raison
921 2765 93 57 En
1048 2765 160 69 effet,
1245 2765 264 56 Rollinat
1545 2785 70 36 ne
1649 2779 275 43 retourna
1957 2788 101 57 pas
2091 2766 148 59 chez
2267 2766 197 59 Sarah.
2496 2767 287 68 Rollinat,

314 2873 234 58 poseur,
585 2851 137 59 c'est
756 2853 53 55 la
841 2853 133 78 plus
1007 2851 333 79 historique
1375 2851 95 57 des
1504 2851 278 59 drôleries
1816 2854 12 57 !
1867 2854 76 56 Et
1978 2853 156 58 voilà
2168 2854 332 79 cependant
2548 2874 237 36 comme

312 2941 41 56 il
386 2955 83 42 est
506 2959 246 59 presque
786 2941 221 56 certain
1044 2940 145 78 qu'il
1221 2938 91 58 fut
1347 2939 219 58 abattu.

576 3028 97 68 ais,
710 3027 148 57 chez
891 3028 105 70 lui,
1032 3029 52 55 le
1119 3041 130 44 tout
1282 3042 308 65 reportage
1625 3025 242 61 affluait.
1898 3030 70 75 Je
2003 3032 168 54 restai
2210 3043 206 66 quatre
2449 3030 165 78 jours
2662 3049 123 37 sans

315 3118 124 55 rien
474 3117 107 56 lire
614 3129 57 42 et
704 3136 126 37 sans
861 3117 52 54 le
948 3117 146 56 voir.
1124 3115 214 77 J'avais
1371 3113 91 58 été
1496 3115 376 59 l'Eminence
1909 3118 192 70 Grise,
2128 3118 59 77 je
2220 3119 198 56 cuvais
2444 3119 53 55 la
2523 3117 260 57 réussite.

313 3204 103 58 Au
465 3201 332 81 quatrième
837 3203 140 79 jour
1025 3203 154 57 donc
1209 3203 60 78 je
1303 3204 204 56 sonnai
1542 3225 102 34 rue
1681 3203 293 59 Oudinot.
2015 3207 266 56 Rollinat
2318 3207 126 56 vint
2478 3206 305 57 m'ouvrir.

318 3293 101 56 Un
469 3291 306 58 brouhaha
825 3293 268 76 tanguait
1142 3291 254 57 derrière
1443 3292 104 56 lui.
1664 3293 135 62 Que
1847 3293 339 59 deviens-tu
2217 3296 17 57 ?
2338 3296 84 56 lui
2473 3295 192 77 dis-je,
2716 3314 71 36 en

319 3381 262 56 souriant
634 3376 220 62 finaud.
1103 3394 204 43 monte
1363 3381 52 56 le
1467 3381 269 56 Calvaire
1785 3380 70 57 de
1888 3382 52 56 la
1975 3382 207 57 Gloire
2217 3382 8 59 !
2333 3383 87 56 Le
2454 3382 156 57 salon
2647 3381 140 58 était

312 3469 158 81 plein
506 3480 56 46 et
595 3469 410 77 cosmopolite.
1034 3469 306 78 J'aperçus
1376 3467 293 59 Lavedan.
