2885 4000
549 358 160 64 LES
772 338 483 84 MÉLODIES
1313 351 374 68 D'HUGO
1745 346 275 66 WOLF

2432 361 41 64 9

93 512 218 42 terreur
344 497 70 56 de
445 498 114 55 l'au
592 496 123 57 delà
744 520 13 44 ;
798 510 54 42 et
884 498 78 54 les
993 510 188 62 portes
1214 491 393 78 mystérieuses
1640 511 67 34 ne
1743 487 433 57 s'entr'ouvrent
2210 485 125 75 plus
2368 503 110 56 que

96 602 148 57 pour
275 582 189 56 laisser
496 583 330 76 apercevoir
858 581 95 54 des
986 582 207 53 visions
1225 578 67 55 de
1324 577 288 56 béatitude
1653 572 335 79 (XXXIV).
2023 571 197 55 L'âme
2253 582 136 64 peut
2423 588 54 35 se

96 668 219 55 donner
358 681 129 42 tout
531 667 211 56 entière
775 680 55 42 et
861 685 121 35 sans
1014 661 438 77 arrière-pensée
1485 662 375 55 douloureuse
1891 657 30 56 à
1951 658 51 55 la
2032 658 90 54 vie
2161 654 316 58 séduisante

98 766 55 41 et
178 751 187 67 facile,
391 753 187 74 quitte
610 750 30 56 à
666 750 279 56 s'étonner
978 750 319 53 tristement
1324 766 75 34 un
1423 746 132 75 jour
1580 765 69 34 en
1674 756 272 63 songeant
1971 762 71 35 au
2068 755 184 62 temps
2277 737 198 77 perdu,

98 850 55 42 et
195 856 111 36 aux
336 836 144 74 joies
527 835 294 56 éternelles
863 833 207 77 qu'elle
1118 833 124 54 s'est
1291 831 285 76 peut-être
1623 825 350 59 condamnée
2011 826 29 56 à
2073 846 68 36 ne
2185 821 292 59 connaître

89 922 203 75 jamais
325 920 372 75 (XXXVII).
727 921 273 53 L'amour
1024 917 138 55 n'est
1188 917 125 75 plus
1345 916 75 53 ici
1446 935 110 34 une
1583 926 298 43 rencontre
1907 912 283 56 charnelle
2215 908 263 77 tragique

107 1912 53 42 et
193 1895 264 69 brève,-il
490 1907 83 42 est
604 1893 309 56 l'aventure
946 1890 332 55 hasardeuse
1311 1900 53 42 et
1397 1886 198 56 tendre
1627 1885 66 56 de
1727 1885 150 55 deux
1903 1885 150 55 âmes
2086 1884 299 54 heureuses
2418 1881 68 54 de

108 1982 297 57 cheminer
447 1975 287 59 ensemble
779 1975 181 75 parmi
997 1973 320 56 l'universel
1357 1973 318 75 printemps
1706 1992 10 33 :
1821 1988 111 57 que
1974 1966 129 57 béni
2141 1969 110 54 soit
2280 1968 51 53 le
2366 1978 120 42 vert

109 2082 54 41 et
219 2068 99 75 qui
363 2067 53 53 le
725 2060 338 75 (XXXIX),
1103 2059 207 55 chante
1352 2059 49 53 le
1444 2055 165 78 poète
1658 2056 99 75 qui
1806 2054 314 55 s'attendrit
2163 2054 202 55 devant
2411 2051 76 52 les

108 2153 324 72 bourgeons
479 2148 99 75 qui
623 2162 138 38 vont
799 2144 184 56 éclore
1030 2162 56 35 et
1128 2144 76 53 les
1246 2162 184 35 cœurs
1475 2142 99 74 qui
1616 2153 138 42 vont
1788 2136 323 77 s'épanouir
2133 2162 11 43 ;
2180 2150 54 41 et
2266 2136 221 54 ailleurs

111 2238 148 55 deux
297 2247 220 43 amants
559 2232 230 54 scellent
830 2232 50 53 le
918 2244 166 61 pacte
1131 2229 67 54 de
1240 2227 302 67 concorde,
1576 2225 183 55 tandis
1802 2224 308 75 qu'ondule
2147 2243 74 34 un
2261 2239 189 36 accom-

111 2332 348 67 pagnement
497 2317 251 56 silvestre
786 2335 229 35 comme
1061 2316 49 53 le
1151 2312 228 76 rythme
1426 2312 94 54 des
1566 2330 271 35 rameaux
1877 2307 193 56 bercés
2112 2327 99 56 par
2252 2307 52 54 la
2345 2304 142 53 brise

118 2404 225 75 (VIII).
379 2404 105 54 Sur
516 2413 148 42 cette
696 2398 215 56 félicité
945 2399 231 54 rêveuse
1209 2398 102 74 qui
1343 2396 324 54 s'enchante
1706 2393 404 66 d'elle-même,
2144 2392 51 53 la
2227 2389 260 73 musique

122 3224 130 55 pose
295 3222 109 36 une
443 3198 172 57 clarté
654 3198 286 56 souriante
973 3210 55 42 et
1061 3193 287 79 tempérée
1371 3216 10 33 :
1419 3193 137 55 celle
1583 3191 132 54 d'un
1749 3184 330 78 crépuscule
2117 3180 66 55 de
2214 3180 272 52 Toscane.

125 3288 128 55 Sans
285 3286 334 75 rhétorique
651 3297 54 41 et
743 3302 121 36 sans
906 3283 106 55 cris
1044 3281 167 54 l'âme
1258 3277 374 57 s'abandonne
1664 3292 70 34 au
1767 3268 260 57 bonheur
2068 3281 226 38 comme
2331 3281 28 33 a
2392 3279 96 35 son

125 3372 194 57 destin.
363 3372 150 55 Rien
560 3371 77 53 ici
684 3367 67 56 de
798 3382 148 41 cette
992 3363 283 59 verbosité
1319 3359 392 59 sentimentale
1766 3354 99 75 qui
1912 3365 128 62 gâte
2082 3349 42 52 si
2162 3358 235 43 souvent
2437 3344 52 52 le

125 3457 226 74 lyrisme
383 3456 133 55 d'un
551 3451 299 69 Schubert,
884 3465 54 42 et
971 3448 212 59 semble
1214 3447 345 71 envelopper
1594 3443 52 52 la
1678 3438 218 76 passion
1929 3434 35 54 d
1990 3452 110 34 une
2130 3427 358 75 atmosphère

127 3541 61 56 de
220 3537 309 80 religiosité
567 3540 353 73 larmoyante
967 3549 54 40 et
1067 3532 142 56 fade.
1249 3532 130 54 Une
1416 3526 314 56 indication
1763 3520 170 64 suffit,
1966 3530 74 52 et,
2073 3514 195 54 mieux
2310 3530 77 56 qu
2412 3530 74 35 un
