2885 4000
2356 352 39 64 6
2413 375 33 61 3

1066 364 111 61 LE
1240 360 225 63 MOIS

92 504 61 44 les
189 502 147 43 nôtres
372 520 56 26 en
463 521 79 27 son
579 503 165 59 temple
778 503 88 57 qui,
894 502 72 43 dès
1000 499 290 59 l'apparition,
1317 513 24 27 a
1376 496 214 43 détourne
1627 506 96 31 tous
1757 492 60 44 les
1853 492 185 58 regards,
2065 502 96 32 tous
2193 489 60 43 les
2284 492 173 54 espoirs,

94 581 144 30 toutes
263 567 61 44 les
353 569 81 42 fois
470 570 58 42 du
565 570 175 44 monde,
781 568 155 53 fustice
971 567 129 42 serait
1136 565 113 42 deux
1286 563 80 42 fois
1402 560 127 56 belle,
1553 560 71 57 qui
1662 559 93 43 leur
1792 558 213 42 viendrait
2039 556 110 44 aussi
2185 556 52 42 de
2274 554 183 44 France.

94 661 64 6 —
195 633 231 58 Quelques
451 635 217 45 dernières
701 635 218 42 auditions
953 631 23 42 à
1012 631 279 42 mentionner
1318 643 9 28 :
1355 626 39 44 le
1420 638 179 32 concert
1623 626 52 42 de
1699 623 79 44 M.
1809 621 209 45 Tirabassi
2024 657 12 21 ,
2061 639 60 25 un
2149 620 155 44 Italien
2331 621 127 42 établi

95 701 24 43 à
145 699 228 45 Bruxelles
399 701 151 56 depuis
574 701 207 59 quelques
804 697 174 58 années,
1003 699 72 56 qui
1101 696 175 57 explore
1303 709 78 28 nos
1407 692 329 56 bibliothèques,
1764 701 43 32 et
1831 705 28 43 y
1884 689 215 43 découvre
2123 689 74 43 des
2225 699 167 31 trésors.
2424 687 37 43 Il

96 767 123 42 vient
260 766 51 42 de
358 766 170 55 publier
565 767 104 42 trois
707 780 170 29 œuvres
917 763 52 41 de
1012 760 295 44 Monteverde
1331 775 9 27 :

100 831 39 46 0
162 849 101 26 corne
294 849 50 25 sei
376 833 151 55 gentile
561 849 103 26 avec
689 849 88 26 une
814 830 240 43 réalisation
1080 828 51 42 de
1167 828 113 41 basse
1317 824 223 44 continue.
1567 822 34 43 Il
1638 823 161 42 éditera
1835 821 364 58 prochainement
2232 836 85 27 une
2352 819 112 42 Suite

99 898 148 43 inédite
270 898 47 41 de
341 896 54 62 J.
424 897 41 44 S.
501 898 116 42 Bach
651 915 107 40 pour
782 897 112 54 luth,
919 893 178 43 trouvée
1134 893 104 42 dans
1270 890 38 42 le
1343 889 127 43 fonds
1503 888 131 43 Fétis.
1663 887 84 44 Les
1771 898 198 32 concerts
1994 885 104 58 qu'il
2131 885 195 59 organise
2352 887 112 42 chez

100 979 109 27 nous
244 974 100 31 sont
368 963 227 43 consacrés
630 963 23 42 à
683 962 222 54 l'histoire,
942 958 358 43 exclusivement.
1329 954 64 44 Le
1418 953 248 57 cinquième
1691 964 44 31 et
1770 953 169 42 dernier
1975 950 116 43 offrit
2127 967 86 26 une
2251 950 190 55 interpré-

100 1030 137 43 tation
274 1029 178 57 parfaite
490 1029 52 43 de
571 1028 211 58 quelques
818 1042 123 43 pages
976 1025 51 42 de
1063 1021 310 55 Monteverde,
1409 1031 42 31 et
1487 1020 189 42 d'autres
1700 1031 173 30 maîtres
1906 1019 166 42 italiens
2096 1017 51 42 de
2183 1017 37 42 la
2251 1017 214 56 première

101 1094 153 43 moitié
279 1094 60 43 du
364 1092 145 45 XVII
510 1096 17 19 e
545 1094 143 43 siècle.
708 1119 64 6 —
791 1092 103 44 Une
920 1090 178 57 pianiste
1126 1089 51 40 de
1204 1086 151 55 talent,
1378 1085 54 42 M
1439 1086 45 19 me
1511 1085 232 42 Henriette
1769 1082 275 59 Eggermont
2069 1082 108 42 dont
2201 1097 109 28 nous
2334 1097 133 27 avons

100 1160 166 58 signalé
292 1158 95 60 déjà
412 1158 39 44 le
475 1160 151 42 succès
650 1160 105 42 dans
780 1158 71 42 des
876 1155 180 54 récitals,
1082 1170 24 25 a
1130 1153 76 42 fait
1242 1151 236 57 apprécier,
1503 1150 110 44 Salle
1639 1148 153 56 Erard,
1817 1148 41 43 la
1881 1148 146 43 valeur
2052 1148 51 42 de
2136 1164 76 26 son
2240 1148 202 57 enseigne-

104 1237 140 43 ment,
270 1224 24 44 à
318 1224 230 44 l'audition
575 1226 53 42 de
654 1226 100 54 cinq
780 1223 137 43 élèves
940 1222 50 42 de
1014 1236 77 27 son
1117 1233 127 28 cours
1279 1214 282 45 d'ensemble.
1590 1213 207 45 Celles-ci
1832 1214 23 44 à
1892 1214 39 42 la
1953 1213 212 58 première
2189 1214 149 55 partie,
2364 1213 83 43 elle-

105 1293 161 53 même,
293 1292 24 42 à
350 1292 38 42 la
420 1292 205 54 seconde,
650 1288 333 58 interprétèrent
1007 1284 340 45 excellemment
1373 1283 72 42 des
1468 1297 173 28 œuvres
1665 1282 198 54 diverses,
1889 1282 237 40 anciennes
2154 1291 43 31 et
2222 1280 244 55 modernes,

105 1358 165 57 pleines
296 1358 52 42 de
374 1357 243 43 difficultés.
645 1382 63 5 —
734 1354 132 44 MM.
894 1354 189 55 Bosquet
1107 1362 42 30 et
1177 1349 60 44 D.
1267 1348 193 43 Defauw
1496 1359 79 31 ont
1600 1346 211 59 inauguré
1834 1362 89 26 une
1947 1345 105 43 série
2080 1346 52 42 de
2155 1345 155 43 soirées
2334 1346 108 42 musi-

105 1423 113 44 cales
242 1423 75 57 qui
344 1433 272 47 promettent
640 1421 52 42 de
727 1432 196 44 compter
959 1416 134 59 parmi
1130 1415 60 42 les
1214 1414 95 57 plus
1343 1414 268 54 captivantes
1634 1410 106 58 qu'il
1778 1426 109 28 nous
1911 1426 92 27 sera
2027 1410 146 43 donné
2198 1410 51 42 de
2273 1412 142 41 suivre
2446 1410 24 43 à

108 1487 242 46 Bruxelles.
373 1487 104 51 Que
498 1486 88 43 l'on
606 1503 54 25 en
682 1487 98 54 juge
800 1500 72 42 par
891 1485 38 40 le
955 1482 183 57 premier
1159 1494 276 43 programme
1456 1494 9 26 :
1728 1477 54 43 de
1801 1476 180 43 Florent
2000 1476 203 56 Schmitt,
2363 1491 108 42 pour

108 1555 161 43 double
308 1566 188 46 quatuor
520 1553 25 42 à
567 1552 150 43 cordes
754 1552 52 42 de
846 1550 69 43 M.
945 1548 205 55 Defauw,
2293 1546 65 42 La
1712 1543 50 42 de
1803 1542 55 43 C.
1898 1542 218 60 Debussy.
2154 1542 80 44 On
2272 1543 199 42 entendit

106 1621 187 43 l'œuvre
320 1621 52 42 de
397 1619 73 44 M.
492 1618 210 55 Defauw,
729 1633 48 27 ce
804 1617 236 56 printemps
1065 1613 159 53 même,
1249 1611 23 43 à
1296 1611 40 41 la
1787 1608 97 43 Elle
1909 1608 67 43 fut
2000 1607 250 44 révélatrice
2276 1608 105 43 d'un
2406 1619 65 32 art

106 1686 149 55 subtil,
282 1684 241 43 d'attaches
546 1682 320 43 foncièrement
896 1679 239 55 françaises,
1161 1688 43 32 et
1228 1686 293 46 prometteuse
1547 1673 132 43 d'une
1705 1674 259 56 production
1991 1673 222 58 originale.
2243 1673 156 51 Quant
2418 1689 56 27 au

111 1752 216 59 Quintette
363 1750 52 42 de
449 1749 71 43 M.
548 1749 207 55 Schmitt,
780 1746 105 44 c'est
909 1762 86 25 une
1032 1743 287 57 composition
1347 1739 107 58 qu'il
1484 1739 185 43 faudrait
1703 1739 274 54 réentendre,
2004 1738 227 58 (plusieurs
2267 1739 78 42 fois
2378 1754 97 27 sans

110 1818 151 55 doute)
297 1826 131 32 avant
453 1830 83 42 que
561 1814 51 43 de
639 1814 180 56 pouvoir
844 1811 40 43 la
908 1813 98 40 bien
1032 1809 224 43 connaître
1289 1819 43 29 et
1364 1805 233 57 apprécier.
1625 1804 80 45 On
1732 1821 28 42 y
1783 1816 96 31 sent
1912 1820 88 27 une
2028 1804 288 55 personnalité
2343 1804 105 43 véhé-

111 1895 167 43 mente,
307 1899 86 25 une
426 1898 92 25 rare
556 1880 239 57 puissance,
821 1877 72 43 des
915 1876 196 53 audaces,
1140 1873 99 44 nées
1263 1872 103 43 d'un
1395 1873 181 41 instinct
1604 1872 225 57 fougueux
1853 1887 82 41 que
1971 1870 170 43 refrène
2175 1886 88 27 une
2298 1870 177 43 volonté

113 1950 157 57 parfois
296 1960 96 44 trop
418 1946 266 53 consciente,
712 1943 231 57 peut-être.
983 1940 256 44 L'auditeur
1262 1950 202 45 supporte
1491 1937 301 42 difficilement
1818 1936 40 43 la
1882 1936 216 58 longueur
2133 1936 57 42 du
2217 1936 234 57 développe-

114 2025 124 33 ment
264 2035 10 33 ;
301 2012 326 43 l'architecture
653 2008 213 60 générale,
893 2007 38 42 la
956 2007 113 57 ligne
1096 2006 58 41 lui
1180 2004 242 56 échappeut
1446 2018 61 27 un
1533 2018 83 41 peu
1638 2022 10 33 ;
1675 2002 132 56 seule,
1834 2000 284 58 l'impression
2146 2012 108 32 reste
2281 2000 105 44 d'un
2413 2012 64 32 art

114 2079 185 59 profond
340 2089 43 32 et
421 2077 151 58 grand.
607 2103 63 7 —
696 2074 63 43 Le
792 2074 175 42 charme
1003 2087 77 42 pur
1117 2072 71 41 des
1224 2069 263 43 lumineuses
1522 2069 262 53 harmonies,
1811 2068 172 42 flottant
2023 2083 174 27 comme
2236 2067 73 43 des
2345 2067 132 43 voiles

113 2147 227 43 aériennes
376 2159 72 27 sur
486 2143 40 42 le
564 2140 153 59 poème
755 2155 85 27 aux
879 2150 111 30 mots
1027 2138 170 42 enfants
1235 2135 51 42 de
1319 2134 40 43 la
1808 2148 146 42 repose
1980 2131 105 43 d'un
2113 2133 57 41 tel
2196 2130 139 46 effort.
2364 2131 46 46 O
2439 2133 38 41 la

114 2227 163 29 caresse
303 2210 74 43 des
411 2209 220 56 musiques
666 2205 173 55 douces,
863 2220 55 26 au
951 2201 302 45 balancement
1279 2200 72 43 des
1374 2200 190 54 accords,
1591 2199 79 43 tels
1705 2199 74 43 des
1802 2199 65 58 lys
1892 2199 177 58 vierges,
2094 2214 99 26 sous
2217 2197 59 45 les
2302 2200 174 42 brises...

336 2276 78 42 Au
438 2270 300 56 Waux-Hall,
767 2268 70 44 M.
866 2268 270 59 Lauweryns
1161 2284 24 25 a
1209 2266 136 57 dirigé
1370 2281 61 27 un
1456 2276 181 32 concert
1662 2265 266 43 d'orchestre
1953 2263 204 44 consacré
2177 2263 24 44 à
2220 2263 72 44 des
2310 2280 171 27 œuvres

119 2342 158 56 belles,
317 2341 137 57 parmi
494 2336 239 59 lesquelles,
1463 2333 268 57 Wiegenlied,
1078 2332 99 44 d'E.
1218 2332 325 55 Heeckhautte,
1834 2329 104 45 d'A.
1976 2331 51 42 de
2066 2329 165 56 Boeck,

151 2407 284 54 Canadienne,
436 2406 48 42 de
509 2403 107 45 Paul
642 2401 174 55 Gilson,
1601 2399 57 43 Le
1770 2398 226 44 Chevalier
2270 2397 202 57 Maudit,
1406 2397 213 43 entr'acte
1651 2397 339 58 symphonique,
2018 2395 52 44 de
2095 2394 107 43 Paul
2229 2394 163 60 Lagye.
2420 2421 64 6 —

118 2477 174 40 Anvers
315 2489 25 26 a
363 2489 56 26 eu
443 2487 77 28 son
548 2468 192 43 Festival
762 2465 190 57 Wagner
955 2500 11 20 ,
990 2481 102 26 avec
1134 2464 58 43 les
1228 2463 155 58 grands
1418 2464 233 42 chanteurs
1686 2474 43 31 et
1765 2463 258 42 cantatrices
2057 2461 51 42 de
2146 2461 240 60 Bayreuth,
2420 2487 65 6 —

118 2539 155 57 Mons,
299 2555 63 27 un
387 2547 179 34 concert
590 2534 52 42 de
669 2533 198 55 musique
891 2530 155 56 sacrée,
1072 2545 99 28 sous
1195 2529 39 43 la
1261 2529 212 43 direction
1500 2529 50 42 de
1578 2529 71 43 M.
1679 2528 124 43 Léon
1829 2529 146 57 Jadin,
2001 2543 103 26 avec
2130 2526 38 43 le
2193 2543 215 28 concours
2433 2528 51 41 de

120 2605 56 43 M
180 2601 39 26 Ue
246 2604 179 53 Cholet,
453 2600 225 44 violoniste
705 2609 41 30 et
772 2595 72 44 M.
871 2595 208 54 Absalon,
1106 2594 331 55 violoncelliste,
1464 2606 43 29 et
1531 2594 106 41 d'un
1665 2609 162 42 groupe
1853 2595 52 40 de
1929 2594 248 53 chanteurs,
2198 2592 57 43 où
2281 2592 38 42 la
2343 2591 145 44 Sonate

122 2688 110 41 pour
259 2671 129 56 piano
414 2679 43 31 et
481 2665 145 43 violon
653 2663 53 42 de
730 2661 249 44 l'excellent
1003 2661 306 56 compositeur,
1334 2676 55 26 en
1416 2660 211 57 première
1652 2658 213 56 audition,
1891 2658 67 42 fut
1983 2658 265 57 remarquée.

2198 2756 66 47 R.
2304 2756 57 47 L.

124 2890 160 33 réservée
305 2888 20 33 à
346 2897 68 22 nos
435 2880 270 50 compositeurs
722 2881 12 31 ?
766 2878 104 34 Nous
891 2876 197 35 attendons
1107 2878 182 44 toujours,
1310 2889 96 36 pour
1426 2874 148 52 publier
1594 2875 48 36 les
1664 2874 238 38 conclusions
1921 2876 45 35 de
1988 2884 106 26 notre
2114 2876 155 47 Enquête
2269 2902 10 17 ,
2302 2873 170 51 l'explica-

126 2942 79 35 tion
241 2940 182 36 autorisée
458 2937 44 34 de
537 2947 40 22 ce
612 2932 134 35 dédain
785 2930 273 49 systématique.
1096 2928 79 37 Elle
1207 2942 78 23 sera
1319 2930 44 35 de
1395 2939 132 26 nature
1556 2933 20 33 à
1611 2928 152 37 éclairer
1794 2928 31 37 le
1856 2930 149 35 Comité
2037 2928 131 44 formé,
2190 2927 44 50 (il
2261 2942 35 22 se
2317 2941 174 37 compose

127 2996 117 35 MM.
267 2995 105 34 Léon
395 2993 64 33 Du
482 2989 97 41 Bois,
612 2984 94 38 Paul
727 2982 146 45 Gilson,
906 2982 121 37 Emile
1049 2984 192 42 Mathieu,
1272 2985 90 45 Jean
1385 2986 82 33 Van
1489 2985 72 35 den
1582 2984 140 43 Eeden,
1755 2982 159 37 Camille
1935 2984 240 42 Lemonnier,
2208 2984 166 45 Georges
2396 2982 73 37 Eek-

129 3049 115 43 houd,
270 3049 135 34 Nestor
425 3045 45 34 de
491 3042 153 41 Thière,
668 3036 94 39 Paul
783 3039 136 46 Lagye,
942 3038 101 35 René
1065 3038 89 47 Lyr)
1178 3050 96 36 pour
1295 3050 73 23 une
1388 3038 125 36 action
1534 3038 168 36 décisive.
