2885 4000
1070 313 503 78 ROLLINAT

2420 334 83 67 15

297 467 99 56 Un
428 468 113 56 soir
574 489 112 57 que
708 467 59 76 je
800 466 296 57 cherchais
1128 466 30 56 à
1189 481 209 41 travers
1430 467 77 53 les
1539 464 236 56 vitrines
1807 462 67 56 de
1909 481 116 36 mes
2058 457 148 58 cafés
2231 457 285 56 habituels

126 553 276 75 quelques
424 553 333 56 silhouettes
782 552 219 67 d'amis,
1018 552 296 75 j'appuyai
1340 571 137 34 mon
1503 550 154 55 front
1683 570 69 34 au
1780 567 228 37 carreau
2033 546 75 54 du
2199 543 260 55 Voltaire

133 635 153 77 (côté
319 637 68 56 de
421 640 51 53 la
503 660 100 34 rue
635 638 68 55 de
735 637 330 75 Tournon).
1102 635 102 68 Là,
1238 649 197 42 contre
1469 637 139 67 moi,
1641 635 136 66 seul,
1829 633 256 55 Rollinat
2131 628 226 56 fumant
2404 649 110 34 une

123 724 138 74 pipe
316 724 394 55 terriblement
767 720 270 58 culottée.
1087 721 237 74 J'entrai
1385 735 55 41 et
1498 722 127 54 allai
1680 717 349 57 résolument
2083 715 29 56 à
2164 716 81 53 lui
2276 735 11 34 :
2406 713 107 74 J'ai

126 807 251 55 entendu
410 809 121 54 dire
564 809 70 54 de
664 828 99 35 vos
794 826 121 36 vers
947 826 101 56 par
1089 806 304 75 Pelleport.
1445 805 72 54 Ils
1564 820 99 39 ont
1712 825 108 33 une
1872 804 236 54 relation
2160 798 354 56 d'ambiance

126 913 137 34 avec
297 892 193 75 Edgar
527 895 114 53 Poë
675 914 111 55 que
810 892 100 74 j'ai
945 889 153 57 tenté
1133 891 321 54 d'illustrer.
1492 889 51 54 Il
1575 889 240 76 prétend
1848 909 110 55 que
1990 906 140 37 vous
2161 884 163 55 faites
2357 884 67 54 de
2466 885 51 53 la

129 979 285 75 Musique
448 980 100 74 qui
583 976 298 57 ressemble
914 974 28 56 à
974 995 99 35 vos
1105 994 141 37 vers.
1280 975 63 55 Je
1375 975 117 53 vais
1517 994 139 34 vous
1681 974 334 75 surprendre
2047 994 10 33 :
2085 971 59 75 je
2177 971 111 54 n'ai
2312 970 206 75 jamais

128 1061 250 56 entendu
414 1063 67 54 de
517 1063 282 75 Musique
828 1083 13 44 ;
867 1060 59 75 je
957 1080 69 33 ne
1059 1060 110 55 suis
1194 1059 203 75 jamais
1430 1072 127 41 tout
1589 1058 29 54 à
1650 1056 101 56 fait
1785 1055 252 57 satisfait.
2074 1056 106 54 Les
2213 1052 306 78 premières

129 1146 229 78 phrases
415 1148 76 54 du
988 1146 159 58 Clair
1403 1146 61 55 de
1629 1148 153 53 hune
1075 1143 68 56 de
1200 1143 334 56 Beethoven
1587 1143 334 54 semblaient
1976 1141 178 77 partir
2206 1140 141 53 mais
2401 1139 117 54 cela

128 1232 304 55 s'arrondit
487 1246 55 40 et
592 1252 53 35 se
701 1232 171 54 dilue.
922 1230 67 74 Je
1036 1230 112 54 suis
1194 1226 162 58 avide
1404 1228 69 54 de
1509 1226 58 75 je
1615 1248 68 33 ne
1730 1228 101 53 sais
1878 1246 97 57 pas
2022 1226 156 75 quoi.
2221 1223 295 75 J'attends,

128 1315 291 78 j'espère...
454 1318 205 55 alors...
693 1336 140 35 vous
865 1334 303 35 excuserez
1215 1333 136 34 mon
1399 1310 391 56 indiscrétion.
2095 1309 325 66 Monsieur,
2461 1308 57 75 je

128 1422 142 36 vous
316 1422 207 36 excuse
570 1422 136 34 avec
750 1402 253 53 d'autant
1036 1399 126 76 plus
1209 1398 67 55 de
1324 1399 192 74 plaisir
1563 1418 111 55 que
1719 1417 140 34 vous
1893 1394 334 57 ressemblez
2259 1392 228 76 étrange-

132 1501 157 42 ment
322 1487 30 54 à
385 1508 137 33 mon
555 1486 167 67 frère,
755 1483 153 57 hélas
942 1484 10 56 !
988 1484 244 76 disparu.
1272 1483 158 55 Vous
1463 1502 136 34 avez
1632 1480 171 69 tenté,
1839 1482 332 64 dites-vous,
2217 1479 304 54 d'illustrer

133 1573 193 76 Edgar
355 1573 135 55 Poë.
519 1573 69 73 Je
613 1573 165 54 serais
1468 1567 9 56 !
1505 1566 247 74 j'établis
1778 1567 67 53 de
1869 1567 145 53 suite
2042 1566 174 74 qu'on
2245 1563 276 53 n'illustre

132 1677 96 56 pas
261 1656 195 76 Edgar
491 1657 135 55 Poë.
665 1656 96 56 On
795 1667 136 64 peut
962 1652 139 56 faire
1135 1672 196 36 œuvre
1376 1651 30 54 à
1453 1649 147 69 côté,
1651 1671 143 56 pour
1840 1648 239 56 éditeur.
2135 1649 130 54 Mes
2316 1647 207 54 dessins

134 1755 318 63 manquant
500 1742 126 75 plus
673 1741 67 54 de
787 1741 220 54 science
1055 1760 109 56 que
1199 1737 442 76 d'imagination
1674 1734 190 56 furent
1897 1736 214 53 soumis
2144 1732 29 56 à
2203 1733 51 54 la
2288 1733 233 54 Maison

136 1827 231 55 Michel
421 1826 162 77 Lévy
634 1840 55 41 et
739 1846 55 35 se
844 1823 329 58 trouvèrent
1228 1844 68 34 en
1351 1841 386 37 concurrence
1784 1840 135 34 avec
1970 1818 275 56 Urabieta
2291 1817 228 75 Vierge.

134 1911 277 57 C'était...
447 1926 129 61 trop
616 1911 322 55 d'honneur
969 1908 10 58 !
1030 1910 48 54 Il
1126 1908 94 77 n'y
1269 1921 96 41 eut
1399 1907 153 55 nulle
1585 1905 270 56 décision.
1884 1906 68 74 Je
1982 1924 140 35 vous
2168 1905 77 53 les
2291 1902 234 66 offrirai,

137 2018 89 35 ces
259 1997 230 66 dessins,
523 1997 203 54 mais...
761 2009 161 42 votre
955 1995 268 75 musique
1249 1995 50 53 ??

557 2081 136 75 cinq
725 2077 188 78 étages
945 2099 70 36 ne
1040 2099 141 34 vous
1214 2076 124 56 font
1364 2096 98 58 pas
1486 2096 161 58 peur,
1666 2075 102 76 j'ai
1793 2094 203 35 encore
2023 2072 75 56 du
2124 2072 140 66 bois,
2292 2091 70 35 on
2391 2084 135 62 peut

136 2166 138 56 faire
307 2188 112 34 une
451 2164 260 57 flambée.
750 2165 151 56 C'est
935 2185 97 35 rue
1081 2165 158 55 Saint
1280 2164 262 75 Jacques.
1594 2162 94 54 Ne
1735 2180 142 36 vous
1923 2159 264 56 attendez
2232 2176 97 58 pas
2373 2176 31 33 a
2450 2175 77 34 un

138 2254 191 75 piano,
363 2253 136 53 c'est
533 2272 76 33 un
644 2251 271 55 clavecin.

307 2334 208 57 C'était
548 2355 101 34 rue
683 2336 158 54 Saint
865 2335 265 75 Jacques,
1163 2333 31 56 à
1227 2333 151 54 deux
1411 2333 246 53 maisons
1690 2330 66 55 de
1803 2330 52 55 la
1901 2349 103 34 rue
2051 2328 371 76 Gay-Lussac
2478 2322 50 75 (à

137 2420 223 78 gauche
406 2434 56 42 et
510 2420 30 55 à
585 2420 243 75 gauche,
876 2441 69 34 en
993 2433 227 63 partant
1267 2418 75 54 du
1392 2415 465 76 Luxembourg).
1906 2414 248 56 Escalier
2194 2409 239 57 humide
2476 2422 54 40 et

138 2505 220 68 bossué,
392 2504 291 78 évoquant
715 2505 76 55 les
825 2503 289 79 Mystères
1147 2504 68 53 de
1251 2503 156 54 Paris
1440 2499 298 77 d'Eugène
1773 2502 125 53 Suë.
1928 2499 254 53 Rollinat
2215 2498 208 52 alluma
2455 2493 73 54 du

138 2590 115 69 feu,
288 2612 135 56 posa
454 2611 58 35 sa
542 2592 136 75 pipe
710 2611 92 34 sur
833 2590 51 55 le
917 2590 143 55 bord
1093 2589 75 55 du
1201 2589 259 55 clavecin
1492 2601 56 42 et
1581 2587 135 54 dans
1751 2606 109 34 une
1892 2584 271 55 rutilante
2197 2579 301 76 improvisa-

141 2678 141 65 tion,
316 2676 213 55 sembla
560 2677 287 75 l'essuyer.
882 2676 83 54 Le
1012 2676 146 74 petit
1206 2693 99 35 son
1355 2673 174 75 aigre,
1564 2669 309 78 trépidant,
1909 2668 67 55 de
2023 2668 406 62 l'instrument,
2478 2681 53 34 se

141 2761 270 55 bouscula
457 2780 231 35 comme
738 2780 77 34 un
866 2758 231 57 combat
1148 2758 67 55 de
1263 2771 229 63 gouttes
1534 2757 160 54 d'eau
1745 2754 133 55 dans
1925 2773 75 35 un
2051 2753 169 53 vieux
2251 2748 181 55 bassin
2465 2745 67 54 de

141 2844 219 58 feuilles
393 2860 232 40 mortes.

383 2932 134 60 Que
548 2931 380 54 voulez-vous
960 2949 112 57 que
1096 2928 58 75 je
1185 2949 139 34 vous
1349 2928 219 75 joue....

385 3017 217 55 Mais...
630 3016 58 75 je
724 3015 111 54 n'ai
867 3034 99 57 pas
998 3034 207 35 encore
1238 3012 69 55 de
1338 3011 332 79 préférence
1703 3011 9 54 !

385 3102 177 55 Tiens
599 3101 9 56 !
645 3101 133 55 c'est
810 3101 119 55 vrai
966 3100 10 56 !
1081 3115 54 39 et
1169 3119 64 35 ce
1263 3097 92 56 fut
1388 3119 76 34 un
1497 3100 128 52 rire.

381 3189 67 72 Je
482 3187 117 55 vais
631 3206 142 35 vous
796 3186 169 75 jouer
997 3184 65 76 çà
1098 3185 10 54 !
1211 3185 50 53 Il
1294 3185 193 75 partit.

653 3304 246 51 Pluviôse
927 3304 140 50 irrité
1095 3314 174 38 contre
1296 3302 47 49 la
1369 3302 82 49 vie
1479 3300 245 51 entière...

321 3431 95 54 Un
449 3430 94 56 des
578 3430 204 76 Spleen
815 3429 69 56 de
918 3429 352 56 Baudelaire.

315 3516 109 55 Ma
473 3515 191 55 chaise
712 3528 160 42 entra
922 3515 136 55 dans
1103 3514 54 54 le
1204 3532 129 35 mur
1366 3524 55 41 et
1454 3523 160 42 toute
1648 3526 93 36 ma
1774 3505 113 56 tête
1920 3502 135 55 dans
2085 3501 50 53 le
2168 3496 171 77 piano
2372 3495 160 66 dont,
