2885 4000
307 134 34 69 5
362 115 42 66 6

1358 115 61 66 S.
1486 115 52 68 I.
1607 117 103 64 M.

652 258 330 61 spécialement
1004 261 29 23 a
1368 259 52 46 ils
1439 273 104 32 sont
1564 261 168 45 dressés
1758 260 24 45 à
1803 260 219 46 dénicher
2039 260 63 46 les
2123 263 30 23 66
2167 274 148 47 temps

654 329 109 44 forts
839 328 155 47 blottis
1034 330 111 44 dans
1184 328 62 45 les
1291 329 284 46 broussailles
1612 329 297 61 mélodiques.
1949 329 149 54 Quels
2123 333 193 43 services

654 415 51 28 ce
733 399 95 43 flair
864 398 260 60 particulier
1151 398 165 59 peut-il
1344 399 163 45 rendre
1533 399 24 45 à
1583 399 77 45 des
1686 399 215 45 danseurs
1927 399 187 63 chargés
2140 400 150 44 d'exté-

656 468 176 44 rioriser
852 467 42 45 la
914 468 264 62 rythmique
1200 468 221 44 moderne
1447 470 93 58 qui,
1562 468 321 60 précisément,
1905 470 193 59 méprise
2125 469 41 45 la
2189 470 126 44 barre

655 536 54 44 de
737 553 179 29 mesure
943 549 45 33 et
1013 538 182 58 exigera
1235 538 177 44 bientôt
1437 555 45 28 sa
1507 539 286 58 suppression
1816 537 13 45 ?
1868 538 37 45 Il
1947 557 29 44 y
2010 556 23 27 a
2071 538 39 45 là
2135 556 65 27 un
2227 539 89 44 très

655 621 135 45 grave
811 606 302 45 malentendu
1140 607 76 59 qui
1245 623 163 42 pourra
1432 606 211 46 stériliser
1670 608 53 43 de
1745 608 88 45 très
1859 608 200 45 louables
2086 607 168 60 efforts,
2281 609 33 44 si

656 674 42 45 la
724 676 247 59 technique
999 692 120 29 russe
1154 674 213 47 s'attarde
1403 676 24 45 à
1454 693 73 29 ces
1564 676 307 60 expériences.
1909 677 63 45 Et
1999 677 63 45 les
2099 679 219 58 premiers

658 745 129 44 essais
815 744 53 44 de
896 744 131 45 Boris
1056 743 263 47 Romanoff
1335 747 111 44 dans
1490 746 40 44 la
1557 745 234 62 Tragédie
1824 747 53 44 de
1906 746 180 46 Salomé
2123 764 55 27 ne
2213 758 104 34 sont

658 830 76 43 pas
761 813 101 45 faits
889 830 112 43 pour
1028 830 115 28 nous
1169 831 207 30 rassurer.

797 882 75 46 De
922 895 129 33 toute
1080 895 120 33 cette
1225 886 220 52 agitation
1482 902 91 27 une
1616 884 123 45 seule
1784 886 225 44 certitude
2049 885 267 45 consolante

659 951 217 46 demeure
910 969 9 28 :
960 952 114 45 celle
1113 952 61 45 du
1211 953 133 61 génie
1394 955 53 43 de
1488 954 297 62 Strawinsky.
1826 954 67 47 Ce
1926 956 142 60 jeune
2112 954 206 45 créateur

659 1020 258 60 frénétique
962 1038 115 43 pour
1120 1022 77 60 qui
1225 1023 63 44 les
1324 1024 252 45 orchestres
1601 1035 104 34 sont
1730 1025 205 58 toujours
1969 1037 100 46 trop
2112 1041 204 42 pauvres,

659 1089 62 46 les
757 1092 301 44 instruments
1100 1103 97 48 trop
1244 1109 86 42 peu
1369 1093 206 58 étendus,
1614 1105 45 32 et
1684 1095 75 59 qui
1787 1105 66 33 est
1879 1092 150 62 obligé
2056 1093 53 44 de
2136 1110 183 42 rompre

660 1159 255 61 l'équilibre
942 1161 74 44 des
1041 1177 104 28 sons
1172 1178 119 43 purs,
1331 1163 53 43 de
1423 1162 62 45 les
1521 1163 111 44 fêler
1670 1165 54 42 de
1759 1163 323 45 dissonnances
2108 1180 114 42 pour
2257 1163 63 45 les

661 1229 163 45 rendre
860 1229 99 59 plus
986 1230 215 60 vibrants,
1231 1248 111 42 pour
1370 1231 131 60 qu'ils
1537 1232 214 44 mordent
1778 1249 57 27 en
1864 1232 150 59 pleine
2042 1232 140 58 chair,
2205 1249 114 42 pour

661 1297 133 61 qu'ils
836 1316 43 26 se
907 1299 181 45 laissent
1128 1302 208 43 arracher
1362 1300 152 59 l'âme,
1542 1300 259 61 représente
1829 1301 109 45 dans
1973 1300 101 45 l'art
2109 1314 181 32 contem-

662 1369 157 57 porain
847 1385 91 28 une
960 1370 121 44 force
1102 1369 353 60 incomparable,
1477 1387 91 27 une
1587 1370 176 45 réserve
1784 1370 232 61 d'énergie
2042 1372 77 58 qui
2147 1371 173 44 semble

303 1436 294 59 inépuisable,
626 1454 61 27 un
716 1436 203 46 élément
945 1439 54 43 de
1031 1438 287 61 dynamisme
1347 1438 139 46 d'une
1514 1440 233 58 puissance
1783 1441 169 43 inouïe.
1984 1439 186 61 Malgré
2195 1439 62 46 les
2278 1441 343 59 imperfections
2647 1441 137 45 d'une

303 1504 256 47 réalisation
609 1506 273 45 tâtonnante
1002 1508 217 61 Nijinsky
1246 1507 115 46 n'est
1389 1525 74 43 pas
1505 1508 42 44 le
1590 1508 285 63 Strawinsky
1915 1509 55 44 de
2006 1508 44 45 la
2086 1509 136 45 danse
2342 1510 40 44 le
2410 1510 134 46 Sacre
2570 1511 53 44 de
2655 1510 105 46 Prin-

301 1585 148 49 temps
474 1577 166 43 atteint
665 1576 24 44 à
715 1575 240 46 l'émotion
982 1589 47 32 et
1062 1577 24 44 à
1112 1576 40 45 la
1181 1578 161 44 beauté
1369 1594 77 42 par
1472 1578 75 45 des
1582 1595 193 44 moyens
1799 1579 244 45 inconnus.
2084 1577 38 46 Il
2150 1579 267 45 demeurera
2443 1597 90 27 une
2562 1579 200 46 inoublia-

303 1643 71 45 ble
411 1643 128 61 étape
576 1645 110 45 dans
719 1643 270 47 l'évolution
1037 1646 111 45 d'un
1193 1648 224 44 musicien
1459 1648 114 44 dont
1610 1646 62 46 les
1710 1648 120 45 voies
1879 1660 105 32 sont
2022 1648 320 61 mystérieuses
2384 1661 45 32 et
2472 1650 75 59 qui
2594 1649 192 62 ménage

301 1712 101 60 plus
436 1712 139 47 d'une
603 1715 192 59 surprise
821 1714 24 45 à
882 1732 118 27 ceux
1037 1717 93 58 qui,
1159 1716 156 59 depuis
1340 1714 211 49 l'Oiseau
1586 1716 54 44 de
1680 1716 112 58 Feu,
1832 1716 211 60 l'ontpris
2069 1734 113 42 pour
2208 1719 152 59 guide.

441 1782 45 45 A
529 1800 52 28 ce
609 1782 282 62 magnifique
916 1783 135 46 effort
1088 1784 61 45 les
1187 1785 166 46 Russes
1386 1799 83 31 ont
1493 1785 153 62 ajouté
1686 1803 92 28 une
1820 1785 258 46 réalisation
2114 1787 212 45 nouvelle
2366 1788 54 44 de
2459 1787 41 45 la
2537 1789 247 60 poignante

301 1850 278 61 Tragédieal
607 1853 53 44 de
682 1852 136 47 Somé
857 1853 53 45 de
937 1852 191 47 Florent
1162 1853 200 47 Schmitt
1381 1855 113 45 dont
1520 1867 102 33 tous
1648 1854 61 46 les
1736 1856 246 44 musiciens
2021 1857 292 44 connaissent
2340 1874 208 43 parcœur
2584 1858 41 45 la
2662 1859 123 43 riche

302 1921 670 60 partition,somptueusement
1001 1923 271 46 orchestrée.
1301 1923 69 45 Là
1396 1940 182 42 encore,
1608 1924 40 46 le
1674 1926 311 57 compositeur
2013 1937 77 33 eut
2111 1925 24 45 à
2161 1925 180 45 souffrir
2365 1926 139 46 d'une
2532 1927 251 62 stylisation

300 1991 226 43 excessive
571 1992 77 58 qui
688 1991 201 62 paralysa
929 2008 82 29 son
1050 1992 233 61 généreux
1324 1992 183 63 lyrisme
1553 2006 44 32 et
1641 1993 187 45 réduisit
1853 1994 24 44 à
1904 1993 41 45 la
1990 1994 100 59 plus
2114 1994 215 47 fâcheuse
2363 1996 196 45 banalité
2608 1996 154 45 l'inter-

301 2057 228 61 prétation
565 2060 54 44 de
649 2059 244 46 l'adorable
935 2060 266 47 Karsavina.

441 2127 212 60 Daphnis
683 2141 45 32 et
757 2129 148 46 Chloé
945 2147 113 28 nous
1095 2132 69 43 fut
1202 2132 161 58 rendu,
1405 2149 57 27 en
1503 2130 65 47 fin
1596 2133 54 44 de
1676 2133 163 57 saison,
1880 2133 481 60 imperceptiblement
2389 2133 186 46 modifié
2603 2153 77 41 par
2724 2135 61 45 les

301 2196 205 46 héritiers
533 2198 53 43 de
623 2198 192 46 Fokine.
863 2198 183 62 Malgré
1083 2200 42 44 la
1152 2201 251 60 fougueuse
1427 2201 274 45 admiration
1729 2201 111 60 qu'il
1884 2202 231 59 proclama
2159 2220 113 41 pour
2299 2203 62 45 les
2405 2205 234 44 nouvelles
2673 2221 111 29 con-

1876 2273 206 58 ceptions
2145 2273 55 44 de
2268 2273 233 62 Nijinsky,
2570 2274 214 45 Maurice

1874 2340 144 46 Ravel
2046 2340 77 46 n'a
2150 2359 75 42 pas
2252 2360 80 27 cru
2359 2342 155 45 devoir
2535 2343 249 45 demander

1872 2410 23 44 à
1921 2427 81 28 son
2030 2412 220 58 principal
2278 2413 248 59 interprête
2562 2412 222 63 d'ajouter

1871 2479 24 44 à
1921 2496 81 28 son
2023 2497 159 28 œuvre
2194 2481 219 60 quelques
2434 2482 350 45 amendements

1872 2550 212 44 cubistes.
2126 2549 68 46 Ce
2234 2551 138 43 futun
2395 2553 104 43 trait
2525 2551 55 45 de
2608 2551 172 45 charité

1873 2619 102 44 bien
2013 2619 91 44 mal
2142 2620 235 44 ordonnée
2408 2619 7 46 !

2013 2688 68 46 La
2107 2689 111 44 série
2247 2689 249 46 habituelle
2523 2690 76 46 des
2625 2690 156 46 succès

1872 2758 418 61 chorégraphiques
2316 2759 54 44 de
2396 2759 42 44 la
2464 2770 163 49 troupe
2661 2777 119 28 russe

1872 2828 235 44 encadrait
2133 2845 72 28 ces
2232 2828 148 59 pièces
2415 2829 55 44 de
2514 2831 186 43 combat
2737 2841 43 33 et

1871 2896 283 45 réconciliait
2180 2899 176 58 chaque
2382 2899 87 43 soir
2492 2898 76 45 .les
2596 2899 161 61 belligé-

1872 2977 123 33 rants
2024 2967 127 59 après
2189 2966 61 45 les
2277 2966 100 60 plus
2399 2968 189 45 ichaude
2613 2986 143 28 sescar-

1873 3036 236 45 mouches.
2151 3036 67 44 Le
2254 3048 155 33 retour
2438 3037 261 61 périodique
2727 3039 52 44 de

1871 3104 131 45 Boris
2023 3103 287 48 Godounow
2328 3117 45 33 et
2394 3106 53 45 de
2464 3107 315 46 Khovanchin

1869 3175 209 43 achevait
2116 3173 218 61 d'apaiser
2371 3175 63 46 les
2461 3176 208 46 habitués
2721 3178 59 44 du

1869 3242 192 60 théâtre,
2083 3245 207 45 heureux
2312 3244 282 60 d'applaudir
2615 3247 132 45 Mous-

1870 3314 204 61 sorgsky,
2098 3313 289 61 Chaliapine,
2401 3314 63 46 les
2481 3316 298 45 merveilleux

1874 3381 158 60 pécors
2070 3383 55 44 de
2163 3383 297 63 Fédorovsky
2505 3396 45 33 et
2575 3384 64 45 les
2682 3385 98 60 plus

1873 3452 145 44 beaux
2046 3453 183 44 chœurs
2266 3453 61 44 du
2354 3454 186 45 monde.

2145 3543 200 50 Emile
2379 3544 395 51 Vuillermoz.

2106 3621 182 33 (Croquis
2309 3623 275 29 d'Emmanuel
2608 3623 171 33 Barcet).
