2885 4000
586 1306 798 114 RÉFLEXIONS
1470 1337 305 86 D'UN
1859 1342 682 89 SOLITAIRE

454 1533 71 41 On
562 1533 74 41 sait
672 1550 80 40 que
966 1536 106 42 avait
1107 1538 102 41 écrit
1245 1538 51 42 de
1332 1541 272 42 volumineux
1639 1545 233 52 mémoires,
1909 1545 104 42 dont
2047 1547 55 41 les
2136 1551 242 41 manuscrits
2411 1563 75 31 ont
2521 1554 64 41 été
2609 1559 179 52 partagés

328 1596 20 41 à
371 1611 39 25 sa
433 1606 110 31 mort
566 1612 52 25 en
649 1599 129 52 1813,
803 1608 116 31 entre
953 1614 56 25 ses
1044 1611 87 43 sept
1164 1616 160 26 neveux
1358 1613 40 30 et
1432 1604 148 42 nièces.
1606 1604 79 43 Ces
1718 1607 196 55 précieux
1947 1609 184 43 volumes
2165 1623 92 30 sont
2286 1614 268 55 aujourd'hui
2578 1616 209 57 dispersés,

330 1657 318 43 Mademoiselle
686 1660 172 41 Pauline
895 1660 121 55 Long
1052 1677 20 26 a
1105 1678 57 39 pu
1197 1679 49 25 en
1281 1675 212 32 retrouver
1526 1667 38 41 la
1598 1678 109 31 trace
1740 1668 101 43 dans
1874 1671 55 41 les
1964 1671 237 44 différentes
2227 1675 308 59 bibliothèques

328 1732 39 29 et
392 1736 38 25 se
454 1720 175 56 disposé
637 1738 19 24 a
681 1738 50 24 en
767 1722 99 41 faire
900 1723 36 41 la
969 1724 274 54 publication.
1268 1726 120 42 Nous
1421 1743 174 27 sommes
1628 1730 186 43 heureux
1847 1733 52 41 de
1933 1735 177 53 pouvoir
2143 1738 210 54 présenter
2377 1740 268 55 aujourd'hui
2671 1745 20 40 à
2715 1760 72 27 nos

324 1784 187 51 lecteurs,
536 1800 57 25 un
618 1785 205 53 fragment
856 1784 51 42 de
941 1802 62 25 ces
1039 1785 248 45 Reflexions.
1314 1790 33 40 Il
1382 1792 234 54 appartient
1650 1809 50 26 au
1734 1795 168 42 volume
1935 1809 225 32 manuscrit
2183 1799 73 57 qui
2288 1816 38 26 se
2351 1812 146 34 trouve
2520 1805 20 41 à
2563 1805 38 41 la
2627 1806 135 43 Biblio-

325 1845 155 58 thèque
504 1846 241 42 Nationale.

500 1960 293 80 Plaidoyer
816 1974 144 65 pour
989 1962 290 59 moi-même
1309 1965 224 58 adressé
1557 1989 72 37 au
1662 1969 252 59 tribunal
1936 1973 361 81 dramatique.

500 2086 161 55 Dans
693 2087 53 54 la
778 2086 233 78 préfacé
1037 2088 70 57 de
1134 2111 141 36 mon
1308 2092 145 56 livre
1660 2097 53 55 la
2030 2100 105 77 j'ai
2171 2101 86 57 dit
2290 2106 301 77 pourquoi
2616 2107 61 78 je
2710 2129 70 37 ne

325 2175 330 76 composais
687 2175 131 77 plus
851 2175 69 55 de
955 2177 273 79 musique
1262 2202 13 45 ;
1313 2182 145 55 mais
1483 2181 60 77 je
1576 2183 112 56 n'ai
1722 2205 101 57 pas
1873 2206 155 38 assez
2084 2188 199 59 insisté
2340 2211 96 37 sur
2486 2194 52 57 la
2591 2197 186 56 raison

320 2261 350 77 principale,
706 2262 100 78 qui
842 2276 84 43 est
960 2284 95 35 ma
1111 2265 179 58 santé.
1319 2267 71 75 Je
1441 2268 118 56 vais
1610 2270 173 70 donc,
1816 2274 46 55 si
1915 2295 74 36 on
2046 2296 95 36 me
2194 2279 51 54 le
2302 2295 248 61 permet,
2587 2296 193 45 entrer

322 2347 139 57 dans
495 2349 282 77 quelques
805 2347 202 60 détails
1040 2350 29 57 à
1097 2371 65 37 ce
1195 2352 165 78 sujet.
1392 2355 400 79 Aujourd'hui
1820 2362 183 77 qu'on
2037 2365 126 56 voit
2190 2385 115 59 que
2333 2387 95 36 ma
2460 2366 318 63 résolution

320 2449 82 42 est
438 2434 198 69 stable,
672 2449 57 42 et
763 2456 114 58 que
901 2436 60 76 je
997 2437 114 58 n'ai
1159 2460 101 57 pas
1291 2439 106 58 fait
1431 2463 77 35 un
1567 2460 255 42 serment
1879 2446 270 60 d'auteur
2204 2473 77 36 ou
2337 2454 328 80 d'ivrogne,
2701 2479 75 36 on

320 2542 95 35 me
448 2543 206 57 pousse
688 2524 128 76 plus
851 2544 114 57 que
988 2524 209 77 jamais
1230 2526 70 57 de
1333 2531 313 77 reprendre
1679 2553 96 37 ma
1806 2534 122 77 lyre
1963 2559 14 45 ;
2034 2539 52 55 le
2140 2540 233 78 puis-je,
2409 2543 52 56 le
2514 2544 210 79 dois-je
2756 2548 17 56 ?

317 2610 136 56 c'est
489 2630 64 36 ce
588 2610 179 78 qu'on
799 2630 163 37 verra
997 2613 137 57 dans
1166 2615 53 56 la
1252 2616 149 56 suite
1434 2616 71 58 de
1562 2639 65 36 ce
1682 2620 285 80 chapitre.
2008 2625 262 59 D'abord
2316 2629 61 76 je
2427 2651 177 57 pense
2662 2656 113 56 que

316 2698 18 54 1
360 2718 226 48 amour,
622 2699 51 55 la
706 2700 199 75 poesie
938 2713 56 42 et
1027 2700 52 56 la
1114 2704 396 76 composition
1544 2708 203 56 vivent
1783 2709 95 57 des
1912 2713 223 57 mêmes
2174 2713 302 74 éléments,
2511 2735 57 41 et
2603 2722 170 76 qu'en

315 2799 320 63 renonçant
669 2806 71 35 au
776 2788 274 75 premier,
1087 2810 75 34 on
1197 2790 93 56 n'a
1323 2792 130 77 plus
1487 2793 70 56 de
1580 2793 182 77 justes
1811 2797 367 79 prétentions
2211 2823 114 36 aux
2373 2804 159 59 deux
2564 2822 206 45 autres.

316 2872 217 63 Quand
566 2873 42 55 il
642 2874 146 55 n'est
823 2874 128 78 plus
999 2896 347 51 amoureux,
1380 2879 52 56 le
1479 2883 287 78 rossignol
1815 2905 152 38 cesse
2015 2887 69 57 de
2133 2890 264 71 chanter,
2433 2909 56 41 et
2537 2895 51 55 la
2636 2917 137 36 mue

313 2959 261 58 s'ensuit.

486 3048 170 56 Ainsi
701 3067 115 59 que
863 3050 52 54 le
971 3065 143 63 peut
1168 3052 52 56 le
1275 3051 175 80 poète
1506 3055 371 82 dramatique
1929 3076 57 42 et
2042 3062 250 61 d'autres
2347 3069 245 69 artistes,
2627 3091 145 37 nous

312 3155 36 34 n
376 3154 177 37 avons
590 3155 97 57 pas
719 3136 17 55 1
759 3150 283 65 avantage
1077 3137 70 57 de
1181 3155 213 42 mettre
1428 3161 69 37 en
1533 3160 292 61 séquestre
1860 3150 257 77 quelque
2171 3151 171 79 pièce
2394 3154 70 58 de
2508 3177 263 55 jeunesse

312 3224 103 76 qui
448 3244 72 34 ne
552 3222 187 78 parait
791 3224 138 57 dans
980 3226 52 55 le
1083 3227 217 56 monde
1359 3230 176 76 qu'au
1591 3232 182 56 vieux
1829 3249 190 65 temps
2075 3238 70 57 de
2202 3255 168 43 notre
2424 3245 94 55 vie
2551 3269 14 45 ;
2626 3267 145 37 nous

308 3329 254 38 sommes
597 3310 155 56 deux
785 3331 152 58 pour
971 3334 76 34 un
1084 3334 277 58 ouvrage,
1397 3331 58 42 et
1487 3319 119 56 lun
1641 3340 76 36 ou
1750 3321 18 55 1
1792 3337 164 43 autre
2011 3340 83 42 est
2151 3342 264 58 toujours
2462 3333 189 76 pressé
2700 3334 68 56 de

298 3398 179 77 jouir.
515 3399 93 56 En
644 3414 374 65 remarquant
1051 3403 54 55 le
1139 3403 216 57 silence
1388 3405 71 57 de
1491 3406 53 56 la
1577 3405 147 59 belle
1759 3429 165 38 muse
1961 3415 102 75 qui
2112 3411 64 60 fit
2210 3418 53 54 le
2296 3418 239 58 charme
2569 3422 71 56 de
2676 3442 92 37 ma

307 3486 114 69 vie,
462 3485 137 57 c'est
633 3485 337 80 dommage,
1006 3488 218 71 dit-on,
1260 3511 115 58 que
1407 3513 145 37 vous
1583 3494 473 75 l'abandonniez,
2091 3504 253 77 puisque
2377 3525 102 38 vos
2513 3508 255 58 derniers
