3055 4109
122 184 2797 428 STURM-BÜHNE

98 759 573 115 JAHRBUCH
735 757 213 89 DES
1002 754 586 92 THEATERS
1644 754 221 92 DER
1919 753 1008 93 EXPRESSIONISTEN

170 1039 177 31 Inhalt:
385 1037 123 31 Lothar
533 1036 185 36 Schreyer:
754 1035 61 32 Die
839 1035 140 31 Theater-

108 1089 104 32 leiche
255 1086 11 38 /
308 1087 179 32 Herwarth
510 1086 158 31 Waiden:
705 1086 61 30 Die
794 1085 204 35 Gegenwart

106 1140 59 30 der
207 1137 180 32 deutschen
429 1136 116 31 Bühne
594 1133 10 38 /
653 1135 60 31 Die
755 1134 141 31 Zukunft
938 1134 58 30 der

109 1187 180 32 deutschen
320 1187 115 30 Bühne
475 1182 11 39 /
526 1185 67 31 Der
625 1184 89 31 Sohn
747 1185 57 30 der
838 1183 159 35 Jungfrau

108 1246 66 22 von
210 1236 140 31 Orleans
392 1233 11 39 /
445 1235 70 31 Das
547 1235 181 35 Tagebuch
759 1234 59 30 der
851 1233 23 30 S
898 1256 7 7 .
928 1255 8 8 .
959 1255 8 8 .
990 1256 8 7 .

106 1286 124 31 Lothar
237 1285 186 36 Schreyer:
428 1281 570 39 Weihnachtsmärchen/Deutsche

106 1335 258 31 Theaterkultur
386 1335 10 38 /
419 1333 180 31 Herwarth
616 1332 157 32 Waiden:
793 1332 60 30 Die
870 1331 128 31 Helden

106 1395 68 21 von
202 1386 59 30 der
286 1385 122 31 Presse
437 1384 87 31 beim
548 1382 84 33 Held
660 1391 80 22 vom
762 1381 99 32 Wald
894 1381 10 38 /
936 1380 62 30 Die

106 1434 106 34 Kunst
227 1434 76 31 dem
319 1433 107 31 Volke
441 1438 10 33 /
466 1432 260 36 Anmerkungen
741 1431 9 39 /
766 1430 232 35 Mitteilungen

106 1599 71 34 Die
204 1598 291 35 Theaterleiche

104 1671 123 30 Lothar
249 1670 169 34 Schreyer

168 1735 56 25 Das
244 1737 33 23 ist
296 1735 48 24 das
364 1734 80 24 Ende.

171 1776 205 28 Schaustellung
399 1778 35 23 im
456 1775 170 26 öffentlichen
648 1775 81 24 Haus.
767 1773 67 25 Dem
857 1772 125 25 Familien-

106 1820 77 23 vater
216 1817 66 26 läuft
314 1818 50 24 das
387 1816 112 25 Wasser
536 1817 35 24 im
604 1815 101 26 Munde
736 1821 164 18 zusammen.
949 1813 50 25 Die

105 1859 227 25 Familienmutter
350 1858 85 25 löffelt
452 1858 41 25 die
510 1857 90 29 Suppe
618 1864 55 19 aus.
705 1856 50 25 Die
771 1855 224 26 Familienkinder

107 1900 107 25 werden
230 1901 150 27 paarweise
394 1900 157 24 erbrochen.
585 1898 35 27 Es
637 1900 35 24 ist
688 1900 58 23 eine
763 1898 83 26 Kunst
863 1905 33 17 zu
915 1896 82 26 leben.

171 1941 162 25 Jedermann
360 1941 75 28 weiß,
471 1941 49 24 daß
549 1940 41 25 die
616 1939 183 28 Beinstellung
835 1939 42 25 die
911 1940 86 26 einzig

105 1983 92 25 wahre
212 1982 122 28 Stellung
349 1990 59 16 zum
424 1982 89 25 Leben
527 1983 42 23 ist.
602 1982 89 24 Meine
707 1981 90 28 Beine,
814 1980 76 25 deine
905 1977 91 31 Beine,

105 2024 71 25 heißt
193 2023 49 26 das
259 2023 112 26 beliebte
390 2023 80 28 Spiel.
505 2023 35 25 Es
558 2025 34 23 ist
609 2030 59 17 zum
686 2022 194 26 Davonlaufen.
907 2020 90 26 Weißt

106 2067 42 28 du,
186 2066 104 25 wieviel
326 2065 120 25 Beinlein
484 2065 110 25 stehen?
649 2064 75 26 Nach
763 2065 45 24 der
847 2063 152 27 bekannten

106 2108 124 25 Melodie.
266 2109 88 28 Frage
374 2107 138 31 Schillern,
533 2107 129 26 Goethen.

171 2150 108 25 Einsam
295 2150 44 25 bin
355 2150 41 24 ich
413 2149 71 25 nicht
501 2149 102 25 alleine.
637 2148 174 29 Wenigstens
828 2149 75 24 einen
921 2147 61 25 Steh-

105 2191 71 29 platz
204 2191 96 26 kannst
329 2190 33 25 du
391 2191 41 25 dir
456 2190 106 26 kaufen.
606 2190 127 25 Tausend
761 2189 147 26 Menschen
936 2196 45 17 ver-

106 2232 99 25 kaufen
229 2232 65 29 sich,
322 2232 50 25 daß
399 2232 43 25 die
467 2231 85 27 Kasse
579 2230 182 31 ausverkauft,
780 2232 41 24 ist.
865 2230 73 26 Alles
963 2231 34 24 ist

105 2274 126 30 käuflich»
249 2281 48 17 nur
315 2274 71 24 nicht
405 2274 41 24 die
465 2273 92 27 Kunst.

172 2316 65 25 Man
264 2316 68 25 sieht
360 2316 39 24 ihr
429 2316 57 24 ihre
514 2315 81 25 Jahre
623 2315 72 25 nicht
724 2322 40 18 an.
809 2314 54 25 Der
893 2314 105 26 Kenner

105 2357 115 26 wackelt
241 2359 47 23 mit
312 2357 59 25 dem
393 2357 171 28 Denkorgan.
602 2357 53 25 Der
678 2356 112 26 Mensch
814 2356 88 25 denkt.
941 2355 56 25 Das

106 2399 114 25 Mensch
240 2398 80 26 lenkt.
350 2398 50 25 Die
419 2398 84 26 Kunst
526 2398 78 26 sollte
625 2398 118 24 sächlich
765 2399 65 23 sein.
860 2396 78 26 Dann
959 2404 27 17 er-

106 2441 82 24 kennt
214 2447 61 18 man
301 2441 171 28 wenigstens,
499 2440 34 24 ob
559 2440 40 24 sie
625 2438 220 29 gegenständlich
874 2439 33 25 ist
933 2438 65 25 oder

106 2481 80 26 nicht.
219 2481 58 25 Nun
295 2497 33 2 —
345 2481 49 25 das
409 2481 117 24 Theater
545 2482 44 23 ist:
608 2481 64 24 Das.

172 2523 56 24 Das
247 2530 29 17 so
296 2523 134 25 nebenbei.

172 2564 67 25 Das:
278 2565 34 23 ist
339 2565 58 24 eine
423 2563 94 25 Sache.
560 2563 68 25 Das:
665 2563 33 24 ist
733 2564 57 23 eine
816 2563 182 25 Nebensache.

107 2605 126 25 Sachlich
253 2605 169 28 gesprochen
440 2606 33 23 ist
493 2605 43 24 die
555 2604 175 25 Nebensache
748 2605 73 25 nicht
839 2604 160 28 notwendig.

107 2647 70 25 Aber
199 2647 48 25 wir
270 2645 179 26 schmeicheln
472 2653 57 22 uns,
550 2645 280 26 Bedürfnisanstalten
851 2653 32 17 zu
905 2646 93 25 haben.

106 2687 77 25 Denn
199 2688 49 24 wir
266 2688 59 24 sind
343 2688 41 23 ein
403 2686 165 28 Kulturvolk.
604 2686 57 25 Wir
679 2688 105 28 wissen,
801 2693 57 18 was
877 2686 56 25 sich
954 2693 30 22 ge-

107 2729 67 25 hört.
214 2728 35 25 Es
273 2728 58 26 iebe
357 2728 48 25 das
429 2728 205 26 Kulturtheater.

173 2770 96 24 Immer
295 2770 68 25 feste
390 2770 78 24 druff.
518 2769 49 25 Die
591 2770 80 24 Liebe
696 2770 77 24 höret
807 2771 112 23 nimmer
947 2770 50 24 auf.

106 2811 57 25 Ach
184 2810 64 26 Otto
268 2811 88 29 Ernst,
376 2818 57 18 was
455 2811 33 24 du
510 2812 50 23 mir
580 2810 65 26 alles
665 2810 90 26 lernst.
793 2810 79 26 Ernst
894 2812 34 24 ist
950 2810 47 26 das

106 2852 125 29 Theater,
253 2852 83 25 heiter
359 2853 33 23 ist
416 2852 41 24 die
479 2852 79 24 Welt.

172 2893 49 25 Die
240 2893 115 29 Bretter,
379 2893 41 25 die
442 2893 42 25 die
504 2893 70 25 Welt
594 2893 138 25 bedeuten.
770 2893 55 25 Das
847 2893 72 26 heißt
941 2894 57 24 eine

107 2934 78 25 Welt.
223 2935 56 24 Das
300 2935 72 26 heißt
393 2935 77 24 deine
492 2934 79 25 Welt.
609 2935 56 24 Das
686 2934 140 25 Publikum
848 2935 71 24 lacht
941 2934 56 25 sich

107 2977 41 23 ins
168 2975 157 26 Fäustchen.
362 2976 50 24 Die
430 2975 115 28 Bretter,
567 2975 42 25 die
630 2975 43 25 die
691 2975 71 25 Welt
781 2976 138 29 bedeuten,
940 2976 57 25 sind

107 3017 69 25 noch
193 3017 47 25 der
259 3017 84 29 Nagel
362 3025 31 17 zu
413 3017 104 25 deinem
534 3017 95 28 Sarge.
665 3017 54 25 Der
737 3017 135 28 Tragödie
891 3019 108 24 zweiter

107 3059 65 25 Teil.

174 3100 69 25 Zwei
260 3101 118 29 gehören
395 3109 59 17 zum
472 3101 137 25 Geschäft.
642 3101 54 25 Der
715 3101 124 26 Künstler
858 3101 52 25 will
927 3102 72 24 nicht

108 3142 91 28 hören,
216 3142 57 26 also
290 3143 60 24 muß
368 3151 28 17 er
414 3143 96 25 fühlen.
545 3142 35 26 Er
597 3142 66 26 fühlt
680 3142 48 27 das
745 3142 148 26 Publikum.
928 3143 70 25 Aber

109 3183 48 24 das
177 3183 138 25 Publikum
336 3184 66 24 fühlt
421 3184 43 25 ihn
485 3184 79 24 nicht.

174 3224 56 26 Das
254 3225 114 25 Theater
393 3226 53 24 und
472 3226 48 24 das
546 3225 147 25 Publikum.
737 3225 67 26 Was
830 3225 56 25 sich
912 3225 87 28 neckt,

110 3265 48 25 das
179 3264 61 26 liebt
261 3266 64 26 sich.
362 3266 218 26 Eintrittskarten
600 3268 25 23 in
646 3267 41 24 die
707 3266 91 27 Kunst.
837 3266 73 25 Oder
931 3266 51 25 Vor-

110 3306 155 29 spiegelung
287 3307 117 25 falscher
428 3307 161 26 Tatsachen.
630 3308 54 25 Der
709 3307 51 25 Ulk
785 3309 34 24 ist
844 3308 46 25 der
916 3307 67 25 Welt-

110 3347 109 29 spiegel.
256 3347 68 27 Tritt
343 3349 77 28 ruhig
441 3351 48 28 ein,
510 3350 56 24 hier
588 3350 33 24 ist
642 3351 41 23 ein
703 3349 199 25 Freudenhaus.
940 3349 60 24 Den

109 3387 125 26 Schaden
252 3389 46 24 hat
316 3389 48 25 der
379 3390 93 25 Dritte.
508 3391 54 24 Der
580 3390 124 27 Künstler
722 3390 56 25 hält
797 3391 56 24 sich
873 3390 126 25 schadlos

111 3436 33 19 an
169 3429 46 25 der
237 3429 91 26 Kunst.

176 3470 227 29 Hereinspaziert!
444 3472 235 29 Herausspaziert!
720 3473 81 26 Links
825 3474 41 24 für
888 3473 111 24 Damen.

110 3511 101 28 Rechts
232 3511 41 25 für
297 3510 110 27 Herren.
447 3512 66 25 Was
538 3514 59 25 dem
621 3515 77 24 einen
719 3514 76 25 recht
816 3516 42 28 ist,
882 3516 34 23 ist
940 3514 59 25 dem

111 3552 101 25 andern
235 3560 33 17 zu
289 3552 80 28 billig.
409 3553 53 26 Der
486 3553 76 30 Herr,
588 3555 47 24 der
658 3556 64 25 über
747 3563 48 18 uns
820 3556 114 29 wohnet,
959 3563 27 17 er-

111 3593 95 26 nähret
226 3594 40 24 sie
286 3593 76 25 doch.

176 3634 235 28 Herausspaziert!
447 3634 29 25 P.
494 3635 28 26 P.
540 3635 147 27 Publikum.
723 3638 41 24 Du
781 3639 52 24 bist
851 3640 41 22 ein
908 3638 91 28 Uebel,

112 3676 49 24 das
187 3676 170 27 abgetrieben
381 3675 110 25 werden
514 3676 69 25 mul>.
625 3678 50 24 Mit
698 3678 187 29 vorzüglicher
911 3678 72 26 Hoch-

112 3716 124 29 achtung.
270 3716 123 25 Entleere
409 3716 70 26 dich!
515 3716 41 25 Du
574 3718 60 24 hast
652 3719 75 24 keine
745 3719 84 26 Seele.
863 3720 54 25 Der
934 3720 66 28 Rest

113 3758 33 24 ist
170 3758 81 24 Loch.

177 3798 234 29 Herausspaziert!
461 3799 121 29 Männer,
614 3799 115 30 Weiber,
760 3801 107 30 Kinder,
898 3801 102 29 Greise,

113 3839 51 25 den
187 3840 173 28 hungernden
385 3840 131 28 Säugling
548 3847 43 17 am
623 3840 155 25 nährenden
809 3841 96 27 Busen.
957 3843 44 24 Ich

112 3881 86 25 kenne
232 3881 76 25 deine
343 3881 82 26 Milch
463 3881 45 25 der
546 3882 132 25 frommen
704 3882 196 30 Denkungsart.
945 3884 56 27 Das

113 3923 115 25 Theater
248 3923 116 25 entlarvt
383 3923 64 25 sich.

1140 1030 116 26 Heraus!
1294 1031 58 25 Alle
1371 1030 86 26 sollen
1476 1030 92 25 sehen:
1590 1030 49 24 Die
1660 1028 95 26 Larve.
1791 1028 55 25 Das
1867 1028 100 25 Nichts.

1074 1073 139 25 Zertreten
1230 1074 48 24 wir
1298 1072 43 24 die
1356 1072 113 27 Larven,
1490 1072 54 24 und
1560 1077 77 19 wenn
1656 1071 39 24 sie
1713 1070 57 25 sich
1789 1070 110 25 mehren
1918 1070 50 23 wie

1075 1114 148 26 Karnickel.
1262 1113 78 25 Dann
1361 1113 73 28 fliegt
1456 1112 49 25 das
1526 1112 92 24 Nichts
1641 1112 24 24 in
1689 1111 42 25 die
1751 1110 67 26 Luft.
1857 1110 95 25 Vexier-

1074 1155 64 25 bild:
1162 1155 51 25 Wo
1236 1155 34 24 ist
1293 1154 40 25 die
1357 1153 148 29 Jungfrau?
1544 1153 76 28 Lang
1642 1152 62 28 lang
1728 1152 56 25 ist's
1805 1152 55 24 her.

1139 1204 116 25 Heraus!

1140 1369 57 26 Das
1222 1369 116 26 Theater
1364 1369 63 28 geht
1453 1368 112 29 solange
1591 1375 60 17 zum
1677 1368 148 28 Publikum,
1851 1368 40 24 bis
1920 1367 46 25 der

1073 1412 112 25 Mensch
1209 1411 56 25 sich
1287 1411 94 25 bricht.
1420 1410 59 25 Alle
1502 1409 117 26 Theater
1641 1409 97 25 wollen
1761 1416 59 18 zum
1844 1408 123 25 Brechen

1073 1453 54 25 voll
1163 1454 64 24 sein.
1276 1452 97 25 Bruch.
1415 1451 94 24 Einem
1544 1450 165 29 dringenden
1742 1449 144 26 Bedürfnis
1921 1450 30 24 ab-

1073 1494 130 25 zuhelfen.
1241 1493 42 26 Du
1304 1493 81 25 fühlst
1407 1493 48 24 mit
1476 1493 101 24 diesem
1598 1491 93 30 Drang
1712 1493 35 23 im
1770 1491 87 26 Leibe.
1896 1490 70 25 Hilfe

1073 1537 39 23 tut
1133 1537 54 24 not.

1138 1583 91 26 Etwas
1250 1583 163 29 Gewaltiges
1435 1584 33 24 ist
1489 1583 46 25 der
1556 1583 120 25 Mensch.
1711 1582 87 27 Raum
1819 1583 34 25 ist
1874 1583 24 23 in
1919 1582 47 24 der

1073 1625 131 26 kleinsten
1225 1625 89 25 Hütte.
1350 1624 126 25 Pärchen
1497 1623 67 26 ohne
1587 1623 126 28 Paarung
1737 1623 59 25 sind
1817 1623 149 28 prosaisch.

1072 1667 91 25 Daher
1189 1666 46 25 der
1260 1666 85 25 Name
1368 1665 200 26 Prosadichter.
1611 1665 56 25 Das
1692 1663 69 26 Volk
1787 1664 47 25 der
1858 1663 108 26 Denker

1074 1708 51 25 und
1148 1708 117 25 Dichter.
1303 1708 41 23 An
1367 1708 74 24 ihren
1463 1706 118 25 Werken
1604 1705 77 26 sollst
1704 1705 34 25 du
1761 1706 40 24 sie
1824 1705 141 24 erkennen.

1138 1757 56 25 Das
1218 1757 116 25 Theater
1366 1758 33 24 ist
1433 1757 42 23 ein
1499 1755 137 25 Geschäft.
1685 1754 35 25 Es
1744 1754 67 26 wird
1844 1754 47 24 mit
1916 1753 34 25 Ge-

1073 1799 131 28 schöpfen
1225 1797 150 30 gehandelt.
1417 1797 35 25 Es
1477 1797 68 25 wird
1569 1798 48 24 mit
1641 1796 149 28 Schöpfern
1816 1794 150 29 gehandelt.

1072 1839 266 26 Mädchenhändlern
1363 1839 54 25 läßt
1440 1846 62 17 man
1525 1838 57 25 ihre
1606 1837 75 29 Ruhe
1704 1837 80 25 nicht.
1825 1836 58 26 Wir
1907 1836 59 25 sind

1073 1881 265 25 Gemütsmenschen.
1377 1880 57 25 Wir
1455 1881 101 24 wissen
1576 1878 194 26 Unterschiede
1791 1886 33 16 zu
1845 1877 120 25 machen.

1072 1923 65 24 Wer
1171 1922 120 26 scheidet
1325 1921 157 30 Schöpfung
1516 1928 62 17 vom
1614 1919 147 26 Geschäft?
1813 1919 84 26 Kunst
1933 1921 32 22 ist

1072 1964 163 28 Schöpfung.
1296 1963 36 25 Ist
1360 1963 116 24 Theater
1511 1961 103 28 Kunst?
1667 1961 52 24 Für
1756 1961 50 24 alle
1841 1960 107 25 Gemüts-

1072 2005 151 25 menschenl
1265 2004 223 25 Gemütsmensch
1513 2004 33 25 ist
1570 2003 50 24 das
1644 2003 120 29 Mensch,
1788 2003 42 24 bei
1853 2002 60 24 dem
1937 2008 29 17 es

1071 2054 48 17 nur
1140 2046 42 25 die
1200 2046 75 28 Ruhe
1294 2046 112 24 machen
1425 2046 77 24 kann.
1538 2044 61 25 Und
1616 2051 77 18 wenn
1712 2043 41 26 die
1773 2043 72 26 Welt
1862 2044 103 26 brennt,

1072 2095 48 17 nur
1141 2090 93 22 immer
1255 2086 151 29 gemütlich.
1443 2086 61 25 Wie
1521 2086 70 24 wohl
1613 2086 34 24 ist
1667 2085 68 29 dem,
1755 2084 46 25 der
1823 2084 70 25 dann
1912 2083 53 25 und

1072 2137 77 17 wann
1165 2129 56 25 sich
1239 2130 84 24 etwas
1339 2128 123 25 Schönes
1477 2127 105 25 dichten
1598 2127 79 24 kann.
1710 2126 61 24 Undl
1785 2133 78 17 wenn
1880 2124 85 26 man's

1071 2170 72 26 nicht
1161 2170 78 28 kann,
1257 2170 62 27 geht
1336 2176 63 18 man
1415 2170 40 23 ins
1472 2168 124 26 Theater.
1632 2168 68 24 Dort
1715 2167 69 25 wird
1800 2168 85 23 einem
1902 2174 48 17 vor-

1071 2211 142 29 gedichte-t,
1248 2211 50 24 daß
1331 2218 30 18 es
1387 2217 48 18 nur
1460 2218 30 17 so
1524 2209 103 25 kracht.
1669 2208 137 25 Natürlich
1839 2208 50 24 wie
1924 2208 41 24 die

1071 2253 92 24 Natur.
1203 2252 136 29 Lebendig
1363 2253 50 24 wie
1437 2251 51 25 das
1509 2250 96 26 Leben.
1656 2250 58 26 Das
1735 2250 91 25 Leben
1856 2250 34 24 ist
1924 2250 41 23 ein

1070 2294 125 28 Theater,
1227 2293 50 25 ach
1302 2295 33 26 ja.
1377 2292 125 27 Krachen
1524 2293 35 24 ist
1582 2291 92 30 schön,
1699 2292 64 25 aber
1796 2292 66 24 bitte
1893 2290 72 24 nicht

1072 2335 133 25 schießen.
1244 2335 56 24 Das
1324 2335 69 24 stört
1416 2334 42 25 die
1478 2333 171 28 Verdauung.

1136 2384 51 25 Die
1205 2384 173 28 Hauptsache
1397 2384 35 24 im
1451 2383 116 25 Theater
1586 2383 41 29 ist,
1648 2382 50 24 daß
1718 2389 62 17 man
1799 2382 41 24 die
1858 2380 108 26 edleren

1070 2425 167 26 Funktionen
1255 2426 72 24 nicht
1345 2427 75 23 stört.
1456 2425 63 25 Man
1537 2424 132 26 behandle
1690 2425 48 24 das
1756 2424 141 26 Publikum
1914 2425 51 23 wie

1072 2469 40 23 ein
1133 2468 80 25 rohes
1234 2467 38 26 Ei.
1309 2467 71 25 Bitte
1401 2467 79 28 nicht,
1502 2465 156 27 Kolumbus!

1137 2516 124 26 Erkenne
1277 2516 58 24 dich
1352 2516 90 25 selbst.
1474 2516 61 24 Und
1550 2516 56 24 erst
1624 2515 43 25 auf
1684 2515 60 25 dem
1759 2514 124 26 Theater.
1908 2513 57 25 Das

1070 2558 131 29 beruhigt.
1241 2557 68 25 Sind
1330 2559 48 23 wir
1404 2556 68 26 doch
1498 2556 124 25 allzumal
1646 2556 113 25 Sünder.
1802 2556 86 28 König
1912 2555 53 25 und

1070 2599 110 25 Bettler.
1237 2598 124 26 Schulter
1402 2605 33 17 an
1476 2598 130 25 Schulter.
1655 2597 59 25 Von
1745 2598 138 27 sonstigen
1913 2596 35 24 Be-

1071 2641 149 28 ziehungen
1239 2648 68 21 ganz
1326 2647 33 18 zu
1375 2639 160 28 schweigen.
1570 2639 64 25 Man
1654 2638 84 26 denke
1758 2646 33 17 an
1811 2638 49 25 das
1878 2638 87 24 kleine

1070 2681 262 29 Schlaganfällchen.
1372 2681 22 24 O
1419 2681 34 24 du
1475 2681 70 24 mein
1567 2679 208 26 Heimat-Land!

1136 2730 49 26 Die
1203 2730 71 25 Welt
1292 2732 34 23 ist
1345 2732 59 23 eine
1421 2729 194 26 Hühnerleiter.
1650 2730 49 24 Die
1717 2726 248 28 weltbedeutenden

1070 2772 108 24 Bretter
1197 2772 60 25 sind
1275 2772 44 24 auf
1338 2772 60 24 dem
1415 2771 154 28 Holzwege.
1603 2771 58 25 Alle
1681 2770 87 29 Wege
1784 2770 94 24 führen
1895 2769 69 25 nach

1071 2813 76 28 Rom.
1188 2813 55 25 Nur
1269 2815 41 23 ein
1335 2813 70 28 Weg
1429 2813 71 25 führt
1526 2820 47 17 zur
1598 2812 95 26 Kunst:
1722 2812 48 24 das
1796 2811 168 27 Kunstwerk.

1071 2855 49 24 Die
1141 2855 84 26 Kunst
1244 2855 34 25 ist
1297 2854 73 25 nicht
1388 2855 25 24 in
1435 2854 75 28 Rom.
1548 2853 65 25 Wer
1633 2853 56 25 sich
1711 2853 46 25 der
1778 2852 72 26 Welt
1871 2853 93 26 ergibt,

1072 2897 33 24 ist
1118 2895 62 26 bald
1194 2895 86 26 allein.
1293 2895 54 25 Der
1362 2895 65 24 Eine
1439 2896 33 24 ist
1487 2894 48 25 das
1548 2894 42 25 All
1605 2895 34 24 im
1654 2893 166 27 Kunstwerk.
1834 2893 59 25 Alle
1907 2893 59 25 sind

1071 2939 35 23 im
1119 2938 117 25 Theater
1252 2937 86 25 allein.
1353 2937 50 24 Mit
1417 2937 69 25 allen
1500 2936 106 25 Mitteln
1620 2937 77 27 fängt
1712 2936 48 25 das
1773 2935 117 25 Theater
1905 2935 59 25 alle.

1072 2980 80 25 Jeder
1178 2980 40 24 für
1244 2980 64 28 sich,
1333 2979 50 26 das
1406 2979 117 25 Theater
1549 2979 42 24 für
1615 2986 49 17 uns
1690 2978 58 25 alle.
1791 2978 64 25 Wer
1881 2977 83 25 vieles

1070 3022 97 28 bringt,
1190 3021 68 25 wird
1283 3020 139 25 manchem
1457 3021 83 24 etwas
1564 3020 119 28 bringen.
1733 3019 54 25 Der
1822 3020 57 23 eine
1911 3018 52 25 will

1071 3061 203 31 Unterhaltung,
1298 3062 46 24 der
1368 3061 100 25 andere
1491 3060 160 29 Belehrung.
1690 3060 54 25 Der
1767 3062 59 24 eine
1844 3059 54 26 will
1923 3060 41 24 die

1072 3102 216 30 Schauspielerin
1314 3102 90 29 sehen,
1430 3103 42 23 die
1499 3102 98 24 andere
1624 3101 53 25 will
1703 3102 118 28 gesehen
1848 3101 115 25 werden.

1071 3144 64 25 Man
1159 3144 61 24 muß
1245 3151 57 17 was
1327 3144 58 24 fürs
1408 3142 69 26 Volk
1499 3145 54 22 tun.
1596 3142 55 24 Das
1676 3142 61 24 muß
1761 3149 62 17 man
1848 3142 116 28 gesehen

1072 3186 93 24 haben.
1207 3184 69 25 Weil
1302 3186 47 24 wir
1375 3185 71 24 nicht
1472 3184 120 24 schauen
1613 3184 112 24 können.
1768 3183 70 24 Weil
1861 3184 48 24 wir
1933 3190 31 18 so

1072 3233 59 18 arm
1147 3226 66 25 sind.
1246 3226 124 25 Darüber
1387 3226 82 24 reden
1484 3224 114 30 können,
1618 3226 83 24 damit
1717 3231 62 18 man
1798 3225 58 24 sich
1873 3223 76 25 kunst-

1071 3267 158 29 verständig
1267 3267 129 28 übergibt.
1452 3266 86 26 Kritik
1576 3267 34 23 ist
1649 3266 48 24 das
1738 3265 140 25 Gewissen
1917 3264 46 25 des

1071 3308 163 25 Publikums.
1277 3308 50 24 Die
1354 3307 113 25 Stimme
1495 3307 49 25 des
1570 3307 153 25 Gewissens
1751 3306 113 28 schlägt.
1907 3306 56 24 Das

1071 3349 140 26 Publikum
1228 3351 34 23 ist
1277 3351 68 23 böse
1358 3356 53 17 von
1426 3349 111 28 Beginn.
1552 3348 51 25 Die
1617 3348 87 25 Dame
1720 3347 46 25 der
1784 3346 179 26 Gesellschaft

1072 3391 136 28 kritisiert,
1229 3391 51 24 wie
1300 3397 63 17 man
1385 3390 57 24 sich
1466 3389 113 25 anzieht.
1619 3389 54 25 Der
1697 3389 68 24 Herr
1790 3389 46 24 der
1861 3387 88 26 Gesell-

1072 3432 87 24 schaft
1179 3432 136 27 kritisiert,
1335 3432 50 23 wie
1406 3438 62 17 man
1486 3431 57 25 sich
1563 3430 128 25 auszieht.
1727 3430 56 25 Das
1803 3436 104 19 nennen
1926 3431 38 22 sie

1072 3473 91 26 Kunst.
1196 3473 65 24 Man
1277 3473 68 24 sieht
1361 3472 57 26 sich
1435 3473 42 23 ein
1493 3471 164 28 fünfaktiges
1672 3470 172 29 Trauerspiel
1862 3478 42 22 an,
1919 3478 44 17 um

1072 3515 77 24 einen
1173 3513 96 26 halben
1294 3512 154 25 Frauenakt
1472 3521 32 17 zu
1530 3513 89 25 sehen.
1662 3513 110 24 Private
1796 3511 168 28 Entblößung

1072 3557 25 23 in
1116 3556 46 24 der
1182 3554 225 30 Oeffentlichkeit,
1428 3554 48 25 das
1496 3555 35 24 ist
1547 3554 124 25 Theater.
1709 3553 80 25 Ziehe
1808 3553 76 25 deine
1903 3553 45 24 Mit-

1072 3596 145 25 menschen
1242 3603 55 18 aus.
1340 3595 71 26 Gern
1436 3595 69 26 sieht
1529 3603 69 21 man,
1624 3594 50 25 daß
1700 3596 43 23 die
1766 3594 119 25 anderen
1907 3594 56 25 sich

1072 3639 134 24 schämen.
1255 3636 94 26 Lieber
1381 3636 69 25 sieht
1481 3643 69 21 man,
1584 3636 50 25 daß
1669 3636 66 25 auch
1772 3635 43 25 die
1847 3635 116 25 anderen

1072 3678 136 26 schamlos
1233 3678 66 26 sind.
1342 3678 48 24 Die
1415 3677 83 25 Natur
1524 3678 33 24 ist
1581 3677 87 28 heilig.
1710 3676 49 25 Die
1784 3677 180 27 Bearbeitung

1072 3720 47 25 der
1142 3720 83 24 Natur
1247 3720 34 25 ist
1303 3720 58 23 eine
1381 3718 244 29 Vergewaltigung.
1664 3718 65 24 Wer
1752 3719 58 24 eine
1830 3718 134 27 Dichtung

1072 3761 123 28 lebendig
1216 3760 114 25 machen
1350 3759 60 29 will,
1432 3758 186 30 vergewaltigt
1640 3760 45 24 sie.
1724 3758 49 25 Die
1795 3758 169 30 aufgeführte

1072 3802 133 29 Dichtung
1222 3803 33 24 ist
1269 3802 43 24 ein
1328 3800 179 26 Verbrechen.
1541 3800 55 25 Aus
1615 3800 46 24 der
1680 3800 104 28 ewigen
1799 3800 165 25 unfaßbaren

1073 3843 104 25 Gestalt
1199 3843 68 25 wird
1288 3844 44 23 ein
1356 3841 57 26 Fall
1437 3841 131 29 gemacht.
1610 3841 57 25 Das
1690 3841 114 25 ohnehin
1827 3840 138 29 hinfällige

1073 3885 135 24 Gretchen
1230 3884 101 25 kommt
1354 3891 52 18 nun
1430 3882 120 26 wirklich
1575 3889 33 18 zu
1632 3881 81 25 Falle.
1754 3882 56 25 Das
1836 3881 54 26 labt
1915 3882 48 24 das

1072 3926 124 24 verehrte
1218 3923 148 27 Publikum.
1414 3924 90 25 Daher
1536 3923 42 25 die
1600 3922 270 28 Dichterverehrung.
1919 3922 45 25 Sie

2042 1030 34 24 ist
2100 1030 42 25 die
2163 1031 71 24 erste
2257 1030 78 25 nicht.
2375 1029 92 26 Nichts
2490 1029 196 26 Menschliches
2709 1030 33 24 ist
2765 1030 49 23 mir
2838 1029 93 25 fremd.

2043 1071 48 24 Die
2114 1071 84 26 Kunst
2220 1072 34 23 ist
2274 1071 87 24 nichts
2383 1070 204 26 Menschliches.

2107 1111 113 26 Mensch
2239 1112 77 24 mach
2337 1112 41 24 ein
2398 1111 84 25 Ende!

2106 1242 53 26 Der
2179 1243 248 25 Theaterbesucher
2455 1244 34 23 ist
2516 1242 61 26 kein
2596 1242 120 26 Mensch.
2760 1242 102 25 Einmal
2891 1249 26 18 er-

2041 1284 104 24 kennen
2169 1285 56 28 wir,
2251 1284 51 25 daß
2328 1285 47 23 wir
2403 1284 72 26 nicht
2498 1284 137 25 Besucher
2662 1284 74 26 eines
2761 1282 170 26 öffentlichen

2042 1325 107 26 Hauses
2173 1325 66 30 sind,
2264 1324 51 26 daß
2340 1332 61 17 man
2425 1333 51 18 uns
2498 1325 68 25 dazu
2589 1325 125 27 gemacht
2736 1324 53 26 hat.
2829 1324 103 25 Einmal

2042 1367 100 24 wissen
2166 1368 56 27 wir,
2248 1366 50 25 daß
2323 1368 48 23 wir
2397 1366 148 25 Menschen
2571 1366 66 25 sind.
2680 1366 85 25 Wehe
2792 1366 68 28 dem,
2886 1366 46 24 der

2044 1408 84 24 etwas
2152 1415 49 17 aus
2224 1415 49 17 uns
2297 1408 113 24 machen
2433 1406 61 26 will.
2533 1407 37 25 Zu
2594 1408 56 24 sein
2674 1408 35 24 ist
2733 1414 80 19 unser
2838 1407 94 25 Leben.

2043 1448 87 26 Unser
2165 1448 76 26 Geist
2272 1450 41 24 ist.
2355 1449 37 24 Im
2417 1448 74 26 Geist
2525 1448 59 25 sind
2614 1449 48 24 wir
2685 1448 147 26 Menschen
2862 1448 70 24 nicht

2043 1490 120 25 Mensch.
2201 1490 106 25 Geister
2329 1497 32 18 zu
2384 1491 64 27 sein,
2471 1489 100 26 sehnen
2592 1491 47 24 wir
2661 1496 56 18 uns.
2756 1489 51 25 Wo
2830 1490 35 24 ist
2885 1489 47 25 der

2042 1531 75 26 Geist
2141 1533 34 23 im
2198 1531 135 25 Theater?
2373 1531 35 24 Er
2433 1531 134 24 erscheint
2589 1538 50 17 nur
2664 1530 60 25 dem
2749 1529 107 27 Hamlet
2880 1530 52 25 und

2043 1573 101 28 spricht
2164 1573 40 24 als
2225 1573 41 24 ein
2287 1572 67 25 alter
2373 1572 84 25 Mann
2475 1571 53 26 voll
2549 1573 127 27 geistiger
2698 1570 143 27 Getränke.
2878 1571 54 24 Der

2041 1614 109 25 Dichter
2168 1614 170 25 verscheidet
2356 1615 52 24 und
2427 1615 55 27 gibt
2502 1615 93 23 seinen
2612 1613 74 25 Geist
2705 1621 53 17 von
2775 1613 66 24 sich.
2876 1612 56 25 Das

2042 1655 138 26 Publikum
2201 1655 47 24 hat
2267 1656 93 24 keinen
2383 1655 82 25 Geist.

2107 1696 37 25 Im
2172 1695 92 26 Sturm
2290 1696 72 25 fährt
2391 1696 46 25 der
2467 1695 76 26 Geist
2569 1695 89 26 herab.
2702 1695 56 25 Das
2789 1695 143 25 Gelächter

2043 1739 66 24 tötet
2126 1737 51 25 den
2194 1737 119 29 Ungeist.
2347 1736 57 27 Das
2422 1737 116 25 Theater
2555 1736 53 25 will
2627 1736 181 28 durchhalten,
2826 1736 59 25 weil
2903 1743 29 18 es

2043 1778 167 25 unterhalten
2235 1778 62 26 will.
2339 1778 59 25 Wir
2423 1779 63 24 aber
2638 1778 59 25 weil
2723 1779 47 24 wir
2799 1778 133 28 kämpfen.

2107 1819 54 25 Der
2182 1819 75 25 Geist
2273 1820 105 27 besiegt
2397 1819 41 25 die
2457 1819 100 25 Masse.
2591 1819 54 25 Der
2665 1818 75 26 Geist
2758 1818 113 28 ergreift
2890 1819 42 24 die

2043 1860 99 26 Masse.
2166 1860 56 25 Das
2239 1861 139 25 Publikum
2394 1861 68 24 wird
2478 1862 41 23 nie
2536 1860 49 25 den
2603 1860 75 25 Geist
2693 1860 145 29 begreifen.
2861 1860 71 25 Aber

2043 1902 95 24 einmal
2163 1902 119 25 weichen
2307 1902 42 24 die
2372 1902 140 24 endlichen
2536 1902 128 24 Instinkte
2688 1902 45 24 der
2757 1900 175 26 unendlichen

2041 1943 158 25 Sehnsucht.
2234 1943 37 25 So
2288 1943 75 25 wahr
2380 1943 42 25 die
2440 1943 91 25 Macht
2550 1944 46 24 der
2614 1942 204 26 Unendlichkeit
2834 1942 97 29 größer

2042 1985 34 25 ist
2097 1984 39 26 als
2159 1985 43 25 die
2222 1984 77 26 Kraft
2321 1985 45 24 der
2389 1983 173 27 Endlichkeit.
2599 1984 56 25 Das
2676 1984 115 28 geistige
2811 1983 120 25 Erlebnis

2042 2027 34 24 ist
2098 2026 49 25 das
2168 2025 74 25 Ende
2264 2025 46 26 des
2331 2025 140 25 endlichen
2491 2025 110 26 Lebens.
2638 2025 56 26 Das
2717 2026 114 27 geistige
2849 2024 83 29 Reich

2043 2069 34 23 ist
2099 2067 195 28 angebrochen.
2331 2067 51 24 Die
2411 2067 56 24 Zeit
2489 2067 46 24 der
2556 2067 94 24 Armut
2672 2067 33 24 ist
2727 2067 100 24 vorbei.
2873 2065 59 25 Wir

2043 2108 74 25 leben
2146 2108 72 26 nicht
2245 2108 82 25 mehr.
2371 2107 58 26 Wir
2458 2107 113 26 erleben.
2615 2107 103 25 Bruder
2748 2115 43 17 um
2819 2107 112 25 Bruder.

2042 2149 152 26 Schwester
2219 2157 43 17 um
2286 2149 162 25 Schwester.
2489 2149 113 25 Mensch
2625 2156 43 17 um
2693 2149 70 25 Tier.
2803 2149 61 24 Tier
2888 2155 43 18 um

2041 2190 101 25 Blume.
2185 2190 70 26 Volk
2281 2192 35 23 ist
2340 2190 176 25 Menschheit.
2559 2190 89 25 Leben
2674 2190 84 25 erlebt
2785 2190 43 24 die
2853 2189 77 25 Welt.

2042 2232 57 25 Wir
2120 2232 60 25 sind
2199 2232 41 25 die
2260 2231 79 26 Welt.
2378 2231 68 26 Was
2464 2231 86 29 gehen
2568 2238 49 18 uns
2638 2230 42 25 die
2699 2231 106 25 Bretter
2826 2237 42 23 an,
2890 2231 42 24 die

2042 2273 43 25 die
2109 2272 72 26 Welt
2204 2272 139 26 bedeuten.
2386 2272 49 25 Die
2460 2273 105 24 Bretter
2591 2272 132 25 bedeuten
2747 2272 93 25 nichts.
2882 2272 50 25 Die

2041 2314 72 25 Welt
2142 2313 125 27 bedeutet
2299 2314 95 26 nichts.
2434 2314 93 24 Nichts
2559 2314 90 25 deutet
2681 2314 42 24 die
2747 2313 79 25 Welt.
2873 2312 59 26 Wir

2040 2355 107 25 künden
2169 2356 43 24 die
2234 2355 78 25 Welt.
2350 2355 51 25 Die
2422 2354 73 27 Welt
2516 2355 100 25 kündet
2636 2362 56 18 uns.
2733 2354 53 26 Der
2808 2354 124 26 Lebende

2041 2397 94 25 schaut
2154 2396 61 25 dem
2232 2396 118 26 Werden
2368 2404 40 18 zu.
2441 2396 55 24 Der
2514 2396 148 25 Erlebende
2680 2396 95 25 schaut
2792 2396 51 25 das
2860 2395 70 25 Sein.

2039 2438 55 24 Der
2118 2438 76 25 Geist
2217 2439 33 23 ist
2273 2438 78 25 keine
2375 2437 224 25 Oeffentlichkeit.
2639 2438 54 26 Der
2718 2437 75 25 Geist
2816 2438 35 24 ist
2872 2437 58 25 eine

2040 2479 194 25 Innerlichkeit.
2271 2479 53 25 Der
2347 2479 74 26 Geist
2442 2481 34 24 ist
2495 2478 61 26 kein
2576 2478 182 29 persönliches
2779 2478 61 25 Ziel.
2876 2478 55 24 Der

2041 2520 75 25 Geist
2137 2521 34 25 ist
2192 2520 42 25 die
2257 2519 162 29 Gegenwart
2441 2520 45 25 des
2509 2519 49 26 All.
2596 2519 227 30 Allgegenwärtig
2845 2520 33 24 ist
2900 2526 30 18 er

2040 2569 34 17 im
2102 2561 224 30 geistmächtigen
2352 2561 153 26 Menschen.
2551 2561 34 25 Es
2613 2562 54 28 gibt
2694 2561 60 25 kein
2781 2560 148 26 Publikum.

2039 2603 58 24 Wir
2120 2603 59 24 sind
2203 2603 78 24 keine
2304 2603 161 24 Zuschauer.
2505 2603 57 24 Wir
2587 2603 59 25 sind
2669 2601 165 26 Schauende.
2873 2601 57 25 Das

2039 2646 117 24 Theater
2176 2647 34 24 ist
2229 2646 58 24 eine
2306 2644 154 26 öffentliche
2478 2643 214 29 Versammlung.
2728 2643 50 25 Die
2796 2643 119 24 Schauen-

2041 2687 50 24 den
2112 2686 87 26 haben
2219 2686 41 25 die
2283 2687 93 24 innere
2395 2685 164 28 Sammlung.
2598 2685 55 24 Das
2675 2685 115 24 Theater
2812 2685 34 25 ist
2868 2683 62 26 leer.

2040 2728 58 24 Wir
2123 2728 82 25 sehen
2232 2728 43 24 die
2299 2727 85 25 Leere
2409 2727 46 25 des
2481 2726 139 26 Theaters.
2662 2726 56 25 Das
2742 2725 117 26 Theater
2885 2725 45 25 hat

2039 2770 61 24 kein
2119 2769 118 25 Gesicht.
2276 2768 82 26 Keine
2378 2768 127 25 Gesichte
2525 2768 59 26 sind
2605 2769 36 23 im
2660 2767 115 25 Theater
2796 2765 133 31 gestaltet.

2039 2810 103 25 Darauf
2158 2810 103 25 kommt
2276 2817 28 17 es
2320 2817 41 17 an.
2378 2809 58 25 Wir
2450 2809 97 25 wollen
2563 2810 42 24 die
2620 2807 204 27 Unendlichkeit
2838 2808 90 25 sehen.

2038 2852 58 26 Das
2114 2853 35 24 ist
2168 2852 71 25 nicht
2257 2851 175 28 belustigend.
2468 2851 56 25 Das
2544 2852 33 24 ist
2596 2850 71 25 nicht
2686 2849 150 26 belehrend.
2873 2848 56 25 Das

2039 2894 34 24 ist
2098 2893 42 25 die
2163 2893 93 25 Macht
2280 2893 46 25 der
2352 2892 91 27 Kunst.

2104 2935 51 25 Die
2180 2942 68 17 neue
2274 2935 56 25 Zeit
2355 2936 35 23 ist
2415 2935 41 24 da.
2498 2933 50 25 Die
2572 2932 213 26 Persönlichkeit
2811 2933 33 23 ist
2872 2933 58 23 eine

2039 2976 162 26 lächerliche
2224 2975 180 29 Wichtigkeit.
2442 2975 54 24 Der
2519 2974 156 29 Gernegroß
2699 2973 139 25 Publikum
2859 2973 71 25 beißt

2039 3026 44 17 um
2099 3018 64 26 sich.
2196 3017 59 26 Den
2268 3017 76 25 Geist
2358 3017 71 24 kann
2445 3023 61 18 man
2522 3017 72 24 nicht
2608 3015 100 26 beißen.
2740 3015 49 24 Die
2805 3014 106 25 Mensch-

2039 3059 52 25 heit
2113 3059 46 24 hat
2180 3059 40 25 ihr
2242 3060 107 25 inneres
2370 3057 82 29 Reich
2474 3057 183 28 aufgerichtet.
2697 3056 83 26 Kunst
2802 3057 34 23 ist
2856 3056 74 24 seine

2039 3100 100 26 Kunde.
2179 3100 57 25 Das
2258 3099 142 26 Publikum
2423 3098 64 25 fällt.
2528 3098 55 25 Ihm
2617 3099 55 27 gibt
2705 3104 28 18 es
2764 3096 77 25 keine
2864 3095 48 26 Auf-

2039 3142 152 28 erstehung.
2224 3140 54 25 Der
2296 3140 128 28 Vorhang
2440 3140 34 24 ist
2491 3139 122 28 gefallen.
2648 3138 56 25 Das
2721 3138 74 26 Haus
2815 3139 33 24 ist
2866 3137 62 25 leer.

2105 3183 57 25 Wir
2194 3183 59 24 sind
2276 3182 54 25 voll
2354 3182 91 26 Kunst.
2484 3180 57 25 Wir
2566 3180 113 25 künden.
2721 3179 58 25 Wir
2800 3180 128 24 -stürmen.

2037 3224 84 25 Lacht
2142 3226 48 22 mit
2211 3231 57 17 uns.
2307 3223 84 24 Lacht
2415 3222 43 25 die
2479 3222 98 25 Leiche
2598 3223 46 27 tot,
2669 3221 43 25 die
2733 3220 112 28 zappeln
2866 3219 61 26 will.

2037 3265 38 25 So
2106 3266 42 24 leb
2171 3265 68 24 denn
2263 3264 77 28 wohl,
2375 3264 34 24 du
2441 3263 67 26 altes
2530 3262 82 26 Haus.
2660 3262 103 26 Kündet
2794 3262 48 24 mit
2871 3267 57 19 uns.

2038 3306 102 25 Stürmt
2161 3307 47 23 mit
2229 3313 57 18 uns.
2325 3305 212 25 Mit-Menschen
2558 3305 58 23 sind
2639 3305 55 23 wir.
2733 3302 59 26 Alle
2813 3302 114 25 Himmel

2039 3347 132 26 rauschen
2185 3347 65 25 über
2265 3346 46 25 der
2326 3346 72 25 alten
2411 3346 78 24 Erde.

2102 3387 51 25 Die
2176 3387 56 24 Zeit
2256 3387 106 25 schreit.
2403 3386 58 25 Wir
2486 3386 59 24 sind
2570 3385 42 25 die
2634 3384 118 26 Stimme.

2040 3525 71 35 Die
2140 3525 231 44 Gegenwart
2399 3525 68 32 der
2495 3522 212 34 deutschen
2734 3522 130 33 Bühne

2103 3602 70 26 Herr
2188 3602 73 26 Fritz
2275 3601 91 29 Engel,
2383 3601 46 25 der
2444 3599 179 27 Theaterheld
2640 3599 48 25 des
2703 3598 121 26 Berliner
2839 3597 69 29 Tage-

2039 3644 88 29 blatts,
2155 3644 103 27 streckt
2283 3642 114 26 beinahe
2422 3642 76 25 seine
2526 3641 106 29 ulkigen
2662 3642 131 27 geistigen
2819 3639 107 25 Waffen

2039 3693 49 18 vor
2121 3686 88 24 Herrn
2242 3685 104 25 Doktor
2380 3684 99 24 Arthur
2514 3682 156 26 Schnitzler.
2721 3681 68 25 Herr
2823 3679 103 26 Doktor

2039 3726 149 26 Schnitzler
2213 3726 103 27 kämpft
2339 3724 170 27 bekanntlich
2531 3723 124 26 Schulter
2679 3730 33 18 an
2735 3721 121 26 Schulter
2881 3722 46 23 mit

2037 3767 111 29 Ludwig
2171 3767 84 25 Fulda
2286 3774 43 17 um
2366 3766 42 25 die
2432 3766 94 24 Bühne
2558 3765 40 25 als
2629 3763 162 27 moralische
2812 3762 114 25 Anstalt.

2038 3809 84 24 Beide
2145 3807 105 25 Herren
2272 3807 61 26 sind
2356 3807 88 25 ferner
2469 3806 168 26 bekanntlich
2663 3813 32 17 so
2719 3803 131 30 geistvoll,
2874 3803 52 25 daß

2039 3851 78 24 ihnen
2133 3849 42 25 die
2192 3849 110 24 Wiener
2317 3848 54 25 und
2387 3849 41 24 die
2442 3847 122 26 Berliner
2580 3847 97 25 Presse
2696 3846 40 24 die
2754 3844 173 29 vorzügliche

2039 3891 196 28 Hochachtung
2262 3890 73 25 nicht
2361 3896 133 21 versagen
2519 3889 78 28 kann,
2624 3887 133 25 trotzdem
2785 3887 39 25 sie
2850 3884 77 27 beide

2039 3940 35 18 an
2089 3933 91 24 keiner
2197 3930 152 28 Redaktion
2366 3929 141 29 angestellt
2522 3929 66 25 sind.
2622 3928 68 25 Herr
2708 3928 103 25 Doktor
2827 3927 100 25 Arthur
