2547 4193
468 308 90 39 430

1011 315 56 27 LE
1101 315 235 30 MERCURE
1371 317 210 31 MUSICAL
1719 308 161 42 I-V-OÔ

469 523 72 41 des
573 524 143 41 lettres
737 539 237 36 anonymes
999 539 114 35 pour
1135 539 67 26 me
1223 539 200 26 menacer
1435 525 71 40 des
1524 526 116 50 pires
1666 541 264 38 vengeances
1971 529 111 41 dans
2115 529 38 40 le
2192 544 75 26 cas
2289 532 57 38 où
2380 531 46 51 je

469 586 270 51 critiquerais
764 584 55 40 tel
840 600 56 24 ou
929 583 55 41 tel
1021 586 150 39 artiste
1186 602 16 33 ;
1226 586 112 39 mais
1378 592 106 34 cette
1513 586 319 43 considération
1865 605 50 25 ne
1946 590 171 41 saurait
2145 605 43 25 m
2207 590 219 52 empêcher

469 645 51 40 de
554 649 159 47 répéter
748 661 78 36 que
856 645 158 52 Ignace
1037 645 295 51 Paderewski,
1360 647 66 40 sil
1445 649 70 51 fut
1560 649 210 52 autrefois
1811 665 55 25 un
1907 651 144 51 grand
2082 652 202 49 virtuose,
2321 653 105 41 n'est

461 706 101 51 plus
596 706 189 52 aujourd
800 706 77 40 hui
897 722 56 36 qu
971 722 57 24 un
1059 708 255 50 méprisable
1348 709 190 42 cabotin.

526 768 69 37 En
616 767 91 39 bon
729 767 276 53 chirurgien,
1033 767 39 41 le
1095 769 56 39 Dr
1162 769 155 40 Vallas
1335 771 194 40 tranche
1558 771 113 40 dans
1699 772 39 40 le
1766 771 66 40 vif
1851 789 7 25 :
1884 773 363 41 souhaitons-lui
2270 774 42 40 la
2334 774 91 54 joie

468 828 54 40 de
546 827 98 41 voir
670 827 42 40 la
736 828 120 54 plaie
884 829 60 40 du
968 830 295 41 virtuosisme
1299 842 166 41 entrer,
1489 846 82 40 par
1604 846 71 27 ses
1703 833 144 49 soins,
1875 848 56 26 en
1972 833 101 41 voie
2100 835 54 40 de
2187 835 237 53 guérison.

2067 904 51 39 L.
2156 905 49 39 L.

587 1207 84 46 LA
707 1207 310 55 MUSIQUE
1050 1210 38 41 A
1126 1207 380 49 BORDEAUX

465 1329 65 31 Les
556 1327 179 33 Concerts.

518 1436 39 39 A
584 1435 246 41 Bordeaux
851 1435 32 40 il
918 1436 143 41 existe
1088 1437 120 40 deux
1233 1445 148 32 sortes
1429 1438 55 39 de
1524 1446 212 31 concerts
1765 1451 8 27 :
1814 1438 65 40 les
1907 1439 225 39 Concerts
2176 1438 247 42 mondains

465 1496 61 40 du
553 1496 160 41 Cercle
738 1497 424 54 philharmonique,
1191 1499 65 39 les
1273 1499 224 40 Concerts
1522 1499 268 53 populaires
1816 1499 55 40 de
1899 1499 42 40 la
1964 1499 184 41 Société
2175 1501 55 39 de
2248 1500 175 41 Sainte-

467 1557 170 41 Cécile.
685 1558 291 40 L'orchestre
1019 1560 54 39 de
1119 1559 337 41 Sainte-Cécile
1491 1569 68 31 est
1592 1561 220 52 composé
1858 1561 55 39 de
1953 1561 119 40 bons
2098 1560 242 50 éléments,
2381 1571 42 31 et

466 1619 61 39 M.
551 1621 277 49 Pennequin,
852 1619 79 54 qui
953 1619 39 41 le
1018 1620 161 55 dirige,
1205 1620 80 41 fait
1311 1621 366 54 d'appréciables
1703 1621 156 41 efforts
1879 1635 118 40 pour
2016 1636 118 27 nous
2162 1622 174 41 révéler
2357 1623 64 40 les

465 1693 182 27 œuvres
675 1681 365 53 symphoniques
1065 1682 55 41 de
1143 1691 102 31 tout
1270 1696 155 40 genre.
1454 1682 457 42 Malheureusement
1947 1697 71 27 ses
2045 1684 281 41 révélations
2366 1698 55 27 ne

466 1750 105 31 sont
594 1755 81 39 pas
717 1742 212 53 toujours
954 1743 91 40 très
1082 1742 276 55 imprévues.
1408 1745 168 49 Quand
1629 1744 31 39 il
1703 1757 203 28 renonce
1951 1744 24 40 à
2004 1745 284 48 Beethoven,
2314 1745 109 40 c'est

464 1802 346 53 généralement
830 1816 119 40 pour
972 1804 183 40 tomber
1179 1805 115 41 dans
1333 1804 286 50 Schumann,
1646 1819 60 26 ou
1806 1818 50 27 ce
1884 1805 78 53 qui
1988 1813 68 32 est
2086 1805 105 53 plus
2216 1804 131 42 triste

465 1863 114 40 dans
615 1863 210 41 Brahms.
857 1865 86 39 Les
969 1864 264 52 modernes,
1266 1866 24 39 à
1313 1875 101 44 part
1435 1865 201 41 Vincent
1661 1866 179 54 d'lndy,
1865 1879 56 27 ne
1945 1875 105 31 sont
2072 1879 83 41 pas
2180 1866 237 42 favorisés.

468 1924 61 39 Le
556 1924 192 40 Prélude
779 1924 26 40 à
831 1924 319 54 VApres-Midi
1188 1926 103 40 d'un
1314 1929 156 37 Faune
1475 1959 10 19 ,
1509 1926 156 54 risqué
1691 1927 89 39 l'an
1806 1926 183 41 dernier
2015 1941 109 27 avec
2147 1941 90 27 une
2265 1927 154 41 bonne

463 1985 133 52 grâce
625 1985 241 50 douteuse,
901 1999 56 26 ne
983 1985 68 41 fut
1089 1986 116 42 suivi
1249 1986 213 54 jusqu'ici
1494 1988 227 39 d'aucune
1757 1997 129 31 autre
1919 2001 157 28 œuvre
2116 1989 297 54 debussyste.

466 2046 87 39 Les
577 2047 171 38 Russes
781 2054 104 32 sont
906 2046 367 53 insoupçonnés.
1305 2047 255 42 Balakirew
1584 2048 71 39 n'a
1694 2049 164 48 même,
1891 2049 42 54 je
1960 2049 138 49 crois,
2121 2049 162 54 jamais
2305 2062 115 41 paru

463 2119 76 26 sur
560 2105 210 50 l'affiche,
798 2105 192 55 Rimsky
1017 2108 89 39 fort
1130 2117 248 32 rarement.
1412 2111 155 49 Quant
1588 2109 24 39 à
1655 2108 142 42 César
1823 2108 197 52 Franck,
2049 2111 63 40 M.
2141 2110 277 53 Pennequin

461 2167 176 40 semble
660 2167 126 42 avoir
812 2169 156 40 oublié
1002 2182 84 27 son
1117 2169 248 49 existence,
1395 2184 56 26 au
1477 2169 152 42 moins
1665 2179 118 32 cette
1809 2171 164 40 année.
2007 2171 36 39 Il
2069 2180 68 32 est
2158 2171 262 54 cependant

461 2228 179 40 devenu
664 2227 91 41 fort
777 2228 187 42 difficile
998 2230 54 40 de
1079 2243 158 40 passer
1263 2230 181 41 Franck
1482 2244 110 27 sous
1618 2230 189 42 silence.

517 2288 117 41 Mais
657 2303 73 26 ces
765 2291 204 40 réserves
995 2289 151 54 faites,
1174 2305 440 41 empressons-nous
1642 2293 54 40 de
1724 2292 204 41 célébrer
1953 2293 40 40 le
2020 2293 313 41 dévouement
2358 2294 60 41 du

461 2350 109 40 chef
591 2350 281 42 d'orchestre
915 2352 22 40 à
963 2353 218 53 Wagner,
1210 2353 110 54 qu'il
1343 2353 118 41 aime
1502 2353 313 42 évidemment
1840 2354 245 54 beaucoup
2111 2363 43 32 et
2175 2355 111 42 au'il
2312 2368 79 27 con-

462 2411 98 39 duit
586 2411 122 40 bien.
737 2412 122 40 C'est
884 2412 116 41 ainsi
1040 2412 110 53 qu'il
1172 2414 152 41 ouvrit
1354 2414 43 40 la
1424 2414 156 41 saison
1604 2428 108 26 avec
1734 2414 65 41 les
1842 2416 268 40 Murmures
2134 2417 49 39 de
2206 2417 43 39 la
2277 2414 140 43 Forêt

461 2480 42 30 et
529 2472 24 38 Y
563 2472 250 40 Ouverture
834 2473 81 40 des
941 2472 197 42 Maîtres
1163 2475 256 40 Chanteurs
1426 2508 9 18 ,
1460 2489 250 27 morceaux
1731 2489 62 27 un
1819 2490 89 39 peu
1934 2477 108 40 bien
2068 2490 199 39 connus,
2301 2478 114 40 mais

463 2532 76 53 qui
566 2545 56 26 ne
648 2532 173 41 lassent
847 2534 176 52 jamais.
1064 2536 70 38 Au
1161 2536 147 40 même
1334 2545 189 32 concert
1555 2537 244 39 exécution
1825 2551 82 39 par
1929 2551 80 39 pas
2037 2537 153 41 moins
2235 2540 54 39 de
2318 2538 100 41 huit

461 2593 164 53 harpes
649 2596 21 36 à
705 2595 189 52 pédales
921 2595 135 41 d'une
1082 2596 140 40 chose
1264 2596 91 41 fort
1386 2597 198 54 bénigne
1618 2611 88 40 que
1741 2599 63 39 M.
1840 2600 53 39 de
1922 2599 366 50 Saint-Quentin
2314 2599 82 41 inti-

460 2653 96 40 tula
601 2655 232 40 Carillons
878 2656 150 42 blancs
1070 2666 39 30 et
1152 2657 236 41 Carillons
1433 2658 126 40 noirs
1567 2691 7 8 .
1610 2658 51 40 Je
1689 2659 214 53 songeais
1941 2672 83 41 par
2069 2668 232 32 contraste
2329 2674 87 27 aux

461 2715 177 41 Danses
683 2716 54 40 de
780 2717 229 54 Debussy,
1053 2718 238 41 aériennes
1344 2727 44 32 et
1428 2731 175 41 graves.
1738 2721 61 39 Le
1843 2722 175 39 second
2062 2730 191 32 concert
2297 2735 118 27 nous

461 2785 195 44 apporta
701 2776 43 40 la
797 2778 255 40 Deuxième
1109 2780 284 54 Symphonie
1435 2780 55 40 de
1535 2780 211 52 Brahms,
1792 2780 42 41 la
1886 2781 153 41 moins
2074 2781 271 42 fastidieuse
2392 2783 23 40 à

459 2851 110 26 mon
595 2838 125 53 goût,
748 2838 113 40 mais
908 2839 78 54 qui
1019 2841 150 40 s'orne
1209 2841 107 40 d'un
1360 2840 238 55 allegretto
1647 2841 211 54 grazioso
1885 2851 44 31 et
1954 2842 107 41 d'un
2108 2843 173 55 allegro
2326 2858 88 26 con

459 2898 180 54 spirito,
687 2898 61 40 où
788 2900 42 40 la
875 2902 132 52 grâce
1033 2902 61 39 du
1140 2902 137 41 brave
1322 2902 228 41 musicien
1596 2912 196 45 patauge
1832 2904 54 41 de
1932 2904 138 53 façon
2118 2905 107 40 bien
2272 2905 120 41 diver-

456 2959 208 42 tissante.
712 2960 74 41 Oh
813 2963 7 37 !
891 2962 217 40 combien
1157 2963 178 40 Mozart
1393 2963 108 41 était
1548 2973 136 40 mort,
1731 2965 156 52 quand
1933 2964 154 42 furent
2140 2966 136 41 écrits
2338 2980 75 27 ces

455 3030 187 45 pesants
684 3021 252 56 badinages
959 3026 6 37 î
1005 3025 61 39 Le
1095 3024 147 41 même
1273 3025 118 53 jour,
1423 3025 60 40 M.
1535 3026 274 53 Pennequin
1855 3027 200 40 exhuma
2095 3041 93 26 une
2234 3036 179 33 cantate

459 3084 55 38 de
553 3082 297 42 Saint-Saëns
877 3098 77 27 sur
978 3086 81 40 des
1097 3098 101 28 vers
1238 3086 250 40 d'Armand
1522 3086 218 41 Silvestre
1765 3102 8 25 :
1816 3087 40 41 le
1889 3089 96 39 Feu
2019 3089 177 40 céleste.
2239 3089 173 40 Disons

459 3143 296 54 simplement
794 3159 88 38 que
905 3146 43 41 la
987 3147 215 53 musique
1229 3160 47 27 se
1299 3147 115 40 tient
1445 3148 109 40 d'un
1580 3148 113 40 bout
1719 3149 24 39 à
1762 3149 160 40 l'autre
1962 3150 25 39 à
2032 3149 42 41 la
2106 3150 198 42 hauteur
2353 3152 60 40 du

457 3204 183 54 poème,
675 3206 113 40 dont
808 3207 122 41 voici
953 3222 63 27 un
1042 3208 284 41 échantillon
1355 3223 7 26 :

946 3323 106 40 Aigle
1073 3322 188 32 s'envolant
1285 3323 39 30 de
1343 3335 61 19 son
1421 3323 80 35 aire,

948 3370 103 31 Volta
1077 3371 48 30 lui
1151 3371 86 30 ravit
1259 3372 30 29 le
1318 3378 158 23 tonnerre

946 3417 45 32 Et
1009 3418 166 40 l'apporte
1193 3419 18 30 à
1228 3418 229 32 l'Humanité.

943 3467 32 29 A
995 3466 108 31 servir
1125 3467 158 30 l'homme
1301 3468 221 35 condamnée,

949 3517 63 27 Par
1035 3514 47 31 lui
1105 3514 32 30 la
1162 3514 119 31 foudre
1306 3521 51 24 est
1383 3514 184 31 enchaînée

945 3561 43 31 Et
1009 3562 164 40 s'appelle
1200 3563 214 30 Electricité,

510 3682 138 41 Enfin
662 3682 267 42 l'orchestre
953 3684 152 42 révéla
1128 3700 88 26 aux
1242 3688 241 41 Bordelais
1506 3688 42 40 la
1562 3688 118 40 Nuit
1700 3688 112 40 d'été
1851 3687 55 41 de
1927 3689 62 40 M.
2016 3690 204 55 Georges
2245 3692 163 54 Marty,

456 3756 87 41 que
563 3742 154 54 j'avais
742 3745 229 40 entendue
992 3746 116 53 jadis
1136 3747 111 41 chez
1273 3749 230 42 Colonne.
1550 3750 71 39 On
1649 3748 144 41 aurait
1839 3749 235 42 mauvaise
2116 3753 134 51 grâce
2296 3754 21 38 à
2352 3766 57 26 en

455 3812 233 32 contester
708 3803 43 40 la
776 3804 266 53 gentillesse
1067 3819 10 36 ;
1102 3808 114 39 mais
1242 3809 219 41 combien
1487 3810 98 40 cela
1608 3818 118 32 reste
1752 3809 264 54 superficiel
2043 3820 43 32 et
2112 3812 296 55 simplement
