2547 4193
797 296 165 31 REVUE
1000 297 64 30 DE
1103 299 57 28 LA
1201 297 270 36 QUINZAINE

2056 304 90 42 419

123 501 193 54 jusqu'à
351 501 45 42 la
439 501 282 54 génération
763 503 248 54 bisaïeule,
1045 513 46 35 et
1118 520 163 42 grosse
1317 507 249 43 notabilité
1611 510 62 41 du
1712 507 431 44 Tout-Gerolstein

127 563 269 57 artistique.
426 564 107 43 Elle
575 579 58 30 en
660 577 135 44 reçut
840 568 41 42 le
914 569 108 56 plus
1070 569 203 45 aimable
1308 572 197 45 accueil.
1559 572 37 42 Il
1634 581 140 35 vanta
1820 573 41 42 le
1903 573 150 42 talent
2086 574 57 41 de

130 628 272 43 Greetchen
424 638 44 33 et
496 643 75 29 ses
596 630 317 56 dispositions
937 634 421 56 exceptionnelles,
1386 649 58 29 en
1468 650 48 28 se
1550 637 243 43 déclarant
1814 637 287 57 impuissant
2119 639 24 41 à

130 690 196 43 deviner
349 692 66 42 les
436 706 168 30 causes
632 695 57 42 de
713 709 88 28 son
828 696 160 43 échec.
1091 715 21 21 «
1138 699 116 42 Très
1282 699 182 43 honoré
1493 700 248 43 Monsieur
1759 701 41 43 le
1825 700 318 44 Claveciniste

129 752 59 43 de
214 752 43 43 la
285 755 148 53 Cour,
456 756 204 44 hasarda
678 758 44 42 la
743 757 172 45 femme
936 760 207 56 éplorée,
1168 762 319 43 n'aurait-elle
1526 764 136 54 point
1700 765 170 43 besoin
1893 780 90 41 que
2023 777 119 31 vous

127 816 188 43 l'aidiez
330 818 108 56 plus
463 819 352 58 fréquemment
834 822 56 42 de
917 836 83 29 vos
1016 822 329 44 inestimables
1365 826 273 43 conseils?»
1732 845 20 23 «
1779 830 254 49 Peut-être,
2053 827 68 44 évi-

129 879 299 55 demment,..
445 884 258 55 peut-être,
718 884 266 43 bredouilla
995 887 376 53 Meguetsechtel
1390 902 57 28 en
1472 889 219 43 reniflant
1704 906 49 26 sa
1766 892 126 54 prise
1908 907 11 38 ;
1933 892 180 42 malheu-

125 955 292 40 reusement,
445 962 120 28 vous
588 948 42 42 le
657 962 154 38 savez,
838 963 65 27 un
928 949 110 41 vieil
1066 950 96 41 édit
1195 951 57 41 de
1292 951 604 60 Karl-Christian-August
1919 957 59 40 XI
1995 957 145 48 .VIII,

127 1009 311 53 grand-oncle
456 1011 55 42 de
536 1019 134 33 notre
696 1010 261 43 bien-aimé
979 1011 279 51 Souverain,
1282 1026 121 28 nous
1419 1012 209 54 interdit,
1651 1030 57 27 au

130 1070 58 42 de
233 1071 289 54 Gerolstein,
569 1075 55 39 de
651 1073 186 41 donner
880 1073 81 41 des
1009 1072 164 55 leçons
1212 1076 328 52 particulières
1590 1077 25 41 à
1665 1091 88 29 nos
1798 1078 171 44 élèves.
2024 1098 22 20 »

132 1133 147 43 Hélas
307 1136 8 40 !
356 1136 147 40 Hélas
529 1137 8 41 !
572 1136 93 40 très
699 1134 183 42 honoré
919 1136 248 42 Monsieur
1190 1137 41 41 le
1261 1137 317 44 Claveciniste
1593 1141 113 42 delà
1727 1142 142 41 C.»
1967 1157 21 27 «
2015 1142 127 42 C'est

128 1198 300 54 regrettable,
456 1198 336 51 évidemment,
819 1198 95 42 très
941 1200 339 55 regrettable...
1315 1202 122 42 Mais
1461 1216 92 42 que
1578 1204 347 45 voulez-vous?
1948 1207 127 42 C'est
2099 1205 44 44 la

124 1255 85 47 loi.
249 1261 132 41 Nous
426 1273 57 29 ne
523 1273 221 42 pouvons
770 1274 83 41 pas
889 1261 186 44 donner
1107 1264 57 41 de
1210 1264 164 53 leçons
1411 1264 327 56 particulières
1780 1283 92 28 aux
1896 1269 155 43 élèves
2079 1269 62 42 du

132 1321 486 52 Conservatorium,...
645 1324 24 42 à
692 1338 86 28 nos
814 1322 233 55 élèves,...
1073 1327 458 54 personnellement,
1573 1329 111 43 bien
1734 1334 263 42 entendu...
2035 1334 105 52 Que

125 1383 309 45 voulez-vous
458 1385 52 44 ?..
536 1400 22 28 »
664 1400 23 29 «
713 1387 120 42 Mais
861 1387 142 52 alors,
1031 1402 90 42 que
1149 1388 129 54 faire,
1305 1390 94 43 très
1422 1392 183 43 honoré
1634 1395 248 42 Monsieur
1908 1396 41 42 le
1977 1396 137 43 Clave-

125 1446 179 44 cini...?
335 1462 23 28 »
463 1463 23 28 «
511 1449 216 57 Voyons,
749 1465 203 41 voyons,
981 1466 57 28 ne
1064 1452 193 56 pleurez
1285 1467 100 42 pas.
1404 1456 52 40 Je
1482 1470 118 28 vous
1619 1457 42 41 le
1687 1457 136 51 dirai,
1840 1458 99 42 1à...
1968 1458 109 55 Oui,
2098 1461 42 49 je

120 1523 121 29 vous
261 1510 118 42 dirai
406 1526 52 27 ce
492 1513 115 54 qu'il
631 1513 96 42 faut
755 1513 129 43 faire.
915 1515 123 50 Non,
1071 1529 115 37 non,
1215 1529 80 41 pas
1322 1517 358 54 aujourd'hui...
1712 1520 228 54 Ecoutez,
1964 1520 173 55 qu'elle

123 1573 230 44 continue
395 1575 25 42 à
447 1575 111 42 bien
604 1576 240 42 travailler
887 1586 45 34 et
958 1592 121 28 nous
1126 1593 252 29 verrons...
1425 1581 71 41 Ne
1534 1595 118 28 vous
1676 1583 297 56 découragez
2000 1598 137 41 pas...

123 1635 173 52 Adieu,
345 1636 140 43 chère
551 1637 138 55 amie,
741 1639 156 43 adieu.
969 1640 229 56 Comptez
1251 1655 80 28 sur
1375 1642 112 42 moi.
1552 1644 214 43 Revenez
1812 1659 72 28 me
1931 1646 118 42 voir.
2099 1647 41 41 A

127 1698 202 45 bientôt.
351 1717 22 22 »
485 1702 377 56 Meguetsechtel
886 1705 189 55 n'ayant
1110 1719 64 41 pu
1210 1707 269 53 cependant
1502 1720 47 29 se
1592 1708 228 42 résoudre
1845 1710 24 40 à
1912 1725 22 24 «
1962 1710 99 42 dire
2087 1725 53 28 ce

125 1762 116 56 qu'il
268 1763 149 43 fallait
442 1764 115 43 faire
580 1778 41 37 »,
645 1780 57 27 en
727 1767 130 56 dépit
878 1768 58 41 de
965 1767 250 56 .multiples
1240 1768 181 53 visites,
1451 1771 268 43 Greetchen
1762 1771 70 43 fut
1872 1773 181 42 recalée
2081 1788 59 27 au

128 1838 235 30 concours
391 1827 81 55 qui
500 1828 156 43 suivit.
763 1843 21 29 «
814 1829 80 52 Or,
920 1830 305 51 Excellence,
1254 1832 202 42 s'écriait
1489 1842 135 33 notre
1648 1834 141 43 brave
1816 1834 205 52 hôtesse,
2051 1835 89 44 elle

128 1887 129 44 allait
279 1904 81 28 sur
382 1904 74 29 ses
490 1891 206 43 dix-huit
723 1907 83 27 ans
831 1909 9 27 :
887 1893 45 43 la
956 1893 148 43 limite
1130 1895 131 56 d'âge
1308 1895 26 42 !!
1384 1896 37 41 Il
1468 1895 151 43 fallait
1643 1898 152 43 aviser
1820 1909 138 32 avant
1988 1899 42 42 le
2061 1914 53 28 su-

125 1952 163 54 prême
316 1966 214 31 examen.
561 1956 104 52 Que
690 1955 134 51 faire,
849 1956 59 42 du
1753 1969 195 44 grosser
1294 1960 15 41 ?
1332 1959 104 52 Que
1463 1959 114 43 faire
1597 1960 18 42 ?
1651 1961 247 56 Pourquoi
1926 1962 186 56 Meguet-

124 2016 178 42 sechtel
329 2017 224 43 n'osait-il
576 2017 136 56 point
737 2018 42 42 le
805 2018 99 42 dire
931 2018 17 43 ?
971 2020 52 41 Je
1058 2034 73 27 me
1159 2021 211 42 creusais
1397 2022 43 42 la
1472 2023 92 41 tête
1600 2037 58 28 en
1680 2023 108 44 vain
1818 2034 45 33 et
1902 2026 41 55 je
1981 2025 160 43 faisais

123 2091 58 29 en
208 2079 273 56 rougissant
506 2081 129 41 mille
659 2081 331 57 suppositions
1018 2096 309 44 saugrenues,
1422 2100 77 28 car
1521 2086 216 44 l'illustre

137 2143 91 42 und
360 2144 226 58 Professor
587 2153 27 33 est
637 2158 66 28 un
750 2144 216 43 vieillard
1014 2145 372 56 irréprochable,
1511 2150 161 54 quand
1706 2152 44 54 je
1785 2166 75 28 me
1894 2152 195 43 souvins
2117 2152 25 42 à

122 2220 182 42 propos
332 2208 112 41 d'un
486 2208 56 41 de
584 2221 98 28 mes
726 2209 253 43 locataires
1007 2210 56 42 de
1102 2210 137 56 jadis,
1287 2210 178 45 flûtiste
1492 2213 237 57 distingué
1764 2215 80 56 qui
1883 2216 184 41 courait
2099 2215 41 42 le

120 2268 168 44 cachet
329 2268 22 42 à
386 2284 63 28 un
499 2270 292 42 demi-florin
835 2272 56 41 de
920 2274 191 50 Prusse,
1154 2272 108 56 puis
1287 2274 70 41 fut
1404 2289 123 40 pour
1553 2276 206 56 quelque
1798 2288 155 45 temps
1980 2279 161 42 Grand

123 2332 284 43 Chancelier
454 2333 156 42 d'Etat
656 2348 92 27 aux
792 2336 165 40 Cultes
1005 2345 45 33 et
1098 2336 252 53 Finances,
1407 2348 45 32 et
1493 2338 66 42 vit
1612 2341 305 52 aujourd'hui
1981 2342 156 51 retiré,

124 2395 272 42 Conseiller
428 2406 153 33 secret
605 2397 277 51 honoraire,
903 2412 109 42 gros
1037 2399 290 56 Percepteur
1345 2401 222 55 d'impôts
1591 2412 43 32 et
1662 2404 212 42 Membre
1892 2406 249 54 perpétuel

123 2460 63 41 du
214 2459 186 42 Comité
428 2459 285 42 consultatif
731 2460 22 42 à
779 2462 44 40 la
850 2462 296 55 Compagnie
1174 2463 84 42 des
1292 2463 246 53 Chemins,
1574 2467 168 42 Postes
1767 2475 45 34 et
1844 2468 293 56 Diligences.

119 2521 79 42 On
219 2521 69 42 dit
311 2521 127 42 aussi
462 2521 114 56 qu'il
604 2524 321 42 commandite
948 2538 66 28 un
1040 2522 260 58 important
1339 2526 285 43 distillateur
1651 2529 55 40 de
2016 2531 121 42 Sans

120 2585 164 52 doute,
306 2586 42 52 je
382 2599 57 28 ne
467 2586 161 42 devais
656 2585 141 57 guère
821 2587 191 56 espérer
1038 2589 56 41 de
1125 2602 87 28 son
1239 2589 239 43 influence
1502 2609 9 24 :
1536 2600 136 34 outre
1693 2592 114 55 qu'il
1833 2602 70 34 est
1927 2594 94 43 fort
2047 2594 67 43 cir-

120 2657 245 47 conspect,
393 2662 50 28 sa
468 2648 228 42 situation
720 2658 71 33 est
815 2660 105 47 trop
942 2665 94 42 peu
1063 2665 101 29 rare
1185 2666 58 28 en
1262 2665 136 30 notre
1423 2655 271 41 Gerolstein
1720 2657 63 39 où
1809 2656 66 42 les
1896 2674 23 21 «
1945 2657 193 43 anciens

119 2709 240 43 ministres
387 2727 20 23 »
443 2710 272 55 pullullent,
743 2726 78 28 car
848 2714 62 41 Sa
946 2713 313 43 Sérénissime
1294 2716 188 41 Altesse
1516 2727 70 32 est
1612 2718 294 56 capricieuse
1931 2728 45 33 et
2005 2721 133 48 aime,

120 2783 172 32 autour
313 2774 57 42 de
397 2773 88 50 soi,
510 2774 24 41 à
560 2774 208 57 changer
793 2775 57 42 de
876 2775 203 57 visages.
1108 2776 122 42 Mais
1259 2778 23 40 à
1309 2778 160 43 défaut
1494 2780 56 41 de
1578 2780 285 56 protection,
1889 2782 32 41 il
1944 2784 197 53 pouvait

120 2850 74 28 me
214 2837 187 41 donner
428 2837 81 42 des
536 2845 193 50 tuyaux.
753 2839 51 42 Je
824 2839 66 42 lui
917 2840 229 56 dépêchai
1173 2841 126 42 donc
1324 2856 65 28 un
1412 2843 128 43 mien
1566 2845 170 42 cousin
1759 2860 58 28 en
1836 2846 298 45 ambassade.

123 2901 65 41 Le
215 2914 177 42 garçon
420 2900 155 42 revint
599 2902 269 42 consterné.
903 2902 149 56 Après
1096 2903 134 44 s'être
1258 2903 83 44 fait
1376 2920 201 42 exposer
1609 2907 40 42 le
1685 2923 75 29 cas
1785 2924 84 40 par
1901 2910 42 42 le
1976 2925 158 37 menu,

119 2962 196 42 l'oracle
342 2962 125 43 avait
492 2963 174 42 conclu
688 2972 104 33 tout
817 2973 79 33 net
922 2980 9 26 :
961 2981 20 24 «
1011 2966 64 42 Ce
1103 2980 89 40 que
1225 2967 42 55 je
1294 2967 105 55 puis
1425 2983 119 28 vous
1568 2970 99 41 dire
1693 2985 121 40 pour
1835 2972 96 42 être
1958 2972 176 56 répété,

125 3025 112 42 c'est
262 3039 92 42 que
383 3025 271 42 Greetchen
677 3027 118 54 perd
823 3041 87 28 son
934 3036 155 47 temps
1112 3037 45 32 et
1182 3042 49 28 sa
1249 3029 155 55 peine.
1435 3030 172 44 Inutile
1630 3033 173 55 qu'elle
1835 3048 48 27 se
1915 3036 219 53 présente

120 3098 45 33 et
186 3089 276 56 représente
480 3103 9 28 :
518 3089 90 42 elle
636 3104 57 27 ne
717 3104 104 28 sera
847 3090 165 55 jamais
1046 3104 155 41 reçue.
1233 3109 19 21 »
1275 3093 85 40 J'ai
1400 3093 42 40 le
1470 3107 116 42 sang
1628 3109 65 28 un
1728 3109 94 42 peu
1865 3097 109 52 fort,
2015 3113 119 28 vous

120 3165 154 28 savez.
307 3154 71 39 En
406 3152 263 41 entendant
694 3166 68 40 ça,
792 3152 41 55 je
861 3152 146 44 sentis
1033 3166 188 30 comme
1253 3168 65 28 un
1346 3169 123 41 coup
1505 3156 55 42 de
1582 3156 149 59 poing
1766 3173 80 28 sur
1889 3160 45 42 la
1974 3175 160 43 nuque

122 3224 44 33 et
190 3216 42 49 je
251 3215 182 42 tombai
459 3229 59 28 en
551 3215 251 56 apoplexie
830 3216 287 56 quasiment.
1144 3217 75 41 On
1252 3217 85 42 dut
1361 3231 74 28 me
1475 3229 160 44 porter
1668 3235 79 28 sur
1792 3236 113 28 mon
1948 3224 67 50 lit,
2063 3239 73 28 me

119 3277 168 43 frotter
308 3278 69 42 les
403 3279 136 55 joues
566 3279 57 42 de
649 3279 213 55 vinaigre
890 3288 44 33 et
960 3293 73 28 me
1074 3295 144 40 poser
1242 3281 82 42 des
1351 3281 176 57 rigolos
1571 3297 80 28 sur
1676 3284 66 42 les
1769 3286 205 47 mollets.
2002 3288 134 43 Vous

119 3354 75 28 me
226 3340 180 42 croirez
431 3342 37 40 si
494 3354 120 30 vous
640 3342 185 52 voulez,
862 3342 301 54 Excellence,
1209 3343 89 56 j'en
1342 3344 189 56 maigris
1559 3345 57 42 de
1661 3347 203 43 dix-huit
1903 3349 126 45 kilos
2079 3366 58 28 en

120 3404 173 56 quinze
320 3405 147 55 jours.
495 3405 52 42 Je
575 3405 221 56 songeais
824 3420 57 27 au
905 3406 182 42 suicide
1115 3406 25 42 à
1162 3406 137 44 l'idée
1325 3408 56 42 de
1405 3408 338 43 l'humiliation
1790 3413 116 42 dont
1943 3413 194 44 l'avenir

120 3481 122 28 nous
271 3467 254 55 menaçait,
553 3467 97 42 moi
671 3478 45 33 et
740 3484 76 27 ma
838 3469 113 44 fille.
977 3469 172 44 J'avais
1174 3470 338 43 recommandé
1538 3471 43 42 le
1607 3471 178 45 silence
1814 3489 59 28 au
1898 3478 170 41 cousin
2091 3486 43 35 et

116 3530 211 55 pleurais
354 3531 57 40 de
439 3530 146 43 honte
631 3540 46 33 et
723 3532 58 41 de
809 3546 123 42 rage.
981 3533 148 41 Dame
1157 3532 8 42 !
1209 3532 303 52 Excellence,
1553 3549 118 29 vous
1714 3550 285 43 comprenez
2028 3554 9 29 :
2066 3540 67 43 les

118 3593 167 52 amies,
313 3593 68 42 les
407 3602 210 46 parents,
645 3594 67 42 les
735 3594 231 52 voisines,
993 3610 204 40 presque
1224 3605 104 33 tout
1356 3596 268 44 Gerolstein
1647 3598 129 43 enfin
1803 3602 80 55 qui
1908 3605 121 40 n'est
2048 3617 84 42 pas

118 3657 150 55 grand
292 3657 47 41 !..
365 3657 162 41 J'étais
552 3657 132 44 folle.
718 3660 63 41 Le
806 3659 218 42 médecin
1051 3659 80 56 qui
1159 3673 72 27 me
1257 3659 204 56 soignait
1484 3676 29 42 y
1536 3663 187 55 perdait
1764 3679 87 27 son
1892 3665 132 54 latin,
2072 3681 60 28 en

118 3729 271 33 constatant
434 3720 358 56 l'impuissance
838 3723 82 42 des
964 3721 217 44 remèdes
1224 3732 43 33 et
1309 3737 109 28 mon
1470 3725 229 56 agitation
1746 3728 279 44 croissante.
2094 3730 38 42 Il

116 3781 209 43 insistait
345 3796 123 41 pour
503 3782 157 43 savoir
685 3784 206 55 quelque
915 3784 162 52 chose,
1102 3785 117 42 mais
1240 3786 42 55 je
1308 3785 165 43 restais
1499 3787 127 44 têtue
1653 3804 187 28 comme
1861 3805 94 28 une
1982 3791 149 42 borne

118 3855 45 33 et
189 3855 175 33 muette
388 3846 24 42 à
436 3860 74 28 ses
544 3847 265 56 questions.
835 3848 182 42 J'eusse
1054 3847 120 43 aimé
1212 3848 162 44 mieux
1412 3851 180 42 mourir
1618 3866 91 42 que
1743 3853 57 42 de
1830 3855 254 51 répondre,
2107 3856 24 41 à

120 3907 68 43 lui
213 3917 188 34 surtout
424 3926 9 25 :
466 3908 345 57 figurez-vous,
843 3911 301 53 Excellence,
1188 3927 89 42 que
1325 3913 154 43 c'était
1515 3914 260 58 justement
1821 3918 43 41 le
1908 3931 124 42 papa
2074 3918 57 42 de
