2547 4193
410 305 90 52 436

955 319 56 29 LE
1047 319 233 29 MERCURE
1314 318 211 31 MUSICAL
1659 318 162 30 I-V-00

411 532 73 28 ses
501 519 137 43 Nuits
668 518 174 40 d'hiver
874 530 61 27 ou
959 530 49 27 sa
1042 517 173 53 grande
1246 517 169 39 Sonate
1434 513 228 55 héroïque)
1682 515 65 40 les
1784 515 250 49 meilleurs,
2054 515 65 40 les
2151 513 104 54 plus
2273 513 69 41 élo-

411 588 166 45 quents
599 578 195 42 recueils
820 578 56 40 de
899 577 160 40 chants
1087 577 246 53 slovaques
1355 590 8 35 ;
1393 583 44 33 et
1460 575 103 54 puis
1591 576 55 40 de
1670 575 43 40 la
1738 576 213 55 musique
1988 577 55 39 de
2065 575 218 41 chambre
2304 576 60 40 où

408 640 31 41 il
479 654 24 27 a
528 640 181 40 célébré
751 637 159 42 l'unité
959 638 124 41 slave
1126 646 43 32 et
1205 636 332 42 l'universalité
1584 637 55 40 de
1678 637 100 40 Fart
1819 651 109 26 sous
1952 637 43 41 la
2041 636 218 42 diversité
2283 636 80 41 des

410 702 253 40 caractères
690 699 239 55 tchèques,
958 712 212 28 moraves
1192 706 42 33 et
1260 698 247 54 slovaques
1531 712 10 38 ;
1573 708 43 31 et
1641 697 125 42 enfin
1792 707 44 32 et
1867 706 182 33 surtout
2072 707 118 32 cette
2221 698 114 40 admi-

409 762 126 40 rable
564 762 127 40 Suite
714 760 214 54 slovaque
947 773 120 41 pour
1097 760 140 53 piano
1265 759 209 50 d'abord,
1498 759 105 55 puis
1629 773 118 40 pour
1770 759 234 41 orchestre
2031 759 80 54 qui
2137 768 68 32 est
2229 759 114 40 l'ana-

409 823 137 54 logue
573 835 55 27 en
651 822 214 53 musique
892 822 80 40 des
997 821 216 41 tableaux
1237 820 200 42 bariolés
1461 830 43 32 et
1525 820 338 42 étourdissants
1886 821 56 40 de
1962 820 145 42 Jozka
2133 820 176 54 Uprka.

467 884 131 39 Nous
621 896 56 27 ne
704 881 383 42 mentionnerons
1103 884 351 53 qu'enpassant,
1471 891 42 33 et
1531 895 138 41 parce
1695 895 89 41 que
1808 882 176 53 Prague
2004 894 117 27 nous
2144 896 26 38 y
2193 881 171 54 oblige,

413 945 61 38 M.
503 942 150 43 Oskar
678 943 200 49 Nedbal,
901 943 109 42 chef
1022 943 281 42 d'orchestre
1332 943 237 42 brouillon
1596 952 43 33 et
1662 943 309 51 tumultueux,
1995 956 91 41 peu
2124 943 160 40 maître
2308 942 55 40 de

409 1004 254 50 lui-même,
689 1004 115 42 mais
830 1018 217 28 amuseur
1073 1018 128 28 assez
1229 1006 134 40 lourd
1385 1006 115 40 dans
1535 1019 73 27 ses
1632 1004 177 42 cahiers
1834 1018 119 41 pour
1978 1004 181 41 enfants
2199 1012 44 32 et
2278 1017 85 27 son

410 1066 142 41 ballet
574 1067 214 40 Pohadka
814 1080 26 27 u
1098 1067 59 54 (le
1180 1075 136 32 conte
1349 1067 55 41 de
1425 1067 113 41 Jean
1563 1067 289 52 l'lmbécile).
1898 1067 60 40 Sa
1996 1065 216 54 musique
2233 1078 24 27 a
2283 1065 81 40 des

409 1129 157 52 grâces
599 1128 153 40 d'ours
789 1127 78 54 qui
900 1141 24 27 a
948 1128 154 54 appris
1142 1130 22 38 à
1202 1129 167 40 danser
1394 1137 43 32 et
1478 1129 55 40 de
1570 1128 145 41 belles
1758 1128 227 41 manières
2024 1126 339 55 prétentieuses

410 1188 354 41 balourdement
785 1188 219 41 assorties
1032 1189 23 39 à
1081 1202 45 28 sa
1152 1189 239 54 vulgarité.
1418 1190 73 40 On
1514 1190 252 54 s'explique
1789 1188 322 42 difficilement
2133 1188 207 54 l'engoue-

409 1258 127 32 ment
552 1262 118 40 pour
696 1263 47 26 sa
769 1249 230 41 direction
1022 1250 283 53 anarchique
1328 1251 136 40 d'une
1481 1251 108 41 ville
1613 1250 78 53 qui
1717 1263 23 28 a
1761 1264 181 27 comme
1970 1251 178 53 Prague
2184 1249 42 42 le
2252 1249 84 40 bon-

408 1310 116 40 heur
547 1310 54 40 de
622 1310 226 54 posséder
866 1312 114 40 dans
1013 1324 71 26 ses
1110 1323 125 27 murs
1260 1324 63 27 un
1349 1311 109 41 chef
1477 1310 279 42 d'orchestre
1776 1312 56 40 de
1854 1312 43 40 la
1916 1311 159 41 valeur
2100 1311 55 40 de
2182 1310 61 40 M.
2271 1310 92 39 Ka~

409 1371 65 40 rel
500 1370 275 41 Kovarovic.
805 1371 57 40 Et
881 1371 278 53 cependant,
1178 1384 56 27 en
1261 1385 70 27 ses
1357 1373 125 53 jours
1502 1373 54 39 de
1577 1373 154 40 bonne
1753 1372 191 49 chance,
1968 1373 59 40 M.
2057 1371 182 41 Nedbal
2253 1379 111 45 peut

410 1432 94 40 être
526 1432 227 40 excellent
771 1445 9 37 ;
804 1431 223 41 toutefois
1049 1431 72 55 j'ai
1146 1433 243 53 remarqué
1423 1433 109 54 qu'il
1554 1446 56 28 ne
1636 1433 41 40 le
1705 1432 152 42 faisait
1878 1447 82 41 pas
1986 1433 177 53 exprès.

465 1495 58 39 M.
557 1495 256 40 Kovarovic
846 1502 68 32 est
934 1494 40 40 le
999 1493 318 54 représentant
1340 1494 42 41 le
1405 1495 104 53 plus
1535 1508 55 27 en
1625 1508 87 28 vue
1737 1495 54 40 de
1829 1495 174 53 l'opéra
2022 1494 198 55 tchèque
2239 1494 101 40 d'au-

410 1554 249 54 jourd'hui,
681 1562 43 33 et
761 1554 92 41 Ton
879 1568 57 27 ne
969 1554 172 42 saurait
1164 1555 129 41 avoir
1317 1555 112 41 l'œil
1463 1569 129 27 assez
1619 1569 77 27 sur
1721 1569 49 27 sa
1803 1556 285 53 production
2123 1556 172 43 future.
2326 1554 37 40 Il

409 1616 209 48 n'existe,
647 1616 23 40 à
695 1616 94 40 vrai
814 1616 114 51 dire,
952 1616 213 54 jusqu'ici
1190 1629 88 41 que
1303 1630 83 40 par
1408 1618 120 40 deux
1552 1630 182 28 œuvres
1761 1617 332 54 dramatiques,
2114 1616 115 41 mais
2252 1616 109 41 elles

411 1686 104 31 sont
532 1677 135 40 d'une
691 1676 245 50 fraîcheur,
963 1677 135 40 d'une
1125 1678 304 41 adolescence
1453 1679 37 39 si
1513 1678 171 54 gracile
1711 1688 42 31 et
1771 1678 37 41 si
1832 1679 225 53 précaire,
2085 1686 41 32 et
2145 1679 110 40 elles
2283 1686 80 32 ont

409 1737 81 41 fait
513 1751 64 27 un
599 1737 63 41 tel
689 1738 136 50 bruit,
853 1746 43 32 et
922 1738 110 40 elles
1059 1748 310 44 surprennent
1387 1752 84 40 par
1510 1748 98 32 tant
1646 1739 270 54 d'imprévu,
1942 1742 140 51 qu'on
2118 1748 111 45 peut
2262 1747 103 32 tout

412 1798 208 41 attendre
649 1799 54 40 de
729 1799 44 40 la
797 1797 213 42 maturité
1030 1799 61 41 du
1114 1799 228 40 musicien
1367 1801 114 39 dont
1501 1800 43 41 la
1569 1801 213 52 jeunesse
1822 1814 24 27 a
1864 1814 150 40 conçu
2038 1814 63 27 un
2123 1801 158 40 drame
2307 1801 55 40 de

409 1860 44 40 la
476 1860 211 40 violence
707 1860 55 40 de
786 1860 246 41 Psohlavci
1053 1860 83 53 (les
1161 1860 422 54 Têtes-de-chiens)
1610 1875 78 27 sur
1711 1876 90 26 une
1825 1870 146 32 trame
1991 1861 221 41 musicale
2237 1860 125 42 aussi

409 1920 325 54 parfaitement
776 1920 212 50 délicate,
1020 1930 43 31 et
1096 1935 91 26 une
1232 1921 117 40 suite
1385 1922 56 40 de
1485 1922 163 41 scènes
1692 1923 251 54 idylliques
1979 1924 55 39 de
2059 1923 43 41 la
2126 1924 134 53 grâce
2306 1924 55 40 de

408 1983 77 39 Na
503 1989 171 33 siarem
701 1982 161 40 belidle
895 1982 55 54 (A
987 1982 43 40 la
1053 1981 153 43 vieille
1244 1982 352 55 blanchisserie)
1641 1997 77 27 sur
1763 1997 91 28 une
1895 1984 212 41 irisation
2139 1984 222 41 musicale

412 2043 124 40 aussi
575 2042 150 54 légère
752 2051 43 32 et
820 2043 294 54 chatoyante,
1142 2052 43 31 et
1222 2043 122 41 aisée
1370 2053 43 31 et
1439 2044 253 54 gracieuse.
1722 2045 67 41 M.
1833 2046 260 41 Kovarovic
2118 2045 127 42 vient
2281 2058 82 40 par

408 2103 231 41 là-dessus
666 2104 54 40 de
747 2104 128 40 subir
909 2104 43 40 la
976 2104 254 41 révélation
1255 2105 56 40 de
1336 2107 180 38 Peliéas
1543 2114 39 32 et
1608 2106 254 41 Mélisande
1868 2140 8 9 .
1906 2107 36 39 Il
1968 2108 107 39 s'est
2107 2106 117 41 senti
2250 2106 112 41 chez

412 2164 64 40 lui
502 2164 114 40 dans
643 2173 118 31 cette
788 2164 215 55 musique
1029 2164 109 54 qu'il
1177 2164 97 42 fera
1294 2177 107 29 tous
1428 2180 72 26 ses
1524 2165 157 43 efforts
1702 2180 120 41 pour
1843 2168 247 53 implanter
2114 2168 25 40 à
2166 2169 194 53 Prague.

409 2225 58 41 Se
512 2225 294 41 reconnaître
850 2227 55 40 de
929 2239 82 41 par
1049 2229 42 38 ie
1133 2227 171 40 monde
1342 2239 63 28 un
1445 2226 117 43 frère
1590 2227 239 55 privilégié
1876 2243 53 27 va
1973 2229 64 40 lui
2063 2230 180 40 donner
2283 2229 80 54 qui

409 2285 86 42 sait
538 2286 175 54 quelles
740 2286 151 41 forces
924 2288 258 42 nouvelles.
1218 2288 36 39 Il
1297 2301 24 27 a
1353 2301 57 27 eu
1450 2289 217 55 jusqu'ici
1697 2290 292 54 l'originalité
2015 2291 56 40 de
2100 2291 156 40 traiter
2281 2291 81 41 des

408 2361 183 27 œuvres
617 2349 374 40 monumentales
1019 2362 110 29 avec
1164 2350 81 40 des
1275 2349 201 42 ténuités
1514 2359 43 32 et
1598 2352 80 40 des
1710 2359 129 33 tours
1867 2352 54 41 de
1954 2352 125 41 main
2111 2353 56 40 de
2201 2352 160 41 maître

405 2408 185 49 verrier,
616 2421 56 28 ne
711 2408 159 42 disons
896 2423 82 40 pas
1025 2410 56 40 de
1109 2411 213 49 Murano,
1345 2410 199 55 puisque
1569 2425 119 28 nous
1732 2426 201 28 sommes
1960 2413 25 41 à
2012 2415 194 53 Prague,
2246 2413 116 41 mais

407 2470 82 39 des
522 2469 159 40 usines
706 2470 225 49 Harrach,
970 2478 43 33 et
1037 2470 30 40 il
1095 2484 25 27 a
1159 2484 50 27 ce
1256 2471 93 41 don
1376 2472 37 40 si
1452 2485 101 29 rare
1588 2474 55 40 de
1666 2473 154 43 vibrer
1845 2476 24 38 à
1893 2475 230 41 l'unisson
2148 2476 56 40 de
2229 2475 132 41 l'âme

406 2529 201 55 tchèque
634 2543 57 27 au
715 2530 135 54 point
874 2544 89 41 que
988 2531 41 41 le
1053 2531 135 53 génie
1217 2532 149 41 même
1392 2533 56 40 de
1479 2533 44 41 la
1556 2533 207 42 chanson
1785 2536 244 54 populaire
2069 2537 175 41 semble
2271 2537 69 40 ins-

405 2590 122 55 pirer
550 2599 103 32 tout
695 2591 55 40 de
796 2605 85 27 son
908 2605 173 29 œuvre.
1136 2592 99 42 Elle
1279 2601 70 33 est
1391 2607 182 29 comme
1622 2598 184 40 arrosée
1843 2598 79 40 des
1960 2598 105 53 plus
2111 2598 250 41 cristallins

404 2651 244 41 ruisseaux
672 2652 222 41 bohèmes
919 2662 45 31 et
994 2652 182 43 vivifiée
1202 2653 55 42 de
1298 2653 44 42 la
1364 2654 105 55 plus
1513 2657 239 54 argentine
1790 2659 135 41 veine
1951 2659 139 42 slave.
2119 2660 100 41 Elle
2245 2674 24 27 a
2295 2660 65 41 les

406 2712 174 41 mêmes
601 2712 198 54 qualités
826 2713 55 41 de
906 2713 230 42 fraîcheur
1161 2723 44 32 et
1227 2714 253 43 d'émotion
1506 2730 88 40 que
1617 2718 41 41 le
1680 2732 164 28 roman
1867 2720 201 41 Babiëka
2094 2721 54 41 de
2176 2723 186 40 Bozena

409 2773 241 42 Nëmcova
675 2775 115 40 dont
822 2773 41 41 le
896 2775 317 54 compositeur
1235 2776 107 41 s'est
1371 2777 173 55 inspiré
1570 2780 113 41 dans
1707 2781 79 40 Na
1819 2790 173 33 starern
2019 2782 175 42 belidle.

461 2835 63 41 M.
551 2836 127 41 Josef
702 2837 46 40 B.
777 2837 201 40 Fœrster
1001 2845 67 31 est
1102 2836 14 40 1
1133 2850 91 27 une
1264 2838 80 40 des
1390 2839 124 41 âmes
1556 2839 65 42 les
1659 2841 106 54 plus
1791 2843 384 42 délicieusement
2217 2845 116 40 chan-

404 2904 149 33 tantes
593 2897 55 40 de
693 2897 102 40 l'art
837 2897 239 51 moderne,
1111 2898 116 41 mais
1272 2899 42 53 je
1340 2899 121 41 crois
1487 2914 85 27 son
1610 2911 66 31 art
1707 2917 63 27 un
1809 2918 91 39 peu
1926 2906 303 41 monocorde.
2264 2909 96 38 Son

406 2958 141 52 opéra
568 2958 101 40 Eva
703 2966 69 32 est
795 2971 63 27 un
891 2958 99 40 rien
1016 2967 258 32 monotone
1303 2968 43 33 et
1382 2961 267 42 doucereux
1674 2964 23 40 à
1721 2965 127 41 force
1874 2966 57 40 de
1962 2967 242 41 tendresse
2227 2977 44 32 et
2304 2969 56 40 de

403 3018 253 55 religiosité
695 3032 294 39 amoureuse,
1015 3020 115 40 mais
1178 3020 109 41 c'est
1310 3034 63 27 un
1416 3022 156 42 drame
1617 3024 224 43 intérieur
1879 3027 137 40 d'une
2057 3029 304 56 psychologie

404 3079 207 54 parfaite.
663 3081 86 39 Les
792 3081 330 41 connaisseurs
1165 3082 152 41 disent
1373 3085 146 51 grand
1562 3085 106 41 bien
1715 3088 62 39 du
1817 3089 204 40 second:
2067 3090 178 41 Jessica
2254 3123 7 8 .
2308 3092 52 41 Je

406 3140 191 54 l'ignore
621 3140 474 52 malheureusement,
1121 3142 117 42 ainsi
1265 3156 88 41 que
1379 3144 79 41 des
1481 3146 301 54 symphonies
1810 3158 43 31 et
1889 3162 63 28 un
1992 3151 175 40 second
2192 3153 168 53 poème

408 3201 345 54 symphonique
784 3203 191 54 Cyrano
1016 3204 54 40 de
1104 3205 232 55 Bergerac
1343 3239 7 8 .
1393 3206 118 42 Mais
1557 3208 37 40 si
1631 3208 40 53 je
1696 3209 70 41 dis
1793 3222 88 42 que
1920 3212 115 41 dans
2078 3213 41 40 le
2143 3215 215 52 premier,

404 3262 221 40 consacré
651 3275 81 41 par
755 3264 62 39 M.
849 3264 204 41 Fœrster
1093 3266 24 39 à
1161 3279 49 27 sa
1251 3267 229 54 jeunesse,
1526 3271 73 38 Mé
1630 3270 144 41 mladi
1777 3303 10 17 ,
1833 3285 89 28 aux
1954 3275 242 41 souvenirs
2231 3276 54 41 de
2312 3290 49 27 sa

408 3321 174 42 famille
616 3332 44 31 et
691 3323 54 40 de
779 3337 49 27 sa
864 3324 141 53 mère,
1049 3326 42 53 je
1116 3334 214 35 retrouve
1372 3328 65 42 les
1463 3329 175 43 mêmes
1671 3331 276 43 blancheurs
1991 3337 185 51 pâmées
2213 3346 43 31 et
2292 3337 68 42 les

407 3383 173 41 mêmes
618 3383 190 42 besoins
830 3385 56 41 de
914 3387 237 41 tendresse
1178 3401 88 41 que
1293 3389 115 42 dans
1433 3391 100 42 Eva
1539 3426 10 17 ,
1576 3393 41 53 je
1650 3393 120 40 crois
1806 3393 110 41 bien
1940 3396 112 52 qu'il
2077 3410 57 28 ne
2160 3397 202 43 faudrait

406 3442 137 55 guère
569 3458 115 27 nous
715 3447 207 40 attendre
966 3448 24 40 à
1027 3457 189 33 trouver
1253 3450 113 42 dans
1393 3465 74 27 ces
1495 3461 153 33 autres
1684 3467 180 28 œuvres
1898 3456 56 41 de
1984 3459 239 42 correctifs
2251 3461 109 42 bien

406 3504 188 41 décisifs
634 3518 61 27 ou
740 3507 55 39 de
827 3507 230 42 variantes
1090 3511 326 43 caractérisées
1456 3514 24 40 à
1516 3522 132 33 notre
1688 3516 226 52 première
1960 3521 302 53 aperception
2304 3523 55 41 de

407 3573 118 32 cette
557 3565 326 43 individualité
917 3568 36 40 si
996 3572 342 54 sympathique.
1377 3574 34 41 Il
1450 3575 130 54 s'agit
1621 3577 135 40 dune
1794 3576 207 55 élégante
2044 3589 44 32 et
2119 3582 239 57 élégiaque

405 3626 250 41 silhouette
682 3627 221 42 musicale
926 3642 7 28 :
963 3631 200 55 quelque
1189 3633 140 43 chose
1356 3649 179 29 comme
1563 3651 62 27 un
1653 3638 263 42 Lamartine
1939 3640 114 43 dans
2079 3643 281 45 l'isolement

408 3687 108 41 d'un
536 3687 161 41 Alfred
729 3687 54 41 de
808 3688 165 56 Vigny.

458 3749 82 42 J'ai
561 3748 180 41 réservé
770 3749 62 41 M.
869 3752 168 42 Otakar
1062 3754 170 43 Ostrèil
1257 3770 118 40 pour
1406 3759 42 40 la
1477 3759 79 42 fin.
1583 3761 39 39 A
1650 3773 174 41 propos
1846 3761 55 42 de
1926 3763 194 43 celui-là
2164 3767 32 40 il
2219 3768 74 55 n'y
2333 3784 25 26 a

402 3810 143 54 qu'un
565 3809 133 55 point
728 3808 294 56 interrogatif
1050 3814 25 40 à
1108 3828 154 39 poser.
1305 3818 90 51 Qui
1417 3821 149 41 aurait
1588 3835 64 40 pu
1687 3836 198 41 augurer
1926 3824 62 41 du
2028 3826 151 42 destin
2220 3840 43 31 et
2295 3831 61 41 du
