2583 3954
1016 377 76 42 LA
1123 372 386 48 CHRONIQUE
1541 368 314 42 MUSICALE

638 422 0 0 112

559 536 196 26 morceau
784 529 95 32 tout
911 517 154 49 entier,
1095 528 98 27 sans
1226 518 431 48 accompagnement;
1687 508 126 42 mais,
1843 506 148 56 quand
2017 506 29 41 il
2067 506 101 41 était
2198 506 95 53 fini,

558 594 154 42 Garcia
733 590 184 55 frappait
945 603 59 27 un
1037 586 161 41 nouvel
1218 584 165 51 accord,
1403 594 54 39 et,
1480 586 23 37 à
1524 583 314 42 l'étonnement
1869 580 49 41 de
1945 589 96 30 tous
2073 580 59 39 les
2171 579 95 40 audi-

558 678 131 38 teurs,
712 665 57 40 les
792 663 99 39 voix
914 660 215 39 n'avaient
1152 672 71 40 pas
1246 656 121 41 dévié
1386 656 103 40 d'un
1512 664 128 46 quart
1662 655 49 39 de
1734 663 95 33 ton.
1866 670 14 21 »

613 736 199 42 Madame
836 734 174 52 Garcia,
1030 731 282 42 comédienne
1335 739 41 33 et
1394 735 122 50 poète
1533 738 188 43 surtout,
1747 740 200 41 composa
1970 726 59 41 les
2053 725 164 54 paroles
2246 724 51 40 de

558 813 226 49 beaucoup
806 807 50 41 de
886 819 230 28 morceaux
1145 805 195 41 exécutés
1362 816 76 41 par
1463 801 152 41 Marie.
1651 802 216 54 Espérons
1890 813 111 41 pour
2027 797 80 41 elle
2139 797 158 54 qu'elle

559 896 51 27 ne
643 881 208 56 participa
892 894 74 42 pas
996 889 95 44 trop
1126 884 23 34 à
1182 877 50 41 de
1268 876 185 56 puériles
1491 875 298 40 excentricités
1832 873 76 54 qui
1950 870 348 56 n'empêchèrent

558 956 123 55 point
712 955 39 39 la
785 953 216 54 gracieuse
1027 951 148 42 enfant
1203 951 51 39 de
1284 950 183 50 donner,
1489 948 72 40 dès
1587 961 44 27 ce
1655 953 209 41 moment,
1888 946 71 39 des
1983 956 178 43 preuves
2190 942 87 41 écla-

558 1037 138 32 tantes
727 1028 49 40 de
803 1040 43 27 sa
874 1025 216 40 vocation.
1119 1023 74 41 Un
1217 1022 102 50 soir,
1343 1035 52 26 en
1420 1021 239 52 Amérique
1682 1018 268 54 également,
1971 1017 80 41 elle
2073 1017 196 53 représen-

559 1102 80 41 tait
674 1100 180 41 l'enfant
887 1098 51 40 de
964 1096 126 54 Saffo
1105 1129 9 19 ,
1145 1096 157 53 l'opéra
1331 1096 50 38 de
1413 1093 172 51 Pacini,
1611 1106 75 27 sur
1712 1105 85 26 une
1825 1092 125 38 scène
1982 1103 85 40 que
2095 1088 203 53 dirigeait

557 1172 152 42 Garcia
751 1181 39 30 et
821 1176 56 35 où
902 1171 31 39 il
968 1167 248 42 conduisait
1249 1167 236 39 lui-même
1526 1164 258 41 l'orchestre.
1827 1163 59 39 La
1908 1160 312 56 prima-donna
2255 1173 42 27 se

557 1254 151 33 trouva
731 1243 200 42 enrouée.
971 1240 59 41 Ce
1065 1240 66 40 fut
1162 1239 39 40 la
1223 1238 131 55 petite
1385 1237 138 40 Marie
1546 1237 76 54 qui
1645 1244 170 32 entama
1841 1235 249 40 bravement
2112 1233 37 39 la
2171 1244 101 27 cava-

557 1319 87 41 tine
668 1329 40 28 et
731 1319 86 38 s'en
841 1317 80 39 tira
944 1328 84 27 aux
1052 1313 425 54 applaudissements
1497 1309 314 41 enthousiastes
1833 1308 57 40 du
1908 1307 147 55 public
2076 1304 218 56 stupéfait.

558 1392 140 39 Même
714 1389 75 41 fait
806 1397 59 33 est
887 1388 81 40 cité
983 1401 75 41 par
1076 1385 61 41 M.
1156 1385 117 41 Fétis
1291 1389 23 36 à
1329 1397 155 42 propos
1504 1384 128 38 d'une
1648 1380 336 56 représentation
2002 1380 51 40 de
2067 1379 14 41 1
2085 1379 193 53 'Agnese
2284 1409 10 21 :

554 1464 51 39 de
635 1464 120 47 Paër,
792 1465 21 36 à
839 1460 177 54 Naples,
1038 1464 75 47 où,
1140 1458 176 52 chargée
1338 1456 240 54 également
1599 1454 105 40 d'un
1735 1454 85 39 rôle
1842 1453 217 49 d'enfant,
2087 1449 137 40 Marie
2255 1463 43 25 se

559 1535 78 40 mit
657 1540 22 35 à
701 1534 178 39 chanter
906 1533 38 39 la
968 1531 136 55 partie
1124 1530 212 53 d'Agnèse
1357 1529 105 39 dans
1485 1528 38 39 le
1542 1528 87 39 duo
1663 1526 58 40 du
1745 1525 157 41 second
1926 1531 104 33 acte.
2062 1522 94 40 Elle
2182 1521 116 41 avait

557 1608 99 50 cinq
676 1620 76 27 ans
775 1606 127 41 alors.

611 1681 121 40 Tout
754 1693 52 26 en
827 1677 236 42 tremblant
1084 1676 159 41 devant
1277 1689 76 26 son
1387 1677 111 50 père,
1526 1672 138 41 Marie
1684 1674 96 38 n'en
1804 1670 156 40 sentait
1982 1682 73 41 pas
2078 1667 144 41 moins
2253 1680 42 27 sa

558 1766 155 41 propre
736 1751 274 56 supériorité.
1055 1750 72 39 Un
1149 1748 110 53 jour,
1296 1747 170 47 Garcia,
1502 1747 247 38 mécontent
1782 1745 52 39 de
1866 1745 38 40 la
1940 1742 122 52 façon
2092 1741 106 41 dont
2219 1740 76 39 elle

557 1826 118 41 avait
698 1825 85 54 pris
806 1839 43 25 sa
874 1825 136 49 leçon,
1041 1821 63 41 lui
1121 1821 64 41 dit
1206 1834 101 26 avec
1330 1820 38 39 la
1394 1818 255 54 brusquerie
1670 1817 224 39 inhérente
1914 1818 23 37 à
1952 1829 64 26 ses
2032 1812 232 42 habitudes
2284 1826 9 27 :

566 1915 19 21 «
618 1900 119 40 Vous
759 1910 53 28 ne
832 1910 116 26 serez
967 1893 150 55 jamais
1138 1893 163 54 qu'une
1324 1891 223 42 mauvaise
1569 1889 201 41 choriste.
1806 1906 18 19 »

613 1971 127 40 Alors
783 1968 134 41 Marie
958 1967 67 41 n'a
1061 1964 96 56 plus
1193 1977 108 42 peur
1323 1964 52 40 de
1408 1977 76 27 son
1512 1964 112 52 père,
1646 1961 78 40 elle
1747 1959 222 47 tressaille,
2001 1972 40 27 se
2065 1958 157 46 dresse,
2256 1971 41 26 se

558 2057 102 41 pose
688 2042 224 41 fièrement
942 2039 158 41 devant
1127 2037 176 52 Garcia,
1330 2048 168 28 comme
1528 2036 31 39 si
1592 2036 12 39 1
1622 2033 148 41 enfant
1799 2032 103 40 était
1936 2030 91 55 déjà
2050 2029 165 55 grande
2245 2029 52 40 de

557 2124 119 33 toute
698 2128 44 27 sa
765 2113 190 41 destinée
977 2113 144 39 future
1141 2126 9 25 :

679 2188 120 42 Cette
818 2185 221 42 mauvaise
1061 2183 198 51 choriste,
1282 2180 264 56 repart-elle,
1570 2193 104 27 aura
1698 2180 96 52 plus
1815 2178 50 39 de
1889 2178 136 39 talent
2045 2190 85 40 que
2156 2189 108 27 vous
2286 2180 7 35 !

611 2260 310 55 Compositeur
942 2258 232 51 médiocre,
1197 2265 155 31 auteur
1372 2254 128 39 d'une
1522 2253 128 39 Mort
1679 2251 58 40 du
1767 2251 132 40 Tasse
1907 2282 9 19 ,
1940 2249 119 53 jouée
2078 2263 98 27 sans
2199 2262 72 26 suc-

555 2338 68 38 cès
641 2340 22 35 à
685 2330 425 57 l'Opéra-Français,
1135 2329 102 41 salle
1263 2326 203 51 Louvois,
1486 2325 173 47 Garcia,
1679 2324 99 39 bien
1795 2337 85 40 que
1902 2323 212 40 chanteur
2135 2320 159 51 habile,

558 2408 107 40 mais
686 2408 187 39 abusant
902 2414 97 44 trop
1019 2404 72 39 des
1126 2401 233 50 fioritures,
1382 2408 150 33 acteur
1554 2397 232 54 énergique
1817 2404 188 43 surtout,
2029 2409 105 28 aura
2161 2395 75 53 dû,
2261 2396 36 38 le

557 2481 76 41 fait
654 2480 107 41 n'est
785 2493 74 40 pas
877 2476 275 51 contestable,
1174 2481 23 35 à
1218 2488 44 26 sa
1286 2474 85 40 fille
1386 2486 76 27 son
1486 2472 99 54 plus
1607 2471 105 39 beau
1735 2470 98 40 titre
1855 2470 49 39 de
1924 2469 149 53 gloire.
2096 2472 117 36 Avec
2236 2481 61 27 un

558 2556 212 40 caractère
792 2552 33 40 si
848 2551 191 53 emporté
1061 2550 131 39 d'une
1213 2555 106 47 part,
1347 2546 48 39 de
1416 2546 152 38 l'autre
1590 2544 34 39 si
1645 2541 337 56 prime-sautier,
2008 2541 59 39 les
2091 2540 206 40 brouilles

559 2629 144 39 furent
721 2625 262 53 fréquentes,
1004 2630 172 33 surtout
1197 2621 170 52 lorsque
1390 2617 136 41 Marie
1546 2626 74 31 eut
1640 2615 183 54 conquis
1843 2612 116 42 enfin
1978 2627 76 27 son
2083 2613 184 54 indépen-

558 2700 146 40 dance.
745 2698 114 40 Leur
881 2693 322 44 réconciliation
1227 2706 42 27 se
1289 2691 218 56 produisit
1531 2704 57 25 un
1612 2688 95 54 jour
1726 2701 74 27 sur
1819 2687 39 41 la
1886 2691 140 47 scène,
2050 2691 22 34 à
2095 2687 198 53 l'Opéra-

563 2772 152 41 Italien
741 2771 51 39 de
813 2770 136 50 Paris,
968 2768 107 40 dans
1094 2768 71 38 des
1187 2766 313 39 circonstances
1522 2761 240 54 également
1791 2758 257 42 honorables
2071 2772 109 41 pour
2200 2768 97 31 tous

558 2845 127 39 deux.
710 2842 60 41 Ce
792 2842 64 41 fut
882 2839 355 42 l'enthousiasme
1259 2837 104 39 d'un
1386 2836 144 39 succès
1550 2846 207 28 commun
1778 2832 75 54 qui
1879 2832 58 40 les
1960 2831 127 54 rejeta
2110 2833 105 38 dans
2238 2832 59 39 les

561 2918 96 38 bras
680 2916 90 39 l'un
795 2914 51 40 de
873 2914 165 40 l'autre.
1069 2912 54 39 Ils
1145 2909 171 41 avaient
1344 2909 65 38 été
1436 2907 240 53 également
1696 2904 208 41 sublimes
1921 2904 110 41 dans
2050 2904 38 41 le
2114 2905 184 54 premier

557 2997 89 32 acte
671 2985 213 50 d'Otello,
906 2994 39 32 et
967 2984 170 52 lorsque
1165 2989 62 32 cet
1249 2988 91 33 acte
1363 2979 114 52 finit,
1497 2992 55 26 on
1571 2978 64 39 vit
1663 2977 198 50 soudain,
1876 2985 131 32 avant
2029 2991 85 40 que
2137 2977 39 39 la
2198 2977 100 39 toile

558 3063 65 41 fût
642 3059 242 42 descendue
907 3065 95 34 tout
1022 3060 22 36 à
1065 3055 92 52 fait,
1176 3055 59 40 les
1254 3054 119 55 pieds
1395 3053 58 39 du
1479 3052 120 39 More
1622 3059 40 32 et
1681 3052 50 39 de
1753 3050 268 41 Desdemona
2041 3063 41 27 se
2102 3049 196 55 déplacer

558 3133 358 40 simultanément
936 3139 41 32 et
996 3140 230 42 converger
1248 3139 92 27 vers
1363 3125 37 40 le
1422 3125 139 40 même
1585 3123 125 56 point
1730 3124 50 39 de
1801 3123 210 53 jonction.
2030 3121 71 41 On
2126 3121 172 54 rappela

559 3208 59 39 les
637 3206 114 40 deux
773 3204 153 55 grands
949 3203 186 48 artistes,
1157 3209 40 32 et
1220 3199 137 40 Marie
1378 3199 200 53 reparaît,
1611 3196 40 41 la
1686 3195 137 55 figure
1853 3209 154 28 encore
2032 3194 266 42 barbouillée

561 3279 50 39 de
641 3278 364 40 l'embrassement
1027 3275 48 41 de
1098 3271 225 43 l'Atricain
1344 3270 207 56 postiche.

621 3351 64 40 De
705 3364 64 27 ses
789 3350 221 51 douleurs,
1035 3347 50 41 de
1105 3361 63 27 ses
1198 3346 116 53 joies,
1333 3345 50 41 de
1405 3358 64 26 ses
1490 3354 197 38 terreurs,
1715 3344 135 40 Marie
1875 3342 232 51 Malibran,
2129 3354 168 28 comme
