2583 3954
1087 359 190 44 VARIA

1991 361 76 51 143

950 688 501 57 NOUVELLES

551 917 95 26 ARTS.
735 903 145 51 Opéra.
969 904 54 36 M.
1052 901 229 48 Halanzier,
1298 908 258 39 assure-t-on,
1582 908 59 28 est
1662 901 135 36 décidé
1820 903 19 33 à
1861 900 217 49 inaugurer

552 967 36 36 le
611 964 146 39 nouvel
780 964 132 49 Opéra
931 976 70 37 par
1019 962 37 38 la
1077 962 149 50 reprise
1248 962 47 37 de
1318 961 36 36 la
1372 960 130 38 Juive.
1518 961 152 36 Jeanne
1685 961 112 36 Darc
1802 990 9 19 ,
1825 960 47 36 de
1890 962 87 35 Mer
1982 973 36 23 m
2025 968 52 40 et,

553 1028 120 37 serait
710 1027 37 36 la
790 1025 171 37 seconde
991 1024 113 50 pièce
1140 1023 115 49 jouée
1294 1034 68 26 sur
1400 1028 115 30 notre
1551 1020 189 38 nouvelle
1777 1020 215 38 Académie
2031 1021 47 37 de

552 1089 201 47 musique.

440 1202 305 39 Mademoiselle
770 1201 149 37 Rosine
943 1199 129 38 Bloch
1094 1208 60 29 est
1172 1199 219 49 réengagée
1411 1201 22 35 à
1453 1197 159 51 l'Opéra
1633 1209 102 37 pour
1756 1197 106 37 deux
1889 1209 85 27 ans.

446 1327 54 38 M.
522 1324 161 39 Achard
703 1324 82 37 fera
811 1335 42 25 sa
875 1323 160 38 rentrée
1058 1321 139 39 l'hiver
1218 1321 195 50 prochain
1435 1322 100 36 dans
1559 1321 173 49 Edgard,
1752 1321 47 36 de
1821 1320 133 39 Lucie.

376 1436 176 36 Italiens.
646 1431 290 40 L'association
971 1432 47 37 de
1054 1432 57 39 M.
1142 1430 227 47 Strakosch,
1401 1430 201 38 directeur
1636 1432 53 34 du
1721 1427 355 49 Théâtre-Italien,

326 1507 95 26 avec
442 1495 265 50 l'imprésario
731 1505 111 25 russe
867 1494 54 35 M.
946 1491 172 49 Merelli,
1136 1504 41 24 se
1195 1491 173 37 termine
1387 1492 36 36 le
1449 1504 10 24 i
1468 1500 30 17 er
1516 1491 239 49 septembre.

378 1556 90 38 Elle
489 1569 49 25 ne
561 1568 86 25 sera
667 1568 70 36 pas
760 1554 256 38 renouvelée.

446 1679 56 37 La
526 1680 132 36 Lucca
684 1677 120 37 serait
832 1676 172 48 engagée
1026 1687 70 37 par
1127 1675 55 37 M.
1208 1674 216 38 Strakosch
1446 1686 104 37 pour
1574 1686 79 25 une
1676 1673 102 38 série
1799 1672 47 38 de
1867 1671 188 50 représen-

334 1740 163 39 tations.

445 1843 304 39 Mademoiselle
783 1842 200 37 Heilbron
1018 1849 39 29 et
1093 1841 55 37 M.
1172 1839 236 39 Benfratelli
1447 1848 72 29 ont
1553 1840 72 37 fait
1670 1838 257 50 aujourd'hui
1966 1838 110 37 leurs

328 1906 147 38 adieux
489 1918 51 24 au
560 1905 135 49 public
715 1904 188 50 parisien,
925 1904 98 36 dans
1042 1902 39 36 la
1101 1901 192 39 Traviata
1300 1933 7 9 .
1334 1903 54 36 La
1403 1900 219 38 fermeture
1644 1900 53 37 du
1714 1900 155 37 théâtre
1891 1907 61 30 est
1978 1898 100 38 fixée

327 1979 52 25 au
415 1968 17 36 5
475 1966 92 38 mai.

380 2094 351 52 Opéra-Comique
735 2124 9 10 .
837 2094 32 37 Il
891 2101 58 30 est
969 2093 191 49 question
1181 2095 21 34 à
1225 2104 43 25 ce
1289 2092 155 37 théâtre
1465 2092 120 36 d'une
1606 2090 220 50 prochaine
1858 2090 149 50 reprise
2031 2090 47 38 de

328 2156 278 38 Lalla-Roukh
627 2168 94 25 avec
743 2154 301 38 mademoiselle
1069 2153 122 48 Dalti,
1215 2154 103 38 MM.
1345 2152 144 37 Lhérie
1516 2160 38 29 et
1578 2152 304 37 Melchissédec.

456 2269 78 35 Les
573 2267 127 37 Noces
741 2266 47 37 de
825 2266 155 51 Figaro
1014 2272 98 31 vont
1143 2264 216 49 reparaître
1397 2277 94 24 sous
1521 2276 76 36 peu
1632 2267 21 33 à
1688 2263 388 49 i'Opéra-Comique,

330 2330 185 36 Madame
539 2328 201 38 Carvalho
767 2328 127 49 prend
922 2327 36 36 le
981 2327 84 37 rôle
1096 2327 47 36 de
1166 2326 36 37 la
1230 2334 199 29 comtesse
1456 2333 38 30 et
1514 2326 240 36 abandonne
1777 2325 102 37 celui
1904 2325 46 36 de
1973 2325 79 36 Ché-

328 2391 135 47 rubin,
484 2390 69 48 qui
593 2389 150 37 servira
781 2389 47 36 de
860 2388 124 36 début
1017 2391 20 33 à
1069 2387 302 37 mademoiselle
1399 2389 166 37 Breton.
1606 2386 304 37 Mademoiselle
1947 2386 131 36 Priola

328 2451 191 36 chantera
545 2450 36 36 le
603 2450 83 36 rôle
709 2450 47 35 de
780 2449 200 37 Suzanne.
1004 2449 54 35 M.
1085 2447 291 38 Melchissédec
1396 2455 40 29 et
1458 2448 57 37 M,
1541 2446 146 49 Bouhy
1707 2453 241 31 conservent
1973 2445 105 38 leurs

327 2512 165 37 anciens
514 2511 186 49 emplois,
720 2511 55 36 du
798 2517 133 30 comte
954 2516 39 30 et
1011 2509 47 36 de
1081 2509 158 49 Figaro.

382 2633 199 38 Châîelet.
679 2634 56 37 M.
767 2630 126 39 Louis
929 2630 108 37 Herz
1067 2628 248 39 succéderait
1344 2632 22 34 à
1398 2629 55 36 M.
1482 2627 174 39 Hostein
1691 2641 50 25 au
1782 2627 189 39 Ghâtelet
2005 2640 7 26 :
2050 2630 26 36 il

329 2707 185 26 annonce
534 2707 73 25 son
629 2693 204 38 intention
856 2693 47 36 de
927 2693 157 36 donner
1103 2691 35 36 le
1170 2704 10 24 i
1190 2700 28 17 er
1238 2690 225 50 septembre
1486 2690 193 48 prochain
1702 2703 55 24 un
1785 2690 147 37 nouvel
1956 2691 121 48 opéra

329 2758 47 36 de
400 2758 56 36 M.
482 2756 145 47 Massé,
647 2754 105 39 Paul
771 2761 37 31 et
837 2754 183 51 Virginie
1025 2783 9 17 ,
1057 2754 100 37 dont
1178 2765 54 25 on
1259 2751 105 40 avait
1384 2751 109 50 parlé
1515 2751 195 37 autrefois
1731 2763 105 38 pour
1857 2752 158 49 Capoul
2038 2759 39 30 et

329 2818 183 36 madame
538 2816 118 39 Patti.

447 2939 169 50 L'opéra
637 2939 43 47 (?)
700 2939 47 36 de
774 2940 54 37 M.
849 2935 152 51 Litolff,
1032 2937 38 38 la
1096 2936 115 38 Belle
1230 2948 51 26 au
1304 2935 83 38 bois
1408 2935 185 37 dormant
1599 2966 7 18 ,
1628 2947 22 25 a
1670 2935 173 37 terminé
1872 2946 39 26 sa
1933 2942 139 30 courte

327 3002 171 39 carrière
516 3013 9 37 ;
548 3012 53 26 on
623 3000 171 49 reprend
814 3012 43 25 ce
879 3000 82 37 soir
983 3000 56 36 les
1060 2999 155 37 Pilules
1235 2998 50 36 du
1305 2996 158 38 Diable.

377 3121 393 53 Bouffes-Parisiens
776 3153 7 7 .
878 3122 65 36 On
974 3123 166 48 prépare
1179 3134 78 24 aux
1294 3118 391 39 Bouffes-Parisiens
1711 3118 38 37 la
1778 3120 148 47 reprise
1957 3118 48 35 de
2036 3117 35 36 la

326 3186 212 38 Princesse
565 3184 47 37 de
922 3195 95 25 avec
1038 3184 184 36 madame
1242 3182 118 37 Théo
1382 3182 99 36 dans
1500 3181 38 36 le
1564 3181 86 36 rôle
1678 3180 88 37 créé
1792 3191 71 37 par
1890 3179 181 36 madame

327 3248 249 43 Chaumont,
599 3253 40 30 et
660 3245 182 36 madame
867 3243 201 39 Peschard
1088 3244 99 37 dans
1207 3243 105 39 celui
1333 3244 48 36 de
1402 3241 301 38 mademoiselle
1726 3239 213 49 VanghelL

437 3366 304 41 Mademoiselle
761 3365 215 52 Bagatelle
978 3395 8 19 ,
1015 3366 179 48 opérette
1215 3366 48 37 de
1296 3365 81 38 MM
1385 3391 8 11 O
1421 3364 147 36 Ernest
1589 3362 119 38 Blum.
1736 3370 38 30 et
1799 3363 154 37 Hector
1976 3362 96 38 Gré-
