2583 3954
535 392 77 40 138

987 398 77 41 LA
1095 398 384 52 CHRONIQUE
1512 403 313 45 MUSICALE

577 545 34 41 5.
718 548 422 39 BOUFFES-PARISIENS.
1187 553 203 38 Première
1427 558 321 47 représentation
1773 571 8 26 :
1816 562 60 37 Le
1919 563 110 38 Tour
2068 565 47 37 de
2152 568 90 37 Mou-

526 605 109 48 linet,
659 609 180 47 opérette
855 620 50 24 en
925 621 53 23 un
1004 618 106 41 acte,
1134 612 158 49 paroles
1320 615 47 37 de
1396 616 57 40 M.
1481 619 98 37 Paul
1595 621 176 50 Avenel,
1794 624 186 48 musique
1997 628 47 35 de
2068 629 56 36 M.
2149 629 98 38 Char-

522 666 59 37 les
605 667 183 39 Hubans.
812 667 134 46 (Cette
964 670 112 48 pièce
1114 680 60 29 est
1204 673 160 39 donnée
1397 689 50 25 en
1484 680 175 48 quelque
1697 690 109 29 sorte
1833 685 358 51 subrepticement,
2216 701 54 25 un

522 724 233 50 dimanche,
795 727 13 37 1
825 727 143 39 affiche
1007 742 51 25 ne
1096 741 165 39 portant
1296 736 115 49 point
1441 738 35 37 la
1513 742 184 37 mention
1717 755 8 26 :
1745 760 18 15 «
1786 745 203 38 Première
2023 748 226 49 représenta-

521 788 100 45 tion,
647 804 16 14 »
695 793 34 30 et
759 788 217 49 indiquant
999 804 50 24 au
1072 797 214 47 contraire,
1319 807 139 29 contre
1487 800 166 53 l'usage,
1677 803 58 38 les
1761 817 116 27 noms
1915 808 69 37 des
2011 818 180 31 auteurs.

522 846 362 42 FOLIES-BERGÈRE.
933 853 203 38 Première
1178 858 321 48 représentation
1533 873 8 25 :
1579 864 58 37 Le
1668 865 124 37 Menu
1823 866 47 37 de
1905 868 220 52 Georgette
2136 899 9 20 ,
2181 872 67 48 opé-

520 915 101 30 rette
642 920 49 25 en
727 922 54 24 un
813 920 100 40 acte,
938 916 158 46 paroles
1129 917 47 37 de
1202 920 56 38 M.
1303 920 160 38 Gabriel
1496 924 140 50 Ferry,
1658 927 186 49 musique
1872 929 49 37 de
1943 931 56 38 M.
2027 931 235 42 Desormes.

597 971 144 36 EGLISE
770 972 320 42 SAINT-NICOLAS
1112 991 52 24 DU
1187 980 284 39 CHARDONNET.
1500 986 203 37 Première
1728 990 215 36 exécution
1975 992 120 37 d'une
2133 1006 130 26 messe

518 1030 204 49 nouvelle,
741 1044 92 26 avec
855 1046 127 36 orgue
1005 1044 39 28 et
1067 1037 221 50 orchestre,
1310 1040 48 36 de
1373 1043 55 34 M.
1461 1043 171 38 Charles
1653 1047 181 48 Magner,
1858 1051 143 36 maître
2020 1052 47 37 de
2089 1053 181 48 chapelle

517 1093 48 34 de
604 1100 102 29 cette
745 1093 134 49 église.
1000 1098 241 49 Apparition
1289 1101 52 36 du
1395 1114 175 37 premier
1598 1108 171 37 numéro
1791 1109 70 37 des

539 1151 192 49 malades,
732 1167 13 21 «
769 1155 124 48 petite
916 1167 119 27 revue
1071 1159 288 39 bi-mensuelle
1380 1162 48 37 de
1448 1165 170 48 critique
1653 1169 191 38 musicale
1876 1188 17 15 »
1918 1184 70 37 par
2007 1173 140 38 Alexis
2164 1175 78 38 Aze-

515 1213 118 38 vedo.

689 1311 235 38 BRUXELLES
962 1312 124 50 (Salle
1106 1314 49 38 de
1174 1315 37 37 la
1237 1316 442 52 Grande-Harmonie).
1707 1324 205 39 Première
1928 1327 215 39 exécution

513 1372 174 37 Dernier
701 1374 148 47 Rayon
877 1374 47 37 de
943 1374 127 51 soleil,
1103 1378 195 49 oratorio,
1335 1385 144 45 poème
1510 1383 47 37 de
1581 1386 56 38 M.
1667 1386 90 39 Em.
1783 1387 111 46 Hiel,
1923 1390 188 43 musique
2142 1392 48 37 de
2211 1394 47 39 G.

517 1433 191 39 Huberti.

567 1537 37 39 8.
706 1538 470 47 FOLIES-DRAMATIQUES.
1286 1557 71 35 411
1367 1552 13 16 E
1401 1555 38 29 et
1467 1548 182 39 dernière
1677 1552 324 49 représentation
2022 1556 48 37 de
2095 1557 38 36 la
2152 1557 110 38 Fille

517 1599 48 37 de
586 1601 184 36 madame
786 1602 150 51 Angot.
960 1603 102 45 (Fait
1077 1616 90 25 sans
1188 1608 181 48 exemple
1386 1609 99 37 dans
1503 1609 57 39 les
1581 1612 166 38 annales
1767 1615 52 35 du
1841 1613 154 41 théâtre
2015 1628 49 26 en
2086 1618 172 50 France,

520 1667 39 29 et
573 1660 309 48 probablement
901 1661 98 39 dans
1019 1663 34 37 le
1070 1665 148 38 monde
1246 1668 148 49 entier,
1429 1670 24 35 d
1471 1682 79 25 une
1589 1672 112 48 pièce
1734 1675 115 50 jouée

515 1721 86 48 fois
606 1750 9 16 ,
638 1733 19 24 c
675 1722 198 36 est-à-dire
892 1725 176 46 pendant
1096 1725 122 38 treize
1240 1728 103 36 mois
1372 1736 39 30 et
1449 1730 121 48 demi,
1606 1744 90 25 sans
1724 1747 73 25 une
1832 1736 109 37 seule
1971 1738 287 50 interruption.

522 1780 64 36 On
624 1794 137 24 assure
783 1794 53 36 qu
852 1786 21 33 à
910 1792 104 28 cette
1051 1786 185 38 dernièie
1265 1791 322 46 représentation
1618 1794 40 35 la
1693 1796 31 34 L
1735 1795 69 37 ille
1841 1797 47 37 de
1921 1799 184 38 madame
2124 1801 137 51 Angot

516 1841 174 36 réalisait
713 1853 142 27 encore
878 1856 79 24 une
977 1853 149 29 recette
1147 1848 50 36 de
1217 1848 91 48 plus
1327 1849 49 37 de
1401 1851 117 38 3.500
1536 1852 160 48 francs.)

567 1964 57 24 11.
731 1954 458 47 FOLIES-DRAMATIQUES.
1207 1982 46 3 —
1280 1960 204 39 Première
1524 1965 320 48 représentation
1866 1969 47 37 de
1936 1970 37 37 la

513 2012 200 46 bonnaise,
746 2015 334 50 opéra-comique
1110 2030 50 24 en
1184 2020 99 36 trois
1315 2029 122 39 actes,
1458 2025 159 45 paroles
1644 2026 48 37 de
1717 2027 103 40 MM.
1866 2030 147 38 Ernest
2051 2034 200 36 Dubreuil

510 2081 38 29 et
573 2074 128 37 Hiînri
724 2076 238 39 Chabrillat.
987 2078 187 50 musique
1194 2081 51 36 de
1272 2083 54 34 M.
1344 2083 211 38 Coedès.—
1562 2087 237 39 ELDORADO.
1829 2092 205 38 Première
2050 2096 181 47 représen-

510 2134 129 37 tation
663 2147 8 25 :
696 2135 35 36 le
746 2136 194 53 Mariage
968 2150 51 25 au
1033 2139 213 51 flageolet,
1282 2144 180 47 opérette
1499 2157 49 25 en
1580 2159 56 24 un
1664 2158 99 39 acte,
1804 2153 158 46 paroles
1985 2154 46 36 de
2064 2157 104 37 MM.
2203 2158 43 36 G.

510 2194 142 36 Perrin
672 2204 38 28 et
736 2196 50 36 H.
813 2197 175 49 Paliard,
1013 2211 186 37 musique
1222 2203 47 35 de
1293 2204 55 35 M.
1371 2204 169 38 Charles
1557 2208 174 39 Malo.—
1749 2210 168 38 SOCIÉTÉ
1941 2215 234 38 NATIONALE
2204 2230 47 25 DE

505 2266 182 32 MUSIQUE.
708 2256 61 37 35«
789 2258 184 37 audition
997 2263 107 42 (avec
1136 2262 236 51 orchestre),
1404 2266 99 37 dans
1524 2267 173 50 laquelle
1715 2283 52 24 on
1785 2274 160 45 entend,
1971 2284 113 29 entre
2112 2286 136 30 autres

505 2326 160 26 œuvres
691 2317 172 38 inédites
887 2331 7 26 :
933 2332 19 24 2
958 2328 13 17 E
1011 2331 189 29 concerto
1235 2336 104 35 pour
1372 2327 137 48 piano,
1533 2330 47 35 de
1603 2331 56 38 M.
1691 2331 177 51 Georges
1899 2335 178 49 Pfeiffer;
2101 2340 148 37 Poème

505 2384 214 38 nocturne,
756 2378 48 37 de
844 2380 54 38 M.
941 2382 141 49 Flenry
1126 2384 160 48 Duparc
1303 2402 8 32 ;
1338 2387 250 40 Concertino
1611 2403 104 36 pour
1745 2393 98 50 alto,
1867 2396 48 36 de
1940 2397 59 37 M.
2025 2369 228 79 J.'Garcin;

505 2437 113 37 Suite
639 2439 311 49 symphonique,
978 2441 47 37 de
1054 2444 55 35 M.
1142 2444 168 39 Charles
1341 2448 211 49 Lefebvre;
1580 2450 280 41 l'lncarnation
1896 2457 47 36 de
1975 2458 118 38 Jésus
2131 2460 100 50 (frag-

505 2507 111 27 ment
647 2500 48 35 de
718 2500 37 37 la
772 2500 213 39 deuxième
1011 2504 156 48 partie),
1189 2510 191 46 mystère,
1404 2510 158 47 paroles
1581 2512 49 37 de
1651 2515 56 37 M.
1730 2515 131 37 Emile
1884 2517 148 50 Cécile,
2058 2523 189 49 musique

503 2559 49 36 de
593 2561 54 34 M.
690 2561 217 38 Maréchal.
1001 2564 192 37 ATHÉNÉE
1214 2567 112 44 (dans
1355 2581 56 24 un
1452 2581 168 28 concert
1656 2586 51 24 au
1739 2576 178 39 bénéfice
1956 2581 48 36 de
2035 2582 56 36 M.
2131 2584 115 38 Jules

506 2619 155 48 Ruelle,
681 2620 144 37 ancien
863 2623 202 38 directeur
1091 2625 49 37 de
1175 2638 43 26 ce
1244 2627 188 52 théâtre).
1470 2632 203 38 Première
1703 2636 183 38 audition
1903 2648 6 27 :
1937 2639 62 37 La
2017 2642 149 38 Ferme
2200 2644 48 37 de

518 2680 75 36 Mu
696 2693 86 37 amar,
783 2684 150 48 opérette
973 2697 50 25 en
1051 2698 55 24 un
1146 2697 99 35 acte,
1267 2690 158 48 paroles
1463 2693 49 37 de
1533 2694 38 36 M
1678 2726 9 18 ,
1724 2698 186 48 musique
1932 2700 48 37 de
2003 2703 56 38 M.
2093 2703 37 37 le
2152 2717 73 25 mar-

502 2741 91 48 quis
607 2741 185 41 d'Aoust.

557 2851 54 25 12.
715 2841 127 37 SALLE
866 2843 149 36 ERARD.
1043 2845 204 38 Première
1265 2848 187 38 audition
1474 2860 6 26 :

505 2902 179 46 saynète,
709 2901 156 48 paroles
879 2910 38 29 et
936 2904 187 49 musique
1145 2906 48 37 de
1216 2907 54 36 M.
1300 2909 189 38 Edmond
1510 2910 214 43 Lhuillier.

554 2998 57 39 15.
717 3000 231 38 ELDORADO.
986 3003 203 39 Première
1214 3006 324 49 représentation
1562 3019 8 27 :
1614 3012 117 38 Trois
1750 3014 187 41 Pistolets
1966 3019 97 38 dans
2092 3022 37 36 le
2161 3024 69 37 dos

499 3058 181 50 opérette
700 3071 48 24 en
761 3071 56 26 un
832 3069 99 39 acte,
945 3062 158 49 paroles
1122 3065 48 35 de
1187 3066 55 36 M.
1495 3069 154 52 Duché,
1665 3074 186 49 musique
1866 3078 48 36 de
1933 3080 56 37 M.
2003 3079 147 52 Guyon
2167 3055 76 68 fils.'

553 3170 58 37 16.
714 3173 367 39 FOLIES-BERGÈRE.
1120 3177 205 38 Première
1363 3182 324 45 représentation
1714 3196 7 26 :

497 3227 325 41 divertissement
846 3244 50 25 en
925 3245 56 24 un
1002 3241 99 42 acte,
1127 3235 48 38 de
1204 3238 40 34 M
1250 3245 41 18 me
1310 3238 233 50 Mariquita,
1566 3244 188 49 musique
1772 3246 48 37 de
1842 3248 54 35 M.
1921 3249 152 39 Olivier
2093 3224 153 67 Métra!

553 3339 11 23 l
573 3339 37 36 -
715 3329 150 38 OPÉRA.
892 3332 134 36 Début
1046 3334 48 36 de
1117 3334 303 39 mademoiselle
1454 3339 202 51 Fouquet,
1693 3343 109 37 elève
1833 3346 51 36 du
1917 3347 311 43 Conservatoire

525 3404 71 24 ans
618 3394 36 35 le
677 3394 83 37 rôle
780 3396 48 36 de
845 3398 207 48 Mathilde,
1072 3400 48 36 de
1795 3400 230 39 Guillaume
