2583 3954
596 1043 310 69 REVUE
960 1043 165 69 DES
1181 1026 497 86 THÉATRES
1737 1035 476 86 LYRIQUES

526 1458 121 33 OPÉRA
671 1469 6 20 :
706 1456 120 33 Début
847 1456 43 32 de
915 1454 274 34 mademoiselle
1210 1455 166 43 Fouquet
1397 1455 91 31 dans
1509 1453 206 32 Guillaume
1739 1451 91 33 Tell.
1919 1450 321 38 OPÉRA-COMIQUE

568 1518 153 43 Reprise
744 1517 44 33 de
812 1517 174 33 Joconde.
1068 1516 47 32 M.
1139 1516 143 41 Bouhy,
1304 1513 274 34 mademoiselle
1604 1513 166 42 Chapuy.
1855 1510 116 33 Gilles
1992 1515 33 28 et
2045 1510 156 33 Gillotin
2228 1510 44 32 de

568 1580 48 31 M.
636 1578 192 33 Ambroise
848 1578 176 32 Thomas.
1117 1576 86 33 MM.
1228 1576 142 41 Ismaël,
1391 1576 132 40 Neveu,
1546 1573 170 43 Thierry.
1739 1571 271 33 Mademoiselle
2032 1571 168 33 Ducasse.

959 1760 82 27 OICI
1064 1745 154 40 l'hiver
1239 1745 77 53 qui
1338 1744 186 40 s'envole
1551 1747 22 36 à
1603 1743 80 40 tire
1705 1742 139 51 d'aile,
1871 1749 95 32 tout
1999 1741 192 40 honteux
2221 1741 50 39 de

958 1833 63 26 ses
1062 1818 148 40 frimas
1245 1826 40 31 et
1321 1816 49 40 de
1404 1830 64 25 ses
1497 1816 155 54 pluies.
1685 1814 123 42 Voici
1844 1814 37 40 le
1914 1814 242 54 printemps
2190 1813 77 54 qui

955 1892 134 47 vient,
1109 1898 165 33 semant
1293 1903 74 26 sur
1388 1889 37 40 le
1448 1889 60 40 sol
1523 1888 93 40 hier
1634 1887 155 51 désolé,
1809 1900 77 27 son
1902 1896 203 31 manteau
2123 1886 144 41 fleuri.

1128 2006 206 35 Gracieux
1357 2011 124 42 temps
1503 2010 60 30 est
1581 2002 130 50 quand
1728 2002 127 37 rosier
1866 2001 166 50 fleurist

1270 2066 56 35 Et
1354 2064 170 37 reverdit
1552 2063 141 37 rosier.

522 2167 23 26 a
566 2153 64 40 dit
650 2153 222 40 Jehannot
892 2153 52 39 de
968 2152 215 41 Lescurel.

576 2225 156 49 Adieu,,
765 2226 57 40 les
854 2225 155 54 grands
1044 2225 205 41 Concerts
1286 2234 40 30 et
1368 2225 40 40 la
1449 2223 258 55 symphonie
1747 2221 207 54 profonde
1973 2225 7 36 !
2018 2220 161 48 Adieu,
2212 2220 59 40 les

522 2298 252 40 solennelles
802 2297 180 55 reprises
1012 2305 40 32 et
1079 2296 57 40 les
1159 2296 362 54 représentations
1548 2295 255 55 premières!
1841 2294 124 39 Place
1993 2298 22 35 à
2049 2293 39 40 la
2116 2301 156 32 nature

521 2371 311 40 endimanchée
860 2370 78 53 qui
961 2383 41 26 se
1023 2369 170 40 réveille
1218 2383 52 26 en
1294 2377 191 43 sursaut,
1507 2378 39 31 et
1575 2382 41 26 se
1637 2380 150 41 campe
1810 2373 96 33 tout
1932 2371 20 35 à
1979 2380 111 40 coup
2111 2380 53 26 au
2189 2374 65 32 tra-

520 2457 94 27 vers
634 2444 51 39 de
706 2444 40 39 la
763 2443 66 40 vie
853 2442 237 41 artificielle
1111 2442 77 54 qui
1211 2441 238 54 enjambait
1470 2455 75 27 sur
1567 2455 63 26 ses
1656 2440 150 41 droits!

574 2519 148 38 Avant
741 2517 51 40 de
821 2529 42 28 se
890 2515 201 41 refermer
1120 2515 350 54 complètement,
1493 2514 40 41 la
1565 2514 143 40 saison
1735 2514 210 40 musicale
1968 2513 125 41 laisse
2123 2526 151 27 encore

521 2590 168 40 tomber
722 2589 209 53 quelques
973 2590 164 38 bonnes
1169 2588 164 40 heures.
1375 2589 59 39 La
1467 2588 144 53 lampe
1648 2594 210 47 retrempe
1891 2601 44 26 sa
1968 2586 176 40 flamme
2174 2589 23 36 à
2228 2599 43 26 sa

519 2662 193 40 dernière
742 2670 148 45 goutte
920 2662 177 54 d'huile,
1128 2670 40 32 et
1201 2675 42 27 se
1272 2670 144 32 meurt
1447 2660 264 40 d'inanition
1737 2673 52 27 en
1824 2658 136 55 jetant
1994 2673 77 27 son
2103 2658 167 41 dernier

519 2736 150 54 soupir
689 2736 106 40 dans
820 2750 43 26 sa
884 2735 195 41 dernière
1100 2736 142 41 lueur.
1270 2735 61 40 La
1353 2733 237 55 quinzaine
1611 2732 77 55 qui
1710 2732 121 41 vient
1858 2733 49 40 de
1935 2733 203 40 s'écouler
2160 2747 22 26 a
2205 2734 64 39 été

517 2809 299 41 relativement
838 2809 154 53 agitée,
1015 2808 34 40 si
1076 2808 88 40 l'on
1185 2808 222 40 considère
1433 2806 156 54 qu'elle
1611 2820 23 26 a
1655 2806 107 40 livré
1784 2820 55 26 au
1884 2807 137 52 grand
2040 2805 97 55 jour
2159 2806 51 40 de
2231 2806 39 40 la

519 2883 209 52 publicité
764 2883 37 39 le
840 2896 104 26 nom
982 2883 49 39 de
1068 2881 316 41 mademoiselle
1412 2881 165 40 Jeanne
1620 2879 226 55 Fouquet,
1871 2880 77 55 qui
1989 2894 21 25 a
2051 2880 159 40 débuté
2246 2884 23 35 à

517 2954 174 54 l'Opéra
724 2954 106 39 dans
865 2953 254 41 Guillaume
1157 2954 131 50 Tell;
1327 2952 41 40 la
1410 2952 159 54 reprise
1609 2953 51 39 de
1696 2952 197 41 Joconde
1910 2968 9 33 ;
1970 2954 37 38 le
2051 2953 142 39 Gilles
2231 2957 40 34 et

523 3027 186 40 Gillotin
717 3059 9 20 ,
749 3027 271 39 d'Ambroise
1042 3027 217 52 Thomas;
1285 3027 38 38 la
1352 3025 261 40 translation
1635 3025 51 40 de
1707 3025 39 40 la
1776 3034 154 45 troupe
1952 3025 49 40 de
2024 3026 39 39 la
2088 3025 157 39 Renais-

517 3115 128 28 sance
667 3114 84 28 aux
778 3099 409 41 Bouffes-Parisiens
1204 3114 9 33 ;
1237 3099 39 40 la
1297 3099 162 54 reprise
1479 3099 50 39 de
1550 3098 39 40 la
1610 3098 235 41 Périchole
1851 3131 8 19 ,
1885 3113 83 25 aux
1991 3098 189 41 Variétés
2199 3112 9 38 ;
2231 3107 40 33 et

516 3174 116 42 enfin
673 3175 58 40 les
773 3174 111 40 Cent
922 3173 121 39 mille
1070 3172 167 53 francs
1275 3182 40 29 et
1350 3185 70 26 ma
1455 3172 96 50 fille
1557 3204 9 18 ,
1606 3185 100 26 avec
1738 3172 206 52 musique
1985 3171 198 40 nouvelle
2218 3173 51 39 de

517 3248 63 39 M.
604 3247 117 40 Jules
743 3246 143 54 Costé,
914 3260 85 26 aux
1019 3244 377 41 Menus-Plaisirs.
1425 3244 65 40 En
1513 3253 96 32 tout
1629 3244 100 53 ceci,
1747 3244 37 54 je
1808 3258 51 26 ne
1883 3243 259 41 m'arrêterai
2165 3244 100 54 qu'à

517 3334 45 25 ce
585 3321 75 52 qui
690 3320 202 41 intéresse
914 3319 333 40 véritablement
1274 3318 94 40 l'art
1396 3318 189 53 lyrique,
1609 3318 176 40 laissant
1805 3317 50 39 de
1886 3318 91 38 côté
2001 3316 38 40 le
2062 3318 202 52 spectacle

515 3392 72 40 des
625 3392 430 54 Bouffes-Parisiens,
1079 3392 202 54 composé
1314 3391 252 54 d'opérettes
1598 3391 96 39 bien
1729 3402 208 39 connues,
1961 3389 119 40 telles
2107 3403 84 40 que
2225 3390 37 40 la
