2641 4302
2301 3807 54 62 21

257 415 65 70 G.
354 415 65 70 G.
451 415 259 70 Nicolai:

784 419 281 86 Biologie
1100 419 246 86 unserer
1381 419 140 86 Zeit

254 524 211 45 könnten
494 525 73 45 die
593 527 337 43 wunderbaren
953 528 223 44 Aufsätze
1199 528 145 43 dieses
1368 528 613 56 unvoreingenommensten
2003 529 112 45 aller
2136 529 221 57 Biologen

254 598 197 54 heissen,
484 600 75 44 die
578 600 287 44 fortlaufend
888 602 47 42 in
958 602 81 43 der
1058 602 268 44 Zeitschrift
1362 602 87 44 Die
1478 600 172 46 Aktion
1678 603 394 57 (herausgegeben
2094 614 93 35 von
2211 604 148 43 Franz

255 671 243 55 Pfemfert,
534 674 520 57 Berlin-Wilmersdorf)
1083 675 284 45 erscheinen.

379 746 94 45 Das
499 748 256 43 Verfahren
780 748 203 44 Nicolais
1009 749 61 43 ist
1092 749 296 44 vorbildlich.
1433 749 61 43 Er
1515 750 112 55 geht
1650 750 70 43 bis
1744 762 60 31 an
1828 750 73 43 die
1925 751 230 44 äusserste
2185 750 176 45 Grenze

255 832 93 31 von
388 821 369 55 Konsequenzen
804 823 81 43 der
917 824 205 43 exakten
1155 824 522 56 Tatsachenforschung
1720 824 45 43 in
1811 825 81 43 der
1928 825 221 56 Biologie,
2185 825 94 43 und
2314 835 48 33 er

254 895 128 44 stellt
424 895 177 43 überall
639 896 108 55 fest,
786 908 73 31 wo
897 896 190 56 jenseits
1128 899 149 43 dieser
1318 898 176 44 Grenze
1534 899 82 43 das
1660 899 582 57 Selbständigkeitsgebiet
2281 900 79 43 des

255 970 252 43 Menschen
540 970 209 56 beginnt.
803 971 59 43 So
897 971 183 45 kommt
1111 984 63 43 er,
1208 984 93 32 von
1334 983 118 45 ganz
1484 972 195 44 anderer
1699 972 125 45 Seite
1852 974 81 43 her
1962 974 66 43 als
2050 974 96 53 wir,
2179 985 58 32 zu
2271 974 89 43 den

255 1042 310 44 erhabensten
607 1044 414 58 Formulierungen
1062 1046 82 43 der
1183 1046 312 43 kommenden
1536 1056 148 33 neuen
1726 1046 117 55 Zeit,
1885 1047 124 42 einer
2052 1046 187 56 Epoche
2280 1047 81 44 der

261 1116 251 57 Geistigen.

377 1190 389 57 Unwiderleglich
809 1193 159 44 starke
1005 1192 189 56 Kapitel
1224 1193 106 44 sind
1363 1193 74 54 da,
1484 1193 81 44 der
1594 1193 278 44 Abschnitt:
2171 1193 72 45 die
2280 1193 54 44 Er-

257 1265 221 55 örterung
977 1279 56 31 zu
1078 1267 148 43 denen
1270 1279 109 33 man
1428 1267 72 43 die
1531 1267 170 43 Aktion
1734 1268 451 56 beglückwünschen
2216 1279 143 33 muss.

261 1340 111 43 Hier
390 1340 100 43 eine
509 1340 271 57 zwingende
804 1342 432 56 Schlussfolgerung
1254 1353 82 32 aus
1357 1342 105 43 dem
1480 1342 99 43 Teil
1598 1342 721 55 „FreiheitundNatur-

258 1425 226 44 zwang
516 1413 103 56 (Nr.
642 1414 50 42 41
704 1411 81 62 /42
818 1416 81 43 der
931 1414 222 54 Aktion):

379 1488 90 52 „In
495 1487 105 43 dem
628 1487 182 44 kleinen
836 1489 358 44 Menschenhirn
1218 1489 158 44 wurde
1402 1489 74 44 die
1500 1501 144 44 ganze
2037 1489 324 56 nachgedacht

259 1560 97 42 und
381 1560 360 56 nachgemacht,
766 1563 96 42 und
888 1563 72 42 die
986 1563 209 43 dadurch
1219 1563 207 56 erlangte
1453 1563 202 43 Freiheit
1679 1563 84 43 hat
1787 1563 213 55 bewirkt,
2027 1564 105 43 dass
2158 1564 82 42 wir
2263 1563 98 55 „im

258 1634 192 56 eigenen
513 1634 169 45 Gesetz
973 1635 204 45 Deshalb
1235 1637 62 43 ist
1353 1637 741 56 Menschenhandlung
2150 1638 211 43 etwas

261 1708 1102 57 anderesalsNaturgeschehen,
1387 1712 97 42 und
1506 1710 193 44 deshalb
1724 1710 152 44 haben
1898 1712 83 42 wir
2003 1710 89 44 den
2113 1710 224 44 zwischen-

258 1781 347 44 menschlichen
629 1783 180 54 Kampf
826 1784 130 42 nicht
976 1784 344 43 hinzunehmen
1339 1785 84 42 wie
1442 1785 73 42 ein
1538 1784 262 44 Erdbeben.
1839 1785 150 42 Wenn
2007 1795 47 32 es
2072 1785 144 43 selbst
2234 1784 131 43 wahr

257 1858 122 40 wäre
495 1867 111 43 was,
638 1856 85 42 wie
753 1856 145 44 schon
927 1856 195 56 gezeigt,
1155 1858 130 43 nicht
1315 1858 130 43 wahr
1472 1859 62 42 ist
1651 1858 106 43 dass
1788 1869 49 32 er
1866 1858 72 43 die
1969 1858 176 56 einzige
2178 1859 187 55 Losung

258 1929 81 43 der
371 1930 218 43 Natur
619 1930 80 53 sei,
730 1929 78 43 für
841 1941 118 32 uns
991 1930 159 43 würde
1183 1931 147 42 dieser
1783 1931 118 44 doch
1934 1933 131 42 nicht
2097 1933 264 43 existieren.

261 2002 92 45 Der
380 2002 178 56 Kampf
578 2014 103 33 ums
706 2001 172 46 Dasein
901 2004 61 43 ist
984 2004 195 44 niemals
1205 2005 411 56 Entschuldigung
1636 2005 96 43 und
1757 2005 129 44 nicht
1908 2006 171 43 einmal
2101 2006 260 56 Analogon.

381 2077 259 56 Jedenfalls
658 2077 105 44 darf
779 2077 81 44 der
879 2077 180 45 Glaube
1076 2090 60 31 an
1153 2079 73 43 die
1246 2079 205 43 Freiheit
1467 2080 97 42 und
1580 2079 782 44 AllmachtdesGeistes

259 2150 131 43 nicht
415 2150 211 44 verloren
650 2151 163 55 gehen,
838 2151 96 43 und
960 2151 120 43 auch
1105 2151 138 43 heute
1269 2154 188 41 müssen
1484 2152 101 54 alle,
1612 2152 72 43 die
1708 2152 82 43 auf
1812 2152 265 56 irgendeine
2105 2154 260 54 Besserung

259 2223 178 55 hoffen,
462 2223 63 44 im
560 2225 240 43 Innersten
827 2225 382 56 überzeugt
1235 2226 114 52 sein,
1377 2226 105 43 dass
1510 2226 81 43 der
1619 2226 228 53 Geist,
1873 2226 82 43 das
1981 2226 132 44 Wort
2139 2227 180 43 mäch-

259 2298 103 56 tig
380 2310 23 32 e
423 2310 22 32 r
468 2298 63 44 sei
559 2300 67 43 als
654 2300 73 42 die
753 2300 187 43 reale
968 2300 522 44 Wirklichkeit.

381 2371 94 44 Vor
507 2372 137 43 allem
678 2372 85 56 gilt
798 2373 95 42 dies
927 2372 76 43 für
1036 2373 74 42 die
1133 2372 141 44 heute
1307 2383 51 32 so
1391 2373 211 43 verloren
1635 2372 311 44 scheinenden
1965 2373 397 56 unzeitgemässen

673 2447 111 42 Man
802 2446 83 43 hat
903 2447 144 42 etwas
1064 2447 233 53 spöttisch
1315 2457 92 33 von
1425 2446 140 43 ihnen
1583 2448 176 55 gesagt,
1776 2458 134 32 wenn
1929 2447 122 44 diese
2068 2460 117 43 paar
2199 2448 134 43 Männ-

261 2519 90 44 lein
384 2519 89 44 den
917 2521 283 53 bekämpfen
1223 2521 181 53 wollen,
1440 2532 51 32 so
1524 2523 121 41 wäre
1669 2521 100 54 das,
1805 2521 84 43 wie
1912 2532 134 33 wenn
2082 2522 73 43 ein
2191 2522 174 43 kleiner

264 2592 144 43 Hund
432 2592 102 43 eine
560 2592 346 56 dahinjagende
939 2593 588 55 Schnellzugslokomotive
1556 2593 246 44 ankläffte.
1857 2594 84 43 Die
1976 2596 135 41 führe
2141 2596 115 43 über
2282 2596 80 41 ihn

262 2667 194 53 hinweg,
487 2667 120 42 ohne
629 2677 46 32 es
696 2667 120 42 auch
838 2678 88 31 nur
950 2678 57 32 zu
1034 2667 206 43 merken.
1271 2667 187 54 Gewiss,
1480 2669 122 42 denn
1626 2669 81 42 der
1735 2669 143 43 Hund
1901 2670 187 55 verfügt
2113 2669 251 43 höchstens

263 2739 114 43 über
419 2739 73 43 ein
532 2739 267 43 Millionstel
832 2739 130 56 jener
991 2739 274 57 lebendigen
1296 2740 155 55 Kraft,
1491 2742 73 43 die
1590 2742 80 43 der
1697 2742 275 55 Schnellzug
2003 2743 46 43 in
2082 2743 96 43 sich
2214 2744 148 53 trägt;

262 2813 98 42 und
384 2823 133 32 wenn
545 2813 81 43 der
649 2814 191 42 Mensch
871 2814 152 43 nichts
1047 2814 193 43 anderes
1264 2814 190 55 könnte,
1482 2815 66 43 als
1574 2817 157 41 seinen
1760 2817 181 54 Körper
1961 2817 107 41 dem
2094 2817 268 43 drohenden

264 2885 168 46 Unheil
455 2888 415 54 entgegenwerfen,
896 2899 49 32 so
969 2890 121 41 wäre
1114 2898 46 33 es
1185 2888 119 43 auch
1330 2889 86 43 mit
1439 2889 150 43 seiner
1611 2890 160 43 Macht
1796 2890 129 43 nicht
1946 2890 109 43 weit
2078 2891 95 42 her.

381 2960 127 43 Aber
540 2960 77 43 des
650 2961 251 43 Menschen
935 2961 133 43 Wille
1100 2963 62 41 ist
1195 2961 130 43 nicht
1355 2963 250 55 gebunden
1638 2974 59 32 an
1730 2964 74 43 die
1839 2964 156 53 Kraft,
2030 2964 72 43 die
2135 2965 97 42 ihm
2263 2964 99 43 sein

267 3035 183 55 Körper
471 3045 83 32 zur
578 3034 271 57 Verfügung
869 3036 143 54 stellt,
1036 3036 202 42 sondern
1263 3048 48 30 er
1334 3036 83 45 hat
1442 3037 72 44 die
1541 3037 261 56 Fähigkeit,
1825 3037 95 45 fast
1945 3039 223 56 beliebige
2197 3039 167 49 Kräfte

262 3109 292 44 auszulösen.
596 3109 110 42 Man
732 3109 231 43 bedenke:
992 3110 114 42 Eine
1130 3110 262 56 gelockerte
1420 3111 458 45 Schienenschraube
1984 3112 96 42 und
2107 3112 72 44 die
2202 3124 160 43 ganze,

261 3182 146 45 stolze
435 3181 590 56 Schnellzugslokomotive
1050 3184 111 54 liegt
1185 3185 62 40 im
1277 3184 166 44 Staub.
1552 3185 93 43 Das
1671 3186 126 43 kann
1824 3185 105 44 kein
1960 3186 160 55 Hund,
2146 3186 111 45 aber
2280 3187 82 42 das

262 3257 127 42 kann
422 3256 73 42 ein
528 3255 207 43 Mensch.

385 3330 84 42 Die
501 3328 315 55 energetische
850 3328 322 57 Betrachtung
1203 3333 203 54 versagt,
1438 3342 70 32 wo
1541 3342 45 33 es
1618 3332 98 43 sich
1748 3344 80 31 um
1859 3332 309 57 gegenseitige
2201 3333 137 44 Beein-

262 3403 216 56 flussung
503 3413 93 33 von
621 3402 253 43 Menschen
901 3403 209 45 handelt.
1156 3405 98 44 Wir
1278 3405 165 44 wissen
1471 3416 103 44 nur,
1603 3406 105 43 dass
1736 3407 73 42 ein
1837 3407 133 43 Wort
1997 3406 251 44 unendlich
2275 3406 92 46 viel

264 3490 207 44 vermag.

384 3552 209 43 Christus
622 3551 97 43 und
749 3549 205 55 Darwin,
984 3552 177 43 Luther
1186 3553 97 42 und
1312 3553 205 43 Voltaire
1550 3553 151 45 haben
1727 3554 154 44 solche
1913 3554 156 50 Kunst
2097 3554 80 44 der
2205 3554 159 45 Worte

263 3624 207 57 gekannt
506 3626 95 41 und
636 3636 155 31 waren
827 3623 123 43 ihrer
983 3624 100 43 Zeit
1119 3626 72 43 ein
1228 3627 269 43 zündender
1534 3628 137 53 Blitz,
1710 3628 81 43 der
1825 3628 73 43 die
1933 3628 434 57 aufgespeicherten

269 3699 380 60 Energiemassen
678 3699 126 47 einer
828 3708 177 50 ganzen
1031 3698 124 48 Welt
1179 3699 45 47 in
1254 3700 264 59 Bewegung
