3518 4353
1783 161 68 48 92

249 321 83 32 von
362 305 80 48 der
471 306 251 62 Strömung
752 304 224 63 gehalten.
1034 304 171 47 Berlioz
1245 301 77 48 hat
1360 302 113 55 „Die

247 399 111 48 ganz
390 382 41 47 in
462 382 147 47 dieser
638 381 233 64 Richtung
902 380 223 65 befangen
1156 379 320 64 geschrieben;
1509 381 149 62 Reyer
1688 377 78 49 hat

245 460 42 47 in
319 459 80 48 der
692 459 144 47 nichts
877 459 62 47 als
967 456 523 48 Inslrumental-Colorit
1529 455 234 65 gegeben;

245 536 195 48 Gounod
487 535 75 48 hat
602 536 41 47 in
683 535 82 47 der
805 534 224 63 „Königin
1062 550 82 32 von
1365 549 254 47 vergessen,
1663 532 100 47 dass

244 629 46 32 es
319 614 98 47 eine
447 612 127 65 Oper
603 612 92 47 sein
725 612 140 47 sollte.
899 611 193 47 Felicien
1125 610 141 48 David
1298 610 53 47 ist
1382 610 218 48 vielleicht
1630 609 130 48 allein

322 691 207 46 wiewohl
562 690 325 47 dramatischer
916 690 231 62 Schwung
1178 689 91 47 ihm
1302 687 201 65 weniger
1532 689 128 63 eigen
1692 689 70 54 ist,

243 767 63 47 als
333 766 372 66 symphonischer
718 793 81 29 —,
828 772 113 42 trotz
965 765 77 48 des
1068 765 207 54 Colorits,
1307 763 102 47 dem
1437 765 114 47 auch
1584 780 47 32 er
1663 763 73 47 hul-

243 845 109 63 digt,
393 845 114 47 noch
539 860 71 32 am
643 845 184 47 meisten
861 843 129 49 wahr
1020 842 88 48 und
1141 842 242 48 melodisch
1415 841 257 65 geblieben.
1705 838 53 68 (?)

361 922 104 48 Wir
494 921 179 48 können
699 920 211 49 desshalb
936 936 191 32 unseren
1156 920 322 63 Componisten
1509 936 86 31 nur
1623 936 108 29 zuru-

242 997 95 48 fen:
380 1000 129 47 Lasst
549 1015 81 30 uns
667 998 105 64 jene
812 997 312 65 gefährlichen
1157 997 173 56 Bande,
1359 996 71 48 die
1462 1012 84 32 uns
1574 1014 52 29 zu
1658 1012 66 31 um-

238 1075 230 63 schlingen
498 1075 189 55 droben,
718 1075 260 54 zerreissen,
1017 1075 106 47 lasst
1153 1090 82 30 uns
1266 1090 179 47 wagen,
1477 1072 169 48 wieder
1677 1073 81 46 wir

236 1152 139 48 selbst
402 1170 50 29 zu
483 1153 93 46 sein
609 1152 87 48 und
730 1169 82 31 uns
849 1152 100 48 dem
995 1151 232 65 traurigen
1259 1151 287 48 Schwanken
1578 1169 52 29 zu
1660 1157 75 41 ent-

235 1228 173 57 ziehen,
440 1228 78 50 das
549 1246 85 31 nur
664 1230 98 47 eine
790 1230 384 62 Zwittergattung
1204 1235 186 57 erzeugt
1400 1228 197 47 —denn
1628 1227 129 48 darin

236 1307 108 64 liegt
386 1307 79 48 das
507 1307 207 65 geheime
744 1307 159 57 Uebel,
946 1307 195 47 welches
1183 1322 55 31 an
1280 1322 207 32 unserem
1520 1306 208 48 National-

238 1384 141 64 geiste
403 1392 108 57 nagt
523 1402 80 38 —;
634 1401 44 30 es
708 1384 53 47 ist
788 1384 114 56 Zeit,
932 1383 79 48 mit
1039 1382 86 49 den
1150 1383 245 48 Pasticcien
1426 1382 92 49 und
1550 1383 85 48 den
1660 1383 64 48 Ab-

239 1461 229 48 klatschen
498 1462 70 47 ein
598 1461 129 48 Ende
756 1478 52 31 zu
840 1461 203 47 machen.

355 1538 271 48 Vermeiden
671 1539 81 47 wir
781 1538 70 47 die
883 1537 283 49 Auswüchse
1197 1537 78 48 der
1316 1537 307 48 italiänischen
1656 1537 75 47 Tri-

238 1616 166 47 vialität
435 1616 87 47 und
555 1616 80 48 der
663 1616 247 47 deutschen
929 1616 456 54 Kunst-Theorieen;
1418 1616 81 47 wir
1524 1614 233 49 brauchen

243 1693 194 48 Melodie
469 1693 87 48 und
588 1694 233 47 nochmals
845 1693 195 48 Melodie
1071 1693 81 48 auf
1175 1693 81 47 der
1282 1693 176 57 Bühne,
1489 1692 195 49 Melodie
1713 1694 44 46 in

236 1771 141 47 vollen
396 1771 230 55 Strömen,
647 1771 233 57 fesselnde,
906 1769 368 50 ausdrucksvolle
1296 1771 218 55 Melodie;
1538 1771 60 48 ob
1623 1771 110 63 geist-

235 1848 150 47 reiche
414 1848 112 48 oder
555 1848 427 57 leidenschaftliche,
1026 1848 54 47 ist
1122 1848 160 65 gleich.
1341 1849 192 47 Denken
1581 1849 83 47 wir
1701 1865 54 31 an

236 1925 145 49 Gluck
414 1925 89 49 und
535 1927 188 54 Mozart,
766 1943 55 32 an
854 1927 165 63 Gretry
1062 1925 89 49 und
1185 1925 252 58 Boieldieu,
1477 1925 90 49 und
1613 1927 144 47 lassen

238 2003 82 47 wir
362 2002 70 49 die
475 2003 497 49 Instrumental-Musik
1016 2003 74 56 da,
1141 2004 151 47 wohin
1336 2004 62 47 sie
1442 2004 180 64 gehört,
1666 2003 92 48 und

235 2080 165 47 reissen
441 2082 82 47 wir
568 2098 81 31 uns
687 2098 82 32 von
814 2080 202 49 fremden
1052 2080 270 49 Vorbildern
1365 2083 77 47 los.
1501 2082 157 48 Wenn
1689 2080 70 49 die

235 2157 278 64 Eingebung
544 2158 80 48 der
650 2158 159 48 Reflex
840 2158 80 48 der
943 2159 130 47 Seele
1105 2159 69 56 ist,
1203 2174 49 32 so
1285 2159 153 62 bringt
1467 2158 72 48 die
1565 2158 197 49 Melodie

235 2235 252 49 Harmonie
518 2234 89 50 und
640 2235 173 49 Colorit
842 2235 94 49 mit.

415 2487 158 55 Ueber
603 2487 358 55 musicalishce
991 2487 597 55 Kunst-Ausstellungen.

360 2624 157 48 Wenn
549 2624 311 50 Deutschland
907 2625 69 47 bei
1020 2624 85 48 den
1137 2624 286 48 Ausländern
1454 2624 41 47 in
1528 2623 103 47 dem
1665 2639 66 29 mu-

235 2703 264 48 sicalischen
532 2703 115 48 Rufe
676 2704 133 55 steht,
855 2703 100 48 dass
1075 2704 86 47 wie
1205 2703 83 48 wir
1329 2701 115 50 noch
1490 2700 199 48 kürzlich
1721 2701 42 46 in

239 2780 145 48 einem
417 2780 329 48 französischen
775 2781 149 49 Blatte
965 2783 122 45 lasen
1208 2780 69 48 bei
1322 2797 83 31 uns
1440 2779 134 66 jeder
1613 2779 151 47 Bauer

238 2859 71 47 ein
339 2859 277 47 Instrument
659 2859 130 65 spielt
830 2859 111 48 oder
983 2859 69 48 ein
1085 2859 108 47 Lied
1230 2859 133 65 singt,
1409 2874 49 32 so
1489 2856 158 49 wissen
1682 2856 81 47 wir

240 2935 129 48 recht
398 2944 96 56 gut,
527 2936 83 47 wie
639 2936 80 49 viel
751 2935 112 50 oder
893 2936 84 47 wie
1009 2936 148 65 wenig
1186 2935 144 50 daran
1360 2935 130 48 wahr
1519 2935 67 47 ist.
1647 2935 116 47 Was

238 3013 111 48 aber
393 3013 78 48 das
507 3014 203 48 Ausland
755 3014 88 47 und
888 3030 137 47 sogar
1068 3014 82 47 wir
1193 3013 261 48 Deutschen
1498 3011 138 49 selbst
1678 3028 82 32 von

236 3090 146 48 einem
414 3091 205 47 Stamme
661 3108 97 30 zum
804 3090 217 57 anderen,
1057 3091 65 65 ja,
1165 3108 85 32 von
1293 3091 127 49 einer
1458 3089 187 49 Provinz
1683 3107 80 29 zur

236 3168 216 58 anderen,
496 3169 120 48 nicht
659 3169 110 48 oder
812 3170 273 65 wenigstens
1128 3187 86 30 nur
1269 3170 105 47 sehr
1430 3166 332 65 unvollständig

239 3246 177 56 wissen,
459 3246 70 55 ist,
578 3246 100 50 dass
720 3264 46 31 es
807 3248 99 48 eine
950 3263 156 48 grosse
1137 3248 174 48 Anzahl
1341 3263 84 32 von
1456 3246 232 49 Musikern
1720 3245 43 48 in

239 3324 116 47 allen
386 3324 160 47 Gauen
578 3324 78 48 des
689 3324 297 48 Vaterlandes
1016 3324 113 65 gibt,
1169 3324 69 48 die
1282 3324 123 48 nicht
1447 3322 118 49 bloss
1594 3322 170 67 spielen

240 3400 90 48 und
375 3400 176 65 singen,
593 3401 197 48 sondern
836 3403 310 46 musicalische
1193 3401 178 50 Werke
1411 3401 220 56 schaffen,
1682 3416 81 32 von

239 3477 147 49 denen
431 3495 82 47 gar
560 3480 190 48 manche
793 3480 128 47 mehr
960 3479 111 49 oder
1104 3480 201 63 weniger
1334 3480 252 48 natürliche
1619 3480 116 63 Bega-

243 3555 126 66 bung
402 3556 256 59 verrathen,
690 3557 82 49 fast
802 3559 83 47 alle
916 3557 110 49 aber
1057 3574 82 32 von
1167 3557 436 56 Fachkenntnissen,
1628 3557 140 47 Fleiss

243 3634 89 48 und
365 3634 143 48 einem
541 3636 220 64 gewissen
788 3635 219 49 Geschick
1039 3635 41 48 in
1105 3635 102 49 dem
1235 3635 265 49 Handwerk
1527 3635 80 48 der
1631 3635 102 48 Com-

243 3711 190 64 position
464 3714 218 63 Zeugniss
711 3714 164 64 geben.
915 3714 113 47 Eine
1056 3714 148 48 Masse
1233 3730 84 32 von
1351 3714 206 48 Werken
1590 3716 152 61 grösse-

244 3804 83 32 ren
375 3790 235 63 Umfangs,
659 3806 83 32 von
786 3791 311 56 Ouvertüren,
1146 3791 279 55 Sinfonieen,
1475 3790 294 58 Quartetten,

245 3865 248 57 Cantaten,
523 3869 195 57 Messen,
748 3869 264 55 Oratorien,
1043 3869 157 64 Opern
1241 3870 145 63 liegen
1418 3869 41 47 in
1490 3867 86 49 den
1607 3869 162 47 Pulten

244 3942 249 50 deutscher
523 3946 307 48 Tonkünstler
873 3963 82 31 von
987 3946 85 48 den
1110 3946 253 65 gekrönten
1392 3946 282 48 Dilettanten
1707 3946 65 48 bis

244 4038 52 30 zu
328 4021 86 48 den
447 4022 431 50 Dorfschullehrern
910 4024 167 48 herab!
1127 4024 125 49 Aber
1282 4025 62 48 sie
1374 4025 145 63 liegen
1551 4024 115 48 eben
1698 4024 74 58 da,

243 4098 189 50 stecken
474 4100 241 51 höchstens
757 4104 164 48 einmal
960 4102 127 49 ihren
1127 4104 127 64 Kopf
1291 4119 80 33 aus
1410 4102 81 50 der
1533 4102 239 50 Dachluke

1864 300 81 49 der
1977 302 158 56 Hütte,
2165 300 42 47 in
2239 299 80 48 der
2347 299 63 48 sie
2439 298 286 57 entstanden,
2757 298 182 58 heraus,
2982 298 183 49 werden
3196 316 82 31 von
3311 298 81 49 der

1864 375 353 68 Ortsgemeinde
2259 375 249 49 freundlich
2551 375 225 64 begrüsst,
2822 393 75 31 um
2928 377 171 47 wieder
3135 375 172 49 zurück
3336 394 51 30 zu

1863 455 214 47 kriechen
2111 454 88 47 und
2232 454 58 47 im
2324 453 180 48 Dunkel
2540 469 53 31 zu
2625 453 246 63 vergilben.
2925 454 63 47 Es
3017 453 108 65 geht
3156 453 134 48 ihnen

1863 533 113 47 nach
2018 533 151 47 Horaz
2292 530 84 47 wie
2418 529 86 48 den
2551 530 177 47 Helden
2787 547 92 32 vor
2922 532 323 63 Agamemnon
3297 530 90 49 und

1862 609 215 56 Achilles,
2113 608 62 48 sie
2206 606 184 50 starben
2423 606 282 58 unbekannt,

1863 688 98 45 weil
1991 686 64 47 sie
2086 685 160 48 keinen
2273 686 174 46 Homer
2472 684 182 56 fanden,
2686 685 89 47 und
2805 702 50 30 so
2886 689 121 43 wäre
3038 702 45 30 es
3107 685 101 47 dem
3236 686 152 46 Horaz

1860 764 220 48 vielleicht
2108 763 138 48 selbst
2274 779 253 48 ergangen,
2559 778 129 32 wenn
2720 779 50 31 er
2801 763 159 48 keinen
2986 764 212 47 Mäcenas
3227 764 134 62 gefun-

1860 841 85 47 den
1980 840 134 48 hätte.
2171 840 96 47 Aus
2298 838 80 49 der
2410 840 104 47 Flut
2550 839 352 60 aufzutauchen,
2949 840 96 47 fällt
3088 840 116 47 auch
3247 839 141 48 selbst

1859 919 269 63 denjenigen
2168 916 322 65 Componisten
2540 916 194 56 schwer,
2777 918 139 47 deren
2956 919 207 62 Stellung
3203 918 62 48 sie
3308 919 80 46 mit

1858 1000 239 60 grösseren
2130 995 189 47 Kreisen
2349 995 43 46 in
2424 994 276 63 Berührung
2734 995 177 65 bringt;
2950 995 86 47 den
3067 995 218 56 anderen,
3316 994 71 48 die

1858 1090 56 31 an
1945 1073 159 64 irgend
2135 1073 99 47 eine
2264 1071 181 49 Scholle
2483 1071 204 64 gebannt
2721 1071 115 57 sind,
2884 1073 52 47 ist
2979 1089 46 31 es
3062 1073 198 47 vollends
3292 1071 71 49 bei-

1858 1150 118 48 nahe
2009 1149 279 65 unmöglich,
2331 1149 115 48 über
2475 1149 71 47 die
2575 1150 206 47 Gränzen
2820 1150 121 48 ihres
2972 1167 146 47 engen
3147 1151 237 63 Zwingers

1858 1228 454 48 hinauszukommen.
2373 1226 106 47 Wir
2519 1225 152 48 haben
2718 1226 168 48 freilich
2931 1226 99 48 eine
3080 1228 165 63 Menge
3301 1243 82 31 von

1857 1306 229 47 Theatern
2121 1304 89 48 und
2244 1304 479 57 Concert-Anstalten,
2757 1304 107 64 jene
2902 1304 142 49 durch
3083 1304 71 48 die
3195 1321 188 47 grossen

1858 1382 90 49 und
1987 1382 131 47 mehr
2159 1382 115 47 noch
2315 1381 142 47 durch
2499 1380 71 48 die
2611 1381 228 48 kleineren
2873 1384 193 45 Fürsten
3099 1386 285 52 unterstützt,

1857 1460 71 48 die
1968 1476 82 32 von
2083 1460 47 63 je
2170 1459 80 48 her
2293 1459 41 47 in
2367 1475 208 32 unserem
2612 1459 276 49 Vaterlande
2914 1460 93 47 sich
3040 1460 142 47 durch
3217 1461 139 46 Kunst-

1857 1537 116 49 liebe
2004 1537 89 47 und
2127 1536 410 64 Kunslförderung
2574 1536 362 57 auszeichneten,
2980 1537 121 47 diese
3132 1536 143 48 durch
3307 1537 79 47 das

1860 1615 342 48 Vereinswesen
2234 1614 260 64 geschaffen
2528 1614 88 47 und
2648 1615 228 63 gehoben.
2916 1616 147 47 Allein
3097 1615 68 47 bei
3196 1615 85 47 den
3314 1616 47 46 In-

1857 1692 182 49 stituten
2086 1691 157 48 beider
2287 1694 85 45 Art
2423 1691 53 47 ist
2531 1691 80 47 der
2650 1692 168 47 Zutritt
2869 1692 146 47 einem
3058 1692 128 50 homo
3226 1708 160 43 novus,

1858 1771 147 47 einem
2037 1770 197 62 Neuling
2265 1770 120 46 ohne
2415 1770 196 52 Namen,
2650 1769 106 47 sehr
2793 1770 265 56 erschwert,
3102 1770 91 47 und
3226 1786 44 31 es
3301 1771 64 46 las-

1858 1865 77 32 sen
1973 1847 92 52 sich
2105 1847 116 49 auch
2260 1847 110 47 viele
2400 1854 108 57 gute
2540 1847 189 49 Gründe
2759 1847 248 56 anführen,
3052 1847 226 49 wesshalb
3309 1847 79 50 das

1863 1926 394 65 Experimentiren
2297 1926 80 47 mit
2418 1941 147 31 neuen
2601 1925 208 48 Werken
2851 1943 82 30 von
2974 1926 85 47 den
3092 1926 295 47 Directionen

1859 2003 81 49 der
1970 2003 201 49 Theater
2201 2002 90 47 und
2324 2002 223 48 Concerte
2587 2002 218 64 gescheut
2845 2003 127 49 wird.
3033 2003 109 50 Wie
3172 2003 103 47 dem
3307 2002 52 50 ab-

1858 2080 206 48 zuhelfen
2103 2081 80 55 sei,
2218 2080 152 47 dürfte
2406 2080 179 47 schwer
2632 2096 53 31 zu
2728 2080 227 48 ermitteln
2986 2080 109 49 sein.
3154 2081 238 47 Vielleicht

1862 2162 122 45 wäre
2011 2174 47 31 es
2089 2157 196 65 möglich
2316 2157 142 47 durch
2485 2157 200 64 Stiftung
2707 2157 121 48 eines
2852 2158 342 47 musicalischen
3220 2160 141 45 Kunst-

1860 2236 191 56 vereins,
2094 2235 80 48 der
2203 2235 93 48 sich
2326 2235 70 48 ein
2429 2235 231 48 ähnliches
2688 2236 93 47 Ziel
2810 2244 155 48 setzte,
3002 2236 86 47 wie
3119 2235 70 48 die
3218 2236 143 47 Kunst-

1862 2313 179 49 vereine
2086 2313 75 47 für
2203 2312 71 48 die
2318 2312 267 65 plastischen
2631 2312 175 48 Künste
2855 2330 45 30 es
2944 2312 143 48 durch
3130 2312 263 48 öffentliche

1863 2391 355 63 Ausstellungen
2248 2407 52 31 zu
2331 2390 235 48 erreichen
2603 2391 184 47 suchen.
2848 2391 116 47 Dass
3007 2390 71 48 die
3121 2391 244 47 Ausschrei-

1864 2470 125 63 bung
2032 2485 82 32 von
2159 2468 522 65 Preis-Compositionen
2730 2468 99 49 eine
2875 2468 107 49 sehr
3024 2468 191 65 prekäre
3254 2470 138 48 Form

1864 2547 80 48 der
1970 2546 271 65 Förderung
2267 2546 80 48 der
2371 2547 240 47 Tonkunst
2639 2546 70 56 ist,
2740 2547 78 47 hat
2839 2546 91 48 sich
2964 2547 146 62 längst
3139 2547 254 56 offenbart;

1863 2623 81 48 der
1982 2631 108 57 gute
2124 2625 140 48 Wille
2305 2623 89 47 und
2434 2623 80 47 der
2554 2622 336 49 lobenswerthe
2920 2625 165 46 Zweck
3125 2625 132 46 allein
3298 2641 75 30 ver-

1865 2706 166 59 mögen
2074 2701 138 57 nicht,
2250 2701 262 64 derartigen
2546 2701 346 64 Bestrebungen
2936 2702 157 63 Erfolg
3134 2720 52 29 zu
3232 2702 162 63 geben.

1863 2779 127 49 Aber
2020 2779 70 49 die
2116 2779 308 63 Vermittlung
2452 2778 222 48 zwischen
2707 2778 84 48 den
2819 2779 324 65 Componisten
3177 2779 89 47 und
3292 2779 101 47 dem

1863 2858 240 48 Publicum
2130 2858 41 47 in
2197 2857 70 48 die
2293 2857 162 48 Hände
2479 2857 120 47 eines
2622 2858 301 60 allgemeinen
2949 2858 247 47 deutschen
3223 2858 143 47 Musik-

1863 2937 190 55 vereins,
2084 2936 80 47 der
2193 2934 93 49 sich
2320 2934 114 49 über
2465 2934 84 47 alle
2580 2934 158 49 Theile
2768 2934 77 49 des
2876 2951 186 47 grossen
3099 2934 297 49 Vaterlandes

1863 3013 264 48 ausdehnen
2160 3016 185 52 müsste,
2382 3030 51 30 zu
2466 3013 147 64 legen,
2652 3012 77 48 das
2759 3012 150 48 dürfte
2941 3012 221 48 vielleicht
3191 3013 70 48 ein
3293 3030 78 31 aus-

1864 3092 252 48 führbarer
2146 3091 220 49 Gedanke
2395 3091 112 55 sein,
2537 3089 158 50 dessen
2730 3091 402 64 Verwirklichung
3162 3108 83 47 gar
3270 3108 95 31 man-

1863 3169 82 47 che
1986 3168 305 50 unbeachtete
2333 3167 278 49 Production
2659 3185 81 31 aus
2785 3168 80 47 der
2906 3168 369 65 Verborgenheit
3318 3185 80 31 ans

1863 3247 132 48 Licht
2024 3247 193 63 bringen
2250 3246 173 48 würde.
2483 3247 82 46 Die
2608 3246 398 64 Haupt-Aufgabe
3050 3247 122 47 eines
3212 3247 181 48 solchen

1865 3326 190 48 Vereins
2085 3324 160 49 würde
2283 3324 111 56 sein,
2438 3324 106 47 fünf
2577 3323 64 48 bis
2681 3324 127 49 sechs
2842 3326 431 47 Concert-Institute
3306 3324 92 49 und

1865 3403 94 48 drei
2004 3403 65 48 bis
2108 3403 91 47 vier
2231 3402 189 48 Bühnen
2458 3402 42 48 in
2531 3402 314 48 Deutschland
2879 3403 168 47 Behufs
3087 3403 153 47 eines
3278 3403 90 48 Con-

1865 3487 144 40 certes
2047 3479 112 50 oder
2199 3480 158 47 einer
2394 3479 482 65 Opern-Vorstellung
2907 3479 194 65 jährlich
3134 3497 80 30 aus
3243 3479 155 50 seinen

1867 3558 293 49 Geldmitteln
2189 3574 50 32 so
2268 3576 51 29 zu
2353 3560 326 56 unterstützen,
2711 3558 101 47 dass
2841 3558 62 48 sie
2931 3558 94 48 sich
3057 3566 132 40 unter
3220 3559 149 47 Garan-

1867 3637 58 48 tie
1957 3637 79 47 der
2067 3637 228 63 Deckung
2325 3635 121 49 eines
2476 3637 165 47 Manco
2686 3635 70 49 bei
2801 3635 87 49 den
2921 3637 289 48 Einnahmen
3254 3635 143 49 durch

1868 3714 86 47 den
1987 3714 165 47 Verein
2184 3731 80 30 zur
2287 3713 304 65 Aufführung
2621 3713 265 66 derjenigen
2918 3731 148 30 neuen
3095 3714 178 48 Werke
3302 3731 72 30 ver-

1868 3792 279 66 pflichteten,
2194 3792 173 48 welche
2410 3792 135 48 ihnen
2591 3808 83 32 von
2719 3792 80 48 der
2828 3793 232 48 Direction
3101 3792 78 48 des
3212 3792 189 48 Vereins

1868 3870 113 47 dazu
2025 3869 261 66 empfohlen
2330 3868 206 49 würden.
2594 3869 162 48 Dieser
2796 3868 165 49 Modus
3006 3872 159 45 würde
3210 3870 77 46 für
3328 3869 72 48 die

1870 3947 228 49 Producte
2130 3948 78 48 der
2239 3948 240 48 Tonkunst
2509 3948 79 48 das
2617 3966 52 30 zu
2700 3948 235 48 erreichen
2974 3948 189 56 suchen,
3205 3964 93 32 was
3328 3948 72 48 die

1870 4025 355 64 Ausstellungen
2259 4027 76 45 für
2359 4025 72 49 die
2452 4025 177 49 Werke
2652 4025 81 49 der
2757 4025 206 56 Malerei,
2979 4027 216 64 Sculptur
3219 4043 42 31 u.
3285 4042 32 32 s.
3344 4042 56 33 w.

1873 4104 165 48 bereits
2069 4104 174 56 leisten,
2273 4121 50 30 er
2348 4104 159 47 würde
2536 4104 79 47 das
2639 4104 129 48 Neue
2798 4104 102 48 dem
2925 4104 242 48 Publicum
3199 4108 173 61 zugäng-
