<?xml version="1.0" encoding="UTF-8"?>
<alto xmlns:xsi="http://www.w3.org/2001/XMLSchema-instance" xmlns="http://www.loc.gov/standards/alto/ns-v2#" xsi:schemaLocation="http://www.loc.gov/standards/alto/ns-v2# http://www.loc.gov/standards/alto/alto-v2.0.xsd" xmlns:xlink="http://www.w3.org/1999/xlink">
	<Description>
		<MeasurementUnit>mm10</MeasurementUnit>
		<sourceImageInformation>
			<fileName>//fileserver7/IN2/Princeton/Batch5/bmtnabi/1864/03/19_01/00000101.tif</fileName>
		</sourceImageInformation>
		<OCRProcessing ID="OCRPROCESSING_1">
			<preProcessingStep>
				<processingSoftware>
					<softwareCreator>CCS Content Conversion Specialists GmbH, Germany</softwareCreator>
					<softwareName>CCS docWORKS</softwareName>
					<softwareVersion>6.6-1.18</softwareVersion>
				</processingSoftware>
			</preProcessingStep>
			<ocrProcessingStep>
				<processingSoftware>
					<softwareCreator>ABBYY (BIT Software), Russia</softwareCreator>
					<softwareName>FineReader</softwareName>
					<softwareVersion>10.0</softwareVersion>
				</processingSoftware>
			</ocrProcessingStep>
		</OCRProcessing>
		<OCRProcessing ID="OCRPROCESSING_2">
			<preProcessingStep>
				<processingSoftware>
					<softwareCreator>CCS Content Conversion Specialists GmbH, Germany</softwareCreator>
					<softwareName>CCS docWORKS</softwareName>
					<softwareVersion>6.6-1.18</softwareVersion>
				</processingSoftware>
			</preProcessingStep>
			<ocrProcessingStep>
				<processingSoftware>
					<softwareCreator>ABBYY (BIT Software), Russia</softwareCreator>
					<softwareName>NA</softwareName>
				</processingSoftware>
			</ocrProcessingStep>
		</OCRProcessing>
	</Description>
	<Styles>
		<TextStyle ID="TXT_0" FONTSIZE="20" FONTFAMILY="Times New Roman"/>
		<TextStyle ID="TXT_1" FONTSIZE="14" FONTFAMILY="Times New Roman"/>
		<TextStyle ID="TXT_2" FONTSIZE="9" FONTFAMILY="Times New Roman" FONTSTYLE="bold italics"/>
		<TextStyle ID="TXT_3" FONTSIZE="17" FONTFAMILY="Times New Roman" FONTSTYLE="bold"/>
		<TextStyle ID="TXT_4" FONTSIZE="12" FONTFAMILY="Times New Roman" FONTSTYLE="bold"/>
		<ParagraphStyle ID="PAR_LEFT" ALIGN="Left"/>
		<ParagraphStyle ID="PAR_BLOCK" ALIGN="Block"/>
	</Styles>
	<Layout>
		<Page ID="P5" PHYSICAL_IMG_NR="5" HEIGHT="4353" WIDTH="3518" PRINTED_IMG_NR="93" PC="0.942">
			<TopMargin ID="P5_TM00001" HPOS="0" VPOS="0" WIDTH="3518" HEIGHT="219">
				<TextBlock ID="P5_TB00001" HPOS="1681" VPOS="160" WIDTH="72" HEIGHT="57" STYLEREFS="TXT_0 PAR_LEFT">
					<TextLine ID="P5_TL00001" HPOS="1684" VPOS="165" WIDTH="68" HEIGHT="51">
						<String ID="P5_ST00001" HPOS="1684" VPOS="165" WIDTH="68" HEIGHT="51" CONTENT="93" WC="0.27" CC="67"/>
					</TextLine>
				</TextBlock>
			</TopMargin>
			<LeftMargin ID="P5_LM00001" HPOS="0" VPOS="219" WIDTH="142" HEIGHT="3952"/>
			<RightMargin ID="P5_RM00001" HPOS="3294" VPOS="219" WIDTH="224" HEIGHT="3952"/>
			<BottomMargin ID="P5_BM00001" HPOS="0" VPOS="4171" WIDTH="3518" HEIGHT="182"/>
			<PrintSpace ID="P5_PS00001" HPOS="142" VPOS="219" WIDTH="3152" HEIGHT="3953">
				<TextBlock ID="P5_TB00002" HPOS="142" VPOS="295" WIDTH="1534" HEIGHT="1079" STYLEREFS="TXT_1 PAR_BLOCK">
					<TextLine ID="P5_TL00002" HPOS="151" VPOS="297" WIDTH="1520" HEIGHT="69">
						<String ID="P5_ST00002" HPOS="151" VPOS="300" WIDTH="86" HEIGHT="50" CONTENT="lieh" SUBS_TYPE="HypPart2" SUBS_CONTENT="zugänglieh" WC="0.97" CC="8300"/>
						<SP ID="P5_SP00001" HPOS="237" VPOS="350" WIDTH="33"/>
						<String ID="P5_ST00003" HPOS="270" VPOS="297" WIDTH="206" HEIGHT="50" CONTENT="machen." WC="0.99" CC="0402063"/>
						<SP ID="P5_SP00002" HPOS="476" VPOS="350" WIDTH="56"/>
						<String ID="P5_ST00004" HPOS="532" VPOS="299" WIDTH="138" HEIGHT="48" CONTENT="Ohne" WC="0.98" CC="0630"/>
						<SP ID="P5_SP00003" HPOS="670" VPOS="350" WIDTH="43"/>
						<String ID="P5_ST00005" HPOS="713" VPOS="318" WIDTH="83" HEIGHT="32" CONTENT="uns" WC="0.97" CC="007"/>
						<SP ID="P5_SP00004" HPOS="796" VPOS="350" WIDTH="43"/>
						<String ID="P5_ST00006" HPOS="839" VPOS="303" WIDTH="75" HEIGHT="47" CONTENT="für" WC="1.00" CC="000"/>
						<SP ID="P5_SP00005" HPOS="914" VPOS="350" WIDTH="36"/>
						<String ID="P5_ST00007" HPOS="950" VPOS="303" WIDTH="110" HEIGHT="63" CONTENT="jetzt" WC="0.98" CC="50070"/>
						<SP ID="P5_SP00006" HPOS="1060" VPOS="366" WIDTH="29"/>
						<String ID="P5_ST00008" HPOS="1089" VPOS="301" WIDTH="338" HEIGHT="50" CONTENT="ausführlicher" WC="0.99" CC="0035024604103"/>
						<SP ID="P5_SP00007" HPOS="1427" VPOS="366" WIDTH="32"/>
						<String ID="P5_ST00009" HPOS="1459" VPOS="304" WIDTH="113" HEIGHT="49" CONTENT="über" WC="0.98" CC="0503"/>
						<SP ID="P5_SP00008" HPOS="1572" VPOS="366" WIDTH="28"/>
						<String ID="P5_ST00010" HPOS="1600" VPOS="308" WIDTH="71" HEIGHT="47" CONTENT="die" WC="1.00" CC="000"/>
					</TextLine>
					<TextLine ID="P5_TL00003" HPOS="148" VPOS="375" WIDTH="1522" HEIGHT="68">
						<String ID="P5_ST00011" HPOS="148" VPOS="375" WIDTH="332" HEIGHT="65" CONTENT="Organisation" WC="0.99" CC="749081002005"/>
						<SP ID="P5_SP00009" HPOS="480" VPOS="440" WIDTH="31"/>
						<String ID="P5_ST00012" HPOS="511" VPOS="377" WIDTH="122" HEIGHT="46" CONTENT="eines" WC="0.99" CC="00404"/>
						<SP ID="P5_SP00010" HPOS="633" VPOS="440" WIDTH="28"/>
						<String ID="P5_ST00013" HPOS="661" VPOS="379" WIDTH="182" HEIGHT="47" CONTENT="solchen" WC="0.99" CC="3300007"/>
						<SP ID="P5_SP00011" HPOS="843" VPOS="440" WIDTH="35"/>
						<String ID="P5_ST00014" HPOS="878" VPOS="379" WIDTH="187" HEIGHT="47" CONTENT="Vereins" WC="1.00" CC="0000050"/>
						<SP ID="P5_SP00012" HPOS="1065" VPOS="440" WIDTH="31"/>
						<String ID="P5_ST00015" HPOS="1096" VPOS="380" WIDTH="378" HEIGHT="63" CONTENT="auszusprechen," WC="1.00" CC="04061602006050"/>
						<SP ID="P5_SP00013" HPOS="1474" VPOS="443" WIDTH="36"/>
						<String ID="P5_ST00016" HPOS="1510" VPOS="385" WIDTH="160" HEIGHT="47" CONTENT="wollen" WC="0.99" CC="900200"/>
					</TextLine>
					<TextLine ID="P5_TL00004" HPOS="150" VPOS="454" WIDTH="1520" HEIGHT="68">
						<String ID="P5_ST00017" HPOS="150" VPOS="456" WIDTH="85" HEIGHT="47" CONTENT="wir" WC="0.97" CC="700"/>
						<SP ID="P5_SP00014" HPOS="235" VPOS="503" WIDTH="21"/>
						<String ID="P5_ST00018" HPOS="256" VPOS="470" WIDTH="87" HEIGHT="31" CONTENT="nur" WC="0.96" CC="414"/>
						<SP ID="P5_SP00015" HPOS="343" VPOS="503" WIDTH="21"/>
						<String ID="P5_ST00019" HPOS="364" VPOS="454" WIDTH="117" HEIGHT="47" CONTENT="noch" WC="0.99" CC="0004"/>
						<SP ID="P5_SP00016" HPOS="481" VPOS="503" WIDTH="25"/>
						<String ID="P5_ST00020" HPOS="506" VPOS="454" WIDTH="72" HEIGHT="48" CONTENT="die" WC="0.98" CC="040"/>
						<SP ID="P5_SP00017" HPOS="578" VPOS="503" WIDTH="25"/>
						<String ID="P5_ST00021" HPOS="603" VPOS="455" WIDTH="382" HEIGHT="63" CONTENT="Vertheilung" WC="0.69" CC="00355000169"/>
						<SP ID="P5_SP00018" HPOS="985" VPOS="518" WIDTH="31"/>
						<String ID="P5_ST00022" HPOS="1016" VPOS="456" WIDTH="80" HEIGHT="47" CONTENT="der" WC="0.98" CC="023"/>
						<SP ID="P5_SP00019" HPOS="1096" VPOS="518" WIDTH="23"/>
						<String ID="P5_ST00023" HPOS="1119" VPOS="457" WIDTH="411" HEIGHT="65" CONTENT="vorgeschlagenen" WC="1.00" CC="002001571200004"/>
						<SP ID="P5_SP00020" HPOS="1530" VPOS="522" WIDTH="24"/>
						<String ID="P5_ST00024" HPOS="1554" VPOS="463" WIDTH="87" HEIGHT="47" CONTENT="Aus" SUBS_TYPE="HypPart1" SUBS_CONTENT="Ausstellunge" WC="0.98" CC="034"/>
						<HYP HPOS="1641" VPOS="463" WIDTH="29" CONTENT="-"/>
					</TextLine>
					<TextLine ID="P5_TL00005" HPOS="150" VPOS="531" WIDTH="1522" HEIGHT="65">
						<String ID="P5_ST00025" HPOS="150" VPOS="532" WIDTH="252" HEIGHT="63" CONTENT="stellungen" SUBS_TYPE="HypPart2" SUBS_CONTENT="Ausstellunge" WC="0.99" CC="0445528000"/>
						<String ID="P5_ST00026" HPOS="415" VPOS="559" WIDTH="60" HEIGHT="6" CONTENT="—" WC="0.20" CC="8"/>
						<SP ID="P5_SP00021" HPOS="475" VPOS="595" WIDTH="12"/>
						<String ID="P5_ST00027" HPOS="487" VPOS="531" WIDTH="97" HEIGHT="48" CONTENT="hier" WC="0.99" CC="0300"/>
						<SP ID="P5_SP00022" HPOS="584" VPOS="595" WIDTH="24"/>
						<String ID="P5_ST00028" HPOS="608" VPOS="534" WIDTH="361" HEIGHT="62" CONTENT="Aufführungen" WC="0.99" CC="500800327947"/>
						<SP ID="P5_SP00023" HPOS="969" VPOS="596" WIDTH="85"/>
						<String ID="P5_ST00029" HPOS="1054" VPOS="534" WIDTH="81" HEIGHT="47" CONTENT="auf" WC="0.99" CC="020"/>
						<SP ID="P5_SP00024" HPOS="1135" VPOS="596" WIDTH="25"/>
						<String ID="P5_ST00030" HPOS="1160" VPOS="534" WIDTH="260" HEIGHT="49" CONTENT="mehrere" WC="0.99" CC="0060030"/>
						<SP ID="P5_SP00025" HPOS="1420" VPOS="596" WIDTH="30"/>
						<String ID="P5_ST00031" HPOS="1450" VPOS="539" WIDTH="198" HEIGHT="48" CONTENT="musicali" SUBS_TYPE="HypPart1" SUBS_CONTENT="musicalische" WC="0.99" CC="06000603"/>
						<HYP HPOS="1648" VPOS="539" WIDTH="24" CONTENT="-"/>
					</TextLine>
					<TextLine ID="P5_TL00006" HPOS="146" VPOS="607" WIDTH="1525" HEIGHT="56">
						<String ID="P5_ST00032" HPOS="146" VPOS="609" WIDTH="108" HEIGHT="48" CONTENT="sche" SUBS_TYPE="HypPart2" SUBS_CONTENT="musicalische" WC="0.97" CC="7070"/>
						<SP ID="P5_SP00026" HPOS="254" VPOS="657" WIDTH="43"/>
						<String ID="P5_ST00033" HPOS="297" VPOS="607" WIDTH="208" HEIGHT="49" CONTENT="Institute" WC="0.98" CC="480506560"/>
						<SP ID="P5_SP00027" HPOS="505" VPOS="657" WIDTH="39"/>
						<String ID="P5_ST00034" HPOS="544" VPOS="609" WIDTH="213" HEIGHT="48" CONTENT="betonen." WC="0.98" CC="30648064"/>
						<SP ID="P5_SP00028" HPOS="757" VPOS="657" WIDTH="57"/>
						<String ID="P5_ST00035" HPOS="814" VPOS="610" WIDTH="85" HEIGHT="46" CONTENT="Die" WC="1.00" CC="000"/>
						<SP ID="P5_SP00029" HPOS="899" VPOS="657" WIDTH="32"/>
						<String ID="P5_ST00036" HPOS="931" VPOS="610" WIDTH="349" HEIGHT="48" CONTENT="Centralisation" WC="0.69" CC="50203540433036"/>
						<SP ID="P5_SP00030" HPOS="1280" VPOS="658" WIDTH="44"/>
						<String ID="P5_ST00037" HPOS="1324" VPOS="611" WIDTH="79" HEIGHT="48" CONTENT="der" WC="0.99" CC="003"/>
						<SP ID="P5_SP00031" HPOS="1403" VPOS="659" WIDTH="29"/>
						<String ID="P5_ST00038" HPOS="1432" VPOS="614" WIDTH="146" HEIGHT="48" CONTENT="Sache" WC="0.99" CC="00050"/>
						<SP ID="P5_SP00032" HPOS="1578" VPOS="662" WIDTH="37"/>
						<String ID="P5_ST00039" HPOS="1615" VPOS="631" WIDTH="56" HEIGHT="32" CONTENT="an" WC="0.47" CC="46"/>
					</TextLine>
					<TextLine ID="P5_TL00007" HPOS="150" VPOS="686" WIDTH="1522" HEIGHT="65">
						<String ID="P5_ST00040" HPOS="150" VPOS="687" WIDTH="161" HEIGHT="49" CONTENT="Einem" WC="0.98" CC="54600"/>
						<SP ID="P5_SP00033" HPOS="311" VPOS="736" WIDTH="25"/>
						<String ID="P5_ST00041" HPOS="336" VPOS="686" WIDTH="89" HEIGHT="47" CONTENT="Ort" WC="0.98" CC="004"/>
						<SP ID="P5_SP00034" HPOS="425" VPOS="736" WIDTH="24"/>
						<String ID="P5_ST00042" HPOS="449" VPOS="686" WIDTH="333" HEIGHT="65" CONTENT="widerspräche" WC="0.99" CC="909052003020"/>
						<SP ID="P5_SP00035" HPOS="782" VPOS="751" WIDTH="29"/>
						<String ID="P5_ST00043" HPOS="811" VPOS="687" WIDTH="173" HEIGHT="49" CONTENT="sowohl" WC="0.98" CC="120165"/>
						<SP ID="P5_SP00036" HPOS="984" VPOS="751" WIDTH="30"/>
						<String ID="P5_ST00044" HPOS="1014" VPOS="687" WIDTH="101" HEIGHT="49" CONTENT="dem" WC="1.00" CC="000"/>
						<SP ID="P5_SP00037" HPOS="1115" VPOS="751" WIDTH="28"/>
						<String ID="P5_ST00045" HPOS="1143" VPOS="687" WIDTH="254" HEIGHT="50" CONTENT="Charakter" WC="0.99" CC="352260001"/>
						<SP ID="P5_SP00038" HPOS="1397" VPOS="751" WIDTH="30"/>
						<String ID="P5_ST00046" HPOS="1427" VPOS="690" WIDTH="79" HEIGHT="49" CONTENT="der" WC="0.98" CC="013"/>
						<SP ID="P5_SP00039" HPOS="1506" VPOS="751" WIDTH="23"/>
						<String ID="P5_ST00047" HPOS="1529" VPOS="694" WIDTH="115" HEIGHT="47" CONTENT="Deut" SUBS_TYPE="HypPart1" SUBS_CONTENT="Deutschen" WC="0.98" CC="6045"/>
						<HYP HPOS="1644" VPOS="694" WIDTH="28" CONTENT="-"/>
					</TextLine>
					<TextLine ID="P5_TL00008" HPOS="147" VPOS="764" WIDTH="1527" HEIGHT="64">
						<String ID="P5_ST00048" HPOS="147" VPOS="765" WIDTH="140" HEIGHT="49" CONTENT="schen" SUBS_TYPE="HypPart2" SUBS_CONTENT="Deutschen" WC="0.99" CC="60202"/>
						<SP ID="P5_SP00040" HPOS="287" VPOS="814" WIDTH="39"/>
						<String ID="P5_ST00049" HPOS="326" VPOS="764" WIDTH="89" HEIGHT="47" CONTENT="und" WC="0.96" CC="470"/>
						<SP ID="P5_SP00041" HPOS="415" VPOS="814" WIDTH="43"/>
						<String ID="P5_ST00050" HPOS="458" VPOS="764" WIDTH="85" HEIGHT="48" CONTENT="den" WC="0.98" CC="005"/>
						<SP ID="P5_SP00042" HPOS="543" VPOS="814" WIDTH="32"/>
						<String ID="P5_ST00051" HPOS="575" VPOS="764" WIDTH="239" HEIGHT="49" CONTENT="historisch" WC="1.00" CC="1010430200"/>
						<SP ID="P5_SP00043" HPOS="814" VPOS="814" WIDTH="38"/>
						<String ID="P5_ST00052" HPOS="852" VPOS="766" WIDTH="307" HEIGHT="62" CONTENT="gewordenen" WC="0.99" CC="9000500703"/>
						<SP ID="P5_SP00044" HPOS="1159" VPOS="828" WIDTH="36"/>
						<String ID="P5_ST00053" HPOS="1195" VPOS="767" WIDTH="256" HEIGHT="49" CONTENT="Zuständen" WC="0.99" CC="020895004"/>
						<SP ID="P5_SP00045" HPOS="1451" VPOS="828" WIDTH="41"/>
						<String ID="P5_ST00054" HPOS="1492" VPOS="786" WIDTH="182" HEIGHT="32" CONTENT="unseres" WC="0.99" CC="3710000"/>
					</TextLine>
					<TextLine ID="P5_TL00009" HPOS="153" VPOS="841" WIDTH="1521" HEIGHT="70">
						<String ID="P5_ST00055" HPOS="153" VPOS="841" WIDTH="317" HEIGHT="55" CONTENT="Vaterlandes," WC="1.00" CC="000040089000"/>
						<SP ID="P5_SP00046" HPOS="470" VPOS="896" WIDTH="44"/>
						<String ID="P5_ST00056" HPOS="514" VPOS="842" WIDTH="64" HEIGHT="47" CONTENT="als" WC="0.94" CC="725"/>
						<SP ID="P5_SP00047" HPOS="578" VPOS="896" WIDTH="40"/>
						<String ID="P5_ST00057" HPOS="618" VPOS="841" WIDTH="102" HEIGHT="48" CONTENT="dem" WC="0.99" CC="030"/>
						<SP ID="P5_SP00048" HPOS="720" VPOS="896" WIDTH="34"/>
						<String ID="P5_ST00058" HPOS="754" VPOS="842" WIDTH="359" HEIGHT="66" CONTENT="beabsichtigten" WC="0.99" CC="21053027000716"/>
						<SP ID="P5_SP00049" HPOS="1113" VPOS="908" WIDTH="31"/>
						<String ID="P5_ST00059" HPOS="1144" VPOS="845" WIDTH="194" HEIGHT="47" CONTENT="Zwecke" WC="0.99" CC="095000"/>
						<SP ID="P5_SP00050" HPOS="1338" VPOS="908" WIDTH="38"/>
						<String ID="P5_ST00060" HPOS="1376" VPOS="846" WIDTH="122" HEIGHT="47" CONTENT="einer" WC="0.99" CC="00700"/>
						<SP ID="P5_SP00051" HPOS="1498" VPOS="908" WIDTH="38"/>
						<String ID="P5_ST00061" HPOS="1536" VPOS="847" WIDTH="115" HEIGHT="64" CONTENT="allge" SUBS_TYPE="HypPart1" SUBS_CONTENT="allgemeineren" WC="0.99" CC="00490"/>
						<HYP HPOS="1651" VPOS="847" WIDTH="23" CONTENT="-"/>
					</TextLine>
					<TextLine ID="P5_TL00010" HPOS="144" VPOS="918" WIDTH="709" HEIGHT="61">
						<String ID="P5_ST00062" HPOS="144" VPOS="920" WIDTH="237" HEIGHT="49" CONTENT="meineren" SUBS_TYPE="HypPart2" SUBS_CONTENT="allgemeineren" WC="0.99" CC="00053030"/>
						<SP ID="P5_SP00052" HPOS="381" VPOS="969" WIDTH="34"/>
						<String ID="P5_ST00063" HPOS="415" VPOS="918" WIDTH="438" HEIGHT="61" CONTENT="Veröffentlichung." WC="1.00" CC="00302207720003793"/>
					</TextLine>
					<TextLine ID="P5_TL00011" HPOS="686" VPOS="980" WIDTH="12" HEIGHT="21">
						<String ID="P5_ST00064" HPOS="686" VPOS="980" WIDTH="12" HEIGHT="21" CONTENT="\" WC="0.26" CC="7" STYLEREFS="TXT_2"/>
					</TextLine>
					<TextLine ID="P5_TL00012" HPOS="263" VPOS="995" WIDTH="1411" HEIGHT="67">
						<String ID="P5_ST00065" HPOS="263" VPOS="998" WIDTH="66" HEIGHT="45" CONTENT="Zu" WC="0.73" CC="05"/>
						<SP ID="P5_SP00053" HPOS="329" VPOS="1043" WIDTH="31"/>
						<String ID="P5_ST00066" HPOS="360" VPOS="995" WIDTH="151" HEIGHT="48" CONTENT="diesen" WC="0.99" CC="001205"/>
						<SP ID="P5_SP00054" HPOS="511" VPOS="1043" WIDTH="35"/>
						<String ID="P5_ST00067" HPOS="546" VPOS="997" WIDTH="371" HEIGHT="62" CONTENT="Betrachtungen" WC="0.99" CC="7371600703905"/>
						<SP ID="P5_SP00055" HPOS="917" VPOS="1059" WIDTH="33"/>
						<String ID="P5_ST00068" HPOS="950" VPOS="996" WIDTH="77" HEIGHT="48" CONTENT="hat" WC="0.96" CC="054"/>
						<SP ID="P5_SP00056" HPOS="1027" VPOS="1059" WIDTH="31"/>
						<String ID="P5_ST00069" HPOS="1058" VPOS="1015" WIDTH="81" HEIGHT="30" CONTENT="uns" WC="0.94" CC="680"/>
						<SP ID="P5_SP00057" HPOS="1139" VPOS="1059" WIDTH="23"/>
						<String ID="P5_ST00070" HPOS="1162" VPOS="998" WIDTH="110" HEIGHT="64" CONTENT="jetzt" WC="0.97" CC="40563"/>
						<SP ID="P5_SP00058" HPOS="1272" VPOS="1062" WIDTH="27"/>
						<String ID="P5_ST00071" HPOS="1299" VPOS="998" WIDTH="245" HEIGHT="49" CONTENT="besonders" WC="0.99" CC="450260030"/>
						<SP ID="P5_SP00059" HPOS="1544" VPOS="1062" WIDTH="24"/>
						<String ID="P5_ST00072" HPOS="1568" VPOS="1001" WIDTH="80" HEIGHT="47" CONTENT="wie" SUBS_TYPE="HypPart1" SUBS_CONTENT="wieder" WC="0.99" CC="000"/>
						<HYP HPOS="1648" VPOS="1001" WIDTH="26" CONTENT="-"/>
					</TextLine>
					<TextLine ID="P5_TL00013" HPOS="148" VPOS="1073" WIDTH="1526" HEIGHT="69">
						<String ID="P5_ST00073" HPOS="148" VPOS="1075" WIDTH="80" HEIGHT="48" CONTENT="der" SUBS_TYPE="HypPart2" SUBS_CONTENT="wieder" WC="0.99" CC="002"/>
						<SP ID="P5_SP00060" HPOS="228" VPOS="1123" WIDTH="29"/>
						<String ID="P5_ST00074" HPOS="257" VPOS="1073" WIDTH="73" HEIGHT="49" CONTENT="die" WC="1.00" CC="000"/>
						<SP ID="P5_SP00061" HPOS="330" VPOS="1123" WIDTH="30"/>
						<String ID="P5_ST00075" HPOS="360" VPOS="1075" WIDTH="261" HEIGHT="63" CONTENT="Anhörung" WC="0.98" CC="36503380"/>
						<SP ID="P5_SP00062" HPOS="621" VPOS="1138" WIDTH="45"/>
						<String ID="P5_ST00076" HPOS="666" VPOS="1075" WIDTH="124" HEIGHT="47" CONTENT="einer" WC="0.99" CC="00700"/>
						<SP ID="P5_SP00063" HPOS="790" VPOS="1138" WIDTH="31"/>
						<String ID="P5_ST00077" HPOS="821" VPOS="1076" WIDTH="314" HEIGHT="62" CONTENT="Composition" WC="0.79" CC="54003005030"/>
						<SP ID="P5_SP00064" HPOS="1135" VPOS="1138" WIDTH="43"/>
						<String ID="P5_ST00078" HPOS="1178" VPOS="1077" WIDTH="42" HEIGHT="47" CONTENT="in" WC="1.00" CC="00"/>
						<SP ID="P5_SP00065" HPOS="1220" VPOS="1138" WIDTH="42"/>
						<String ID="P5_ST00079" HPOS="1262" VPOS="1077" WIDTH="292" HEIGHT="65" CONTENT="Duisburg" WC="1.00" CC="02002220"/>
						<SP ID="P5_SP00066" HPOS="1554" VPOS="1142" WIDTH="43"/>
						<String ID="P5_ST00080" HPOS="1597" VPOS="1095" WIDTH="52" HEIGHT="47" CONTENT="ge" SUBS_TYPE="HypPart1" SUBS_CONTENT="geführt," WC="0.96" CC="90"/>
						<HYP HPOS="1649" VPOS="1095" WIDTH="25" CONTENT="-"/>
					</TextLine>
					<TextLine ID="P5_TL00014" HPOS="148" VPOS="1152" WIDTH="1528" HEIGHT="66">
						<String ID="P5_ST00081" HPOS="148" VPOS="1152" WIDTH="145" HEIGHT="56" CONTENT="führt," SUBS_TYPE="HypPart2" SUBS_CONTENT="geführt," WC="1.00" CC="004000"/>
						<SP ID="P5_SP00067" HPOS="293" VPOS="1208" WIDTH="31"/>
						<String ID="P5_ST00082" HPOS="324" VPOS="1152" WIDTH="41" HEIGHT="47" CONTENT="in" WC="0.70" CC="05"/>
						<SP ID="P5_SP00068" HPOS="365" VPOS="1208" WIDTH="32"/>
						<String ID="P5_ST00083" HPOS="397" VPOS="1152" WIDTH="81" HEIGHT="47" CONTENT="der" WC="0.99" CC="003"/>
						<SP ID="P5_SP00069" HPOS="478" VPOS="1208" WIDTH="28"/>
						<String ID="P5_ST00084" HPOS="506" VPOS="1152" WIDTH="286" HEIGHT="65" CONTENT="ehemaligen" WC="0.99" CC="0001621006"/>
						<SP ID="P5_SP00070" HPOS="792" VPOS="1217" WIDTH="34"/>
						<String ID="P5_ST00085" HPOS="826" VPOS="1153" WIDTH="430" HEIGHT="56" CONTENT="Universitätsstadt," WC="0.99" CC="530002218076546060"/>
						<SP ID="P5_SP00071" HPOS="1256" VPOS="1217" WIDTH="40"/>
						<String ID="P5_ST00086" HPOS="1296" VPOS="1153" WIDTH="111" HEIGHT="65" CONTENT="jetzt" WC="0.97" CC="14675"/>
						<SP ID="P5_SP00072" HPOS="1407" VPOS="1218" WIDTH="28"/>
						<String ID="P5_ST00087" HPOS="1435" VPOS="1156" WIDTH="87" HEIGHT="47" CONTENT="Sitz" WC="0.97" CC="4017"/>
						<SP ID="P5_SP00073" HPOS="1522" VPOS="1218" WIDTH="31"/>
						<String ID="P5_ST00088" HPOS="1553" VPOS="1156" WIDTH="123" HEIGHT="47" CONTENT="einer" WC="0.99" CC="00700"/>
					</TextLine>
					<TextLine ID="P5_TL00015" HPOS="144" VPOS="1230" WIDTH="1531" HEIGHT="64">
						<String ID="P5_ST00089" HPOS="144" VPOS="1231" WIDTH="187" HEIGHT="47" CONTENT="reichen" WC="0.98" CC="6004407"/>
						<SP ID="P5_SP00074" HPOS="331" VPOS="1278" WIDTH="27"/>
						<String ID="P5_ST00090" HPOS="358" VPOS="1230" WIDTH="443" HEIGHT="64" CONTENT="Gewerblhätigkeit" WC="0.72" CC="0000630806390006"/>
						<SP ID="P5_SP00075" HPOS="801" VPOS="1294" WIDTH="31"/>
						<String ID="P5_ST00091" HPOS="832" VPOS="1231" WIDTH="88" HEIGHT="47" CONTENT="und" WC="0.97" CC="700"/>
						<SP ID="P5_SP00076" HPOS="920" VPOS="1294" WIDTH="35"/>
						<String ID="P5_ST00092" HPOS="955" VPOS="1231" WIDTH="76" HEIGHT="47" CONTENT="des" WC="1.00" CC="000"/>
						<SP ID="P5_SP00077" HPOS="1031" VPOS="1294" WIDTH="32"/>
						<String ID="P5_ST00093" HPOS="1063" VPOS="1232" WIDTH="217" HEIGHT="62" CONTENT="rührigen" WC="0.99" CC="50203011"/>
						<SP ID="P5_SP00078" HPOS="1280" VPOS="1294" WIDTH="28"/>
						<String ID="P5_ST00094" HPOS="1308" VPOS="1232" WIDTH="231" HEIGHT="48" CONTENT="Betriebes" WC="0.99" CC="008200700"/>
						<SP ID="P5_SP00079" HPOS="1539" VPOS="1294" WIDTH="28"/>
						<String ID="P5_ST00095" HPOS="1567" VPOS="1233" WIDTH="87" HEIGHT="47" CONTENT="eini" SUBS_TYPE="HypPart1" SUBS_CONTENT="einiger" WC="0.99" CC="0070"/>
						<HYP HPOS="1654" VPOS="1233" WIDTH="21" CONTENT="-"/>
					</TextLine>
					<TextLine ID="P5_TL00016" HPOS="144" VPOS="1306" WIDTH="1175" HEIGHT="67">
						<String ID="P5_ST00096" HPOS="144" VPOS="1324" WIDTH="84" HEIGHT="49" CONTENT="ger" SUBS_TYPE="HypPart2" SUBS_CONTENT="einiger" WC="0.98" CC="600"/>
						<SP ID="P5_SP00080" HPOS="228" VPOS="1373" WIDTH="32"/>
						<String ID="P5_ST00097" HPOS="260" VPOS="1306" WIDTH="391" HEIGHT="65" CONTENT="Handelszweige." WC="1.00" CC="62700006040000"/>
						<SP ID="P5_SP00081" HPOS="651" VPOS="1373" WIDTH="46"/>
						<String ID="P5_ST00098" HPOS="697" VPOS="1308" WIDTH="84" HEIGHT="47" CONTENT="Die" WC="1.00" CC="000"/>
						<SP ID="P5_SP00082" HPOS="781" VPOS="1373" WIDTH="31"/>
						<String ID="P5_ST00099" HPOS="812" VPOS="1307" WIDTH="312" HEIGHT="65" CONTENT="Composition" WC="0.86" CC="03000007004"/>
						<SP ID="P5_SP00083" HPOS="1124" VPOS="1373" WIDTH="33"/>
						<String ID="P5_ST00100" HPOS="1157" VPOS="1308" WIDTH="162" HEIGHT="49" CONTENT="heisst:" WC="0.82" CC="6400000"/>
					</TextLine>
				</TextBlock>
				<TextBlock ID="P5_TB00003" HPOS="667" VPOS="1426" WIDTH="488" HEIGHT="55" STYLEREFS="TXT_3 PAR_LEFT">
					<TextLine ID="P5_TL00017" HPOS="667" VPOS="1426" WIDTH="488" HEIGHT="55">
						<String ID="P5_ST00101" HPOS="667" VPOS="1428" WIDTH="84" HEIGHT="53" CONTENT="Die" WC="0.96" CC="406"/>
						<SP ID="P5_SP00084" HPOS="751" VPOS="1481" WIDTH="42"/>
						<String ID="P5_ST00102" HPOS="793" VPOS="1426" WIDTH="362" HEIGHT="55" CONTENT="Martinswand." WC="0.33" CC="756756666792"/>
					</TextLine>
				</TextBlock>
				<TextBlock ID="P5_TB00004" HPOS="145" VPOS="1537" WIDTH="1535" HEIGHT="109" STYLEREFS="TXT_4 PAR_LEFT">
					<TextLine ID="P5_TL00018" HPOS="148" VPOS="1538" WIDTH="1529" HEIGHT="48">
						<String ID="P5_ST00103" HPOS="148" VPOS="1539" WIDTH="461" HEIGHT="47" CONTENT="Lyrisch-dramatisches" WC="0.98" CC="00000005000004067704"/>
						<SP ID="P5_SP00085" HPOS="609" VPOS="1586" WIDTH="24"/>
						<String ID="P5_ST00104" HPOS="633" VPOS="1539" WIDTH="268" HEIGHT="46" CONTENT="Gesangstück" WC="0.99" CC="23537500045"/>
						<SP ID="P5_SP00086" HPOS="901" VPOS="1586" WIDTH="26"/>
						<String ID="P5_ST00105" HPOS="927" VPOS="1539" WIDTH="60" HEIGHT="34" CONTENT="für" WC="0.98" CC="004"/>
						<SP ID="P5_SP00087" HPOS="987" VPOS="1586" WIDTH="31"/>
						<String ID="P5_ST00106" HPOS="1018" VPOS="1539" WIDTH="90" HEIGHT="42" CONTENT="Soli," WC="0.97" CC="65142"/>
						<SP ID="P5_SP00088" HPOS="1108" VPOS="1586" WIDTH="32"/>
						<String ID="P5_ST00107" HPOS="1140" VPOS="1539" WIDTH="100" HEIGHT="34" CONTENT="Chor" WC="0.96" CC="6761"/>
						<SP ID="P5_SP00089" HPOS="1240" VPOS="1586" WIDTH="29"/>
						<String ID="P5_ST00108" HPOS="1269" VPOS="1538" WIDTH="76" HEIGHT="34" CONTENT="und" WC="0.93" CC="466"/>
						<SP ID="P5_SP00090" HPOS="1345" VPOS="1586" WIDTH="29"/>
						<String ID="P5_ST00109" HPOS="1374" VPOS="1539" WIDTH="202" HEIGHT="34" CONTENT="Orchester" WC="0.99" CC="020700637"/>
						<SP ID="P5_SP00091" HPOS="1576" VPOS="1586" WIDTH="28"/>
						<String ID="P5_ST00110" HPOS="1604" VPOS="1552" WIDTH="73" HEIGHT="22" CONTENT="von" WC="0.96" CC="162"/>
					</TextLine>
					<TextLine ID="P5_TL00019" HPOS="711" VPOS="1608" WIDTH="401" HEIGHT="35">
						<String ID="P5_ST00111" HPOS="711" VPOS="1609" WIDTH="47" HEIGHT="34" CONTENT="A." WC="0.50" CC="54"/>
						<SP ID="P5_SP00092" HPOS="758" VPOS="1643" WIDTH="38"/>
						<String ID="P5_ST00112" HPOS="796" VPOS="1609" WIDTH="86" HEIGHT="33" CONTENT="Zur" WC="0.94" CC="455"/>
						<SP ID="P5_SP00093" HPOS="882" VPOS="1643" WIDTH="42"/>
						<String ID="P5_ST00113" HPOS="924" VPOS="1608" WIDTH="188" HEIGHT="35" CONTENT="Nieden." WC="0.81" CC="6001004"/>
					</TextLine>
				</TextBlock>
				<TextBlock ID="P5_TB00005" HPOS="142" VPOS="1689" WIDTH="1541" HEIGHT="2483" STYLEREFS="TXT_1 PAR_BLOCK">
					<TextLine ID="P5_TL00020" HPOS="266" VPOS="1693" WIDTH="1411" HEIGHT="60">
						<String ID="P5_ST00114" HPOS="266" VPOS="1694" WIDTH="93" HEIGHT="46" CONTENT="Das" WC="0.97" CC="800"/>
						<SP ID="P5_SP00094" HPOS="359" VPOS="1740" WIDTH="32"/>
						<String ID="P5_ST00115" HPOS="391" VPOS="1693" WIDTH="193" HEIGHT="48" CONTENT="Gedicht" WC="0.98" CC="4650024"/>
						<SP ID="P5_SP00095" HPOS="584" VPOS="1741" WIDTH="29"/>
						<String ID="P5_ST00116" HPOS="613" VPOS="1694" WIDTH="55" HEIGHT="47" CONTENT="ist" WC="0.98" CC="005"/>
						<SP ID="P5_SP00096" HPOS="668" VPOS="1741" WIDTH="29"/>
						<String ID="P5_ST00117" HPOS="697" VPOS="1693" WIDTH="218" HEIGHT="48" CONTENT="ebenfalls" WC="0.98" CC="450874066"/>
						<SP ID="P5_SP00097" HPOS="915" VPOS="1741" WIDTH="31"/>
						<String ID="P5_ST00118" HPOS="946" VPOS="1710" WIDTH="82" HEIGHT="31" CONTENT="von" WC="0.97" CC="008"/>
						<SP ID="P5_SP00098" HPOS="1028" VPOS="1741" WIDTH="33"/>
						<String ID="P5_ST00119" HPOS="1061" VPOS="1694" WIDTH="153" HEIGHT="47" CONTENT="Herrn" WC="0.97" CC="70650"/>
						<SP ID="P5_SP00099" HPOS="1214" VPOS="1741" WIDTH="29"/>
						<String ID="P5_ST00120" HPOS="1243" VPOS="1696" WIDTH="93" HEIGHT="45" CONTENT="Zur" WC="0.98" CC="050"/>
						<SP ID="P5_SP00100" HPOS="1336" VPOS="1741" WIDTH="30"/>
						<String ID="P5_ST00121" HPOS="1366" VPOS="1694" WIDTH="194" HEIGHT="59" CONTENT="Nieden," WC="0.66" CC="3225072"/>
						<SP ID="P5_SP00101" HPOS="1560" VPOS="1753" WIDTH="35"/>
						<String ID="P5_ST00122" HPOS="1595" VPOS="1696" WIDTH="82" HEIGHT="48" CONTENT="der" WC="0.99" CC="002"/>
					</TextLine>
					<TextLine ID="P5_TL00021" HPOS="147" VPOS="1771" WIDTH="1529" HEIGHT="66">
						<String ID="P5_ST00123" HPOS="147" VPOS="1771" WIDTH="43" HEIGHT="48" CONTENT="in" WC="0.90" CC="20"/>
						<SP ID="P5_SP00102" HPOS="190" VPOS="1819" WIDTH="33"/>
						<String ID="P5_ST00124" HPOS="223" VPOS="1771" WIDTH="236" HEIGHT="64" CONTENT="Duisburg" WC="0.99" CC="70026150"/>
						<SP ID="P5_SP00103" HPOS="459" VPOS="1835" WIDTH="33"/>
						<String ID="P5_ST00125" HPOS="492" VPOS="1772" WIDTH="61" HEIGHT="47" CONTENT="als" WC="0.96" CC="206"/>
						<SP ID="P5_SP00104" HPOS="553" VPOS="1835" WIDTH="32"/>
						<String ID="P5_ST00126" HPOS="585" VPOS="1771" WIDTH="305" HEIGHT="48" CONTENT="Musiklebrer" WC="0.72" CC="00003057534"/>
						<SP ID="P5_SP00105" HPOS="890" VPOS="1835" WIDTH="32"/>
						<String ID="P5_ST00127" HPOS="922" VPOS="1771" WIDTH="89" HEIGHT="48" CONTENT="und" WC="0.95" CC="770"/>
						<SP ID="P5_SP00106" HPOS="1011" VPOS="1835" WIDTH="34"/>
						<String ID="P5_ST00128" HPOS="1045" VPOS="1772" WIDTH="209" HEIGHT="63" CONTENT="Dirigent" WC="0.98" CC="00509086"/>
						<SP ID="P5_SP00107" HPOS="1254" VPOS="1835" WIDTH="28"/>
						<String ID="P5_ST00129" HPOS="1282" VPOS="1772" WIDTH="78" HEIGHT="47" CONTENT="des" WC="0.98" CC="005"/>
						<SP ID="P5_SP00108" HPOS="1360" VPOS="1835" WIDTH="29"/>
						<String ID="P5_ST00130" HPOS="1389" VPOS="1773" WIDTH="287" HEIGHT="64" CONTENT="Singvereins" WC="0.99" CC="04490210080"/>
					</TextLine>
					<TextLine ID="P5_TL00022" HPOS="148" VPOS="1847" WIDTH="1527" HEIGHT="66">
						<String ID="P5_ST00131" HPOS="148" VPOS="1848" WIDTH="93" HEIGHT="48" CONTENT="lebt" WC="0.98" CC="3006"/>
						<SP ID="P5_SP00109" HPOS="241" VPOS="1896" WIDTH="32"/>
						<String ID="P5_ST00132" HPOS="273" VPOS="1847" WIDTH="91" HEIGHT="48" CONTENT="und" WC="1.00" CC="100"/>
						<SP ID="P5_SP00110" HPOS="364" VPOS="1896" WIDTH="33"/>
						<String ID="P5_ST00133" HPOS="397" VPOS="1865" WIDTH="81" HEIGHT="30" CONTENT="uns" WC="0.95" CC="480"/>
						<SP ID="P5_SP00111" HPOS="478" VPOS="1896" WIDTH="31"/>
						<String ID="P5_ST00134" HPOS="509" VPOS="1848" WIDTH="143" HEIGHT="48" CONTENT="durch" WC="0.99" CC="00232"/>
						<SP ID="P5_SP00112" HPOS="652" VPOS="1896" WIDTH="32"/>
						<String ID="P5_ST00135" HPOS="684" VPOS="1849" WIDTH="148" HEIGHT="63" CONTENT="einige" WC="0.98" CC="006090"/>
						<SP ID="P5_SP00113" HPOS="832" VPOS="1912" WIDTH="31"/>
						<String ID="P5_ST00136" HPOS="863" VPOS="1848" WIDTH="205" HEIGHT="48" CONTENT="hübsche" WC="0.99" CC="4076100"/>
						<SP ID="P5_SP00114" HPOS="1068" VPOS="1912" WIDTH="29"/>
						<String ID="P5_ST00137" HPOS="1097" VPOS="1849" WIDTH="336" HEIGHT="64" CONTENT="Kleinigkeiten" WC="0.99" CC="6040809506600"/>
						<SP ID="P5_SP00115" HPOS="1433" VPOS="1913" WIDTH="40"/>
						<String ID="P5_ST00138" HPOS="1473" VPOS="1852" WIDTH="75" HEIGHT="44" CONTENT="für" WC="0.98" CC="600"/>
						<SP ID="P5_SP00116" HPOS="1548" VPOS="1913" WIDTH="25"/>
						<String ID="P5_ST00139" HPOS="1573" VPOS="1851" WIDTH="77" HEIGHT="47" CONTENT="Cia" SUBS_TYPE="HypPart1" SUBS_CONTENT="Ciavier" WC="0.99" CC="320"/>
						<HYP HPOS="1650" VPOS="1851" WIDTH="25" CONTENT="-"/>
					</TextLine>
					<TextLine ID="P5_TL00023" HPOS="143" VPOS="1926" WIDTH="1533" HEIGHT="66">
						<String ID="P5_ST00140" HPOS="143" VPOS="1927" WIDTH="97" HEIGHT="48" CONTENT="vier" SUBS_TYPE="HypPart2" SUBS_CONTENT="Ciavier" WC="0.97" CC="7005"/>
						<SP ID="P5_SP00117" HPOS="240" VPOS="1975" WIDTH="31"/>
						<String ID="P5_ST00141" HPOS="271" VPOS="1926" WIDTH="91" HEIGHT="48" CONTENT="und" WC="0.96" CC="530"/>
						<SP ID="P5_SP00118" HPOS="362" VPOS="1975" WIDTH="30"/>
						<String ID="P5_ST00142" HPOS="392" VPOS="1926" WIDTH="145" HEIGHT="48" CONTENT="durch" WC="1.00" CC="01000"/>
						<SP ID="P5_SP00119" HPOS="537" VPOS="1975" WIDTH="33"/>
						<String ID="P5_ST00143" HPOS="570" VPOS="1927" WIDTH="538" HEIGHT="65" CONTENT="Vocal-Compositionen" WC="0.63" CC="3405024006842604706"/>
						<SP ID="P5_SP00120" HPOS="1108" VPOS="1992" WIDTH="32"/>
						<String ID="P5_ST00144" HPOS="1140" VPOS="1927" WIDTH="166" HEIGHT="48" CONTENT="bereits" WC="0.99" CC="5102100"/>
						<SP ID="P5_SP00121" HPOS="1306" VPOS="1992" WIDTH="31"/>
						<String ID="P5_ST00145" HPOS="1337" VPOS="1927" WIDTH="202" HEIGHT="48" CONTENT="bekannt" WC="0.98" CC="4530640"/>
						<SP ID="P5_SP00122" HPOS="1539" VPOS="1992" WIDTH="30"/>
						<String ID="P5_ST00146" HPOS="1569" VPOS="1945" WIDTH="107" HEIGHT="33" CONTENT="war." WC="0.98" CC="5030"/>
					</TextLine>
					<TextLine ID="P5_TL00024" HPOS="152" VPOS="2004" WIDTH="1528" HEIGHT="66">
						<String ID="P5_ST00147" HPOS="152" VPOS="2006" WIDTH="85" HEIGHT="47" CONTENT="Die" WC="0.98" CC="500"/>
						<SP ID="P5_SP00123" HPOS="237" VPOS="2053" WIDTH="31"/>
						<String ID="P5_ST00148" HPOS="268" VPOS="2004" WIDTH="233" HEIGHT="65" CONTENT="Dichtung" WC="0.99" CC="02342050"/>
						<SP ID="P5_SP00124" HPOS="501" VPOS="2069" WIDTH="45"/>
						<String ID="P5_ST00149" HPOS="546" VPOS="2006" WIDTH="54" HEIGHT="45" CONTENT="ist" WC="0.98" CC="005"/>
						<SP ID="P5_SP00125" HPOS="600" VPOS="2069" WIDTH="41"/>
						<String ID="P5_ST00150" HPOS="641" VPOS="2006" WIDTH="169" HEIGHT="47" CONTENT="freilich" WC="1.00" CC="00006000"/>
						<SP ID="P5_SP00126" HPOS="810" VPOS="2069" WIDTH="46"/>
						<String ID="P5_ST00151" HPOS="856" VPOS="2006" WIDTH="69" HEIGHT="45" CONTENT="ein" WC="0.96" CC="037"/>
						<SP ID="P5_SP00127" HPOS="925" VPOS="2069" WIDTH="34"/>
						<String ID="P5_ST00152" HPOS="959" VPOS="2004" WIDTH="177" HEIGHT="49" CONTENT="kühner" WC="0.99" CC="000704"/>
						<SP ID="P5_SP00128" HPOS="1136" VPOS="2069" WIDTH="35"/>
						<String ID="P5_ST00153" HPOS="1171" VPOS="2006" WIDTH="162" HEIGHT="54" CONTENT="Wurf;" WC="0.99" CC="05302"/>
						<SP ID="P5_SP00129" HPOS="1333" VPOS="2069" WIDTH="43"/>
						<String ID="P5_ST00154" HPOS="1376" VPOS="2006" WIDTH="63" HEIGHT="47" CONTENT="sie" WC="0.97" CC="034"/>
						<SP ID="P5_SP00130" HPOS="1439" VPOS="2069" WIDTH="30"/>
						<String ID="P5_ST00155" HPOS="1469" VPOS="2006" WIDTH="211" HEIGHT="64" CONTENT="gruppirt" WC="0.72" CC="00055055"/>
					</TextLine>
					<TextLine ID="P5_TL00025" HPOS="148" VPOS="2081" WIDTH="1531" HEIGHT="66">
						<String ID="P5_ST00156" HPOS="148" VPOS="2098" WIDTH="215" HEIGHT="49" CONTENT="morgen-" WC="0.99" CC="5200023"/>
						<SP ID="P5_SP00131" HPOS="363" VPOS="2147" WIDTH="46"/>
						<String ID="P5_ST00157" HPOS="409" VPOS="2082" WIDTH="92" HEIGHT="47" CONTENT="und" WC="1.00" CC="000"/>
						<SP ID="P5_SP00132" HPOS="501" VPOS="2147" WIDTH="43"/>
						<String ID="P5_ST00158" HPOS="544" VPOS="2082" WIDTH="402" HEIGHT="54" CONTENT="abendländische," WC="1.00" CC="540000440032402"/>
						<SP ID="P5_SP00133" HPOS="946" VPOS="2147" WIDTH="43"/>
						<String ID="P5_ST00159" HPOS="989" VPOS="2081" WIDTH="259" HEIGHT="49" CONTENT="heidnische" WC="0.99" CC="2500609072"/>
						<SP ID="P5_SP00134" HPOS="1248" VPOS="2147" WIDTH="46"/>
						<String ID="P5_ST00160" HPOS="1294" VPOS="2082" WIDTH="90" HEIGHT="48" CONTENT="und" WC="0.99" CC="030"/>
						<SP ID="P5_SP00135" HPOS="1384" VPOS="2147" WIDTH="39"/>
						<String ID="P5_ST00161" HPOS="1423" VPOS="2083" WIDTH="256" HEIGHT="48" CONTENT="christliche" WC="0.99" CC="05009660260"/>
					</TextLine>
					<TextLine ID="P5_TL00026" HPOS="148" VPOS="2159" WIDTH="1531" HEIGHT="65">
						<String ID="P5_ST00162" HPOS="148" VPOS="2159" WIDTH="291" HEIGHT="49" CONTENT="Geisterwelt" WC="0.99" CC="00252542065"/>
						<SP ID="P5_SP00136" HPOS="439" VPOS="2208" WIDTH="23"/>
						<String ID="P5_ST00163" HPOS="462" VPOS="2177" WIDTH="74" HEIGHT="29" CONTENT="um" WC="0.70" CC="05"/>
						<SP ID="P5_SP00137" HPOS="536" VPOS="2208" WIDTH="25"/>
						<String ID="P5_ST00164" HPOS="561" VPOS="2161" WIDTH="86" HEIGHT="47" CONTENT="den" WC="1.00" CC="000"/>
						<SP ID="P5_SP00138" HPOS="647" VPOS="2208" WIDTH="23"/>
						<String ID="P5_ST00165" HPOS="670" VPOS="2159" WIDTH="249" HEIGHT="49" CONTENT="deutschen" WC="0.99" CC="000520703"/>
						<SP ID="P5_SP00139" HPOS="919" VPOS="2208" WIDTH="26"/>
						<String ID="P5_ST00166" HPOS="945" VPOS="2159" WIDTH="151" HEIGHT="65" CONTENT="König" WC="0.98" CC="52610"/>
						<SP ID="P5_SP00140" HPOS="1096" VPOS="2224" WIDTH="24"/>
						<String ID="P5_ST00167" HPOS="1120" VPOS="2159" WIDTH="280" HEIGHT="50" CONTENT="Maximilian" WC="1.00" CC="3400000000"/>
						<SP ID="P5_SP00141" HPOS="1400" VPOS="2224" WIDTH="26"/>
						<String ID="P5_ST00168" HPOS="1426" VPOS="2161" WIDTH="90" HEIGHT="49" CONTENT="und" WC="0.98" CC="140"/>
						<SP ID="P5_SP00142" HPOS="1516" VPOS="2224" WIDTH="25"/>
						<String ID="P5_ST00169" HPOS="1541" VPOS="2161" WIDTH="111" HEIGHT="48" CONTENT="über" SUBS_TYPE="HypPart1" SUBS_CONTENT="überlässt" WC="0.77" CC="0502"/>
						<HYP HPOS="1652" VPOS="2161" WIDTH="27" CONTENT="-"/>
					</TextLine>
					<TextLine ID="P5_TL00027" HPOS="147" VPOS="2237" WIDTH="1532" HEIGHT="67">
						<String ID="P5_ST00170" HPOS="147" VPOS="2238" WIDTH="107" HEIGHT="46" CONTENT="lässt" SUBS_TYPE="HypPart2" SUBS_CONTENT="überlässt" WC="0.64" CC="75310"/>
						<SP ID="P5_SP00143" HPOS="254" VPOS="2284" WIDTH="28"/>
						<String ID="P5_ST00171" HPOS="282" VPOS="2253" WIDTH="47" HEIGHT="31" CONTENT="es" WC="0.74" CC="13"/>
						<SP ID="P5_SP00144" HPOS="329" VPOS="2284" WIDTH="29"/>
						<String ID="P5_ST00172" HPOS="358" VPOS="2237" WIDTH="80" HEIGHT="47" CONTENT="der" WC="0.98" CC="012"/>
						<SP ID="P5_SP00145" HPOS="438" VPOS="2284" WIDTH="30"/>
						<String ID="P5_ST00173" HPOS="468" VPOS="2238" WIDTH="244" HEIGHT="47" CONTENT="Phantasie" WC="0.99" CC="751740020"/>
						<SP ID="P5_SP00146" HPOS="712" VPOS="2285" WIDTH="37"/>
						<String ID="P5_ST00174" HPOS="749" VPOS="2237" WIDTH="77" HEIGHT="48" CONTENT="des" WC="0.98" CC="040"/>
						<SP ID="P5_SP00147" HPOS="826" VPOS="2285" WIDTH="37"/>
						<String ID="P5_ST00175" HPOS="863" VPOS="2237" WIDTH="250" HEIGHT="57" CONTENT="Zuhörers," WC="0.99" CC="050603104"/>
						<SP ID="P5_SP00148" HPOS="1113" VPOS="2294" WIDTH="44"/>
						<String ID="P5_ST00176" HPOS="1157" VPOS="2237" WIDTH="87" HEIGHT="48" CONTENT="den" WC="0.98" CC="006"/>
						<SP ID="P5_SP00149" HPOS="1244" VPOS="2294" WIDTH="28"/>
						<String ID="P5_ST00177" HPOS="1272" VPOS="2239" WIDTH="407" HEIGHT="65" CONTENT="Zusammenhang" WC="1.00" CC="070000065100"/>
					</TextLine>
					<TextLine ID="P5_TL00028" HPOS="143" VPOS="2312" WIDTH="1537" HEIGHT="67">
						<String ID="P5_ST00178" HPOS="143" VPOS="2329" WIDTH="60" HEIGHT="31" CONTENT="zu" WC="0.62" CC="70"/>
						<SP ID="P5_SP00150" HPOS="203" VPOS="2360" WIDTH="30"/>
						<String ID="P5_ST00179" HPOS="233" VPOS="2312" WIDTH="172" HEIGHT="58" CONTENT="finden," WC="0.99" CC="0070063"/>
						<SP ID="P5_SP00151" HPOS="405" VPOS="2370" WIDTH="30"/>
						<String ID="P5_ST00180" HPOS="435" VPOS="2312" WIDTH="118" HEIGHT="49" CONTENT="denn" WC="0.97" CC="0086"/>
						<SP ID="P5_SP00152" HPOS="553" VPOS="2370" WIDTH="31"/>
						<String ID="P5_ST00181" HPOS="584" VPOS="2313" WIDTH="72" HEIGHT="48" CONTENT="die" WC="0.97" CC="006"/>
						<SP ID="P5_SP00153" HPOS="656" VPOS="2370" WIDTH="29"/>
						<String ID="P5_ST00182" HPOS="685" VPOS="2314" WIDTH="220" HEIGHT="65" CONTENT="lyrischen" WC="0.99" CC="352300008"/>
						<SP ID="P5_SP00154" HPOS="905" VPOS="2379" WIDTH="26"/>
						<String ID="P5_ST00183" HPOS="931" VPOS="2314" WIDTH="213" HEIGHT="65" CONTENT="Sprünge" WC="0.99" CC="0020804"/>
						<SP ID="P5_SP00155" HPOS="1144" VPOS="2379" WIDTH="29"/>
						<String ID="P5_ST00184" HPOS="1173" VPOS="2315" WIDTH="131" HEIGHT="49" CONTENT="darin" WC="0.99" CC="06003"/>
						<SP ID="P5_SP00156" HPOS="1304" VPOS="2379" WIDTH="23"/>
						<String ID="P5_ST00185" HPOS="1327" VPOS="2317" WIDTH="98" HEIGHT="47" CONTENT="sind" WC="0.97" CC="6080"/>
						<SP ID="P5_SP00157" HPOS="1425" VPOS="2379" WIDTH="33"/>
						<String ID="P5_ST00186" HPOS="1458" VPOS="2317" WIDTH="129" HEIGHT="47" CONTENT="mehr" WC="0.99" CC="2001"/>
						<SP ID="P5_SP00158" HPOS="1587" VPOS="2379" WIDTH="29"/>
						<String ID="P5_ST00187" HPOS="1616" VPOS="2317" WIDTH="64" HEIGHT="48" CONTENT="als" WC="0.98" CC="006"/>
					</TextLine>
					<TextLine ID="P5_TL00029" HPOS="150" VPOS="2389" WIDTH="1529" HEIGHT="66">
						<String ID="P5_ST00188" HPOS="150" VPOS="2389" WIDTH="259" HEIGHT="66" CONTENT="pindarisch" WC="0.78" CC="0200304207"/>
						<SP ID="P5_SP00159" HPOS="409" VPOS="2455" WIDTH="31"/>
						<String ID="P5_ST00189" HPOS="440" VPOS="2390" WIDTH="91" HEIGHT="49" CONTENT="und" WC="0.98" CC="040"/>
						<SP ID="P5_SP00160" HPOS="531" VPOS="2455" WIDTH="24"/>
						<String ID="P5_ST00190" HPOS="555" VPOS="2390" WIDTH="71" HEIGHT="49" CONTENT="die" WC="0.98" CC="005"/>
						<SP ID="P5_SP00161" HPOS="626" VPOS="2455" WIDTH="32"/>
						<String ID="P5_ST00191" HPOS="658" VPOS="2392" WIDTH="295" HEIGHT="48" CONTENT="historischen" WC="0.99" CC="606000010606"/>
						<SP ID="P5_SP00162" HPOS="953" VPOS="2455" WIDTH="28"/>
						<String ID="P5_ST00192" HPOS="981" VPOS="2393" WIDTH="257" HEIGHT="48" CONTENT="Freiheiten" WC="0.99" CC="5100300046"/>
						<SP ID="P5_SP00163" HPOS="1238" VPOS="2455" WIDTH="28"/>
						<String ID="P5_ST00193" HPOS="1266" VPOS="2394" WIDTH="129" HEIGHT="47" CONTENT="mehr" WC="0.99" CC="0400"/>
						<SP ID="P5_SP00164" HPOS="1395" VPOS="2455" WIDTH="30"/>
						<String ID="P5_ST00194" HPOS="1425" VPOS="2394" WIDTH="63" HEIGHT="48" CONTENT="als" WC="1.00" CC="100"/>
						<SP ID="P5_SP00165" HPOS="1488" VPOS="2455" WIDTH="27"/>
						<String ID="P5_ST00195" HPOS="1515" VPOS="2394" WIDTH="137" HEIGHT="48" CONTENT="shake" SUBS_TYPE="HypPart1" SUBS_CONTENT="shakespearisch." WC="0.73" CC="07400"/>
						<HYP HPOS="1652" VPOS="2394" WIDTH="27" CONTENT="-"/>
					</TextLine>
					<TextLine ID="P5_TL00030" HPOS="150" VPOS="2469" WIDTH="1529" HEIGHT="67">
						<String ID="P5_ST00196" HPOS="150" VPOS="2469" WIDTH="245" HEIGHT="64" CONTENT="spearisch." SUBS_TYPE="HypPart2" SUBS_CONTENT="shakespearisch." WC="0.74" CC="6050006041"/>
						<SP ID="P5_SP00166" HPOS="395" VPOS="2533" WIDTH="58"/>
						<String ID="P5_ST00197" HPOS="453" VPOS="2469" WIDTH="126" HEIGHT="48" CONTENT="Aber" WC="0.97" CC="5205"/>
						<SP ID="P5_SP00167" HPOS="579" VPOS="2533" WIDTH="30"/>
						<String ID="P5_ST00198" HPOS="609" VPOS="2470" WIDTH="281" HEIGHT="47" CONTENT="musicalisch" WC="0.99" CC="17400440204"/>
						<SP ID="P5_SP00168" HPOS="890" VPOS="2533" WIDTH="33"/>
						<String ID="P5_ST00199" HPOS="923" VPOS="2470" WIDTH="53" HEIGHT="46" CONTENT="ist" WC="1.00" CC="000"/>
						<SP ID="P5_SP00169" HPOS="976" VPOS="2533" WIDTH="29"/>
						<String ID="P5_ST00200" HPOS="1005" VPOS="2470" WIDTH="82" HEIGHT="47" CONTENT="der" WC="1.00" CC="000"/>
						<SP ID="P5_SP00170" HPOS="1087" VPOS="2533" WIDTH="30"/>
						<String ID="P5_ST00201" HPOS="1117" VPOS="2473" WIDTH="118" HEIGHT="46" CONTENT="Text" WC="0.99" CC="0006"/>
						<SP ID="P5_SP00171" HPOS="1235" VPOS="2533" WIDTH="42"/>
						<String ID="P5_ST00202" HPOS="1277" VPOS="2472" WIDTH="270" HEIGHT="64" CONTENT="durchweg," WC="1.00" CC="000065000"/>
						<SP ID="P5_SP00172" HPOS="1547" VPOS="2536" WIDTH="43"/>
						<String ID="P5_ST00203" HPOS="1590" VPOS="2472" WIDTH="89" HEIGHT="48" CONTENT="und" WC="0.97" CC="070"/>
					</TextLine>
					<TextLine ID="P5_TL00031" HPOS="148" VPOS="2545" WIDTH="1532" HEIGHT="68">
						<String ID="P5_ST00204" HPOS="148" VPOS="2545" WIDTH="83" HEIGHT="49" CONTENT="das" WC="0.97" CC="700"/>
						<SP ID="P5_SP00173" HPOS="231" VPOS="2594" WIDTH="32"/>
						<String ID="P5_ST00205" HPOS="263" VPOS="2547" WIDTH="477" HEIGHT="63" CONTENT="rechtfertigt—oder" WC="0.99" CC="30068014609480006"/>
						<SP ID="P5_SP00174" HPOS="740" VPOS="2610" WIDTH="29"/>
						<String ID="P5_ST00206" HPOS="769" VPOS="2548" WIDTH="306" HEIGHT="65" CONTENT="entschuldigt" WC="0.99" CC="574100020094"/>
						<SP ID="P5_SP00175" HPOS="1075" VPOS="2613" WIDTH="28"/>
						<String ID="P5_ST00207" HPOS="1103" VPOS="2550" WIDTH="273" HEIGHT="63" CONTENT="wenigstens" WC="0.99" CC="0690007684"/>
						<SP ID="P5_SP00176" HPOS="1376" VPOS="2613" WIDTH="83"/>
						<String ID="P5_ST00208" HPOS="1459" VPOS="2550" WIDTH="88" HEIGHT="47" CONTENT="den" WC="0.98" CC="040"/>
						<SP ID="P5_SP00177" HPOS="1547" VPOS="2613" WIDTH="31"/>
						<String ID="P5_ST00209" HPOS="1578" VPOS="2550" WIDTH="68" HEIGHT="47" CONTENT="Mu" SUBS_TYPE="HypPart1" SUBS_CONTENT="Musiker," WC="0.99" CC="30"/>
						<HYP HPOS="1646" VPOS="2550" WIDTH="34" CONTENT="-"/>
					</TextLine>
					<TextLine ID="P5_TL00032" HPOS="147" VPOS="2624" WIDTH="1533" HEIGHT="67">
						<String ID="P5_ST00210" HPOS="147" VPOS="2624" WIDTH="140" HEIGHT="57" CONTENT="siker," SUBS_TYPE="HypPart2" SUBS_CONTENT="Musiker," WC="0.99" CC="230040"/>
						<SP ID="P5_SP00178" HPOS="287" VPOS="2681" WIDTH="31"/>
						<String ID="P5_ST00211" HPOS="318" VPOS="2641" WIDTH="133" HEIGHT="31" CONTENT="wenn" WC="0.97" CC="0075"/>
						<SP ID="P5_SP00179" HPOS="451" VPOS="2681" WIDTH="30"/>
						<String ID="P5_ST00212" HPOS="481" VPOS="2642" WIDTH="48" HEIGHT="30" CONTENT="er" WC="0.71" CC="05"/>
						<SP ID="P5_SP00180" HPOS="529" VPOS="2681" WIDTH="29"/>
						<String ID="P5_ST00213" HPOS="558" VPOS="2627" WIDTH="42" HEIGHT="45" CONTENT="in" WC="0.57" CC="08"/>
						<SP ID="P5_SP00181" HPOS="600" VPOS="2681" WIDTH="32"/>
						<String ID="P5_ST00214" HPOS="632" VPOS="2627" WIDTH="81" HEIGHT="45" CONTENT="der" WC="0.98" CC="005"/>
						<SP ID="P5_SP00182" HPOS="713" VPOS="2681" WIDTH="22"/>
						<String ID="P5_ST00215" HPOS="735" VPOS="2628" WIDTH="474" HEIGHT="63" CONTENT="Zusammenstellung" WC="0.99" CC="2443700803054060"/>
						<SP ID="P5_SP00183" HPOS="1209" VPOS="2691" WIDTH="29"/>
						<String ID="P5_ST00216" HPOS="1238" VPOS="2628" WIDTH="81" HEIGHT="47" CONTENT="der" WC="0.98" CC="004"/>
						<SP ID="P5_SP00184" HPOS="1319" VPOS="2691" WIDTH="31"/>
						<String ID="P5_ST00217" HPOS="1350" VPOS="2629" WIDTH="76" HEIGHT="46" CONTENT="für" WC="0.99" CC="002"/>
						<SP ID="P5_SP00185" HPOS="1426" VPOS="2691" WIDTH="30"/>
						<String ID="P5_ST00218" HPOS="1456" VPOS="2629" WIDTH="200" HEIGHT="47" CONTENT="musicali" SUBS_TYPE="HypPart1" SUBS_CONTENT="musicalischen" WC="1.00" CC="00000060"/>
						<HYP HPOS="1656" VPOS="2629" WIDTH="24" CONTENT="-"/>
					</TextLine>
					<TextLine ID="P5_TL00033" HPOS="144" VPOS="2702" WIDTH="1537" HEIGHT="66">
						<String ID="P5_ST00219" HPOS="144" VPOS="2702" WIDTH="144" HEIGHT="48" CONTENT="schen" SUBS_TYPE="HypPart2" SUBS_CONTENT="musicalischen" WC="0.98" CC="81303"/>
						<SP ID="P5_SP00186" HPOS="288" VPOS="2750" WIDTH="32"/>
						<String ID="P5_ST00220" HPOS="320" VPOS="2702" WIDTH="242" HEIGHT="48" CONTENT="Ausdruck" WC="0.99" CC="60600430"/>
						<SP ID="P5_SP00187" HPOS="562" VPOS="2750" WIDTH="41"/>
						<String ID="P5_ST00221" HPOS="603" VPOS="2703" WIDTH="269" HEIGHT="65" CONTENT="geeigneten" WC="1.00" CC="0010080006"/>
						<SP ID="P5_SP00188" HPOS="872" VPOS="2768" WIDTH="31"/>
						<String ID="P5_ST00222" HPOS="903" VPOS="2703" WIDTH="284" HEIGHT="49" CONTENT="Situationen" WC="0.99" CC="40610354608"/>
						<SP ID="P5_SP00189" HPOS="1187" VPOS="2768" WIDTH="46"/>
						<String ID="P5_ST00223" HPOS="1233" VPOS="2705" WIDTH="122" HEIGHT="47" CONTENT="nicht" WC="0.97" CC="80072"/>
						<SP ID="P5_SP00190" HPOS="1355" VPOS="2768" WIDTH="40"/>
						<String ID="P5_ST00224" HPOS="1395" VPOS="2705" WIDTH="163" HEIGHT="49" CONTENT="immer" WC="0.98" CC="06004"/>
						<SP ID="P5_SP00191" HPOS="1558" VPOS="2768" WIDTH="43"/>
						<String ID="P5_ST00225" HPOS="1601" VPOS="2705" WIDTH="80" HEIGHT="49" CONTENT="der" WC="0.98" CC="005"/>
					</TextLine>
					<TextLine ID="P5_TL00034" HPOS="150" VPOS="2780" WIDTH="1532" HEIGHT="68">
						<String ID="P5_ST00226" HPOS="150" VPOS="2780" WIDTH="233" HEIGHT="65" CONTENT="logischen" WC="0.99" CC="700310136"/>
						<SP ID="P5_SP00192" HPOS="383" VPOS="2845" WIDTH="34"/>
						<String ID="P5_ST00227" HPOS="417" VPOS="2780" WIDTH="210" HEIGHT="50" CONTENT="Klarheit" WC="0.99" CC="40317305"/>
						<SP ID="P5_SP00193" HPOS="627" VPOS="2845" WIDTH="34"/>
						<String ID="P5_ST00228" HPOS="661" VPOS="2783" WIDTH="89" HEIGHT="46" CONTENT="und" WC="0.95" CC="380"/>
						<SP ID="P5_SP00194" HPOS="750" VPOS="2845" WIDTH="32"/>
						<String ID="P5_ST00229" HPOS="782" VPOS="2782" WIDTH="80" HEIGHT="48" CONTENT="der" WC="1.00" CC="000"/>
						<SP ID="P5_SP00195" HPOS="862" VPOS="2845" WIDTH="30"/>
						<String ID="P5_ST00230" HPOS="892" VPOS="2783" WIDTH="334" HEIGHT="47" CONTENT="dramatischen" WC="0.99" CC="094030360006"/>
						<SP ID="P5_SP00196" HPOS="1226" VPOS="2845" WIDTH="36"/>
						<String ID="P5_ST00231" HPOS="1262" VPOS="2784" WIDTH="420" HEIGHT="64" CONTENT="Folgerichtigkeit," WC="0.99" CC="51090033770070263"/>
					</TextLine>
					<TextLine ID="P5_TL00035" HPOS="150" VPOS="2858" WIDTH="1530" HEIGHT="65">
						<String ID="P5_ST00232" HPOS="150" VPOS="2858" WIDTH="293" HEIGHT="65" CONTENT="geschweige" WC="0.99" CC="9040204304"/>
						<SP ID="P5_SP00197" HPOS="443" VPOS="2923" WIDTH="43"/>
						<String ID="P5_ST00233" HPOS="486" VPOS="2859" WIDTH="117" HEIGHT="47" CONTENT="denn" WC="0.97" CC="0078"/>
						<SP ID="P5_SP00198" HPOS="603" VPOS="2923" WIDTH="46"/>
						<String ID="P5_ST00234" HPOS="649" VPOS="2859" WIDTH="80" HEIGHT="48" CONTENT="der" WC="0.96" CC="064"/>
						<SP ID="P5_SP00199" HPOS="729" VPOS="2923" WIDTH="38"/>
						<String ID="P5_ST00235" HPOS="767" VPOS="2859" WIDTH="269" HEIGHT="48" CONTENT="Geschichte" WC="0.99" CC="0047000760"/>
						<SP ID="P5_SP00200" HPOS="1036" VPOS="2923" WIDTH="43"/>
						<String ID="P5_ST00236" HPOS="1079" VPOS="2860" WIDTH="70" HEIGHT="47" CONTENT="ihr" WC="0.98" CC="501"/>
						<SP ID="P5_SP00201" HPOS="1149" VPOS="2923" WIDTH="36"/>
						<String ID="P5_ST00237" HPOS="1185" VPOS="2860" WIDTH="146" HEIGHT="49" CONTENT="Recht" WC="0.98" CC="60334"/>
						<SP ID="P5_SP00202" HPOS="1331" VPOS="2923" WIDTH="44"/>
						<String ID="P5_ST00238" HPOS="1375" VPOS="2860" WIDTH="305" HEIGHT="50" CONTENT="widerfahren" WC="0.99" CC="90001914200"/>
					</TextLine>
					<TextLine ID="P5_TL00036" HPOS="152" VPOS="2936" WIDTH="117" HEIGHT="49">
						<String ID="P5_ST00239" HPOS="152" VPOS="2936" WIDTH="117" HEIGHT="49" CONTENT="lässt." WC="0.52" CC="604672"/>
					</TextLine>
					<TextLine ID="P5_TL00037" HPOS="271" VPOS="3013" WIDTH="1408" HEIGHT="68">
						<String ID="P5_ST00240" HPOS="271" VPOS="3015" WIDTH="319" HEIGHT="52" CONTENT="Bellastra," WC="0.81" CC="0030305500"/>
						<SP ID="P5_SP00203" HPOS="590" VPOS="3067" WIDTH="45"/>
						<String ID="P5_ST00241" HPOS="635" VPOS="3013" WIDTH="71" HEIGHT="48" CONTENT="die" WC="0.99" CC="010"/>
						<SP ID="P5_SP00204" HPOS="706" VPOS="3067" WIDTH="39"/>
						<String ID="P5_ST00242" HPOS="745" VPOS="3015" WIDTH="114" HEIGHT="48" CONTENT="einst" WC="0.99" CC="00700"/>
						<SP ID="P5_SP00205" HPOS="859" VPOS="3067" WIDTH="30"/>
						<String ID="P5_ST00243" HPOS="889" VPOS="3017" WIDTH="62" HEIGHT="46" CONTENT="als" WC="0.97" CC="304"/>
						<SP ID="P5_SP00206" HPOS="951" VPOS="3067" WIDTH="29"/>
						<String ID="P5_ST00244" HPOS="980" VPOS="3017" WIDTH="133" HEIGHT="46" CONTENT="Stern" WC="0.98" CC="46006"/>
						<SP ID="P5_SP00207" HPOS="1113" VPOS="3067" WIDTH="40"/>
						<String ID="P5_ST00245" HPOS="1153" VPOS="3033" WIDTH="71" HEIGHT="30" CONTENT="am" WC="0.81" CC="30"/>
						<SP ID="P5_SP00208" HPOS="1224" VPOS="3067" WIDTH="34"/>
						<String ID="P5_ST00246" HPOS="1258" VPOS="3017" WIDTH="198" HEIGHT="48" CONTENT="Himmel" WC="0.99" CC="800003"/>
						<SP ID="P5_SP00209" HPOS="1456" VPOS="3067" WIDTH="32"/>
						<String ID="P5_ST00247" HPOS="1488" VPOS="3017" WIDTH="191" HEIGHT="64" CONTENT="glänzte," WC="0.99" CC="00405400"/>
					</TextLine>
					<TextLine ID="P5_TL00038" HPOS="144" VPOS="3091" WIDTH="1536" HEIGHT="69">
						<String ID="P5_ST00248" HPOS="144" VPOS="3093" WIDTH="167" HEIGHT="48" CONTENT="sehnte" WC="0.98" CC="702750"/>
						<SP ID="P5_SP00210" HPOS="311" VPOS="3141" WIDTH="35"/>
						<String ID="P5_ST00249" HPOS="346" VPOS="3093" WIDTH="111" HEIGHT="54" CONTENT="sich," WC="0.99" CC="30041"/>
						<SP ID="P5_SP00211" HPOS="457" VPOS="3147" WIDTH="38"/>
						<String ID="P5_ST00250" HPOS="495" VPOS="3091" WIDTH="81" HEIGHT="47" CONTENT="der" WC="0.98" CC="004"/>
						<SP ID="P5_SP00212" HPOS="576" VPOS="3147" WIDTH="27"/>
						<String ID="P5_ST00251" HPOS="603" VPOS="3091" WIDTH="268" HEIGHT="50" CONTENT="Erdenwelt" WC="0.99" CC="320000044"/>
						<SP ID="P5_SP00213" HPOS="871" VPOS="3147" WIDTH="28"/>
						<String ID="P5_ST00252" HPOS="899" VPOS="3094" WIDTH="112" HEIGHT="47" CONTENT="Lust" WC="0.96" CC="3256"/>
						<SP ID="P5_SP00214" HPOS="1011" VPOS="3147" WIDTH="30"/>
						<String ID="P5_ST00253" HPOS="1041" VPOS="3094" WIDTH="89" HEIGHT="47" CONTENT="und" WC="0.98" CC="060"/>
						<SP ID="P5_SP00215" HPOS="1130" VPOS="3147" WIDTH="37"/>
						<String ID="P5_ST00254" HPOS="1167" VPOS="3094" WIDTH="122" HEIGHT="48" CONTENT="Weh" WC="0.99" CC="200"/>
						<SP ID="P5_SP00216" HPOS="1289" VPOS="3147" WIDTH="29"/>
						<String ID="P5_ST00255" HPOS="1318" VPOS="3113" WIDTH="52" HEIGHT="29" CONTENT="zu" WC="0.46" CC="55"/>
						<SP ID="P5_SP00217" HPOS="1370" VPOS="3147" WIDTH="32"/>
						<String ID="P5_ST00256" HPOS="1402" VPOS="3094" WIDTH="278" HEIGHT="66" CONTENT="empfinden," WC="1.00" CC="0000080330"/>
					</TextLine>
					<TextLine ID="P5_TL00039" HPOS="152" VPOS="3169" WIDTH="1528" HEIGHT="60">
						<String ID="P5_ST00257" HPOS="152" VPOS="3170" WIDTH="91" HEIGHT="47" CONTENT="und" WC="0.96" CC="460"/>
						<SP ID="P5_SP00218" HPOS="243" VPOS="3217" WIDTH="26"/>
						<String ID="P5_ST00258" HPOS="269" VPOS="3171" WIDTH="70" HEIGHT="47" CONTENT="ein" WC="0.98" CC="005"/>
						<SP ID="P5_SP00219" HPOS="339" VPOS="3218" WIDTH="28"/>
						<String ID="P5_ST00259" HPOS="367" VPOS="3171" WIDTH="236" HEIGHT="55" CONTENT="Dämon," WC="0.99" CC="000071"/>
						<SP ID="P5_SP00220" HPOS="603" VPOS="3226" WIDTH="32"/>
						<String ID="P5_ST00260" HPOS="635" VPOS="3169" WIDTH="80" HEIGHT="48" CONTENT="der" WC="0.98" CC="004"/>
						<SP ID="P5_SP00221" HPOS="715" VPOS="3226" WIDTH="23"/>
						<String ID="P5_ST00261" HPOS="738" VPOS="3171" WIDTH="115" HEIGHT="47" CONTENT="auch" WC="0.99" CC="0006"/>
						<SP ID="P5_SP00222" HPOS="853" VPOS="3226" WIDTH="31"/>
						<String ID="P5_ST00262" HPOS="884" VPOS="3173" WIDTH="163" HEIGHT="54" CONTENT="„Fürst" WC="0.98" CC="640406"/>
						<SP ID="P5_SP00223" HPOS="1047" VPOS="3227" WIDTH="22"/>
						<String ID="P5_ST00263" HPOS="1069" VPOS="3171" WIDTH="81" HEIGHT="47" CONTENT="der" WC="0.95" CC="076"/>
						<SP ID="P5_SP00224" HPOS="1150" VPOS="3227" WIDTH="26"/>
						<String ID="P5_ST00264" HPOS="1176" VPOS="3171" WIDTH="321" HEIGHT="49" CONTENT='Finsternisse"' WC="0.99" CC="3080661706004"/>
						<SP ID="P5_SP00225" HPOS="1497" VPOS="3227" WIDTH="30"/>
						<String ID="P5_ST00265" HPOS="1527" VPOS="3173" WIDTH="153" HEIGHT="56" CONTENT="heisst," WC="0.61" CC="5024741"/>
					</TextLine>
					<TextLine ID="P5_TL00040" HPOS="150" VPOS="3248" WIDTH="1529" HEIGHT="64">
						<String ID="P5_ST00266" HPOS="150" VPOS="3248" WIDTH="217" HEIGHT="48" CONTENT="willfahrt" WC="0.99" CC="000045203"/>
						<SP ID="P5_SP00226" HPOS="367" VPOS="3296" WIDTH="29"/>
						<String ID="P5_ST00267" HPOS="396" VPOS="3249" WIDTH="143" HEIGHT="47" CONTENT="ihrem" WC="0.99" CC="05100"/>
						<SP ID="P5_SP00227" HPOS="539" VPOS="3296" WIDTH="27"/>
						<String ID="P5_ST00268" HPOS="566" VPOS="3248" WIDTH="182" HEIGHT="63" CONTENT="Begehr" WC="0.98" CC="730014"/>
						<SP ID="P5_SP00228" HPOS="748" VPOS="3311" WIDTH="31"/>
						<String ID="P5_ST00269" HPOS="779" VPOS="3248" WIDTH="91" HEIGHT="48" CONTENT="und" WC="0.95" CC="670"/>
						<SP ID="P5_SP00229" HPOS="870" VPOS="3311" WIDTH="30"/>
						<String ID="P5_ST00270" HPOS="900" VPOS="3257" WIDTH="188" HEIGHT="39" CONTENT="versetzt" WC="0.99" CC="00061464"/>
						<SP ID="P5_SP00230" HPOS="1088" VPOS="3311" WIDTH="27"/>
						<String ID="P5_ST00271" HPOS="1115" VPOS="3249" WIDTH="62" HEIGHT="47" CONTENT="sie" WC="0.98" CC="400"/>
						<SP ID="P5_SP00231" HPOS="1177" VPOS="3311" WIDTH="30"/>
						<String ID="P5_ST00272" HPOS="1207" VPOS="3249" WIDTH="63" HEIGHT="47" CONTENT="als" WC="0.97" CC="114"/>
						<SP ID="P5_SP00232" HPOS="1270" VPOS="3311" WIDTH="31"/>
						<String ID="P5_ST00273" HPOS="1301" VPOS="3250" WIDTH="204" HEIGHT="47" CONTENT="reizvolle" WC="1.00" CC="021700010"/>
						<SP ID="P5_SP00233" HPOS="1505" VPOS="3311" WIDTH="28"/>
						<String ID="P5_ST00274" HPOS="1533" VPOS="3250" WIDTH="117" HEIGHT="62" CONTENT="Jung" SUBS_TYPE="HypPart1" SUBS_CONTENT="Jungfrau" WC="0.98" CC="7180"/>
						<HYP HPOS="1650" VPOS="3250" WIDTH="29" CONTENT="-"/>
					</TextLine>
					<TextLine ID="P5_TL00041" HPOS="151" VPOS="3324" WIDTH="1526" HEIGHT="67">
						<String ID="P5_ST00275" HPOS="151" VPOS="3324" WIDTH="101" HEIGHT="48" CONTENT="frau" SUBS_TYPE="HypPart2" SUBS_CONTENT="Jungfrau" WC="0.97" CC="6060"/>
						<SP ID="P5_SP00234" HPOS="252" VPOS="3372" WIDTH="32"/>
						<String ID="P5_ST00276" HPOS="284" VPOS="3326" WIDTH="81" HEIGHT="47" CONTENT="auf" WC="0.97" CC="330"/>
						<SP ID="P5_SP00235" HPOS="365" VPOS="3373" WIDTH="26"/>
						<String ID="P5_ST00277" HPOS="391" VPOS="3326" WIDTH="71" HEIGHT="47" CONTENT="die" WC="0.99" CC="010"/>
						<SP ID="P5_SP00236" HPOS="462" VPOS="3373" WIDTH="33"/>
						<String ID="P5_ST00278" HPOS="495" VPOS="3325" WIDTH="121" HEIGHT="48" CONTENT="Erde" WC="0.97" CC="0390"/>
						<SP ID="P5_SP00237" HPOS="616" VPOS="3373" WIDTH="120"/>
						<String ID="P5_ST00279" HPOS="736" VPOS="3326" WIDTH="223" HEIGHT="47" CONTENT="natürlich" WC="0.99" CC="868022000"/>
						<SP ID="P5_SP00238" HPOS="959" VPOS="3373" WIDTH="44"/>
						<String ID="P5_ST00280" HPOS="1003" VPOS="3334" WIDTH="133" HEIGHT="39" CONTENT="unter" WC="0.98" CC="08503"/>
						<SP ID="P5_SP00239" HPOS="1136" VPOS="3373" WIDTH="28"/>
						<String ID="P5_ST00281" HPOS="1164" VPOS="3326" WIDTH="80" HEIGHT="47" CONTENT="der" WC="0.99" CC="001"/>
						<SP ID="P5_SP00240" HPOS="1244" VPOS="3373" WIDTH="32"/>
						<String ID="P5_ST00282" HPOS="1276" VPOS="3326" WIDTH="288" HEIGHT="65" CONTENT="Bedingung," WC="0.99" CC="7002800800"/>
						<SP ID="P5_SP00241" HPOS="1564" VPOS="3391" WIDTH="43"/>
						<String ID="P5_ST00283" HPOS="1607" VPOS="3326" WIDTH="70" HEIGHT="47" CONTENT="die" WC="0.99" CC="030"/>
					</TextLine>
					<TextLine ID="P5_TL00042" HPOS="151" VPOS="3403" WIDTH="1526" HEIGHT="57">
						<String ID="P5_ST00284" HPOS="151" VPOS="3404" WIDTH="117" HEIGHT="47" CONTENT="auch" WC="0.98" CC="6220"/>
						<SP ID="P5_SP00242" HPOS="268" VPOS="3451" WIDTH="31"/>
						<String ID="P5_ST00285" HPOS="299" VPOS="3404" WIDTH="82" HEIGHT="48" CONTENT="der" WC="0.98" CC="040"/>
						<SP ID="P5_SP00243" HPOS="381" VPOS="3452" WIDTH="31"/>
						<String ID="P5_ST00286" HPOS="412" VPOS="3404" WIDTH="188" HEIGHT="56" CONTENT="Dichter" WC="0.99" CC="0076500"/>
						<SP ID="P5_SP00244" HPOS="600" VPOS="3460" WIDTH="31"/>
						<String ID="P5_ST00287" HPOS="631" VPOS="3403" WIDTH="70" HEIGHT="48" CONTENT="bei" WC="0.98" CC="410"/>
						<SP ID="P5_SP00245" HPOS="701" VPOS="3460" WIDTH="31"/>
						<String ID="P5_ST00288" HPOS="732" VPOS="3404" WIDTH="115" HEIGHT="48" CONTENT="allen" WC="0.98" CC="60307"/>
						<SP ID="P5_SP00246" HPOS="847" VPOS="3460" WIDTH="31"/>
						<String ID="P5_ST00289" HPOS="878" VPOS="3405" WIDTH="241" HEIGHT="47" CONTENT="Zuhörern" WC="0.99" CC="00700030"/>
						<SP ID="P5_SP00247" HPOS="1119" VPOS="3460" WIDTH="40"/>
						<String ID="P5_ST00290" HPOS="1159" VPOS="3405" WIDTH="64" HEIGHT="47" CONTENT="als" WC="0.97" CC="322"/>
						<SP ID="P5_SP00248" HPOS="1223" VPOS="3460" WIDTH="40"/>
						<String ID="P5_ST00291" HPOS="1263" VPOS="3404" WIDTH="201" HEIGHT="48" CONTENT="bekannt" WC="0.99" CC="5004503"/>
						<SP ID="P5_SP00249" HPOS="1464" VPOS="3460" WIDTH="30"/>
						<String ID="P5_ST00292" HPOS="1494" VPOS="3420" WIDTH="157" HEIGHT="32" CONTENT="voraus" SUBS_TYPE="HypPart1" SUBS_CONTENT="voraussetzt," WC="0.99" CC="040060"/>
						<HYP HPOS="1651" VPOS="3420" WIDTH="26" CONTENT="-"/>
					</TextLine>
					<TextLine ID="P5_TL00043" HPOS="148" VPOS="3481" WIDTH="1528" HEIGHT="56">
						<String ID="P5_ST00293" HPOS="148" VPOS="3489" WIDTH="127" HEIGHT="48" CONTENT="setzt," SUBS_TYPE="HypPart2" SUBS_CONTENT="voraussetzt," WC="0.98" CC="007642"/>
						<SP ID="P5_SP00250" HPOS="275" VPOS="3537" WIDTH="31"/>
						<String ID="P5_ST00294" HPOS="306" VPOS="3483" WIDTH="101" HEIGHT="48" CONTENT="dass" WC="0.76" CC="0044"/>
						<SP ID="P5_SP00251" HPOS="407" VPOS="3537" WIDTH="28"/>
						<String ID="P5_ST00295" HPOS="435" VPOS="3483" WIDTH="62" HEIGHT="47" CONTENT="sie" WC="0.97" CC="600"/>
						<SP ID="P5_SP00252" HPOS="497" VPOS="3537" WIDTH="31"/>
						<String ID="P5_ST00296" HPOS="528" VPOS="3481" WIDTH="113" HEIGHT="49" CONTENT="nach" WC="0.96" CC="7063"/>
						<SP ID="P5_SP00253" HPOS="641" VPOS="3537" WIDTH="27"/>
						<String ID="P5_ST00297" HPOS="668" VPOS="3481" WIDTH="175" HEIGHT="49" CONTENT="Ablauf" WC="1.00" CC="000040"/>
						<SP ID="P5_SP00254" HPOS="843" VPOS="3537" WIDTH="24"/>
						<String ID="P5_ST00298" HPOS="867" VPOS="3483" WIDTH="123" HEIGHT="47" CONTENT="einer" WC="1.00" CC="00000"/>
						<SP ID="P5_SP00255" HPOS="990" VPOS="3537" WIDTH="26"/>
						<String ID="P5_ST00299" HPOS="1016" VPOS="3483" WIDTH="287" HEIGHT="47" CONTENT="bestimmten" WC="0.99" CC="6040007706"/>
						<SP ID="P5_SP00256" HPOS="1303" VPOS="3537" WIDTH="26"/>
						<String ID="P5_ST00300" HPOS="1329" VPOS="3483" WIDTH="117" HEIGHT="47" CONTENT="Frist" WC="0.98" CC="40033"/>
						<SP ID="P5_SP00257" HPOS="1446" VPOS="3537" WIDTH="29"/>
						<String ID="P5_ST00301" HPOS="1475" VPOS="3483" WIDTH="91" HEIGHT="47" CONTENT="ihm" WC="0.98" CC="050"/>
						<SP ID="P5_SP00258" HPOS="1566" VPOS="3537" WIDTH="33"/>
						<String ID="P5_ST00302" HPOS="1599" VPOS="3499" WIDTH="52" HEIGHT="31" CONTENT="an" SUBS_TYPE="HypPart1" SUBS_CONTENT="angehöre." WC="0.98" CC="60"/>
						<HYP HPOS="1651" VPOS="3499" WIDTH="25" CONTENT="-"/>
					</TextLine>
					<TextLine ID="P5_TL00044" HPOS="150" VPOS="3560" WIDTH="1526" HEIGHT="65">
						<String ID="P5_ST00303" HPOS="150" VPOS="3560" WIDTH="189" HEIGHT="62" CONTENT="gehöre." SUBS_TYPE="HypPart2" SUBS_CONTENT="angehöre." WC="0.99" CC="0460400"/>
						<SP ID="P5_SP00259" HPOS="339" VPOS="3622" WIDTH="44"/>
						<String ID="P5_ST00304" HPOS="383" VPOS="3561" WIDTH="84" HEIGHT="49" CONTENT="Mit" WC="0.99" CC="011"/>
						<SP ID="P5_SP00260" HPOS="467" VPOS="3622" WIDTH="28"/>
						<String ID="P5_ST00305" HPOS="495" VPOS="3560" WIDTH="178" HEIGHT="48" CONTENT="Ablauf" WC="0.98" CC="272220"/>
						<SP ID="P5_SP00261" HPOS="673" VPOS="3622" WIDTH="23"/>
						<String ID="P5_ST00306" HPOS="696" VPOS="3560" WIDTH="146" HEIGHT="48" CONTENT="dieser" WC="0.99" CC="004060"/>
						<SP ID="P5_SP00262" HPOS="842" VPOS="3622" WIDTH="33"/>
						<String ID="P5_ST00307" HPOS="875" VPOS="3561" WIDTH="117" HEIGHT="47" CONTENT="Frist" WC="1.00" CC="03000"/>
						<SP ID="P5_SP00263" HPOS="992" VPOS="3622" WIDTH="30"/>
						<String ID="P5_ST00308" HPOS="1022" VPOS="3561" WIDTH="187" HEIGHT="64" CONTENT="beginnt" WC="0.98" CC="6090660"/>
						<SP ID="P5_SP00264" HPOS="1209" VPOS="3625" WIDTH="29"/>
						<String ID="P5_ST00309" HPOS="1238" VPOS="3561" WIDTH="70" HEIGHT="47" CONTENT="die" WC="1.00" CC="000"/>
						<SP ID="P5_SP00265" HPOS="1308" VPOS="3625" WIDTH="32"/>
						<String ID="P5_ST00310" HPOS="1340" VPOS="3560" WIDTH="248" HEIGHT="64" CONTENT="Handlung" WC="0.99" CC="64000380"/>
						<SP ID="P5_SP00266" HPOS="1588" VPOS="3625" WIDTH="30"/>
						<String ID="P5_ST00311" HPOS="1618" VPOS="3560" WIDTH="58" HEIGHT="47" CONTENT="im" WC="1.00" CC="00"/>
					</TextLine>
					<TextLine ID="P5_TL00045" HPOS="151" VPOS="3636" WIDTH="1528" HEIGHT="51">
						<String ID="P5_ST00312" HPOS="151" VPOS="3638" WIDTH="161" HEIGHT="48" CONTENT="Texte." WC="0.98" CC="050704"/>
						<SP ID="P5_SP00267" HPOS="312" VPOS="3686" WIDTH="58"/>
						<String ID="P5_ST00313" HPOS="370" VPOS="3639" WIDTH="221" HEIGHT="47" CONTENT="Bellastra" WC="0.61" CC="004055747"/>
						<SP ID="P5_SP00268" HPOS="591" VPOS="3686" WIDTH="45"/>
						<String ID="P5_ST00314" HPOS="636" VPOS="3638" WIDTH="77" HEIGHT="48" CONTENT="hat" WC="0.98" CC="600"/>
						<SP ID="P5_SP00269" HPOS="713" VPOS="3686" WIDTH="42"/>
						<String ID="P5_ST00315" HPOS="755" VPOS="3645" WIDTH="90" HEIGHT="41" CONTENT="erst" WC="0.98" CC="0406"/>
						<SP ID="P5_SP00270" HPOS="845" VPOS="3686" WIDTH="51"/>
						<String ID="P5_ST00316" HPOS="896" VPOS="3638" WIDTH="70" HEIGHT="49" CONTENT="bei" WC="0.98" CC="400"/>
						<SP ID="P5_SP00271" HPOS="966" VPOS="3687" WIDTH="45"/>
						<String ID="P5_ST00317" HPOS="1011" VPOS="3639" WIDTH="318" HEIGHT="47" CONTENT="Maximilian's" WC="0.78" CC="030030005506"/>
						<SP ID="P5_SP00272" HPOS="1329" VPOS="3687" WIDTH="42"/>
						<String ID="P5_ST00318" HPOS="1371" VPOS="3638" WIDTH="192" HEIGHT="48" CONTENT="Anblick" WC="1.00" CC="1020000"/>
						<SP ID="P5_SP00273" HPOS="1563" VPOS="3687" WIDTH="46"/>
						<String ID="P5_ST00319" HPOS="1609" VPOS="3636" WIDTH="70" HEIGHT="49" CONTENT="die" WC="1.00" CC="000"/>
					</TextLine>
					<TextLine ID="P5_TL00046" HPOS="152" VPOS="3715" WIDTH="1524" HEIGHT="66">
						<String ID="P5_ST00320" HPOS="152" VPOS="3715" WIDTH="142" HEIGHT="48" CONTENT="Liebe" WC="0.98" CC="60050"/>
						<SP ID="P5_SP00274" HPOS="294" VPOS="3763" WIDTH="42"/>
						<String ID="P5_ST00321" HPOS="336" VPOS="3715" WIDTH="297" HEIGHT="66" CONTENT="empfunden," WC="1.00" CC="0000480000"/>
						<SP ID="P5_SP00275" HPOS="633" VPOS="3781" WIDTH="37"/>
						<String ID="P5_ST00322" HPOS="670" VPOS="3715" WIDTH="84" HEIGHT="47" CONTENT="wie" WC="0.97" CC="070"/>
						<SP ID="P5_SP00276" HPOS="754" VPOS="3781" WIDTH="38"/>
						<String ID="P5_ST00323" HPOS="792" VPOS="3716" WIDTH="64" HEIGHT="47" CONTENT="sie" WC="0.98" CC="400"/>
						<SP ID="P5_SP00277" HPOS="856" VPOS="3781" WIDTH="40"/>
						<String ID="P5_ST00324" HPOS="896" VPOS="3716" WIDTH="92" HEIGHT="47" CONTENT="sich" WC="0.99" CC="3000"/>
						<SP ID="P5_SP00278" HPOS="988" VPOS="3781" WIDTH="45"/>
						<String ID="P5_ST00325" HPOS="1033" VPOS="3716" WIDTH="59" HEIGHT="47" CONTENT="im" WC="1.00" CC="00"/>
						<SP ID="P5_SP00279" HPOS="1092" VPOS="3781" WIDTH="43"/>
						<String ID="P5_ST00326" HPOS="1135" VPOS="3715" WIDTH="333" HEIGHT="48" CONTENT="menschlichen" WC="0.99" CC="608046400600"/>
						<SP ID="P5_SP00280" HPOS="1468" VPOS="3781" WIDTH="33"/>
						<String ID="P5_ST00327" HPOS="1501" VPOS="3716" WIDTH="175" HEIGHT="46" CONTENT="Herzen" WC="0.99" CC="500305"/>
					</TextLine>
					<TextLine ID="P5_TL00047" HPOS="152" VPOS="3792" WIDTH="1525" HEIGHT="65">
						<String ID="P5_ST00328" HPOS="152" VPOS="3800" WIDTH="117" HEIGHT="57" CONTENT="regt," WC="0.99" CC="50030"/>
						<SP ID="P5_SP00281" HPOS="269" VPOS="3857" WIDTH="27"/>
						<String ID="P5_ST00329" HPOS="296" VPOS="3794" WIDTH="87" HEIGHT="47" CONTENT="und" WC="0.95" CC="480"/>
						<SP ID="P5_SP00282" HPOS="383" VPOS="3857" WIDTH="27"/>
						<String ID="P5_ST00330" HPOS="410" VPOS="3795" WIDTH="132" HEIGHT="47" CONTENT="sehnt" WC="0.96" CC="50586"/>
						<SP ID="P5_SP00283" HPOS="542" VPOS="3857" WIDTH="22"/>
						<String ID="P5_ST00331" HPOS="564" VPOS="3794" WIDTH="91" HEIGHT="48" CONTENT="sich" WC="0.98" CC="2250"/>
						<SP ID="P5_SP00284" HPOS="655" VPOS="3857" WIDTH="25"/>
						<String ID="P5_ST00332" HPOS="680" VPOS="3810" WIDTH="92" HEIGHT="32" CONTENT="nun" WC="0.94" CC="158"/>
						<SP ID="P5_SP00285" HPOS="772" VPOS="3857" WIDTH="25"/>
						<String ID="P5_ST00333" HPOS="797" VPOS="3794" WIDTH="115" HEIGHT="47" CONTENT="nach" WC="0.98" CC="7200"/>
						<SP ID="P5_SP00286" HPOS="912" VPOS="3857" WIDTH="30"/>
						<String ID="P5_ST00334" HPOS="942" VPOS="3794" WIDTH="345" HEIGHT="63" CONTENT="Verlängerung" WC="0.99" CC="055083005680"/>
						<SP ID="P5_SP00287" HPOS="1287" VPOS="3857" WIDTH="25"/>
						<String ID="P5_ST00335" HPOS="1312" VPOS="3794" WIDTH="119" HEIGHT="47" CONTENT="ihres" WC="0.99" CC="40100"/>
						<SP ID="P5_SP00288" HPOS="1431" VPOS="3857" WIDTH="24"/>
						<String ID="P5_ST00336" HPOS="1455" VPOS="3792" WIDTH="222" HEIGHT="49" CONTENT="irdischen" WC="0.99" CC="030107536"/>
					</TextLine>
					<TextLine ID="P5_TL00048" HPOS="153" VPOS="3871" WIDTH="1527" HEIGHT="65">
						<String ID="P5_ST00337" HPOS="153" VPOS="3871" WIDTH="209" HEIGHT="48" CONTENT="Daseins." WC="0.99" CC="70400703"/>
						<SP ID="P5_SP00289" HPOS="362" VPOS="3919" WIDTH="59"/>
						<String ID="P5_ST00338" HPOS="421" VPOS="3874" WIDTH="94" HEIGHT="47" CONTENT="Der" WC="1.00" CC="000"/>
						<SP ID="P5_SP00290" HPOS="515" VPOS="3921" WIDTH="46"/>
						<String ID="P5_ST00339" HPOS="561" VPOS="3874" WIDTH="179" HEIGHT="47" CONTENT="Dämon" WC="0.98" CC="07130"/>
						<SP ID="P5_SP00291" HPOS="740" VPOS="3921" WIDTH="51"/>
						<String ID="P5_ST00340" HPOS="791" VPOS="3871" WIDTH="208" HEIGHT="65" CONTENT="gewährt" WC="0.98" CC="0099025"/>
						<SP ID="P5_SP00292" HPOS="999" VPOS="3936" WIDTH="41"/>
						<String ID="P5_ST00341" HPOS="1040" VPOS="3872" WIDTH="127" HEIGHT="47" CONTENT="ihren" WC="0.99" CC="02007"/>
						<SP ID="P5_SP00293" HPOS="1167" VPOS="3936" WIDTH="48"/>
						<String ID="P5_ST00342" HPOS="1215" VPOS="3871" WIDTH="227" HEIGHT="56" CONTENT="Wunsch," WC="0.99" CC="0756010"/>
						<SP ID="P5_SP00294" HPOS="1442" VPOS="3936" WIDTH="45"/>
						<String ID="P5_ST00343" HPOS="1487" VPOS="3872" WIDTH="98" HEIGHT="47" CONTENT="weil" WC="1.00" CC="0100"/>
						<SP ID="P5_SP00295" HPOS="1585" VPOS="3936" WIDTH="45"/>
						<String ID="P5_ST00344" HPOS="1630" VPOS="3888" WIDTH="50" HEIGHT="30" CONTENT="er" WC="0.67" CC="60"/>
					</TextLine>
					<TextLine ID="P5_TL00049" HPOS="152" VPOS="3949" WIDTH="893" HEIGHT="49">
						<String ID="P5_ST00345" HPOS="152" VPOS="3949" WIDTH="109" HEIGHT="48" CONTENT="Max" WC="0.98" CC="060"/>
						<SP ID="P5_SP00296" HPOS="261" VPOS="3997" WIDTH="28"/>
						<String ID="P5_ST00346" HPOS="289" VPOS="3950" WIDTH="205" HEIGHT="48" CONTENT="dadurch" WC="0.99" CC="0904050"/>
						<SP ID="P5_SP00297" HPOS="494" VPOS="3998" WIDTH="30"/>
						<String ID="P5_ST00347" HPOS="524" VPOS="3968" WIDTH="52" HEIGHT="30" CONTENT="zu" WC="0.66" CC="60"/>
						<SP ID="P5_SP00298" HPOS="576" VPOS="3998" WIDTH="35"/>
						<String ID="P5_ST00348" HPOS="611" VPOS="3951" WIDTH="274" HEIGHT="47" CONTENT="umstricken" WC="0.99" CC="4028000004"/>
						<SP ID="P5_SP00299" HPOS="885" VPOS="3998" WIDTH="34"/>
						<String ID="P5_ST00349" HPOS="919" VPOS="3950" WIDTH="126" HEIGHT="48" CONTENT="hofft." WC="0.97" CC="733384"/>
					</TextLine>
					<TextLine ID="P5_TL00050" HPOS="269" VPOS="4025" WIDTH="1408" HEIGHT="67">
						<String ID="P5_ST00350" HPOS="269" VPOS="4029" WIDTH="136" HEIGHT="47" CONTENT="Diese" WC="0.99" CC="00600"/>
						<SP ID="P5_SP00300" HPOS="405" VPOS="4076" WIDTH="44"/>
						<String ID="P5_ST00351" HPOS="449" VPOS="4029" WIDTH="169" HEIGHT="47" CONTENT="freilich" WC="0.99" CC="04000304"/>
						<SP ID="P5_SP00301" HPOS="618" VPOS="4076" WIDTH="43"/>
						<String ID="P5_ST00352" HPOS="661" VPOS="4029" WIDTH="160" HEIGHT="48" CONTENT="höchst" WC="0.98" CC="504205"/>
						<SP ID="P5_SP00302" HPOS="821" VPOS="4077" WIDTH="38"/>
						<String ID="P5_ST00353" HPOS="859" VPOS="4027" WIDTH="305" HEIGHT="65" CONTENT="mangelhafte" WC="0.99" CC="14890606060"/>
						<SP ID="P5_SP00303" HPOS="1164" VPOS="4092" WIDTH="29"/>
						<String ID="P5_ST00354" HPOS="1193" VPOS="4027" WIDTH="268" HEIGHT="64" CONTENT="Exposition" WC="1.00" CC="1000035410"/>
						<SP ID="P5_SP00304" HPOS="1461" VPOS="4092" WIDTH="33"/>
						<String ID="P5_ST00355" HPOS="1494" VPOS="4025" WIDTH="111" HEIGHT="48" CONTENT="wird" WC="0.99" CC="0040"/>
						<SP ID="P5_SP00305" HPOS="1605" VPOS="4092" WIDTH="30"/>
						<String ID="P5_ST00356" HPOS="1635" VPOS="4026" WIDTH="42" HEIGHT="47" CONTENT="in" WC="0.72" CC="05"/>
					</TextLine>
					<TextLine ID="P5_TL00051" HPOS="147" VPOS="4104" WIDTH="1529" HEIGHT="67">
						<String ID="P5_ST00357" HPOS="147" VPOS="4104" WIDTH="282" HEIGHT="49" CONTENT="Recitativen" WC="0.64" CC="80068072600"/>
						<SP ID="P5_SP00306" HPOS="429" VPOS="4153" WIDTH="33"/>
						<String ID="P5_ST00358" HPOS="462" VPOS="4106" WIDTH="90" HEIGHT="47" CONTENT="und" WC="1.00" CC="000"/>
						<SP ID="P5_SP00307" HPOS="552" VPOS="4153" WIDTH="33"/>
						<String ID="P5_ST00359" HPOS="585" VPOS="4106" WIDTH="146" HEIGHT="50" CONTENT="einem" WC="0.98" CC="00805"/>
						<SP ID="P5_SP00308" HPOS="731" VPOS="4156" WIDTH="27"/>
						<String ID="P5_ST00360" HPOS="758" VPOS="4109" WIDTH="141" HEIGHT="45" CONTENT="Duett" WC="0.98" CC="04075"/>
						<SP ID="P5_SP00309" HPOS="899" VPOS="4156" WIDTH="28"/>
						<String ID="P5_ST00361" HPOS="927" VPOS="4105" WIDTH="225" HEIGHT="66" CONTENT="gegeben," WC="0.99" CC="90003062"/>
						<SP ID="P5_SP00310" HPOS="1152" VPOS="4171" WIDTH="31"/>
						<String ID="P5_ST00362" HPOS="1183" VPOS="4105" WIDTH="192" HEIGHT="46" CONTENT="welches" WC="1.00" CC="0050000"/>
						<SP ID="P5_SP00311" HPOS="1375" VPOS="4171" WIDTH="31"/>
						<String ID="P5_ST00363" HPOS="1406" VPOS="4105" WIDTH="57" HEIGHT="46" CONTENT="im" WC="1.00" CC="00"/>
						<SP ID="P5_SP00312" HPOS="1463" VPOS="4171" WIDTH="34"/>
						<String ID="P5_ST00364" HPOS="1497" VPOS="4105" WIDTH="179" HEIGHT="46" CONTENT="Ganzen" WC="0.98" CC="040605"/>
					</TextLine>
				</TextBlock>
				<TextBlock ID="P5_TB00006" HPOS="1767" VPOS="306" WIDTH="1527" HEIGHT="3862" STYLEREFS="TXT_1 PAR_LEFT">
					<TextLine ID="P5_TL00052" HPOS="1770" VPOS="306" WIDTH="1502" HEIGHT="77">
						<String ID="P5_ST00365" HPOS="1770" VPOS="306" WIDTH="91" HEIGHT="49" CONTENT="und" WC="0.97" CC="070"/>
						<SP ID="P5_SP00313" HPOS="1861" VPOS="355" WIDTH="41"/>
						<String ID="P5_ST00366" HPOS="1902" VPOS="308" WIDTH="243" HEIGHT="50" CONTENT="besonders" WC="0.99" CC="400340033"/>
						<SP ID="P5_SP00314" HPOS="2145" VPOS="358" WIDTH="35"/>
						<String ID="P5_ST00367" HPOS="2180" VPOS="311" WIDTH="42" HEIGHT="47" CONTENT="in" WC="0.73" CC="50"/>
						<SP ID="P5_SP00315" HPOS="2222" VPOS="358" WIDTH="38"/>
						<String ID="P5_ST00368" HPOS="2260" VPOS="311" WIDTH="82" HEIGHT="49" CONTENT="der" WC="0.96" CC="073"/>
						<SP ID="P5_SP00316" HPOS="2342" VPOS="360" WIDTH="38"/>
						<String ID="P5_ST00369" HPOS="2380" VPOS="313" WIDTH="148" HEIGHT="47" CONTENT="Partie" WC="0.99" CC="620040"/>
						<SP ID="P5_SP00317" HPOS="2528" VPOS="360" WIDTH="41"/>
						<String ID="P5_ST00370" HPOS="2569" VPOS="313" WIDTH="80" HEIGHT="48" CONTENT="der" WC="0.99" CC="003"/>
						<SP ID="P5_SP00318" HPOS="2649" VPOS="361" WIDTH="37"/>
						<String ID="P5_ST00371" HPOS="2686" VPOS="316" WIDTH="216" HEIGHT="49" CONTENT="Bellastra" WC="0.63" CC="607600840"/>
						<SP ID="P5_SP00319" HPOS="2902" VPOS="365" WIDTH="38"/>
						<String ID="P5_ST00372" HPOS="2940" VPOS="318" WIDTH="212" HEIGHT="65" CONTENT="(Sopran)" WC="0.99" CC="02200177"/>
						<SP ID="P5_SP00320" HPOS="3152" VPOS="383" WIDTH="29"/>
						<String ID="P5_ST00373" HPOS="3181" VPOS="318" WIDTH="91" HEIGHT="48" CONTENT="sich" WC="0.97" CC="7005"/>
					</TextLine>
					<TextLine ID="P5_TL00053" HPOS="1767" VPOS="384" WIDTH="1509" HEIGHT="73">
						<String ID="P5_ST00374" HPOS="1767" VPOS="384" WIDTH="140" HEIGHT="48" CONTENT="schon" WC="0.99" CC="00720"/>
						<SP ID="P5_SP00321" HPOS="1907" VPOS="432" WIDTH="32"/>
						<String ID="P5_ST00375" HPOS="1939" VPOS="386" WIDTH="126" HEIGHT="47" CONTENT="recht" WC="0.98" CC="50026"/>
						<SP ID="P5_SP00322" HPOS="2065" VPOS="433" WIDTH="26"/>
						<String ID="P5_ST00376" HPOS="2091" VPOS="395" WIDTH="80" HEIGHT="56" CONTENT="gut" WC="1.00" CC="000"/>
						<SP ID="P5_SP00323" HPOS="2171" VPOS="451" WIDTH="30"/>
						<String ID="P5_ST00377" HPOS="2201" VPOS="389" WIDTH="179" HEIGHT="47" CONTENT="anhört." WC="0.98" CC="6770244"/>
						<SP ID="P5_SP00324" HPOS="2380" VPOS="451" WIDTH="59"/>
						<String ID="P5_ST00378" HPOS="2439" VPOS="390" WIDTH="103" HEIGHT="47" CONTENT="Wir" WC="0.97" CC="016"/>
						<SP ID="P5_SP00325" HPOS="2542" VPOS="451" WIDTH="36"/>
						<String ID="P5_ST00379" HPOS="2578" VPOS="390" WIDTH="98" HEIGHT="48" CONTENT="sind" WC="0.98" CC="5040"/>
						<SP ID="P5_SP00326" HPOS="2676" VPOS="451" WIDTH="36"/>
						<String ID="P5_ST00380" HPOS="2712" VPOS="393" WIDTH="41" HEIGHT="47" CONTENT="in" WC="0.58" CC="08"/>
						<SP ID="P5_SP00327" HPOS="2753" VPOS="451" WIDTH="36"/>
						<String ID="P5_ST00381" HPOS="2789" VPOS="394" WIDTH="219" HEIGHT="63" CONTENT="Venedig," WC="1.00" CC="10310000"/>
						<SP ID="P5_SP00328" HPOS="3008" VPOS="457" WIDTH="32"/>
						<String ID="P5_ST00382" HPOS="3040" VPOS="395" WIDTH="88" HEIGHT="47" CONTENT="und" WC="0.97" CC="060"/>
						<SP ID="P5_SP00329" HPOS="3128" VPOS="457" WIDTH="30"/>
						<String ID="P5_ST00383" HPOS="3158" VPOS="410" WIDTH="118" HEIGHT="32" CONTENT="zwar" WC="0.96" CC="7066"/>
					</TextLine>
					<TextLine ID="P5_TL00054" HPOS="1767" VPOS="461" WIDTH="1511" HEIGHT="74">
						<String ID="P5_ST00384" HPOS="1767" VPOS="479" WIDTH="54" HEIGHT="29" CONTENT="zu" WC="0.76" CC="40"/>
						<SP ID="P5_SP00330" HPOS="1821" VPOS="508" WIDTH="32"/>
						<String ID="P5_ST00385" HPOS="1853" VPOS="461" WIDTH="80" HEIGHT="49" CONTENT="der" WC="1.00" CC="000"/>
						<SP ID="P5_SP00331" HPOS="1933" VPOS="510" WIDTH="26"/>
						<String ID="P5_ST00386" HPOS="1959" VPOS="464" WIDTH="113" HEIGHT="54" CONTENT="Zeit," WC="0.98" CC="02361"/>
						<SP ID="P5_SP00332" HPOS="2072" VPOS="518" WIDTH="28"/>
						<String ID="P5_ST00387" HPOS="2100" VPOS="465" WIDTH="64" HEIGHT="47" CONTENT="als" WC="0.99" CC="001"/>
						<SP ID="P5_SP00333" HPOS="2164" VPOS="518" WIDTH="29"/>
						<String ID="P5_ST00388" HPOS="2193" VPOS="466" WIDTH="107" HEIGHT="47" CONTENT="Max" WC="0.99" CC="010"/>
						<SP ID="P5_SP00334" HPOS="2300" VPOS="518" WIDTH="29"/>
						<String ID="P5_ST00389" HPOS="2329" VPOS="482" WIDTH="82" HEIGHT="31" CONTENT="von" WC="0.96" CC="046"/>
						<SP ID="P5_SP00335" HPOS="2411" VPOS="518" WIDTH="31"/>
						<String ID="P5_ST00390" HPOS="2442" VPOS="465" WIDTH="85" HEIGHT="48" CONTENT="den" WC="0.95" CC="058"/>
						<SP ID="P5_SP00336" HPOS="2527" VPOS="518" WIDTH="29"/>
						<String ID="P5_ST00391" HPOS="2556" VPOS="468" WIDTH="297" HEIGHT="50" CONTENT="Venetianern" WC="0.72" CC="00850143006"/>
						<SP ID="P5_SP00337" HPOS="2853" VPOS="518" WIDTH="26"/>
						<String ID="P5_ST00392" HPOS="2879" VPOS="473" WIDTH="270" HEIGHT="62" CONTENT="geschlagen" WC="0.99" CC="9000550907"/>
						<SP ID="P5_SP00338" HPOS="3149" VPOS="535" WIDTH="21"/>
						<String ID="P5_ST00393" HPOS="3170" VPOS="488" WIDTH="108" HEIGHT="32" CONTENT="war." WC="1.00" CC="0001"/>
					</TextLine>
					<TextLine ID="P5_TL00055" HPOS="1771" VPOS="539" WIDTH="1509" HEIGHT="72">
						<String ID="P5_ST00394" HPOS="1771" VPOS="540" WIDTH="60" HEIGHT="46" CONTENT="Es" WC="0.95" CC="00"/>
						<SP ID="P5_SP00339" HPOS="1831" VPOS="586" WIDTH="30"/>
						<String ID="P5_ST00395" HPOS="1861" VPOS="539" WIDTH="110" HEIGHT="65" CONTENT="folgt" WC="0.98" CC="06605"/>
						<SP ID="P5_SP00340" HPOS="1971" VPOS="604" WIDTH="29"/>
						<String ID="P5_ST00396" HPOS="2000" VPOS="558" WIDTH="90" HEIGHT="30" CONTENT="nun" WC="1.00" CC="001"/>
						<SP ID="P5_SP00341" HPOS="2090" VPOS="604" WIDTH="32"/>
						<String ID="P5_ST00397" HPOS="2122" VPOS="543" WIDTH="98" HEIGHT="47" CONTENT="eine" WC="0.98" CC="0270"/>
						<SP ID="P5_SP00342" HPOS="2220" VPOS="604" WIDTH="29"/>
						<String ID="P5_ST00398" HPOS="2249" VPOS="544" WIDTH="160" HEIGHT="54" CONTENT="Scene," WC="0.62" CC="401853"/>
						<SP ID="P5_SP00343" HPOS="2409" VPOS="604" WIDTH="42"/>
						<String ID="P5_ST00399" HPOS="2451" VPOS="544" WIDTH="68" HEIGHT="47" CONTENT="die" WC="1.00" CC="000"/>
						<SP ID="P5_SP00344" HPOS="2519" VPOS="604" WIDTH="30"/>
						<String ID="P5_ST00400" HPOS="2549" VPOS="560" WIDTH="54" HEIGHT="31" CONTENT="an" WC="0.58" CC="08"/>
						<SP ID="P5_SP00345" HPOS="2603" VPOS="604" WIDTH="32"/>
						<String ID="P5_ST00401" HPOS="2635" VPOS="546" WIDTH="204" HEIGHT="47" CONTENT="Klarheit" WC="0.99" CC="06027002"/>
						<SP ID="P5_SP00346" HPOS="2839" VPOS="604" WIDTH="31"/>
						<String ID="P5_ST00402" HPOS="2870" VPOS="549" WIDTH="166" HEIGHT="47" CONTENT="freilich" WC="0.99" CC="90642101"/>
						<SP ID="P5_SP00347" HPOS="3036" VPOS="604" WIDTH="31"/>
						<String ID="P5_ST00403" HPOS="3067" VPOS="549" WIDTH="104" HEIGHT="47" CONTENT="sehr" WC="0.98" CC="3060"/>
						<SP ID="P5_SP00348" HPOS="3171" VPOS="604" WIDTH="30"/>
						<String ID="P5_ST00404" HPOS="3201" VPOS="565" WIDTH="53" HEIGHT="46" CONTENT="ge" SUBS_TYPE="HypPart1" SUBS_CONTENT="gewinnen" WC="0.96" CC="06"/>
						<HYP HPOS="3254" VPOS="565" WIDTH="26" CONTENT="-"/>
					</TextLine>
					<TextLine ID="P5_TL00056" HPOS="1773" VPOS="617" WIDTH="1506" HEIGHT="73">
						<String ID="P5_ST00405" HPOS="1773" VPOS="617" WIDTH="179" HEIGHT="47" CONTENT="winnen" SUBS_TYPE="HypPart2" SUBS_CONTENT="gewinnen" WC="0.99" CC="006520"/>
						<SP ID="P5_SP00349" HPOS="1952" VPOS="664" WIDTH="30"/>
						<String ID="P5_ST00406" HPOS="1982" VPOS="619" WIDTH="174" HEIGHT="56" CONTENT="würde," WC="1.00" CC="005000"/>
						<SP ID="P5_SP00350" HPOS="2156" VPOS="675" WIDTH="41"/>
						<String ID="P5_ST00407" HPOS="2197" VPOS="637" WIDTH="129" HEIGHT="30" CONTENT="wenn" WC="0.94" CC="9387"/>
						<SP ID="P5_SP00351" HPOS="2326" VPOS="675" WIDTH="38"/>
						<String ID="P5_ST00408" HPOS="2364" VPOS="620" WIDTH="70" HEIGHT="47" CONTENT="bei" WC="0.95" CC="272"/>
						<SP ID="P5_SP00352" HPOS="2434" VPOS="675" WIDTH="31"/>
						<String ID="P5_ST00409" HPOS="2465" VPOS="621" WIDTH="80" HEIGHT="46" CONTENT="der" WC="0.93" CC="566"/>
						<SP ID="P5_SP00353" HPOS="2545" VPOS="675" WIDTH="30"/>
						<String ID="P5_ST00410" HPOS="2575" VPOS="624" WIDTH="299" HEIGHT="63" CONTENT="Aullührung" WC="0.63" CC="0536075080"/>
						<SP ID="P5_SP00354" HPOS="2874" VPOS="687" WIDTH="29"/>
						<String ID="P5_ST00411" HPOS="2903" VPOS="628" WIDTH="107" HEIGHT="45" CONTENT="zwei" WC="0.95" CC="7934"/>
						<SP ID="P5_SP00355" HPOS="3010" VPOS="687" WIDTH="30"/>
						<String ID="P5_ST00412" HPOS="3040" VPOS="635" WIDTH="239" HEIGHT="55" CONTENT="getrennte" WC="0.98" CC="005338677"/>
					</TextLine>
					<TextLine ID="P5_TL00057" HPOS="1773" VPOS="694" WIDTH="1503" HEIGHT="68">
						<String ID="P5_ST00413" HPOS="1773" VPOS="694" WIDTH="167" HEIGHT="56" CONTENT="Chöre," WC="0.99" CC="600310"/>
						<SP ID="P5_SP00356" HPOS="1940" VPOS="750" WIDTH="40"/>
						<String ID="P5_ST00414" HPOS="1980" VPOS="695" WIDTH="69" HEIGHT="48" CONTENT="die" WC="0.99" CC="010"/>
						<SP ID="P5_SP00357" HPOS="2049" VPOS="750" WIDTH="31"/>
						<String ID="P5_ST00415" HPOS="2080" VPOS="696" WIDTH="230" HEIGHT="48" CONTENT="Genossen" WC="0.98" CC="14652608"/>
						<SP ID="P5_SP00358" HPOS="2310" VPOS="750" WIDTH="40"/>
						<String ID="P5_ST00416" HPOS="2350" VPOS="697" WIDTH="75" HEIGHT="47" CONTENT="des" WC="0.97" CC="042"/>
						<SP ID="P5_SP00359" HPOS="2425" VPOS="750" WIDTH="33"/>
						<String ID="P5_ST00417" HPOS="2458" VPOS="699" WIDTH="172" HEIGHT="63" CONTENT="Königs" WC="0.98" CC="608405"/>
						<SP ID="P5_SP00360" HPOS="2630" VPOS="762" WIDTH="38"/>
						<String ID="P5_ST00418" HPOS="2668" VPOS="700" WIDTH="89" HEIGHT="47" CONTENT="und" WC="0.99" CC="100"/>
						<SP ID="P5_SP00361" HPOS="2757" VPOS="762" WIDTH="35"/>
						<String ID="P5_ST00419" HPOS="2792" VPOS="700" WIDTH="72" HEIGHT="48" CONTENT="die" WC="0.96" CC="046"/>
						<SP ID="P5_SP00362" HPOS="2864" VPOS="762" WIDTH="35"/>
						<String ID="P5_ST00420" HPOS="2899" VPOS="701" WIDTH="265" HEIGHT="50" CONTENT="feindlichen" WC="0.99" CC="55280240508"/>
						<SP ID="P5_SP00363" HPOS="3164" VPOS="762" WIDTH="28"/>
						<String ID="P5_ST00421" HPOS="3192" VPOS="705" WIDTH="56" HEIGHT="46" CONTENT="Ba" SUBS_TYPE="HypPart1" SUBS_CONTENT="Bahamer," WC="0.98" CC="10"/>
						<HYP HPOS="3248" VPOS="705" WIDTH="28" CONTENT="-"/>
					</TextLine>
					<TextLine ID="P5_TL00058" HPOS="1771" VPOS="770" WIDTH="1510" HEIGHT="67">
						<String ID="P5_ST00422" HPOS="1771" VPOS="770" WIDTH="157" HEIGHT="56" CONTENT="hamer," SUBS_TYPE="HypPart2" SUBS_CONTENT="Bahamer," WC="0.97" CC="858040"/>
						<SP ID="P5_SP00364" HPOS="1928" VPOS="826" WIDTH="36"/>
						<String ID="P5_ST00423" HPOS="1964" VPOS="789" WIDTH="78" HEIGHT="29" CONTENT="zur" WC="0.93" CC="755"/>
						<SP ID="P5_SP00365" HPOS="2042" VPOS="826" WIDTH="32"/>
						<String ID="P5_ST00424" HPOS="2074" VPOS="772" WIDTH="274" HEIGHT="65" CONTENT="Verfügung" WC="0.99" CC="002900279"/>
						<SP ID="P5_SP00366" HPOS="2348" VPOS="837" WIDTH="28"/>
						<String ID="P5_ST00425" HPOS="2376" VPOS="772" WIDTH="213" HEIGHT="56" CONTENT="ständen;" WC="0.99" CC="20080052"/>
						<SP ID="P5_SP00367" HPOS="2589" VPOS="837" WIDTH="42"/>
						<String ID="P5_ST00426" HPOS="2631" VPOS="776" WIDTH="119" HEIGHT="47" CONTENT="ohne" WC="0.95" CC="3774"/>
						<SP ID="P5_SP00368" HPOS="2750" VPOS="837" WIDTH="42"/>
						<String ID="P5_ST00427" HPOS="2792" VPOS="776" WIDTH="79" HEIGHT="48" CONTENT="das" WC="0.97" CC="044"/>
						<SP ID="P5_SP00369" HPOS="2871" VPOS="837" WIDTH="42"/>
						<String ID="P5_ST00428" HPOS="2913" VPOS="779" WIDTH="53" HEIGHT="45" CONTENT="ist" WC="0.97" CC="124"/>
						<SP ID="P5_SP00370" HPOS="2966" VPOS="837" WIDTH="40"/>
						<String ID="P5_ST00429" HPOS="3006" VPOS="780" WIDTH="61" HEIGHT="47" CONTENT="sie" WC="0.99" CC="010"/>
						<SP ID="P5_SP00371" HPOS="3067" VPOS="837" WIDTH="39"/>
						<String ID="P5_ST00430" HPOS="3106" VPOS="781" WIDTH="175" HEIGHT="46" CONTENT="schwer" WC="0.98" CC="617000"/>
					</TextLine>
					<TextLine ID="P5_TL00059" HPOS="1773" VPOS="849" WIDTH="1507" HEIGHT="55">
						<String ID="P5_ST00431" HPOS="1773" VPOS="849" WIDTH="308" HEIGHT="47" CONTENT="verständlich." WC="0.99" CC="0103805040904"/>
						<SP ID="P5_SP00372" HPOS="2081" VPOS="896" WIDTH="57"/>
						<String ID="P5_ST00432" HPOS="2138" VPOS="851" WIDTH="108" HEIGHT="46" CONTENT="Max" WC="0.99" CC="030"/>
						<SP ID="P5_SP00373" HPOS="2246" VPOS="897" WIDTH="29"/>
						<String ID="P5_ST00433" HPOS="2275" VPOS="851" WIDTH="110" HEIGHT="46" CONTENT="naht" WC="0.98" CC="0070"/>
						<SP ID="P5_SP00374" HPOS="2385" VPOS="897" WIDTH="34"/>
						<String ID="P5_ST00434" HPOS="2419" VPOS="868" WIDTH="51" HEIGHT="29" CONTENT="zu" WC="0.51" CC="62"/>
						<SP ID="P5_SP00375" HPOS="2470" VPOS="897" WIDTH="32"/>
						<String ID="P5_ST00435" HPOS="2502" VPOS="851" WIDTH="146" HEIGHT="47" CONTENT="Schiff" WC="1.00" CC="000400"/>
						<SP ID="P5_SP00376" HPOS="2648" VPOS="898" WIDTH="30"/>
						<String ID="P5_ST00436" HPOS="2678" VPOS="854" WIDTH="213" HEIGHT="47" CONTENT="während" WC="0.99" CC="0000080"/>
						<SP ID="P5_SP00377" HPOS="2891" VPOS="901" WIDTH="41"/>
						<String ID="P5_ST00437" HPOS="2932" VPOS="856" WIDTH="119" HEIGHT="46" CONTENT="eines" WC="0.98" CC="02804"/>
						<SP ID="P5_SP00378" HPOS="3051" VPOS="902" WIDTH="32"/>
						<String ID="P5_ST00438" HPOS="3083" VPOS="858" WIDTH="197" HEIGHT="46" CONTENT="schönen" WC="0.98" CC="2107607"/>
					</TextLine>
					<TextLine ID="P5_TL00060" HPOS="1775" VPOS="925" WIDTH="1508" HEIGHT="62">
						<String ID="P5_ST00439" HPOS="1775" VPOS="925" WIDTH="144" HEIGHT="48" CONTENT="Chors" WC="0.98" CC="05050"/>
						<SP ID="P5_SP00379" HPOS="1919" VPOS="973" WIDTH="40"/>
						<String ID="P5_ST00440" HPOS="1959" VPOS="927" WIDTH="145" HEIGHT="47" CONTENT="seiner" WC="0.98" CC="940800"/>
						<SP ID="P5_SP00380" HPOS="2104" VPOS="974" WIDTH="44"/>
						<String ID="P5_ST00441" HPOS="2148" VPOS="927" WIDTH="279" HEIGHT="49" CONTENT="Gefährten:" WC="0.99" CC="4280028000"/>
						<SP ID="P5_SP00381" HPOS="2427" VPOS="976" WIDTH="48"/>
						<String ID="P5_ST00442" HPOS="2475" VPOS="929" WIDTH="113" HEIGHT="54" CONTENT="„Die" WC="0.97" CC="7060"/>
						<SP ID="P5_SP00382" HPOS="2588" VPOS="983" WIDTH="42"/>
						<String ID="P5_ST00443" HPOS="2630" VPOS="930" WIDTH="151" HEIGHT="48" CONTENT="Sonne" WC="0.98" CC="21660"/>
						<SP ID="P5_SP00383" HPOS="2781" VPOS="983" WIDTH="42"/>
						<String ID="P5_ST00444" HPOS="2823" VPOS="931" WIDTH="133" HEIGHT="56" CONTENT="sinkt," WC="0.98" CC="056052"/>
						<SP ID="P5_SP00384" HPOS="2956" VPOS="987" WIDTH="42"/>
						<String ID="P5_ST00445" HPOS="2998" VPOS="932" WIDTH="80" HEIGHT="49" CONTENT="der" WC="0.96" CC="017"/>
						<SP ID="P5_SP00385" HPOS="3078" VPOS="987" WIDTH="42"/>
						<String ID="P5_ST00446" HPOS="3120" VPOS="934" WIDTH="163" HEIGHT="47" CONTENT="Abend" WC="0.98" CC="05080"/>
					</TextLine>
					<TextLine ID="P5_TL00061" HPOS="1775" VPOS="1001" WIDTH="1506" HEIGHT="70">
						<String ID="P5_ST00447" HPOS="1775" VPOS="1001" WIDTH="156" HEIGHT="56" CONTENT="winkt," WC="0.99" CC="045030"/>
						<SP ID="P5_SP00386" HPOS="1931" VPOS="1057" WIDTH="41"/>
						<String ID="P5_ST00448" HPOS="1972" VPOS="1004" WIDTH="60" HEIGHT="45" CONTENT="Es" WC="0.86" CC="02"/>
						<SP ID="P5_SP00387" HPOS="2032" VPOS="1057" WIDTH="38"/>
						<String ID="P5_ST00449" HPOS="2070" VPOS="1005" WIDTH="120" HEIGHT="46" CONTENT="wallt" WC="0.97" CC="07705"/>
						<SP ID="P5_SP00388" HPOS="2190" VPOS="1057" WIDTH="39"/>
						<String ID="P5_ST00450" HPOS="2229" VPOS="1005" WIDTH="69" HEIGHT="47" CONTENT="die" WC="0.94" CC="822"/>
						<SP ID="P5_SP00389" HPOS="2298" VPOS="1057" WIDTH="31"/>
						<String ID="P5_ST00451" HPOS="2329" VPOS="1005" WIDTH="104" HEIGHT="47" CONTENT="Flut" WC="0.96" CC="6444"/>
						<SP ID="P5_SP00390" HPOS="2433" VPOS="1057" WIDTH="38"/>
						<String ID="P5_ST00452" HPOS="2471" VPOS="1005" WIDTH="42" HEIGHT="47" CONTENT="in" WC="0.58" CC="08"/>
						<SP ID="P5_SP00391" HPOS="2513" VPOS="1057" WIDTH="32"/>
						<String ID="P5_ST00453" HPOS="2545" VPOS="1007" WIDTH="367" HEIGHT="64" CONTENT='Purpurgluth".' WC="0.52" CC="8600409357844"/>
						<SP ID="P5_SP00392" HPOS="2912" VPOS="1071" WIDTH="57"/>
						<String ID="P5_ST00454" HPOS="2969" VPOS="1010" WIDTH="276" HEIGHT="48" CONTENT="Maximilian" WC="0.99" CC="0000066037"/>
						<SP ID="P5_SP00393" HPOS="3245" VPOS="1071" WIDTH="19"/>
						<String ID="P5_ST00455" HPOS="3264" VPOS="1028" WIDTH="17" HEIGHT="29" CONTENT="s" WC="1.00" CC="0"/>
					</TextLine>
					<TextLine ID="P5_TL00062" HPOS="1775" VPOS="1080" WIDTH="1506" HEIGHT="66">
						<String ID="P5_ST00456" HPOS="1775" VPOS="1080" WIDTH="145" HEIGHT="63" CONTENT="Klage" WC="0.98" CC="00095"/>
						<SP ID="P5_SP00394" HPOS="1920" VPOS="1143" WIDTH="32"/>
						<String ID="P5_ST00457" HPOS="1952" VPOS="1080" WIDTH="113" HEIGHT="48" CONTENT="über" WC="0.98" CC="0303"/>
						<SP ID="P5_SP00395" HPOS="2065" VPOS="1143" WIDTH="28"/>
						<String ID="P5_ST00458" HPOS="2093" VPOS="1081" WIDTH="120" HEIGHT="48" CONTENT="seine" WC="0.98" CC="50170"/>
						<SP ID="P5_SP00396" HPOS="2213" VPOS="1143" WIDTH="29"/>
						<String ID="P5_ST00459" HPOS="2242" VPOS="1082" WIDTH="274" HEIGHT="64" CONTENT="Niederlage" WC="0.99" CC="5000044390"/>
						<SP ID="P5_SP00397" HPOS="2516" VPOS="1146" WIDTH="27"/>
						<String ID="P5_ST00460" HPOS="2543" VPOS="1084" WIDTH="200" HEIGHT="48" CONTENT="sehliesst" WC="0.48" CC="987040608"/>
						<SP ID="P5_SP00398" HPOS="2743" VPOS="1146" WIDTH="27"/>
						<String ID="P5_ST00461" HPOS="2770" VPOS="1086" WIDTH="91" HEIGHT="47" CONTENT="sich" WC="0.98" CC="5006"/>
						<SP ID="P5_SP00399" HPOS="2861" VPOS="1146" WIDTH="30"/>
						<String ID="P5_ST00462" HPOS="2891" VPOS="1086" WIDTH="164" HEIGHT="56" CONTENT="daran;" WC="0.99" CC="003280"/>
						<SP ID="P5_SP00400" HPOS="3055" VPOS="1146" WIDTH="29"/>
						<String ID="P5_ST00463" HPOS="3084" VPOS="1089" WIDTH="61" HEIGHT="47" CONTENT="sie" WC="0.96" CC="504"/>
						<SP ID="P5_SP00401" HPOS="3145" VPOS="1146" WIDTH="26"/>
						<String ID="P5_ST00464" HPOS="3171" VPOS="1087" WIDTH="110" HEIGHT="49" CONTENT="wird" WC="0.97" CC="9200"/>
					</TextLine>
					<TextLine ID="P5_TL00063" HPOS="1776" VPOS="1156" WIDTH="1507" HEIGHT="72">
						<String ID="P5_ST00465" HPOS="1776" VPOS="1156" WIDTH="336" HEIGHT="48" CONTENT="unterbrochen" WC="0.99" CC="466357131227"/>
						<SP ID="P5_SP00402" HPOS="2112" VPOS="1204" WIDTH="36"/>
						<String ID="P5_ST00466" HPOS="2148" VPOS="1174" WIDTH="83" HEIGHT="31" CONTENT="von" WC="0.95" CC="048"/>
						<SP ID="P5_SP00403" HPOS="2231" VPOS="1205" WIDTH="43"/>
						<String ID="P5_ST00467" HPOS="2274" VPOS="1157" WIDTH="87" HEIGHT="48" CONTENT="den" WC="0.95" CC="076"/>
						<SP ID="P5_SP00404" HPOS="2361" VPOS="1205" WIDTH="31"/>
						<String ID="P5_ST00468" HPOS="2392" VPOS="1160" WIDTH="174" HEIGHT="63" CONTENT="Sieges-" WC="0.99" CC="6330050"/>
						<SP ID="P5_SP00405" HPOS="2566" VPOS="1223" WIDTH="35"/>
						<String ID="P5_ST00469" HPOS="2601" VPOS="1162" WIDTH="86" HEIGHT="46" CONTENT="und" WC="0.93" CC="379"/>
						<SP ID="P5_SP00406" HPOS="2687" VPOS="1223" WIDTH="33"/>
						<String ID="P5_ST00470" HPOS="2720" VPOS="1162" WIDTH="452" HEIGHT="66" CONTENT="Triumphgesängen" WC="0.99" CC="040540090707008"/>
						<SP ID="P5_SP00407" HPOS="3172" VPOS="1228" WIDTH="31"/>
						<String ID="P5_ST00471" HPOS="3203" VPOS="1164" WIDTH="80" HEIGHT="49" CONTENT="der" WC="0.98" CC="005"/>
					</TextLine>
					<TextLine ID="P5_TL00064" HPOS="1778" VPOS="1233" WIDTH="1502" HEIGHT="72">
						<String ID="P5_ST00472" HPOS="1778" VPOS="1233" WIDTH="285" HEIGHT="50" CONTENT="Venetianer." WC="0.77" CC="00656007000"/>
						<SP ID="P5_SP00408" HPOS="2063" VPOS="1283" WIDTH="32"/>
						<String ID="P5_ST00473" HPOS="2095" VPOS="1236" WIDTH="99" HEIGHT="46" CONTENT="Den" WC="0.99" CC="001"/>
						<SP ID="P5_SP00409" HPOS="2194" VPOS="1283" WIDTH="35"/>
						<String ID="P5_ST00474" HPOS="2229" VPOS="1236" WIDTH="148" HEIGHT="63" CONTENT="König" WC="0.99" CC="00730"/>
						<SP ID="P5_SP00410" HPOS="2377" VPOS="1299" WIDTH="29"/>
						<String ID="P5_ST00475" HPOS="2406" VPOS="1236" WIDTH="207" HEIGHT="48" CONTENT="erbittert" WC="0.98" CC="025466408"/>
						<SP ID="P5_SP00411" HPOS="2613" VPOS="1299" WIDTH="31"/>
						<String ID="P5_ST00476" HPOS="2644" VPOS="1239" WIDTH="67" HEIGHT="46" CONTENT="ihr" WC="0.98" CC="303"/>
						<SP ID="P5_SP00412" HPOS="2711" VPOS="1299" WIDTH="31"/>
						<String ID="P5_ST00477" HPOS="2742" VPOS="1240" WIDTH="161" HEIGHT="48" CONTENT="Hohn:" WC="0.97" CC="53562"/>
						<SP ID="P5_SP00413" HPOS="2903" VPOS="1299" WIDTH="29"/>
						<String ID="P5_ST00478" HPOS="2932" VPOS="1241" WIDTH="113" HEIGHT="47" CONTENT="doch" WC="0.98" CC="0090"/>
						<SP ID="P5_SP00414" HPOS="3045" VPOS="1299" WIDTH="33"/>
						<String ID="P5_ST00479" HPOS="3078" VPOS="1242" WIDTH="202" HEIGHT="63" CONTENT="plötzlich" WC="0.98" CC="050478507"/>
					</TextLine>
					<TextLine ID="P5_TL00065" HPOS="1776" VPOS="1311" WIDTH="1507" HEIGHT="56">
						<String ID="P5_ST00480" HPOS="1776" VPOS="1311" WIDTH="118" HEIGHT="47" CONTENT="fühlt" WC="0.98" CC="00165"/>
						<SP ID="P5_SP00415" HPOS="1894" VPOS="1358" WIDTH="28"/>
						<String ID="P5_ST00481" HPOS="1922" VPOS="1327" WIDTH="49" HEIGHT="31" CONTENT="er" WC="0.94" CC="01"/>
						<SP ID="P5_SP00416" HPOS="1971" VPOS="1358" WIDTH="29"/>
						<String ID="P5_ST00482" HPOS="2000" VPOS="1313" WIDTH="93" HEIGHT="46" CONTENT="sein" WC="1.00" CC="0001"/>
						<SP ID="P5_SP00417" HPOS="2093" VPOS="1359" WIDTH="31"/>
						<String ID="P5_ST00483" HPOS="2124" VPOS="1313" WIDTH="117" HEIGHT="46" CONTENT="Herz" WC="0.95" CC="6647"/>
						<SP ID="P5_SP00418" HPOS="2241" VPOS="1359" WIDTH="40"/>
						<String ID="P5_ST00484" HPOS="2281" VPOS="1329" WIDTH="82" HEIGHT="31" CONTENT="von" WC="0.96" CC="028"/>
						<SP ID="P5_SP00419" HPOS="2363" VPOS="1360" WIDTH="31"/>
						<String ID="P5_ST00485" HPOS="2394" VPOS="1313" WIDTH="256" HEIGHT="47" CONTENT="Sehnsucht" WC="0.98" CC="066856628"/>
						<SP ID="P5_SP00420" HPOS="2650" VPOS="1360" WIDTH="37"/>
						<String ID="P5_ST00486" HPOS="2687" VPOS="1316" WIDTH="112" HEIGHT="47" CONTENT="nach" WC="0.97" CC="8042"/>
						<SP ID="P5_SP00421" HPOS="2799" VPOS="1363" WIDTH="31"/>
						<String ID="P5_ST00487" HPOS="2830" VPOS="1317" WIDTH="79" HEIGHT="46" CONTENT="der" WC="1.00" CC="000"/>
						<SP ID="P5_SP00422" HPOS="2909" VPOS="1363" WIDTH="32"/>
						<String ID="P5_ST00488" HPOS="2941" VPOS="1319" WIDTH="235" HEIGHT="47" CONTENT="Geliebten" WC="0.99" CC="113007806"/>
						<SP ID="P5_SP00423" HPOS="3176" VPOS="1366" WIDTH="32"/>
						<String ID="P5_ST00489" HPOS="3208" VPOS="1320" WIDTH="50" HEIGHT="47" CONTENT="be" SUBS_TYPE="HypPart1" SUBS_CONTENT="bewegt;" WC="0.98" CC="50"/>
						<HYP HPOS="3258" VPOS="1320" WIDTH="25" CONTENT="-"/>
					</TextLine>
					<TextLine ID="P5_TL00066" HPOS="1778" VPOS="1390" WIDTH="1505" HEIGHT="68">
						<String ID="P5_ST00490" HPOS="1778" VPOS="1397" WIDTH="143" HEIGHT="55" CONTENT="wegt;" SUBS_TYPE="HypPart2" SUBS_CONTENT="bewegt;" WC="1.00" CC="00030"/>
						<SP ID="P5_SP00424" HPOS="1921" VPOS="1452" WIDTH="43"/>
						<String ID="P5_ST00491" HPOS="1964" VPOS="1390" WIDTH="122" HEIGHT="47" CONTENT="seine" WC="1.00" CC="02000"/>
						<SP ID="P5_SP00425" HPOS="2086" VPOS="1452" WIDTH="41"/>
						<String ID="P5_ST00492" HPOS="2127" VPOS="1391" WIDTH="222" HEIGHT="63" CONTENT="Begleiter" WC="0.98" CC="709071860"/>
						<SP ID="P5_SP00426" HPOS="2349" VPOS="1454" WIDTH="41"/>
						<String ID="P5_ST00493" HPOS="2390" VPOS="1391" WIDTH="165" HEIGHT="48" CONTENT="theilen" WC="0.78" CC="0400306"/>
						<SP ID="P5_SP00427" HPOS="2555" VPOS="1454" WIDTH="46"/>
						<String ID="P5_ST00494" HPOS="2601" VPOS="1391" WIDTH="119" HEIGHT="49" CONTENT="diese" WC="0.98" CC="05660"/>
						<SP ID="P5_SP00428" HPOS="2720" VPOS="1454" WIDTH="41"/>
						<String ID="P5_ST00495" HPOS="2761" VPOS="1395" WIDTH="282" HEIGHT="63" CONTENT="Stimmung:" WC="0.99" CC="305005890"/>
						<SP ID="P5_SP00429" HPOS="3043" VPOS="1458" WIDTH="40"/>
						<String ID="P5_ST00496" HPOS="3083" VPOS="1397" WIDTH="200" HEIGHT="55" CONTENT="„Walle," WC="0.99" CC="7026300"/>
					</TextLine>
					<TextLine ID="P5_TL00067" HPOS="1776" VPOS="1466" WIDTH="1411" HEIGHT="70">
						<String ID="P5_ST00497" HPOS="1776" VPOS="1466" WIDTH="146" HEIGHT="54" CONTENT="walle," WC="0.99" CC="005410"/>
						<SP ID="P5_SP00430" HPOS="1922" VPOS="1520" WIDTH="30"/>
						<String ID="P5_ST00498" HPOS="1952" VPOS="1466" WIDTH="236" HEIGHT="48" CONTENT="Schifflein" WC="0.99" CC="0070446408"/>
						<SP ID="P5_SP00431" HPOS="2188" VPOS="1520" WIDTH="32"/>
						<String ID="P5_ST00499" HPOS="2220" VPOS="1467" WIDTH="123" HEIGHT="47" CONTENT="kühn" WC="0.97" CC="7008"/>
						<SP ID="P5_SP00432" HPOS="2343" VPOS="1520" WIDTH="40"/>
						<String ID="P5_ST00500" HPOS="2383" VPOS="1467" WIDTH="157" HEIGHT="48" CONTENT="Durch" WC="0.98" CC="71440"/>
						<SP ID="P5_SP00433" HPOS="2540" VPOS="1520" WIDTH="31"/>
						<String ID="P5_ST00501" HPOS="2571" VPOS="1468" WIDTH="72" HEIGHT="49" CONTENT="die" WC="1.00" CC="010"/>
						<SP ID="P5_SP00434" HPOS="2643" VPOS="1520" WIDTH="30"/>
						<String ID="P5_ST00502" HPOS="2673" VPOS="1470" WIDTH="164" HEIGHT="48" CONTENT="blauen" WC="0.98" CC="360508"/>
						<SP ID="P5_SP00435" HPOS="2837" VPOS="1520" WIDTH="33"/>
						<String ID="P5_ST00503" HPOS="2870" VPOS="1471" WIDTH="183" HEIGHT="65" CONTENT="Wogen" WC="0.98" CC="00908"/>
						<SP ID="P5_SP00436" HPOS="3053" VPOS="1536" WIDTH="31"/>
						<String ID="P5_ST00504" HPOS="3084" VPOS="1472" WIDTH="103" HEIGHT="48" CONTENT='hin"' WC="0.98" CC="5004"/>
						<SP ID="P5_SP00437" HPOS="3187" VPOS="1536" WIDTH="0"/>
					</TextLine>
					<TextLine ID="P5_TL00068" HPOS="1775" VPOS="1543" WIDTH="1505" HEIGHT="70">
						<String ID="P5_ST00505" HPOS="1775" VPOS="1543" WIDTH="70" HEIGHT="47" CONTENT="ein" WC="0.97" CC="007"/>
						<SP ID="P5_SP00438" HPOS="1845" VPOS="1590" WIDTH="30"/>
						<String ID="P5_ST00506" HPOS="1875" VPOS="1545" WIDTH="229" HEIGHT="47" CONTENT="lieblicher" WC="0.99" CC="3015010612"/>
						<SP ID="P5_SP00439" HPOS="2104" VPOS="1592" WIDTH="23"/>
						<String ID="P5_ST00507" HPOS="2127" VPOS="1545" WIDTH="321" HEIGHT="55" CONTENT="Schifferchor," WC="0.99" CC="2052446050500"/>
						<SP ID="P5_SP00440" HPOS="2448" VPOS="1600" WIDTH="29"/>
						<String ID="P5_ST00508" HPOS="2477" VPOS="1546" WIDTH="86" HEIGHT="48" CONTENT="den" WC="0.95" CC="068"/>
						<SP ID="P5_SP00441" HPOS="2563" VPOS="1600" WIDTH="30"/>
						<String ID="P5_ST00509" HPOS="2593" VPOS="1547" WIDTH="109" HEIGHT="47" CONTENT="aber" WC="0.98" CC="0350"/>
						<SP ID="P5_SP00442" HPOS="2702" VPOS="1600" WIDTH="31"/>
						<String ID="P5_ST00510" HPOS="2733" VPOS="1547" WIDTH="80" HEIGHT="48" CONTENT="der" WC="1.00" CC="000"/>
						<SP ID="P5_SP00443" HPOS="2813" VPOS="1600" WIDTH="31"/>
						<String ID="P5_ST00511" HPOS="2844" VPOS="1548" WIDTH="130" HEIGHT="49" CONTENT="wilde" WC="0.99" CC="00500"/>
						<SP ID="P5_SP00444" HPOS="2974" VPOS="1600" WIDTH="24"/>
						<String ID="P5_ST00512" HPOS="2998" VPOS="1551" WIDTH="180" HEIGHT="62" CONTENT="Gesang" WC="0.98" CC="004580"/>
						<SP ID="P5_SP00445" HPOS="3178" VPOS="1613" WIDTH="23"/>
						<String ID="P5_ST00513" HPOS="3201" VPOS="1550" WIDTH="79" HEIGHT="48" CONTENT="der" WC="0.99" CC="002"/>
					</TextLine>
					<TextLine ID="P5_TL00069" HPOS="1775" VPOS="1621" WIDTH="1495" HEIGHT="65">
						<String ID="P5_ST00514" HPOS="1775" VPOS="1621" WIDTH="180" HEIGHT="62" CONTENT="Sieger:" WC="0.99" CC="3200050"/>
						<SP ID="P5_SP00446" HPOS="1955" VPOS="1683" WIDTH="42"/>
						<String ID="P5_ST00515" HPOS="1997" VPOS="1622" WIDTH="304" HEIGHT="64" CONTENT="„Trompeten" WC="0.99" CC="3005000413"/>
						<SP ID="P5_SP00447" HPOS="2301" VPOS="1686" WIDTH="30"/>
						<String ID="P5_ST00516" HPOS="2331" VPOS="1621" WIDTH="89" HEIGHT="48" CONTENT="und" WC="0.97" CC="060"/>
						<SP ID="P5_SP00448" HPOS="2420" VPOS="1686" WIDTH="32"/>
						<String ID="P5_ST00517" HPOS="2452" VPOS="1623" WIDTH="188" HEIGHT="55" CONTENT="Harfen," WC="0.99" CC="7630000"/>
						<SP ID="P5_SP00449" HPOS="2640" VPOS="1686" WIDTH="38"/>
						<String ID="P5_ST00518" HPOS="2678" VPOS="1625" WIDTH="93" HEIGHT="53" CONTENT="auf," WC="0.98" CC="0044"/>
						<SP ID="P5_SP00450" HPOS="2771" VPOS="1686" WIDTH="38"/>
						<String ID="P5_ST00519" HPOS="2809" VPOS="1626" WIDTH="107" HEIGHT="47" CONTENT="lasst" WC="0.88" CC="00005"/>
						<SP ID="P5_SP00451" HPOS="2916" VPOS="1686" WIDTH="25"/>
						<String ID="P5_ST00520" HPOS="2941" VPOS="1628" WIDTH="62" HEIGHT="46" CONTENT="sie" WC="0.99" CC="300"/>
						<SP ID="P5_SP00452" HPOS="3003" VPOS="1686" WIDTH="29"/>
						<String ID="P5_ST00521" HPOS="3032" VPOS="1627" WIDTH="238" HEIGHT="48" CONTENT='ertönen!"' WC="0.99" CC="758070007"/>
					</TextLine>
					<TextLine ID="P5_TL00070" HPOS="1776" VPOS="1698" WIDTH="1505" HEIGHT="70">
						<String ID="P5_ST00522" HPOS="1776" VPOS="1698" WIDTH="168" HEIGHT="47" CONTENT="wieder" WC="0.99" CC="005003"/>
						<SP ID="P5_SP00453" HPOS="1944" VPOS="1745" WIDTH="32"/>
						<String ID="P5_ST00523" HPOS="1976" VPOS="1700" WIDTH="282" HEIGHT="47" CONTENT="unterbricht" WC="0.99" CC="49065610056"/>
						<SP ID="P5_SP00454" HPOS="2258" VPOS="1747" WIDTH="30"/>
						<String ID="P5_ST00524" HPOS="2288" VPOS="1700" WIDTH="89" HEIGHT="47" CONTENT="und" WC="0.97" CC="080"/>
						<SP ID="P5_SP00455" HPOS="2377" VPOS="1747" WIDTH="32"/>
						<String ID="P5_ST00525" HPOS="2409" VPOS="1701" WIDTH="226" HEIGHT="48" CONTENT="übertönt." WC="0.99" CC="740310744"/>
						<SP ID="P5_SP00456" HPOS="2635" VPOS="1749" WIDTH="47"/>
						<String ID="P5_ST00526" HPOS="2682" VPOS="1703" WIDTH="91" HEIGHT="47" CONTENT="Der" WC="0.95" CC="724"/>
						<SP ID="P5_SP00457" HPOS="2773" VPOS="1750" WIDTH="32"/>
						<String ID="P5_ST00527" HPOS="2805" VPOS="1703" WIDTH="262" HEIGHT="65" CONTENT="Componist" WC="0.73" CC="040008017"/>
						<SP ID="P5_SP00458" HPOS="3067" VPOS="1768" WIDTH="29"/>
						<String ID="P5_ST00528" HPOS="3096" VPOS="1706" WIDTH="76" HEIGHT="47" CONTENT="hat" WC="0.95" CC="705"/>
						<SP ID="P5_SP00459" HPOS="3172" VPOS="1768" WIDTH="29"/>
						<String ID="P5_ST00529" HPOS="3201" VPOS="1721" WIDTH="80" HEIGHT="32" CONTENT="aus" WC="0.96" CC="262"/>
					</TextLine>
					<TextLine ID="P5_TL00071" HPOS="1775" VPOS="1774" WIDTH="1504" HEIGHT="60">
						<String ID="P5_ST00530" HPOS="1775" VPOS="1774" WIDTH="150" HEIGHT="49" CONTENT="diesen" WC="0.99" CC="000408"/>
						<SP ID="P5_SP00460" HPOS="1925" VPOS="1823" WIDTH="30"/>
						<String ID="P5_ST00531" HPOS="1955" VPOS="1776" WIDTH="94" HEIGHT="47" CONTENT="drei" WC="0.97" CC="0553"/>
						<SP ID="P5_SP00461" HPOS="2049" VPOS="1823" WIDTH="31"/>
						<String ID="P5_ST00532" HPOS="2080" VPOS="1777" WIDTH="270" HEIGHT="56" CONTENT="Nummern," WC="0.99" CC="03300070"/>
						<SP ID="P5_SP00462" HPOS="2350" VPOS="1833" WIDTH="42"/>
						<String ID="P5_ST00533" HPOS="2392" VPOS="1776" WIDTH="101" HEIGHT="48" CONTENT="dem" WC="0.98" CC="500"/>
						<SP ID="P5_SP00463" HPOS="2493" VPOS="1833" WIDTH="34"/>
						<String ID="P5_ST00534" HPOS="2527" VPOS="1778" WIDTH="121" HEIGHT="47" CONTENT="Chor" WC="0.98" CC="5040"/>
						<SP ID="P5_SP00464" HPOS="2648" VPOS="1833" WIDTH="39"/>
						<String ID="P5_ST00535" HPOS="2687" VPOS="1780" WIDTH="79" HEIGHT="47" CONTENT="der" WC="0.99" CC="030"/>
						<SP ID="P5_SP00465" HPOS="2766" VPOS="1833" WIDTH="33"/>
						<String ID="P5_ST00536" HPOS="2799" VPOS="1781" WIDTH="181" HEIGHT="53" CONTENT="Feinde," WC="0.98" CC="9038000"/>
						<SP ID="P5_SP00466" HPOS="2980" VPOS="1834" WIDTH="38"/>
						<String ID="P5_ST00537" HPOS="3018" VPOS="1782" WIDTH="101" HEIGHT="47" CONTENT="dem" WC="0.92" CC="668"/>
						<SP ID="P5_SP00467" HPOS="3119" VPOS="1834" WIDTH="33"/>
						<String ID="P5_ST00538" HPOS="3152" VPOS="1783" WIDTH="102" HEIGHT="47" CONTENT="Reci" SUBS_TYPE="HypPart1" SUBS_CONTENT="Recitativ" WC="0.58" CC="7703"/>
						<HYP HPOS="3254" VPOS="1783" WIDTH="25" CONTENT="-"/>
					</TextLine>
					<TextLine ID="P5_TL00072" HPOS="1776" VPOS="1853" WIDTH="1504" HEIGHT="65">
						<String ID="P5_ST00539" HPOS="1776" VPOS="1853" WIDTH="102" HEIGHT="47" CONTENT="tativ" SUBS_TYPE="HypPart2" SUBS_CONTENT="Recitativ" WC="0.78" CC="64000"/>
						<SP ID="P5_SP00468" HPOS="1878" VPOS="1900" WIDTH="42"/>
						<String ID="P5_ST00540" HPOS="1920" VPOS="1853" WIDTH="88" HEIGHT="47" CONTENT="und" WC="0.94" CC="329"/>
						<SP ID="P5_SP00469" HPOS="2008" VPOS="1900" WIDTH="38"/>
						<String ID="P5_ST00541" HPOS="2046" VPOS="1854" WIDTH="162" HEIGHT="47" CONTENT="Arioso" WC="0.77" CC="420060"/>
						<SP ID="P5_SP00470" HPOS="2208" VPOS="1901" WIDTH="38"/>
						<String ID="P5_ST00542" HPOS="2246" VPOS="1854" WIDTH="76" HEIGHT="47" CONTENT="des" WC="1.00" CC="000"/>
						<SP ID="P5_SP00471" HPOS="2322" VPOS="1901" WIDTH="44"/>
						<String ID="P5_ST00543" HPOS="2366" VPOS="1854" WIDTH="174" HEIGHT="64" CONTENT="Königs" WC="0.97" CC="058490"/>
						<SP ID="P5_SP00472" HPOS="2540" VPOS="1918" WIDTH="49"/>
						<String ID="P5_ST00544" HPOS="2589" VPOS="1856" WIDTH="89" HEIGHT="47" CONTENT="und" WC="0.96" CC="380"/>
						<SP ID="P5_SP00473" HPOS="2678" VPOS="1918" WIDTH="42"/>
						<String ID="P5_ST00545" HPOS="2720" VPOS="1856" WIDTH="102" HEIGHT="48" CONTENT="dem" WC="0.95" CC="048"/>
						<SP ID="P5_SP00474" HPOS="2822" VPOS="1918" WIDTH="44"/>
						<String ID="P5_ST00546" HPOS="2866" VPOS="1858" WIDTH="302" HEIGHT="50" CONTENT="Schifferchor" WC="0.99" CC="307544600710"/>
						<SP ID="P5_SP00475" HPOS="3168" VPOS="1918" WIDTH="41"/>
						<String ID="P5_ST00547" HPOS="3209" VPOS="1860" WIDTH="71" HEIGHT="47" CONTENT="ein" WC="0.93" CC="638"/>
					</TextLine>
					<TextLine ID="P5_TL00073" HPOS="1776" VPOS="1931" WIDTH="1504" HEIGHT="63">
						<String ID="P5_ST00548" HPOS="1776" VPOS="1932" WIDTH="173" HEIGHT="47" CONTENT="Ganzes" WC="0.97" CC="708606"/>
						<SP ID="P5_SP00476" HPOS="1949" VPOS="1979" WIDTH="15"/>
						<String ID="P5_ST00549" HPOS="1964" VPOS="1932" WIDTH="229" HEIGHT="62" CONTENT="gemacht," WC="0.99" CC="90002060"/>
						<SP ID="P5_SP00477" HPOS="2193" VPOS="1994" WIDTH="24"/>
						<String ID="P5_ST00550" HPOS="2217" VPOS="1931" WIDTH="192" HEIGHT="48" CONTENT="welches" WC="1.00" CC="0000106"/>
						<SP ID="P5_SP00478" HPOS="2409" VPOS="1994" WIDTH="18"/>
						<String ID="P5_ST00551" HPOS="2427" VPOS="1933" WIDTH="82" HEIGHT="46" CONTENT="voll" WC="0.96" CC="0467"/>
						<SP ID="P5_SP00479" HPOS="2509" VPOS="1994" WIDTH="17"/>
						<String ID="P5_ST00552" HPOS="2526" VPOS="1948" WIDTH="82" HEIGHT="31" CONTENT="von" WC="0.97" CC="007"/>
						<SP ID="P5_SP00480" HPOS="2608" VPOS="1994" WIDTH="21"/>
						<String ID="P5_ST00553" HPOS="2629" VPOS="1934" WIDTH="651" HEIGHT="50" CONTENT="musicalisch-dramatischem" WC="1.00" CC="230303604754944000340200"/>
					</TextLine>
					<TextLine ID="P5_TL00074" HPOS="1776" VPOS="2009" WIDTH="1507" HEIGHT="52">
						<String ID="P5_ST00554" HPOS="1776" VPOS="2009" WIDTH="155" HEIGHT="47" CONTENT="Leben" WC="0.96" CC="44566"/>
						<SP ID="P5_SP00481" HPOS="1931" VPOS="2056" WIDTH="35"/>
						<String ID="P5_ST00555" HPOS="1966" VPOS="2009" WIDTH="67" HEIGHT="49" CONTENT="ist." WC="0.97" CC="1624"/>
						<SP ID="P5_SP00482" HPOS="2033" VPOS="2058" WIDTH="55"/>
						<String ID="P5_ST00556" HPOS="2088" VPOS="2011" WIDTH="62" HEIGHT="45" CONTENT="Es" WC="0.69" CC="06"/>
						<SP ID="P5_SP00483" HPOS="2150" VPOS="2058" WIDTH="33"/>
						<String ID="P5_ST00557" HPOS="2183" VPOS="2011" WIDTH="53" HEIGHT="47" CONTENT="ist" WC="0.98" CC="050"/>
						<SP ID="P5_SP00484" HPOS="2236" VPOS="2058" WIDTH="34"/>
						<String ID="P5_ST00558" HPOS="2270" VPOS="2009" WIDTH="112" HEIGHT="47" CONTENT="aber" WC="0.98" CC="0702"/>
						<SP ID="P5_SP00485" HPOS="2382" VPOS="2058" WIDTH="28"/>
						<String ID="P5_ST00559" HPOS="2410" VPOS="2026" WIDTH="100" HEIGHT="30" CONTENT="zum" WC="0.97" CC="600"/>
						<SP ID="P5_SP00486" HPOS="2510" VPOS="2058" WIDTH="36"/>
						<String ID="P5_ST00560" HPOS="2546" VPOS="2011" WIDTH="337" HEIGHT="49" CONTENT="Verständnisse" WC="0.99" CC="0026008080630"/>
						<SP ID="P5_SP00487" HPOS="2883" VPOS="2060" WIDTH="29"/>
						<String ID="P5_ST00561" HPOS="2912" VPOS="2013" WIDTH="79" HEIGHT="47" CONTENT="der" WC="1.00" CC="000"/>
						<SP ID="P5_SP00488" HPOS="2991" VPOS="2060" WIDTH="29"/>
						<String ID="P5_ST00562" HPOS="3020" VPOS="2014" WIDTH="142" HEIGHT="47" CONTENT="Scene" WC="0.63" CC="20087"/>
						<SP ID="P5_SP00489" HPOS="3162" VPOS="2061" WIDTH="32"/>
						<String ID="P5_ST00563" HPOS="3194" VPOS="2014" WIDTH="89" HEIGHT="47" CONTENT="und" WC="0.96" CC="380"/>
					</TextLine>
					<TextLine ID="P5_TL00075" HPOS="1775" VPOS="2087" WIDTH="1508" HEIGHT="67">
						<String ID="P5_ST00564" HPOS="1775" VPOS="2103" WIDTH="79" HEIGHT="31" CONTENT="zur" WC="0.95" CC="606"/>
						<SP ID="P5_SP00490" HPOS="1854" VPOS="2134" WIDTH="38"/>
						<String ID="P5_ST00565" HPOS="1892" VPOS="2087" WIDTH="323" HEIGHT="63" CONTENT="vollständigen" WC="1.00" CC="0200000504003"/>
						<SP ID="P5_SP00491" HPOS="2215" VPOS="2150" WIDTH="39"/>
						<String ID="P5_ST00566" HPOS="2254" VPOS="2087" WIDTH="338" HEIGHT="48" CONTENT="musicalischen" WC="1.00" CC="0240003036034"/>
						<SP ID="P5_SP00492" HPOS="2592" VPOS="2150" WIDTH="33"/>
						<String ID="P5_ST00567" HPOS="2625" VPOS="2088" WIDTH="231" HEIGHT="66" CONTENT="Wirkung" WC="0.99" CC="0000680"/>
						<SP ID="P5_SP00493" HPOS="2856" VPOS="2154" WIDTH="37"/>
						<String ID="P5_ST00568" HPOS="2893" VPOS="2089" WIDTH="225" HEIGHT="50" CONTENT="durchaus" WC="0.99" CC="80500063"/>
						<SP ID="P5_SP00494" HPOS="3118" VPOS="2154" WIDTH="36"/>
						<String ID="P5_ST00569" HPOS="3154" VPOS="2092" WIDTH="97" HEIGHT="47" CONTENT="not" SUBS_TYPE="HypPart1" SUBS_CONTENT="notwendig," WC="0.96" CC="838"/>
						<HYP HPOS="3251" VPOS="2092" WIDTH="32" CONTENT="-"/>
					</TextLine>
					<TextLine ID="P5_TL00076" HPOS="1779" VPOS="2162" WIDTH="1504" HEIGHT="66">
						<String ID="P5_ST00570" HPOS="1779" VPOS="2162" WIDTH="196" HEIGHT="66" CONTENT="wendig," SUBS_TYPE="HypPart2" SUBS_CONTENT="notwendig," WC="0.99" CC="0080402"/>
						<SP ID="P5_SP00495" HPOS="1975" VPOS="2228" WIDTH="43"/>
						<String ID="P5_ST00571" HPOS="2018" VPOS="2163" WIDTH="101" HEIGHT="48" CONTENT="dass" WC="0.98" CC="0000"/>
						<SP ID="P5_SP00496" HPOS="2119" VPOS="2228" WIDTH="42"/>
						<String ID="P5_ST00572" HPOS="2161" VPOS="2163" WIDTH="70" HEIGHT="48" CONTENT="die" WC="0.99" CC="020"/>
						<SP ID="P5_SP00497" HPOS="2231" VPOS="2228" WIDTH="46"/>
						<String ID="P5_ST00573" HPOS="2277" VPOS="2163" WIDTH="159" HEIGHT="48" CONTENT="beiden" WC="0.99" CC="701006"/>
						<SP ID="P5_SP00498" HPOS="2436" VPOS="2228" WIDTH="45"/>
						<String ID="P5_ST00574" HPOS="2481" VPOS="2163" WIDTH="149" HEIGHT="50" CONTENT="Chöre" WC="0.99" CC="60000"/>
						<SP ID="P5_SP00499" HPOS="2630" VPOS="2228" WIDTH="43"/>
						<String ID="P5_ST00575" HPOS="2673" VPOS="2166" WIDTH="301" HEIGHT="57" CONTENT="abwechseln," WC="0.99" CC="05060765780"/>
						<SP ID="P5_SP00500" HPOS="2974" VPOS="2228" WIDTH="44"/>
						<String ID="P5_ST00576" HPOS="3018" VPOS="2185" WIDTH="92" HEIGHT="30" CONTENT="was" WC="0.94" CC="961"/>
						<SP ID="P5_SP00501" HPOS="3110" VPOS="2228" WIDTH="41"/>
						<String ID="P5_ST00577" HPOS="3151" VPOS="2168" WIDTH="132" HEIGHT="56" CONTENT="auch," WC="0.97" CC="60770"/>
					</TextLine>
					<TextLine ID="P5_TL00077" HPOS="1779" VPOS="2241" WIDTH="1502" HEIGHT="59">
						<String ID="P5_ST00578" HPOS="1779" VPOS="2258" WIDTH="131" HEIGHT="31" CONTENT="wenn" WC="0.97" CC="0057"/>
						<SP ID="P5_SP00502" HPOS="1910" VPOS="2289" WIDTH="30"/>
						<String ID="P5_ST00579" HPOS="1940" VPOS="2241" WIDTH="121" HEIGHT="47" CONTENT="nicht" WC="0.98" CC="70053"/>
						<SP ID="P5_SP00503" HPOS="2061" VPOS="2289" WIDTH="27"/>
						<String ID="P5_ST00580" HPOS="2088" VPOS="2241" WIDTH="251" HEIGHT="48" CONTENT="zahlreiche" WC="0.99" CC="5366500060"/>
						<SP ID="P5_SP00504" HPOS="2339" VPOS="2289" WIDTH="24"/>
						<String ID="P5_ST00581" HPOS="2363" VPOS="2241" WIDTH="156" HEIGHT="48" CONTENT="Kräfte" WC="0.99" CC="020700"/>
						<SP ID="P5_SP00505" HPOS="2519" VPOS="2289" WIDTH="30"/>
						<String ID="P5_ST00582" HPOS="2549" VPOS="2242" WIDTH="260" HEIGHT="49" CONTENT="vorhanden" WC="0.99" CC="000720044"/>
						<SP ID="P5_SP00506" HPOS="2809" VPOS="2291" WIDTH="29"/>
						<String ID="P5_ST00583" HPOS="2838" VPOS="2244" WIDTH="113" HEIGHT="56" CONTENT="sind," WC="0.98" CC="63200"/>
						<SP ID="P5_SP00507" HPOS="2951" VPOS="2300" WIDTH="28"/>
						<String ID="P5_ST00584" HPOS="2979" VPOS="2244" WIDTH="203" HEIGHT="49" CONTENT="dadurch" WC="0.99" CC="0005007"/>
						<SP ID="P5_SP00508" HPOS="3182" VPOS="2300" WIDTH="31"/>
						<String ID="P5_ST00585" HPOS="3213" VPOS="2262" WIDTH="46" HEIGHT="32" CONTENT="er" SUBS_TYPE="HypPart1" SUBS_CONTENT="erleichtert" WC="0.99" CC="03"/>
						<HYP HPOS="3259" VPOS="2262" WIDTH="22" CONTENT="-"/>
					</TextLine>
					<TextLine ID="P5_TL00078" HPOS="1778" VPOS="2318" WIDTH="1506" HEIGHT="70">
						<String ID="P5_ST00586" HPOS="1778" VPOS="2321" WIDTH="207" HEIGHT="45" CONTENT="leichtert" SUBS_TYPE="HypPart2" SUBS_CONTENT="erleichtert" WC="0.99" CC="400046035"/>
						<SP ID="P5_SP00509" HPOS="1985" VPOS="2366" WIDTH="29"/>
						<String ID="P5_ST00587" HPOS="2014" VPOS="2319" WIDTH="129" HEIGHT="55" CONTENT="wird," WC="0.99" CC="00204"/>
						<SP ID="P5_SP00510" HPOS="2143" VPOS="2374" WIDTH="41"/>
						<String ID="P5_ST00588" HPOS="2184" VPOS="2318" WIDTH="100" HEIGHT="50" CONTENT="dass" WC="0.78" CC="0044"/>
						<SP ID="P5_SP00511" HPOS="2284" VPOS="2374" WIDTH="36"/>
						<String ID="P5_ST00589" HPOS="2320" VPOS="2318" WIDTH="80" HEIGHT="48" CONTENT="der" WC="0.96" CC="406"/>
						<SP ID="P5_SP00512" HPOS="2400" VPOS="2374" WIDTH="41"/>
						<String ID="P5_ST00590" HPOS="2441" VPOS="2319" WIDTH="122" HEIGHT="49" CONTENT="Chor" WC="0.98" CC="4020"/>
						<SP ID="P5_SP00513" HPOS="2563" VPOS="2374" WIDTH="43"/>
						<String ID="P5_ST00591" HPOS="2606" VPOS="2319" WIDTH="80" HEIGHT="49" CONTENT="der" WC="1.00" CC="000"/>
						<SP ID="P5_SP00514" HPOS="2686" VPOS="2374" WIDTH="30"/>
						<String ID="P5_ST00592" HPOS="2716" VPOS="2322" WIDTH="249" HEIGHT="48" CONTENT="Gefährten" WC="0.99" CC="300050707"/>
						<SP ID="P5_SP00515" HPOS="2965" VPOS="2374" WIDTH="42"/>
						<String ID="P5_ST00593" HPOS="3007" VPOS="2322" WIDTH="76" HEIGHT="48" CONTENT="des" WC="0.94" CC="059"/>
						<SP ID="P5_SP00516" HPOS="3083" VPOS="2374" WIDTH="32"/>
						<String ID="P5_ST00594" HPOS="3115" VPOS="2324" WIDTH="169" HEIGHT="64" CONTENT="Königs" WC="0.97" CC="008298"/>
					</TextLine>
					<TextLine ID="P5_TL00079" HPOS="1776" VPOS="2395" WIDTH="1159" HEIGHT="56">
						<String ID="P5_ST00595" HPOS="1776" VPOS="2395" WIDTH="263" HEIGHT="49" CONTENT="schwächer" WC="0.99" CC="200002702"/>
						<SP ID="P5_SP00517" HPOS="2039" VPOS="2444" WIDTH="32"/>
						<String ID="P5_ST00596" HPOS="2071" VPOS="2395" WIDTH="168" HEIGHT="49" CONTENT="besetzt" WC="0.98" CC="0097664"/>
						<SP ID="P5_SP00518" HPOS="2239" VPOS="2444" WIDTH="26"/>
						<String ID="P5_ST00597" HPOS="2265" VPOS="2395" WIDTH="92" HEIGHT="47" CONTENT="sein" WC="0.97" CC="6005"/>
						<SP ID="P5_SP00519" HPOS="2357" VPOS="2444" WIDTH="33"/>
						<String ID="P5_ST00598" HPOS="2390" VPOS="2395" WIDTH="134" HEIGHT="56" CONTENT="kann," WC="0.99" CC="00060"/>
						<SP ID="P5_SP00520" HPOS="2524" VPOS="2451" WIDTH="30"/>
						<String ID="P5_ST00599" HPOS="2554" VPOS="2398" WIDTH="62" HEIGHT="46" CONTENT="als" WC="0.95" CC="409"/>
						<SP ID="P5_SP00521" HPOS="2616" VPOS="2451" WIDTH="30"/>
						<String ID="P5_ST00600" HPOS="2646" VPOS="2398" WIDTH="79" HEIGHT="47" CONTENT="der" WC="0.97" CC="402"/>
						<SP ID="P5_SP00522" HPOS="2725" VPOS="2451" WIDTH="29"/>
						<String ID="P5_ST00601" HPOS="2754" VPOS="2398" WIDTH="181" HEIGHT="50" CONTENT="andere." WC="0.99" CC="5800400"/>
					</TextLine>
					<TextLine ID="P5_TL00080" HPOS="1898" VPOS="2474" WIDTH="1385" HEIGHT="66">
						<String ID="P5_ST00602" HPOS="1898" VPOS="2474" WIDTH="221" HEIGHT="64" CONTENT="Weniger" WC="0.98" CC="0680901"/>
						<SP ID="P5_SP00523" HPOS="2119" VPOS="2538" WIDTH="43"/>
						<String ID="P5_ST00603" HPOS="2162" VPOS="2475" WIDTH="77" HEIGHT="47" CONTENT="hat" WC="0.93" CC="765"/>
						<SP ID="P5_SP00524" HPOS="2239" VPOS="2538" WIDTH="44"/>
						<String ID="P5_ST00604" HPOS="2283" VPOS="2491" WIDTH="81" HEIGHT="30" CONTENT="uns" WC="0.94" CC="285"/>
						<SP ID="P5_SP00525" HPOS="2364" VPOS="2538" WIDTH="42"/>
						<String ID="P5_ST00605" HPOS="2406" VPOS="2474" WIDTH="79" HEIGHT="47" CONTENT="der" WC="0.96" CC="091"/>
						<SP ID="P5_SP00526" HPOS="2485" VPOS="2538" WIDTH="46"/>
						<String ID="P5_ST00606" HPOS="2531" VPOS="2475" WIDTH="165" HEIGHT="47" CONTENT="darauf" WC="0.98" CC="045070"/>
						<SP ID="P5_SP00527" HPOS="2696" VPOS="2538" WIDTH="41"/>
						<String ID="P5_ST00607" HPOS="2737" VPOS="2477" WIDTH="205" HEIGHT="63" CONTENT="folgende" WC="0.98" CC="06790880"/>
						<SP ID="P5_SP00528" HPOS="2942" VPOS="2540" WIDTH="46"/>
						<String ID="P5_ST00608" HPOS="2988" VPOS="2478" WIDTH="178" HEIGHT="62" CONTENT="Gesang" WC="0.98" CC="709600"/>
						<SP ID="P5_SP00529" HPOS="3166" VPOS="2540" WIDTH="40"/>
						<String ID="P5_ST00609" HPOS="3206" VPOS="2477" WIDTH="77" HEIGHT="48" CONTENT="des" WC="0.99" CC="030"/>
					</TextLine>
					<TextLine ID="P5_TL00081" HPOS="1780" VPOS="2550" WIDTH="1504" HEIGHT="66">
						<String ID="P5_ST00610" HPOS="1780" VPOS="2550" WIDTH="353" HEIGHT="50" CONTENT="Gondelfahrers" WC="1.00" CC="0450070070040"/>
						<SP ID="P5_SP00530" HPOS="2133" VPOS="2600" WIDTH="45"/>
						<String ID="P5_ST00611" HPOS="2178" VPOS="2552" WIDTH="264" HEIGHT="62" CONTENT="befriedigt:" WC="1.00" CC="00030003900"/>
						<SP ID="P5_SP00531" HPOS="2442" VPOS="2614" WIDTH="35"/>
						<String ID="P5_ST00612" HPOS="2477" VPOS="2552" WIDTH="80" HEIGHT="47" CONTENT="der" WC="0.98" CC="006"/>
						<SP ID="P5_SP00532" HPOS="2557" VPOS="2614" WIDTH="31"/>
						<String ID="P5_ST00613" HPOS="2588" VPOS="2553" WIDTH="262" HEIGHT="63" CONTENT="Componist" WC="0.55" CC="159038056"/>
						<SP ID="P5_SP00533" HPOS="2850" VPOS="2616" WIDTH="41"/>
						<String ID="P5_ST00614" HPOS="2891" VPOS="2555" WIDTH="77" HEIGHT="47" CONTENT="hat" WC="0.95" CC="608"/>
						<SP ID="P5_SP00534" HPOS="2968" VPOS="2616" WIDTH="38"/>
						<String ID="P5_ST00615" HPOS="3006" VPOS="2555" WIDTH="72" HEIGHT="46" CONTENT="ihn" WC="0.95" CC="707"/>
						<SP ID="P5_SP00535" HPOS="3078" VPOS="2616" WIDTH="46"/>
						<String ID="P5_ST00616" HPOS="3124" VPOS="2555" WIDTH="39" HEIGHT="47" CONTENT="in" WC="0.54" CC="62"/>
						<SP ID="P5_SP00536" HPOS="3163" VPOS="2616" WIDTH="42"/>
						<String ID="P5_ST00617" HPOS="3205" VPOS="2555" WIDTH="79" HEIGHT="47" CONTENT="der" WC="0.97" CC="051"/>
					</TextLine>
					<TextLine ID="P5_TL00082" HPOS="1780" VPOS="2629" WIDTH="1504" HEIGHT="51">
						<String ID="P5_ST00618" HPOS="1780" VPOS="2647" WIDTH="197" HEIGHT="30" CONTENT="neueren" WC="0.99" CC="6034200"/>
						<SP ID="P5_SP00537" HPOS="1977" VPOS="2677" WIDTH="31"/>
						<String ID="P5_ST00619" HPOS="2008" VPOS="2632" WIDTH="83" HEIGHT="44" CONTENT="Art" WC="0.94" CC="526"/>
						<SP ID="P5_SP00538" HPOS="2091" VPOS="2677" WIDTH="38"/>
						<String ID="P5_ST00620" HPOS="2129" VPOS="2629" WIDTH="82" HEIGHT="47" CONTENT="der" WC="0.98" CC="041"/>
						<SP ID="P5_SP00539" HPOS="2211" VPOS="2677" WIDTH="39"/>
						<String ID="P5_ST00621" HPOS="2250" VPOS="2629" WIDTH="128" HEIGHT="47" CONTENT="mehr" WC="0.99" CC="0060"/>
						<SP ID="P5_SP00540" HPOS="2378" VPOS="2677" WIDTH="40"/>
						<String ID="P5_ST00622" HPOS="2418" VPOS="2629" WIDTH="428" HEIGHT="50" CONTENT="declamatorischen" WC="0.71" CC="0027005830090008"/>
						<SP ID="P5_SP00541" HPOS="2846" VPOS="2679" WIDTH="38"/>
						<String ID="P5_ST00623" HPOS="2884" VPOS="2634" WIDTH="62" HEIGHT="45" CONTENT="als" WC="0.96" CC="505"/>
						<SP ID="P5_SP00542" HPOS="2946" VPOS="2679" WIDTH="31"/>
						<String ID="P5_ST00624" HPOS="2977" VPOS="2633" WIDTH="92" HEIGHT="47" CONTENT="rein" WC="0.96" CC="8008"/>
						<SP ID="P5_SP00543" HPOS="3069" VPOS="2680" WIDTH="31"/>
						<String ID="P5_ST00625" HPOS="3100" VPOS="2632" WIDTH="158" HEIGHT="48" CONTENT="melodi" SUBS_TYPE="HypPart1" SUBS_CONTENT="melodischen" WC="0.99" CC="003602"/>
						<HYP HPOS="3258" VPOS="2632" WIDTH="26" CONTENT="-"/>
					</TextLine>
					<TextLine ID="P5_TL00083" HPOS="1778" VPOS="2705" WIDTH="1506" HEIGHT="69">
						<String ID="P5_ST00626" HPOS="1778" VPOS="2708" WIDTH="134" HEIGHT="47" CONTENT="schen" SUBS_TYPE="HypPart2" SUBS_CONTENT="melodischen" WC="0.99" CC="00420"/>
						<SP ID="P5_SP00544" HPOS="1912" VPOS="2755" WIDTH="29"/>
						<String ID="P5_ST00627" HPOS="1941" VPOS="2707" WIDTH="249" HEIGHT="48" CONTENT="Liedweise" WC="1.00" CC="000000255"/>
						<SP ID="P5_SP00545" HPOS="2190" VPOS="2755" WIDTH="42"/>
						<String ID="P5_ST00628" HPOS="2232" VPOS="2705" WIDTH="258" HEIGHT="58" CONTENT="behandelt," WC="0.98" CC="7573603543"/>
						<SP ID="P5_SP00546" HPOS="2490" VPOS="2763" WIDTH="42"/>
						<String ID="P5_ST00629" HPOS="2532" VPOS="2708" WIDTH="213" HEIGHT="47" CONTENT="während" WC="0.99" CC="0040080"/>
						<SP ID="P5_SP00547" HPOS="2745" VPOS="2763" WIDTH="37"/>
						<String ID="P5_ST00630" HPOS="2782" VPOS="2709" WIDTH="69" HEIGHT="47" CONTENT="ein" WC="0.93" CC="628"/>
						<SP ID="P5_SP00548" HPOS="2851" VPOS="2763" WIDTH="39"/>
						<String ID="P5_ST00631" HPOS="2890" VPOS="2709" WIDTH="172" HEIGHT="47" CONTENT="einfach" WC="0.98" CC="0084640"/>
						<SP ID="P5_SP00549" HPOS="3062" VPOS="2763" WIDTH="30"/>
						<String ID="P5_ST00632" HPOS="3092" VPOS="2710" WIDTH="168" HEIGHT="64" CONTENT="strophi" SUBS_TYPE="HypPart1" SUBS_CONTENT="strophischer" WC="0.98" CC="5007905"/>
						<HYP HPOS="3260" VPOS="2710" WIDTH="24" CONTENT="-"/>
					</TextLine>
					<TextLine ID="P5_TL00084" HPOS="1778" VPOS="2784" WIDTH="1510" HEIGHT="66">
						<String ID="P5_ST00633" HPOS="1778" VPOS="2785" WIDTH="129" HEIGHT="47" CONTENT="scher" SUBS_TYPE="HypPart2" SUBS_CONTENT="strophischer" WC="0.98" CC="02405"/>
						<SP ID="P5_SP00550" HPOS="1907" VPOS="2832" WIDTH="31"/>
						<String ID="P5_ST00634" HPOS="1938" VPOS="2785" WIDTH="195" HEIGHT="63" CONTENT="Gesang," WC="0.98" CC="0123792"/>
						<SP ID="P5_SP00551" HPOS="2133" VPOS="2848" WIDTH="41"/>
						<String ID="P5_ST00635" HPOS="2174" VPOS="2785" WIDTH="237" HEIGHT="47" CONTENT="höchstens" WC="0.99" CC="000057063"/>
						<SP ID="P5_SP00552" HPOS="2411" VPOS="2848" WIDTH="38"/>
						<String ID="P5_ST00636" HPOS="2449" VPOS="2785" WIDTH="77" HEIGHT="46" CONTENT="mit" WC="0.92" CC="866"/>
						<SP ID="P5_SP00553" HPOS="2526" VPOS="2848" WIDTH="29"/>
						<String ID="P5_ST00637" HPOS="2555" VPOS="2784" WIDTH="145" HEIGHT="48" CONTENT="einem" WC="0.98" CC="60800"/>
						<SP ID="P5_SP00554" HPOS="2700" VPOS="2848" WIDTH="31"/>
						<String ID="P5_ST00638" HPOS="2731" VPOS="2785" WIDTH="201" HEIGHT="65" CONTENT="einzigen" WC="0.98" CC="40960901"/>
						<SP ID="P5_SP00555" HPOS="2932" VPOS="2850" WIDTH="34"/>
						<String ID="P5_ST00639" HPOS="2966" VPOS="2787" WIDTH="211" HEIGHT="48" CONTENT="Wechsel" WC="0.98" CC="0707960"/>
						<SP ID="P5_SP00556" HPOS="3177" VPOS="2850" WIDTH="32"/>
						<String ID="P5_ST00640" HPOS="3209" VPOS="2787" WIDTH="79" HEIGHT="48" CONTENT="der" WC="0.99" CC="003"/>
					</TextLine>
					<TextLine ID="P5_TL00085" HPOS="1780" VPOS="2860" WIDTH="1505" HEIGHT="68">
						<String ID="P5_ST00641" HPOS="1780" VPOS="2863" WIDTH="264" HEIGHT="63" CONTENT="Bewegung" WC="0.99" CC="60009060"/>
						<SP ID="P5_SP00557" HPOS="2044" VPOS="2926" WIDTH="32"/>
						<String ID="P5_ST00642" HPOS="2076" VPOS="2860" WIDTH="89" HEIGHT="50" CONTENT="und" WC="0.96" CC="180"/>
						<SP ID="P5_SP00558" HPOS="2165" VPOS="2926" WIDTH="32"/>
						<String ID="P5_ST00643" HPOS="2197" VPOS="2860" WIDTH="76" HEIGHT="49" CONTENT="des" WC="1.00" CC="000"/>
						<SP ID="P5_SP00559" HPOS="2273" VPOS="2926" WIDTH="34"/>
						<String ID="P5_ST00644" HPOS="2307" VPOS="2860" WIDTH="268" HEIGHT="65" CONTENT="Bhythmus," WC="0.48" CC="976670530"/>
						<SP ID="P5_SP00560" HPOS="2575" VPOS="2926" WIDTH="37"/>
						<String ID="P5_ST00645" HPOS="2612" VPOS="2863" WIDTH="130" HEIGHT="47" CONTENT="mehr" WC="0.99" CC="0301"/>
						<SP ID="P5_SP00561" HPOS="2742" VPOS="2926" WIDTH="36"/>
						<String ID="P5_ST00646" HPOS="2778" VPOS="2881" WIDTH="55" HEIGHT="30" CONTENT="an" WC="0.63" CC="07"/>
						<SP ID="P5_SP00562" HPOS="2833" VPOS="2926" WIDTH="31"/>
						<String ID="P5_ST00647" HPOS="2864" VPOS="2863" WIDTH="80" HEIGHT="48" CONTENT="der" WC="0.99" CC="010"/>
						<SP ID="P5_SP00563" HPOS="2944" VPOS="2926" WIDTH="29"/>
						<String ID="P5_ST00648" HPOS="2973" VPOS="2864" WIDTH="137" HEIGHT="47" CONTENT="Stelle" WC="0.98" CC="106650"/>
						<SP ID="P5_SP00564" HPOS="3110" VPOS="2926" WIDTH="28"/>
						<String ID="P5_ST00649" HPOS="3138" VPOS="2881" WIDTH="118" HEIGHT="47" CONTENT="gewe" SUBS_TYPE="HypPart1" SUBS_CONTENT="gewesen" WC="0.98" CC="0290"/>
						<HYP HPOS="3256" VPOS="2881" WIDTH="29" CONTENT="-"/>
					</TextLine>
					<TextLine ID="P5_TL00086" HPOS="1775" VPOS="2944" WIDTH="241" HEIGHT="43">
						<String ID="P5_ST00650" HPOS="1775" VPOS="2957" WIDTH="76" HEIGHT="30" CONTENT="sen" SUBS_TYPE="HypPart2" SUBS_CONTENT="gewesen" WC="0.97" CC="007"/>
						<SP ID="P5_SP00565" HPOS="1851" VPOS="2987" WIDTH="32"/>
						<String ID="P5_ST00651" HPOS="1883" VPOS="2944" WIDTH="133" HEIGHT="43" CONTENT="wäre." WC="0.99" CC="00103"/>
					</TextLine>
					<TextLine ID="P5_TL00087" HPOS="1894" VPOS="3017" WIDTH="1394" HEIGHT="50">
						<String ID="P5_ST00652" HPOS="1894" VPOS="3019" WIDTH="218" HEIGHT="46" CONTENT="Bellastra" WC="0.70" CC="703323600"/>
						<SP ID="P5_SP00566" HPOS="2112" VPOS="3065" WIDTH="44"/>
						<String ID="P5_ST00653" HPOS="2156" VPOS="3018" WIDTH="89" HEIGHT="47" CONTENT="ruft" WC="0.98" CC="0205"/>
						<SP ID="P5_SP00567" HPOS="2245" VPOS="3065" WIDTH="41"/>
						<String ID="P5_ST00654" HPOS="2286" VPOS="3017" WIDTH="70" HEIGHT="48" CONTENT="die" WC="0.96" CC="046"/>
						<SP ID="P5_SP00568" HPOS="2356" VPOS="3065" WIDTH="45"/>
						<String ID="P5_ST00655" HPOS="2401" VPOS="3018" WIDTH="175" HEIGHT="47" CONTENT="Geister" WC="0.99" CC="3004103"/>
						<SP ID="P5_SP00569" HPOS="2576" VPOS="3065" WIDTH="49"/>
						<String ID="P5_ST00656" HPOS="2625" VPOS="3018" WIDTH="153" HEIGHT="47" CONTENT="herbei" WC="0.98" CC="002732"/>
						<SP ID="P5_SP00570" HPOS="2778" VPOS="3065" WIDTH="46"/>
						<String ID="P5_ST00657" HPOS="2824" VPOS="3034" WIDTH="81" HEIGHT="32" CONTENT="von" WC="0.97" CC="044"/>
						<SP ID="P5_SP00571" HPOS="2905" VPOS="3066" WIDTH="42"/>
						<String ID="P5_ST00658" HPOS="2947" VPOS="3020" WIDTH="113" HEIGHT="46" CONTENT="allen" WC="0.99" CC="00008"/>
						<SP ID="P5_SP00572" HPOS="3060" VPOS="3066" WIDTH="44"/>
						<String ID="P5_ST00659" HPOS="3104" VPOS="3019" WIDTH="184" HEIGHT="48" CONTENT="Enden:" WC="0.98" CC="270048"/>
					</TextLine>
					<TextLine ID="P5_TL00088" HPOS="1776" VPOS="3094" WIDTH="1509" HEIGHT="66">
						<String ID="P5_ST00660" HPOS="1776" VPOS="3095" WIDTH="63" HEIGHT="47" CONTENT="sie" WC="0.96" CC="540"/>
						<SP ID="P5_SP00573" HPOS="1839" VPOS="3142" WIDTH="36"/>
						<String ID="P5_ST00661" HPOS="1875" VPOS="3095" WIDTH="244" HEIGHT="47" CONTENT="schweben" WC="1.00" CC="20000005"/>
						<SP ID="P5_SP00574" HPOS="2119" VPOS="3142" WIDTH="38"/>
						<String ID="P5_ST00662" HPOS="2157" VPOS="3094" WIDTH="143" HEIGHT="48" CONTENT="daher" WC="0.99" CC="04011"/>
						<SP ID="P5_SP00575" HPOS="2300" VPOS="3142" WIDTH="36"/>
						<String ID="P5_ST00663" HPOS="2336" VPOS="3095" WIDTH="41" HEIGHT="46" CONTENT="in" WC="0.75" CC="04"/>
						<SP ID="P5_SP00576" HPOS="2377" VPOS="3142" WIDTH="38"/>
						<String ID="P5_ST00664" HPOS="2415" VPOS="3095" WIDTH="145" HEIGHT="47" CONTENT="einem" WC="0.99" CC="00600"/>
						<SP ID="P5_SP00577" HPOS="2560" VPOS="3142" WIDTH="41"/>
						<String ID="P5_ST00665" HPOS="2601" VPOS="3094" WIDTH="453" HEIGHT="50" CONTENT="charakteristischen" WC="0.99" CC="074300504497090766"/>
						<SP ID="P5_SP00578" HPOS="3054" VPOS="3144" WIDTH="32"/>
						<String ID="P5_ST00666" HPOS="3086" VPOS="3097" WIDTH="171" HEIGHT="63" CONTENT="Chorge" SUBS_TYPE="HypPart1" SUBS_CONTENT="Chorgesange" WC="0.90" CC="301000"/>
						<HYP HPOS="3257" VPOS="3097" WIDTH="28" CONTENT="-"/>
					</TextLine>
					<TextLine ID="P5_TL00089" HPOS="1774" VPOS="3171" WIDTH="1511" HEIGHT="65">
						<String ID="P5_ST00667" HPOS="1774" VPOS="3189" WIDTH="141" HEIGHT="47" CONTENT="sange" SUBS_TYPE="HypPart2" SUBS_CONTENT="Chorgesange" WC="0.77" CC="30800"/>
						<SP ID="P5_SP00579" HPOS="1915" VPOS="3236" WIDTH="48"/>
						<String ID="P5_ST00668" HPOS="1963" VPOS="3171" WIDTH="89" HEIGHT="49" CONTENT="und" WC="0.94" CC="680"/>
						<SP ID="P5_SP00580" HPOS="2052" VPOS="3236" WIDTH="52"/>
						<String ID="P5_ST00669" HPOS="2104" VPOS="3171" WIDTH="250" HEIGHT="49" CONTENT="verheissen" WC="0.76" CC="0507000352"/>
						<SP ID="P5_SP00581" HPOS="2354" VPOS="3236" WIDTH="51"/>
						<String ID="P5_ST00670" HPOS="2405" VPOS="3173" WIDTH="69" HEIGHT="45" CONTENT="ihr" WC="0.99" CC="003"/>
						<SP ID="P5_SP00582" HPOS="2474" VPOS="3236" WIDTH="47"/>
						<String ID="P5_ST00671" HPOS="2521" VPOS="3173" WIDTH="226" HEIGHT="54" CONTENT="Beistand," WC="0.99" CC="000601304"/>
						<SP ID="P5_SP00583" HPOS="2747" VPOS="3236" WIDTH="48"/>
						<String ID="P5_ST00672" HPOS="2795" VPOS="3171" WIDTH="85" HEIGHT="49" CONTENT="den" WC="0.95" CC="077"/>
						<SP ID="P5_SP00584" HPOS="2880" VPOS="3236" WIDTH="42"/>
						<String ID="P5_ST00673" HPOS="2922" VPOS="3174" WIDTH="61" HEIGHT="46" CONTENT="sie" WC="0.99" CC="110"/>
						<SP ID="P5_SP00585" HPOS="2983" VPOS="3236" WIDTH="43"/>
						<String ID="P5_ST00674" HPOS="3026" VPOS="3190" WIDTH="81" HEIGHT="31" CONTENT="von" WC="0.95" CC="057"/>
						<SP ID="P5_SP00586" HPOS="3107" VPOS="3236" WIDTH="46"/>
						<String ID="P5_ST00675" HPOS="3153" VPOS="3174" WIDTH="132" HEIGHT="47" CONTENT="ihnen" WC="0.97" CC="07835"/>
					</TextLine>
					<TextLine ID="P5_TL00090" HPOS="1776" VPOS="3249" WIDTH="1204" HEIGHT="65">
						<String ID="P5_ST00676" HPOS="1776" VPOS="3250" WIDTH="188" HEIGHT="56" CONTENT="heischt," WC="0.99" CC="70006000"/>
						<SP ID="P5_SP00587" HPOS="1964" VPOS="3306" WIDTH="32"/>
						<String ID="P5_ST00677" HPOS="1996" VPOS="3267" WIDTH="72" HEIGHT="30" CONTENT="um" WC="0.46" CC="19"/>
						<SP ID="P5_SP00588" HPOS="2068" VPOS="3306" WIDTH="34"/>
						<String ID="P5_ST00678" HPOS="2102" VPOS="3250" WIDTH="107" HEIGHT="48" CONTENT="Max" WC="0.98" CC="050"/>
						<SP ID="P5_SP00589" HPOS="2209" VPOS="3306" WIDTH="28"/>
						<String ID="P5_ST00679" HPOS="2237" VPOS="3250" WIDTH="80" HEIGHT="46" CONTENT="der" WC="0.98" CC="004"/>
						<SP ID="P5_SP00590" HPOS="2317" VPOS="3306" WIDTH="32"/>
						<String ID="P5_ST00680" HPOS="2349" VPOS="3249" WIDTH="330" HEIGHT="65" CONTENT="Verzweiflung" WC="0.99" CC="000600393280"/>
						<SP ID="P5_SP00591" HPOS="2679" VPOS="3314" WIDTH="31"/>
						<String ID="P5_ST00681" HPOS="2710" VPOS="3268" WIDTH="49" HEIGHT="29" CONTENT="zu" WC="0.36" CC="65"/>
						<SP ID="P5_SP00592" HPOS="2759" VPOS="3314" WIDTH="33"/>
						<String ID="P5_ST00682" HPOS="2792" VPOS="3250" WIDTH="188" HEIGHT="48" CONTENT="weihen." WC="0.99" CC="0420083"/>
					</TextLine>
					<TextLine ID="P5_TL00091" HPOS="1891" VPOS="3328" WIDTH="1398" HEIGHT="63">
						<String ID="P5_ST00683" HPOS="1891" VPOS="3328" WIDTH="61" HEIGHT="47" CONTENT="Es" WC="0.42" CC="64"/>
						<SP ID="P5_SP00593" HPOS="1952" VPOS="3375" WIDTH="31"/>
						<String ID="P5_ST00684" HPOS="1983" VPOS="3328" WIDTH="110" HEIGHT="63" CONTENT="folgt" WC="0.96" CC="09496"/>
						<SP ID="P5_SP00594" HPOS="2093" VPOS="3391" WIDTH="29"/>
						<String ID="P5_ST00685" HPOS="2122" VPOS="3328" WIDTH="98" HEIGHT="47" CONTENT="eine" WC="0.99" CC="0030"/>
						<SP ID="P5_SP00595" HPOS="2220" VPOS="3391" WIDTH="29"/>
						<String ID="P5_ST00686" HPOS="2249" VPOS="3343" WIDTH="155" HEIGHT="48" CONTENT="grosse" WC="0.98" CC="064360"/>
						<SP ID="P5_SP00596" HPOS="2404" VPOS="3391" WIDTH="28"/>
						<String ID="P5_ST00687" HPOS="2432" VPOS="3328" WIDTH="143" HEIGHT="47" CONTENT="Scene" WC="0.74" CC="40080"/>
						<SP ID="P5_SP00597" HPOS="2575" VPOS="3391" WIDTH="40"/>
						<String ID="P5_ST00688" HPOS="2615" VPOS="3328" WIDTH="75" HEIGHT="47" CONTENT="für" WC="1.00" CC="000"/>
						<SP ID="P5_SP00598" HPOS="2690" VPOS="3391" WIDTH="30"/>
						<String ID="P5_ST00689" HPOS="2720" VPOS="3329" WIDTH="107" HEIGHT="46" CONTENT="Max" WC="0.98" CC="050"/>
						<SP ID="P5_SP00599" HPOS="2827" VPOS="3391" WIDTH="26"/>
						<String ID="P5_ST00690" HPOS="2853" VPOS="3328" WIDTH="243" HEIGHT="62" CONTENT="(Bariton)," WC="0.99" CC="7700004860"/>
						<SP ID="P5_SP00600" HPOS="3096" VPOS="3391" WIDTH="44"/>
						<String ID="P5_ST00691" HPOS="3140" VPOS="3328" WIDTH="79" HEIGHT="47" CONTENT="der" WC="0.97" CC="071"/>
						<SP ID="P5_SP00601" HPOS="3219" VPOS="3391" WIDTH="29"/>
						<String ID="P5_ST00692" HPOS="3248" VPOS="3328" WIDTH="41" HEIGHT="47" CONTENT="in" WC="0.40" CC="38"/>
					</TextLine>
					<TextLine ID="P5_TL00092" HPOS="1776" VPOS="3404" WIDTH="1513" HEIGHT="66">
						<String ID="P5_ST00693" HPOS="1776" VPOS="3405" WIDTH="125" HEIGHT="47" CONTENT="einer" WC="0.97" CC="63705"/>
						<SP ID="P5_SP00602" HPOS="1901" VPOS="3452" WIDTH="48"/>
						<String ID="P5_ST00694" HPOS="1949" VPOS="3405" WIDTH="80" HEIGHT="47" CONTENT="tief" WC="0.99" CC="0300"/>
						<SP ID="P5_SP00603" HPOS="2029" VPOS="3452" WIDTH="43"/>
						<String ID="P5_ST00695" HPOS="2072" VPOS="3404" WIDTH="336" HEIGHT="66" CONTENT="empfundenen" WC="0.99" CC="06000800268"/>
						<SP ID="P5_SP00604" HPOS="2408" VPOS="3470" WIDTH="59"/>
						<String ID="P5_ST00696" HPOS="2467" VPOS="3404" WIDTH="399" HEIGHT="65" CONTENT="Adagio-Melodie" WC="1.00" CC="60000000602060"/>
						<SP ID="P5_SP00605" HPOS="2866" VPOS="3470" WIDTH="57"/>
						<String ID="P5_ST00697" HPOS="2923" VPOS="3406" WIDTH="79" HEIGHT="47" CONTENT="mit" WC="0.96" CC="046"/>
						<SP ID="P5_SP00606" HPOS="3002" VPOS="3470" WIDTH="55"/>
						<String ID="P5_ST00698" HPOS="3057" VPOS="3405" WIDTH="232" HEIGHT="47" CONTENT="reizenden" WC="0.99" CC="000708068"/>
					</TextLine>
					<TextLine ID="P5_TL00093" HPOS="1775" VPOS="3481" WIDTH="1514" HEIGHT="65">
						<String ID="P5_ST00699" HPOS="1775" VPOS="3483" WIDTH="329" HEIGHT="63" CONTENT="Nachklängen" WC="0.99" CC="02000094908"/>
						<SP ID="P5_SP00607" HPOS="2104" VPOS="3546" WIDTH="44"/>
						<String ID="P5_ST00700" HPOS="2148" VPOS="3481" WIDTH="89" HEIGHT="49" CONTENT="und" WC="0.99" CC="300"/>
						<SP ID="P5_SP00608" HPOS="2237" VPOS="3546" WIDTH="46"/>
						<String ID="P5_ST00701" HPOS="2283" VPOS="3483" WIDTH="328" HEIGHT="63" CONTENT="Begleitungen" WC="1.00" CC="000000338006"/>
						<SP ID="P5_SP00609" HPOS="2611" VPOS="3546" WIDTH="44"/>
						<String ID="P5_ST00702" HPOS="2655" VPOS="3481" WIDTH="78" HEIGHT="49" CONTENT="des" WC="1.00" CC="000"/>
						<SP ID="P5_SP00610" HPOS="2733" VPOS="3546" WIDTH="29"/>
						<String ID="P5_ST00703" HPOS="2762" VPOS="3484" WIDTH="405" HEIGHT="47" CONTENT="Solo-V'ioloncells" WC="0.71" CC="10040530460806104"/>
						<SP ID="P5_SP00611" HPOS="3167" VPOS="3546" WIDTH="38"/>
						<String ID="P5_ST00704" HPOS="3205" VPOS="3481" WIDTH="84" HEIGHT="49" CONTENT="den" WC="0.97" CC="008"/>
					</TextLine>
					<TextLine ID="P5_TL00094" HPOS="1778" VPOS="3559" WIDTH="1510" HEIGHT="63">
						<String ID="P5_ST00705" HPOS="1778" VPOS="3560" WIDTH="151" HEIGHT="47" CONTENT="Herrn" WC="0.98" CC="70008"/>
						<SP ID="P5_SP00612" HPOS="1929" VPOS="3607" WIDTH="34"/>
						<String ID="P5_ST00706" HPOS="1963" VPOS="3577" WIDTH="74" HEIGHT="30" CONTENT="um" WC="0.77" CC="40"/>
						<SP ID="P5_SP00613" HPOS="2037" VPOS="3607" WIDTH="25"/>
						<String ID="P5_ST00707" HPOS="2062" VPOS="3560" WIDTH="249" HEIGHT="62" CONTENT="Errettung" WC="0.99" CC="013178380"/>
						<SP ID="P5_SP00614" HPOS="2311" VPOS="3622" WIDTH="23"/>
						<String ID="P5_ST00708" HPOS="2334" VPOS="3575" WIDTH="79" HEIGHT="32" CONTENT="aus" WC="0.98" CC="220"/>
						<SP ID="P5_SP00615" HPOS="2413" VPOS="3622" WIDTH="25"/>
						<String ID="P5_ST00709" HPOS="2438" VPOS="3559" WIDTH="132" HEIGHT="48" CONTENT="böser" WC="0.98" CC="10440"/>
						<SP ID="P5_SP00616" HPOS="2570" VPOS="3622" WIDTH="24"/>
						<String ID="P5_ST00710" HPOS="2594" VPOS="3560" WIDTH="154" HEIGHT="47" CONTENT="Macht" WC="0.99" CC="00006"/>
						<SP ID="P5_SP00617" HPOS="2748" VPOS="3622" WIDTH="29"/>
						<String ID="P5_ST00711" HPOS="2777" VPOS="3560" WIDTH="184" HEIGHT="48" CONTENT="anfleht." WC="0.98" CC="08563664"/>
						<SP ID="P5_SP00618" HPOS="2961" VPOS="3622" WIDTH="32"/>
						<String ID="P5_ST00712" HPOS="2993" VPOS="3561" WIDTH="61" HEIGHT="46" CONTENT="Im" WC="0.68" CC="60"/>
						<SP ID="P5_SP00619" HPOS="3054" VPOS="3622" WIDTH="33"/>
						<String ID="P5_ST00713" HPOS="3087" VPOS="3559" WIDTH="201" HEIGHT="63" CONTENT="feurigen" WC="0.99" CC="00500008"/>
					</TextLine>
					<TextLine ID="P5_TL00095" HPOS="1776" VPOS="3636" WIDTH="1512" HEIGHT="65">
						<String ID="P5_ST00714" HPOS="1776" VPOS="3638" WIDTH="187" HEIGHT="63" CONTENT="Allegro" WC="0.56" CC="4440906"/>
						<SP ID="P5_SP00620" HPOS="1963" VPOS="3701" WIDTH="29"/>
						<String ID="P5_ST00715" HPOS="1992" VPOS="3638" WIDTH="169" HEIGHT="63" CONTENT="spricht" WC="0.99" CC="2040335"/>
						<SP ID="P5_SP00621" HPOS="2161" VPOS="3701" WIDTH="28"/>
						<String ID="P5_ST00716" HPOS="2189" VPOS="3654" WIDTH="50" HEIGHT="31" CONTENT="er" WC="0.97" CC="00"/>
						<SP ID="P5_SP00622" HPOS="2239" VPOS="3701" WIDTH="29"/>
						<String ID="P5_ST00717" HPOS="2268" VPOS="3636" WIDTH="85" HEIGHT="49" CONTENT="den" WC="0.97" CC="008"/>
						<SP ID="P5_SP00623" HPOS="2353" VPOS="3701" WIDTH="36"/>
						<String ID="P5_ST00718" HPOS="2389" VPOS="3638" WIDTH="260" HEIGHT="47" CONTENT="Entschluss" WC="0.52" CC="0709074395"/>
						<SP ID="P5_SP00624" HPOS="2649" VPOS="3701" WIDTH="39"/>
						<String ID="P5_ST00719" HPOS="2688" VPOS="3654" WIDTH="97" HEIGHT="38" CONTENT="aus," WC="0.98" CC="3004"/>
						<SP ID="P5_SP00625" HPOS="2785" VPOS="3701" WIDTH="42"/>
						<String ID="P5_ST00720" HPOS="2827" VPOS="3638" WIDTH="89" HEIGHT="47" CONTENT="sich" WC="1.00" CC="0000"/>
						<SP ID="P5_SP00626" HPOS="2916" VPOS="3701" WIDTH="33"/>
						<String ID="P5_ST00721" HPOS="2949" VPOS="3653" WIDTH="80" HEIGHT="32" CONTENT="aus" WC="0.93" CC="665"/>
						<SP ID="P5_SP00627" HPOS="3029" VPOS="3701" WIDTH="29"/>
						<String ID="P5_ST00722" HPOS="3058" VPOS="3636" WIDTH="84" HEIGHT="49" CONTENT="den" WC="0.97" CC="007"/>
						<SP ID="P5_SP00628" HPOS="3142" VPOS="3701" WIDTH="29"/>
						<String ID="P5_ST00723" HPOS="3171" VPOS="3638" WIDTH="88" HEIGHT="45" CONTENT="Zau" SUBS_TYPE="HypPart1" SUBS_CONTENT="Zauberbanden" WC="0.98" CC="062"/>
						<HYP HPOS="3259" VPOS="3638" WIDTH="29" CONTENT="-"/>
					</TextLine>
					<TextLine ID="P5_TL00096" HPOS="1779" VPOS="3714" WIDTH="1510" HEIGHT="54">
						<String ID="P5_ST00724" HPOS="1779" VPOS="3714" WIDTH="265" HEIGHT="49" CONTENT="berbanden" SUBS_TYPE="HypPart2" SUBS_CONTENT="Zauberbanden" WC="0.99" CC="620608008"/>
						<SP ID="P5_SP00629" HPOS="2044" VPOS="3763" WIDTH="32"/>
						<String ID="P5_ST00725" HPOS="2076" VPOS="3715" WIDTH="255" HEIGHT="47" CONTENT="Bellastra's" WC="0.75" CC="74500640000"/>
						<SP ID="P5_SP00630" HPOS="2331" VPOS="3763" WIDTH="36"/>
						<String ID="P5_ST00726" HPOS="2367" VPOS="3715" WIDTH="309" HEIGHT="53" CONTENT="loszureissen," WC="0.59" CC="6065025390480"/>
						<SP ID="P5_SP00631" HPOS="2676" VPOS="3768" WIDTH="48"/>
						<String ID="P5_ST00727" HPOS="2724" VPOS="3714" WIDTH="86" HEIGHT="48" CONTENT="und" WC="0.95" CC="580"/>
						<SP ID="P5_SP00632" HPOS="2810" VPOS="3768" WIDTH="32"/>
						<String ID="P5_ST00728" HPOS="2842" VPOS="3715" WIDTH="118" HEIGHT="47" CONTENT="dann" WC="0.96" CC="0088"/>
						<SP ID="P5_SP00633" HPOS="2960" VPOS="3768" WIDTH="33"/>
						<String ID="P5_ST00729" HPOS="2993" VPOS="3714" WIDTH="177" HEIGHT="48" CONTENT="wendet" WC="0.97" CC="967037"/>
						<SP ID="P5_SP00634" HPOS="3170" VPOS="3768" WIDTH="29"/>
						<String ID="P5_ST00730" HPOS="3199" VPOS="3714" WIDTH="90" HEIGHT="47" CONTENT="sich" WC="0.97" CC="0417"/>
					</TextLine>
					<TextLine ID="P5_TL00097" HPOS="1775" VPOS="3791" WIDTH="1516" HEIGHT="50">
						<String ID="P5_ST00731" HPOS="1775" VPOS="3792" WIDTH="94" HEIGHT="47" CONTENT="sein" WC="0.97" CC="5008"/>
						<SP ID="P5_SP00635" HPOS="1869" VPOS="3839" WIDTH="31"/>
						<String ID="P5_ST00732" HPOS="1900" VPOS="3792" WIDTH="199" HEIGHT="47" CONTENT="sehnend" WC="0.97" CC="9078480"/>
						<SP ID="P5_SP00636" HPOS="2099" VPOS="3839" WIDTH="32"/>
						<String ID="P5_ST00733" HPOS="2131" VPOS="3794" WIDTH="119" HEIGHT="45" CONTENT="Herz" WC="0.98" CC="3006"/>
						<SP ID="P5_SP00637" HPOS="2250" VPOS="3839" WIDTH="32"/>
						<String ID="P5_ST00734" HPOS="2282" VPOS="3791" WIDTH="113" HEIGHT="48" CONTENT="nach" WC="0.95" CC="7464"/>
						<SP ID="P5_SP00638" HPOS="2395" VPOS="3839" WIDTH="33"/>
						<String ID="P5_ST00735" HPOS="2428" VPOS="3792" WIDTH="80" HEIGHT="47" CONTENT="der" WC="0.99" CC="003"/>
						<SP ID="P5_SP00639" HPOS="2508" VPOS="3839" WIDTH="32"/>
						<String ID="P5_ST00736" HPOS="2540" VPOS="3794" WIDTH="141" HEIGHT="47" CONTENT="Braut" WC="0.98" CC="00706"/>
						<SP ID="P5_SP00640" HPOS="2681" VPOS="3841" WIDTH="29"/>
						<String ID="P5_ST00737" HPOS="2710" VPOS="3792" WIDTH="40" HEIGHT="47" CONTENT="in" WC="0.57" CC="08"/>
						<SP ID="P5_SP00641" HPOS="2750" VPOS="3841" WIDTH="31"/>
						<String ID="P5_ST00738" HPOS="2781" VPOS="3791" WIDTH="79" HEIGHT="48" CONTENT="der" WC="0.98" CC="050"/>
						<SP ID="P5_SP00642" HPOS="2860" VPOS="3841" WIDTH="23"/>
						<String ID="P5_ST00739" HPOS="2883" VPOS="3792" WIDTH="184" HEIGHT="47" CONTENT="Heimat" WC="0.99" CC="470002"/>
						<SP ID="P5_SP00643" HPOS="3067" VPOS="3841" WIDTH="82"/>
						<String ID="P5_ST00740" HPOS="3149" VPOS="3791" WIDTH="142" HEIGHT="48" CONTENT="Maria" WC="1.00" CC="00001"/>
					</TextLine>
					<TextLine ID="P5_TL00098" HPOS="1776" VPOS="3869" WIDTH="1514" HEIGHT="64">
						<String ID="P5_ST00741" HPOS="1776" VPOS="3886" WIDTH="84" HEIGHT="32" CONTENT="von" WC="0.97" CC="017"/>
						<SP ID="P5_SP00644" HPOS="1860" VPOS="3918" WIDTH="33"/>
						<String ID="P5_ST00742" HPOS="1893" VPOS="3870" WIDTH="219" HEIGHT="63" CONTENT="Burgund" WC="0.98" CC="7419420"/>
						<SP ID="P5_SP00645" HPOS="2112" VPOS="3933" WIDTH="119"/>
						<String ID="P5_ST00743" HPOS="2231" VPOS="3870" WIDTH="183" HEIGHT="47" CONTENT="zurück." WC="0.98" CC="4340701"/>
						<SP ID="P5_SP00646" HPOS="2414" VPOS="3933" WIDTH="57"/>
						<String ID="P5_ST00744" HPOS="2471" VPOS="3871" WIDTH="95" HEIGHT="46" CONTENT="Der" WC="0.97" CC="700"/>
						<SP ID="P5_SP00647" HPOS="2566" VPOS="3933" WIDTH="31"/>
						<String ID="P5_ST00745" HPOS="2597" VPOS="3870" WIDTH="251" HEIGHT="47" CONTENT="Historiker" WC="0.99" CC="0274013901"/>
						<SP ID="P5_SP00648" HPOS="2848" VPOS="3933" WIDTH="43"/>
						<String ID="P5_ST00746" HPOS="2891" VPOS="3885" WIDTH="120" HEIGHT="32" CONTENT="muss" WC="0.67" CC="0605"/>
						<SP ID="P5_SP00649" HPOS="3011" VPOS="3933" WIDTH="39"/>
						<String ID="P5_ST00747" HPOS="3050" VPOS="3869" WIDTH="131" HEIGHT="48" CONTENT="dabei" WC="0.97" CC="95102"/>
						<SP ID="P5_SP00650" HPOS="3181" VPOS="3933" WIDTH="41"/>
						<String ID="P5_ST00748" HPOS="3222" VPOS="3869" WIDTH="68" HEIGHT="47" CONTENT="ein" WC="0.94" CC="248"/>
					</TextLine>
					<TextLine ID="P5_TL00099" HPOS="1778" VPOS="3945" WIDTH="1515" HEIGHT="66">
						<String ID="P5_ST00749" HPOS="1778" VPOS="3950" WIDTH="133" HEIGHT="61" CONTENT="Auge" WC="0.96" CC="3590"/>
						<SP ID="P5_SP00651" HPOS="1911" VPOS="4011" WIDTH="29"/>
						<String ID="P5_ST00750" HPOS="1940" VPOS="3947" WIDTH="112" HEIGHT="47" CONTENT="oder" WC="0.99" CC="3003"/>
						<SP ID="P5_SP00652" HPOS="2052" VPOS="4011" WIDTH="32"/>
						<String ID="P5_ST00751" HPOS="2084" VPOS="3947" WIDTH="150" HEIGHT="47" CONTENT="besser" WC="0.98" CC="823604"/>
						<SP ID="P5_SP00653" HPOS="2234" VPOS="4011" WIDTH="28"/>
						<String ID="P5_ST00752" HPOS="2262" VPOS="3946" WIDTH="115" HEIGHT="48" CONTENT="noch" WC="0.97" CC="7040"/>
						<SP ID="P5_SP00654" HPOS="2377" VPOS="4011" WIDTH="33"/>
						<String ID="P5_ST00753" HPOS="2410" VPOS="3947" WIDTH="131" HEIGHT="47" CONTENT="beide" WC="0.99" CC="60300"/>
						<SP ID="P5_SP00655" HPOS="2541" VPOS="4011" WIDTH="30"/>
						<String ID="P5_ST00754" HPOS="2571" VPOS="3949" WIDTH="160" HEIGHT="62" CONTENT="Augen" WC="0.97" CC="03938"/>
						<SP ID="P5_SP00656" HPOS="2731" VPOS="4011" WIDTH="31"/>
						<String ID="P5_ST00755" HPOS="2762" VPOS="3946" WIDTH="275" HEIGHT="57" CONTENT="zudrücken," WC="0.99" CC="7003020080"/>
						<SP ID="P5_SP00657" HPOS="3037" VPOS="4011" WIDTH="37"/>
						<String ID="P5_ST00756" HPOS="3074" VPOS="3946" WIDTH="111" HEIGHT="48" CONTENT="aber" WC="0.97" CC="4514"/>
						<SP ID="P5_SP00658" HPOS="3185" VPOS="4011" WIDTH="26"/>
						<String ID="P5_ST00757" HPOS="3211" VPOS="3945" WIDTH="82" HEIGHT="48" CONTENT="der" WC="0.97" CC="070"/>
					</TextLine>
					<TextLine ID="P5_TL00100" HPOS="1776" VPOS="4024" WIDTH="1517" HEIGHT="55">
						<String ID="P5_ST00758" HPOS="1776" VPOS="4025" WIDTH="205" HEIGHT="48" CONTENT="Musiker" WC="0.99" CC="0521023"/>
						<SP ID="P5_SP00659" HPOS="1981" VPOS="4073" WIDTH="30"/>
						<String ID="P5_ST00759" HPOS="2011" VPOS="4025" WIDTH="110" HEIGHT="48" CONTENT="wird" WC="1.00" CC="0020"/>
						<SP ID="P5_SP00660" HPOS="2121" VPOS="4073" WIDTH="40"/>
						<String ID="P5_ST00760" HPOS="2161" VPOS="4026" WIDTH="41" HEIGHT="47" CONTENT="in" WC="0.65" CC="07"/>
						<SP ID="P5_SP00661" HPOS="2202" VPOS="4073" WIDTH="32"/>
						<String ID="P5_ST00761" HPOS="2234" VPOS="4025" WIDTH="167" HEIGHT="48" CONTENT="diesem" WC="1.00" CC="000000"/>
						<SP ID="P5_SP00662" HPOS="2401" VPOS="4073" WIDTH="47"/>
						<String ID="P5_ST00762" HPOS="2448" VPOS="4026" WIDTH="156" HEIGHT="47" CONTENT="letzten" WC="0.98" CC="2007607"/>
						<SP ID="P5_SP00663" HPOS="2604" VPOS="4073" WIDTH="32"/>
						<String ID="P5_ST00763" HPOS="2636" VPOS="4025" WIDTH="156" HEIGHT="48" CONTENT="Theile" WC="0.97" CC="000100"/>
						<SP ID="P5_SP00664" HPOS="2792" VPOS="4073" WIDTH="30"/>
						<String ID="P5_ST00764" HPOS="2822" VPOS="4025" WIDTH="80" HEIGHT="48" CONTENT="der" WC="0.99" CC="001"/>
						<SP ID="P5_SP00665" HPOS="2902" VPOS="4073" WIDTH="30"/>
						<String ID="P5_ST00765" HPOS="2932" VPOS="4025" WIDTH="123" HEIGHT="54" CONTENT="Arie," WC="0.99" CC="32102"/>
						<SP ID="P5_SP00666" HPOS="3055" VPOS="4079" WIDTH="45"/>
						<String ID="P5_ST00766" HPOS="3100" VPOS="4040" WIDTH="81" HEIGHT="31" CONTENT="ton" WC="0.93" CC="847"/>
						<SP ID="P5_SP00667" HPOS="3181" VPOS="4079" WIDTH="30"/>
						<String ID="P5_ST00767" HPOS="3211" VPOS="4024" WIDTH="82" HEIGHT="47" CONTENT="der" WC="0.98" CC="060"/>
					</TextLine>
					<TextLine ID="P5_TL00101" HPOS="1779" VPOS="4100" WIDTH="1514" HEIGHT="68">
						<String ID="P5_ST00768" HPOS="1779" VPOS="4102" WIDTH="253" HEIGHT="66" CONTENT="Wendung" WC="0.98" CC="0060569"/>
						<SP ID="P5_SP00668" HPOS="2032" VPOS="4168" WIDTH="42"/>
						<String ID="P5_ST00769" HPOS="2074" VPOS="4120" WIDTH="97" HEIGHT="31" CONTENT="zum" WC="0.91" CC="769"/>
						<SP ID="P5_SP00669" HPOS="2171" VPOS="4168" WIDTH="46"/>
						<String ID="P5_ST00770" HPOS="2217" VPOS="4104" WIDTH="243" HEIGHT="64" CONTENT="Lyrischen" WC="0.99" CC="360016705"/>
						<SP ID="P5_SP00670" HPOS="2460" VPOS="4168" WIDTH="45"/>
						<String ID="P5_ST00771" HPOS="2505" VPOS="4120" WIDTH="73" HEIGHT="38" CONTENT="an," WC="0.95" CC="264"/>
						<SP ID="P5_SP00671" HPOS="2578" VPOS="4168" WIDTH="42"/>
						<String ID="P5_ST00772" HPOS="2620" VPOS="4102" WIDTH="85" HEIGHT="49" CONTENT="den" WC="0.96" CC="045"/>
						<SP ID="P5_SP00672" HPOS="2705" VPOS="4168" WIDTH="45"/>
						<String ID="P5_ST00773" HPOS="2750" VPOS="4104" WIDTH="284" HEIGHT="47" CONTENT="talentvollen" WC="0.99" CC="653050061338"/>
						<SP ID="P5_SP00673" HPOS="3034" VPOS="4168" WIDTH="48"/>
						<String ID="P5_ST00774" HPOS="3082" VPOS="4100" WIDTH="211" HEIGHT="48" CONTENT="Erfinder" WC="0.98" CC="65338040"/>
					</TextLine>
				</TextBlock>
			</PrintSpace>
		</Page>
	</Layout>
</alto>
