3518 4353
1768 159 68 50 96

531 332 181 70 Tages-
753 328 100 55 und
882 328 582 74 Unterhaltungs-Blatt.

341 444 173 36 Kolli.
569 443 170 45 Sonntag
779 442 68 34 den
893 438 58 38 13.
982 441 104 33 März
1127 439 74 46 gab
1244 439 64 33 der
1346 437 146 45 hiesige
1524 437 205 45 „Sänger-

413 505 102 33 seine
543 502 226 45 diesjährige
795 506 98 29 erste
914 499 226 35 Liedertafel
1169 499 51 32 im
1248 497 154 34 kleinen
1425 494 333 37 Gürzenichsaale.

236 567 73 34 Die
336 564 289 46 Versammlung
651 575 78 22 war
768 563 86 34 sehr
895 560 191 36 zahlreich
1124 560 77 35 und
1242 571 72 23 von
1345 560 174 44 heiterer,
1555 557 203 47 geselliger

237 626 212 45 Stimmung
475 625 159 44 bewegt.
663 623 70 33 Die
755 623 174 44 Gesänge
960 632 124 23 waren
1112 624 69 42 gut
1208 618 167 47 gewählt
1401 618 77 33 und
1504 616 154 34 wurden
1688 628 46 22 un-

235 691 56 29 ter
329 686 65 34 der
434 684 245 47 geschickten
720 682 78 35 und
842 682 173 34 sicheren
1044 682 165 44 Leitung
1251 680 64 34 des
1344 679 122 33 Herrn
1496 679 157 33 Bitter
1688 682 69 41 gut

234 757 206 35 gesungen.
470 745 71 33 Am
571 744 156 34 meisten
758 754 72 22 von
861 741 70 35 den
962 745 192 30 ernsteren
1178 738 167 36 Stücken
1376 738 175 34 machten
1582 736 60 35 die
1662 738 70 33 Vor-

233 809 106 42 träge
380 816 72 23 von
498 802 136 37 Gade's
664 802 261 42 Gondelfahrt,
973 801 73 45 „Es
1079 800 90 46 geht
1202 799 62 35 bei
1299 798 236 46 gedämpfter
1564 796 191 35 Trommel

421 875 73 23 von
533 862 147 35 Silcher
723 861 76 35 und
843 862 101 44 „Der
970 860 105 35 frohe
1463 868 75 23 von
1566 856 167 34 Mendels-

233 926 94 35 sohn
356 924 214 40 Eindruck;
599 923 64 34 das
693 920 250 37 Silcher'sche
963 921 93 34 Lied
1077 919 127 35 wurde
1232 930 96 34 ganz
1357 917 232 35 vortrefflich
1617 928 115 34 gesun-

233 997 72 35 gen
334 984 77 34 und
439 988 140 30 musste
608 980 221 36 wiederholt
855 981 163 34 werden.
1073 978 179 35 Dieselbe
1293 977 100 35 Ehre
1435 976 206 35 widerfuhr
1677 976 77 34 und

234 1046 69 33 mit
329 1044 121 35 Recht
492 1044 121 33 einem
655 1041 215 35 köstlichen
907 1040 341 35 humoristischen:
1280 1039 77 46 „Im
1387 1039 128 45 Regen
1544 1036 111 47 geh'n
1685 1039 69 33 wir

233 1105 104 35 nicht
372 1104 98 34 nach
673 1113 73 23 von
768 1102 49 35 H.
839 1101 159 41 Bönike,
1029 1101 65 34 das
1121 1099 205 36 besonders
1355 1098 116 34 frisch
1500 1097 77 34 und
1607 1097 145 34 resolut

231 1169 249 41 vorgetragen
510 1162 139 34 wurde.
706 1161 94 34 Sehr
837 1161 117 34 schön
992 1171 78 23 war
1098 1160 95 34 auch
1225 1159 64 34 der
1318 1159 162 45 Vortrag
1509 1159 104 33 eines
1642 1157 110 35 Solo-

233 1227 192 42 Quartetts
451 1235 74 23 von
554 1221 169 44 Billeter,
764 1222 38 33 in
846 1220 182 34 welchem
1073 1231 72 22 uns
1186 1218 204 35 besonders
1432 1218 59 34 die
1529 1218 221 45 klangvolle

230 1285 308 36 Baritonstimme
575 1282 64 34 des
674 1282 125 34 Herrn
826 1282 42 34 B.
900 1281 174 45 erfreute,
1116 1280 58 33 die
1214 1280 39 33 in
1283 1279 65 34 der
1376 1279 259 45 Composition
1665 1289 64 23 vor-

231 1345 231 36 herrschend
500 1345 59 33 ist.
614 1343 199 34 Zwischen
843 1342 69 34 den
943 1342 200 45 Gesängen
1187 1345 87 41 trug
1301 1340 98 35 Herr
1427 1339 325 35 Musik-Director

232 1406 186 35 Tausch
448 1416 66 23 aus
537 1403 226 34 Düsseldorf
780 1400 251 36 Beethoven's
1060 1399 49 37 32
1138 1401 257 42 Variationen,
1425 1401 60 33 ein
1514 1402 236 44 Impromptu

230 1467 78 33 und
337 1467 59 33 ein
427 1465 185 33 Notturno
637 1474 75 22 von
742 1461 147 46 Chopin
920 1461 68 33 auf
1012 1460 84 34 dem
1125 1460 219 33 Pianoforte
1374 1461 68 32 mit
1468 1459 173 46 Applaus
1674 1470 75 24 vor.

231 1526 198 47 Späterhin
456 1524 151 33 wurden
647 1522 97 34 denn
789 1521 97 33 auch
924 1520 99 34 noch
1052 1521 124 45 einige
1205 1520 264 33 Humoristica
1498 1531 83 21 zum
1611 1520 139 33 Besten

228 1586 191 47 gegeben;
450 1585 96 35 doch
566 1583 180 47 gestehen
769 1582 65 34 wir
862 1582 79 42 frei,
970 1582 86 33 dass
1084 1581 69 33 wir
1181 1592 39 22 es
1248 1591 91 34 gern
1369 1580 128 43 sahen,
1529 1580 85 34 dass
1644 1580 106 34 nicht

228 1648 122 34 dieses
379 1647 134 42 Genre,
556 1644 160 35 sondern
746 1643 66 34 das
840 1642 174 34 wirklich
1056 1640 279 35 künstlerische
1364 1639 176 35 Element
1572 1640 84 34 dem
1688 1651 42 35 ge-

226 1708 245 35 nussreichen
513 1705 156 36 Abende
710 1706 130 34 seinen
878 1703 361 47 Haupt-Charakter
1281 1702 85 47 gab.
1414 1703 79 33 Der
1520 1703 139 33 Verein
1688 1702 64 33 hat

227 1768 169 36 offenbar
422 1778 130 36 grosse
579 1765 248 36 Fortschritte
854 1765 188 47 gemacht.

331 1847 72 34 Die
444 1845 158 34 fünfte
646 1844 165 35 Soiree
853 1843 76 34 für
969 1841 378 35 Kammermusik
1391 1853 59 21 am
1481 1841 162 45 Dinstag
1679 1840 70 34 den

228 1907 59 37 15.
317 1907 104 33 März
451 1905 153 36 brachte
633 1905 103 34 eines
766 1905 62 33 der
856 1904 250 42 einfachsten,
1150 1903 89 34 aber
1275 1907 91 30 stets
1393 1901 206 35 lieblichen
1632 1900 96 44 Quar-

225 1973 93 30 tette
346 1979 74 23 von
450 1966 166 46 Haydn
645 1966 75 33 und
749 1965 65 34 das
841 1965 196 46 prächtige
1058 1964 174 43 Quintett
1259 1964 39 33 in
1326 1961 123 37 C-dur
1453 1991 7 18 ,
1493 1962 69 46 Op.
1585 1959 60 46 29,
1675 1974 75 22 von

226 2029 294 35 Beethoven.
562 2026 115 34 Beide
706 2025 153 35 wurden
888 2024 231 35 vortrefflich
1150 2024 221 46 ausgeführt
1400 2022 44 50 (I.
1475 2023 152 35 Violine
1656 2022 98 35 Herr

226 2087 143 47 Japha)
407 2087 78 34 und
523 2086 206 35 besonders
758 2086 65 34 das
854 2085 174 43 Quintett
1070 2090 146 41 erregte
1258 2084 63 35 bei
1342 2084 129 45 jedem
1502 2084 109 34 Satze
1642 2084 110 34 einen

227 2150 126 34 Sturm
382 2159 74 23 von
486 2145 182 47 Applaus.
708 2146 252 34 Dazwischen
990 2145 136 47 spielte
1153 2146 99 34 Herr
1280 2146 274 44 Breunung,
1585 2144 71 34 den
1686 2144 69 33 wir

225 2209 112 46 lange
364 2208 106 34 nicht
496 2208 136 45 gehört
660 2207 128 34 hatten
820 2207 76 33 und
926 2206 132 34 dessen
1087 2206 234 34 Erscheinen
1350 2206 69 33 auf
1443 2205 65 34 der
1536 2205 213 34 Tonbühne

228 2270 114 32 daher
369 2279 61 23 um
460 2279 41 22 so
531 2267 245 34 erfreulicher
800 2278 86 31 war,
918 2267 65 33 das
1013 2267 227 42 Quartett
1268 2265 70 47 Op.
1362 2264 49 37 47
1435 2267 38 31 in
1498 2265 149 35 Es-dur
1677 2277 75 23 von

228 2330 264 34 Schumann
527 2328 59 38 für
614 2328 233 42 Pianoforte,
891 2326 160 44 Violine,
1083 2327 111 35 Viola
1222 2328 78 33 und
1328 2326 216 36 Violoncell
1573 2328 68 32 mit
1670 2337 63 24 aus-

226 2390 265 46 gezeichneter
518 2388 301 46 Durchführung
860 2389 123 33 seiner
1019 2389 125 33 Partie
1185 2388 75 34 und
1306 2387 93 35 eben
1446 2399 40 22 so
1529 2387 224 34 trefflichem

226 2450 218 45 Eingreifen
488 2450 125 33 seiner
640 2450 210 45 Mitspieler
889 2449 38 32 in
971 2448 64 35 das
1065 2449 128 34 Ganze
1233 2448 64 34 der
1326 2448 277 46 Composition,
1641 2448 110 33 deren

228 2515 117 29 erster
372 2510 85 34 Satz
499 2509 117 34 durch
646 2509 139 34 Pracht
827 2509 76 34 und
932 2510 122 33 Feuer
1093 2509 106 34 nicht
1240 2520 71 22 nur
1352 2509 191 45 imponirt,
1589 2508 163 34 sondern

228 2570 96 34 auch
353 2569 139 35 fesselt.
524 2570 109 33 Auch
662 2570 64 33 das
757 2570 163 33 Scherzo
948 2570 49 33 ist
1026 2569 117 34 durch
1174 2570 103 33 seine
1301 2569 246 45 Originalität
1575 2568 86 35 sehr
1690 2580 43 22 an-

227 2631 220 46 sprechend.
478 2631 75 33 Für
581 2630 58 34 die
668 2631 283 45 rhythmischen
982 2630 156 35 Studien
1169 2630 75 33 und
1276 2629 205 46 Synkopen
1512 2629 64 35 des
1606 2630 148 45 Adagio

226 2692 92 34 fehlt
347 2704 71 21 uns
447 2692 106 33 nicht
583 2691 63 34 das
676 2692 279 42 Verständniss,
1000 2691 89 35 aber
1117 2690 64 35 das
1212 2690 152 43 Gefühl,
1408 2690 165 34 welches
1607 2692 39 31 in
1683 2702 72 22 uns

227 2765 77 23 nun
348 2753 139 33 einmal
531 2753 102 32 seine
676 2751 211 34 natürliche
917 2753 191 44 Richtung
1154 2752 68 33 auf
1260 2751 65 34 das
1363 2751 210 34 melodisch
1604 2751 151 35 Schöne

227 2814 107 33 nicht
361 2812 234 45 verläugnen
625 2810 100 35 kann
755 2811 75 34 und
860 2811 89 34 will.
989 2812 110 33 Auch
1130 2811 65 34 das
1225 2810 130 35 Finale
1385 2812 49 33 ist
1461 2810 106 35 mehr
1594 2811 60 34 für
1684 2811 70 34 den

227 2874 197 42 Verstand,
467 2872 55 34 als
557 2873 60 33 für
644 2873 101 33 Herz
788 2871 76 35 und
892 2872 202 34 Phantasie
1123 2871 260 46 geschrieben;
1441 2871 206 35 Vielleicht
1676 2873 76 32 ruft

228 2935 59 33 die
316 2935 206 33 Redaction
566 2932 64 35 der
668 2932 183 46 leipziger
883 2932 264 46 Allgemeinen
1178 2932 324 46 Musik-Zeitung,
1546 2944 108 22 wenn
1697 2933 55 33 sie

228 2995 79 34 dies
339 2995 101 33 lesen
471 2993 121 43 sollte,
614 2992 137 34 wieder
781 2992 138 34 einmal
949 3004 88 22 aus:
1072 2993 157 45 „Armer
1248 2993 219 33 Schumann
1606 2993 151 33 worauf

232 3055 67 33 wir
328 3054 123 34 nichts
479 3057 207 30 antworten
715 3052 167 43 können,
911 3052 74 35 als:
1020 3054 137 45 „Arme

766 3188 117 34 März.
941 3188 76 34 Vor
1060 3187 149 45 einigen
1241 3187 131 45 Tagen
1399 3186 73 45 gab
1503 3187 99 34 Herr
1632 3185 93 36 Lan-

228 3250 235 45 genbach,
494 3249 176 33 Director
699 3248 65 33 der
792 3247 284 47 Küpper'sohen
1107 3245 167 47 Capelle,
1303 3246 80 34 sein
1405 3246 349 44 Benefiz-Concert,

227 3311 40 33 in
309 3310 179 33 welchem
537 3320 38 22 er
616 3306 254 35 Beethoven's
901 3307 312 34 Violin-Concert
1254 3306 78 33 und
1372 3306 262 35 Introduction
1677 3307 79 34 und

230 3370 132 34 Rondo
406 3381 67 22 aus
513 3369 82 33 dem
624 3367 146 34 E-dur-
776 3368 163 35 Concert
968 3380 75 22 von
1074 3368 248 44 Vieuxtemps
1364 3368 68 32 mit
1471 3379 170 33 grossem
1670 3368 65 33 Bei-

230 3429 92 36 falle
351 3429 145 46 spielte.
552 3429 120 33 Unter
715 3429 69 32 den
828 3428 157 46 übrigen
1018 3428 165 34 Stücken
1216 3428 33 33 dt
1264 3440 16 22 s
1308 3427 155 34 Abends
1493 3428 149 34 machte
1672 3429 84 33 eine

233 3492 262 44 Composition
537 3500 74 23 von
656 3490 37 34 J.
725 3490 44 33 A.
799 3500 86 23 van
915 3488 183 46 Eyken:
1335 3489 59 33 ein
1425 3488 235 35 Melodrama
1688 3490 69 33 mit

232 3551 212 42 Orchester,
476 3550 82 33 eine
587 3549 233 46 ergreifende
850 3548 202 46 Wirkung,
1096 3560 109 22 wozu
1244 3549 59 33 die
1332 3549 255 35 vortreffliche
1617 3551 115 33 Decla-

232 3612 140 34 mation
403 3611 63 34 der
494 3611 98 32 Frau
620 3609 256 46 Langenbach
908 3609 65 34 das
1002 3609 125 46 Ihrige
1157 3610 37 33 in
1223 3609 139 34 vollem
1388 3610 150 34 Maasse
1567 3610 161 47 beitrug.

339 3760 301 42 Stuttgart«
670 3760 122 33 Herrn
824 3758 248 35 Grunert's
1099 3758 242 47 monatlange
1373 3760 278 47 Entfremdung
1678 3774 76 22 von

232 3821 64 34 der
337 3820 132 34 Bühne
517 3826 108 27 unter
669 3819 264 34 wechselnden
986 3817 200 37 officiellen
1228 3820 140 46 Titeln,
1427 3833 74 22 von
1545 3821 64 34 der
1652 3822 82 46 gele-

231 3881 169 48 gentlich
430 3881 66 33 der
522 3885 91 30 stets
1046 3880 241 46 Aufführung
1328 3893 74 22 von
1446 3881 188 35 Fischer's
1663 3885 69 33 Tra-

232 3942 113 48 gödie
378 3942 213 45 „Friedrich
728 3943 114 33 öfters
880 3942 244 45 Erwähnung
1152 3942 228 45 geschehen,
1409 3942 103 35 hatte
1540 3943 139 34 bereits
1709 3958 47 21 zu

234 4005 85 35 sehr
347 4001 250 35 auffallenden
627 4002 189 34 Bulletins
844 4001 139 35 Anlass
1018 4002 181 47 gegeben,
1247 4003 59 33 die
1348 4003 70 34 mit
1458 4003 299 48 merkwürdiger

237 4063 210 36 Sicherheit
488 4063 203 34 verbreitet
733 4062 167 35 wurden.
955 4064 195 34 Nunmehr
1193 4064 148 35 scheint
1376 4064 59 34 die
1479 4066 172 35 einfache
1680 4069 76 34 und

237 4125 95 34 doch
361 4129 248 31 unerwartete
637 4125 243 45 Aufklärung
923 4127 37 32 in
991 4125 64 34 der
1083 4125 206 35 Nachricht
1316 4126 183 45 gegeben,
1545 4126 85 36 dass
1659 4128 98 35 Herr

1861 297 163 35 Grunert
2053 300 358 33 Theater-Director
2439 298 37 33 in
2506 298 158 45 Leipzig
2691 297 204 46 geworden
2923 298 61 33 ist.
3023 297 76 33 Vor
3128 295 149 45 einigen
3310 294 50 32 Ta-

1858 369 72 34 gen
1959 357 65 35 hat
2052 359 65 33 der
2143 359 147 45 dortige
2320 358 191 35 Stadtrath
2552 364 112 28 unter
2705 357 117 35 zwölf
2850 357 226 35 Bewerbern
3105 367 62 23 um
3198 355 59 34 die
3285 366 100 22 neue

1857 417 258 46 sechsjährige
2143 418 121 34 Pacht
2293 418 63 35 des
2386 418 274 35 Stadttheaters
2688 420 59 33 für
2775 419 123 33 Herrn
2929 418 65 32 Dr.
3027 417 174 41 Grunert,
3233 414 55 34 als
3318 426 44 34 ge-

1855 477 168 35 borenen
2051 478 213 46 Leipziger,
2293 478 258 44 entschieden,
2580 478 77 34 und
2686 479 156 33 seitdem
2871 479 48 33 ist
2947 475 170 36 derselbe
3146 476 107 34 nicht
3280 475 106 37 mehr

1856 537 56 35 als
1942 537 191 44 erkrankt,
2163 538 160 34 sondern
2354 539 84 34 aufs
2466 539 104 34 Neue
2600 538 55 34 als
2683 538 202 35 beurlaubt
2912 538 81 34 hier
3022 537 229 44 aufgeführt.
3295 538 69 35 Die-

1855 610 61 23 ser
1943 598 144 36 Urlaub
2128 598 72 35 soll
2236 604 147 29 vorerst
2413 595 47 37 14
2488 600 104 45 Tage
2633 599 154 43 dauern,
2829 599 100 33 nach
2972 599 111 34 deren
3128 597 146 35 Ablauf
3316 599 72 34 wir

1856 659 97 34 denn
1983 660 66 34 das
2077 658 261 36 Fischer'sche
2368 660 117 34 Stück
2513 672 48 22 zu
2589 665 183 29 erwarten
2802 660 135 35 haben.

1963 801 57 34 W
2020 801 10 17 r
2034 799 115 38 ien«
2186 802 77 33 Der
2290 802 146 33 Pianist
2464 802 38 34 J.
2531 801 191 35 Derffel
2749 801 87 46 gab*
2852 813 58 22 am
2942 799 57 37 12.
3031 801 33 35 d.
3095 801 99 41 Mts.,
3224 799 158 35 Abends

1854 858 23 38 8
1905 861 91 43 Uhr,
2040 863 58 33 ein
2130 862 163 34 Concert
2333 863 49 33 im
2424 861 428 44 Musikvereins-Saale,
2894 867 110 28 unter
3031 860 251 46 Mitwirkung
3321 860 68 35 der

1851 922 149 33 Herren
2030 921 319 47 Hellmesberger,
2378 922 127 34 Rover
2531 922 78 33 und
2639 921 157 35 Walter.
2827 922 78 33 Der
2935 921 283 47 Concertgeber
3246 919 140 47 spielte

1852 981 143 35 Stücke
2024 994 73 22 von
2127 982 117 44 Bach,
2273 982 233 43 Beethoven,
2538 982 148 45 Chopin
2716 982 76 34 und
2823 983 153 45 eigener
3005 982 275 45 Composition.

2222 3603 73 52 pie
2322 3603 331 51 ipe&errfjetmfdje

1854 3664 188 36 erscheint
2072 3665 116 46 jeden
2227 3666 174 46 Samstag
2442 3668 39 31 in
2524 3667 124 34 einem
2691 3678 147 35 ganzen
2873 3667 131 46 Bogen
3048 3666 70 35 mit
3152 3664 247 47 zwanglosen

1855 3716 195 47 Beilagen.
2159 3718 77 33 Der
2259 3717 386 47 Abonnementspreis
2666 3718 149 46 beträgt
2849 3720 60 32 für
2939 3719 64 33 das
3025 3716 187 45 Halbjahr
3240 3714 23 36 2
3280 3716 115 42 Thlr.,

1854 3769 61 34 bei
1943 3769 71 33 den
2036 3769 47 33 K.
2113 3779 143 35 preuss.
2279 3769 310 34 Post-Anstalten
2619 3768 23 37 2
2658 3769 103 34 Thlr.
2788 3770 21 36 5
2830 3769 81 47 Sgr.
2967 3769 96 34 Eine
3093 3767 169 35 einzelne
3282 3767 84 35 Num-

1854 3831 79 23 mer
1960 3817 25 37 4
2013 3819 82 46 Sgr.

1959 3871 125 34 Briefe
2112 3871 78 34 und
2210 3870 277 47 Zusendungen
2523 3871 92 35 aller
2635 3873 70 33 Art
2733 3871 150 35 werden
2913 3875 111 31 unter
3053 3871 64 34 der
3141 3869 165 35 Adresse
3335 3869 64 35 der

1855 3923 51 34 M.
1938 3922 543 47 DuMont-Schauberg'schen
2511 3923 306 46 Buchhandlung
2844 3925 38 31 in
2912 3923 102 34 Köln
3045 3923 163 34 erbeten.

1975 4024 358 33 Verantwortlicher
2363 4023 286 47 Herausgeber:
2680 4023 101 35 Prof.
2813 4022 37 34 L
2853 4047 11 12 ♦
2894 4021 176 46 Bischoff
3092 4024 40 32 in
3161 4021 113 38 Köln.

1931 4074 198 47 Verleger:
2161 4074 54 36 M.
2244 4073 526 48 DuMont-Schauberjso\\Q
2799 4074 305 46 Buchhandlung
3133 4075 40 33 in
3201 4073 116 36 Köln.

1889 4127 190 35 Drucker:
2116 4126 50 34 M.
2199 4127 65 33 Du
2270 4125 346 47 Moni-Schauberg
2645 4128 36 34 in
2712 4126 114 43 Köln,
2866 4127 243 34 Breitstrasse
3139 4125 48 37 76
3214 4138 34 22 u.
3282 4125 64 38 78»

2387 1211 458 75 Znknnbujuitigett.

1952 1384 51 37 So
2033 1385 89 35 eben
2152 1385 221 35 erschienen
2401 1385 83 35 und
2511 1386 123 35 durch
2662 1389 74 33 alle
2764 1387 126 35 Buch-
2919 1389 85 34 und
3025 1386 359 39 Musicalienhand-

1848 1439 142 45 lungen
2015 1449 47 23 zu
2090 1436 196 36 beziehen:

1849 1506 314 95 Ludwig
2206 1531 148 54 van
2398 1506 473 83 Beethoven's
2926 1510 460 81 sämmtlicke

2470 1611 282 80 Werke.

2022 1730 125 31 Erste
2173 1728 300 39 vollständige,
2503 1729 166 30 überall
2697 1731 265 39 berechtigte
2991 1731 211 41 Ausgabe.

1852 1785 255 36 Partitur-
2119 1784 188 47 Ausgab
2321 1796 28 22 e.
2396 1785 73 35 Nr.
2501 1787 57 33 70.
2604 1787 200 33 Concert
2834 1786 77 46 für
2951 1787 241 45 Pianoforte,
3233 1787 158 37 Violine

2162 1837 83 35 und
2283 1836 207 35 Violoncell
2515 1837 67 34 mit
2615 1836 210 38 Orchester.
2858 1838 68 46 Op.
2949 1841 49 33 56
3027 1840 40 35 in
3100 1839 35 35 C.
3167 1853 37 23 n.
3226 1842 23 32 2
3279 1839 105 36 Thlr.

2166 1892 50 32 18
2248 1888 95 46 Ngr.

2063 1940 72 37 Nr.
2167 1943 58 34 89.
2260 1942 59 33 90.
2352 1938 109 36 Trio
2488 1940 77 46 für
2594 1939 239 48 Pianoforte,
2874 1941 207 36 Clarinette
3109 1942 92 36 oder
3239 1942 151 36 Violine

2164 1992 85 36 und
2274 1991 213 36 Violoncell.
2523 1994 65 43 Op.
2609 1995 45 31 11
2677 1992 42 35 in
2739 1992 47 35 B.
2903 1994 114 35 Trio
3037 1995 78 46 für
3145 1994 239 46 Pianoforte,

2175 2044 146 35 Violine
2349 2043 81 35 und
2469 2043 207 37 Violoncell
2709 2045 101 35 nach
2846 2046 69 35 der
2945 2044 182 49 Sinfonie
3166 2046 69 46 Op.
3265 2048 51 34 36
3344 2045 43 36 in

2166 2099 49 33 D.
2246 2109 37 22 n.
2315 2098 23 32 2
2376 2095 103 35 Thlr.
2510 2097 49 34 15
2590 2097 100 47 Ngr.

2063 2147 73 37 Nr.
2167 2151 73 32 191
2249 2149 134 33 —l9B.
2414 2147 138 35 Bondo
2583 2161 23 21 a
2637 2148 207 46 Capriccio.
2880 2148 67 46 Op.
2978 2152 75 34 129
3082 2150 41 36 in
3156 2152 43 35 O.
3307 2149 84 37 An-

2165 2199 118 35 dante
2316 2199 41 35 in
2387 2200 47 34 F.
2569 2202 173 33 Menuett
2775 2201 41 35 in
2846 2201 63 35 Es.
3022 2205 23 32 6
3074 2203 234 35 Menuetten.

2164 2250 235 36 Präludium
2420 2252 42 34 in
2495 2252 153 34 F-moll.
2742 2252 137 36 Bondo
2907 2252 42 36 in
2979 2254 45 34 A.
3118 2257 22 31 6
3170 2253 222 35 ländrische

2175 2304 136 35 Tänze.
2420 2306 21 33 7
2472 2303 219 36 ländrische
2728 2304 135 35 Tänze,
2917 2318 38 22 n.
2987 2308 19 31 1
3046 2304 106 36 Thlr.

1856 2354 249 37 Stimmen-
2119 2355 188 46 Ausgab
2318 2366 28 23 e.
2379 2356 74 35 Nr.
2484 2357 60 33 65.
2589 2356 172 35 Erstes
2801 2356 212 36 Concert
3048 2359 79 46 für
3156 2356 235 47 Pianoforte

2165 2407 66 34 mit
2265 2407 207 34 Orchester.
2509 2409 66 43 Op.
2610 2410 48 32 15
2687 2407 41 36 in
2761 2408 36 35 C.
2846 2421 37 24 n.
2913 2411 24 32 2
2968 2408 104 38 Thlr.
3104 2412 50 33 24
3183 2408 97 47 Ngr.

1959 2467 218 48 Leipzig,
2219 2471 58 33 18.
2313 2469 180 35 Februar
2523 2471 117 32 1864.

2517 2529 348 47 Breithapf
2883 2533 134 40 lind
3043 2529 240 41 WMiirtet.

1959 2634 51 37 So
2040 2635 89 36 eben
2159 2635 58 35 bei
2246 2636 269 46 Breitkopf
2545 2637 98 35 und
2671 2637 180 35 Härtel
2884 2638 42 35 in
2955 2637 157 48 Leipzig
3142 2639 250 38 erschienen:

1932 2704 175 60 Joh.
2152 2704 166 60 Seb.
2360 2704 281 60 Bach's
2684 2707 626 59 Passionsmusik

2426 2798 113 47 nach
2572 2799 244 49 Matthäus.

1854 2879 218 35 Bearbeitet
2100 2881 60 33 für
2188 2878 221 37 Pianoforte
2437 2881 114 34 allein
2582 2882 68 35 mit
2677 2883 219 46 Beifügung
2926 2883 64 34 der
3019 2884 262 35 Textesworte
3310 2896 79 23 von

2387 2940 228 38 Seliuar
2644 2943 211 44 Bagge.

2292 3002 62 34 Gr.
2387 3001 33 38 8.
2450 3003 159 34 Brosch.
2638 3004 106 34 Preis
2775 3000 48 49 \\
2851 3004 105 35 Thlr.

1967 3063 115 37 Diese
2111 3062 262 47 Bearbeitung
2402 3063 190 47 empfiehlt
2618 3063 80 35 sich
2741 3063 39 35 in
2821 3065 168 47 gleicher
3028 3064 116 36 Weise
3170 3076 69 24 zur
3279 3065 117 36 Wie-

1855 3115 269 47 derholung
2169 3116 64 33 des
2274 3115 372 47 unvergleichlichen
2686 3116 151 35 Werkes
2873 3129 62 22 am
2967 3117 194 35 Ciavier
3205 3117 57 35 als
3304 3130 83 22 zum

1855 3168 235 46 bequemsten
2122 3167 278 36 Nachlesen
2430 3168 57 34 bei
2515 3168 68 35 der
2614 3168 262 47 Aufführung.

1961 3274 83 36 Alle
2073 3275 40 33 in
2140 3275 129 34 dieser
2298 3275 318 47 Musik-Zeitung
2644 3276 286 45 besprochenen
2971 3277 84 35 und
3082 3277 316 47 angekündigten

1857 3325 233 37 Musicalien
2119 3333 63 29 etc.
2222 3327 91 35 sind
2346 3339 48 23 zu
2425 3328 177 34 erhalten
2629 3329 42 33 in
2699 3329 69 35 der
2796 3334 89 29 stets
2911 3329 233 46 vollständig
3169 3330 231 34 assortirten

1855 3377 475 48 Musicalien-Handlung
2351 3379 85 35 und
2453 3379 251 36 Leihanstalt
2729 3393 74 23 von
2826 3379 316 37 BERNHARD
3161 3380 237 36 BREUER

1852 3431 42 35 in
1924 3430 117 43 Köln,
2076 3443 132 33 grosse
2238 3431 250 46 Budengasse
2520 3432 73 35 Nr.
2627 3437 33 40 1,
2705 3446 41 21 so
2791 3433 69 34 wie
2902 3432 59 34 bei
2987 3432 37 34 J.
3060 3433 84 33 FR.
3186 3432 212 37 WEBER»

1857 3482 335 45 Appellhofsplatz
2224 3483 74 37 Nr,
2326 3486 63 32 22.
