3518 4353
328 164 706 198 Aiedeir
1075 164 696 198 iHin-scho
1923 164 1148 259 Musik-Zeitung

991 466 114 117 für
1194 464 554 119 limatfmtiiöe
1804 469 144 114 unil
2004 469 391 117 Mnstlrr.

166 706 388 69 Herausgegeben
603 727 88 32 von
744 708 237 49 Professor
1034 704 69 56 L.
1148 701 264 80 Bischoff.
1611 709 172 66 Verlag
1838 710 81 49 der
1971 705 83 56 M.
2103 701 761 82 DuMont-Schauberg'schen
2907 706 372 66 Buchhandlung.

1448 848 171 78 KÖLN,
1661 860 73 53 1».
1776 857 128 55 März
1946 859 137 54 1864.

234 859 80 53 Nr.
357 859 71 53 12.

2797 859 99 53 XII.
2938 859 271 71 Jahrgang.

259 1038 227 36 Inhalt.

541 1039 74 33 Die
643 1038 155 46 heutige
828 1039 252 34 dramatische
1110 1039 141 34 Musik.
1388 1039 126 35 Ueber
1541 1038 266 35 musicalische
1837 1039 454 46 Kunst-Ausstellungen.
2428 1040 71 33 Die
2529 1038 284 36 Martinswand.
2842 1038 449 46 Lyrisch-dramatisches

156 1100 266 46 Gesangstück
452 1101 60 33 für
541 1099 92 44 Soli,
676 1100 102 34 Chor
805 1100 78 34 und
911 1100 205 34 Orchester
1157 1111 76 23 von
1263 1101 45 34 A.
1339 1101 75 33 Zur
1441 1100 157 34 Nieden.
1639 1100 84 33 Von
1766 1100 101 33 Prof.
1897 1100 41 34 L.
1970 1100 229 35 Bischoff.
2309 1100 92 34 Aus
2440 1100 126 33 Bonn
2609 1097 258 48 (Aufführung
2903 1098 63 34 des

155 1160 215 37 Rückblick
400 1162 67 34 auf
492 1162 60 33 die
582 1161 350 46 Concert-Saison).
960 1162 85 33 Von
1066 1162 49 36 H.
1212 1162 176 45 Tages-
1419 1160 94 34 und
1545 1159 531 45 Unterhaltungsblatt
2105 1159 129 43 (Köln,
2265 1158 227 35 Liedertafel
2521 1159 63 33 des
2992 1159 134 34 Fünfte
3161 1159 129 35 Soiree

155 1224 60 34 für
243 1221 307 35 Kammermusik
657 1221 207 45 Elberfeld,
894 1221 341 35 Benefiz-Concert
1343 1220 198 46 Stuttgart,
1571 1219 99 34 Herr
1699 1218 165 35 Grunert
1971 1219 123 42 Wien,
2126 1219 145 33 Pianist
2298 1218 39 34 J.
2370 1215 170 48 Derffel).

432 1393 89 56 Die
560 1395 205 71 heutige
805 1393 336 56 dramatische
1181 1393 158 55 Musik

1360 1398 56 64 *).

280 1531 106 48 Wir
416 1531 130 48 leben
581 1531 218 48 wahrlich
841 1532 41 47 in
927 1532 125 47 einer
1080 1531 241 48 seltsamen
1350 1530 337 65 Zeit-Epoche!

160 1609 121 51 Wer
313 1626 44 32 es
388 1609 227 55 versucht,
650 1609 124 47 seine
818 1609 156 47 innere
1007 1608 311 65 Betrachtung
1349 1623 80 33 aus
1459 1608 102 47 dem
1595 1608 58 48 Ge-

159 1687 190 49 räusche
399 1686 89 48 und
534 1686 81 48 der
644 1686 320 49 Leidenschaft
1000 1686 80 48 der
1111 1687 280 63 Gegenwart
1430 1702 51 31 zu
1523 1693 163 47 retten,

159 1766 113 49 wird
306 1766 134 47 leicht
483 1764 137 49 dahin
666 1766 242 63 gelangen,
950 1766 101 47 eine
1092 1764 80 49 der
1214 1764 353 49 sonderbarsten
1603 1764 54 47 Er-

159 1844 310 64 scheinungen
501 1843 42 47 in
574 1842 80 48 der
686 1843 257 48 Kunstwelt
974 1843 414 48 wahrzunehmen:
1432 1841 69 48 ein
1533 1842 129 63 einge-

160 1922 189 49 bildetes
380 1921 140 55 Ideal,
564 1919 194 49 welches
788 1921 329 63 vorzugsweise
1156 1921 41 47 in
1238 1919 82 49 der
1349 1918 239 50 Tonkunst
1617 1919 71 47 die

159 1999 279 64 Missgeburt
469 1998 122 47 eines
621 1998 244 64 grotesken
897 1997 302 67 Mysticismus
1228 2004 201 56 erzeugt.

277 2077 75 48 Oh
360 2093 54 31 ne
445 2076 70 47 die
546 2076 178 63 Klagen
756 2076 114 48 über
901 2076 85 48 den
1002 2074 186 54 .Verfall
1219 2074 80 49 der
1329 2073 147 51 Musik
1509 2074 58 47 im
1594 2073 68 47 All-

162 2154 238 65 gemeinen
446 2153 309 47 wiederholen
810 2153 89 47 und
945 2153 80 47 der
1068 2168 187 48 grossen
1313 2150 378 66 Vergangenheit

162 2232 130 48 allein
322 2230 287 49 Weihrauch
640 2230 43 46 in
714 2230 178 47 solcher
918 2230 127 49 Fülle
1076 2238 182 39 streuen
1289 2248 50 29 zu
1372 2230 183 55 wollen,
1585 2229 102 47 dass

162 2324 105 32 man
299 2307 139 48 davor
469 2305 71 49 die
567 2307 322 63 Zeitgenossen
921 2324 84 49 gar
1034 2307 122 48 nicht
1181 2308 140 47 sehen
1354 2307 137 56 kann,
1532 2307 156 47 stellen

162 2385 83 47 wir
276 2402 85 30 nur
394 2384 70 47 die
490 2384 180 64 Fragen
701 2384 98 50 hin:
835 2385 114 49 Was
979 2385 54 47 ist
1063 2384 71 48 die
1165 2384 213 50 Tendenz
1409 2384 80 48 der
1518 2401 142 48 gegen-

164 2464 218 64 wärtigen
435 2460 335 50 dramatischen
818 2463 186 48 Musik?
1062 2463 197 47 welcher
1311 2463 380 62 Ideenströmung

165 2542 148 63 folgen
346 2540 82 49 fast
459 2540 84 47 alle
576 2540 88 47 und
697 2542 115 47 auch
845 2542 71 47 die
955 2542 154 47 besten
1143 2540 324 65 Componisten
1501 2557 190 30 unserer

163 2620 129 47 Zeit?
336 2618 210 48 scheinen
590 2618 96 47 ihre
717 2619 326 65 Schöpfungen
1076 2618 408 65 Lebensfähigkeit
1515 2619 75 46 für
1621 2617 71 48 die

163 2697 203 47 Zukunft
394 2713 51 29 zu
479 2694 184 50 haben?
706 2695 230 49 offenbart
976 2697 90 47 sich
1108 2697 123 47 nicht
1259 2697 99 47 eine
1390 2695 302 64 Verwirrung

167 2774 87 48 und
302 2774 256 64 Verirrung
615 2774 43 47 in
718 2773 80 48 der
855 2774 215 65 heutigen
1119 2775 217 64 Deutung
1379 2773 78 48 des
1505 2773 187 48 Wortes

175 2851 333 59 „dramatische

285 2931 58 47 Es
370 2929 165 49 bedarf
560 2930 157 47 keiner
739 2947 188 47 grossen
953 2929 397 65 Nachforschung,
1376 2947 73 30 um
1479 2928 69 48 die
1572 2929 90 46 Ten-

164 3006 111 51 denz
311 3025 51 31 zu
409 3006 249 56 erkennen,
705 3006 70 47 die
819 3008 42 47 in
907 3006 81 49 der
1028 3024 146 31 neuen
1204 3006 234 64 Richtung
1482 3023 52 30 zu
1566 3006 126 63 Tage

165 3086 132 64 liegt:
328 3085 70 48 die
429 3085 291 64 Speculation
753 3102 74 30 um
854 3084 136 65 jeden
1024 3085 124 47 Preis
1189 3084 81 48 auf
1294 3084 79 48 das
1407 3083 285 48 Realistisch-

167 3164 285 55 Malerische,
497 3164 81 47 auf
601 3163 80 48 das
711 3163 253 64 Originelle
995 3163 111 48 oder
1137 3163 273 63 wenigstens
1438 3163 132 47 Neue
1603 3159 88 48 und

267 3328 36 46 *)
334 3329 135 33 Dieser
497 3326 172 43 Aufsatz,
712 3326 64 34 der
805 3338 70 22 uns
905 3337 74 23 von
1010 3336 174 23 unserem
1214 3325 145 46 pariser
1389 3323 282 46 Corresponden-

167 3393 60 29 ten
259 3387 231 47 mitgetheilt
517 3388 61 44 ist,
626 3387 66 33 hat
720 3387 125 33 Herrn
876 3386 51 34 M.
957 3385 46 35 A.
1033 3385 238 42 Thurner,
1316 3385 109 32 einen
1456 3383 86 34 sehr
1569 3387 105 29 unter-

163 3450 186 34 richteten
379 3448 175 35 Musiker
582 3449 35 32 in
648 3448 122 42 Paris,
811 3458 83 23 zum
925 3446 207 35 Verfasser.
1189 3446 72 33 Die
1290 3444 178 34 Tendenz
1497 3443 197 34 desselben

165 3510 50 33 ist
241 3509 294 46 hauptsächlich
564 3519 121 35 gegen
718 3506 199 36 Gounod
944 3506 197 46 gerichtet,
1172 3506 68 33 den
1266 3504 96 35 viele
1384 3504 171 45 dortigen
1579 3505 92 32 Musi-

163 3571 68 33 ker
261 3570 55 34 als
346 3570 71 34 den
450 3569 312 46 „französischen
1024 3567 232 45 betrachten,
1299 3565 120 34 wobei
1464 3566 54 32 sie
1554 3564 138 45 jedoch

163 3632 169 45 weniger
373 3632 129 33 seinen
772 3628 55 36 als
868 3629 151 33 frühere
1061 3628 138 46 Opern,
1243 3639 31 21 z.
1304 3627 41 35 B.
1379 3625 96 46 „Die
1516 3625 178 34 blutende

368 3691 75 33 und
475 3690 229 43 neuerdings
736 3689 96 44 „Die
862 3689 169 46 Königin
1060 3699 72 23 von
1165 3687 97 34 Saba
1269 3692 6 12 I
1277 3689 23 39 ',
1330 3686 59 33 ins
1420 3686 107 45 Auge
1557 3686 137 33 fassen.

166 3754 72 33 Die
280 3752 304 35 bevorstehende
622 3751 242 44 Aufführung
906 3749 63 34 der
1012 3754 183 28 neuesten
1226 3748 99 45 Oper
1355 3745 207 44 Gounod's,
1596 3745 73 48 „Mi-

342 3815 66 32 auf
435 3813 83 34 dem
558 3812 162 35 Thedtre
749 3808 148 49 lyrique
937 3810 148 34 scheint
1125 3809 59 33 die
1226 3808 156 34 nächste
1412 3806 282 47 Veranlassung

164 3886 175 33 gewesen
371 3886 47 21 zu
448 3875 93 41 sein,
586 3873 65 34 das
682 3872 139 34 Wesen
851 3871 65 33 der
956 3870 179 44 heutigen
1165 3868 276 34 dramatischen
1473 3867 125 34 Musik
1630 3878 65 22 zur

165 3935 167 45 Sprache
362 3947 46 21 zu
439 3935 171 44 bringen.
640 3934 94 33 Eine
755 3931 155 35 Stimme
940 3942 67 22 aus
1036 3928 228 34 Frankreich
1292 3928 92 33 über
1404 3928 121 34 dieses
1549 3928 144 33 Thema

165 3994 123 35 dürfte
317 3995 105 34 nicht
451 3995 282 32 uninteressant
762 3994 92 40 sein,
885 4002 69 22 nur
982 4001 102 23 muss
1116 3990 63 33 der
1202 3990 114 33 Leser
1343 3989 106 33 nicht
1480 3999 212 35 vergessen,

165 4057 86 33 dass
281 4057 185 41 Thurner,
509 4061 95 28 trotz
642 4056 123 32 seines
795 4053 205 35 deutschen
1031 4050 174 42 Namens,
1248 4050 58 33 die
1337 4049 119 34 Sache
1487 4049 94 34 doch
1612 4048 78 34 rein

163 4128 87 23 vom
282 4116 265 46 Standpunkte
577 4117 103 34 eines
709 4113 283 36 französischen
1021 4111 189 34 Musikers
1238 4110 221 34 betrachtet.

1783 1374 80 49 auf
1889 1373 77 50 das
1997 1373 184 48 Colorit.
2213 1374 91 47 Das
2336 1373 186 56 Colorit,
2552 1372 70 48 die
2655 1371 165 54 Farbe,
2849 1371 77 48 das
2956 1372 52 47 ist
3038 1371 69 48 die
3137 1388 153 49 grosse

1781 1452 185 63 Losung
1998 1452 75 46 für
2103 1452 84 47 alle
2219 1451 146 63 Dinge
2402 1449 43 49 in
2475 1449 80 54 der
2588 1449 149 49 Welt!
2792 1449 105 47 Man
2936 1448 224 48 zerbricht
3201 1449 89 49 sich

1781 1531 122 47 nicht
1931 1529 83 47 den
2047 1528 136 65 Kopf,
2228 1546 73 29 um
2336 1528 280 48 Charaktere
2661 1527 88 48 und
2780 1527 281 48 Situationen
3103 1527 162 48 musica-

1779 1607 106 47 lisch
1918 1606 392 63 wiederzugeben,
2340 1622 25 31 o
2397 1606 119 54 nein,
2545 1604 110 49 aber
2685 1621 103 30 man
2832 1603 329 48 beschreibt
3204 1603 87 48 den

1783 1683 313 66 Flügelschlag
2126 1683 121 48 eines
2277 1682 182 63 Vogels,
2502 1682 84 47 den
2622 1682 203 47 Einsturz
2856 1681 79 48 der
2968 1682 178 47 Brücke
3178 1681 114 48 über

1779 1762 129 48 einen
1941 1763 261 62 Bergstrom
2234 1778 41 30 u.
2305 1777 32 31 s.
2370 1777 53 31 w.
2454 1761 141 47 durch
2632 1759 97 47 eine
2762 1759 167 49 Violin-
2968 1759 109 47 oder
3112 1761 178 47 Flöten-

1779 1841 215 62 Passage,
2037 1838 69 48 ein
2138 1837 203 48 düsteres
2371 1837 230 54 Tremolo,
2647 1837 99 47 eine
2787 1835 311 64 wahnsinnige
3128 1835 128 49 Modu-

1781 1917 153 52 lation,
1964 1917 128 47 einen
2117 1914 633 48 Abrakadabra-Rhvthmus.
2783 1914 179 47 Anstatt
2985 1913 77 47 das
3089 1913 174 47 mensch-

1925 1961 9 11 -7
2559 1966 13 12 «I

1781 1994 113 47 liehe
1927 1996 37 45 H
1974 2011 86 38 erz,
2103 1993 70 47 die
2205 1993 164 57 Quelle
2409 1992 79 47 der
2517 1992 216 54 Gefühle,
2775 2009 50 30 zu
2874 1990 281 49 beobachten
3202 1990 89 47 und

1781 2089 51 30 zu
1862 2070 220 58 studiren,
2111 2070 71 47 die
2215 2069 310 65 Empfindung
2555 2068 89 47 und
2676 2068 84 47 den
2793 2068 246 48 Gedanken
3072 2068 40 47 in
3145 2068 147 47 klarer

1783 2149 90 47 und
1905 2148 195 65 präciser
2127 2147 293 64 Tonsprache
2459 2145 391 64 wiederzugeben,
2902 2145 137 49 bildet
3069 2162 100 30 man
3201 2145 90 47 sich

1782 2227 86 54 ein,
1908 2227 43 45 in
1983 2225 68 47 die
2082 2224 155 48 Tiefen
2277 2223 78 48 der
2389 2223 249 47 Harmonie
2679 2239 50 30 zu
2775 2222 206 63 dringen,
3027 2237 130 32 wenn
3189 2238 102 31 man

1783 2303 237 66 frappante
2065 2302 170 47 Effecte
2279 2300 216 49 ausheckt
2539 2299 86 48 und
2672 2300 306 47 musicalische
3010 2298 153 48 Rebus
3198 2299 97 47 aufs

1786 2382 160 63 Papier
1971 2380 165 64 bringt.
2169 2378 257 57 Wahrlich,
2451 2394 45 31 es
2521 2377 205 48 herrscht
2747 2378 98 47 eine
2872 2377 421 63 beklagenswerthe

1787 2459 297 62 Verwirrung
2122 2458 42 46 in
2196 2457 84 47 den
2310 2455 244 49 Ansichten
2588 2454 112 47 über
2729 2455 69 47 die
2830 2454 171 48 Musik:
3044 2453 70 48 die
3145 2453 122 48 Sinfo-

1785 2538 69 47 nie
1886 2537 52 48 ist
1967 2534 253 50 allmählich
2252 2534 81 48 auf
2369 2534 70 46 die
2469 2533 316 64 Opernbühne
2827 2531 220 66 gebracht
3091 2533 202 53 worden,

1787 2614 88 47 und
1908 2613 76 48 das
2016 2611 307 49 musicalische
2356 2611 168 46 Drama
2555 2609 111 47 wird
2699 2627 81 31 von
2812 2609 100 48 dem
2954 2608 339 48 musicalischen

1787 2693 177 47 Roman
1994 2689 254 63 verdrängt.

1903 2770 45 46 In
1981 2768 78 47 der
2088 2766 164 56 Musik,
2293 2765 83 47 wie
2407 2765 39 47 in
2478 2764 79 47 der
2588 2764 246 54 Literatur,
2874 2763 95 63 gibt
3010 2778 45 32 es
3083 2761 106 49 zwei
3220 2778 50 47 ge-

1786 2845 227 56 sonderte,
2044 2844 120 48 nicht
2186 2862 49 29 zu
2260 2841 336 49 vermischende
2623 2843 159 53 Arten,
2812 2840 84 47 den
2924 2839 246 49 Gedanken
3196 2855 75 32 aus-

1785 2923 283 48 zudrücken:
2098 2921 70 47 die
2195 2920 228 50 scenische
2450 2919 248 65 Handlung
2729 2918 88 48 und
2848 2916 80 49 das
2956 2916 319 47 schriftstelleri-

1786 3003 104 47 sche
1923 3000 163 50 Werk.
2122 3001 92 46 Das
2246 3000 135 64 Epos,
2412 2996 79 49 der
2522 2999 195 53 Roman,
2746 2995 70 48 die
2846 2995 187 65 lyrische
3069 2995 226 63 Dichtung

1787 3079 95 48 sind
1914 3080 42 47 in
1987 3079 78 47 der
2096 3078 245 53 Literatur,
2384 3092 91 30 was
2515 3092 42 30 in
2587 3075 79 47 der
2698 3072 143 50 Musik
2873 3072 70 47 die
2972 3072 215 55 Sinfonie,
3218 3071 79 47 das

1788 3158 234 55 Quartett,
2050 3155 70 47 die
2144 3152 366 67 Compositionen
2541 3152 75 46 für
2639 3151 196 47 einzelne
2859 3151 301 46 Instrumente
3185 3147 112 49 sind.

1790 3235 45 46 In
1868 3234 149 47 diesen
2049 3230 338 48 musicalischen
2421 3229 326 62 Erzeugnissen
2793 3227 116 46 kann
2945 3226 89 46 sich
3076 3225 69 47 die
3175 3229 96 59 gött-

1788 3311 113 48 liche
1931 3311 148 47 Kunst
2120 3309 79 47 frei
2239 3307 88 49 und
2366 3306 229 48 strahlend
2635 3323 83 30 von
2751 3304 239 48 Phantasie
3020 3304 41 47 in
3093 3302 78 47 das
3204 3304 61 47 Un-

1788 3389 257 48 bestimmte
2087 3386 260 47 versenken.
2404 3385 69 47 Da
2517 3384 191 47 braucht
2754 3399 102 30 man
2897 3381 121 47 nicht
3061 3380 98 48 edle
3189 3380 111 48 oder

1788 3465 229 49 komische
2049 3464 280 49 Charaktere
2360 3460 168 48 redend
2566 3460 326 54 einzuführen;
2929 3457 129 65 jeder
3088 3457 184 64 subjecti-

1787 3560 80 31 ven
1896 3544 244 61 Erregung
2173 3540 117 47 kann
2323 3555 102 31 man
2458 3539 137 45 freien
2628 3539 119 45 Lauf
2774 3539 157 49 lassen,
2969 3535 70 47 die
3070 3533 118 58 Qual
3221 3532 76 48 des

1790 3621 198 47 Herzens
2018 3620 84 46 wie
2130 3617 121 49 seine
2280 3616 234 64 Seligkeit,
2553 3615 70 47 die
2652 3615 135 48 Ruhe
2816 3613 79 47 der
2925 3612 127 47 Seele
3093 3610 85 48 und
3218 3610 80 47 das

1786 3697 253 65 glückliche
2079 3693 195 51 Lächeln
2319 3693 80 49 der
2436 3692 340 47 Zufriedenheit
2826 3691 83 46 wie
2950 3688 78 47 das
3069 3687 198 48 sturmbe-

1787 3782 161 59 wegte,
2006 3791 81 32 von
2130 3774 213 48 Schmerz
2384 3771 259 53 zerrissene,
2700 3771 40 46 in
2785 3768 115 64 ewig
2943 3765 357 64 unbefriedigter

1785 3852 257 50 Sehnsucht
2069 3847 335 51 schwankende
2434 3847 199 48 Gemüth
2754 3846 105 48 alles
2898 3843 116 49 kann
3055 3842 124 48 darin
3222 3842 56 47 lie-

1786 3947 104 47 gen,
1922 3928 87 50 und
2041 3928 80 49 der
2149 3927 207 48 Zuhörer
2388 3941 105 48 mag
2529 3940 46 32 es
2614 3923 89 49 sich
2735 3923 181 52 deuten,
2961 3921 82 47 wie
3074 3936 48 32 er
3152 3920 148 47 wolle.

1783 4010 73 53 Ja,
1886 4008 80 47 der
1995 4007 207 47 Zuhörer
2233 4005 118 47 kann
2383 4005 78 47 das
2496 4002 145 50 Werk
2672 4002 80 47 auf
2775 4001 122 47 seine
2929 4000 98 54 Art,
3067 3997 111 48 nach
3211 3996 64 48 sei-

1786 4102 80 32 ner
1896 4083 311 67 persönlichen
2239 4082 259 61 Stimmung
2528 4080 111 48 oder
2671 4077 274 65 Erregtheit,
2987 4074 113 49 noch
3133 4073 164 50 einmal

2998 4152 67 50 12
