3505 4442
1622 157 98 49 127

109 293 204 47 Letztere
341 287 54 45 ist
426 284 168 48 freilich
619 287 225 62 geradezu
871 291 333 48 unausstehlich
1229 292 88 47 und
1346 296 123 45 reisst
1492 297 126 47 einen

108 382 108 51 ganz
247 362 91 48 und
368 379 85 47 gar
482 378 79 32 aus
592 363 78 47 der
693 365 260 65 Stimmung
984 368 178 47 heraus.
1195 369 85 47 Die
1308 378 167 41 erstere
1507 373 109 47 wird

108 440 236 69 gemildert
386 439 142 48 durch
572 439 87 50 den
691 443 133 56 Text,
863 444 85 47 den
992 444 69 48 die
1092 447 386 51 Trautwein'sche
1508 451 83 47 Par-

106 519 237 50 titur'hat:
385 518 101 54 „Bis
517 518 100 48 dass
650 520 70 46 Du
754 522 116 47 mich
901 522 183 54 lehrest,
1129 523 266 63 geduldig
1425 545 57 29 zu
1516 528 75 47 lei-

291 595 90 47 und
412 594 143 50 durch
579 597 70 47 die
674 597 568 67 Vortrags-Bezeichnung
1272 603 78 47 mit
1378 602 132 68 ligato
1540 605 78 47 für

99 677 43 64 je
170 673 107 48 zwei
307 673 334 48 Sechszehntel.
672 675 147 49 Allein
847 677 138 48 schön
1017 678 112 47 wird
1159 679 70 47 die
1252 680 137 47 Stelle
1413 683 201 47 dadurch

104 752 110 49 auch
249 752 138 54 nicht,
426 750 92 49 und
547 768 36 31 v.
614 753 83 47 Br.
739 754 76 47 hat
857 754 301 50 vollkommen
1194 758 140 47 Recht
1366 776 145 47 gegen
1543 759 70 48 die

103 828 226 49 wahrhaft
369 829 273 48 lächerliche
687 830 335 66 Verblendung,
1056 833 82 48 der
1178 835 261 55 Fanatiker,
1483 854 130 30 wenn

103 926 45 30 er
176 913 127 57 sagt:

223 984 334 63 „Dergleichen
603 985 348 48 Tonmalereien
995 986 91 49 und
1133 989 97 47 eine
1281 990 206 47 ähnliche
1531 992 56 47 Be-

101 1061 231 64 handlung
363 1061 80 47 der
466 1063 324 63 Singstimmen
823 1064 184 48 werden
1036 1066 178 55 immer,
1244 1083 93 32 was
1362 1068 113 45 auch
1502 1069 84 47 Ger-

99 1141 120 47 vinus
251 1139 98 63 (der
381 1140 274 48 Aehnliches
686 1158 54 30 an
773 1141 175 49 Händel
988 1144 63 47 als
1083 1144 251 48 besondere
1364 1145 223 50 Schönhei-

98 1225 69 41 ten
199 1215 172 66 rühmt)
416 1218 90 47 und
539 1219 177 48 Robert
745 1220 146 47 Franz
933 1219 61 65 (in
1025 1220 147 48 seiner
1202 1221 258 49 Broschüre
1503 1223 115 48 über

96 1295 76 48 das
195 1295 284 65 Magnificat)
508 1313 139 48 sagen
680 1300 182 62 mögen,
894 1298 129 48 mehr
1053 1299 200 48 komisch
1285 1301 62 46 als
1378 1300 212 50 charakte-

96 1374 170 47 ristisch
298 1374 173 48 wirken
513 1375 89 47 und
644 1392 81 31 uns
773 1376 71 47 nie
881 1376 62 47 als
981 1378 322 63 mustergültig
1347 1378 90 47 und
1481 1379 108 47 nach-

98 1451 407 65 ahmungswürdig
536 1453 280 48 erscheinen.
860 1454 105 47 Man
998 1454 122 47 hätte
1152 1454 152 47 besser
1332 1455 185 64 gethan,
1548 1455 70 48 die

96 1529 141 63 Figur
279 1529 83 47 der
405 1530 267 64 Geisselung
716 1530 70 47 bei
828 1530 81 48 der
946 1531 303 64 Aufführung
1293 1534 325 62 wegzulassen,

96 1606 116 48 denn
270 1606 291 65 dergleichen
617 1609 246 66 antiquirte
917 1608 321 57 Curiositäten,
1282 1610 84 47 wie
1408 1611 64 46 sie
1514 1611 105 49 weit

96 1684 129 48 mehr
265 1685 81 47 auf
373 1686 254 65 Rechnung
673 1685 77 50 des
781 1686 258 64 damaligen
1068 1688 442 64 Zeitgeschmackes,
1554 1690 64 47 als

96 1761 80 48 auf
193 1762 108 65 jene
330 1762 77 49 des
437 1764 143 48 hierin
604 1780 84 32 von
721 1765 226 47 letzterem
981 1764 326 49 beherrschten
1331 1766 205 47 Meisters
1566 1784 52 31 zu

94 1849 146 39 setzen
270 1841 116 57 sind,
421 1841 150 50 dürfte
604 1859 104 32 man
746 1842 92 49 sich
877 1859 123 32 zwar
1030 1844 122 47 nicht
1181 1851 117 41 etwa
1328 1844 42 47 in
1403 1845 213 47 falschem

94 1919 461 49 Restaurationseifer
585 1920 238 56 erlauben,
861 1921 42 46 in
934 1920 87 47 den
1050 1921 263 47 Partituren
1343 1939 52 29 zu
1427 1921 168 48 elimini-

94 2013 78 30 ren
213 1996 113 48 oder
360 2014 52 30 zu
454 1997 192 58 ändern,
683 1999 113 47 aber
826 1999 70 47 bei
938 1999 125 47 einer
1092 1997 291 50 öffentlichen
1413 1999 177 48 Auffüh-

92 2090 135 47 rung,
260 2091 70 32 wo
359 2075 64 48 sie
453 2093 86 29 nur
567 2076 185 48 störend
786 2076 171 47 wirken
1004 2075 92 48 und
1135 2076 356 48 unvermeidlich
1524 2095 63 31 mo-

95 2160 184 38 mentan
322 2152 99 47 eine
462 2154 286 63 unpassende
777 2154 263 63 Stimmung
1069 2155 259 54 erwecken,
1374 2155 107 48 darf
1515 2171 104 32 man

92 2245 46 31 es

209 2306 85 47 Die
324 2307 303 49 Theilnahme
663 2309 77 47 des
783 2307 172 49 wiener
983 2307 266 49 Publicums
1291 2309 176 48 scheint
1508 2309 113 49 aber

91 2381 123 48 nicht
255 2383 105 47 sehr
402 2385 327 48 aufmunternd
776 2386 73 47 für
886 2385 71 48 die
995 2387 303 64 Fortsetzung
1336 2386 81 48 der
1445 2387 147 66 Propa-

92 2458 152 65 ganda
270 2461 75 47 für
371 2462 160 47 Bach's
553 2462 150 48 Musik
726 2479 211 48 gewesen
961 2480 52 30 zu
1036 2463 109 49 sein.
1178 2465 93 47 Das
1298 2463 323 50 Weihnachts-

92 2537 270 50 Oratorium
395 2540 188 48 brachte
625 2542 58 47 im
716 2542 184 48 Ganzen
943 2559 87 30 nur
1073 2542 99 47 eine
1213 2549 138 41 matte
1381 2543 239 65 Wirkung

94 2616 81 47 auf
214 2616 80 48 das
325 2617 240 48 Publicum
612 2618 179 59 hervor,
834 2620 210 47 wiewohl
1088 2636 46 31 es
1181 2620 178 64 einigen
1393 2621 226 48 Chorälen

94 2693 90 49 und
218 2695 257 66 Vorträgen
506 2696 82 48 der
616 2697 194 48 Solisten
843 2697 156 48 Beifall
1030 2698 217 65 spendete
1276 2700 172 62 (Fräul.
1474 2700 118 47 Boch-

92 2771 310 49 kolz-Falconi
435 2773 301 56 vortrefflich,
768 2775 122 48 Herr
915 2776 188 53 Panzer,
1140 2776 123 55 Bass,
1295 2785 97 56 gut,
1422 2777 78 47 Alt
1529 2776 91 48 und

94 2851 152 48 Tenor
268 2851 247 66 schwach).
539 2853 87 49 Die
645 2853 152 50 Chöre
815 2852 185 50 werden
1025 2853 172 65 gelobt,
1221 2871 86 31 nur
1328 2855 130 48 mehr
1475 2856 116 47 Ener-

94 2927 70 64 gie
189 2932 122 45 wäre
331 2947 55 30 zu
410 2931 246 48 wünschen
678 2947 230 47 gewesen,
943 2947 122 40 „was
1087 2932 138 47 schon
1251 2931 213 49 kommen
1491 2932 129 56 wird,

94 3005 54 49 da
174 3008 124 47 Herr
324 3008 311 49 Chormeister
664 3010 234 48 Brahms
928 3010 99 48 eine
1055 3015 210 59 grössere
1286 3011 334 63 Lebendigkeit

94 3085 61 47 als
186 3086 69 47 bei
289 3086 214 49 früheren
536 3087 362 65 Aufführungen
1318 3090 154 47 Wenn
1503 3088 113 49 aber

94 3159 70 51 die
193 3163 266 50 Monotonie
482 3163 79 50 des
586 3165 625 49 Weihnachts-Oratoriums
1241 3166 123 62 (man
1390 3166 122 47 hatte
1535 3166 80 47 viel

91 3257 54 31 zu
174 3242 81 47 viel
288 3242 145 50 davon
473 3243 248 65 gegeben!)
764 3261 99 31 zum
909 3243 130 47 Theil
1082 3243 71 49 die
1197 3243 120 49 kalte
1355 3245 261 47 Aufnahme

94 3319 344 65 entschuldigen
470 3321 185 57 konnte,
698 3337 50 33 so
796 3328 168 41 musste
999 3337 104 32 man
1141 3321 92 48 sich
1272 3319 116 49 doch
1428 3321 69 48 bei
1536 3319 80 50 der

94 3405 139 55 guten
265 3399 306 67 Aufführung
617 3399 80 49 der
736 3399 436 50 Johannis-Passion
1204 3398 228 65 (Dirigent
1470 3399 108 47 Her-

95 3473 159 60 beck,
285 3478 262 65 Evangelist
580 3478 255 56 Walter,
876 3478 107 47 Bass
1013 3477 358 65 Meyerhofer
1402 3493 42 32 u.
1473 3493 34 31 s.
1538 3477 76 63 w.)

94 3568 82 49 gar
204 3556 107 48 sehr
341 3556 116 49 über
486 3556 207 50 dasselbe
724 3557 207 48 Resultat
973 3554 118 50 beim
1121 3556 241 48 Publicum
1403 3571 179 32 verwun-

94 3628 125 52 dern.
339 3634 124 56 Nun,
503 3636 81 47 wir
621 3634 202 49 denken:
863 3636 93 45 Das
987 3633 111 47 wird
1130 3633 116 48 auch
1285 3632 137 48 schon
1461 3632 154 48 besser

96 3707 235 52 kommen!

208 3789 305 65 Vergleichen
545 3791 81 48 wir
665 3807 92 31 nun
797 3788 112 50 aber
945 3788 71 48 die
1049 3788 491 48 Charwochen-Musik
1571 3787 43 48 in

94 3864 315 52 Deutschland
465 3868 81 48 mit
600 3867 87 49 den
1390 3866 210 52 Concerts
1279 3866 43 47 in
1376 3864 238 49 derselben

96 3942 183 52 Woche
310 3947 42 47 in
385 3947 143 54 Paris,
571 3947 87 48 wie
694 3946 64 48 sie
796 3944 119 51 oben
946 3944 42 49 in
1018 3943 104 48 dem
1153 3943 171 66 pariser
1357 3943 148 48 Briefe
1534 3958 52 49 ge-

91 4021 215 50 schildert
336 4024 203 56 werden,
579 4041 48 32 so
673 4024 119 50 kann
824 4023 79 50 das
933 4023 69 48 ein
1032 4038 112 49 ganz
1176 4021 310 48 bedeutendes
1516 4021 66 46 Mo-

94 4108 123 42 ment
258 4120 80 30 zur
383 4102 333 66 Beurtheilung
759 4102 81 49 der
891 4099 342 51 musicalischen
1276 4097 339 67 Bildungsstufe

1721 298 153 48 beider
1898 301 221 48 Nationen
2143 303 223 62 abgeben.
2397 307 285 48 Ouvertüren
2712 327 96 31 zum
2847 312 255 47 Freischütz
3128 313 90 49 und

1717 376 197 48 vollends
1943 395 49 29 zu
2024 379 166 65 Zampa
2222 382 40 46 in
2291 398 48 31 so
2368 392 256 53 genannten
2655 387 257 61 geistlichen
2945 388 275 50 Concerten!

1718 453 99 47 Und
1862 453 41 47 in
1947 454 148 64 Bezug
2132 458 72 46 aul
2246 459 120 46 Bach
2410 461 97 45 sind
2546 461 70 47 die
2657 463 250 48 Franzosen
2947 466 112 47 noch
3100 467 120 48 nicht

1718 531 102 47 weit
1867 531 114 47 über
2030 533 98 46 Gou
2166 534 93 49 od's
2304 537 307 65 Bearbeitung
2650 539 76 47 des
2766 541 255 49 bekannten
3062 545 130 47 Prälu-

1715 605 147 49 diums
1912 608 451 65 hinausgekommen,
2414 613 77 47 das
2533 613 116 48 denn
2700 617 113 46 auch
2864 618 41 46 in
2954 618 80 48 der
3077 621 114 48 Char-

1717 685 156 46 woche
1919 685 230 49 mehrfach
2194 705 230 47 gesungen
2470 691 108 47 oder
2621 692 79 47 auf
2739 693 191 57 Violine,
2975 696 244 49 Violoncell

1715 762 110 47 oder
1870 763 319 58 Harmonium,
2231 767 219 47 vielleicht
2491 769 113 46 auch
2650 771 80 45 auf
2768 771 101 48 dem
2899 772 207 66 Serpent,
3146 792 50 47 ge-

1715 838 130 63 spielt
1876 840 184 49 worden
2090 843 65 47 ist.

2062 1073 48 54 L.
2152 1073 52 54 A.
2246 1074 54 53 B.
2345 1074 450 59 Schindelmeisser
2833 1083 45 64 †.

1820 1188 71 34 Am
1920 1187 60 38 29.
2011 1191 104 34 März
2144 1191 261 47 Nachmittags
2433 1194 48 33 ist
2511 1193 62 35 der
2594 1195 348 47 grossherzogliche
2973 1195 227 49 Hof-Capell-

1719 1256 150 33 meister
1898 1256 444 38 Schindelmeisser
2377 1263 36 30 in
2444 1262 138 32 Darm
2593 1263 130 33 Stadt
2759 1264 210 44 gestorben.

1819 1325 150 35 Louis
2005 1327 278 34 Alexander
2317 1328 254 35 Balthasar
2608 1331 459 38 Schindelmeisser,
3109 1334 92 45 gebo-

1717 1404 65 22 ren
1812 1394 70 34 den
1912 1393 33 37 8.
1976 1396 211 34 December
2217 1394 92 38 1811
2333 1398 37 32 in
2392 1399 240 46 Königsberg
2662 1400 37 33 in
2719 1400 197 45 Preussen,
2945 1403 147 34 machte
3121 1405 101 34 seine

1718 1461 292 37 musicalischen
2030 1464 153 34 Studien
2215 1477 73 22 von
2320 1462 97 39 1829
2446 1466 56 34 bis
2533 1465 92 39 1831
2658 1468 61 34 bei
2749 1470 107 33 Marx
2885 1470 74 34 und
2989 1472 165 34 Gährich
3184 1475 37 32 in

1717 1531 126 35 Berlin
1873 1532 76 34 und
1976 1534 91 44 ging
2096 1534 97 33 dann
2223 1534 96 34 nach
2349 1534 248 46 Oesterreich,
2641 1550 55 22 wo
2726 1550 39 22 er
2793 1539 175 34 vierzehn
2999 1540 117 34 Jahre
3146 1541 60 35 hin-

1718 1601 119 35 durch
1865 1613 45 22 an
1938 1604 293 33 verschiedenen
2262 1605 188 34 Theatern
2479 1606 59 34 die
2567 1607 114 34 Stelle
2712 1607 54 35 als
2796 1608 320 48 Opern-Dirigent
3144 1622 61 22 ver-

1720 1672 77 42 sah,
1827 1672 141 34 zuletzt
1994 1683 75 23 von
2098 1671 95 37 1837
2216 1673 56 35 bis
2297 1672 94 38 1847
2421 1675 39 33 in
2488 1676 123 34 Pesth.
2643 1677 77 33 Der
2749 1677 280 35 Theaterbrand
3057 1679 37 33 in
3123 1678 89 35 letzt-

1717 1748 209 40 genannter
1954 1743 106 34 Stadt
2103 1755 75 21 war
2213 1743 78 34 ihm
2319 1744 294 47 Veranlassung,
2656 1746 96 34 nach
2784 1747 257 35 Deutschland
3070 1748 136 35 zurück-

1719 1811 204 45 zukehren,
1952 1824 57 22 wo
2039 1825 38 22 er
2105 1813 182 34 zunächst
2313 1814 39 33 in
2380 1814 196 46 Hamburg
2615 1816 59 31 ein
2702 1815 95 34 Jahr
2827 1815 87 46 lang
2944 1816 57 35 die
3031 1817 99 46 Oper
3159 1818 50 34 lei-

1718 1884 89 45 tete,
1836 1883 110 43 dann,
1982 1894 47 22 an
2058 1882 137 35 Guhr's
2223 1882 115 35 Stelle
2367 1883 96 34 nach
2491 1884 205 34 Frankfurt
2725 1896 59 22 am
2814 1886 101 33 Main
2943 1886 167 41 berufen,
3143 1887 78 34 hier

1719 1951 77 34 drei
1823 1952 118 35 Jahre
1969 1952 181 44 verblieb,
2180 1953 191 34 weiterhin
2399 1953 38 33 in
2459 1953 228 34 Wiesbaden
2716 1953 58 34 die
2794 1954 160 45 Leitung
2983 1955 63 33 der
3070 1954 152 46 Capelle

1719 2021 64 33 des
1811 2021 182 33 Theaters
2020 2020 221 44 übernahm,
2283 2032 55 23 wo
2378 2034 39 20 er
2446 2020 197 47 Wagner's
2998 2023 75 33 und
3101 2027 125 42 später

1718 2089 97 34 auch
1844 2090 131 34 dessen
2300 2101 84 23 zum
2414 2096 122 28 ersten
2564 2091 100 33 Male
2704 2103 59 22 am
2792 2091 141 35 Rheine
2970 2103 64 23 zur
3062 2092 135 34 Auffüh-

1719 2171 95 34 rung
1841 2159 167 45 brachte,
2037 2159 77 35 und
2142 2161 48 32 im
2220 2159 117 35 Jahre
2361 2157 94 38 1853
2481 2161 38 33 in
2541 2161 214 34 Darmstadt
2782 2161 250 46 provisorisch
3054 2161 53 34 als
3132 2162 92 34 Hof-

1720 2228 285 46 Capellmeister
2033 2228 200 46 angestellt
2262 2228 137 34 wurde.
2429 2229 134 34 Dieser
2589 2230 302 45 provisorischen
2912 2230 171 45 Stellung
3111 2230 116 46 folgte

1722 2294 99 39 1858
1850 2297 59 34 die
1936 2297 233 45 Ernennung
2197 2298 68 32 auf
2298 2296 221 47 lebenslang
2559 2309 86 22 zum
2685 2303 121 29 ersten
2849 2298 381 47 Hof-Capellmeister

1720 2366 77 34 und
1825 2366 87 35 bald
1942 2366 134 34 darauf
2101 2366 58 33 die
2187 2366 230 47 Verleihung
2447 2367 63 34 der
2536 2367 187 46 goldenen
2753 2369 391 35 Verdienst-Medaille
3172 2371 58 34 für

1722 2435 275 34 Wissenschaft
2025 2434 75 34 und
2128 2435 145 42 Kunst;
2304 2456 45 5 —
2381 2437 83 33 eine
2504 2436 148 46 gleiche
2691 2438 293 45 Auszeichnung
3031 2449 75 22 war
3146 2438 76 34 ihm

1721 2505 116 34 schon
1865 2505 127 34 früher
2020 2504 116 34 durch
2166 2504 229 47 Verleihung
2424 2506 63 34 der
2516 2506 492 35 Sachsen-Ernestinischen
3036 2507 188 46 goldenen

1720 2573 393 36 Verdienst-Medaille
2152 2585 75 22 von
2256 2574 125 34 Seiten
2425 2575 63 33 des
2518 2576 169 45 Herzogs
2731 2587 73 23 von
2833 2576 297 46 Coburg-Gotha
3177 2587 45 22 zu

1719 2643 109 34 Theil
1868 2642 212 47 geworden.
2112 2662 43 4 —
2187 2642 365 35 Schindelmeisser's
2594 2645 38 32 in
2676 2644 236 35 Oesterreich
2954 2644 269 47 geschriebene

1718 2712 76 33 und
1823 2713 68 32 auf
1916 2712 168 45 dortigen
2112 2710 157 34 Bühnen
2300 2711 237 45 aufgeführte
2567 2712 124 46 Opern
2717 2713 101 34 sind:
3128 2714 94 33 ..Die

1718 2782 95 34 zehn
1853 2780 240 47 glücklichen
2335 2780 95 45 „Die
2848 2783 132 33 ..Peter

1980 2852 73 34 und
2082 2851 149 35 endlich
2276 2852 100 45 „Der
2639 2853 176 35 Letztere
2844 2853 99 47 Oper
2971 2854 126 34 wurde
3127 2854 95 34 auch

1715 2925 39 32 in
1782 2923 205 35 Frankfurt
2009 2934 58 22 am
2087 2923 116 45 Main,
2232 2921 227 43 Mannheim,
2492 2923 238 43 Wiesbaden,
2761 2924 124 33 Mainz
2908 2924 75 33 und
3008 2923 217 36 Darmstadt

1715 2997 68 32 mit
1809 2993 139 36 Beifall
1975 2994 75 34 und
2079 2994 66 32 mit
2173 2991 284 47 Anerkennung
2490 2993 60 34 für
2586 2994 64 33 das
2680 2993 134 35 Talent
2842 2994 75 33 und
2946 2993 59 35 die
3036 2994 189 45 Richtung

1715 3065 65 34 des
1809 3063 270 46 Componisten
2108 3061 227 46 aufgeführt.
2391 3060 109 35 Seine
2530 3061 109 34 letzte
2669 3062 120 46 Oper:
3099 3062 125 35 wurde

1714 3133 125 28 zuerst
1867 3138 58 22 am
1954 3123 59 38 29.
2038 3124 208 34 December
2277 3119 93 39 1861
2402 3124 37 32 in
2471 3124 217 33 Darmstadt
2714 3124 181 46 gegeben.
2926 3125 81 33 Von
3028 3124 193 45 sonstigen

1712 3197 50 33 im
1792 3196 104 34 Stich
1926 3195 268 34 erschienenen
2225 3192 308 46 Compositionen
2577 3192 367 36 Schindelmeisser's
2982 3193 82 34 sind
3093 3204 46 23 zu
3169 3204 36 23 er-

1712 3265 179 34 wähnen:
1921 3264 58 34 die
2008 3262 336 36 Clavier-Sonaten
2374 3262 68 45 Op.
2477 3260 30 46 7,
2551 3262 69 47 Op.
2653 3260 45 37 14
2728 3264 75 33 und
2832 3263 68 46 Op.
2930 3262 59 43 4<>,
3036 3262 96 34 dann
3163 3262 58 35 die

1714 3335 235 35 Ouvertüren
1994 3332 255 46 „Mondnacht
2276 3331 67 34 auf
2366 3331 138 34 stillem
2535 3331 151 34 Wasser
2691 3335 7 12 1
2701 3340 22 36 ',
2769 3330 147 47 „Ueber
2944 3330 179 35 Silcher's
3151 3331 48 33 Lo-

1933 3403 76 34 und
2038 3414 46 22 zu
2114 3400 219 36 Gutzkow's
2357 3401 126 46 „Uriel
2712 3400 68 34 Als
2798 3401 174 45 Dirigent
2994 3411 75 23 war
3089 3399 110 35 Schin-

1712 3475 216 36 delmeisser
1952 3486 97 35 ganz
2077 3473 232 46 vorzüglich.
2347 3473 110 34 Auch
2486 3472 183 35 verdankt
2697 3472 77 33 ihm
2805 3471 215 34 Darmstadt
3049 3471 57 34 die
3138 3471 63 34 Ein-

1710 3548 177 45 richtung
1916 3546 62 35 der
2006 3545 418 36 Orchester-Concerte.

2003 3760 179 70 Tages-
2226 3758 97 54 und
2352 3758 576 72 Unterhaltungs-Blatt.

1814 3867 174 37 Kolli*
2043 3867 75 34 Der
2146 3865 316 46 Dinstag-Abend
2491 3863 77 48 (12.
2598 3863 105 48 April
2749 3863 192 35 beschloss
2972 3862 57 35 die
3076 3861 145 35 sechs

1712 3931 197 35 Soireen
1947 3930 73 33 für
2057 3926 379 37 Kammermusik
2468 3925 119 36 dieses
2619 3926 174 33 Winters.
2848 3924 77 34 Für
2953 3923 58 33 die
3040 3922 181 34 treffliche

1712 3992 247 45 Ausführung
2003 3990 101 34 einer
2142 3988 167 35 schönen
2353 3988 117 33 Reihe
2511 3998 74 22 von
2624 3984 308 47 Compositionen
2970 3983 136 34 älterer
3146 3982 75 34 und

1711 4063 159 23 neuerer
1897 4052 156 33 Meister
2079 4049 83 34 sind
2191 4049 66 32 wir
2288 4047 71 35 den
2389 4047 108 35 dabei
2526 4046 241 45 betheiligten
2789 4044 217 42 Künstlern,
3038 4042 68 35 den
3137 4043 63 33 Pia-

1711 4116 135 39 nisten,
1886 4112 70 34 den
1991 4111 146 34 Herren
2176 4110 41 35 F.
2260 4108 178 45 Heller,
2485 4108 41 35 F.
2568 4108 278 43 Breunung,
2893 4104 158 35 Isidor
3092 4103 128 34 Seiss
