3505 4442
1636 173 99 51 125

125 315 87 38 ton
244 299 360 50 Rubinstein.
634 302 212 50 Madame
870 305 262 49 Offermans
1156 322 81 31 van
1265 308 125 49 Hove
1420 310 88 63 (die
1532 329 100 31 man

124 383 40 47 in
195 379 84 47 den
312 378 251 47 Concerten
595 378 145 48 dieser
770 382 293 50 Gesellschaft
1095 385 83 47 fast
1203 401 51 31 zu
1288 386 153 65 häufig
1470 388 40 47 in
1543 392 58 45 An-

124 454 161 69 spruch
317 453 195 64 nimmt),
557 456 119 47 Herr
704 458 249 48 Schneider
994 461 88 45 und
1117 462 119 46 Herr
1267 462 119 47 Behr
1415 481 80 31 von
1528 467 80 47 Bre-

125 551 99 33 men
256 532 184 47 werden
470 532 71 47 die
569 534 91 47 Soli
690 536 173 63 singen.
920 537 72 48 Ich
1039 538 179 48 behalte
1263 541 82 45 mir
1386 543 127 47 einen
1559 543 50 49 be-

122 611 221 50 sonderen
378 611 175 47 Artikel
585 611 200 49 darüber
817 630 90 31 vor.

239 687 84 47 Die
350 688 645 67 Kammermusik-Sitzungen
1019 692 76 48 des
1121 694 148 47 Herrn
1305 697 172 47 Franz
1509 697 95 48 Coe-

122 782 98 33 nen
266 763 90 48 und
389 764 231 49 Genossen
666 769 297 46 versammeln
1002 778 107 40 stets
1145 769 70 49 die
1248 773 208 47 Freunde
1494 774 145 49 dieser

124 842 125 51 edeln
295 842 348 64 Musikgattung
686 844 106 47 sehr
834 846 238 50 zahlreich.
1131 849 91 47 Das
1250 851 385 66 Zusammenspiel

122 923 52 46 ist
209 919 165 65 jedoch
417 920 123 47 nicht
574 938 49 31 so
663 923 322 56 vollkommen,
1030 927 84 47 wie
1157 943 105 32 man
1302 945 46 30 es
1378 946 82 30 von
1491 931 144 47 einem

124 997 193 48 Vereine
346 1007 227 38 erwarten
604 999 144 56 sollte,
780 1017 55 30 an
867 1000 156 50 dessen
1055 1003 146 65 Spitze
1231 1004 69 47 ein
1331 1022 47 31 so
1410 1007 200 62 geschätz-

122 1086 65 38 ter
232 1074 88 48 und
364 1092 49 30 so
455 1077 437 49 schätzenswerther
934 1080 216 49 Künstler
1192 1083 133 55 steht,
1368 1084 84 47 wie
1498 1086 141 47 Franz

124 1153 203 56 Coenen;
371 1169 49 31 er
447 1153 56 47 ist
531 1154 69 47 ein
630 1173 51 29 zu
714 1164 133 55 guter
877 1158 217 56 Musiker,
1124 1176 75 30 um
1231 1160 122 46 nicht
1380 1177 52 30 zu
1463 1162 177 57 wissen,

121 1232 98 48 dass
249 1230 71 49 die
351 1230 366 59 Quarteltmusik
755 1234 115 48 auch
901 1235 42 47 in
974 1235 87 49 den
1093 1237 198 48 anderen
1325 1238 207 48 Partieen
1563 1257 51 30 ne-

122 1309 84 48 ben
238 1308 81 47 der
348 1318 148 39 ersten
530 1310 175 49 Violine
737 1312 130 48 keine
896 1314 410 65 Mittelmässigkeit
1333 1321 212 52 verträgt.

235 1387 97 47 Der
370 1387 229 49 treffliche
643 1389 204 48 Violinist
891 1394 217 61 August
1151 1392 238 64 Kömpel
1432 1393 77 48 hat
1549 1394 91 47 sich

119 1464 144 64 einige
296 1464 211 48 Wochen
552 1467 105 63 lang
698 1468 40 46 in
784 1469 246 47 Dortrecht
1071 1469 272 64 vergraben,
1386 1472 118 47 ohne
1547 1472 96 47 sein

120 1540 188 50 schönes
339 1543 162 48 Talent
530 1544 41 47 in
604 1543 199 49 anderen
834 1545 186 49 Städten
1055 1547 283 48 bewundern
1380 1566 52 30 zu
1463 1549 174 56 lassen;

119 1637 47 31 er
207 1620 80 48 hat
324 1620 113 48 aber
482 1623 320 65 versprochen,
850 1625 58 47 im
954 1624 214 50 nächsten
1195 1627 144 48 Jahre
1378 1627 171 48 wieder
1589 1646 54 30 zu

120 1698 227 48 kommen.

1385 1707 56 47 H.
1477 1705 49 47 E.

235 1854 108 47 Man
376 1853 224 49 berichtet
628 1872 81 31 aus
737 1858 136 47 Zwo
892 1858 39 47 11
972 1858 43 47 in
1048 1858 198 48 Holland
1278 1859 116 48 über
1423 1859 70 47 ein
1524 1859 90 48 Con-

117 1938 111 49 cert,
272 1930 79 50 das
394 1949 71 32 am
501 1933 46 48 5.
586 1934 127 65 April
759 1935 80 47 mit
884 1935 85 48 den
1014 1936 278 65 vereinigten
1338 1936 279 65 Gesangkräf-

113 2015 77 41 ten
219 2008 82 49 der
331 2009 132 49 Stadt
493 2010 90 48 und
615 2013 297 47 verstärktem
944 2013 251 48 Orchester
1225 2014 208 65 gegeben
1457 2014 188 49 worden

116 2085 91 48 und
238 2085 43 50 in
304 2086 133 66 jeder
468 2089 208 48 Hinsicht
718 2105 85 32 von
842 2090 129 48 recht
1011 2099 157 57 gutem
1203 2093 184 64 Erfolge
1432 2091 216 66 begleitet

115 2182 226 47 gewesen.
399 2166 288 65 Aufgeführt
717 2168 189 48 wurden
938 2169 71 48 die
1328 2188 82 30 von
1443 2170 169 48 Ferdi-

115 2241 147 47 nand
308 2243 189 48 Hiller
541 2243 93 48 und
672 2244 82 47 der
784 2245 86 48 42.
903 2246 149 49 Psalm
1095 2264 84 32 von
1222 2248 423 55 Mendelssohn;

113 2317 263 49 ausserdem
423 2319 70 48 die
524 2320 264 50 Ouvertüre
830 2340 78 30 zur
936 2324 298 49 Zauberflöte
1272 2325 92 48 und
1394 2325 80 48 das
1504 2328 144 47 Duett

115 2395 78 47 für
223 2396 177 65 Sopran
432 2397 90 49 und
549 2400 154 47 Tenor
731 2417 81 31 aus
836 2400 199 67 Haydn's
1494 2404 154 49 Ueber

115 2471 86 50 den
225 2474 233 49 Eindruck
483 2475 81 49 der
586 2477 179 49 Lorelei
797 2477 200 50 schreibt
1027 2497 121 41 man,
1178 2480 103 50 dass
1311 2481 121 49 wohl
1465 2483 71 47 nie
1566 2481 80 50 das

115 2550 302 65 Ergreifende
447 2552 146 49 dieser
620 2555 201 48 schönen
854 2556 259 65 Rheinsage
1155 2559 260 48 erhabener
1446 2560 89 47 und
1566 2559 80 48 das

117 2629 198 48 Gemüth
346 2648 51 29 zu
431 2631 145 48 höher
604 2641 278 57 gespannter
903 2635 303 49 Theilnahme
1230 2638 287 63 anregender
1541 2638 78 48 dar-

115 2707 179 64 gestellt
322 2707 186 50 werden
540 2709 165 57 könne,
736 2712 63 47 als
830 2711 143 48 durch
1004 2712 120 50 diese
1155 2715 461 50 romantisch-drama-

117 2784 140 48 tische
290 2786 146 47 Musik
469 2787 194 49 Hiller's.
723 2790 84 47 Die
837 2791 151 47 Partie
1030 2790 82 49 der
1151 2792 178 49 Lorelei
1369 2810 113 47 sang
1522 2794 123 48 Frau

116 2862 264 50 Offermans
412 2866 79 47 mit
521 2867 489 50 ausserordentlichem
1046 2870 209 58 Beifalle;
1287 2872 122 47 Herr
1441 2871 204 50 Göbbels

119 2956 82 32 von
246 2942 187 49 Aachen
478 2951 122 57 trug,
652 2945 184 49 obwohl
881 2955 140 41 etwas
1063 2950 209 56 erkältet,
1315 2950 207 48 dennoch
1566 2950 78 48 das

112 3019 107 48 Lied
249 3019 79 49 des
350 3020 175 66 jungen
560 3024 205 47 Fischers
811 3025 91 47 und
940 3025 71 48 die
1043 3026 193 65 übrigen
1268 3029 272 47 Tenor-Soli
1573 3045 54 32 an

112 3095 102 49 dem
239 3097 193 50 Abende
463 3107 81 56 gut
572 3116 93 32 vor.
699 3101 84 48 Die
813 3102 229 49 Präcision
1074 3104 80 48 der
1185 3105 151 48 Chöre
1366 3114 160 56 zeugte
1556 3123 84 30 von

115 3173 386 53 lobenswerthem
534 3179 126 47 Eifer
690 3180 91 47 und
814 3181 153 47 Fleiss.

668 3431 99 54 Aus
812 3432 269 72 Stuttgart.

1032 3568 102 34 Den
1175 3566 34 39 7.
1247 3567 138 47 April
1424 3565 111 40 1864.

228 3649 160 48 Durch
419 3648 87 51 den
532 3650 165 49 Verein
730 3652 77 47 für
836 3652 236 48 classische
1097 3652 351 49 Kirchenmusik
1480 3654 158 48 wurde

113 3733 131 40 unter
277 3728 226 48 Faisst's
532 3729 197 65 Leitung
770 3746 73 31 am
877 3729 317 66 Charfreitage
1233 3729 72 50 die
1334 3730 303 50 Bach'sche

109 3804 451 51 Passionsmusik
583 3824 100 32 zum
703 3808 299 65 Evangelium
1019 3809 221 48 Johannis
1264 3809 42 48 in
1332 3810 159 47 höchst
1515 3814 91 43 wür-

111 3879 128 66 diger
273 3883 159 48 Weise
461 3885 285 65 aufgeführt.
779 3886 131 47 Kann
940 3886 62 47 sie
1030 3885 92 48 sich
1155 3886 114 47 auch
1302 3903 55 30 an
1388 3886 126 49 Tiefe
1546 3886 90 50 und

111 3959 316 51 Erhabenheit
459 3964 80 47 mit
568 3964 80 48 der
677 3980 186 49 grossen
896 3965 440 48 Matthäus-Passion
1367 3965 122 47 nicht
1519 3983 86 30 mes-

109 4052 94 43 sen,
234 4054 48 32 so
315 4040 203 48 entfaltet
548 4040 81 50 der
658 4043 182 48 Meister
871 4041 113 50 doch
1016 4043 116 47 auch
1165 4041 94 49 hier
1283 4059 171 46 grosse,
1480 4043 125 63 eigen-

108 4113 250 53 tümliche
400 4118 327 58 Schönheiten,
776 4137 48 33 so
878 4119 273 51 namentlich
1200 4120 59 47 im
1310 4120 321 48 Schlusschor:

1742 318 153 55 „Ruht
1923 320 136 54 wohl,
2088 320 69 47 ihr
2187 321 191 65 heiligen
2689 329 91 47 Der
2805 329 121 49 Chor
2949 330 77 48 des
3052 331 183 48 Vereins

1731 411 96 32 war
1856 396 141 47 durch
2031 396 337 66 bereitwilligen
2403 401 172 47 Beitritt
2604 419 81 32 von
2712 406 283 64 Mitgliedern
3027 407 75 47 des
3132 409 76 48 Lie-

1733 472 285 57 derkranzes,
2073 475 249 64 Zöglingen
2377 477 78 47 der
2504 480 303 51 Musikschule
2863 484 90 48 und
3008 485 228 65 sonstigen

1734 550 188 48 Kräften
1952 552 218 47 verstärkt
2210 552 89 48 und
2328 570 111 48 sang
2469 557 291 50 vortrefflich.
2819 561 82 48 Die
2943 562 108 56 Soli,
3094 562 144 49 durch

1734 625 70 49 die
1848 627 210 48 Fräulein
2101 630 314 48 Trüschler
2459 632 88 47 und
2591 635 343 57 Marschalk,
2991 640 148 47 Herrn
3184 644 52 44 A.

1731 705 171 63 Jäger
1950 705 42 47 in
2036 705 79 48 der
2159 707 295 65 schwierigen
2498 711 129 47 Rolle
2670 712 76 48 des
2791 715 311 63 Evangelisten
3147 717 89 47 und

1735 781 153 47 Herrn
1912 782 244 66 Schütky
2186 792 240 50 vertreten,
2450 786 69 47 die
2538 787 542 69 Orchester-Begleitung
3097 793 143 47 durch

1735 857 70 48 die
1829 858 40 47 k.
1895 860 280 64 Hofcapelle,
2200 860 70 48 die
2291 862 439 66 Orgel-Begleitung
2755 866 141 48 durch
2923 870 147 47 Herrn
3100 870 140 57 Tod,

1736 951 154 32 waren
1919 936 291 64 insgesammt
2239 938 41 47 in
2312 938 84 49 den
2422 940 153 48 besten
2603 942 205 58 Händen,
2835 945 89 47 und
2947 945 79 48 das
3048 947 166 47 andäch-

1735 1012 92 63 tige
1856 1012 307 60 Auditorium,
2206 1014 192 49 welches
2438 1016 69 49 die
2551 1017 282 51 Stiftskirche
2873 1021 42 48 in
2958 1023 115 47 allen
3116 1023 125 49 ihren

1739 1092 205 46 Räumen
1977 1092 143 58 füllte,
2159 1093 201 50 lauschte
2401 1093 42 48 in
2483 1096 127 47 tieler
2639 1097 227 66 Rührung
2896 1100 145 48 dieser
3071 1102 137 47 weihe-

1736 1167 144 47 vollen
1909 1168 301 65 Aufführung
2241 1169 76 47 des
2345 1187 183 47 grossen
2563 1173 210 48 Werkes.

1852 1246 234 47 Nachdem
2129 1248 57 45 im
2229 1248 591 65 Palmsonntags-Concerte
2858 1253 79 47 das
2976 1256 264 48 Oratorium

2053 1323 265 48 wiederholt
2349 1326 200 55 worden,
2575 1328 184 47 brachte
2787 1329 77 47 das
2887 1331 356 49 Oster-Concert

1739 1397 71 48 die
2289 1402 166 48 Beiden
2482 1404 250 49 Concerten
2764 1407 84 47 lieh
2873 1407 78 48 der
2976 1408 161 47 Verein
3169 1411 75 45 für

1740 1477 348 48 Kirchenmusik
2119 1479 119 47 seine
2270 1479 307 68 bereitwillige
2610 1483 306 66 Mitwirkung.
2948 1487 75 46 Als
3052 1487 189 47 Solisten

1742 1554 158 47 hörten
1933 1555 80 47 wir
2044 1555 70 47 die
2145 1557 176 47 Damen
2355 1558 316 50 Bennewitz
2703 1561 88 47 und
2824 1563 330 55 Trüschler,
3177 1564 70 47 die

1744 1633 177 46 Herren
1952 1635 54 46 A.
2035 1635 194 63 Jäger,
2264 1635 411 50 Wallenreiter
2714 1639 89 47 und
2834 1639 269 66 Schütky.
3163 1642 78 47 Mit

1742 1708 101 48 dem
1874 1710 226 63 gestrigen
2129 1712 166 47 schloss
2326 1713 68 47 die
2425 1713 142 49 Reihe
2596 1715 79 47 der
2703 1717 298 65 diesjährigen
3027 1719 184 47 Abonne-

1744 1788 417 56 ments-Concerte;
2204 1790 68 47 ein
2317 1790 248 50 Rückblick
2610 1794 80 46 auf
2726 1794 226 48 dieselben
2991 1795 142 49 liefert
3174 1798 70 46 ein

1744 1865 273 49 rühmliches
2046 1868 216 62 Zeugniss
2307 1868 73 47 für
2425 1868 84 48 den
2553 1872 253 63 gewählten
2838 1873 278 47 Geschmack
3158 1873 90 47 und

1744 1942 78 48 das
1851 1942 249 64 gediegene
2130 1944 210 55 Streben,
2384 1962 48 32 so
2464 1947 84 47 wie
2579 1948 73 46 für
2683 1948 68 47 die
2783 1949 140 47 Pietät
2952 1949 80 47 der
3062 1950 160 47 Mitwir-

1745 2019 195 56 kenden,
1970 2020 147 47 indem
2149 2023 170 47 sowohl
2352 2023 75 47 für
2452 2024 255 48 Beethoven
2739 2025 82 47 wie
2853 2027 75 45 für
2952 2027 171 48 Mozart
3153 2028 96 47 eine

1747 2098 406 49 Gedächtnissfeier
2182 2102 286 47 veranstaltet
2492 2102 140 49 ward.
2665 2103 96 48 Von
2789 2108 235 60 grösseren
3050 2105 171 64 Gesang-

1745 2176 185 47 werken
1961 2176 102 49 kam
2088 2176 146 49 neben
2269 2176 157 50 beiden
2450 2179 164 64 obigen
2637 2180 242 49 Oratorien
2904 2183 111 47 noch
3043 2183 205 48 Mozart's

1748 2254 237 65 Requiem,
2016 2254 68 47 die
2111 2255 307 48 Introduction
2443 2274 52 29 zu
2521 2258 158 47 Cortez
2704 2258 88 48 und
2817 2259 261 47 Schubert's
3103 2260 145 47 Chor:

1756 2331 210 64 „Gesang
1989 2330 80 48 der
2093 2331 174 49 Geister
2290 2333 115 47 über
2427 2333 85 48 den
2838 2353 77 29 zur
2939 2337 310 63 Aufführung.

1745 2409 211 48 Kleinere
1987 2410 445 62 Gesangsnummern
2476 2411 129 49 fielen
2650 2429 78 31 aus
2766 2430 98 31 zum
2901 2414 234 48 Bedauern
3164 2417 64 45 sol-

1744 2486 123 55 cher,
1899 2486 169 49 welche
2097 2488 122 47 nicht
2250 2488 251 56 bedenken,
2543 2490 99 47 dass
2671 2489 80 48 der
2773 2490 162 62 jetzige
2960 2490 285 48 Concertsaal

1744 2582 86 30 nur
1855 2565 75 47 für
1952 2565 392 65 Massenwirkung
2368 2568 207 63 geeignet
2600 2569 64 46 ist.
2698 2568 95 48 Von
2825 2569 286 47 Ouvertüren
3144 2570 78 47 hör-

1745 2651 73 39 ten
1848 2644 82 47 wir
1957 2643 70 48 die
2055 2660 51 31 zu
2134 2644 199 65 Vampyr
2360 2644 379 66 (Lindpaintner),
2769 2646 91 47 Das
2886 2645 150 48 Leben
3064 2648 73 44 für
3160 2646 85 47 den

1747 2721 139 49 Czaar
1909 2720 217 65 (Glinka),
2156 2720 71 48 die
2257 2723 89 45 vier
2371 2721 484 50 Fidelio-Ouverturen
2887 2724 39 46 in
2960 2724 119 47 ihrer
3111 2724 111 48 histo-

1745 2799 173 47 rischen
1951 2799 155 63 Folge,
2148 2798 70 48 die
2256 2817 51 29 zu
2351 2799 159 48 Cortez
2553 2799 258 66 (Spontini),
2853 2800 204 48 Manfred

1745 2876 171 65 mann),
1957 2878 98 47 eine
2097 2876 113 49 noch
2255 2876 119 47 nicht
2413 2879 190 62 gehörte
2648 2879 294 47 Beethoven's
2984 2879 40 47 in
3161 2880 82 47 Die

1743 2955 143 47 Reihe
1903 2955 80 47 der
1999 2954 257 48 Sinfonieen
2280 2954 217 48 eröffnete
2518 2956 289 47 Beethoven's
2831 2964 188 46 neunte;
3046 2956 67 47 ihr
3139 2955 88 64 folg-

1742 3041 72 40 ten
1838 3032 70 49 die
2135 3030 54 62 Eroica,
2190 3032 76 47 die
2267 3032 82 49 VIII.
2373 3034 39 45 in
2440 3031 60 62 F,
2520 3034 118 47 dann
2662 3050 83 32 von
2772 3034 170 47 Mozart
2965 3034 69 47 die

1743 3128 82 30 von
1851 3110 316 48 Mendelssohn
2196 3110 70 47 die
2853 3110 189 60 A-moll,
2510 3111 70 47 die
2777 3128 80 30 von
2882 3111 240 55 Schubert,
3145 3114 98 45 eine

1743 3205 82 31 von
1870 3189 261 47 Schumann
2184 3187 88 47 und
2317 3187 179 49 Abert's
2539 3189 262 48 Columbus.
2862 3189 247 47 Belehrend
3153 3205 95 31 war

1744 3266 269 48 namentlich
2057 3266 114 47 auch
2215 3265 78 47 das
2336 3266 211 56 Streben,
2590 3283 132 30 unser
2761 3266 486 64 Concert-Repertoire

1743 3344 140 47 durch
1913 3344 137 47 ältere
2082 3344 89 47 und
2201 3359 168 32 neuere
2398 3344 184 47 Schätze
2612 3361 49 30 zu
2697 3344 279 54 bereichern,
3015 3345 83 46 wie
3127 3342 116 50 denn

1742 3438 153 31 ausser
1938 3421 215 48 mancher
2182 3421 223 47 Nummer
2446 3430 130 38 unter
2615 3421 85 48 den
2744 3421 163 64 obigen
2951 3421 68 47 ein
3052 3420 195 49 Concert

1742 3499 75 47 für
1846 3497 94 49 drei
1973 3499 200 48 Claviere
2201 3514 83 32 von
2316 3497 120 47 Bach
2482 3497 89 49 und
2609 3499 98 47 eine
2742 3499 145 47 seiner
2919 3499 326 63 Passacaglien,

1742 3576 421 48 Clavier-Concerte
2194 3591 81 32 von
2307 3576 115 47 Liszt
2453 3575 87 48 und
2566 3577 280 55 Schumann,
2874 3576 342 47 Violin-Roman-

1735 3670 79 30 zen
1844 3670 84 32 von
1960 3654 274 54 Beethoven,
2264 3652 69 48 die
2359 3654 410 48 Hochzeits-Musik
2793 3671 51 29 zu
2869 3652 174 48 Hebbel
3064 3667 17 31 s
3106 3652 110 48 Nibe-

1736 3732 167 64 lungen
1933 3747 84 34 von
2045 3732 57 49 0.
2135 3732 120 49 Bach
2285 3732 205 47 erstmals
2519 3749 52 30 zu
2603 3732 155 49 Gehör
2792 3731 218 65 gebracht
3040 3730 201 48 wurden.

1739 3810 104 48 Wir
1874 3810 179 48 können
2092 3826 85 32 nur
2208 3808 321 56 wiederholen,
2571 3808 100 50 dass
2707 3808 68 49 die
2808 3808 226 47 Direction
3067 3808 75 46 für
3173 3808 68 47 ihr

1734 3887 253 57 Bemühen,
2017 3904 159 31 unsere
2206 3887 221 48 Concerte
2471 3888 80 47 auf
2589 3887 68 48 die
2686 3887 131 47 Höhe
2853 3885 79 48 der
2962 3886 185 47 Neuzeit
3189 3902 52 31 zu

1734 3965 164 54 heben,
1941 3965 70 48 die
2053 3966 151 47 vollste
2244 3965 343 63 Anerkennung
2631 3965 213 52 verdient,
2890 3963 87 47 und
3022 3963 89 47 sich
3154 3962 85 48 den

1734 4043 132 46 Dank
1897 4045 109 45 aller
2035 4043 303 63 Einsichtigen
2384 4042 238 48 erwerben
2655 4041 127 53 wird,
2821 4057 130 31 wenn
2981 4041 62 46 sie
3074 4040 164 48 diesem

1733 4120 246 48 Bestreben
2010 4120 114 49 auch
2157 4120 226 48 fernerhin
2417 4121 76 46 mit
2525 4121 128 46 allem
2686 4118 163 47 Ernste
2879 4127 97 37 treu
3010 4116 153 49 bleibt.
