2342 3886
2092 269 74 47 569

977 279 409 29 CORRESPONDANCE

176 370 120 41 Hocb
325 376 21 35 à
390 371 485 41 Francfort-sur-iWein
899 386 113 39 pour
1047 386 54 26 ne
1134 375 104 38 citer
1263 387 83 38 que
1371 374 188 46 ceux-là,
1596 382 75 32 ont
1706 374 182 39 institué
1920 372 77 39 des
2039 384 128 27 cours

172 438 291 51 obligatoires
486 440 53 40 de
562 441 140 40 dictée
725 441 230 50 musicale,,
982 443 75 50 qui
1082 449 99 33 tous
1198 440 214 54 justifient
1436 442 53 40 de
1513 443 38 38 la
1574 444 196 38 manière
1787 441 38 39 la
1848 440 100 52 plus
1971 440 198 40 formelle

174 508 96 40 leur
289 510 268 50 réputation.

225 574 101 42 Non
351 576 246 42 seulement
635 578 39 38 la
712 578 140 40 dictée
885 578 213 40 musicale
1144 578 263 40 rationnelle
1449 584 131 46 opère
1631 578 39 40 la
1720 578 333 40 centralisation
2093 577 76 39 des

170 644 185 41 facultés
379 645 237 47 auditives,
640 646 108 39 dont
771 658 113 27 nous
913 659 138 26 avons
1082 646 122 52 parlé
1226 647 114 51 déjà,
1367 648 111 38 mais
1498 647 82 39 elle
1602 648 132 39 incite
1776 647 39 40 le
1853 660 100 26 sens
1989 646 58 40 du
2086 659 79 26 son

171 713 53 39 de
247 713 39 39 la
312 715 198 38 manière
543 713 38 40 la
604 714 99 52 plus
727 722 319 42 avantageuse,
1071 727 55 27 en
1149 716 222 50 précisant
1395 715 38 39 la
1456 717 222 50 réception
1698 724 41 31 et
1757 715 38 39 la
1816 716 254 51 perception
2092 715 77 38 des

171 782 172 49 images
384 783 224 50 toniques,
652 796 54 26 en
728 795 46 27 ce
813 795 102 27 sens
938 795 85 39 que
1061 782 61 40 les
1166 786 141 37 écarts
1349 783 76 40 des
1460 783 257 40 intervalles
1759 783 266 40 deviennent
2060 795 111 40 pour

169 847 151 42 l'élève
362 849 131 41 d'une
534 849 135 41 clarté
711 849 187 54 parfaite
917 865 9 34 ;
972 851 83 40 elle
1091 852 173 49 aiguise
1306 851 39 40 la
1397 851 387 52 compréhension,
1837 852 39 39 la
1910 852 258 51 conception

169 918 254 48 musicales,
450 921 75 50 qui
563 920 256 51 acquièrent
842 932 86 27 une
964 924 145 35 sûreté
1131 928 41 32 et
1203 928 173 32 surtout
1400 933 86 26 une
1520 920 187 52 rapidité
1728 920 219 40 vraiment
1969 919 175 40 merveil-

170 986 160 51 leuses,
356 995 40 32 et
437 996 210 32 concourt
670 987 377 41 essentiellement
1080 1002 55 26 au
1174 987 408 48 raffermissement,
1618 992 19 35 à
1673 988 38 39 la
1748 992 145 36 sûreté
1925 988 52 39 de
2013 988 39 38 la
2077 992 62 34 mé-

170 1058 155 37 moire.
360 1054 63 41 La
454 1056 140 40 dictée
635 1056 214 40 musicale
883 1065 65 31 est
984 1070 55 26 en
1078 1065 126 32 outre
1227 1071 60 26 un
1312 1056 167 41 facteur
1516 1056 260 52 primordial
1806 1056 58 40 du
1906 1056 236 52 développe-

170 1133 121 31 ment
332 1124 53 40 de
433 1124 327 51 l'imagination
802 1125 215 40 musicale
1040 1135 7 37 ;
1092 1124 82 41 elle
1226 1126 196 40 contrôle
1457 1134 41 32 et
1538 1129 161 37 accroît
1733 1124 354 50 graduellement
2128 1124 39 40 la

172 1191 160 42 faculté
370 1193 53 39 de
468 1193 325 40 discernement
828 1193 78 40 des
943 1193 163 41 formes
1146 1194 294 52 rythmiques,
1466 1194 76 39 des
1581 1207 232 39 syncopes,
1857 1193 77 40 des
1974 1206 194 39 groupes

170 1273 185 28 sonores
376 1275 10 33 ;
429 1261 84 40 elle
535 1260 162 42 facilite
731 1261 39 40 la
795 1263 261 51 conception
1095 1262 56 40 du
1178 1262 177 52 phrasé,
1395 1265 76 37 des
1501 1263 83 39 lois
1607 1262 240 40 naturelles
1871 1262 105 39 delà
2002 1261 165 40 diction

168 1337 41 32 et
224 1328 53 41 de
301 1329 253 40 l'élocution
571 1330 238 40 musicales
828 1340 9 39 ;
862 1330 82 40 elle
967 1338 64 32 est
1055 1330 39 40 la
1116 1329 107 41 base
1246 1331 218 47 évidente,
1491 1331 229 47 naturelle,
1743 1331 52 40 de
1821 1329 265 42 l'éducation
2110 1330 56 39 du

169 1399 303 50 compositeur
494 1411 112 38 pour
629 1398 38 39 la
694 1399 200 39 notation
917 1399 54 39 de
994 1411 69 27 ses
1088 1411 183 39 propres
1288 1399 135 40 idées.

225 1463 68 41 En
333 1466 149 39 raison
514 1465 77 40 des
627 1467 234 48 exigences
899 1467 247 38 excessives
1168 1479 86 38 que
1286 1466 89 40 l'on
1413 1479 107 38 pose
1545 1465 279 53 aujourd'hui
1849 1469 21 36 à
1890 1465 37 40 la
1954 1467 213 38 mémoire

170 1533 77 40 des
288 1534 240 39 musiciens
570 1538 272 43 exécutants,
886 1533 38 40 la
958 1534 251 51 pédagogie
1240 1534 213 40 musicale
1473 1534 90 40 doit
1586 1534 153 40 tendre
1759 1542 99 32 tous
1879 1547 69 26 ses
1971 1533 150 40 efforts
2145 1538 21 35 à

170 1599 141 42 l'éveil
336 1610 41 32 et
401 1616 54 26 au
476 1602 369 52 développement
864 1601 53 41 de
939 1610 111 32 cette
1068 1601 176 41 faculté.
1270 1601 122 41 Dans
1413 1616 46 26 ce
1485 1602 224 48 domaine,
1734 1602 39 39 la
1799 1602 138 40 dictée
1956 1602 212 40 musicale

169 1679 103 43 peut
292 1672 242 38 constituer
557 1685 60 25 un
641 1672 175 38 soutien
835 1670 102 46 réel,
960 1683 86 27 une
1069 1670 98 40 aide
1186 1669 188 49 efficace,
1395 1679 171 31 surtout
1579 1672 37 39 si
1633 1669 89 41 l'on
1743 1670 113 40 dicte
1869 1672 274 50 progressive-

169 1747 122 31 ment
329 1738 78 40 des
442 1738 205 52 périodes
678 1738 54 40 de
757 1747 171 43 quatre,
965 1738 96 41 huit
1111 1750 216 37 mesures,
1353 1747 40 32 et
1436 1754 55 25 au
1516 1739 115 39 delà.
1656 1736 151 51 Enfin,
1835 1752 143 26 aucun
2000 1738 169 41 facteur

170 1804 383 52 d'enseignement
595 1819 54 27 ne
689 1808 167 38 saurait
889 1808 146 38 mieux
1054 1806 234 52 inculquer
1311 1811 21 35 à
1357 1807 152 40 l'élève
1532 1808 194 38 écrivant
1750 1820 104 27 sous
1877 1806 40 40 la
1937 1806 139 40 dictée
2103 1807 63 39 les

167 1875 216 40 éléments
403 1875 54 40 de
473 1874 40 40 la
538 1876 171 38 science
728 1882 41 33 et
791 1874 54 40 de
868 1874 95 40 l'art
983 1874 54 40 de
1071 1875 40 39 la
1132 1876 220 50 musique.
1373 1874 64 40 La
1457 1883 155 32 nature
1641 1875 54 39 de
1717 1875 39 39 la
1782 1875 183 40 tonalité
1984 1882 41 32 et
2053 1875 52 40 de
2125 1875 39 39 la

167 1943 295 47 modulation,
504 1943 40 39 la
569 1943 221 40 variation
824 1943 78 40 des
944 1955 214 36 mesures,
1200 1943 40 40 la
1273 1941 301 52 signification
1610 1943 76 40 des
1710 1943 103 48 clés,
1848 1943 39 40 le
1926 1943 177 51 phrasé,
2125 1943 39 40 la

167 2011 240 41 formation
442 2011 77 40 des
556 2011 221 52 périodes,
802 2019 85 32 etc.
901 2043 11 18 ,
939 2025 171 26 aucune
1141 2011 209 40 méthode
1373 2025 54 26 ne
1450 2013 168 38 saurait
1633 2023 187 39 exposer
1840 2020 93 31 tout
1951 2011 88 40 cela
2065 2011 101 52 plus

165 2081 258 39 clairement
444 2093 85 38 que
551 2093 54 26 ne
625 2079 39 40 le
682 2081 75 39 fait
778 2079 39 40 la
840 2081 245 39 connexion
1105 2081 177 38 vivante
1305 2088 40 32 et
1362 2079 270 41 continuelle
1660 2080 77 39 des
1757 2081 222 50 principes
1999 2093 103 26 avec
2124 2080 39 39 la

167 2149 155 40 dictée.

222 2217 69 41 Un
312 2216 151 53 rapide
482 2230 112 39 coup
617 2216 119 42 d'œil
757 2229 76 27 sur
871 2216 214 41 l'histoire
1105 2225 41 32 et
1183 2215 41 42 le
1244 2217 369 52 développement
1635 2216 53 40 de
1708 2217 39 39 la
1790 2215 209 41 méthode
2032 2216 54 40 de
2124 2217 40 39 la

165 2286 141 40 dictée
329 2284 213 41 musicale
564 2298 114 28 nous
701 2285 227 50 signalera
950 2285 62 40 les
1032 2298 130 28 noms
1185 2285 102 40 del.
1313 2284 51 41 P.
1388 2284 212 52 Rudolph
1623 2283 224 43 Reinecke
1876 2288 22 36 à
1922 2284 179 50 Altona,
2126 2285 39 39 le

165 2359 103 47 père
283 2354 58 40 du
363 2357 157 36 maître
542 2352 104 41 Cari
672 2352 238 51 Reinecke,
929 2355 74 50 qui
1024 2354 248 51 appliquait
1292 2353 96 53 déjà
1414 2353 40 39 la
1479 2352 139 41 dictée
1632 2352 211 41 musicale
1865 2352 29 40 il
1913 2367 27 37 y
1964 2366 21 26 a
2010 2356 46 48 65
2085 2366 79 27 ans

165 2422 132 40 d'une
340 2423 197 39 manière
575 2423 284 50 progressive
889 2430 41 31 et
965 2423 352 50 systématique;
1353 2421 100 54 Joh.
1493 2419 240 53 Nepomuk
1766 2419 208 42 Schelble
2021 2423 144 49 (1789-

170 2493 137 49 1837),
347 2491 75 51 qui
447 2489 198 41 obtenait
680 2490 103 39 chez
824 2503 69 27 ses
914 2489 246 41 nombreux
1181 2490 144 40 élèves
1350 2490 38 38 la
1414 2489 331 40 centralisation
1760 2489 77 39 des
1861 2491 218 49 capacités
2111 2490 54 39 de

165 2557 133 41 l'ouïe
319 2572 55 26 au
398 2571 159 39 moyen
590 2557 261 40 d'exercices
889 2556 266 42 consécutifs
1191 2558 53 39 de
1276 2557 139 40 dictée
1439 2566 40 31 et
1503 2557 53 40 de
1589 2557 147 49 chant,
1761 2557 107 40 dont
1902 2557 39 40 le
1964 2556 77 41 but
2061 2559 103 39 était

164 2627 39 38 la
241 2628 262 50 conception
535 2635 42 32 et
619 2627 38 39 le
695 2626 324 41 discernement
1058 2625 102 41 d'un
1195 2627 108 50 petit
1339 2624 188 42 nombre
1562 2625 53 40 de
1657 2638 105 27 sons
1804 2625 25 40 d
1849 2639 86 26 une
1970 2627 194 50 position

164 2708 235 39 moyenne,
425 2703 41 31 et
502 2707 47 27 ce
586 2698 131 46 grâce
741 2698 23 35 à
805 2708 87 27 une
917 2695 237 39 limitation
1188 2694 270 40 continuelle
1480 2702 41 31 et
1543 2708 59 25 un
1628 2702 148 31 retour
1795 2692 204 53 fréquent
2019 2698 22 35 à
2055 2702 109 32 cette

163 2764 212 51 position.
401 2761 126 42 Nous
550 2763 203 39 relevons
773 2775 175 36 encore,
975 2771 130 32 avant
1130 2763 61 39 les
1214 2762 185 50 grands,
1425 2761 182 50 Pfluger
1639 2770 40 31 et
1706 2775 81 26 son
1809 2761 239 54 Anleitung
2073 2775 91 26 zum

166 2829 415 55 Gesangunterricht
598 2829 45 42 in
663 2829 186 41 Schulen
868 2828 161 53 (1853),
1057 2829 239 54 Hippolyte
1318 2830 222 40 Dessirier
1558 2838 42 32 et
1623 2843 47 26 sa
1691 2829 198 40 Méthode
1910 2831 50 38 de
1976 2829 188 54 musique

163 2900 145 41 vocale
328 2903 251 36 couronnée
603 2912 53 26 en
683 2902 118 49 1869,
829 2898 150 53 Henry
1002 2898 239 52 Duvernoy
1264 2907 41 31 et
1329 2911 82 27 son
1446 2897 172 40 Recueil
1639 2898 50 39 de
1715 2897 166 40 dictées.

220 2967 87 41 Les
330 2980 130 28 noms
480 2968 63 39 les
566 2967 100 52 plus
690 2971 170 36 récents
886 2967 52 39 de
963 2966 38 40 la
1026 2967 141 40 dictée
1202 2966 214 40 musicale
1436 2974 100 32 sont
1557 2964 177 53 Nâgeli,
1752 2965 241 51 Lavignac,
2019 2964 140 42 Gotze

166 3046 41 31 et
231 3036 239 42 Riemann.

219 3104 124 40 Hans
367 3102 150 52 Georg
538 3102 174 52 Nâgeli,
736 3104 112 40 dans
873 3116 45 27 sa
946 3101 502 55 Gesangbildungslehre
1454 3134 9 15 ,
1486 3102 183 52 indique
1712 3111 224 32 comment
1959 3103 37 39 la
2021 3103 140 40 dictée

167 3174 210 40 musicale
410 3173 217 52 complète
669 3173 370 50 l'enseignement
1075 3172 144 47 vocal,
1263 3185 54 27 en
1341 3173 291 50 poursuivant
1656 3172 39 39 la
1716 3173 99 39 voie
1856 3173 174 39 inverse
2049 3172 53 40 de
2122 3172 38 39 la

163 3243 162 40 lecture
344 3246 19 36 à
390 3255 99 26 vue.
512 3240 170 41 Tandis
706 3254 84 39 que
812 3241 169 40 celle-ci
1007 3240 101 41 tend
1132 3245 21 34 à
1174 3239 182 40 éveiller
1375 3239 111 40 dans
1501 3239 62 40 les
1587 3239 144 40 élèves
1754 3252 123 27 assez
1905 3239 52 40 de
1976 3253 100 27 sens
2098 3248 42 31 to-

162 3312 133 50 nique
318 3318 40 31 et
381 3308 343 52 d'imagination
748 3309 214 40 musicale
982 3322 113 38 pour
1115 3309 190 51 pouvoir
1327 3321 45 26 se
1388 3312 279 47 représenter
1689 3321 105 27 sous
1818 3307 140 41 forme
1971 3308 53 39 de
2046 3312 92 35 réso-

162 3392 160 27 nances
343 3391 46 26 ce
405 3379 76 50 qui
504 3387 65 31 est
590 3376 83 41 fixé
697 3391 78 38 par
800 3377 77 40 des
897 3386 141 38 notes,
1054 3377 47 40 ûa
1125 3377 140 40 dictée
1287 3376 214 41 musicale
1527 3377 194 52 apprend
1746 3384 222 32 comment
1991 3389 53 27 on
2079 3374 82 41 fixe

162 3448 76 40 des
280 3460 105 26 sons
411 3446 232 47 entendus,
668 3459 54 26 en
742 3446 186 39 écriture
959 3450 142 35 notée.
1128 3444 84 41 Les
1230 3445 111 39 deux
1364 3445 231 40 méthodes
1619 3458 44 26 se
1687 3445 266 50 complètent
1973 3453 41 31 et
2034 3443 103 40 affer-

162 3518 186 37 missent
370 3514 337 40 mutuellement
729 3513 116 40 leurs
875 3512 123 41 effets
1018 3512 229 41 éducatifs.

217 3583 67 40 Du
322 3581 253 53 professeur
613 3581 155 41 Albert
798 3580 228 53 Lavignac
1059 3582 28 38 il
1125 3580 145 40 suffira
1311 3582 53 39 de
1387 3582 281 38 mentionner
1703 3593 80 27 son
1820 3579 135 41 Cours
1977 3582 178 52 complet
