2342 3886
896 280 201 27 NUANCES
1132 265 315 41 D'INTONATION

2096 281 73 37 577

175 366 151 52 Aussi,
366 382 53 26 en
440 378 186 42 prenant
650 368 41 41 la
711 383 205 42 moyenne
955 371 76 40 des
1054 369 177 41 valeurs
1269 368 197 41 fournies
1489 384 80 38 par
1608 371 169 40 chacun
1800 371 77 39 des
1917 383 104 27 sons
2056 371 53 39 de
2132 371 37 39 la

174 449 194 37 gamme,
394 435 112 42 MM.
528 436 154 42 Cornu
699 447 40 31 et
758 437 246 41 Mercadier
1028 438 167 48 ont-ils,
1218 451 104 26 sans
1343 437 38 40 le
1399 438 189 48 vouloir,
1618 439 259 40 additionné
1900 439 76 39 des
2011 444 160 35 mètres

176 517 104 27 avec
299 505 76 40 des
393 507 150 45 toises,
567 506 78 40 des
668 519 227 38 grammes
914 520 103 26 avec
1040 506 77 40 des
1141 519 148 33 onces,
1304 506 62 39 les
1390 506 175 40 valeurs
1588 508 296 49 enregistrées
1908 520 238 38 correspon-

175 573 122 47 dant,
338 587 55 26 en
432 574 166 49 réalité,
635 579 22 35 à
703 574 76 40 des
802 574 217 40 fonctions
1055 574 321 52 harmoniques
1398 573 223 53 d'espèces
1645 574 269 42 différentes.
1948 574 69 41 Du
2042 584 127 38 reste,

181 639 177 53 l'usage
397 641 359 53 problématique
778 643 53 39 de
855 642 38 40 la
918 656 179 37 gamme
1121 643 52 39 de
1197 641 256 53 Pythagore
1476 657 54 26 ne
1563 642 126 41 ferait
1719 658 80 37 pas
1822 644 265 52 disparaître
2110 644 62 40 les

179 724 195 26 nuances
411 710 298 41 d'intonation
759 712 73 50 qui
877 724 46 26 se
972 712 389 50 superposeraient
1401 725 82 25 aux
1532 712 178 40 valeurs
1752 712 419 52 pythagoriciennes

176 792 172 26 comme
379 783 21 35 à
422 779 131 40 celles
591 779 54 40 de
675 779 39 40 la
752 792 178 37 gamme
953 781 53 38 de
1043 778 242 41 Ptolémée.
1328 777 72 42 On
1431 788 104 42 peut
1567 778 91 42 s'en
1696 794 177 26 assurer
1908 782 178 51 lorsque
2110 782 62 39 les

177 849 238 38 musiciens
451 847 242 52 emploient
790 860 111 39 pure
933 847 277 40 coïncidence
1304 846 242 53 quelqu'un
1566 848 77 39 des
1666 861 105 27 sons
1791 851 381 50 caractéristiques

178 915 54 40 de
255 915 38 40 la
318 929 179 37 gamme
529 915 78 40 des
628 917 177 50 quintes
842 926 7 28 :

178 1519 30 41 Il
252 1520 109 42 n'est
400 1535 78 38 pas
514 1536 93 27 rare
631 1521 256 43 d'entendre
920 1524 61 40 les
1005 1524 253 47 chanteurs,
1300 1529 223 47 emportés
1556 1539 79 37 par
1667 1524 226 42 l'émotion
1919 1528 246 51 artistique,

179 1594 200 36 exécuter
402 1604 46 26 ce
472 1604 190 39 passage
682 1605 104 26 avec
809 1592 38 39 le
869 1591 65 40 sib
955 1591 48 52 -f|
1024 1593 40 50 (7
1071 1597 14 17 e
1106 1594 292 48 consonante)
1423 1608 54 25 au
1503 1594 85 39 lieu
1625 1594 57 40 du
1707 1594 41 38 la
1768 1594 334 52 pythagoricien

179 1671 83 38 que
284 1658 218 40 demande
525 1657 262 43 l'harmonie
813 1670 7 25 :
843 1660 39 40 le
902 1673 79 27 son
1002 1675 47 35 27
1077 1660 121 52 placé
1222 1675 82 25 aux
1327 1660 172 41 confins
1522 1662 53 39 de
1602 1670 125 32 notre
1770 1668 192 47 système
1985 1663 185 40 musical

178 1735 168 42 permet
383 1736 110 31 cette
528 1726 277 54 magnifique
839 1742 171 26 nuance
1049 1730 265 50 expressive.
1360 1728 86 41 Les
1489 1738 180 32 travaux
1711 1731 53 39 de
1800 1730 110 40 MM.
1953 1731 150 41 Cornu
2129 1742 41 31 et

177 1792 73 42 Me
258 1794 168 40 rcadier
460 1804 207 32 tournent
690 1795 101 41 bien
814 1800 22 36 à
873 1796 38 40 la
946 1796 233 41 confusion
1212 1797 77 40 des
1321 1811 202 37 gammes
1564 1797 184 41 fondées
1785 1813 73 26 sur
1880 1799 63 40 les
1967 1809 203 43 rapports

178 1862 198 52 simples,
401 1865 112 38 mais
536 1864 53 39 ils
615 1877 55 26 ne
694 1864 183 39 rendent
901 1878 77 38 pas
998 1874 172 43 compte
1193 1866 54 39 de
1269 1865 276 41 l'intonation
1567 1867 254 52 mélodique
1842 1867 77 40 des
1942 1869 168 39 tierces.

232 1928 201 43 D'autres
465 1931 324 52 particularités
821 1930 53 42 de
894 1932 258 41 l'exécution
1177 1933 212 40 musicale
1434 1937 256 48 pourraient
1737 1939 89 36 être
1855 1944 203 32 retenues
2085 1952 7 25 :
2140 1937 29 39 il

178 1999 142 39 arrive
355 2009 186 30 souvent
577 2013 85 38 que
709 1998 277 43 d'excellents
1027 2001 276 48 violonistes,
1343 2002 107 39 dont
1487 2003 28 38 il
1558 2002 110 41 n'est
1708 2009 136 44 guère
1884 2004 196 51 possible
2117 2005 54 39 de

179 2076 226 42 suspecter
426 2067 38 41 le
497 2070 237 39 sentiment
755 2069 202 48 musical,
982 2070 150 51 jouent
1165 2070 77 39 des
1266 2071 212 39 mélodies
1512 2072 188 39 entières
1725 2071 102 41 bien
1852 2073 234 40 au-dessus
2112 2074 57 39 du

177 2135 236 52 diapason,
440 2151 55 25 au
528 2137 124 51 point
675 2137 53 40 de
751 2137 197 52 choquer
964 2137 183 41 l'oreille
1167 2138 53 39 de
1240 2138 250 40 l'auditeur.
1517 2138 62 40 Le
1599 2139 117 40 désir
1731 2140 198 50 légitime
1952 2140 219 42 d'obtenir

177 2217 60 26 un
260 2204 68 51 jeu
349 2204 99 51 plus
470 2203 179 42 brillant
675 2219 77 38 par
775 2219 84 27 une
884 2207 174 39 tension
1082 2211 212 46 exagérée
1315 2206 76 40 des
1415 2207 154 40 cordes
1594 2221 54 26 ne
1671 2207 115 41 suffit
1805 2222 79 38 pas
1909 2213 21 35 à
1943 2209 228 53 expliquer

176 2280 110 31 cette
308 2271 214 41 habitude
543 2271 218 43 d'artistes
782 2279 253 35 renommés
1061 2290 8 32 ;
1096 2274 28 40 il
1161 2274 95 40 leur
1278 2277 133 38 serait
1434 2276 200 51 toujours
1673 2276 176 40 loisible
1872 2277 200 53 d'opérer
2094 2279 76 39 des

177 2342 344 50 transpositions
556 2354 99 27 vers
690 2342 153 49 l'aigu,
887 2351 55 40 et,
968 2341 170 42 d'autre
1168 2352 114 42 part,
1323 2344 93 39 rien
1451 2342 194 52 n'oblige
1679 2344 62 40 les
1781 2347 323 50 compositeurs
2148 2351 20 35 à

179 2408 163 40 choisir
363 2408 77 40 des
464 2409 204 41 tonalités
691 2409 307 41 défavorables
1024 2425 80 25 aux
1128 2412 236 39 virtuoses.
1390 2410 67 41 En
1483 2412 136 51 pareil
1642 2426 87 36 cas,
1755 2426 57 27 on
1832 2427 46 26 se
1898 2423 203 32 contente
2117 2415 52 39 de

177 2476 94 40 dire
294 2490 85 38 que
401 2476 39 40 le
459 2478 142 48 grand
626 2480 151 38 artiste
802 2492 19 24 «
856 2479 100 52 joue
980 2478 101 41 faux
1104 2491 36 35 »,
1168 2493 46 26 ce
1235 2481 75 49 qui
1332 2479 162 41 facilite
1518 2479 230 54 beaucoup
1767 2481 38 40 la
1833 2482 233 40 recherche
2089 2483 77 40 des

177 2558 169 27 causes.
362 2543 62 41 La
449 2547 137 38 vérité
609 2555 64 31 est
693 2559 85 39 que
802 2547 61 39 les
888 2547 267 40 théoriciens
1174 2546 169 41 battent
1365 2561 53 26 en
1437 2550 101 38 vain
1555 2549 63 40 les
1637 2548 208 41 buissons
1868 2564 113 37 pour
1995 2559 176 32 trouver

177 2613 76 40 des
277 2613 219 40 solutions
516 2615 245 51 partielles,
785 2615 117 40 alors
923 2629 86 38 que
1033 2615 39 40 le
1095 2615 230 52 problème
1348 2617 187 40 réclame
1555 2631 85 26 une
1661 2617 194 41 solution
1873 2615 293 44 d'ensemble:

177 2682 63 39 les
290 2695 195 27 nuances
526 2681 295 42 d'intonation
861 2685 268 38 constituent
1170 2684 343 41 exclusivement
1555 2683 262 43 l'harmonie
1839 2687 213 40 musicale
2094 2688 77 40 des

179 2750 296 52 périodicités.

231 2952 251 54 Lorsqu'on
505 2954 122 52 parle
648 2954 105 41 d'un
782 2954 180 40 homme
996 2966 21 27 ((
1050 2954 251 51 intelligent
1334 2967 38 36 »,
1397 2968 19 24 «
1442 2956 244 52 énergique
1719 2968 38 35 »,
1793 2966 23 29 <(
1846 2956 246 42 volontaire
2126 2970 38 36 »,

175 3023 29 39 il
228 3022 168 44 n'entre
430 3036 79 39 pas
532 3023 110 40 dans
666 3021 167 53 l'esprit
855 3022 53 40 de
926 3021 109 41 faire
1058 3022 192 41 allusion
1277 3027 21 35 à
1319 3034 46 29 ce
1388 3023 136 50 degré
1552 3022 344 52 d'intelligence,
1921 3024 241 51 d'énergie,

175 3092 54 39 de
244 3091 178 41 volonté
462 3089 135 55 qu'on
638 3104 54 27 ne
713 3099 102 44 peut
855 3090 168 41 refuser
1045 3095 22 35 à
1103 3099 92 32 tout
1220 3091 195 48 homme,
1456 3096 21 35 à
1503 3093 144 39 moins
1669 3093 53 39 de
1760 3092 39 40 le
1822 3093 251 40 retrancher
2107 3093 59 40 du

177 3173 136 37 genre
335 3160 185 40 humain
543 3172 7 34 ;
576 3159 213 41 l'attribut
809 3161 211 48 envisagé
1042 3161 273 38 strictement
1334 3173 172 26 comme
1520 3159 190 42 élément
1726 3160 52 41 de
1800 3161 369 52 compréhension

176 3228 58 40 du
258 3236 152 42 terme,
436 3241 55 27 ne
512 3228 243 40 détermine
773 3227 163 53 qu'une
963 3227 268 41 affirmation
1266 3228 204 40 nouvelle
1575 3238 41 31 et
1654 3229 221 52 superflue
1974 3231 58 38 du
2056 3231 111 50 sujet

179 3309 104 26 sous
316 3309 85 27 une
421 3296 140 41 forme
589 3311 58 26 un
667 3310 85 38 peu
786 3295 244 41 différente.
1057 3295 87 41 Par
1168 3297 62 39 les
1254 3298 281 51 expressions
1554 3297 238 49 ci-dessus,
1818 3311 56 27 on
1897 3298 161 40 entend
2082 3299 66 39 évi-

178 3365 224 40 demment
433 3368 205 50 exagérer
678 3365 38 40 la
758 3367 200 50 quantité
991 3365 201 40 normale
1230 3365 53 40 de
1322 3364 229 51 l'attribut,
1572 3363 120 43 faute
1733 3366 53 40 de
1818 3368 105 50 quoi
1959 3366 210 41 l'homme

178 3434 231 51 supérieur
431 3433 106 40 dont
570 3447 56 27 on
650 3433 120 52 parle
794 3434 132 39 serait
956 3434 53 39 de
1032 3441 93 32 tout
1155 3435 124 50 point
1304 3433 247 41 semblable
1576 3448 82 26 aux
1678 3443 147 32 autres
1859 3434 220 40 hommes.
2104 3433 63 41 De

179 3505 158 44 même,
362 3501 40 40 la
438 3502 274 51 périodicité,
748 3501 292 52 l'amplitude,
1066 3502 40 39 la
1130 3502 151 45 durée,
1308 3502 40 39 la
1372 3501 141 41 forme
1541 3516 53 26 ne
1630 3507 303 47 représentent
1969 3516 84 38 que
2089 3502 77 40 des

178 3571 220 39 manières
421 3567 134 43 d'être
574 3568 304 53 inséparables
901 3569 53 40 de
977 3569 39 40 la
1039 3568 221 42 vibration
1285 3583 160 27 sonore
1464 3581 7 28 :
1498 3580 111 41 pour
1627 3569 191 43 affirmer
1840 3571 39 40 la
1905 3572 263 49 supériorité
