3401 4318
1658 145 67 51 37

163 285 86 33 nur
276 268 141 48 durch
446 269 71 49 die
545 271 240 48 Annahme
814 278 192 56 gerettet
1033 275 198 57 werden,
1272 277 99 50 dass
1408 280 69 47 die
1505 282 145 47 Dame

163 346 60 47 im
263 346 158 47 letzten
460 346 334 48 Zwischenacte
836 348 128 48 einen
1013 352 317 65 Brustkrampf
1364 356 286 56 bekommen,

162 421 80 47 der
284 437 44 31 es
365 422 71 47 ihr
474 422 116 47 noch
638 421 114 48 eben
794 426 192 61 möglich
1030 428 191 54 machte,
1263 431 79 45 mit
1371 432 199 47 Anstand
1598 450 52 29 zu

160 495 195 47 sterben.
384 495 86 47 Die
497 497 183 47 Penco
710 498 77 47 hat
808 499 280 50 bedeutende
1109 503 159 53 Mittel,
1297 504 69 47 die
1395 508 60 45 sie
1484 511 143 59 später-

162 572 76 45 hin
268 570 243 49 besonders
548 573 42 47 in
626 573 81 48 der
733 576 172 48 Norma
931 578 181 62 geltend
1141 579 198 56 machte;
1381 582 112 47 doch
1532 583 117 48 blieb

159 647 61 47 sie
248 645 44 47 in
322 645 144 50 dieser
493 649 146 55 Rolle,
673 649 70 47 die
783 650 142 49 ihrem
968 653 187 47 Naturel
1199 654 127 47 mehr
1362 672 288 48 angemessen

159 722 167 57 schien,
356 730 132 40 unter
525 724 169 48 meiner
719 727 288 64 Erwartung.
1062 730 93 46 Das
1197 730 213 49 Recitativ
1443 749 111 47 sang
1590 736 61 45 sie

158 798 164 63 kräftig
351 798 90 48 und
470 799 116 50 breit
613 802 90 47 und
731 803 78 47 mit
836 803 344 49 dramatischem
1204 807 240 64 Vortrage,
1472 808 110 48 aber
1609 810 42 46 in

160 874 132 46 allem
338 874 224 63 Uebrigen
604 876 129 49 stand
774 879 61 46 sie
877 878 152 48 weder
1070 880 62 46 als
1173 882 217 63 Sängerin
1425 884 113 47 noch
1588 885 62 47 als

159 949 360 65 Schauspielerin
560 954 80 46 auf
671 954 80 47 der
780 955 134 46 Höhe
941 954 145 48 dieser
1114 957 140 48 Rolle.
1308 959 103 47 Ihre
1441 960 210 47 Methode

159 1024 164 63 gehört
348 1040 52 32 zu
430 1026 85 49 den
544 1029 414 53 Stoss-Methoden;
990 1030 287 48 überscharfe
1305 1034 210 55 Accente,
1545 1037 79 44 ewi-

159 1117 78 47 ges
266 1101 352 50 Halb-Staccato
647 1104 80 47 der
750 1105 252 57 Coloratur,
1033 1106 127 47 keine
1189 1108 166 64 einzige
1383 1110 268 64 gebundene

159 1176 170 50 Phrase
459 1179 77 47 das
566 1179 54 47 ist
648 1180 98 46 kein
778 1181 191 63 Gesang.
1019 1181 75 49 Ihr
1123 1184 160 46 Triller
1320 1185 52 47 ist
1414 1186 237 64 allerdings

157 1251 294 59 vortrefflich,
474 1254 112 56 rein,
609 1255 115 47 rund
747 1255 90 47 und
861 1256 215 65 mächtig;
1108 1257 109 49 aber
1245 1260 197 64 toujours
1457 1260 197 67 perdfix

159 1326 114 50 wird
301 1345 106 31 man
433 1330 115 47 auch
578 1330 305 66 überdrüssig.

270 1404 252 63 Uebrigcns
544 1404 264 50 beherrscht
828 1407 136 47 Verdi
987 1409 121 47 nicht
1127 1425 47 32 so
1197 1411 346 47 ausschliesslich
1568 1412 85 47 wie

158 1477 44 47 in
243 1476 86 49 den
370 1480 159 47 letzten
555 1481 171 48 Jahren
773 1482 77 49 das
891 1485 278 62 Repertoire.
1222 1487 99 46 Nur

159 1553 156 47 wurde
355 1556 208 48 mehrere
590 1558 118 47 Male
747 1558 146 47 hinter
933 1560 212 47 einander
1185 1562 221 63 gegeben,
1447 1564 98 45 weil
1582 1564 69 47 die

155 1630 329 57 Frezzolini,
513 1649 80 31 aus
615 1633 211 49 America
845 1636 183 53 zurück,
1056 1654 99 29 zum
1178 1645 144 39 ersten
1347 1640 116 45 Male
1486 1638 167 47 wieder

158 1705 128 48 darin
315 1707 178 48 auftrat.
543 1710 210 47 Rossini's
794 1712 282 53 „Italiänerin
1107 1713 41 46 in
1399 1715 106 64 ging
1542 1716 108 47 zwei

157 1781 90 47 Mal
277 1781 113 48 über
418 1782 70 48 die
516 1786 168 53 Scene;
714 1785 109 48 aber
845 1786 209 48 Madame
1077 1788 345 47 Nantier-Didie
1449 1790 54 47 ist
1531 1791 120 47 nicht

157 1857 76 47 für
261 1866 115 40 erste
404 1861 207 47 Partieen
640 1862 270 64 geschaffen.
964 1865 132 45 Dann
1137 1865 103 47 kam
1277 1866 96 46 eine
1413 1867 240 62 Neuigkeit

157 1933 76 47 für
258 1951 106 32 uns:
404 1936 79 56 „11
845 1976 10 19 ,
886 1939 207 64 lyrisches
1123 1942 172 47 Drama
1322 1942 44 46 in
1394 1942 92 47 vier
1508 1943 142 46 Acten

157 2023 85 33 von
268 2011 380 50 Mcrcadante.
676 2014 50 46 In
753 2014 155 47 Italien
938 2014 53 47 ist
1013 2014 91 47 dies
1127 2016 96 47 eine
1246 2017 87 46 alte
1354 2017 150 62 Oper;
1533 2016 117 48 denn

153 2084 139 49 schon
322 2086 137 49 1837
492 2088 159 47 wurde
677 2089 61 47 sie
765 2107 53 29 zu
840 2089 199 47 Mailand
1066 2107 99 31 zum
1195 2098 148 41 ersten
1364 2092 121 47 Male
1513 2108 109 49 gege-

154 2158 112 57 ben;
294 2160 98 49 hier
418 2178 153 32 waren
600 2181 86 30 nur
713 2164 194 49 einzelne
938 2166 137 47 Arien
1098 2166 163 48 daraus
1291 2167 209 48 bekannt.
1529 2169 91 46 Mer-

153 2235 206 59 cadante,
402 2238 58 47 im
488 2239 140 48 Jahre
663 2239 140 50 1798
842 2240 218 64 geboren,
1100 2242 71 47 ein
1209 2243 138 47 voller
1373 2244 276 63 Sechsziger,

153 2312 79 48 hat
267 2314 116 47 noch
419 2332 80 30 vor
538 2315 108 49 zwei
672 2317 170 47 Jahren
886 2318 96 47 eine
1024 2334 116 31 neue
1168 2319 199 48 Partitur
1392 2318 187 67 Pelagio
1606 2322 44 45 in

153 2388 186 65 Neapel,
379 2407 71 32 wo
492 2408 48 31 er
576 2392 287 48 bekanntlich
891 2394 210 47 Director
1128 2394 78 48 des
1236 2395 414 49 Conservatoriums

150 2463 70 58 ist,
248 2465 84 47 auf
351 2465 71 49 die
449 2468 161 47 Bühne
638 2468 234 63 gebracht,
914 2469 91 48 und
1046 2470 115 47 noch
1199 2470 60 49 im
1300 2473 181 63 vorigen
1509 2473 140 47 Jahre

152 2539 209 49 mehrere
395 2547 206 59 grössere
629 2544 367 48 Kirchensachen
1033 2545 307 64 geschrieben.
1391 2548 152 47 Selten
1571 2548 79 47 hat

152 2615 71 47 ein
247 2616 261 65 Componist
527 2620 45 46 in
593 2620 155 47 Italien
771 2620 98 47 eine
889 2637 49 31 so
967 2621 131 64 lange
1127 2623 253 47 ehrenvolle
1401 2623 245 48 Laufbahn

152 2693 226 61 gemacht,
419 2694 84 48 wie
541 2712 69 38 er;
658 2712 51 31 er
750 2696 176 64 begann
969 2698 61 45 sie
1071 2698 137 47 schon
1235 2715 52 30 zu
1317 2698 82 48 der
1427 2700 223 47 Glanzzeit

150 2768 230 58 Rossini's,
417 2776 133 42 setzte
577 2771 63 47 sie
677 2771 146 49 neben
853 2771 156 49 dessen
1037 2774 305 63 Nachfolgern
1369 2775 157 47 Bellini
1556 2775 92 48 und

150 2844 222 48 Donizetti
413 2846 88 47 fort
538 2846 91 49 und
662 2848 117 47 steht
809 2849 108 63 jetzt
943 2848 146 48 neben
1117 2850 137 47 Verdi
1283 2850 116 47 noch
1429 2851 216 47 aufrecht.

152 2920 96 46 Der
276 2921 157 48 Grund
464 2922 143 49 davon
637 2924 106 65 liegt
769 2924 120 47 nicht
916 2925 42 46 in
987 2925 167 47 seinem
1184 2926 155 56 Genie,
1368 2926 116 47 denn
1508 2928 140 47 Genie

153 3010 120 32 muss
300 3014 106 32 man
432 2999 94 48 ihm
562 2999 296 64 absprechen,
898 3000 193 48 sondern
1132 3001 44 47 in
1216 3001 166 48 seinem
1425 3002 197 49 musicali-

152 3071 135 48 schen
317 3074 182 49 Wissen
530 3076 89 47 und
648 3076 43 47 in
719 3076 81 48 der
821 3077 296 65 Leichtigkeit
1145 3077 76 49 des
1248 3079 299 48 Producirens
1575 3079 71 48 bei

150 3146 266 51 bleibender
441 3151 208 48 Reinheit
676 3151 77 48 des
781 3152 116 49 Stils.
925 3154 112 47 Jene
1065 3154 289 63 Eigenschaft
1383 3155 93 47 und
1504 3155 142 48 dieses

153 3223 161 50 Talent
352 3227 191 49 machen
585 3227 71 49 bei
694 3227 87 49 den
809 3230 214 47 Kennern
1065 3230 42 47 in
1136 3230 156 48 Italien
1334 3231 160 47 immer
1531 3231 114 48 noch

152 3297 86 50 den
266 3302 197 48 Maestro
505 3305 58 45 im
602 3305 187 47 wahren
817 3305 136 48 Sinne
991 3305 91 48 und
1124 3306 276 48 verschaffen
1428 3307 93 47 ihm
1550 3307 96 47 eine

152 3375 254 53 ehrenvolle
446 3381 221 65 Stellung,
720 3397 133 31 wenn
907 3382 113 47 auch
1076 3383 121 46 nicht
1249 3382 70 48 die
1375 3383 271 49 fanatischen

153 3452 264 67 Triumphe,
446 3456 70 48 die
544 3456 77 48 das
652 3458 140 47 Genie
820 3457 102 48 dort
949 3458 160 49 erzielt.

268 3532 98 46 Der
680 3531 75 66 (Ii
1419 3531 235 51 Giuramen
1118 3535 226 48 offenbart
1369 3533 87 49 den
1486 3535 138 48 mittle-

149 3622 80 32 ren
257 3607 150 65 Rang,
449 3608 86 49 den
563 3608 290 50 Mercadante
889 3610 63 48 als
982 3611 262 63 Componist
1283 3611 249 56 einnimmt,
1574 3612 80 47 auf

144 3682 131 63 jeder
296 3683 141 56 Seite;
478 3701 88 30 nur
592 3686 43 47 in
665 3686 176 65 einigen
869 3687 165 46 Stellen
1065 3686 75 48 des
1171 3687 191 47 Finale's
1390 3704 99 30 vom
1518 3688 104 47 zwei-

150 3764 75 41 ten
247 3759 112 46 Acte
386 3759 93 47 und
507 3759 42 49 in
578 3761 83 48 der
682 3778 185 47 grossen
883 3762 108 48 Arie
1014 3761 76 49 des
1112 3762 235 49 Manfredo
1371 3762 200 60 (Bariton
1582 3792 63 5 —

150 3836 252 47 Francesco
419 3836 223 66 Graziani)
666 3838 161 48 erhebt
854 3855 49 30 er
930 3838 90 48 sich
1043 3856 51 29 zu
1119 3839 200 47 höheren
1342 3839 173 56 Stufen,
1545 3841 105 47 alles

150 3911 198 64 Uebrige
375 3912 55 47 ist
454 3928 122 32 zwar
610 3914 94 47 rein
734 3914 92 49 und
858 3916 104 47 sehr
983 3916 197 63 sangbar
1202 3914 308 66 geschrieben,
1540 3916 111 48 aber

148 3988 142 48 streift
304 3988 377 51 immerwährend
703 4007 54 33 an
775 3991 70 49 die
863 3993 172 48 Gränze
1057 3992 75 48 des
1150 3992 365 49 Gewöhnlichen.
1537 3993 116 48 Eine

1722 288 255 46 Ouvertüre
2006 288 75 47 hat
2108 289 69 47 die
2206 292 125 62 Oper
2359 294 132 55 nicht,
2521 297 113 45 auch
2665 295 127 48 keine
2822 299 284 64 Einleitung;
3137 302 69 46 ein

1723 362 179 46 Balllest
1942 363 189 48 eröffnet
2166 365 69 47 die
2264 368 153 47 Scene.
2474 372 89 45 Das
2593 371 245 48 Orchester
2876 374 53 46 ist
2957 375 114 46 nach
3101 376 109 46 alter

1719 436 297 48 italiänischer
2039 440 156 47 Weise
2219 441 253 56 behandelt,
2495 446 90 45 und
2606 462 119 31 zwar
2749 449 76 45 mit
2850 465 47 30 so
2921 449 140 47 vielen
3083 451 126 46 Solo-

1725 512 269 48 Kitornellen
2037 516 75 44 für
2141 516 142 55 Flöte,
2328 520 142 56 Horn,
2508 521 243 61 englisches
2782 524 144 54 Horn,
2964 525 244 47 Violoncell

1722 604 40 29 u.
1792 603 30 30 s.
1855 605 54 30 w.
1940 598 303 54 ausgestattet,
2273 592 98 46 dass
2399 610 45 30 es
2472 595 134 46 selbst
2632 596 199 47 dadurch
2855 598 167 47 wieder
3052 617 124 30 mono-

1721 668 74 41 ton
1823 663 126 48 wird.
1979 666 114 45 Dem
2135 666 250 48 Lextbuche
2416 669 103 62 liegt
2544 671 26 42 V
2584 670 110 46 ictor
2717 673 134 62 Hugo
2870 690 18 28 s
2912 675 190 62 Angelo,
3133 675 77 47 der

1722 739 176 63 Tyrann
1936 756 83 30 von
2050 741 168 55 Padua,
2260 760 49 28 zu
2354 744 198 56 Grunde,
2596 762 84 29 nur
2721 747 52 45 ist
2810 748 68 46 die
2918 750 139 46 Scene
3097 751 111 47 nach

1721 813 175 47 Sicilien
1923 823 195 40 versetzt.

1834 890 282 64 Neuerdings
2156 892 106 63 ging
2290 893 209 46 llossini's
2971 899 114 47 nach
3114 901 72 46 lan-

1722 981 79 45 ger
1828 965 132 49 Ruhe
1997 965 166 47 wieder
2203 967 40 45 in
2288 968 139 46 Scene
2458 965 87 65 (am
2576 969 46 46 4.
2650 970 186 64 Januar)
2877 972 89 47 und
3009 973 198 51 brachte,

1720 1057 99 30 zum
1850 1040 124 47 Theil
2006 1042 113 45 auch
2148 1040 141 47 durch
2317 1042 70 47 die
2410 1044 246 64 Besetzung
2681 1044 135 62 (Mad.
2843 1048 334 48 Penco—Semi-

1720 1118 152 53 ramis,
1900 1115 120 49 Mad.
2049 1117 164 47 Alboni
2317 1118 206 54 Arsaces,
2553 1119 169 47 Badiali
2746 1123 253 61 —Assurj,
3029 1141 181 45 grossen

1721 1191 228 47 Eindruck
1974 1191 171 47 hervor.
2175 1193 236 47 Trotzdem
2435 1194 108 62 griff
2566 1211 101 30 man
2684 1195 165 47 wieder
2869 1214 54 30 zu
2952 1198 258 49 Flotow's

2006 1266 164 47 besetzt
2191 1269 83 46 wie
2297 1269 41 46 in
2363 1268 78 47 der
2463 1269 180 63 vorigen
2666 1270 174 56 Saison,
2868 1288 85 30 nur
2975 1273 99 47 dass
3092 1274 118 48 Mad.

1723 1343 237 47 Frezzolini
1983 1349 103 39 statt
2107 1343 80 47 der
2209 1344 61 46 St.
2294 1344 169 47 Urbain
2487 1344 70 47 die
2580 1345 179 47 Martha
2780 1346 88 64 gab
2895 1346 176 64 (Mario,
3097 1350 84 46 Gra-

1721 1418 131 55 ziani;
1876 1418 120 47 Mad.
2454 1421 93 46 Das
2577 1420 234 48 Publicum
2840 1423 83 47 voll
2951 1424 234 47 Enthusias-

1723 1510 111 38 mus,
1865 1494 363 63 Wiederholung
2257 1511 55 31 an
2341 1495 84 47 den
2454 1495 91 47 drei
2577 1496 496 66 folgendenSpieltagen
3117 1500 89 47 und

1720 1585 48 31 so
1799 1570 100 53 fort,
1930 1567 214 49 während
2172 1570 67 46 ich
2267 1570 223 47 schreibe!
2520 1570 117 48 Mad.
2657 1572 236 47 Frezzolini
2918 1574 77 47 hat
3009 1575 43 46 in
3074 1575 102 48 Ame-

1721 1645 89 47 rica
1839 1645 140 47 nichts
2007 1661 249 46 gewonnen
2285 1645 90 47 und
2404 1646 140 47 nichts
2573 1647 202 49 verloren
2885 1650 67 47 ich
2981 1651 145 47 meine
3154 1669 54 30 an

1720 1721 126 47 ihren
1869 1721 238 62 Vorzügen
2135 1721 93 47 und
2256 1722 235 63 Mängeln;
2534 1722 84 47 wie
2658 1739 45 30 es
2742 1725 78 46 mit
2859 1725 85 47 den
2986 1726 224 48 Finanzen

1720 1812 235 47 gegangen
1983 1796 68 55 ist,
2079 1797 127 47 weiss
2236 1797 67 47 ich
2332 1797 133 47 nicht.
2506 1799 64 45 Im
2601 1799 181 47 Ganzen
2810 1800 77 47 hat
2912 1801 61 46 sie
3003 1801 114 47 mich
3145 1804 61 45 als

1720 1871 179 48 Martha
1928 1872 90 46 kalt
2046 1872 218 61 gelassen,
2291 1872 61 47 sie
2383 1871 137 48 bleibt
2543 1872 41 46 in
2606 1872 144 48 dieser
2772 1876 127 46 Rolle
2925 1876 252 48 immerwäh-

1720 1948 109 46 rend
1857 1965 52 29 zu
1937 1947 103 47 sehr
2069 1947 238 48 Hofdame.
2350 1950 65 44 Im
2446 1948 155 47 letzten
2631 1950 110 47 Acte
2763 1966 110 48 sang
2900 1952 61 46 sie
2990 1952 79 47 mit
3094 1957 93 43 stür-

1721 2023 211 46 mischem
1973 2022 90 47 und
2104 2023 269 47 verdientem
2417 2023 179 49 Beifalle
2645 2025 69 47 die
2759 2042 151 47 grosse
2951 2027 259 48 Coloratur-

1719 2098 123 55 Arie,
1871 2097 71 47 die
1971 2113 101 31 man
2104 2098 149 47 bisher
2283 2098 69 47 bei
2380 2097 85 47 den
2496 2098 196 65 hiesigen
2714 2101 353 63 Aufführungen
3092 2103 118 47 nicht

1721 2173 162 64 gehört
1910 2173 135 47 hatte.

1833 2249 180 47 Jakob
2057 2249 316 49 Offenbach
2415 2251 77 47 hat
2533 2249 150 49 diesen
2719 2252 182 48 Winter
2939 2254 78 46 mit
3042 2254 166 49 seinem

1731 2324 205 66 „Orphee
1961 2341 93 32 aux
2321 2324 71 49 die
2413 2326 145 47 Kritik
2587 2331 192 59 empört,
2807 2327 109 48 aber
2944 2328 70 47 die
3034 2331 174 47 Lacher

1720 2400 81 47 auf
1814 2400 119 47 seine
1956 2400 118 47 Seite
2097 2400 230 64 gebracht.
2358 2402 92 47 Das
2472 2402 119 63 Ding
2615 2411 135 39 nennt
2770 2402 89 48 sich

1709 2477 88 62 fon
1824 2493 53 31 en
1904 2477 118 48 deux
2049 2479 118 46 actes
2194 2479 45 46 et
2261 2479 160 62 quatre
2694 2516 10 18 ,
2745 2481 114 45 Text
2897 2496 84 31 von
3010 2482 57 47 H.
3099 2483 107 47 Cr£-

1720 2553 165 56 mieux,
1927 2553 147 47 Musik
2115 2569 82 31 von
2238 2555 39 46 J.
2308 2553 265 48 Offenbach.
2628 2555 85 45 Die

1719 2628 148 48 haben
1895 2629 191 47 nämlich
2114 2628 95 48 ihre
2238 2628 342 48 Kinderschuhe
2617 2629 142 65 längst
2797 2638 282 56 ausgetreten
3118 2633 90 47 und

1717 2704 219 47 schreiten
1971 2705 121 63 jetzt,
2131 2722 131 29 wenn
2298 2705 114 47 auch
2441 2705 121 46 nicht
2589 2707 80 45 auf
2693 2705 100 47 dem
2822 2707 226 57 Kothurn,
3090 2708 115 48 doch

1717 2781 82 46 auf
1820 2780 102 47 dem
1951 2780 177 47 Sokkus
2166 2781 42 46 in
2247 2785 196 59 grösster
2469 2781 263 49 Dimension
2772 2783 167 48 einher.
2987 2784 96 47 Aus
3123 2785 85 47 den

1717 2855 107 47 zwei
1866 2855 65 48 bis
1973 2855 92 48 drei
2096 2858 242 54 Personen,
2380 2856 82 47 auf
2502 2856 169 47 welche
2712 2856 70 47 die
2822 2858 266 48 Concession
3131 2860 76 48 das

1719 2931 195 47 Theater
1942 2931 42 47 in
2013 2931 79 47 der
2114 2933 202 47 Baracke
2344 2933 41 47 in
2416 2931 84 49 den
2952 2935 256 65 anfänglich

1719 3008 308 55 beschränkte,
2053 3009 75 47 hat
2148 3009 90 47 sich
2262 3009 70 47 ein
2356 3010 212 47 Personal
2590 3025 84 32 von
2703 3009 62 48 12
2778 3011 141 46 —l4
2942 3013 265 57 entwickeil,

1717 3084 91 45 und
1837 3100 103 31 man
1970 3085 235 46 wetteifert
2232 3085 42 46 in
2299 3085 240 47 Costumen
2571 3085 87 47 und
2685 3088 327 45 Decorationen
3041 3090 140 62 wenig-

1716 3165 120 41 stens
2023 3175 55 31 en
2185 3156 89 51 miniature
2275 3160 89 47 mit
2365 3159 65 48 den
2436 3160 196 48 anderen
2661 3161 422 64 Opern-Theatern.
3132 3164 75 48 Ob

1716 3235 93 48 dies
1837 3235 80 47 der
1945 3236 185 64 richtige
2161 3237 123 64 Weg
2318 3237 67 55 ist,
2424 3237 88 47 sich
2551 3236 69 48 die
2657 3237 145 47 Gunst
2835 3237 76 49 des
2953 3239 255 49 Publicum«

1716 3328 52 29 zu
1796 3311 235 47 erhalten?
2062 3312 83 46 Die
2167 3312 262 64 Erfahrung
2458 3329 118 30 muss
2604 3329 46 30 es
2679 3314 165 47 lehren.
2874 3315 94 46 Der
2996 3316 214 62 Orpheus

1717 3387 54 47 ist
1799 3387 96 47 eine
1924 3389 352 63 mythologische
2303 3390 159 56 Posse;
2510 3389 207 47 desshalb
2746 3390 137 47 eifern
2912 3390 70 47 die
3012 3392 198 47 Kritiker

1717 3463 205 64 dagegen
1950 3463 91 47 und
2070 3465 192 56 meinen,
2293 3465 96 47 eine
2412 3465 351 65 mythologische
2784 3466 191 47 Parodie
2996 3467 61 47 sei
3081 3467 102 49 heut-

1716 3546 160 56 zutage
1916 3540 68 45 ein
2022 3540 181 47 Unsinn.
2258 3540 74 47 Ich
2375 3541 162 53 meine,
2576 3541 243 47 ernsthafte
2859 3542 351 65 mythologische

1719 3616 172 62 Opern,
1938 3616 84 46 wie
2069 3618 259 63 Pygmalion
2378 3617 89 47 und
2504 3617 236 55 Galathea,
2788 3618 94 47 Das
2929 3620 157 47 Lamm
3131 3621 79 47 der

1721 3692 140 47 Chloe
1902 3691 91 47 und
2030 3692 218 57 ähnliche,
2290 3692 168 47 welche
2486 3693 127 46 Paris
2652 3693 42 45 in
2737 3692 84 47 den
2858 3693 156 49 letzten
3042 3696 168 47 Jahren

1720 3767 194 65 gesehen
1945 3767 90 57 hat,
2073 3768 117 49 kann
2219 3786 104 31 man
2352 3770 78 47 mit
2457 3770 102 47 weit
2587 3770 129 47 mehr
2744 3770 143 47 Recht
2915 3772 62 46 als
3006 3773 201 64 unsinnig

1720 3843 389 48 charakterisiren.
2239 3846 397 47 Wahrscheinlich
2679 3846 76 47 hat
2801 3846 78 47 der
2920 3847 160 65 jetzige
3120 3850 58 47 Or-

1721 3921 141 63 pheus
1903 3919 146 49 dieser
2090 3921 245 48 affectirten
2365 3921 329 48 Antikensucht
2721 3922 91 47 sein
2841 3923 164 47 Dasein
3032 3941 53 30 zu
3112 3940 70 31 ver-

1721 3996 192 48 danken.
