3401 4318
1666 127 67 49 36

176 276 145 49 musik
348 275 119 47 eines
494 270 160 66 Haydn
686 268 87 47 und
801 270 173 47 Mozart
1011 266 172 56 vorbei;
1227 266 109 47 aber
1375 281 48 32 so
1467 264 82 47 wie
1592 263 69 47 die

176 353 87 47 alte
283 351 97 48 Zeit
405 350 95 47 ihre
528 346 146 56 tiefen,
703 360 182 48 grossen
908 343 136 47 Ideen
1073 343 121 46 hatte
1224 341 90 47 und
1343 341 134 47 ihnen
1509 339 127 47 künst-

176 427 214 48 lerischen
419 421 235 50 Ausdruck
696 419 104 64 gab,
842 435 47 31 so
931 417 268 49 namentlich
1241 417 43 46 in
1324 416 80 48 der
1441 414 192 47 Kirchen-

176 502 159 55 musik,
382 516 47 30 so
468 496 110 48 wird
620 494 113 49 auch
776 494 119 47 wohl
932 493 70 48 die
1040 508 164 32 neuere
1232 492 99 45 Zeit
1357 489 146 50 neben
1533 489 128 47 ihren

175 592 180 50 grossen
386 569 442 51 Humanitäts-Ideen
856 569 114 47 noch
999 569 159 46 immer
1177 567 95 45 Zeit
1295 565 134 64 übrig
1451 564 210 48 behalten

176 654 74 44 für
289 648 209 50 leichtere
540 645 90 49 und
668 644 131 48 dabei
833 642 222 66 gebildete
1084 643 346 61 Unterhaltung.
1488 639 174 47 Feinste

173 725 248 53 Urbanität,
451 722 77 49 das
557 723 52 47 ist
630 722 78 47 der
729 720 145 47 Inhalt
889 719 127 65 jenes
1037 718 117 47 oben
1177 718 259 47 erwähnten
1454 717 207 47 Mozart'-

173 802 132 47 schcn
344 800 255 51 Concertes,
644 795 86 47 und
773 795 80 46 wir
894 794 212 64 glauben,
1148 793 98 47 dass
1286 793 85 47 den
1415 790 245 48 modernen

174 877 188 47 Titanen
391 874 96 47 eine
518 871 142 49 kleine
688 870 315 62 Beimischung
1039 869 144 47 dieser
1209 868 255 54 Urbanität,
1503 865 69 47 die
1600 866 62 46 sie

173 949 265 52 namentlich
480 965 82 31 von
604 949 169 46 Mozart
818 945 87 48 und
945 944 313 49 Mendelssohn
1302 943 90 48 sich
1441 943 220 63 aneignen

174 1032 179 58 mögen,
382 1024 140 47 nichts
543 1023 192 48 schaden
766 1020 170 48 würde.
1039 1020 111 47 Eine
1173 1020 254 47 Ouvertüre
1456 1032 83 33 von
1564 1019 65 46 Ra-

173 1103 163 48 decke
367 1100 192 47 erfreute
589 1115 81 31 uns
698 1098 139 47 durch
868 1096 70 47 die
965 1096 257 47 sichtlichen
1257 1094 306 56 Fortschritte,
1592 1092 70 49 die

173 1178 78 48 der
280 1175 258 65 Componist
564 1174 208 63 gemacht
801 1172 87 47 hat.
943 1172 65 46 Er
1035 1171 198 47 schliesst
1258 1170 91 47 sich
1378 1170 129 47 theils
1535 1170 95 47 Men-

174 1252 219 55 delssohn,
421 1250 126 48 theils
575 1249 255 48 Schumann
861 1265 68 31 an.
959 1247 86 47 Die
1068 1245 395 65 Hauptgedanken
1493 1260 168 39 waren,

174 1346 129 32 wenn
331 1327 115 49 auch
474 1326 119 48 nicht
613 1325 139 47 durch
776 1324 284 63 Originalität
1088 1321 352 65 hervorragend,
1469 1338 48 31 so
1545 1320 116 49 doch

174 1405 96 48 edel
300 1402 88 49 und
416 1404 42 47 in
481 1401 202 48 Hinsicht
710 1401 81 47 auf
813 1400 83 47 den
922 1400 223 54 Contrast,
1175 1400 43 46 in
1241 1399 100 48 dem
1371 1397 61 49 sie
1463 1399 79 45 mit
1568 1397 69 47 ein-

174 1480 139 49 ander
358 1477 204 56 standen,
609 1476 218 65 glücklich
876 1475 220 65 gewählt;
1144 1473 70 49 die
1260 1473 402 63 Durcharbeitung

171 1559 140 62 zeigte
352 1555 83 47 den
477 1552 252 65 gebildeten
757 1551 213 48 Musiker.
1023 1552 103 46 Den
1167 1551 179 47 Schluss
1387 1550 149 47 hätten
1580 1550 82 45 wir

174 1640 134 39 etwas
338 1628 243 66 gewählter
611 1628 90 47 und
729 1626 401 66 eigentümlicher
1158 1625 290 66 gewünscht;
1491 1625 71 47 die
1589 1626 48 46 In-

171 1706 338 49 strumentation
537 1705 55 47 ist
617 1705 114 48 noch
754 1711 137 41 etwas
915 1702 260 48 überladen.
1205 1702 113 48 Sehr
1341 1701 207 48 dankbar
1570 1717 63 32 wa-

173 1800 76 32 ren
278 1783 81 46 wir
387 1781 173 48 endlich
588 1780 99 47 dem
714 1778 334 65 Concertgeber
1078 1778 75 47 für
1173 1777 70 48 die
1267 1777 296 64 Aufführung
1586 1776 76 48 des

173 1861 127 62 lange
347 1858 120 47 nicht
510 1856 235 66 gehörten,
791 1854 363 65 schwungvollen
1197 1853 92 48 und
1329 1853 333 65 poesiereichen

170 1936 190 48 Einale's
390 1950 78 33 aus
498 1933 78 47 der
602 1933 190 65 Loreley
819 1950 84 30 von
932 1931 329 49 Mendelssohn.

283 2012 86 47 Ein
392 2009 333 65 Clavierspieler
745 2009 243 47 Brissler
1015 2008 185 48 brachte
1222 2007 69 48 ein
1316 2023 82 32 von
1422 2007 89 46 ihm
1529 2006 135 48 selbst

173 2087 308 66 componirtes,
523 2093 80 57 gut
642 2086 261 63 gemeintes,
951 2083 109 50 aber
1101 2083 201 48 ziemlich
1345 2083 223 47 mühevoll
1609 2100 53 30 zu

171 2163 168 48 Stande
367 2162 261 65 gebrachtes
658 2161 414 57 Streich-Quartett
1107 2177 79 29 zur
1213 2158 316 64 Aufführung,
1576 2158 65 47 fer-

173 2257 78 32 ner
279 2241 69 47 ein
377 2256 80 32 uns
486 2238 306 48 unbekanntes
821 2239 173 46 Sextett
1021 2255 84 29 von
1135 2237 187 47 Onslow
1365 2235 76 47 für
1472 2235 191 56 Ciavier,

173 2318 142 55 Flöte,
345 2317 142 54 Horn,
517 2317 179 62 Fagott,
740 2314 258 55 Clarinette,
1035 2312 289 57 Contrabass,
1365 2310 79 49 das
1483 2329 52 30 zu
1577 2310 86 49 den

173 2392 327 64 anmuthigsten
540 2389 204 50 Werken
794 2389 139 48 dieses
983 2389 316 65 Componisten
1347 2388 176 63 gehört.
1577 2388 86 47 Ein

171 2469 221 47 ähnliches
421 2467 235 48 Verdienst
683 2465 178 50 erwarb
889 2467 90 47 sich
1022 2465 79 49 der
1130 2465 376 49 Concertmeister
1534 2464 129 48 Ries

175 2544 138 48 durch
344 2543 293 62 Aufführung
677 2542 158 48 zweier
868 2558 122 32 zwar
1017 2542 121 48 nicht
1181 2540 329 56 bedeutenden,
1552 2539 111 50 aber

175 2622 111 47 auch
316 2620 121 49 nicht
466 2619 380 48 uninteressanten
875 2618 90 48 und
999 2618 235 65 jedenfalls
1270 2618 42 47 in
1342 2616 102 49 dem
1473 2616 80 49 Stil
1582 2616 80 49 der

173 2704 135 57 guten
347 2696 95 49 Zeit
480 2694 345 66 geschriebenen
867 2695 440 57 Streich-Quartette
1360 2710 84 32 von
1495 2695 166 46 Gross

175 2774 91 48 und
292 2773 307 49 Ferdinand
620 2773 135 48 Ries.
785 2774 48 46 In
856 2771 84 49 den
957 2773 187 47 Soireen
1167 2771 77 47 des
1265 2771 151 47 Herrn
1439 2770 223 48 Eduard

176 2850 141 48 Ganz
359 2850 101 48 kam
499 2850 68 47 ein
597 2848 105 49 Trio
741 2864 84 32 von
853 2848 234 48 Sterndale
1126 2849 192 47 Bennett
1354 2864 78 31 zur
1462 2846 171 49 Auffüh-

176 2944 130 48 rung,
344 2928 175 64 elegant
560 2925 89 48 und
692 2925 348 65 wohlklingend,
1092 2925 109 48 aber
1243 2925 117 48 ohne
1404 2924 125 48 Tiefe
1585 2924 77 48 des

175 3004 178 48 Inhalts.

288 3081 93 47 Das
419 3079 311 48 Bülow'sche
769 3079 464 48 Orchester-Concert
1280 3077 75 49 hat
1397 3076 264 56 wiederum,

176 3156 82 47 wie
288 3155 71 48 Sie
388 3171 78 33 aus
494 3155 84 48 den
608 3155 194 65 hiesigen
821 3155 248 63 Zeitungen
1093 3152 163 50 bereits
1277 3154 211 48 erfahren
1511 3152 149 49 haben

175 3231 196 59 werden,
393 3232 139 49 durch
556 3231 83 48 den
661 3235 295 61 ungestümen
971 3230 451 66 Propaganda-Eifer
1443 3230 76 48 des
1544 3231 88 47 Con-

175 3309 253 64 certgebers
456 3309 331 63 Veranlassung
818 3326 52 30 zu
907 3325 176 48 grosser
1109 3309 245 63 Erregung
1382 3306 80 48 der
1491 3307 136 49 Gemü-

176 3385 98 47 ther
315 3384 214 66 gegeben.
578 3384 78 48 Als
696 3385 113 47 nach
844 3384 78 48 der
951 3385 296 63 Aufführung
1281 3384 82 48 der
1389 3384 272 47 Liszt'schen

176 3460 162 58 Ideale,
374 3461 120 48 einer
523 3460 319 65 Composition,
881 3465 114 43 wüst
1031 3460 90 48 und
1150 3460 145 48 bizarr
1323 3461 84 47 wie
1436 3460 70 48 die
1536 3460 100 48 übri-

176 3554 84 47 gen
296 3554 81 31 uns
411 3537 253 48 bekannten
698 3537 371 66 symphonischen
1097 3537 288 66 Dichtungen
1425 3554 84 31 von
1550 3537 110 57 ihm,

175 3630 81 32 von
298 3615 121 47 einer
458 3615 263 48 maasslosen
758 3613 491 49 Leidenschaftlichkeit
1286 3613 77 49 des
1398 3613 262 50 Ausdrucks

174 3688 91 50 und
292 3688 129 49 dabei
449 3690 45 47 in
522 3688 85 49 den
635 3688 393 66 Grundgedanken
1058 3691 273 63 keineswegs
1359 3691 211 65 gewählt,
1599 3691 62 48 als

171 3767 93 47 also
293 3766 112 48 nach
435 3765 144 48 dieser
608 3765 301 64 Composition
948 3784 84 30 von
1074 3766 174 65 einigen
1279 3767 151 48 Seiten
1458 3767 180 48 Beifalls-

173 3842 95 48 rufe
297 3846 221 52 ertönten,
554 3841 140 48 erhob
729 3842 90 47 sich
856 3843 113 47 auch
1007 3843 68 47 ein
1103 3843 188 49 Zischen
1333 3842 87 66 (ein
1449 3845 214 47 Referent

170 3919 41 47 in
227 3919 80 47 der
319 3919 261 49 Vossischen
593 3918 190 65 Zeitung
800 3927 135 39 nennt
950 3936 45 32 es
1012 3919 100 49 dort
1133 3959 16 18 „

166 3996 95 59 das,
302 4002 155 58 streng
495 4011 287 49 genommen,
825 3996 112 47 noch
974 3996 118 48 nicht
1133 3996 162 49 einmal
1337 3996 102 49 dem
1470 3996 194 59 Werke,

1733 264 195 47 sondern
1970 263 100 47 dem
2112 262 166 49 diesem
2319 261 176 52 Werke
2536 259 302 66 gespendeten
2879 261 203 63 Applaus
3124 261 109 64 galt.

1736 341 152 48 Ueber
1930 341 120 47 diese
2086 338 202 48 mildeste
2318 341 137 47 Form
2494 339 80 47 der
2602 337 285 64 Opposition,
2928 337 72 47 die
3029 338 114 47 auch
3174 337 59 48 im

1736 417 267 45 Holtheater
2024 414 262 64 vollständig
2306 414 112 47 Sitte
2441 414 53 47 ist
2514 413 92 47 und
2627 412 213 63 nirgends
2856 413 187 46 Anstoss
3066 418 167 57 erregt,

1736 508 95 32 war
1858 492 120 47 Herr
2005 507 84 32 von
2117 492 159 45 Bülow
2304 507 48 30 so
2382 489 313 65 aufgebracht,
2735 488 101 47 dass
2871 504 49 31 er
2946 494 170 42 vortrat
3143 487 93 48 und

1735 567 68 47 die
1845 568 206 53 „Herren
2084 565 181 47 Zischer
2307 564 292 57 aufforderte,
2638 563 85 48 den
2758 563 104 47 Saal
2903 581 53 29 zu
2997 563 240 54 verlassen,

1733 643 187 47 Zischen
1948 643 60 47 sei
2038 643 97 46 hier
2161 642 124 47 nicht
2531 642 60 45 So
2621 639 324 63 unbegreiflich
2975 639 141 62 passiv
3146 639 92 47 sich

1735 718 78 47 das
1854 718 237 47 Publicum
2133 715 291 48 unmittelbar
2464 716 114 47 nach
2617 715 80 47 der
2739 714 120 47 That
2898 714 199 55 verhielt,
3147 729 91 32 was

1735 794 127 47 theils
1890 793 80 47 der
1996 791 396 64 Ueberraschung,
2422 791 129 47 theils
2573 790 100 48 dem
2697 789 244 49 Umstände
2961 789 252 47 zuzuschrei-

1735 870 86 47 ben
1857 870 68 55 ist,
1967 869 99 47 dass
2098 868 123 48 Viele
2263 868 71 48 die
2373 866 214 49 während
2636 866 77 47 des
2742 866 265 47 Klatschens
3047 865 91 48 und
3165 865 48 47 Zi-

1735 945 157 47 schens
1933 944 338 63 gesprochenen
2302 943 165 49 Worte
2506 943 77 46 des
2611 943 152 45 Herrn
2803 956 82 32 von
2914 941 162 46 Bülow
3116 939 122 48 nicht

1736 1019 264 49 verstanden
2031 1019 170 56 hatten,
2246 1035 50 31 so
2335 1034 127 48 gross
2489 1019 55 47 ist
2566 1016 72 48 die
2666 1019 284 61 Entrüstung
2979 1015 76 47 des
3083 1015 130 47 Publi-

1736 1113 123 31 cums
1888 1095 228 48 hinterher
2146 1094 258 66 geworden.
2461 1095 117 47 Was
2616 1092 86 49 den
2739 1092 193 63 übrigen
2973 1092 148 47 Inhalt
3163 1091 77 50 des

1737 1172 240 49 Concertes
2006 1171 186 56 betrifft,
2220 1186 48 33 so
2297 1170 151 48 haben
2476 1170 70 47 die
2574 1170 108 47 zwei
2705 1170 289 47 Ouvertüren
3022 1185 85 31 von
3129 1169 84 47 Ber-

1736 1249 81 47 lioz
1845 1263 100 31 zum
1986 1284 17 18 „
2307 1245 89 48 und
2437 1246 113 55 „Die
2987 1242 70 48 die
3092 1243 145 47 ihrem

1736 1324 315 48 wesentlichen
2075 1322 337 48 musicalischen
2433 1321 174 47 Inhalte
2630 1321 114 48 nach
2768 1320 279 63 keineswegs
3071 1318 141 49 bedeu-

1733 1400 106 48 tend
1869 1400 90 48 und
1986 1401 45 46 in
2058 1398 80 49 der
2159 1398 397 49 Instrumentation
2583 1397 104 48 sehr
2714 1397 112 64 grell
2855 1396 91 48 und
2974 1396 264 65 gewaltsam

1735 1475 111 57 sind,
1884 1476 111 47 aber
2023 1475 114 47 doch
2168 1475 141 47 durch
2339 1475 197 47 einzelne
2564 1473 185 47 sinnvoll
2779 1471 247 49 erfundene
3054 1470 154 48 Neben-

1735 1551 236 65 gedanken
2008 1551 175 56 fesseln,
2225 1550 214 48 ebenfalls
2474 1550 120 48 beim
2624 1548 238 49 Publicum
2904 1548 150 64 wenig
3096 1547 145 48 Glück

1735 1628 222 65 gemacht.
1986 1630 224 62 Dagegen
2239 1626 104 49 fand
2363 1627 71 47 die
2456 1626 260 63 Einleitung
2737 1642 100 31 zum
2860 1624 282 64 Lohengrin,
3170 1623 71 47 die

1735 1722 82 31 von
1841 1705 249 63 poetischer
2104 1702 329 66 Empfindung,
2456 1702 354 48 musicalischem
2836 1699 376 50 Ausdrucks-Ver-

1736 1785 164 59 mögen
1942 1779 90 49 und
2080 1779 80 49 der
2201 1779 353 65 geschicktesten
2594 1776 648 49 Instrumentations-Technik

1733 1857 216 63 Zeugniss
1972 1857 169 63 ablegt,
2163 1856 86 48 den
2273 1856 337 63 allgemeinsten
2634 1854 170 47 Beifall.
2834 1854 124 46 Herr
2979 1870 84 30 von
3080 1853 162 46 Bülow

1733 1939 104 56 trug
1868 1932 76 48 das
2376 1947 85 32 von
2490 1931 258 47 Beethoven
2790 1929 80 47 mit
2912 1928 331 48 meisterhafter

1736 2009 201 49 Technik
1964 2026 102 39 vor;
2095 2008 71 48 die
2194 2025 85 31 von
2307 2008 93 47 ihm
2429 2007 250 63 eingelegte
2705 2005 176 50 Cadenz
2907 2022 94 30 war
3025 2012 140 40 etwas
3186 2021 56 30 zu

1735 2087 105 63 lang
1869 2086 92 46 und
1987 2102 54 32 zu
2071 2084 113 48 herb
2225 2084 76 47 für
2328 2083 87 49 den
2443 2084 80 47 Stil
2552 2083 77 48 des
2655 2082 416 48 Beethoven'schen
3105 2082 103 48 Wer-

1733 2162 94 57 kes,
1857 2162 110 48 aber
1995 2160 80 49 mit
2097 2159 354 50 musicalischem
2474 2159 219 48 Geschick
2716 2174 223 32 ersonnen
2963 2157 91 47 und
3077 2155 138 49 durch-

1735 2239 203 64 geführt.
1991 2238 88 47 Die
2108 2237 481 64 Gesanges-Vorträge
2631 2235 80 47 der
2751 2237 124 45 Frau
2916 2251 99 31 von
3057 2233 188 56 Milde,

1735 2314 122 48 einer
1886 2313 78 48 der
1992 2313 320 66 gediegensten
2342 2312 91 48 und
2461 2312 312 63 vielseitigsten
2804 2310 244 47 deutschen
3073 2310 141 63 Sänge-

1736 2392 174 55 rinnen,
1952 2390 138 49 deren
2131 2389 201 48 Technik
2375 2388 92 48 und
2508 2386 439 67 Auffassungsweise
2989 2403 83 47 gar
3115 2386 130 47 keine

1737 2467 393 49 Verwandtschaft
2151 2468 79 47 mit
2252 2467 81 46 der
2349 2465 250 48 modernen
2615 2465 266 47 Virtuosität
2895 2464 94 55 hat,
3012 2463 233 64 gewährte

1736 2560 81 31 uns
1846 2543 91 48 und
1972 2544 117 47 allen
2116 2543 236 48 Zuhörern
2395 2543 130 47 einen
2566 2541 152 47 hohen
2767 2540 92 47 und
2895 2539 140 48 leider
3071 2555 86 31 nur
3190 2555 55 31 zu

2995 2617 53 46 G.
3077 2616 54 48 E.

1736 2620 166 47 kurzen
1933 2620 188 48 Genuss.

2287 2856 193 56 Pariser
2517 2852 170 57 Briefe.

1735 2990 100 47 [Die
1874 2987 329 37 italiänische
2244 2986 127 47 Oper
2474 2982 319 38 Offenbach's
2833 2982 165 45 Bou/fes:
3031 2981 108 44 Orfie
3170 2991 78 23 «war

2163 3047 135 44 Enfers
2328 3042 4 49 ■
2332 3067 40 5 —
2403 3042 409 47 Kammermusik.]

2116 3144 184 44 (Schluss.
2406 3144 37 34 S.
2471 3142 64 36 Nr.
2563 3140 16 37 1
2612 3138 78 37 und
2718 3141 63 36 Nr.
2810 3138 51 42 4.)

1848 3227 86 47 Die
1975 3227 226 57 Italiäner,
2240 3225 140 48 deren
2408 3225 277 65 Opernhaus
2723 3225 61 46 im
2826 3225 165 46 Innern
3030 3221 218 66 glänzend

1733 3310 162 43 erneut
1915 3302 187 49 worden
2123 3304 70 55 ist,
2216 3301 250 50 eröffneten
2488 3301 59 48 im
2573 3300 199 48 Herbste
2795 3300 81 47 mit
2902 3298 176 49 Verdi's
3106 3300 114 56 „Tra-

1939 3381 136 47 Diese
2108 3378 163 65 leidige
2309 3378 91 49 und
2428 3377 206 48 leidende
2663 3376 281 49 italianisirte
2972 3376 156 48 Dame
3156 3391 94 33 aux

1733 3456 212 52 camelias
1981 3474 97 31 war
2114 3457 82 47 der
2222 3456 223 65 Sängerin
2484 3457 184 46 Penco
2711 3470 160 48 wegen
2900 3453 197 65 gewählt
3127 3469 90 31 wor-

1735 3536 99 48 den.
1863 3535 77 47 Ich
1957 3533 118 49 habe
2098 3533 124 49 einer
2238 3532 80 48 der
2338 3536 208 61 späteren
2564 3531 348 63 Vorstellungen
2932 3528 313 66 beigewohnt;

1735 3631 71 31 am
1837 3612 186 48 meisten
2052 3611 79 48 hat
2159 3610 115 48 mich
2305 3610 129 48 darin
2464 3612 188 61 ergötzt,
2681 3607 101 48 dass
2812 3607 71 48 die
2909 3606 310 48 schwindsüch-

1733 3691 92 63 tige
1846 3690 197 48 Violetta
2072 3687 82 48 mit
2180 3687 125 48 einer
2332 3704 48 30 so
2410 3685 200 49 überaus
2631 3685 257 64 mächtigen
2912 3685 188 47 Stimme
3123 3685 94 47 Rou-

1735 3766 132 48 laden
1890 3765 92 48 und
2005 3765 163 48 Triller
2189 3763 43 49 in
2255 3762 71 48 die
2349 3762 108 48 Luft
2479 3761 300 56 schleuderte,
2808 3759 101 50 dass
2932 3759 145 49 einem
3101 3759 120 49 Kern-

1736 3842 230 65 gesunden
1995 3841 81 48 der
2105 3841 167 48 Athem
2302 3839 201 64 verging.
2556 3839 74 47 Da
2667 3837 114 49 auch
2826 3837 109 48 alles
2963 3836 202 64 Uebrige
3193 3852 58 32 an

1736 3921 70 47 ihr
1845 3919 99 49 eine
1990 3936 86 30 von
2103 3918 131 47 Fülle
2273 3916 80 48 der
2384 3914 280 50 Gesundheit
2705 3913 93 50 und
2824 3913 136 50 Kraft
2998 3912 253 49 strotzende

1737 3998 146 48 Natur
1923 3996 271 57 offenbarte,
2236 4010 50 33 so
2328 3994 167 49 konnte
2537 3992 71 49 die
2657 3992 303 51 dramatische
3002 3991 250 50 Wahrheit
