3553 4407
416 192 1413 203 i\iederrheinisdic
1976 197 1133 259 Miisik-Miing

1046 494 117 117 für
1244 489 557 120 llunstfrranöe
1854 492 147 117 traft
2055 487 391 129 lliiiistler.

226 734 388 72 Herausgegeben
661 755 89 34 von
800 736 237 51 Professor
1089 728 70 57 L.
1204 724 264 82 Bischoff.
1662 734 174 68 Verlag
1890 734 81 50 der
2022 729 83 58 M.
2152 728 756 85 DuMont-Schauberg'schen
2949 737 368 69 Buchhandlung.

1540 872 174 79 KÖLN,
1755 885 68 53 15.
1864 884 119 54 Juni
2025 885 126 53 1801.

293 886 82 54 Nr.
416 886 80 54 24.

2860 889 77 55 IX.
2979 890 270 71 Jahrgang.

319 1063 220 37 Inhalt.

596 1062 71 33 Die
695 1058 287 37 venetianische
1009 1059 139 36 Schule
1177 1060 39 35 in
1243 1060 65 35 der
1334 1060 130 35 Musik
1491 1059 79 36 und
1598 1060 38 35 in
1664 1059 64 37 der
1754 1059 172 37 Malerei.
2045 1062 70 35 Die
2143 1062 132 35 Musik
2303 1062 60 36 bei
2390 1062 65 36 der
2482 1062 253 47 Ausstellung
2761 1064 38 34 in
2825 1064 111 38 Metz.
3038 1067 69 35 Die
3135 1067 190 36 musicali-

214 1124 90 36 sehe
332 1122 222 46 Thätigkeit
581 1119 212 36 Münchens
823 1121 40 33 in
891 1119 71 36 den
990 1121 178 34 Monaten
1196 1121 182 41 Februar,
1407 1121 106 35 März
1542 1120 77 35 und
1646 1121 118 47 April.
1872 1122 185 44 Tages-
2100 1122 94 35 und
2236 1122 547 47 Unterhaltungsblatt
2824 1123 127 47 (Köln,
2979 1124 59 37 19.
3067 1128 260 47 Stiftungsfest

214 1183 66 35 des
308 1183 132 35 kölner
468 1179 479 46 Männergesang-Vereins
1055 1180 139 42 Mainz,
1224 1180 99 35 Herr
1349 1180 102 35 Rühl
1582 1180 236 47 Darmstadt,
1849 1180 126 46 Agnes
2004 1181 176 36 Pirseher
2205 1185 26 44 f
2354 1182 306 46 Braunschweig,
2692 1182 120 36 Franz
2840 1182 77 36 Abt
3019 1185 235 47 Sängerfeste

213 1242 257 46 Königsberg,
500 1240 210 34 Musikfest
813 1239 181 45 Rostock,
1022 1240 207 35 Musikfest
1332 1240 123 41 Wien,
1483 1239 127 48 Opern
1715 1241 112 46 Spaa,
1857 1239 314 38 Concert-Saison
2276 1242 169 44 London,
2474 1242 306 48 Orpheonisten).

213 1394 91 56 Die
344 1393 368 56 venetianische
754 1393 179 56 Schule
988 1394 50 53 in
1088 1394 90 55 der
1219 1393 158 54 Musik
1418 1393 103 54 und
1560 1393 52 54 in
1653 1394 89 55 der

845 1488 200 55 Malerei

1060 1491 54 68 *).

335 1617 99 47 Den
472 1615 79 48 12.
576 1616 258 48 December
862 1616 77 48 des
967 1617 164 49 Jahres
1167 1616 139 50 15*27
1341 1616 160 50 wurde
1530 1617 211 49 Adrian

219 1695 266 48 Wiilaert
523 1710 100 31 zum
666 1694 343 64 Capellmeister
1049 1695 82 47 der
1167 1695 190 48 Basilica
1405 1711 52 31 zu
1501 1695 44 48 S.
1587 1696 155 47 Marco

217 1777 207 42 ernannt.
483 1770 214 48 Geboren
739 1771 42 48 in
826 1772 184 64 Brügge
1054 1772 40 47 in
1136 1771 85 48 den
1266 1772 157 47 letzten
1464 1772 170 49 Jahren
1666 1772 76 47 des

218 1847 293 49 fünfzehnten
533 1847 354 57 Jahrhunderts,
919 1849 123 47 hatte
1069 1849 216 48 Wiilaert
1313 1847 85 49 den
1424 1849 319 64 Contrapunkt

216 1942 52 31 zu
312 1925 128 47 Paris
483 1932 131 40 unter
655 1925 80 47 der
778 1925 249 64 Anleitung
1069 1941 84 32 von
1183 1926 290 48 Johannes
1512 1927 229 49 Mouton

218 2001 178 47 studirt.
452 2000 236 48 Nachdem
729 2017 48 31 er
815 2002 80 47 eilf
915 2002 142 47 Jahre
1088 2002 41 47 in
1160 2003 216 47 Diensten
1408 2002 98 48 Lud
1515 2003 125 63 wig's
1671 2005 71 54 11.,

217 2078 178 63 Königs
424 2094 84 31 von
541 2078 204 64 Ungarn,
774 2080 248 61 gestanden
1052 2080 141 54 hatte,
1237 2096 96 32 war
1367 2096 50 32 er
1446 2081 113 47 nach
1593 2081 119 47 Vene-

217 2156 76 62 dig
311 2155 292 63 gekommen,
628 2172 74 30 um
727 2156 90 47 sich
836 2156 199 48 daselbst
1056 2157 377 56 niederzulassen,
1457 2174 72 31 wo
1554 2174 50 31 er
1625 2158 114 47 auch

217 2232 59 48 im
308 2233 158 46 Monat
502 2232 272 64 September
815 2232 80 48 des
933 2233 164 47 Jahres
1145 2233 141 50 1563
1329 2235 140 48 starb.
1527 2236 215 47 Wiilaert

218 2308 113 49 wird
355 2310 64 48 als
443 2308 80 49 der
547 2308 215 49 Gründer
784 2310 80 48 der
886 2311 361 48 venelianischen
1271 2312 166 47 Schule
1468 2312 274 64 angesehen,

218 2386 72 48 die
322 2402 104 31 man
467 2386 42 47 in
547 2384 95 49 drei
676 2386 216 64 Epochen
930 2387 167 47 theilen
1129 2387 137 56 kann,
1303 2387 138 50 deren
1464 2388 107 64 jede
1600 2387 141 48 durch

217 2463 131 48 einen
374 2462 272 48 berühmten
670 2463 219 48 Künstler
918 2472 222 41 vertreten
1172 2464 128 49 wird.
1329 2464 174 49 Adrian
1531 2466 213 48 Wiilaert

218 2539 93 50 und
334 2539 123 49 seine
482 2539 351 50 unmittelbaren
858 2541 207 53 Schüler,
1096 2542 85 48 wie
1211 2543 244 64 Cyprian
1485 2542 61 48 de
1577 2544 166 54 Bore,

221 2618 93 48 sein
365 2617 313 58 Landsmann,
725 2618 271 48 Nicolaus
1038 2619 324 58 Vicentino,
1421 2621 321 48 Francesco

218 2694 149 49 della
400 2694 158 49 Viola
600 2694 89 47 und
721 2694 81 49 der
829 2694 207 65 gelehrte
1066 2696 300 49 Theoretiker
1394 2697 224 48 Zarlino
1661 2696 61 49 bil-

217 2773 86 47 den
334 2772 71 48 die
434 2779 118 41 erste
582 2772 209 57 Periode,
831 2773 291 48 Johannes
1164 2773 259 50 Gabrieli
1465 2774 71 49 die
1569 2774 175 57 zweite,

217 2849 92 49 und
344 2848 240 50 Claudio
614 2849 363 50 Monteverde
1007 2849 71 50 die
1099 2849 153 57 dritte,
1276 2851 197 49 welcher
1494 2851 92 49 sich
1618 2852 72 48 Ca
1701 2852 10 47 1
1725 2880 17 7 -

286 2964 36 50 *)
354 2969 119 42 „Der
502 2966 270 37 Chevalier
805 2967 156 45 Sarti,
990 2966 90 38 oder
1106 2969 365 36 musicalische
1499 2969 247 36 Zustände

346 3027 249 46 Venedigs
636 3028 59 35 im
732 3027 339 37 achtzehnten
1099 3029 357 37 Jahrhundert.
1502 3031 70 34 Ein
1600 3030 145 35 Roman

346 3098 73 24 von
449 3088 41 36 P.
522 3088 168 36 Scudo.
750 3090 81 33 Aus
873 3088 84 35 dem
984 3089 304 36 Französischen
1330 3089 193 36 übersetzt
1563 3089 79 36 und
1678 3091 69 32 mit

344 3148 296 46 Anmerkungen
682 3148 182 45 begleitet
892 3160 73 24 von
995 3148 109 36 Otto
1132 3149 154 45 Kade,
1325 3148 140 37 Cantor
1491 3148 77 35 und
1597 3148 149 35 Musik-

344 3208 176 35 Director
549 3210 37 33 in
615 3208 183 35 Dresden.
806 3211 17 17 a
868 3209 68 34 Bei
975 3209 148 36 Rudolf
1146 3211 162 36 Kuntze.
1351 3211 56 35 IX
1434 3209 79 35 und
1542 3208 74 38 576
1644 3209 36 35 S.
1709 3209 36 38 8.

344 3268 107 36 Preis
480 3267 23 38 2
532 3269 106 38 Thlr.
732 3270 135 34 Dieses
896 3270 121 46 Buch,
1049 3281 67 24 vor
1143 3271 92 35 zwei
1261 3270 144 35 Jahren
1435 3269 232 44 erschienen,
1696 3270 50 34 ist

346 3340 47 24 zu
422 3329 123 47 wenig
572 3328 177 36 beachtet
778 3329 161 44 worden,
983 3341 135 25 wovon
1158 3329 198 36 vielleicht
1391 3329 65 37 der
1492 3329 123 36 Titel:
1663 3330 82 42 „ein

558 3389 60 36 die
649 3389 142 36 Schuld
819 3393 117 42 trägt,
979 3390 47 35 da
1055 3390 132 43 dieser,
1224 3391 88 34 oder
1338 3390 184 35 vielmehr
1549 3390 67 35 das
1645 3390 81 35 Biss-

347 3449 94 36 chen
468 3451 157 43 Roman,
668 3450 69 35 das
775 3450 119 36 durch
932 3449 69 37 das
1030 3451 109 34 Buch
1168 3451 103 47 geht,
1313 3452 105 34 nicht
1446 3451 207 36 besonders
1680 3463 44 22 an-

346 3511 173 44 ziehend,
550 3522 114 35 sogar
692 3513 117 33 etwas
839 3511 220 46 langweilig
1085 3512 62 33 ist.
1203 3512 126 35 Allein
1358 3524 39 24 er
1423 3513 134 34 nimmt
1582 3510 144 48 glückli-

349 3570 92 36 cher
469 3572 127 35 Weise
622 3571 108 35 nicht
758 3571 76 35 viel
860 3572 124 34 Raum
1014 3573 72 35 ein.
1115 3572 71 35 Die
1206 3572 251 48 Hauptsache
1480 3572 84 35 sind
1584 3584 71 23 von
1676 3571 71 36 den

348 3631 96 36 zehn
474 3632 178 47 Capiteln
680 3633 68 35 das
776 3633 85 46 111.,
890 3633 61 34 VI.
982 3632 59 36 bis
1067 3632 61 44 X.,
1158 3633 144 35 welche
1330 3633 82 35 sich
1439 3633 70 35 auf
1532 3633 66 35 das
1619 3632 128 36 Leben

344 3693 79 34 und
452 3693 61 36 die
540 3693 132 36 Musik
701 3696 38 33 in
767 3693 219 47 Venedig
1014 3693 193 37 beziehen.
1237 3694 93 35 Hier
1356 3696 51 33 ist
1426 3694 127 36 Scudo
1581 3694 72 34 auf
1676 3695 54 34 sei-

345 3764 87 25 nem
459 3754 129 48 Felde,
636 3754 77 35 und
751 3763 106 26 wenn
894 3766 88 23 man
1019 3754 99 34 auch
1146 3754 108 35 nicht
1279 3754 225 47 gründliche
1532 3754 191 36 Forschun-

345 3825 86 36 gen,
460 3815 71 35 wie
558 3814 61 37 bei
640 3813 239 48 Winterfeld,
910 3814 81 36 hier
1018 3814 144 36 suchen
1191 3814 99 45 darf,
1319 3827 43 23 so
1388 3815 119 35 findet
1532 3827 87 24 man
1650 3815 95 36 doch

346 3872 228 38 historische
600 3875 275 35 Uebersichten
916 3875 39 35 in
996 3874 254 48 angenehmer
1278 3876 250 46 Darstellung
1568 3876 79 35 und
1676 3877 46 34 Be-

347 3933 258 48 trachtungen
633 3935 94 36 über
755 3935 61 36 die
834 3936 129 35 Kunst
990 3947 73 24 von
1091 3936 278 35 interessanten
1394 3937 351 47 Gesichtspunkten

346 4005 83 34 aus,
471 3995 142 35 welche
641 3995 66 36 das
735 3995 114 37 Buch
887 3996 354 47 empfehlenswerth
1277 3997 171 37 machen.
1501 3999 96 35 Eine
1623 3997 123 37 Probe

346 4053 123 37 davon
498 4057 109 43 möge
636 4054 65 37 der
729 4055 111 47 obige
861 4055 163 36 Aufsatz
1052 4055 131 47 geben,
1212 4056 164 37 welcher
1398 4058 71 35 den
1491 4058 159 37 Schluss
1679 4058 65 37 des

344 4112 87 38 VII.
460 4114 189 48 Capitels:
682 4115 112 44 »Die
822 4116 167 37 Musik
1334 4118 131 37 bildet.

1815 1397 165 56 dara,
2020 1397 178 56 Lotti,
2241 1399 271 48 Marcello
2551 1397 92 50 und
2672 1397 71 50 die
2771 1402 204 61 grössten
3008 1400 319 66 Componisten

1815 1491 80 32 aus
1912 1475 101 47 dem
2031 1475 210 63 Anfange
2257 1475 77 48 des
2351 1476 292 48 achtzehnten
2658 1477 335 49 Jahrhunderts
3010 1479 313 49 anschliessen.

1930 1551 118 48 Was
2079 1568 103 31 man
2212 1551 42 48 in
2285 1551 80 47 der
2386 1552 149 47 Kunst
2561 1552 98 47 eine
2682 1554 164 47 Schule
2873 1561 153 50 nennt,
3055 1554 41 49 d.
3121 1555 40 47 h.
3193 1555 128 49 einen

1815 1627 290 66 Mittelpunkt
2133 1627 256 49 traditionel
2419 1627 365 66 fortgepflanzter
2812 1630 149 57 Ideen,
2992 1631 306 66 Verfahrungs-

1815 1706 165 47 weisen
2011 1705 89 48 und
2133 1705 367 65 Erinnerungen,
2542 1705 54 48 ist
2625 1705 77 48 das
2730 1706 247 64 Ergebniss
3005 1709 160 47 zweier
3194 1717 131 40 unter

1813 1782 219 48 einander
2069 1783 386 64 verschlungenen
2486 1783 342 64 Bewegungen,
2866 1783 123 47 einer
3030 1785 296 63 allgemeinen

1816 1861 265 63 Bewegung
2109 1858 78 49 des
2217 1858 332 49 menschlichen
2575 1860 172 47 Geistes
2771 1858 89 49 und
2884 1860 119 47 eines
3026 1860 168 48 localen
3219 1862 81 47 Ein-

1817 1937 172 55 flusses,
2019 1936 80 48 der
2128 1936 102 48 dem
2259 1936 159 48 Lande
2441 1936 239 65 angehört,
2710 1952 71 32 wo
2810 1937 98 47 eine
2931 1936 165 48 Schule
3124 1937 90 48 sich
3247 1938 60 49 bil-

1813 2015 88 48 det.
1934 2015 154 47 Italien
2111 2032 33 30 z.
2172 2015 66 54 ß.,
2267 2013 199 49 obschon
2497 2030 45 30 es
2573 2030 56 32 an
2658 2013 81 49 der
2768 2013 323 65 europäischen
3115 2015 212 66 Bildung,

1813 2091 71 49 die
1914 2091 78 48 das
2025 2091 147 49 Werk
2202 2091 76 48 des
2310 2091 362 48 Christenthums
2700 2092 70 55 ist,
2801 2092 126 47 Theil
2956 2091 176 57 nimmt,
3172 2100 126 42 unter-

1808 2168 200 49 scheidet
2033 2167 92 48 sich
2150 2167 113 48 doch
2288 2167 141 48 durch
2459 2167 128 48 einen
2617 2167 409 65 eigentümlichen
3053 2168 269 59 Charakter,

1811 2247 84 47 wie
1920 2244 205 65 Venedig
2146 2246 203 47 inmitten
2373 2244 80 49 der
2481 2244 306 49 italiänischen
2810 2244 214 64 Bildung,
3052 2262 52 29 zu
3129 2247 196 47 welcher

1811 2340 46 30 es
1886 2322 86 48 den
2004 2323 187 47 Anstoss
2232 2321 206 64 gegeben
2480 2322 94 56 hat,
2616 2322 98 47 eine
2752 2321 367 64 hervorragende
3158 2322 138 65 Eigen-

1812 2399 315 47 tümlichkeit
2150 2398 226 53 bewahrt,
2405 2397 71 48 die
2506 2413 45 32 es
2582 2398 113 47 allen
2719 2398 151 47 seinen
2895 2397 304 65 Handlungen
3229 2401 73 47 auf-

1812 2476 177 48 drückt.
2020 2476 74 47 Ich
2126 2476 86 47 will
2244 2474 123 49 nicht
2389 2474 42 49 in
2457 2474 291 65 Erinnerung
2772 2473 206 65 bringen,
3008 2490 92 33 was
3125 2476 203 66 Venedig

1811 2570 211 48 gewesen
2053 2553 69 56 ist,
2150 2552 142 48 durch
2324 2552 171 48 welche
2521 2552 213 49 Wunder
2756 2568 82 32 von
2861 2552 147 56 Muth,
3035 2552 174 48 Geduld
3236 2553 90 48 und

1812 2631 244 48 Ausdauer
2083 2647 45 31 es
2156 2629 92 49 sich
2278 2646 80 32 aus
2386 2629 102 49 dem
2521 2628 188 50 Grunde
2751 2628 80 48 der
2870 2629 239 64 Lagunen,
3151 2631 172 48 welche

1811 2708 122 47 seine
1962 2707 169 65 Wiege
2173 2722 208 50 gewesen
2424 2704 116 57 sind,
2580 2723 54 31 zu
2676 2704 101 50 dem
2820 2713 147 41 ersten
3008 2707 158 63 Range
3203 2707 123 49 eines

1812 2784 262 66 politischen
2104 2786 203 62 Körpers
2337 2782 203 49 erhoben
2572 2783 90 48 hat.
2692 2782 205 64 Venedig
2927 2782 142 48 liefert
3096 2783 119 48 eines
3245 2783 81 49 der

1811 2860 345 66 schlagendsten
2174 2860 220 66 Beispiele
2415 2877 84 32 von
2523 2859 82 50 der
2621 2860 177 49 Gewalt
2820 2859 340 59 menschlicher,
3181 2859 145 51 durch

1815 2939 224 48 Vernunft
2083 2939 235 65 geleiteter
2357 2938 272 65 Thätigkeit.
2747 2938 133 47 Stark
2921 2937 91 48 und
3054 2937 275 50 unermüdet

1812 3017 60 47 im
1904 3015 185 65 Kriege,
2130 3014 81 50 der
2238 3022 106 42 stets
2379 3032 86 30 nur
2500 3014 70 48 ein
2599 3014 143 48 Mittel
2771 3031 113 38 war,
2925 3013 123 48 seine
3076 3013 218 51 Unabhän-

1813 3094 172 65 gigkeit
2023 3111 52 31 zu
2130 3093 259 65 behaupten
2438 3092 89 48 und
2577 3092 122 48 seine
2739 3090 482 50 Handels-Interessen
3274 3111 52 30 zu

1812 3172 229 54 schützen,
2070 3170 136 65 ruhig
2232 3169 91 48 und
2354 3168 229 49 Aufwand
2613 3168 180 49 liebend
2822 3169 58 47 im
2906 3168 213 57 Frieden,
3149 3168 79 49 der
3250 3169 78 50 das

1812 3255 112 41 stete
1952 3248 91 48 Ziel
2072 3247 146 48 seiner
2248 3245 161 50 Politik
2439 3263 115 39 war,
2596 3245 188 49 brachte
2826 3244 120 50 diese
2975 3244 228 66 Republik
3241 3263 82 32 von

1816 3325 292 57 Kaufleuten,
2136 3342 84 32 von
2243 3323 269 57 Patriciern,
2540 3340 85 32 von
2648 3323 266 57 Künstlern,
2944 3339 82 32 von
3052 3323 247 49 Staatsmän-

1815 3419 129 41 nern,
1972 3419 84 32 von
2084 3401 218 49 Denkern
2345 3399 93 49 und
2465 3417 86 31 von
2588 3400 235 65 sorglosen
2850 3399 218 48 Dichtern
3097 3399 97 49 eine
3222 3415 76 33 aus-

1816 3479 225 49 nehmend
2075 3479 235 65 originelle
2340 3476 197 66 Bildung
2579 3478 182 57 hervor,
2801 3478 44 47 in
2887 3476 194 49 welcher
3119 3475 89 48 sich
3251 3476 72 50 die

1813 3555 342 51 Freiheitsliebe
2178 3555 79 50 des
2278 3555 305 48 hellenischen
2608 3555 173 48 Geistes
2810 3555 79 47 mit
2909 3553 99 48 dem
3040 3553 283 66 praktischen

1813 3633 486 52 Menschenverstände
2328 3631 81 50 der
2436 3634 174 48 Römer
2638 3631 285 50 verschmolz.

1926 3710 314 65 Edelmüthig,
2268 3709 372 67 gastfreundlich,
2669 3709 102 48 dem
2803 3705 362 51 Christenthume
3194 3724 105 50 erge-

1813 3788 103 58 ben,
1945 3790 112 47 aber
2080 3789 297 65 unabhängig
2399 3788 80 49 der
2506 3789 163 47 Kirche
2691 3784 279 67 gegenüber,
2998 3784 140 49 deren
3162 3785 136 51 beson-

1812 3865 108 50 dere
1949 3865 391 50 Gerichtsbarkeit
2367 3866 62 47 sie
2457 3864 294 54 zurückwies,
2789 3861 167 48 reichte
2992 3860 71 48 die
3092 3862 229 65 Republik

1811 3944 117 48 allen
1958 3942 276 51 berühmten
2257 3942 297 50 Verbannten
2582 3941 68 48 die
2678 3939 151 58 Hand,
2859 3939 146 48 einem
3036 3940 169 66 Kepler
3232 3940 91 51 und

1813 4021 176 56 Galilei,
2033 4021 264 56 Gelehrten,
2335 4020 262 55 Künstlern,
2639 4015 237 51 enterbten
2904 4015 209 58 Prinzen,
3154 4017 172 50 welche

1811 4099 62 49 sie
1915 4099 86 49 alle
2043 4100 82 48 mit
2164 4100 143 48 ihrem
2345 4097 192 49 Schutze
2572 4094 90 52 und
2705 4094 80 48 mit
2823 4092 124 50 ihrer
2988 4094 339 67 Freigebigkeit

2953 4169 73 52 24
