3479 4396
415 191 1392 198 Niederrheiiiischc
1909 196 1123 254 Musik-Zeitung

743 475 191 84 für
987 480 836 84 Kunstfreunde
1878 485 232 82 und
2163 483 564 84 Hünstier.

208 654 425 80 Herausgegeben
677 672 97 36 von
819 654 257 55 Professor
1106 654 68 56 L.
1199 653 262 79 Bischof.
1583 658 188 83 Verlag
1811 661 88 53 der
1920 659 83 56 M.
2028 657 770 81 DuMont-Schauberg'schen
2845 663 415 80 Buchhandlung.

276 851 80 56 Nr.
393 851 79 57 29.

1447 842 170 86 KÖLN,
1653 855 74 57 16.
1763 854 98 58 Juli
1897 856 134 56 1859.

2795 856 96 59 VII.
2927 856 265 74 Jahrgang.

307 1024 218 37 Inhalt.

580 1027 157 34 Franz
779 1026 182 46 Joseph
1005 1027 191 35 Gossec.
1238 1029 48 34 11.
1390 1030 236 36 HändeTs
1663 1029 220 35 Susanna
1923 1030 194 46 (Ausgabe
2161 1030 119 35 dieses
2308 1030 156 35 Werkes
2503 1030 117 35 durch
2660 1030 57 35 die
2759 1030 175 35 deutsche
2959 1032 305 35 Händel-Gesell-

205 1085 123 35 schaft
438 1086 242 45 Aufführung
709 1086 193 36 desselben
928 1088 40 33 in
994 1088 129 45 Köln).
1150 1089 81 34 Von
1258 1089 42 35 L.
1330 1090 40 35 B.
1476 1091 175 46 Tages-
1694 1090 96 34 und
1818 1088 532 47 Unterhaltungsblatt
2388 1090 152 46 (Berlin,
2578 1090 229 34 Kroirsches
2835 1090 159 36 Theater
3093 1091 171 46 Bogumil

205 1146 174 34 Dawison
483 1146 122 46 Wien,
636 1145 282 47 Capellraeister
945 1146 229 45 Stegmayer,
1203 1148 123 34 Anton
1355 1148 144 35 Ascher
1525 1152 24 42 f
1654 1149 191 35 Boieldieu
1872 1149 92 34 über
1990 1149 175 43 Rossini).

523 1379 222 56 Franz
796 1378 263 74 Joseph
1114 1378 282 58 Gossec.

933 1503 54 46 II.

812 1590 43 45 (l.
884 1602 29 24 s.
942 1590 60 36 Nr.
1033 1589 75 46 27.)

323 1665 233 48 Nachdem
587 1665 79 48 der
695 1674 115 39 erste
838 1665 183 64 Appetit
1059 1665 163 62 gestillt
1257 1683 112 38 war,
1410 1665 176 65 begann
1616 1668 60 45 Ra-

214 1759 130 32 meau
375 1741 70 49 die
473 1743 359 63 Unterhaltung:

323 1819 147 47 Sehen
499 1819 89 54 Sie,
626 1819 139 47 lieber
799 1819 168 66 junger
995 1821 153 55 Mann,
1188 1819 73 48 Sie
1302 1818 95 47 sind
1428 1819 83 46 mir
1550 1818 62 47 als
1641 1824 44 41 ta-

208 1895 174 47 lentvoll
426 1895 255 64 empfohlen
723 1894 207 57 worden;
973 1896 69 47 ich
1086 1896 119 47 hätte
1235 1895 266 47 Misstrauen
1542 1893 44 47 in
1628 1893 78 47 das

211 1971 304 47 Wohlwollen
545 1970 75 47 des
649 1970 193 47 Lehrers
888 1973 74 45 für
998 1971 84 49 den
1113 1971 189 49 Schüler
1334 1976 147 41 setzen
1510 1969 194 53 können,

207 2049 111 45 aber
352 2047 72 47 Sie
465 2046 147 48 haben
655 2046 83 47 mir
776 2046 240 57 bewiesen,
1064 2049 101 47 dass
1202 2064 49 30 er
1285 2046 121 47 nicht
1431 2061 53 31 zu
1513 2045 78 47 viel
1622 2061 84 30 von

207 2124 140 45 ihnen
376 2130 160 55 gesagt
563 2122 86 47 hat.
681 2122 117 47 Was
828 2124 118 47 kann
974 2124 69 47 ich
1072 2140 90 31 nun
1194 2122 75 47 für
1298 2121 72 47 Sie
1400 2121 142 47 thun?
1591 2120 117 48 Was

208 2197 146 50 haben
395 2197 74 47 Sie
504 2197 130 49 beide
671 2199 75 45 für
774 2197 265 50 Aussichten
1071 2199 90 48 und
1188 2197 158 56 Mittel,
1376 2197 43 46 in
1447 2196 125 47 Paris
1603 2196 84 47 fort-

210 2275 302 47 zukommen?

327 2351 170 47 Unsere
525 2350 141 47 Mittel
695 2348 96 49 sind
823 2351 113 47 eben
965 2351 122 47 nicht
1122 2366 141 48 gross,
1304 2355 267 42 antwortete
1595 2347 84 47 Gos-

208 2442 86 31 sec.
339 2426 75 47 Bei
446 2442 184 31 unserer
659 2426 190 48 Abreise
878 2442 80 32 aus
987 2428 276 61 Antwerpen
1303 2425 151 45 hatten
1484 2423 82 46 wir
1594 2422 86 46 hun-

208 2503 97 47 dert
335 2502 273 48 Kronthaler
649 2503 57 46 im
748 2503 275 64 Vermögen,
1064 2502 70 48 die
1175 2502 234 47 mühsame
1450 2498 258 65 Ersparniss

210 2595 78 30 aus
310 2578 99 47 dem
434 2580 195 62 Ertrage
652 2577 80 48 der
755 2578 217 56 Stunden,
1001 2577 70 48 die
1101 2578 82 47 wir
1210 2576 220 65 gegeben.
1459 2575 153 47 Ueber
1638 2573 70 47 die

210 2656 148 47 Hälfte
389 2655 141 47 davon
560 2655 54 47 ist
642 2672 88 31 nun
763 2655 167 47 freilich
972 2655 137 48 schon
1152 2655 102 54 fort,
1297 2653 110 47 aber
1435 2651 141 48 durch
1605 2651 103 47 Ihre

211 2731 305 64 Empfehlung
548 2731 107 47 wird
688 2747 45 32 es
761 2747 82 31 uns
871 2731 121 47 nicht
1020 2747 56 31 an
1097 2729 202 51 Stunden
1323 2728 163 55 fehlen,
1518 2726 89 48 und
1631 2726 79 47 mit

211 2808 154 47 Gottes
388 2807 91 47 und
501 2823 185 32 unserer
705 2807 182 65 Jugend
911 2807 136 47 Hülfe
1069 2806 152 48 hoffen
1249 2806 82 47 wir
1358 2804 42 47 in
1423 2803 124 48 Paris
1575 2802 131 48 leben

207 2902 51 29 zu
291 2884 190 47 können.

321 2959 219 55 Stunden,
569 2958 224 48 Stunden!
832 2966 126 57 sagte
986 2961 222 53 Rameau,
1249 2956 77 49 das
1367 2957 54 46 ist
1461 2971 110 49 ganz
1613 2961 93 57 gut.

210 3036 128 48 Aber
365 3036 72 47 Sie
468 3039 177 44 müssen
675 3051 77 32 vor
780 3036 146 47 Allem
958 3036 68 45 ein
1058 3034 128 47 festes
1213 3032 298 48 Einkommen
1542 3030 164 55 haben,

208 3110 78 47 das
316 3112 75 45 für
419 3110 70 46 die
520 3109 384 64 nothwendigsten
929 3109 284 47 Bedürfnisse
1237 3107 235 48 ausreicht.
1503 3107 73 47 Sie
1598 3105 82 47 wol-

210 3188 67 46 len
309 3187 306 63 componiren,
658 3185 102 47 Sich
800 3185 129 49 einen
958 3187 175 47 Namen
1171 3184 210 47 machen:
1423 3183 83 47 wie
1542 3183 53 46 ist
1628 3180 79 51 das

211 3262 363 55 durchzusetzen,
614 3278 130 31 wenn
775 3262 101 47 Ihre
907 3262 188 47 Schüler
1122 3260 102 47 Ihre
1254 3276 138 48 ganze
1419 3259 96 47 Zeit
1542 3258 42 47 in
1613 3258 62 47 An-

208 3339 164 65 spruch
400 3339 225 48 nehmen?
680 3338 199 63 Dreissig
904 3338 141 47 Jahre
1082 3338 106 62 lang
1217 3335 115 49 habe
1367 3335 68 46 ich
1464 3334 113 48 auch
1608 3349 99 32 vom

211 3414 352 65 Stundengeben
587 3414 165 65 gelebt,
782 3414 92 47 und
893 3414 185 63 dreissig
1099 3414 139 46 Jahre
1261 3413 103 62 lang
1386 3411 77 47 hat
1486 3410 114 47 mich
1631 3409 77 48 das

212 3491 252 64 gehindert,
494 3508 158 48 empor
678 3508 52 29 zu
763 3490 224 47 kommen.
1036 3490 86 46 Ein
1151 3486 329 64 edelmüthiger
1509 3486 199 56 Gönner,

211 3566 221 55 derselbe,
481 3568 100 47 dem
631 3566 68 49 ich
743 3566 72 47 Sie
866 3566 132 47 heute
1040 3563 184 49 Abends
1265 3563 232 47 vorstellen
1542 3560 166 56 werde,

212 3649 164 41 musste
408 3643 84 47 mir
518 3650 92 40 erst
635 3660 51 30 zu
718 3641 134 47 Hülfe
883 3643 209 45 kommen
1123 3639 89 48 und
1238 3640 251 46 Vertrauen
1519 3636 41 47 in
1593 3636 113 47 mich

211 3726 161 46 setzen,
390 3719 141 47 damit
559 3719 85 52 ich,
667 3719 122 47 nicht
817 3718 166 63 gerade
1011 3733 80 32 aus
1120 3716 101 47 dem
1249 3714 176 48 Dunkel
1457 3712 226 47 hervortre-

214 3803 69 39 ten
314 3794 180 56 konnte,
523 3794 117 47 denn
672 3795 143 46 meine
845 3792 327 49 theoretischen
1204 3790 178 49 Werke
1411 3790 150 46 hatten
1593 3787 115 47 mich

211 3872 136 47 schon
388 3871 167 62 einiger
583 3871 205 46 Maassen
831 3870 221 47 rühmlich
1099 3869 197 48 bekannt
1335 3865 223 65 gemacht,
1600 3864 111 48 aber

212 3947 140 47 damit
389 3947 66 46 ich
493 3946 71 47 die
593 3946 176 53 Gaben,
812 3946 68 47 die
925 3946 84 47 mir
1038 3946 106 47 Gott
1181 3944 242 52 verliehen,
1464 3958 78 30 ans
1583 3940 129 48 Licht

214 4021 186 65 bringen
419 4022 179 49 konnte.
628 4022 91 46 Das
743 4021 106 47 alles
870 4021 102 47 kam
998 4021 68 48 bei
1092 4021 84 47 mir
1198 4027 137 40 etwas
1358 4021 118 61 spät;
1506 4016 202 48 dennoch

1778 1362 117 48 habe
1936 1363 67 47 ich
2044 1362 99 48 kein
2181 1362 158 56 Recht,
2384 1362 113 47 mich
2526 1379 52 30 zu
2609 1362 244 63 beklagen;
2896 1363 57 46 im
2985 1363 275 63 Gegentheil.

1777 1438 124 48 Aber
1922 1438 68 47 ich
2016 1438 114 47 kann
2153 1438 140 47 Ihnen
2315 1438 70 47 die
2397 1438 166 47 Leiden
2583 1438 87 46 und
2687 1438 207 63 Kämpfe,
2917 1438 70 47 die
3009 1439 66 46 ich
3100 1438 135 48 durch-

1779 1514 187 47 machen
2005 1520 180 47 musste,
2225 1529 226 49 ersparen,
2486 1514 63 62 ja,
2590 1514 66 46 ich
2696 1514 116 47 kann
2846 1514 140 47 Ihnen
3015 1531 83 30 von
3128 1514 132 48 heute

1777 1606 56 31 an
1862 1589 136 47 schon
2035 1589 96 47 eine
2168 1589 105 47 feste
2315 1589 89 47 und
2449 1589 82 47 fast
2566 1606 109 46 ganz
2712 1589 315 63 unabhängige
3061 1590 203 64 Stellung

1777 1665 222 47 anbieten.
2032 1665 180 47 Wollen
2240 1665 74 47 Sie
2336 1665 207 46 Director
2571 1664 78 47 der
2672 1665 178 62 Capelle
2878 1664 75 47 des
2973 1665 149 47 Herrn
3145 1665 54 47 de
3222 1666 41 47 la

2083 1740 211 48 werden?
2323 1741 72 47 Sie
2426 1744 174 44 müssen
2629 1741 84 47 alle
2738 1741 207 47 Wochen
2973 1741 69 47 ein
3074 1741 191 47 Concert

1777 1818 41 45 in
1845 1818 166 45 seinem
2040 1816 133 47 Hotel
2216 1815 210 65 dirigiren
2468 1816 89 46 und
2593 1816 42 46 in
2679 1815 80 47 der
2792 1816 193 47 schönen
3021 1816 244 47 Jahreszeit

1777 1895 222 61 Sonntags
2021 1894 172 46 Messen
2218 1891 88 49 und
2323 1894 215 46 Motetten
2559 1893 42 47 in
2624 1891 80 47 der
2727 1893 179 62 Capelle
2926 1893 140 47 seines
3089 1894 150 46 Schlos-

1774 1985 69 32 ses
1882 1971 43 45 in
1961 1970 135 62 Passy
2131 1969 257 47 aufführen.
2445 1967 150 49 Dafür
2634 1967 135 47 sollen
2811 1967 72 49 Sie
2931 1967 141 49 1800
3113 1969 151 47 Livres

1769 2045 191 63 jährlich
1992 2044 224 48 beziehen.

1889 2120 143 47 Frau!
2059 2120 143 46 Frau!
2229 2119 88 47 rief
2341 2119 162 47 Gossec
2534 2117 86 49 und
2651 2119 71 45 fiel
2750 2117 70 47 ihr
2849 2119 79 45 mit
2954 2119 172 47 heissen
3148 2120 87 46 Küs-

1776 2211 76 32 sen
1884 2213 72 30 um
1988 2196 84 47 den
2101 2196 124 47 Hals.

1889 2271 85 47 Die
2003 2271 142 47 kleine
2173 2271 123 47 Frau
2336 2270 226 47 erröthete
2605 2270 110 47 hoch
2757 2268 90 47 und
2888 2268 103 47 rief:
3033 2270 117 47 Was
3184 2270 52 45 be-

1776 2347 148 61 ginnst
1950 2347 91 47 du?
2078 2346 147 47 Siehst
2251 2345 61 47 du
2338 2346 117 47 denn
2489 2346 150 46 Herrn
2668 2347 204 45 Rameau
2898 2343 149 47 nicht?
3076 2345 103 47 hast
3202 2345 60 47 du

1778 2422 156 47 keinen
1965 2422 131 48 Dank
2126 2422 76 46 für
2228 2421 106 47 ihn?

1887 2498 165 47 Lassen
2082 2497 109 47 Sie's
2220 2503 80 56 gut
2326 2497 107 53 sein,
2468 2503 124 58 sagte
2620 2497 225 52 Rameau;
2887 2493 109 48 aber
3024 2493 234 64 eigentlich

1777 2573 76 49 hat
1877 2575 103 45 Ihre
2008 2573 116 47 liebe
2152 2575 121 45 Frau
2303 2572 156 56 Recht,
2503 2571 88 48 und
2619 2571 68 47 ich
2723 2571 133 54 hoffe,
2894 2571 61 45 sie
2983 2568 136 48 selbst
3146 2568 112 47 wird

1774 2648 257 48 dankbarer
2065 2649 108 55 sein,
2215 2665 131 30 wenn
2381 2648 68 47 ich
2487 2648 68 46 ihr
2581 2663 120 47 sage,
2743 2646 98 47 dass
2869 2646 62 47 sie
2958 2662 79 29 zur
3066 2644 167 49 Clavier-

1773 2726 205 63 spielerin
1999 2726 42 47 in
2059 2724 84 49 den
2158 2723 357 50 Concertenund
2535 2740 78 30 zur
2625 2722 258 65 Organistin
2905 2722 43 46 in
2969 2721 290 57 derScjiloss-

1776 2802 177 63 Capelle
1983 2801 77 47 mit
2091 2799 142 50 1200
2263 2799 151 47 Livres
2445 2799 161 47 Gehalt
2633 2806 188 39 ernannt
2849 2795 176 49 werden
3055 2797 93 47 soll.

1886 2878 196 46 Diesmal
2110 2879 193 45 stürzten
2332 2876 109 46 aber
2461 2874 136 48 Beide
2627 2872 332 66 überglücklich
2988 2873 82 47 auf
3090 2873 76 47 ihn
3195 2873 63 47 los

1773 2953 90 47 und
1892 2959 253 41 umarmten
2173 2950 90 49 und
2293 2950 179 49 küssten
2498 2950 75 47 ihn
2602 2949 202 47 herzlich.

1886 3030 103 46 Man
2030 3029 116 47 kann
2185 3027 191 54 denken,
2418 3027 167 47 welche
2625 3025 178 47 Freude
2840 3024 107 64 jetzt
2987 3024 70 47 bei
3099 3023 156 47 Tische

1773 3104 241 47 herrschte.

1885 3179 126 48 Nach
2050 3179 99 48 dem
2179 3180 139 45 Essen
2356 3178 159 47 kamen
2545 3175 69 47 die
2642 3175 386 50 Kleiderkünstler
3055 3189 72 41 an,
3169 3173 89 47 und

1774 3255 78 48 das
1873 3257 141 66 junge
2041 3257 119 45 Paar
2190 3254 172 47 machte
2392 3253 200 45 Toilette.
2634 3251 128 47 Auch
2793 3253 202 45 Bameau
3024 3250 114 62 legte
3166 3249 92 47 sein

1777 3331 264 49 Staatskleid
2078 3347 74 40 an,
2192 3330 127 47 einen
2347 3328 220 48 Leibrock
2610 3344 81 31 von
2727 3328 216 47 braunem
2973 3326 174 47 Sammt
3182 3325 80 47 mit

1779 3408 190 47 blanken
1999 3406 342 63 Stahlknöpfen,
2375 3404 98 47 eine
2502 3403 306 48 weissseidene
2839 3403 172 53 Weste,
3053 3400 79 48 auf
3154 3400 81 47 wel-

1778 3484 106 47 cher
1912 3483 77 48 das
2017 3484 241 53 schwarze,
2296 3481 140 47 breite
2463 3479 127 48 Band
2627 3479 76 47 des
2731 3477 176 49 Ordens
2941 3494 101 30 vom
3071 3476 193 64 heiligen

1778 3560 187 47 Michael
2002 3560 188 62 glänzte,
2230 3555 379 49 schwarzseidene
2644 3552 297 58 Beinkleider,
2981 3552 257 47 schwarzsei-

1778 3635 111 47 dene
1918 3635 227 63 Strümpfe
2182 3632 89 49 und
2301 3632 179 49 Schuhe
2521 3631 76 46 mit
2638 3629 217 63 goldenen
2886 3629 251 47 Schnallen.
3178 3629 85 47 Um

1779 3711 103 47 halb
1913 3710 137 47 Sechs
2092 3710 103 47 fuhr
2230 3709 69 47 ein
2329 3709 181 61 Wagen
2544 3705 75 47 des
2648 3706 149 46 Herrn
2836 3704 55 47 de
2921 3706 40 46 la
2988 3704 276 63 Popeliniere

1777 3804 79 30 vor
1885 3786 89 47 und
2005 3785 183 49 brachte
2216 3784 61 48 sie
2300 3784 112 47 nach
2435 3782 153 47 dessen
2613 3781 149 55 Hotel,
2794 3796 70 32 wo
2887 3781 136 46 schon
3047 3780 68 47 ein
3140 3777 122 47 Theil

1778 3862 79 47 der
1887 3861 290 48 Gesellschaft
2204 3858 280 50 versammelt
2511 3872 108 32 war.

1891 3938 85 46 Die
2004 3937 158 47 Salons
2190 3936 80 47 der
2298 3935 148 47 hohen
2469 3933 257 47 Financiers
2769 3949 150 31 waren
2961 3930 166 47 damals
3164 3944 69 29 vor-

1778 4013 240 65 zugsweise
2033 4012 80 48 der
2129 4013 86 47 Sitz
2234 4011 76 48 des
2328 4011 194 47 feineren
2538 4008 189 49 Lebens.
2759 4008 205 49 Gelehrte
2986 4003 85 49 und
3096 4005 163 44 Künst-

2618 4086 64 48 29
