3076 4398
174 126 82 46 128

167 221 77 57 his
283 222 235 62 services,
560 218 100 59 and
706 216 162 59 under
907 216 185 56 artistic
1145 213 287 57 conditions
1473 237 57 33 so

169 310 324 59 extravagant
529 293 106 59 that
684 317 68 35 no
809 316 100 36 one
966 313 98 34 can
1121 288 229 74 possibly
1389 288 144 59 work

169 371 123 57 with
349 369 138 58 him?
588 368 108 57 Yet
750 367 85 57 the
894 363 189 76 legend
1134 363 55 58 of
1238 363 97 58 this
1399 362 131 59 third

169 443 231 60 Edward
440 443 220 57 Gordon
700 444 155 71 Craig
893 463 108 36 was
1028 438 244 58 invented
1319 453 51 42 at
1406 438 128 57 least

167 533 190 59 twenty
383 542 144 48 years
554 540 113 50 ago,
691 515 103 59 and
820 521 37 54 it
881 517 90 56 has
1001 514 134 57 been
1172 512 361 75 industriously

167 594 122 73 kept
326 593 134 58 alive
498 593 69 74 by
608 592 189 72 people
837 592 119 57 who
995 603 186 43 cannot
1219 588 312 58 understand

170 669 84 57 the
293 669 144 56 other
480 682 121 52 two,
641 691 56 33 or
753 667 169 73 prefer
978 679 86 42 not
1115 679 52 42 to
1218 663 313 58 understand

167 743 154 58 them.

279 816 122 59 You
448 815 174 60 would
681 839 226 50 suppose
962 814 121 57 that
1131 814 70 74 by
1256 813 98 58 this
1412 815 121 56 time

169 891 84 59 the
310 891 245 59 dramatic
613 893 184 64 critics,
857 904 51 43 at
965 889 142 67 least,
1167 888 176 58 would
1401 889 132 57 have

166 965 159 60 found
364 980 87 43 out
487 965 86 57 the
611 966 130 56 truth
800 964 157 58 about
1013 964 97 57 this
1150 962 207 77 legend.
1437 964 98 57 But

167 1041 86 57 the
291 1041 245 59 dramatic
575 1042 166 56 critics
781 1064 89 34 see
915 1063 59 34 so
1031 1063 151 49 many
1227 1039 144 73 plays
1429 1039 106 57 that

169 1116 119 73 they
326 1116 131 56 have
484 1139 66 33 no
578 1117 120 56 time
738 1114 89 58 left
866 1138 132 34 even
1030 1114 76 57 for
1131 1109 212 80 reading
1371 1114 163 57 books

170 1191 156 57 about
383 1190 85 57 the
520 1190 191 57 theatre
771 1190 42 68 (I
872 1190 154 57 know
1083 1187 116 68 this,
1251 1189 76 57 for
1366 1189 19 57 I
1426 1213 108 33 was

166 1265 172 58 fifteen
374 1289 145 48 years
559 1289 30 33 a
627 1263 245 60 dramatic
909 1263 183 72 critic),
1129 1263 103 58 and
1270 1263 108 58 also
1417 1265 121 71 they

169 1341 129 56 have
329 1340 103 57 had
458 1363 66 33 no
551 1355 174 42 recent
745 1342 323 71 opportunity
1106 1338 55 58 of
1183 1338 215 75 judging
1429 1338 106 58 Mr.

169 1412 199 75 Craig's
427 1413 142 57 work
626 1437 53 33 as
739 1439 30 31 a
827 1413 245 57 dramatic
1110 1415 152 64 artist,
1303 1413 77 56 his
1418 1436 87 48 pro-

170 1490 232 57 ductions
442 1488 185 73 having
673 1490 137 55 been
867 1490 153 55 made
1077 1490 52 55 in
1186 1488 145 57 other
1379 1511 125 34 coun-

170 1566 117 54 tries
327 1562 102 57 and
470 1577 86 42 not
595 1566 51 54 in
688 1562 255 74 England.
1049 1562 73 57 So
1161 1562 86 57 the
1293 1562 242 57 dramatic

169 1641 164 54 critics
360 1662 86 33 are
484 1638 180 72 hardly
710 1653 51 42 to
800 1638 67 57 be
905 1637 209 58 blamed
1139 1637 38 56 if
1204 1637 119 73 they
1350 1652 186 57 accept

170 1712 84 57 the
294 1710 187 75 legend
522 1712 53 57 of
612 1712 86 57 the
744 1712 132 57 third
915 1710 107 59 Mr.
1065 1713 158 71 Craig
1262 1735 55 33 as
1356 1735 100 33 one
1483 1712 53 56 of

169 1788 85 56 the
292 1789 328 55 conventions
659 1787 53 57 of
750 1787 129 57 their
903 1787 160 57 trade.

283 1859 338 67 Meanwhile,
661 1860 86 56 the
787 1862 99 56 first
924 1859 102 59 and
1067 1858 194 60 second
1304 1859 230 59 Edward

170 1934 218 58 Gordon
428 1937 179 72 Craigs
645 1935 131 57 have
805 1935 135 59 been
979 1938 152 71 going
1158 1934 194 74 quietly
1376 1934 158 58 about

169 2010 125 57 their
334 2010 230 57 business
603 2034 55 33 as
698 2013 162 54 artists
898 2011 103 56 and
1040 2014 194 53 writers
1274 2009 102 58 and
1403 2009 103 57 thin-

170 2084 110 56 kers
321 2084 74 56 for
452 2084 84 57 the
594 2085 210 56 theatre.
908 2085 19 56 1
987 2084 69 57 do
1109 2099 86 42 not
1258 2107 150 33 mean
1465 2084 70 72 by

230 2158 218 57 thinkers
545 2159 189 72 people
773 2159 121 58 v/ho
952 2183 157 52 argue
1153 2159 159 57 about
1351 2183 89 33 sex
1479 2184 56 32 or

170 2232 217 75 religion
425 2258 56 32 or
520 2234 200 71 politics
759 2258 66 33 on
863 2234 87 57 the
988 2249 141 60 stage
1168 2236 52 55 in
1258 2234 87 57 the
1392 2235 143 72 guise

170 2307 53 56 of
261 2306 342 75 playwrights,
644 2307 90 58 but
773 2307 189 74 people
1002 2309 118 57 who
1172 2310 234 55 examine
1450 2307 85 58 the

169 2381 322 57 foundations
543 2382 54 56 of
653 2382 246 57 dramatic
938 2382 350 73 performance
1316 2414 73 8 —
1415 2382 119 57 who

170 2459 255 69 perceive,
453 2456 78 57 for
569 2457 252 73 example,
851 2459 105 55 that
995 2457 246 57 dramatic
1281 2457 253 57 literature

173 2530 127 58 does
340 2545 85 43 not
463 2531 209 58 include
716 2532 85 59 the
861 2532 170 57 whole
1088 2532 52 57 of
1197 2532 192 66 drama,
1431 2532 103 56 and

173 2605 104 55 that
315 2605 85 55 the
439 2607 341 69 presentation
819 2607 52 56 of
909 2631 31 32 a
979 2605 119 73 play
1143 2605 181 58 should
1354 2621 85 42 not
1465 2607 70 56 be

170 2680 253 73 regarded
460 2705 55 33 as
555 2706 29 32 a
625 2696 99 42 sort
750 2681 54 57 of
829 2683 255 56 accretion
1111 2696 51 42 to
1201 2681 85 57 the
1333 2681 201 72 literary

170 2754 156 58 work.
406 2754 142 59 Such
587 2754 190 74 people
804 2780 85 33 are
928 2756 283 72 especially
1248 2756 211 57 needed
1487 2771 49 42 at

171 2828 84 57 the
294 2843 202 57 present
533 2832 137 61 time,
712 2831 154 57 when
891 2829 85 59 the
1003 2829 311 59 intellectual
1340 2831 194 57 theatre

170 2906 41 53 is
251 2902 254 76 perishing
545 2904 53 56 of
640 2907 61 54 its
753 2928 121 33 own
924 2906 291 72 superfluity
1266 2904 53 57 of
1368 2904 163 68 ideas,

171 2975 101 58 and
311 2977 260 58 theatrical
609 2993 74 42 art
720 2982 175 70 enjoys
936 3003 141 33 some
1115 2979 137 73 hope
1286 2979 54 57 of
1375 2994 130 42 resto-

170 3053 175 56 ration.

282 3127 124 55 One
462 3127 52 55 of
571 3127 87 57 the
715 3142 104 42 two
879 3128 105 57 Mr.
1045 3129 197 75 Craigs,
1285 3129 119 57 who
1444 3128 90 57 has

171 3199 266 71 produced
476 3199 142 74 plays
659 3200 70 74 by
768 3201 150 58 Ibsen
945 3226 53 33 as
1039 3201 119 58 well
1197 3227 55 33 as
1293 3203 143 72 plays
1465 3203 69 70 by

173 3274 370 72 Shakespeare,
584 3299 108 33 was
745 3276 153 73 lately
954 3278 193 56 invited
1205 3292 52 42 to
1316 3278 147 56 make
1505 3302 29 32 a

171 3346 261 59 theatrical
471 3349 320 70 production.
871 3350 192 57 Ibsen's
1162 3350 120 58 The
1323 3351 181 57 Preten-

173 3421 115 59 ders
413 3424 170 57 which
634 3425 102 56 had
795 3425 136 57 been
988 3426 99 56 first
1145 3426 289 71 performed
1486 3442 50 41 at

171 3496 306 57 Christiania
514 3500 52 55 in
614 3499 154 64 1864,
810 3523 107 34 was
975 3523 126 33 seen
1153 3515 49 41 at
1241 3500 86 56 the
1366 3499 170 73 Royal

171 3570 244 66 Theatre,
476 3572 356 74 Copenhagen
893 3577 52 54 in
1013 3575 156 66 1871,
1230 3574 154 57 when
1449 3575 86 57 the

171 3647 156 71 tragic
402 3661 157 51 actor,
641 3647 133 57 Emil
841 3647 242 68 Poulsen,
1162 3647 373 76 distinguished

171 3720 201 58 himself
409 3722 52 56 in
500 3721 84 57 the
623 3737 112 58 part
772 3722 53 59 of
870 3723 193 73 Bishop
1116 3723 266 59 Nicholas.
1482 3725 54 56 In

181 3795 138 57 1926
359 3795 84 55 the
482 3819 116 33 sons
636 3797 53 56 of
740 3797 137 57 Emil
924 3798 243 66 Poulsen,
1210 3798 183 58 Adam
1434 3800 102 57 and

173 3868 270 70 Johannes,
485 3869 237 59 resolved
769 3886 52 42 to
874 3872 257 58 celebrate
1189 3873 85 57 the
1319 3889 186 58 twenty-

174 3943 103 56 fifth
316 3944 319 72 anniversary
681 3946 52 56 of
790 3946 128 58 their
962 3971 121 33 own
1140 3948 141 57 work
1332 3972 67 33 on
1451 3950 85 55 the

176 4017 198 57 Danish
414 4032 140 61 stage
595 4019 70 73 by
705 4046 30 32 a
774 4021 115 72 gala
940 4022 350 72 performance
1342 4023 52 57 of
1451 4024 87 56 the

176 4113 139 35 same
341 4090 135 74 play.
554 4092 120 58 The
719 4093 242 60 directors
989 4096 52 57 of
1067 4096 85 57 the
1181 4098 143 57 State
1364 4098 140 59 Thea-

179 4181 71 42 tre
289 4165 191 59 invited
523 4167 103 58 Mr.
668 4170 157 73 Craig
882 4184 51 44 to
995 4170 163 59 direct
1209 4173 330 73 successfully

1577 214 85 58 the
1716 239 118 32 new
1892 211 324 75 production,
2259 209 103 58 and
2424 207 87 59 the
2572 207 208 73 designs
2840 232 118 33 now

1578 290 179 57 shown
1797 292 52 55 in
1890 287 224 59 London
2154 309 142 36 were
2334 282 225 60 realised
2587 306 67 35 on
2681 277 106 64 that
2815 299 143 58 stage

1580 365 330 71 (November
1948 364 136 64 17th,
2137 360 183 72 1926).
2408 359 157 73 They
2602 371 268 60 represent
2907 361 51 53 in

1577 440 128 57 their
1745 454 206 58 present
2008 439 127 57 form
2192 436 87 57 the
2332 435 242 72 practical
2627 436 297 70 accompani-

1578 529 140 43 ment
1775 515 54 57 of
1884 513 149 72 thirty
2089 511 147 74 days'
2277 508 300 66 rehearsals,
2634 503 198 64 carried
2892 531 66 33 on

1578 590 157 58 while
1775 590 85 57 the
1900 588 236 73 ordinary
2187 588 197 56 routine
2441 585 53 57 of
2533 585 87 57 the
2662 585 146 57 State
2848 583 74 57 Re-

1580 680 202 58 pertory
1853 666 230 57 Theatre
2152 686 108 34 was
2333 662 52 56 in
2457 682 252 51 progress.
2864 660 94 57 An

1578 740 215 58 address
1834 762 108 36 was
1981 736 278 75 presented
2320 734 71 74 by
2448 734 88 58 the
2577 738 162 55 artists
2780 733 54 57 of
2873 733 85 57 the

1580 816 195 57 theatre
1834 830 52 43 to
1943 813 131 59 their
2136 814 168 56 visitor
2367 813 52 56 in
2484 811 145 57 these
2695 811 263 73 charming

1580 905 183 44 terms:

1581 1041 173 141 The
1793 1049 161 48 artists
2006 1039 69 70 of
2123 1037 82 58 the
2249 1036 194 71 Royal
2478 1034 205 59 Danish
2743 1034 218 58 Theatre

1731 1115 114 57 who
1867 1114 160 58 under
2043 1138 136 45 your
2203 1111 285 69 leadership
2516 1111 130 56 have
2664 1110 301 70 performed

1647 1189 109 58 The
1794 1190 303 58 Pretenders
2205 1189 69 68 hy
2315 1187 207 68 Henrik
2561 1187 164 66 Ihsen,
2768 1186 193 69 hereby

1583 1266 125 56 wish
1750 1276 48 46 to
1841 1265 167 57 salute
2058 1285 108 48 you
2226 1286 59 32 as
2337 1261 124 57 their
2519 1272 187 45 master
2765 1261 110 57 and
2912 1271 47 47 to

1586 1337 156 71 thank
1782 1364 69 46 y°
1858 1364 32 32 u
1933 1341 65 67 f°
2003 1363 21 34 r
2091 1338 80 58 the
2235 1337 311 57 enrichment
2611 1337 162 56 wh'ch
2826 1361 137 45 your

1583 1415 145 55 mind
1774 1415 109 55 and
1944 1421 330 62 imagination
2328 1412 131 56 have
2509 1411 217 72 brought
2779 1421 47 46 to
2881 1412 80 56 the

1583 1511 232 36 common
1857 1490 111 68 task
2009 1482 66 75 of
2104 1488 249 56 dramatic
2390 1486 358 70 performance
2775 1511 63 32 on
2869 1487 92 57 this

1583 1573 246 49 occasion.
1909 1564 59 56 In
2008 1563 368 67 Stanislavsky
2400 1586 22 32 s
2464 1561 182 67 Words,
2710 1580 76 38 We
2841 1572 123 47 trust

1585 1637 108 58 that
1728 1662 109 45 you
1876 1661 127 46 may
2043 1638 130 56 have
2198 1656 358 51 perseverance
2586 1646 48 47 to
2646 1636 160 68 fulfil
2829 1660 134 45 your

1582 1722 200 48 mission
1824 1713 66 67 of
1919 1713 207 67 beauty.

1702 1788 105 58 The
1848 1787 193 70 Royal
2078 1787 203 57 Danish
2326 1787 237 66 Theatre,
2596 1785 363 73 Copenhagen.

2434 1875 243 50 November,
2721 1876 148 43 1926.

1694 2004 57 71 €J
1792 2003 120 57 The
1971 2003 232 75 etchings
2260 2003 182 57 shown
2499 2005 52 55 in
2611 2003 88 58 the
2754 2019 209 56 present

1581 2078 283 58 exhibition
1904 2103 87 33 are
2051 2079 282 58 dedicated
2584 2079 115 57 Old

1581 2154 70 72 by
1689 2177 118 49 way
1845 2154 53 57 of
1949 2154 347 72 emphasising
2353 2152 86 58 the
2497 2152 123 59 idea
2676 2156 52 55 in
2789 2154 172 57 which

1580 2224 120 76 they
1740 2229 303 73 originated.
2123 2227 156 74 They
2305 2243 263 58 represent
2608 2227 107 60 Mr.
2760 2230 201 75 Craig's

1582 2302 159 57 belief
1779 2302 107 57 that
1925 2302 155 60 when
2117 2304 88 57 the
2258 2319 203 57 patrons
2521 2302 54 59 of
2626 2304 87 57 the
2766 2305 195 57 theatre

1581 2400 88 33 are
1709 2376 211 76 willing,
1964 2379 86 57 the
2089 2382 164 54 artists
2295 2379 52 57 of
2385 2379 86 57 the
2511 2379 195 57 theatre
2747 2379 106 58 will
2893 2380 68 57 be

1582 2451 118 57 able
1741 2466 52 42 to
1832 2467 172 42 create
2044 2478 32 31 a
2114 2453 231 58 medium
2384 2453 53 58 of
2481 2453 129 58 their
2648 2478 122 34 own
2796 2486 74 8 —
2897 2479 64 33 an

1581 2541 74 42 art
1693 2526 172 57 which
1904 2527 105 59 will
2050 2527 68 57 be
2159 2541 53 45 to
2249 2530 164 61 vision
2452 2528 140 58 what
2630 2532 164 55 music
2828 2532 42 56 is
2911 2545 49 43 to

1581 2601 185 58 sound.

1697 2676 228 72 Perhaps
1964 2678 37 55 it
2039 2680 45 54 is
2122 2701 119 34 now
2281 2678 141 71 plain
2460 2678 105 59 that
2598 2680 144 57 there
2770 2682 42 56 is
2841 2680 119 74 only

1581 2773 99 34 one
1723 2749 231 59 Edward
1995 2751 222 59 Gordon
2257 2753 172 73 Craig.

1580 2918 347 45 NOTES
2004 2920 124 43 ON
2205 2921 203 44 THE
2483 2922 475 46 DESIGNS

1738 2992 101 44 BY
1904 2993 85 45 H.
2057 2994 91 45 M.
2214 2996 569 46 WALBROOK.

1585 3128 195 126 MR.
1822 3127 235 60 Edward
2098 3130 222 58 Gordon
2367 3133 159 74 Craig
2584 3132 90 59 has
2721 3158 149 34 come
2909 3149 51 42 to

1763 3202 237 66 London,
2041 3203 235 78 bringing
2314 3207 78 57 his
2438 3207 217 60 sheaves
2683 3210 126 57 with
2834 3208 122 59 him.

1582 3278 55 56 In
1674 3277 144 58 other
1858 3277 189 67 words,
2075 3278 79 57 his
2180 3280 210 76 designs
2429 3283 78 57 for
2533 3283 87 57 the
2659 3283 301 59 decoration

1581 3352 53 56 of
1698 3352 86 56 the
1849 3367 176 41 recent
2089 3356 192 57 revival
2345 3358 53 56 of
2464 3357 198 58 Ibsen's
2726 3358 234 74 tragedy,

1642 3426 123 57 The
1806 3427 305 58 Pretenders
2216 3445 49 42 at
2292 3431 85 58 the
2417 3432 198 58 famous
2654 3432 89 60 old
2785 3433 173 75 Royal

1581 3501 244 66 Theatre,
1888 3503 358 75 Copenhagen
2276 3537 66 7 —
2373 3507 88 57 the
2519 3507 195 60 theatre
2773 3509 54 58 of
2871 3509 87 56 the

1583 3589 140 60 great
1782 3575 224 75 Ludwig
2065 3602 101 34 von
2226 3581 245 73 Holberg
2508 3582 53 58 of
2601 3584 119 74 long
2762 3608 98 51 ago
2889 3611 69 8 —

1583 3673 86 33 are
1695 3673 121 33 now
1843 3674 67 34 on
1949 3654 135 55 view
2113 3668 51 42 at
2188 3653 86 58 the
2305 3657 76 57 St.
2423 3657 260 75 George's
2725 3658 233 72 Gallery,

1585 3724 251 58 Hanover
1896 3727 216 71 Square,
2177 3729 176 59 where
2419 3756 158 49 every
2641 3734 205 57 student
2909 3732 52 58 of

1582 3799 261 60 theatrical
1882 3800 298 60 decorative
2220 3821 72 41 art
2332 3805 185 60 should
2559 3809 150 57 make
2749 3835 30 31 a
2819 3812 143 71 point

1583 3874 53 57 of
1675 3878 180 71 seeing
1893 3875 157 59 them.

1754 3949 122 58 The
1915 3951 307 60 Pretenders
2422 3981 30 31 a
2511 3981 123 50 very
2692 3958 120 75 long
2859 3956 101 60 and

1586 4048 121 49 very
1747 4024 160 76 grand
1947 4026 231 75 tragedy.
2259 4029 187 75 Henry
2486 4033 163 75 Irving
2696 4058 135 33 once
2857 4030 103 60 had

1586 4104 193 54 serious
1818 4101 235 75 thoughts
2111 4102 50 56 of
2208 4105 289 75 producing
2537 4110 37 55 it
2612 4109 103 57 and
2757 4109 204 73 playing

1587 4175 88 57 the
1716 4190 114 58 part
1868 4176 52 59 of
1959 4176 84 59 the
2085 4176 231 62 doomed
2375 4180 157 60 Duke
2573 4182 179 61 Skule.
2831 4182 129 58 Had
