3078 4371
164 99 80 45 114

158 186 234 46 MADOX
411 184 223 47 BROWN
651 185 133 45 AND
801 183 257 47 ROBSON.

291 324 125 43 1855.
465 322 226 44 December
745 322 94 44 12th
852 347 49 7 —
932 320 129 45 ....To

159 384 67 44 the
257 382 204 57 Olympic.
511 382 161 55 English
692 381 248 44 Theatricals
962 383 75 43 doo-

158 445 75 43 ced
263 443 110 50 slow,
405 444 187 44 however
610 461 11 30 ;
666 442 113 55 place
810 442 70 43 felt
912 441 123 45 heada-

158 504 91 56 chy.
312 503 164 44 Robson
508 503 263 49 tremendous,
814 503 71 42 but
916 504 143 52 getting

159 564 219 56 spoiled..,.

429 623 311 41 Præraphaelite
768 621 164 35 Diaries
981 621 81 34 and

431 670 164 32 Letters.
633 668 145 33 Edited
814 669 44 39 by
891 668 168 33 William

428 714 172 33 Michael
625 714 182 33 Rossetti.
834 723 101 31 1900.

159 844 46 42 A
266 841 791 47 CONTEMPORARY

161 918 28 29 o
331 902 555 45 ESTIMATE.
1034 918 26 29 o

162 1051 31 100 I
227 1051 93 58 only
352 1052 116 44 knew
499 1070 77 26 one
609 1053 158 55 English
804 1065 108 31 actor
953 1053 107 49 who,

229 1124 41 32 to
302 1130 65 38 my
399 1113 123 49 mind,
556 1114 79 43 had
668 1116 40 41 in
744 1114 79 43 him
866 1114 67 43 the
976 1124 85 33 true

161 1190 106 37 germ
299 1174 79 42 and
412 1173 132 43 kernel
592 1174 44 43 of
671 1192 23 24 a
727 1173 191 45 Devrient
941 1175 42 43 (*)
1003 1201 56 6 —

160 1234 69 43 the
280 1232 77 45 late
410 1233 212 44 Frederick
668 1234 180 44 Robson.

223 1293 14 43 I
299 1293 218 43 remember
567 1293 59 44 his
677 1295 98 54 truly
828 1295 233 45 marvellous

161 1352 270 56 performance
461 1353 43 43 of
549 1354 67 42 the
656 1365 86 44 part
773 1354 44 43 of
848 1363 11 16 4
879 1356 151 44 Medea
1049 1356 10 13 *

160 1415 40 41 in
231 1413 152 43 Robert
421 1413 193 54 Brough's
635 1413 219 57 burlesque.
918 1415 143 44 Before

162 1472 66 44 the
258 1474 112 54 piece
402 1472 139 56 began,
592 1474 12 42 I
654 1484 106 33 went
803 1474 147 44 behind
993 1476 67 43 the

161 1550 133 26 scenes
315 1532 96 45 with
433 1533 66 44 the
520 1533 154 49 author,
697 1535 135 43 where
853 1552 62 26 we
938 1535 124 45 found

162 1592 165 44 Robson
358 1595 39 41 in
428 1611 24 24 a
482 1604 98 32 slate
611 1594 43 42 of
684 1605 170 33 extreme
877 1613 162 26 nervous-

162 1670 98 32 ness,
294 1671 42 24 as
366 1655 28 40 it
418 1652 80 43 had
532 1653 101 44 been
665 1655 177 55 credibly
879 1658 183 52 reported

160 1712 85 44 that
278 1712 67 44 the
378 1712 94 56 lady
496 1714 212 53 tragedian,
743 1715 134 43 whom
910 1716 49 42 he
981 1734 82 25 was

162 1772 122 43 about
317 1784 40 31 to
379 1774 148 43 imitate
560 1778 14 52 (
579 1782 68 35 not
668 1785 41 32 to
732 1785 181 44 travesty,
938 1777 122 49 mind,

161 1832 61 42 for
270 1831 108 45 there
425 1832 99 55 truly
572 1851 81 26 was
697 1835 161 55 nothing
910 1836 43 42 cf
996 1836 66 43 the

162 1891 165 44 buffoon
379 1910 95 37 pure
525 1893 79 45 and
666 1894 139 55 simple
867 1896 39 41 in
969 1897 72 41 Fre-

161 1951 134 45 derick
327 1952 201 56 Robson),
567 1953 192 44 Madame
791 1954 156 51 Ristori,
981 1974 80 25 was

162 2012 167 55 actually
361 2015 39 40 in
442 2013 68 42 the
555 2013 162 44 theatre.
796 2014 121 51 Well,
966 2017 95 43 with

162 2072 75 42 this
298 2074 299 53 overpowering
658 2076 228 53 oppression
955 2093 106 37 upon

162 2131 92 49 him,
289 2131 51 44 he
370 2133 204 42 contrived
622 2144 41 33 to
708 2136 164 42 achieve
913 2153 23 26 a
978 2137 63 53 glo-

160 2192 101 42 rious
292 2209 162 28 success.
534 2192 77 44 His
659 2201 10 16 4
687 2193 152 45 Medea
858 2194 10 14 *
917 2213 81 26 was
1039 2214 23 24 a

162 2251 100 55 truly
312 2252 122 54 grand
496 2255 120 51 tragic
668 2254 131 53 figure,
852 2255 210 56 gracefully

161 2311 153 54 draped
346 2314 39 40 in
433 2330 22 25 a
502 2312 94 55 light
644 2314 75 43 veil
765 2314 43 44 of
842 2316 220 54 burlesque,

161 2371 85 42 She
288 2371 93 44 who
428 2372 80 45 had
556 2374 157 43 created
761 2374 67 43 the
874 2377 188 54 intensely

162 2433 118 51 tragic
301 2431 199 44 character
534 2434 43 42 of
608 2433 208 45 ill-starred
851 2443 10 16 4
880 2434 153 45 Medea
1049 2436 10 12 *

163 2507 81 27 was
275 2509 43 25 so
351 2492 143 55 deeply
526 2494 213 52 impressed
772 2495 54 54 by
864 2495 65 44 the
967 2495 96 44 little

163 2549 122 44 man's
317 2552 221 44 wonderful
570 2554 246 53 tragi-comic
852 2556 184 54 reproduc-

162 2612 83 41 tion
276 2610 42 43 of
351 2611 68 43 her
450 2630 92 26 own
564 2616 174 41 creation
762 2641 50 5 —
840 2615 131 44 which
993 2616 69 43 she

162 2669 79 44 had
273 2669 101 45 been
407 2671 63 43 led
517 2683 41 31 to
605 2673 151 44 believe
799 2674 52 54 by
883 2693 22 25 a
939 2685 9 14 4
968 2675 95 44 kind

163 2729 125 44 friend
307 2730 11 13 *
351 2730 42 44 of
426 2731 198 44 Robson's
657 2734 136 43 would
831 2746 86 32 turn
950 2747 67 32 out
1040 2753 23 25 a

164 2789 158 44 farcical
344 2792 211 43 caricature
574 2819 52 5 —
651 2793 82 43 that
756 2794 69 44 she
856 2794 117 45 could
995 2807 66 31 not

162 2849 142 44 refrain
337 2850 98 44 from
468 2851 94 44 then
594 2854 79 43 and
706 2854 108 43 there
846 2857 218 52 presenting

164 2920 41 31 to
239 2909 65 44 the
336 2922 104 43 great
473 2913 104 41 artist
602 2913 65 43 the
699 2913 191 56 flattering
921 2916 143 42 tribute

162 2970 43 41 of
256 2970 68 43 her
376 2972 252 53 gratification
680 2974 79 43 and
811 2975 249 46 admiration.

162 3028 85 44 She
277 3047 112 26 came
421 3032 125 42 round
578 3033 251 56 accordingly
870 3047 37 31 at
950 3054 111 30 once,

162 3090 177 43 escorted
387 3090 52 55 by
492 3092 84 43 that
632 3105 98 32 most
781 3105 207 33 courteous
1022 3095 43 44 of

162 3149 217 52 gentlemen
412 3151 79 42 and
528 3163 98 32 most
668 3154 150 43 urbane
850 3155 42 43 of
925 3155 114 43 noble-

162 3224 104 35 men,
299 3208 94 44 Earl
442 3212 214 49 Granville,
701 3214 92 43 who
830 3215 133 53 joined
999 3215 65 44 the

162 3267 92 56 lady
303 3270 40 42 in
389 3271 306 56 overwhelming
742 3274 67 42 the
850 3275 71 53 shy
974 3293 90 25 man

161 3328 96 43 with
279 3328 273 46 well-merited
573 3334 284 53 compliments.
924 3335 139 43 When

163 3403 62 27 we
256 3388 80 43 had
369 3389 165 44 Robson
567 3403 40 31 to
639 3393 123 43 oursel
772 3412 61 24 ves
865 3396 125 52 again,
1015 3395 50 43 he

160 3447 108 43 cried
291 3448 76 44 like
397 3468 23 24 a
452 3450 105 44 child
580 3478 57 5 —
659 3452 126 56 partly
818 3454 97 42 with
953 3454 86 54 plea-

162 3523 102 33 sure,
287 3509 124 54 partly
435 3510 96 44 with
554 3511 152 44 distress
738 3525 37 31 at
809 3513 57 43 his
898 3532 167 25 nervous

162 3566 306 53 awkwardness,
519 3571 131 44 which
703 3573 49 43 he
799 3573 83 44 said
936 3583 10 15 4
967 3585 97 32 must

164 3626 104 45 have
300 3629 114 43 made
446 3648 62 25 me
539 3631 93 43 look
663 3632 76 44 like
771 3652 23 24 a
826 3633 81 43 fool
927 3635 25 43 \

211 3732 116 33 From
355 3736 23 15 {t
395 3735 308 34 Reminiscences
726 3737 53 40 of
782 3747 50 23 an
854 3739 75 33 Old
943 3739 98 32 Bohe-

165 3786 105 24 mian
355 3780 80 34 Vol.
461 3790 33 22 2.
517 3783 26 38 p
546 3807 9 9 %
586 3791 80 24 200.
693 3784 101 32 1882.

235 4131 48 38 (i)
325 4131 119 33 Louis
485 4134 188 32 Devrient
724 4136 67 32 the
830 4139 226 42 tragedian;

164 4171 91 35 died
284 4174 84 42 1832
394 4176 98 40 aged
518 4177 236 43 forty-eight.
805 4181 150 36 Editor.

1103 187 99 63 she
1248 188 43 61 is
1338 181 327 68 afterwards
1708 199 60 47 to
1815 181 134 84 slay,
2001 217 88 6 —
2138 180 71 64 all
2259 180 154 65 these
2467 208 150 38 were
2663 180 297 83 portrayed

1105 277 77 81 by
1229 274 259 73 Robson,
1535 273 238 80 through
1818 273 94 65 the
1959 270 262 74 medium,
2272 270 73 65 be
2392 274 40 61 it
2465 272 211 81 always
2724 298 194 37 remem-

1103 366 192 73 bered,
1346 364 58 65 of
1451 363 262 83 doggerel
1760 363 110 65 and
1919 363 169 81 slang,
2127 361 136 67 with
2295 361 336 82 astonishing
2665 362 150 63 force
2848 362 111 65 and

1105 461 207 77 vigour.
1408 456 131 63 The
1586 454 225 82 original
2629 453 219 66 Medea
2085 505 13 22 ,
2149 453 95 64 the
2291 470 153 64 great
2493 452 212 66 Ristori
2737 453 218 73 herself,

1105 575 157 37 came
1331 564 57 47 to
1459 573 90 36 see
1605 545 257 73 Robson,
1934 543 112 65 and
2118 571 117 38 was
2298 542 284 81 delighted
2653 543 134 66 with
2850 543 111 64 and

1106 635 232 67 amazed
1387 653 55 47 at
1489 635 127 65 him.
1717 635 115 63 She
1886 634 243 81 scarcely
2193 632 338 66 understood
2592 651 117 49 two
2772 632 188 66 words
3001 663 15 5 -

1103 729 59 63 of
1210 726 246 83 English,
1515 726 99 64 but
1682 726 94 64 the
1846 725 202 63 actor's
2118 728 187 77 genius
2376 724 181 64 struck
2626 725 99 63 her
2794 724 166 64 home
3032 773 5 10 ■

1105 818 233 80 through
1364 818 94 63 the
1482 815 325 65 bull's-hide
1831 832 170 64 target
2028 814 58 65 of
2109 841 70 36 an
2197 814 279 67 unknown
2502 830 221 68 tongue.
2832 814 85 63 Uo-

1105 936 90 37 mo
1243 907 384 66 straordinario
1656 913 12 57 !
1787 905 97 65 she
1931 923 150 48 went
2127 932 166 56 away
2339 908 208 80 saying.

1243 999 19 64 I
1309 999 144 64 have
1498 996 336 82 anticipated
1882 996 94 64 the
2023 996 164 64 order
2234 997 58 63 of
2352 997 82 63 his
2499 1022 296 47 successes,
2862 994 99 66 but

1105 1105 55 48 at
1207 1089 105 65 this
1360 1087 245 65 distance
1653 1087 57 63 of
1756 1091 130 61 time
1934 1086 110 64 and
2093 1087 160 81 place
2302 1086 21 63 I
2372 1114 103 36 can
2522 1087 145 81 keep
2698 1112 74 37 no
2803 1086 157 64 chro-
3029 1140 8 12 ,

1103 1178 271 82 nological
1421 1194 165 48 count
1634 1176 57 65 of
1738 1176 168 65 them.
2004 1176 240 65 Robson
2289 1177 100 64 has
2446 1176 211 82 always
2721 1176 208 65 alterna-

1106 1269 95 63 ted
1248 1269 94 64 the
1389 1270 343 62 serio-comic
1779 1266 293 84 burlesque
2119 1266 136 67 with
2310 1294 136 55 pure
2477 1267 169 73 farce,
2679 1266 112 65 and
2824 1267 137 65 after

1098 1360 126 76 Jem
1294 1360 203 80 Baggs
1566 1359 81 63 his
1718 1356 260 84 brightest
2052 1357 105 66 hits
2206 1357 143 65 have
2396 1359 145 63 been
2587 1361 56 61 in
2687 1357 95 64 the
2831 1357 129 65 deaf

1106 1449 162 65 ostler
1315 1453 54 61 in
1484 1450 172 62 Boots
1704 1465 55 47 at
1804 1450 96 64 the
1933 1450 172 65 Swan
2222 1448 113 64 and
2367 1449 94 63 the
2493 1448 331 81 discharged
2856 1453 78 59 cri-

1110 1540 162 64 minal
1320 1543 55 61 in
1491 1538 282 66 Retained
1818 1539 85 64 for
1948 1539 95 64 the
2090 1539 254 64 Defence
2531 1539 57 64 In
2636 1539 93 64 the
2777 1539 152 64 burle-

1110 1656 136 56 sque
1299 1629 58 64 of
1460 1628 333 65 Masaniello
1915 1629 71 65 he
2018 1628 113 65 had
2164 1656 70 37 an
2267 1633 357 79 opportunity
2658 1666 86 5 —
2777 1629 185 66 which-

1108 1746 153 37 some
1308 1719 230 82 thought
1588 1718 190 66 would
1823 1746 173 55 prove
2041 1746 35 37 a
2123 1719 346 83 magnificent
2500 1747 106 37 one
2639 1737 58 47 to
2730 1719 112 65 him
2875 1756 88 7 —

1108 1808 58 64 of
1214 1808 250 83 showing
1511 1810 93 63 the
1651 1825 291 66 grotesque
1989 1808 119 65 side
2140 1810 57 63 of
2229 1813 234 79 insanity
2489 1839 13 46 ;
2540 1810 118 73 but,
2695 1811 83 63 for
2810 1838 153 36 some

1108 1925 195 37 reason
1351 1925 62 37 or
1460 1898 175 72 other,
1685 1897 95 65 the
1840 1915 123 66 part
2033 1898 223 65 seemed
2328 1900 302 65 distasteful
2702 1918 59 47 to
2829 1900 131 65 him.

1110 1989 43 63 It
1202 2015 126 55 may
1378 1989 142 64 have
1567 1987 143 65 been
1759 2006 299 64 repugnant
2105 2006 59 47 to
2220 1990 82 63 his
2361 1990 292 82 eminently
2731 1994 234 62 sensitve

1108 2081 150 79 spirit
1305 2095 59 49 to
1408 2079 213 65 exhibit
1666 2079 96 65 the
1811 2079 271 65 ludicrous
2131 2099 189 64 aspect
2368 2081 57 64 of
2458 2081 94 64 the
2584 2099 141 47 most
2757 2081 170 65 dread-

1108 2168 75 64 ful
1233 2168 58 63 of
1337 2168 204 64 human
1587 2169 308 65 infirmities.
1994 2170 58 64 A
2099 2182 170 64 peste,
2311 2172 184 76 fame,
2550 2172 164 73 bello,
2767 2183 53 53 et
2865 2173 66 62 de-

1110 2269 207 54 mentia
1365 2259 170 65 libera
1581 2286 115 47 nos,
1757 2257 296 67 Domine!
2114 2262 250 81 Perhaps
2436 2262 94 63 the
2598 2266 159 78 piece
2825 2263 140 65 itself

1111 2375 114 38 was
1276 2348 180 65 weak.
1553 2351 86 62 At
1689 2349 68 64 all
1806 2367 208 56 events,
2606 2352 114 65 had
2784 2353 99 64 but
2931 2381 34 36 a

1110 2437 138 65 brief
1276 2464 116 38 run.
1444 2441 62 61 A
1520 2438 246 65 drunken
1779 2466 145 47 man,
1954 2467 35 36 a
2002 2441 209 80 jealous
2225 2469 146 45 man,
2399 2469 33 35 a
2456 2441 133 66 deaf
2612 2470 149 46 man,
2780 2471 33 36 a
2831 2442 132 74 fool;

1110 2555 33 37 a
1173 2527 319 83 vagabond,
1527 2556 32 36 a
1591 2528 222 75 demon,
1841 2556 33 36 a
1900 2546 198 65 tyrant,
2126 2531 238 65 Robson
2390 2532 166 65 could
2582 2533 383 82 marvellously

1110 2617 230 83 depict:
1389 2622 53 61 in
1489 2620 94 63 the
1632 2647 165 55 crazy
1844 2620 338 82 Neapolitan
2236 2622 288 66 fisherman
2555 2624 72 63 he
2659 2624 170 64 either
2862 2625 76 63 fai-

1110 2707 90 64 led
1248 2735 62 37 or
1359 2735 116 40 was
1524 2710 277 80 unwilling
1849 2727 57 47 to
1953 2711 178 65 excel.
2230 2714 18 62 I
2298 2713 115 64 had
2458 2714 145 65 been
2658 2714 82 65 for
2775 2743 31 36 a
2839 2715 126 80 long

1110 2798 191 81 period
1350 2800 298 80 extremely
1696 2800 275 64 solicitous
2019 2819 58 46 to
2124 2829 93 37 see
2264 2803 240 66 Robson
2537 2804 301 66 undertake
2867 2807 98 62 the

1110 2906 120 63 part
1279 2889 58 62 of
1388 2890 89 63 Sir
1525 2890 152 64 Giles
1731 2890 317 64 Overreach
2096 2894 54 61 in
2387 2895 150 65 New
2570 2895 160 82 Way
2764 2912 58 47 to
2853 2922 141 55 pay

1110 2979 123 62 Old
1282 2979 183 65 Debts
1649 2979 134 65 You
1831 2981 168 66 know
2046 2983 119 64 that
2198 2984 93 64 Sir
2326 2984 176 74 Giles,
2552 2986 139 63 after
2725 2986 93 64 the
2851 2986 84 64 dis-

1111 3095 201 54 covery
1360 3069 57 63 of
1467 3069 92 64 the
1605 3069 330 65 obliterated
1983 3071 167 75 deed,
2201 3101 130 54 goes
2380 3074 144 65 stark
2571 3080 201 76 staring
2813 3076 148 65 mad.

1112 3157 19 62 I
1188 3157 197 66 should
1420 3160 142 64 have
1595 3160 213 64 wished
1840 3177 58 46 to
1931 3189 89 35 see
2052 3162 112 64 him
2199 3191 216 37 assume
2447 3165 267 64 Edmund
2748 3166 217 65 Kean's

1110 3275 132 38 own
1289 3250 288 65 character
1624 3254 53 61 in
1724 3251 94 64 the
1867 3251 109 64 real
2025 3252 130 83 play
2203 3256 140 64 itself
2372 3284 13 44 ;
2444 3256 99 65 but
2577 3257 238 65 Robson
2848 3285 118 38 was

1111 3364 231 38 nervous
1390 3339 57 63 of
1493 3344 281 75 venturing
1823 3367 73 36 on
1944 3369 32 34 a
2022 3342 194 83 purely
2331 3345 295 83 legitimate
2728 3348 134 66 role.
2946 3349 19 61 I

1113 3454 115 37 was
1279 3429 113 63 half
1439 3430 311 80 persuaded
1798 3448 58 46 to
1905 3435 156 61 write
2108 3462 33 35 a
2189 3435 292 84 burlesque
2514 3464 73 37 on
2814 3439 151 65 New

1111 3516 160 82 Way
1319 3536 57 46 to
1423 3546 110 54 pay
1581 3519 123 65 Old
1752 3520 182 64 Debts
2074 3524 110 64 and
2232 3527 240 64 Robson
2528 3528 112 63 had
2688 3529 278 80 promised

1112 3623 59 47 to
1218 3607 76 63 do
1341 3608 81 63 his
1469 3637 132 53 very
1651 3610 120 64 best
1821 3612 134 64 with
2002 3614 97 62 Sir
2147 3614 154 66 Giles
2329 3645 14 45 ;
2394 3618 99 64 but
2526 3646 33 36 a
2601 3618 216 81 feeling,
2852 3619 117 65 half

1112 3699 57 61 of
1215 3697 248 75 laziness,
1514 3701 110 63 and
1671 3701 113 63 half
1831 3702 57 62 of
1921 3729 294 39 reverence
2246 3708 84 62 for
2362 3708 95 64 the
2488 3708 105 65 fine
2625 3708 94 65 old
2752 3709 211 75 drama,

1111 3814 157 36 came
1315 3816 132 37 over
1494 3817 108 46 me,
1652 3790 110 64 and
1813 3791 18 62 I
1881 3819 166 38 never
2094 3812 93 63 got
2239 3796 204 66 farther
2504 3798 133 65 than
2700 3798 95 65 the
2857 3800 106 64 first-

1112 3905 181 37 scene.

1248 3967 88 82 By
1392 3969 102 63 this
1558 3972 130 61 time
1735 3998 152 37 some
1943 3971 57 64 of
2061 3975 94 63 the
2225 3976 260 66 foremost
2555 3977 309 67 dramatists
2912 3983 54 61 in

1115 4056 239 65 London
1400 4060 234 83 thought
1681 4060 131 83 they
1875 4061 166 66 could
2104 4064 215 67 discern
2380 4071 54 61 in
2498 4069 240 65 Robson
2797 4069 171 65 latent

1113 4146 431 68 characteristics
1590 4150 57 65 of
1693 4179 33 36 a
1774 4168 190 48 nature
2010 4153 81 64 far
2140 4181 153 40 more
2339 4158 253 66 elevated
2648 4160 129 64 than
2809 4160 159 64 those
