<?xml version="1.0" encoding="UTF-8"?>
<alto xmlns:xsi="http://www.w3.org/2001/XMLSchema-instance" xmlns="http://www.loc.gov/standards/alto/ns-v2#" xsi:schemaLocation="http://www.loc.gov/standards/alto/ns-v2# http://www.loc.gov/standards/alto/alto-v2.0.xsd" xmlns:xlink="http://www.w3.org/1999/xlink">
	<Description>
		<MeasurementUnit>mm10</MeasurementUnit>
		<sourceImageInformation>
			<fileName>//fileserver7/IN2-2/Princeton/bmtnaau/1928/07_01/00000184.tif</fileName>
		</sourceImageInformation>
		<OCRProcessing ID="OCRPROCESSING_1">
			<preProcessingStep>
				<processingSoftware>
					<softwareCreator>CCS Content Conversion Specialists GmbH, Germany</softwareCreator>
					<softwareName>CCS docWorks</softwareName>
					<softwareVersion>6.7-1.24</softwareVersion>
				</processingSoftware>
			</preProcessingStep>
			<ocrProcessingStep>
				<processingSoftware>
					<softwareCreator>ABBYY (BIT Software), Russia</softwareCreator>
					<softwareName>FineReader</softwareName>
					<softwareVersion>10.0</softwareVersion>
				</processingSoftware>
			</ocrProcessingStep>
		</OCRProcessing>
		<OCRProcessing ID="OCRPROCESSING_2">
			<preProcessingStep>
				<processingSoftware>
					<softwareCreator>CCS Content Conversion Specialists GmbH, Germany</softwareCreator>
					<softwareName>CCS docWorks</softwareName>
					<softwareVersion>6.7-1.24</softwareVersion>
				</processingSoftware>
			</preProcessingStep>
			<ocrProcessingStep>
				<processingSoftware>
					<softwareCreator>ABBYY (BIT Software), Russia</softwareCreator>
					<softwareName>NA</softwareName>
				</processingSoftware>
			</ocrProcessingStep>
		</OCRProcessing>
	</Description>
	<Styles>
		<TextStyle ID="TXT_0" FONTSIZE="23" FONTFAMILY="Courier New"/>
		<TextStyle ID="TXT_1" FONTSIZE="38" FONTFAMILY="Times New Roman"/>
		<TextStyle ID="TXT_2" FONTSIZE="23" FONTFAMILY="Times New Roman"/>
		<TextStyle ID="TXT_3" FONTSIZE="19" FONTFAMILY="Times New Roman" FONTSTYLE="italics"/>
		<TextStyle ID="TXT_4" FONTSIZE="19" FONTFAMILY="Times New Roman"/>
		<TextStyle ID="TXT_5" FONTSIZE="13" FONTFAMILY="Times New Roman"/>
		<TextStyle ID="TXT_6" FONTSIZE="17" FONTFAMILY="Times New Roman" FONTSTYLE="bold"/>
		<TextStyle ID="TXT_7" FONTSIZE="10" FONTFAMILY="Times New Roman"/>
		<ParagraphStyle ID="PAR_LEFT" ALIGN="Left"/>
		<ParagraphStyle ID="PAR_BLOCK" ALIGN="Block"/>
	</Styles>
	<Layout>
		<Page ID="P52" PHYSICAL_IMG_NR="52" HEIGHT="4388" WIDTH="3082" PRINTED_IMG_NR="132" PC="0.914">
			<TopMargin ID="P52_TM00001" HPOS="0" VPOS="0" WIDTH="3082" HEIGHT="134">
				<TextBlock ID="P52_TB00001" HPOS="160" VPOS="86" WIDTH="82" HEIGHT="45" STYLEREFS="TXT_0 PAR_LEFT">
					<TextLine ID="P52_TL00001" HPOS="160" VPOS="86" WIDTH="82" HEIGHT="45">
						<String ID="P52_ST00001" HPOS="160" VPOS="86" WIDTH="82" HEIGHT="45" CONTENT="132" WC="1.00" CC="000"/>
					</TextLine>
				</TextBlock>
			</TopMargin>
			<LeftMargin ID="P52_LM00001" HPOS="0" VPOS="134" WIDTH="131" HEIGHT="4134"/>
			<RightMargin ID="P52_RM00001" HPOS="3012" VPOS="134" WIDTH="70" HEIGHT="4134"/>
			<BottomMargin ID="P52_BM00001" HPOS="0" VPOS="4268" WIDTH="3082" HEIGHT="120"/>
			<PrintSpace ID="P52_PS00001" HPOS="131" VPOS="134" WIDTH="2881" HEIGHT="4134">
				<TextBlock ID="P52_TB00002" HPOS="152" VPOS="958" WIDTH="1387" HEIGHT="242" STYLEREFS="TXT_1 PAR_LEFT">
					<TextLine ID="P52_TL00002" HPOS="152" VPOS="958" WIDTH="1384" HEIGHT="121">
						<String ID="P52_ST00002" HPOS="152" VPOS="977" WIDTH="267" HEIGHT="102" CONTENT="AN" WC="1.00" CC="00"/>
						<SP ID="P52_SP00001" HPOS="419" VPOS="1079" WIDTH="145"/>
						<String ID="P52_ST00003" HPOS="564" VPOS="958" WIDTH="972" HEIGHT="115" CONTENT="ACTOR'S" WC="0.99" CC="3030200"/>
					</TextLine>
					<TextLine ID="P52_TL00003" HPOS="371" VPOS="1081" WIDTH="950" HEIGHT="114">
						<String ID="P52_ST00004" HPOS="371" VPOS="1081" WIDTH="950" HEIGHT="114" CONTENT="PETITION." WC="1.00" CC="213635540"/>
						<SP ID="P52_SP00002" HPOS="1321" VPOS="1195" WIDTH="0"/>
					</TextLine>
				</TextBlock>
				<TextBlock ID="P52_TB00003" HPOS="152" VPOS="1217" WIDTH="1389" HEIGHT="231" STYLEREFS="TXT_2 PAR_LEFT">
					<TextLine ID="P52_TL00004" HPOS="153" VPOS="1217" WIDTH="1385" HEIGHT="80">
						<String ID="P52_ST00005" HPOS="153" VPOS="1228" WIDTH="746" HEIGHT="69" CONTENT="TRANSLATED" WC="0.99" CC="1142010460"/>
						<SP ID="P52_SP00003" HPOS="899" VPOS="1297" WIDTH="69"/>
						<String ID="P52_ST00006" HPOS="968" VPOS="1221" WIDTH="295" HEIGHT="63" CONTENT="FROM" WC="0.99" CC="0103"/>
						<SP ID="P52_SP00004" HPOS="1263" VPOS="1297" WIDTH="66"/>
						<String ID="P52_ST00007" HPOS="1329" VPOS="1217" WIDTH="209" HEIGHT="60" CONTENT="THE" WC="0.98" CC="004"/>
					</TextLine>
					<TextLine ID="P52_TL00005" HPOS="155" VPOS="1293" WIDTH="1385" HEIGHT="78">
						<String ID="P52_ST00008" HPOS="155" VPOS="1307" WIDTH="570" HEIGHT="64" CONTENT="ORIGINAL" WC="0.99" CC="30626502"/>
						<SP ID="P52_SP00005" HPOS="725" VPOS="1371" WIDTH="66"/>
						<String ID="P52_ST00009" HPOS="791" VPOS="1293" WIDTH="749" HEIGHT="70" CONTENT="MANUSCRIPT" WC="0.99" CC="3006000630"/>
					</TextLine>
					<TextLine ID="P52_TL00006" HPOS="156" VPOS="1369" WIDTH="1384" HEIGHT="78">
						<String ID="P52_ST00010" HPOS="156" VPOS="1381" WIDTH="683" HEIGHT="66" CONTENT="REPRODUCED" WC="1.00" CC="0200004024"/>
						<SP ID="P52_SP00006" HPOS="839" VPOS="1447" WIDTH="50"/>
						<String ID="P52_ST00011" HPOS="889" VPOS="1377" WIDTH="91" HEIGHT="60" CONTENT="IN" WC="0.60" CC="70"/>
						<SP ID="P52_SP00007" HPOS="980" VPOS="1447" WIDTH="64"/>
						<String ID="P52_ST00012" HPOS="1044" VPOS="1371" WIDTH="313" HEIGHT="62" CONTENT="PLATE" WC="1.00" CC="02000"/>
						<SP ID="P52_SP00008" HPOS="1357" VPOS="1447" WIDTH="66"/>
						<String ID="P52_ST00013" HPOS="1423" VPOS="1369" WIDTH="117" HEIGHT="75" CONTENT="19." WC="0.65" CC="604"/>
					</TextLine>
				</TextBlock>
				<TextBlock ID="P52_TB00004" HPOS="157" VPOS="1539" WIDTH="1399" HEIGHT="2499" STYLEREFS="TXT_3 PAR_LEFT">
					<TextLine ID="P52_TL00007" HPOS="165" VPOS="1539" WIDTH="1379" HEIGHT="78">
						<String ID="P52_ST00014" HPOS="165" VPOS="1560" WIDTH="77" HEIGHT="57" CONTENT="To" WC="0.84" CC="03"/>
						<SP ID="P52_SP00009" HPOS="242" VPOS="1617" WIDTH="41"/>
						<String ID="P52_ST00015" HPOS="283" VPOS="1557" WIDTH="82" HEIGHT="59" CONTENT="the" WC="0.94" CC="538"/>
						<SP ID="P52_SP00010" HPOS="365" VPOS="1617" WIDTH="39"/>
						<String ID="P52_ST00016" HPOS="404" VPOS="1567" WIDTH="129" HEIGHT="47" CONTENT="most" WC="0.98" CC="0322"/>
						<SP ID="P52_SP00011" HPOS="533" VPOS="1617" WIDTH="43"/>
						<String ID="P52_ST00017" HPOS="576" VPOS="1553" WIDTH="292" HEIGHT="59" CONTENT="Illustrious" WC="0.99" CC="13150200053"/>
						<SP ID="P52_SP00012" HPOS="868" VPOS="1617" WIDTH="46"/>
						<String ID="P52_ST00018" HPOS="914" VPOS="1547" WIDTH="111" HEIGHT="60" CONTENT="and" WC="0.99" CC="011"/>
						<SP ID="P52_SP00013" HPOS="1025" VPOS="1617" WIDTH="45"/>
						<String ID="P52_ST00019" HPOS="1070" VPOS="1544" WIDTH="148" HEIGHT="59" CONTENT="Most" WC="0.99" CC="3300"/>
						<SP ID="P52_SP00014" HPOS="1218" VPOS="1617" WIDTH="48"/>
						<String ID="P52_ST00020" HPOS="1266" VPOS="1539" WIDTH="278" HEIGHT="60" CONTENT="Excellent" WC="0.99" CC="000900541"/>
					</TextLine>
					<TextLine ID="P52_TL00008" HPOS="157" VPOS="1635" WIDTH="208" HEIGHT="58">
						<String ID="P52_ST00021" HPOS="157" VPOS="1635" WIDTH="208" HEIGHT="58" CONTENT="Prince." WC="0.99" CC="3000506"/>
					</TextLine>
					<TextLine ID="P52_TL00009" HPOS="157" VPOS="1765" WIDTH="1386" HEIGHT="159">
						<String ID="P52_ST00022" HPOS="157" VPOS="1783" WIDTH="177" HEIGHT="141" CONTENT="The" WC="0.95" CC="049"/>
						<SP ID="P52_SP00015" HPOS="334" VPOS="1924" WIDTH="54"/>
						<String ID="P52_ST00023" HPOS="388" VPOS="1782" WIDTH="278" HEIGHT="69" CONTENT="Company" WC="0.99" CC="0093200"/>
						<SP ID="P52_SP00016" HPOS="666" VPOS="1924" WIDTH="58"/>
						<String ID="P52_ST00024" HPOS="724" VPOS="1778" WIDTH="67" HEIGHT="67" CONTENT="of" WC="0.81" CC="03"/>
						<SP ID="P52_SP00017" HPOS="791" VPOS="1924" WIDTH="51"/>
						<String ID="P52_ST00025" HPOS="842" VPOS="1773" WIDTH="80" HEIGHT="58" CONTENT="the" WC="0.99" CC="100"/>
						<SP ID="P52_SP00018" HPOS="922" VPOS="1924" WIDTH="57"/>
						<String ID="P52_ST00026" HPOS="979" VPOS="1771" WIDTH="207" HEIGHT="59" CONTENT="Comici" WC="0.77" CC="032502" STYLEREFS="TXT_4"/>
						<SP ID="P52_SP00019" HPOS="1186" VPOS="1924" WIDTH="57"/>
						<String ID="P52_ST00027" HPOS="1243" VPOS="1765" WIDTH="300" HEIGHT="60" CONTENT="Confidenti" WC="0.70" CC="0056600703" STYLEREFS="TXT_4"/>
					</TextLine>
					<TextLine ID="P52_TL00010" HPOS="308" VPOS="1839" WIDTH="1231" HEIGHT="89">
						<String ID="P52_ST00028" HPOS="308" VPOS="1857" WIDTH="192" HEIGHT="71" CONTENT="having" WC="0.98" CC="006094"/>
						<SP ID="P52_SP00020" HPOS="500" VPOS="1928" WIDTH="51"/>
						<String ID="P52_ST00029" HPOS="551" VPOS="1852" WIDTH="226" HEIGHT="70" CONTENT="recently" WC="0.99" CC="79009000"/>
						<SP ID="P52_SP00021" HPOS="777" VPOS="1928" WIDTH="48"/>
						<String ID="P52_ST00030" HPOS="825" VPOS="1849" WIDTH="121" HEIGHT="56" CONTENT="been" WC="0.97" CC="6600"/>
						<SP ID="P52_SP00022" HPOS="946" VPOS="1928" WIDTH="47"/>
						<String ID="P52_ST00031" HPOS="993" VPOS="1857" WIDTH="56" HEIGHT="47" CONTENT="at" WC="1.00" CC="00"/>
						<SP ID="P52_SP00023" HPOS="1049" VPOS="1928" WIDTH="368"/>
						<String ID="P52_ST00032" HPOS="1417" VPOS="1839" WIDTH="122" HEIGHT="67" CONTENT="and," WC="0.99" CC="0023"/>
					</TextLine>
					<TextLine ID="P52_TL00011" HPOS="160" VPOS="1918" WIDTH="1385" HEIGHT="86">
						<String ID="P52_ST00033" HPOS="160" VPOS="1957" WIDTH="193" HEIGHT="47" CONTENT="among" WC="1.00" CC="00100"/>
						<SP ID="P52_SP00024" HPOS="353" VPOS="2004" WIDTH="24"/>
						<String ID="P52_ST00034" HPOS="377" VPOS="1932" WIDTH="151" HEIGHT="66" CONTENT="them," WC="0.97" CC="50990"/>
						<SP ID="P52_SP00025" HPOS="528" VPOS="2004" WIDTH="37"/>
						<String ID="P52_ST00035" HPOS="565" VPOS="1928" WIDTH="81" HEIGHT="57" CONTENT="ihe" WC="0.70" CC="008"/>
						<SP ID="P52_SP00026" HPOS="646" VPOS="2004" WIDTH="26"/>
						<String ID="P52_ST00036" HPOS="672" VPOS="1936" WIDTH="128" HEIGHT="48" CONTENT="most" WC="0.99" CC="0005"/>
						<SP ID="P52_SP00027" HPOS="800" VPOS="2004" WIDTH="15"/>
						<String ID="P52_ST00037" HPOS="815" VPOS="1923" WIDTH="231" HEIGHT="70" CONTENT="faithful" WC="0.99" CC="01050040"/>
						<SP ID="P52_SP00028" HPOS="1046" VPOS="2004" WIDTH="22"/>
						<String ID="P52_ST00038" HPOS="1068" VPOS="1928" WIDTH="204" HEIGHT="51" CONTENT="servant" WC="0.99" CC="0005002"/>
						<SP ID="P52_SP00029" HPOS="1272" VPOS="2004" WIDTH="40"/>
						<String ID="P52_ST00039" HPOS="1312" VPOS="1918" WIDTH="58" HEIGHT="68" CONTENT="of" WC="0.69" CC="06"/>
						<SP ID="P52_SP00030" HPOS="1370" VPOS="2004" WIDTH="36"/>
						<String ID="P52_ST00040" HPOS="1406" VPOS="1936" WIDTH="139" HEIGHT="50" CONTENT="your" WC="0.99" CC="0005"/>
					</TextLine>
					<TextLine ID="P52_TL00012" HPOS="160" VPOS="1990" WIDTH="1396" HEIGHT="88">
						<String ID="P52_ST00041" HPOS="160" VPOS="2009" WIDTH="329" HEIGHT="69" CONTENT="Excellency" WC="0.99" CC="9050200900"/>
						<SP ID="P52_SP00031" HPOS="489" VPOS="2078" WIDTH="415"/>
						<String ID="P52_ST00042" HPOS="904" VPOS="2005" WIDTH="221" HEIGHT="59" CONTENT="Battista" WC="0.53" CC="99420720"/>
						<SP ID="P52_SP00032" HPOS="1125" VPOS="2078" WIDTH="-81"/>
						<String ID="P52_ST00043" HPOS="1044" VPOS="1997" WIDTH="512" HEIGHT="61" CONTENT="Vanda" WC="0.49" CC="77009"/>
						<SP ID="P52_SP00033" HPOS="1556" VPOS="2078" WIDTH="-403"/>
						<String ID="P52_ST00044" HPOS="1153" VPOS="1994" WIDTH="232" HEIGHT="66" CONTENT="Bimino," WC="0.75" CC="7000603"/>
						<SP ID="P52_SP00034" HPOS="1556" VPOS="2078" WIDTH="-128"/>
						<String ID="P52_ST00045" HPOS="1428" VPOS="1990" WIDTH="113" HEIGHT="59" CONTENT="who" WC="0.98" CC="300"/>
					</TextLine>
					<TextLine ID="P52_TL00013" HPOS="160" VPOS="2066" WIDTH="1384" HEIGHT="87">
						<String ID="P52_ST00046" HPOS="160" VPOS="2096" WIDTH="108" HEIGHT="47" CONTENT="acts" WC="0.98" CC="0007"/>
						<SP ID="P52_SP00035" HPOS="268" VPOS="2143" WIDTH="29"/>
						<String ID="P52_ST00047" HPOS="297" VPOS="2084" WIDTH="81" HEIGHT="59" CONTENT="the" WC="0.99" CC="100"/>
						<SP ID="P52_SP00036" HPOS="378" VPOS="2143" WIDTH="27"/>
						<String ID="P52_ST00048" HPOS="405" VPOS="2093" WIDTH="118" HEIGHT="60" CONTENT="part" WC="0.97" CC="8004"/>
						<SP ID="P52_SP00037" HPOS="523" VPOS="2153" WIDTH="25"/>
						<String ID="P52_ST00049" HPOS="548" VPOS="2080" WIDTH="68" HEIGHT="70" CONTENT="of" WC="0.80" CC="30"/>
						<SP ID="P52_SP00038" HPOS="616" VPOS="2153" WIDTH="17"/>
						<String ID="P52_ST00050" HPOS="633" VPOS="2079" WIDTH="80" HEIGHT="57" CONTENT="the" WC="0.98" CC="500"/>
						<SP ID="P52_SP00039" HPOS="713" VPOS="2153" WIDTH="27"/>
						<String ID="P52_ST00051" HPOS="740" VPOS="2075" WIDTH="175" HEIGHT="59" CONTENT="Zanni" WC="0.65" CC="01563" STYLEREFS="TXT_4"/>
						<SP ID="P52_SP00040" HPOS="915" VPOS="2153" WIDTH="27"/>
						<String ID="P52_ST00052" HPOS="942" VPOS="2073" WIDTH="164" HEIGHT="58" CONTENT="which" WC="0.99" CC="40300"/>
						<SP ID="P52_SP00041" HPOS="1106" VPOS="2153" WIDTH="25"/>
						<String ID="P52_ST00053" HPOS="1131" VPOS="2080" WIDTH="41" HEIGHT="49" CONTENT="is" WC="1.00" CC="00"/>
						<SP ID="P52_SP00042" HPOS="1172" VPOS="2153" WIDTH="28"/>
						<String ID="P52_ST00054" HPOS="1200" VPOS="2093" WIDTH="66" HEIGHT="33" CONTENT="an" WC="1.00" CC="00"/>
						<SP ID="P52_SP00043" HPOS="1266" VPOS="2153" WIDTH="37"/>
						<String ID="P52_ST00055" HPOS="1303" VPOS="2066" WIDTH="241" HEIGHT="60" CONTENT="essential" WC="0.99" CC="000683001"/>
					</TextLine>
					<TextLine ID="P52_TL00014" HPOS="161" VPOS="2141" WIDTH="1382" HEIGHT="77">
						<String ID="P52_ST00056" HPOS="161" VPOS="2183" WIDTH="96" HEIGHT="35" CONTENT="one" WC="0.99" CC="200"/>
						<SP ID="P52_SP00044" HPOS="257" VPOS="2218" WIDTH="41"/>
						<String ID="P52_ST00057" HPOS="298" VPOS="2168" WIDTH="51" HEIGHT="48" CONTENT="in" WC="1.00" CC="00"/>
						<SP ID="P52_SP00045" HPOS="349" VPOS="2218" WIDTH="56"/>
						<String ID="P52_ST00058" HPOS="405" VPOS="2158" WIDTH="80" HEIGHT="58" CONTENT="the" WC="0.98" CC="400"/>
						<SP ID="P52_SP00046" HPOS="485" VPOS="2218" WIDTH="51"/>
						<String ID="P52_ST00059" HPOS="536" VPOS="2152" WIDTH="310" HEIGHT="66" CONTENT="commedia," WC="0.65" CC="007080482" STYLEREFS="TXT_4"/>
						<SP ID="P52_SP00047" HPOS="846" VPOS="2218" WIDTH="40"/>
						<String ID="P52_ST00060" HPOS="886" VPOS="2159" WIDTH="37" HEIGHT="47" CONTENT="it" WC="0.76" CC="04"/>
						<SP ID="P52_SP00048" HPOS="923" VPOS="2218" WIDTH="56"/>
						<String ID="P52_ST00061" HPOS="979" VPOS="2145" WIDTH="274" HEIGHT="73" CONTENT="happened" WC="1.00" CC="80000000"/>
						<SP ID="P52_SP00049" HPOS="1253" VPOS="2218" WIDTH="55"/>
						<String ID="P52_ST00062" HPOS="1308" VPOS="2144" WIDTH="109" HEIGHT="56" CONTENT="that" WC="0.98" CC="6001"/>
						<SP ID="P52_SP00050" HPOS="1417" VPOS="2218" WIDTH="44"/>
						<String ID="P52_ST00063" HPOS="1461" VPOS="2141" WIDTH="82" HEIGHT="58" CONTENT="the" WC="0.98" CC="400"/>
					</TextLine>
					<TextLine ID="P52_TL00015" HPOS="161" VPOS="2216" WIDTH="1393" HEIGHT="89">
						<String ID="P52_ST00064" HPOS="161" VPOS="2235" WIDTH="166" HEIGHT="70" CONTENT="police" WC="1.00" CC="000000"/>
						<SP ID="P52_SP00051" HPOS="327" VPOS="2305" WIDTH="38"/>
						<String ID="P52_ST00065" HPOS="365" VPOS="2234" WIDTH="68" HEIGHT="69" CONTENT="of" WC="1.00" CC="00"/>
						<SP ID="P52_SP00052" HPOS="433" VPOS="2305" WIDTH="29"/>
						<String ID="P52_ST00066" HPOS="462" VPOS="2232" WIDTH="80" HEIGHT="58" CONTENT="the" WC="1.00" CC="000"/>
						<SP ID="P52_SP00053" HPOS="542" VPOS="2305" WIDTH="38"/>
						<String ID="P52_ST00067" HPOS="580" VPOS="2230" WIDTH="278" HEIGHT="59" CONTENT="illustrious" WC="1.00" CC="00000000000"/>
						<SP ID="P52_SP00054" HPOS="858" VPOS="2305" WIDTH="42"/>
						<String ID="P52_ST00068" HPOS="900" VPOS="2225" WIDTH="187" HEIGHT="71" CONTENT="Signor" WC="0.94" CC="300000"/>
						<SP ID="P52_SP00055" HPOS="1087" VPOS="2305" WIDTH="39"/>
						<String ID="P52_ST00069" HPOS="1126" VPOS="2219" WIDTH="230" HEIGHT="58" CONTENT="Podesta" WC="0.83" CC="7000021" STYLEREFS="TXT_4"/>
						<SP ID="P52_SP00056" HPOS="1356" VPOS="2305" WIDTH="41"/>
						<String ID="P52_ST00070" HPOS="1397" VPOS="2218" WIDTH="47" HEIGHT="40" CONTENT="(I)" STYLE="superscript" WC="0.43" CC="744" STYLEREFS="TXT_4"/>
						<SP ID="P52_SP00057" HPOS="1444" VPOS="2305" WIDTH="42"/>
						<String ID="P52_ST00071" HPOS="1486" VPOS="2216" WIDTH="68" HEIGHT="69" CONTENT="of" WC="0.97" CC="00"/>
					</TextLine>
					<TextLine ID="P52_TL00016" HPOS="165" VPOS="2298" WIDTH="1380" HEIGHT="72">
						<String ID="P52_ST00072" HPOS="165" VPOS="2310" WIDTH="256" HEIGHT="57" CONTENT="Cremona" WC="0.99" CC="9000702"/>
						<SP ID="P52_SP00058" HPOS="421" VPOS="2367" WIDTH="49"/>
						<String ID="P52_ST00073" HPOS="470" VPOS="2329" WIDTH="146" HEIGHT="36" CONTENT="came" WC="1.00" CC="0000"/>
						<SP ID="P52_SP00059" HPOS="616" VPOS="2367" WIDTH="40"/>
						<String ID="P52_ST00074" HPOS="656" VPOS="2315" WIDTH="50" HEIGHT="46" CONTENT="to" WC="0.64" CC="70"/>
						<SP ID="P52_SP00060" HPOS="706" VPOS="2367" WIDTH="48"/>
						<String ID="P52_ST00075" HPOS="754" VPOS="2301" WIDTH="80" HEIGHT="59" CONTENT="the" WC="0.99" CC="200"/>
						<SP ID="P52_SP00061" HPOS="834" VPOS="2367" WIDTH="46"/>
						<String ID="P52_ST00076" HPOS="880" VPOS="2298" WIDTH="291" HEIGHT="72" CONTENT="playhouse" WC="1.00" CC="000000000"/>
						<SP ID="P52_SP00062" HPOS="1171" VPOS="2370" WIDTH="120"/>
						<String ID="P52_ST00077" HPOS="1291" VPOS="2304" WIDTH="47" HEIGHT="47" CONTENT="to" WC="0.68" CC="41"/>
						<SP ID="P52_SP00063" HPOS="1338" VPOS="2370" WIDTH="47"/>
						<String ID="P52_ST00078" HPOS="1385" VPOS="2301" WIDTH="160" HEIGHT="50" CONTENT="arrest" WC="0.98" CC="097007"/>
					</TextLine>
					<TextLine ID="P52_TL00017" HPOS="164" VPOS="2366" WIDTH="1389" HEIGHT="88">
						<String ID="P52_ST00079" HPOS="164" VPOS="2395" WIDTH="191" HEIGHT="49" CONTENT="certain" WC="0.99" CC="0604000"/>
						<SP ID="P52_SP00064" HPOS="355" VPOS="2444" WIDTH="28"/>
						<String ID="P52_ST00080" HPOS="383" VPOS="2381" WIDTH="182" HEIGHT="73" CONTENT="people" WC="1.00" CC="030000"/>
						<SP ID="P52_SP00065" HPOS="565" VPOS="2454" WIDTH="38"/>
						<String ID="P52_ST00081" HPOS="603" VPOS="2376" WIDTH="267" HEIGHT="73" CONTENT="suspected" WC="1.00" CC="000000400"/>
						<SP ID="P52_SP00066" HPOS="870" VPOS="2454" WIDTH="26"/>
						<String ID="P52_ST00082" HPOS="896" VPOS="2375" WIDTH="66" HEIGHT="70" CONTENT="of" WC="1.00" CC="00"/>
						<SP ID="P52_SP00067" HPOS="962" VPOS="2454" WIDTH="31"/>
						<String ID="P52_ST00083" HPOS="993" VPOS="2374" WIDTH="147" HEIGHT="70" CONTENT="being" WC="0.99" CC="10600"/>
						<SP ID="P52_SP00068" HPOS="1140" VPOS="2454" WIDTH="38"/>
						<String ID="P52_ST00084" HPOS="1178" VPOS="2366" WIDTH="375" HEIGHT="61" CONTENT="thievesand" WC="1.00" CC="3000010000"/>
					</TextLine>
					<TextLine ID="P52_TL00018" HPOS="164" VPOS="2441" WIDTH="1376" HEIGHT="84">
						<String ID="P52_ST00085" HPOS="164" VPOS="2461" WIDTH="138" HEIGHT="59" CONTENT="there" WC="0.98" CC="40070"/>
						<SP ID="P52_SP00069" HPOS="302" VPOS="2520" WIDTH="39"/>
						<String ID="P52_ST00086" HPOS="341" VPOS="2479" WIDTH="106" HEIGHT="38" CONTENT="was" WC="1.00" CC="000"/>
						<SP ID="P52_SP00070" HPOS="447" VPOS="2520" WIDTH="51"/>
						<String ID="P52_ST00087" HPOS="498" VPOS="2483" WIDTH="33" HEIGHT="33" CONTENT="a" WC="0.26" CC="7"/>
						<SP ID="P52_SP00071" HPOS="531" VPOS="2520" WIDTH="40"/>
						<String ID="P52_ST00088" HPOS="571" VPOS="2456" WIDTH="103" HEIGHT="69" CONTENT="boy" WC="0.98" CC="600"/>
						<SP ID="P52_SP00072" HPOS="674" VPOS="2525" WIDTH="48"/>
						<String ID="P52_ST00089" HPOS="722" VPOS="2453" WIDTH="136" HEIGHT="58" CONTENT="there" WC="1.00" CC="00000"/>
						<SP ID="P52_SP00073" HPOS="858" VPOS="2525" WIDTH="47"/>
						<String ID="P52_ST00090" HPOS="905" VPOS="2450" WIDTH="68" HEIGHT="69" CONTENT="of" WC="0.82" CC="30"/>
						<SP ID="P52_SP00074" HPOS="973" VPOS="2525" WIDTH="44"/>
						<String ID="P52_ST00091" HPOS="1017" VPOS="2447" WIDTH="178" HEIGHT="59" CONTENT="twelve" WC="0.99" CC="600200"/>
						<SP ID="P52_SP00075" HPOS="1195" VPOS="2525" WIDTH="48"/>
						<String ID="P52_ST00092" HPOS="1243" VPOS="2466" WIDTH="154" HEIGHT="49" CONTENT="years" WC="0.98" CC="07070"/>
						<SP ID="P52_SP00076" HPOS="1397" VPOS="2525" WIDTH="40"/>
						<String ID="P52_ST00093" HPOS="1437" VPOS="2441" WIDTH="103" HEIGHT="67" CONTENT="old," WC="0.99" CC="0003"/>
					</TextLine>
					<TextLine ID="P52_TL00019" HPOS="165" VPOS="2527" WIDTH="1384" HEIGHT="78">
						<String ID="P52_ST00094" HPOS="165" VPOS="2536" WIDTH="133" HEIGHT="68" CONTENT="who," WC="0.99" CC="0031"/>
						<SP ID="P52_SP00077" HPOS="298" VPOS="2604" WIDTH="41"/>
						<String ID="P52_ST00095" HPOS="339" VPOS="2544" WIDTH="171" HEIGHT="61" CONTENT="seeing" WC="0.99" CC="306000"/>
						<SP ID="P52_SP00078" HPOS="510" VPOS="2605" WIDTH="38"/>
						<String ID="P52_ST00096" HPOS="548" VPOS="2531" WIDTH="83" HEIGHT="57" CONTENT="the" WC="1.00" CC="000"/>
						<SP ID="P52_SP00079" HPOS="631" VPOS="2605" WIDTH="49"/>
						<String ID="P52_ST00097" HPOS="680" VPOS="2527" WIDTH="181" HEIGHT="72" CONTENT="police," WC="1.00" CC="0000000"/>
						<SP ID="P52_SP00080" HPOS="861" VPOS="2605" WIDTH="44"/>
						<String ID="P52_ST00098" HPOS="905" VPOS="2548" WIDTH="93" HEIGHT="35" CONTENT="ran" WC="0.96" CC="009"/>
						<SP ID="P52_SP00081" HPOS="998" VPOS="2605" WIDTH="42"/>
						<String ID="P52_ST00099" HPOS="1040" VPOS="2544" WIDTH="68" HEIGHT="48" CONTENT="up" WC="1.00" CC="00"/>
						<SP ID="P52_SP00082" HPOS="1108" VPOS="2605" WIDTH="47"/>
						<String ID="P52_ST00100" HPOS="1155" VPOS="2530" WIDTH="105" HEIGHT="48" CONTENT="into" WC="1.00" CC="0010"/>
						<SP ID="P52_SP00083" HPOS="1260" VPOS="2605" WIDTH="39"/>
						<String ID="P52_ST00101" HPOS="1299" VPOS="2544" WIDTH="34" HEIGHT="33" CONTENT="a" WC="1.00" CC="0"/>
						<SP ID="P52_SP00084" HPOS="1333" VPOS="2605" WIDTH="45"/>
						<String ID="P52_ST00102" HPOS="1378" VPOS="2527" WIDTH="171" HEIGHT="63" CONTENT="garret" WC="0.99" CC="000054"/>
					</TextLine>
					<TextLine ID="P52_TL00020" HPOS="164" VPOS="2592" WIDTH="1381" HEIGHT="89">
						<String ID="P52_ST00103" HPOS="164" VPOS="2613" WIDTH="69" HEIGHT="68" CONTENT="of" WC="0.77" CC="40"/>
						<SP ID="P52_SP00085" HPOS="233" VPOS="2681" WIDTH="28"/>
						<String ID="P52_ST00104" HPOS="261" VPOS="2613" WIDTH="84" HEIGHT="57" CONTENT="the" WC="0.95" CC="409"/>
						<SP ID="P52_SP00086" HPOS="345" VPOS="2681" WIDTH="36"/>
						<String ID="P52_ST00105" HPOS="381" VPOS="2609" WIDTH="118" HEIGHT="59" CONTENT="said" WC="0.98" CC="9000"/>
						<SP ID="P52_SP00087" HPOS="499" VPOS="2681" WIDTH="23"/>
						<String ID="P52_ST00106" HPOS="522" VPOS="2607" WIDTH="155" HEIGHT="58" CONTENT="house" WC="0.99" CC="00009"/>
						<SP ID="P52_SP00088" HPOS="677" VPOS="2681" WIDTH="38"/>
						<String ID="P52_ST00107" HPOS="715" VPOS="2604" WIDTH="165" HEIGHT="57" CONTENT="where" WC="1.00" CC="00000"/>
						<SP ID="P52_SP00089" HPOS="880" VPOS="2681" WIDTH="28"/>
						<String ID="P52_ST00108" HPOS="908" VPOS="2601" WIDTH="65" HEIGHT="57" CONTENT="he" WC="1.00" CC="00"/>
						<SP ID="P52_SP00090" HPOS="973" VPOS="2681" WIDTH="35"/>
						<String ID="P52_ST00109" HPOS="1008" VPOS="2595" WIDTH="285" HEIGHT="62" CONTENT="concealed" WC="1.00" CC="000300000"/>
						<SP ID="P52_SP00091" HPOS="1293" VPOS="2681" WIDTH="27"/>
						<String ID="P52_ST00110" HPOS="1320" VPOS="2592" WIDTH="225" HEIGHT="70" CONTENT="himself.." WC="0.99" CC="000990023"/>
					</TextLine>
					<TextLine ID="P52_TL00021" HPOS="172" VPOS="2668" WIDTH="1381" HEIGHT="86">
						<String ID="P52_ST00111" HPOS="172" VPOS="2687" WIDTH="162" HEIGHT="67" CONTENT="Then," WC="1.00" CC="00003"/>
						<SP ID="P52_SP00092" HPOS="334" VPOS="2754" WIDTH="45"/>
						<String ID="P52_ST00112" HPOS="379" VPOS="2685" WIDTH="146" HEIGHT="57" CONTENT="when" WC="1.00" CC="0000"/>
						<SP ID="P52_SP00093" HPOS="525" VPOS="2754" WIDTH="44"/>
						<String ID="P52_ST00113" HPOS="569" VPOS="2682" WIDTH="80" HEIGHT="58" CONTENT="the" WC="0.98" CC="004"/>
						<SP ID="P52_SP00094" HPOS="649" VPOS="2754" WIDTH="38"/>
						<String ID="P52_ST00114" HPOS="687" VPOS="2679" WIDTH="165" HEIGHT="71" CONTENT="police" WC="1.00" CC="003000"/>
						<SP ID="P52_SP00095" HPOS="852" VPOS="2754" WIDTH="39"/>
						<String ID="P52_ST00115" HPOS="891" VPOS="2695" WIDTH="134" HEIGHT="38" CONTENT="were" WC="1.00" CC="0000"/>
						<SP ID="P52_SP00096" HPOS="1025" VPOS="2754" WIDTH="36"/>
						<String ID="P52_ST00116" HPOS="1061" VPOS="2696" WIDTH="145" HEIGHT="50" CONTENT="gone," WC="0.99" CC="00062"/>
						<SP ID="P52_SP00097" HPOS="1206" VPOS="2754" WIDTH="62"/>
						<String ID="P52_ST00117" HPOS="1268" VPOS="2671" WIDTH="63" HEIGHT="56" CONTENT="he" WC="1.00" CC="00"/>
						<SP ID="P52_SP00098" HPOS="1331" VPOS="2754" WIDTH="57"/>
						<String ID="P52_ST00118" HPOS="1388" VPOS="2668" WIDTH="165" HEIGHT="69" CONTENT="asked" WC="0.97" CC="07580"/>
					</TextLine>
					<TextLine ID="P52_TL00022" HPOS="165" VPOS="2743" WIDTH="1383" HEIGHT="88">
						<String ID="P52_ST00119" HPOS="165" VPOS="2762" WIDTH="84" HEIGHT="59" CONTENT="the" WC="0.99" CC="300"/>
						<SP ID="P52_SP00099" HPOS="249" VPOS="2821" WIDTH="24"/>
						<String ID="P52_ST00120" HPOS="273" VPOS="2760" WIDTH="266" HEIGHT="71" CONTENT="suppliant" WC="1.00" CC="000004000"/>
						<SP ID="P52_SP00100" HPOS="539" VPOS="2831" WIDTH="36"/>
						<String ID="P52_ST00121" HPOS="575" VPOS="2767" WIDTH="47" HEIGHT="47" CONTENT="to" WC="0.45" CC="54"/>
						<SP ID="P52_SP00101" HPOS="622" VPOS="2831" WIDTH="41"/>
						<String ID="P52_ST00122" HPOS="663" VPOS="2755" WIDTH="120" HEIGHT="68" CONTENT="help" WC="1.00" CC="0000"/>
						<SP ID="P52_SP00102" HPOS="783" VPOS="2831" WIDTH="27"/>
						<String ID="P52_ST00123" HPOS="810" VPOS="2752" WIDTH="103" HEIGHT="57" CONTENT="him" WC="1.00" CC="000"/>
						<SP ID="P52_SP00103" HPOS="913" VPOS="2831" WIDTH="42"/>
						<String ID="P52_ST00124" HPOS="955" VPOS="2761" WIDTH="48" HEIGHT="47" CONTENT="to" WC="0.96" CC="00"/>
						<SP ID="P52_SP00104" HPOS="1003" VPOS="2831" WIDTH="39"/>
						<String ID="P52_ST00125" HPOS="1042" VPOS="2771" WIDTH="144" HEIGHT="35" CONTENT="come" WC="1.00" CC="0000"/>
						<SP ID="P52_SP00105" HPOS="1186" VPOS="2831" WIDTH="38"/>
						<String ID="P52_ST00126" HPOS="1224" VPOS="2746" WIDTH="150" HEIGHT="56" CONTENT="down" WC="1.00" CC="0000"/>
						<SP ID="P52_SP00106" HPOS="1374" VPOS="2831" WIDTH="29"/>
						<String ID="P52_ST00127" HPOS="1403" VPOS="2743" WIDTH="145" HEIGHT="70" CONTENT="from" WC="1.00" CC="0010"/>
					</TextLine>
					<TextLine ID="P52_TL00023" HPOS="167" VPOS="2820" WIDTH="1386" HEIGHT="87">
						<String ID="P52_ST00128" HPOS="167" VPOS="2837" WIDTH="83" HEIGHT="59" CONTENT="the" WC="1.00" CC="000"/>
						<SP ID="P52_SP00107" HPOS="250" VPOS="2896" WIDTH="37"/>
						<String ID="P52_ST00129" HPOS="287" VPOS="2836" WIDTH="118" HEIGHT="58" CONTENT="said" WC="1.00" CC="0000"/>
						<SP ID="P52_SP00108" HPOS="405" VPOS="2896" WIDTH="43"/>
						<String ID="P52_ST00130" HPOS="448" VPOS="2842" WIDTH="184" HEIGHT="65" CONTENT="garret," WC="0.99" CC="0000642"/>
						<SP ID="P52_SP00109" HPOS="632" VPOS="2907" WIDTH="48"/>
						<String ID="P52_ST00131" HPOS="680" VPOS="2830" WIDTH="110" HEIGHT="58" CONTENT="and" WC="0.94" CC="735"/>
						<SP ID="P52_SP00110" HPOS="790" VPOS="2907" WIDTH="36"/>
						<String ID="P52_ST00132" HPOS="826" VPOS="2827" WIDTH="112" HEIGHT="59" CONTENT="thus" WC="1.00" CC="0000"/>
						<SP ID="P52_SP00111" HPOS="938" VPOS="2907" WIDTH="52"/>
						<String ID="P52_ST00133" HPOS="990" VPOS="2823" WIDTH="82" HEIGHT="59" CONTENT="the" WC="1.00" CC="000"/>
						<SP ID="P52_SP00112" HPOS="1072" VPOS="2907" WIDTH="43"/>
						<String ID="P52_ST00134" HPOS="1115" VPOS="2822" WIDTH="118" HEIGHT="59" CONTENT="said" WC="1.00" CC="0000"/>
						<SP ID="P52_SP00113" HPOS="1233" VPOS="2907" WIDTH="32"/>
						<String ID="P52_ST00135" HPOS="1265" VPOS="2820" WIDTH="288" HEIGHT="68" CONTENT="Suppliant" WC="1.00" CC="060000105"/>
					</TextLine>
					<TextLine ID="P52_TL00024" HPOS="165" VPOS="2893" WIDTH="1384" HEIGHT="89">
						<String ID="P52_ST00136" HPOS="165" VPOS="2911" WIDTH="192" HEIGHT="71" CONTENT="helped" WC="1.00" CC="004000"/>
						<SP ID="P52_SP00114" HPOS="357" VPOS="2982" WIDTH="15"/>
						<String ID="P52_ST00137" HPOS="372" VPOS="2911" WIDTH="101" HEIGHT="57" CONTENT="him" WC="1.00" CC="000"/>
						<String ID="P52_ST00138" HPOS="478" VPOS="2952" WIDTH="14" HEIGHT="26" CONTENT="t" STYLE="subscript" WC="0.27" CC="7"/>
						<SP ID="P52_SP00115" HPOS="492" VPOS="2982" WIDTH="23"/>
						<String ID="P52_ST00139" HPOS="515" VPOS="2907" WIDTH="111" HEIGHT="59" CONTENT="and" WC="1.00" CC="000"/>
						<SP ID="P52_SP00116" HPOS="626" VPOS="2982" WIDTH="12"/>
						<String ID="P52_ST00140" HPOS="638" VPOS="2916" WIDTH="53" HEIGHT="48" CONTENT="in" WC="0.99" CC="00"/>
						<SP ID="P52_SP00117" HPOS="691" VPOS="2982" WIDTH="21"/>
						<String ID="P52_ST00141" HPOS="712" VPOS="2905" WIDTH="93" HEIGHT="58" CONTENT="this" WC="1.00" CC="1000"/>
						<SP ID="P52_SP00118" HPOS="805" VPOS="2982" WIDTH="30"/>
						<String ID="P52_ST00142" HPOS="835" VPOS="2922" WIDTH="121" HEIGHT="49" CONTENT="way" WC="1.00" CC="000"/>
						<SP ID="P52_SP00119" HPOS="956" VPOS="2982" WIDTH="22"/>
						<String ID="P52_ST00143" HPOS="978" VPOS="2900" WIDTH="63" HEIGHT="57" CONTENT="he" WC="1.00" CC="00"/>
						<SP ID="P52_SP00120" HPOS="1041" VPOS="2982" WIDTH="19"/>
						<String ID="P52_ST00144" HPOS="1060" VPOS="2908" WIDTH="86" HEIGHT="63" CONTENT="got" WC="1.00" CC="000"/>
						<SP ID="P52_SP00121" HPOS="1146" VPOS="2982" WIDTH="18"/>
						<String ID="P52_ST00145" HPOS="1164" VPOS="2897" WIDTH="150" HEIGHT="58" CONTENT="down" WC="1.00" CC="0000"/>
						<SP ID="P52_SP00122" HPOS="1314" VPOS="2982" WIDTH="22"/>
						<String ID="P52_ST00146" HPOS="1336" VPOS="2903" WIDTH="104" HEIGHT="50" CONTENT="into" WC="1.00" CC="0001"/>
						<SP ID="P52_SP00123" HPOS="1440" VPOS="2982" WIDTH="28"/>
						<String ID="P52_ST00147" HPOS="1468" VPOS="2893" WIDTH="81" HEIGHT="57" CONTENT="the" WC="0.99" CC="200"/>
					</TextLine>
					<TextLine ID="P52_TL00025" HPOS="165" VPOS="2974" WIDTH="1382" HEIGHT="80">
						<String ID="P52_ST00148" HPOS="165" VPOS="2999" WIDTH="162" HEIGHT="55" CONTENT="street," WC="0.99" CC="7500050"/>
						<SP ID="P52_SP00124" HPOS="327" VPOS="3054" WIDTH="31"/>
						<String ID="P52_ST00149" HPOS="358" VPOS="2986" WIDTH="112" HEIGHT="58" CONTENT="and" WC="1.00" CC="000"/>
						<SP ID="P52_SP00125" HPOS="470" VPOS="3054" WIDTH="22"/>
						<String ID="P52_ST00150" HPOS="492" VPOS="2980" WIDTH="350" HEIGHT="69" CONTENT="immediately" WC="1.00" CC="00005074030"/>
						<SP ID="P52_SP00126" HPOS="842" VPOS="3054" WIDTH="30"/>
						<String ID="P52_ST00151" HPOS="872" VPOS="2977" WIDTH="81" HEIGHT="58" CONTENT="the" WC="1.00" CC="000"/>
						<SP ID="P52_SP00127" HPOS="953" VPOS="3054" WIDTH="26"/>
						<String ID="P52_ST00152" HPOS="979" VPOS="2974" WIDTH="118" HEIGHT="59" CONTENT="said" WC="1.00" CC="0000"/>
						<SP ID="P52_SP00128" HPOS="1097" VPOS="3054" WIDTH="22"/>
						<String ID="P52_ST00153" HPOS="1119" VPOS="2974" WIDTH="101" HEIGHT="69" CONTENT="boy" WC="1.00" CC="000"/>
						<SP ID="P52_SP00129" HPOS="1220" VPOS="3054" WIDTH="29"/>
						<String ID="P52_ST00154" HPOS="1249" VPOS="2996" WIDTH="92" HEIGHT="33" CONTENT="ran" WC="1.00" CC="000"/>
						<SP ID="P52_SP00130" HPOS="1341" VPOS="3054" WIDTH="29"/>
						<String ID="P52_ST00155" HPOS="1370" VPOS="2988" WIDTH="177" HEIGHT="50" CONTENT="away." WC="1.00" CC="00004"/>
					</TextLine>
					<TextLine ID="P52_TL00026" HPOS="283" VPOS="3118" WIDTH="1273" HEIGHT="77">
						<String ID="P52_ST00156" HPOS="283" VPOS="3138" WIDTH="105" HEIGHT="57" CONTENT="For" WC="0.94" CC="609"/>
						<SP ID="P52_SP00131" HPOS="388" VPOS="3195" WIDTH="38"/>
						<String ID="P52_ST00157" HPOS="426" VPOS="3136" WIDTH="94" HEIGHT="57" CONTENT="this" WC="0.99" CC="1030"/>
						<SP ID="P52_SP00132" HPOS="520" VPOS="3195" WIDTH="41"/>
						<String ID="P52_ST00158" HPOS="561" VPOS="3155" WIDTH="178" HEIGHT="35" CONTENT="reason" WC="1.00" CC="000100"/>
						<SP ID="P52_SP00133" HPOS="739" VPOS="3195" WIDTH="46"/>
						<String ID="P52_ST00159" HPOS="785" VPOS="3128" WIDTH="80" HEIGHT="59" CONTENT="the" WC="1.00" CC="000"/>
						<SP ID="P52_SP00134" HPOS="865" VPOS="3195" WIDTH="38"/>
						<String ID="P52_ST00160" HPOS="903" VPOS="3126" WIDTH="265" HEIGHT="69" CONTENT="suppliant" WC="0.99" CC="000040076"/>
						<SP ID="P52_SP00135" HPOS="1168" VPOS="3195" WIDTH="47"/>
						<String ID="P52_ST00161" HPOS="1215" VPOS="3141" WIDTH="107" HEIGHT="39" CONTENT="was" WC="0.99" CC="030"/>
						<SP ID="P52_SP00136" HPOS="1322" VPOS="3195" WIDTH="43"/>
						<String ID="P52_ST00162" HPOS="1365" VPOS="3118" WIDTH="191" HEIGHT="70" CONTENT="forced" WC="1.00" CC="050000"/>
					</TextLine>
					<TextLine ID="P52_TL00027" HPOS="170" VPOS="3195" WIDTH="1380" HEIGHT="91">
						<String ID="P52_ST00163" HPOS="170" VPOS="3226" WIDTH="48" HEIGHT="47" CONTENT="to" WC="0.95" CC="00"/>
						<SP ID="P52_SP00137" HPOS="218" VPOS="3273" WIDTH="39"/>
						<String ID="P52_ST00164" HPOS="257" VPOS="3223" WIDTH="111" HEIGHT="63" CONTENT="give" WC="1.00" CC="0000"/>
						<SP ID="P52_SP00138" HPOS="368" VPOS="3286" WIDTH="28"/>
						<String ID="P52_ST00165" HPOS="396" VPOS="3209" WIDTH="216" HEIGHT="70" CONTENT="himself" WC="1.00" CC="0000000"/>
						<SP ID="P52_SP00139" HPOS="612" VPOS="3286" WIDTH="32"/>
						<String ID="P52_ST00166" HPOS="644" VPOS="3227" WIDTH="68" HEIGHT="50" CONTENT="up" WC="1.00" CC="00"/>
						<SP ID="P52_SP00140" HPOS="712" VPOS="3286" WIDTH="31"/>
						<String ID="P52_ST00167" HPOS="743" VPOS="3217" WIDTH="48" HEIGHT="47" CONTENT="in" WC="1.00" CC="00"/>
						<SP ID="P52_SP00141" HPOS="791" VPOS="3286" WIDTH="43"/>
						<String ID="P52_ST00168" HPOS="834" VPOS="3204" WIDTH="271" HEIGHT="64" CONTENT="Cremona," WC="1.00" CC="00003000"/>
						<SP ID="P52_SP00142" HPOS="1105" VPOS="3286" WIDTH="41"/>
						<String ID="P52_ST00169" HPOS="1146" VPOS="3199" WIDTH="168" HEIGHT="57" CONTENT="where" WC="1.00" CC="00000"/>
						<SP ID="P52_SP00143" HPOS="1314" VPOS="3286" WIDTH="38"/>
						<String ID="P52_ST00170" HPOS="1352" VPOS="3195" WIDTH="64" HEIGHT="58" CONTENT="he" WC="1.00" CC="00"/>
						<SP ID="P52_SP00144" HPOS="1416" VPOS="3286" WIDTH="28"/>
						<String ID="P52_ST00171" HPOS="1444" VPOS="3213" WIDTH="106" HEIGHT="38" CONTENT="was" WC="0.98" CC="050"/>
					</TextLine>
					<TextLine ID="P52_TL00028" HPOS="170" VPOS="3273" WIDTH="1109" HEIGHT="75">
						<String ID="P52_ST00172" HPOS="170" VPOS="3288" WIDTH="275" HEIGHT="60" CONTENT="examined" WC="1.00" CC="00000000"/>
						<SP ID="P52_SP00145" HPOS="445" VPOS="3348" WIDTH="33"/>
						<String ID="P52_ST00173" HPOS="478" VPOS="3286" WIDTH="111" HEIGHT="58" CONTENT="and" WC="0.94" CC="790"/>
						<SP ID="P52_SP00146" HPOS="589" VPOS="3348" WIDTH="36"/>
						<String ID="P52_ST00174" HPOS="625" VPOS="3284" WIDTH="115" HEIGHT="58" CONTENT="then" WC="0.96" CC="6408"/>
						<SP ID="P52_SP00147" HPOS="740" VPOS="3348" WIDTH="41"/>
						<String ID="P52_ST00175" HPOS="781" VPOS="3277" WIDTH="235" HEIGHT="62" CONTENT="released" WC="1.00" CC="07300000"/>
						<SP ID="P52_SP00148" HPOS="1016" VPOS="3348" WIDTH="31"/>
						<String ID="P52_ST00176" HPOS="1047" VPOS="3301" WIDTH="66" HEIGHT="33" CONTENT="on" WC="0.69" CC="06"/>
						<SP ID="P52_SP00149" HPOS="1113" VPOS="3348" WIDTH="42"/>
						<String ID="P52_ST00177" HPOS="1155" VPOS="3273" WIDTH="124" HEIGHT="58" CONTENT="bail." WC="0.99" CC="30004"/>
					</TextLine>
					<TextLine ID="P52_TL00029" HPOS="282" VPOS="3420" WIDTH="1270" HEIGHT="89">
						<String ID="P52_ST00178" HPOS="282" VPOS="3439" WIDTH="161" HEIGHT="70" CONTENT="After" WC="0.99" CC="40600"/>
						<SP ID="P52_SP00150" HPOS="443" VPOS="3509" WIDTH="53"/>
						<String ID="P52_ST00179" HPOS="496" VPOS="3435" WIDTH="109" HEIGHT="65" CONTENT="this," WC="0.99" CC="80100"/>
						<SP ID="P52_SP00151" HPOS="605" VPOS="3509" WIDTH="46"/>
						<String ID="P52_ST00180" HPOS="651" VPOS="3433" WIDTH="80" HEIGHT="57" CONTENT="the" WC="0.95" CC="209"/>
						<SP ID="P52_SP00152" HPOS="731" VPOS="3509" WIDTH="38"/>
						<String ID="P52_ST00181" HPOS="769" VPOS="3428" WIDTH="287" HEIGHT="71" CONTENT="Suppliant" WC="1.00" CC="200000600"/>
						<SP ID="P52_SP00153" HPOS="1056" VPOS="3509" WIDTH="57"/>
						<String ID="P52_ST00182" HPOS="1113" VPOS="3425" WIDTH="149" HEIGHT="70" CONTENT="being" WC="1.00" CC="10000"/>
						<SP ID="P52_SP00154" HPOS="1262" VPOS="3509" WIDTH="50"/>
						<String ID="P52_ST00183" HPOS="1312" VPOS="3422" WIDTH="119" HEIGHT="58" CONTENT="with" WC="1.00" CC="0020"/>
						<SP ID="P52_SP00155" HPOS="1431" VPOS="3509" WIDTH="46"/>
						<String ID="P52_ST00184" HPOS="1477" VPOS="3420" WIDTH="75" HEIGHT="57" CONTENT="his" WC="1.00" CC="000"/>
					</TextLine>
					<TextLine ID="P52_TL00030" HPOS="172" VPOS="3496" WIDTH="1384" HEIGHT="89">
						<String ID="P52_ST00185" HPOS="172" VPOS="3517" WIDTH="277" HEIGHT="68" CONTENT="Company" WC="0.99" CC="0100900"/>
						<SP ID="P52_SP00156" HPOS="449" VPOS="3585" WIDTH="29"/>
						<String ID="P52_ST00186" HPOS="478" VPOS="3523" WIDTH="55" HEIGHT="47" CONTENT="at" WC="0.84" CC="03"/>
						<SP ID="P52_SP00157" HPOS="533" VPOS="3585" WIDTH="37"/>
						<String ID="P52_ST00187" HPOS="570" VPOS="3510" WIDTH="189" HEIGHT="65" CONTENT="Pavia," WC="0.81" CC="700004"/>
						<SP ID="P52_SP00158" HPOS="759" VPOS="3585" WIDTH="29"/>
						<String ID="P52_ST00188" HPOS="788" VPOS="3505" WIDTH="75" HEIGHT="57" CONTENT="his" WC="0.99" CC="010"/>
						<SP ID="P52_SP00159" HPOS="863" VPOS="3585" WIDTH="40"/>
						<String ID="P52_ST00189" HPOS="903" VPOS="3513" WIDTH="191" HEIGHT="60" CONTENT="surety," WC="0.99" CC="0700300"/>
						<SP ID="P52_SP00160" HPOS="1094" VPOS="3585" WIDTH="32"/>
						<String ID="P52_ST00190" HPOS="1126" VPOS="3502" WIDTH="150" HEIGHT="69" CONTENT="being" WC="1.00" CC="30000"/>
						<SP ID="P52_SP00161" HPOS="1276" VPOS="3585" WIDTH="31"/>
						<String ID="P52_ST00191" HPOS="1307" VPOS="3496" WIDTH="249" HEIGHT="59" CONTENT="molested" WC="1.00" CC="00100700"/>
					</TextLine>
					<TextLine ID="P52_TL00031" HPOS="170" VPOS="3571" WIDTH="1379" HEIGHT="78">
						<String ID="P52_ST00192" HPOS="170" VPOS="3602" WIDTH="56" HEIGHT="47" CONTENT="at" WC="0.69" CC="06"/>
						<SP ID="P52_SP00162" HPOS="226" VPOS="3649" WIDTH="26"/>
						<String ID="P52_ST00193" HPOS="252" VPOS="3590" WIDTH="257" HEIGHT="58" CONTENT="Cremona" WC="1.00" CC="0000000"/>
						<SP ID="P52_SP00163" HPOS="509" VPOS="3649" WIDTH="41"/>
						<String ID="P52_ST00194" HPOS="550" VPOS="3611" WIDTH="66" HEIGHT="33" CONTENT="on" WC="0.47" CC="09"/>
						<SP ID="P52_SP00164" HPOS="616" VPOS="3649" WIDTH="26"/>
						<String ID="P52_ST00195" HPOS="642" VPOS="3590" WIDTH="217" HEIGHT="53" CONTENT="account" WC="0.99" CC="5000506"/>
						<SP ID="P52_SP00165" HPOS="859" VPOS="3649" WIDTH="33"/>
						<String ID="P52_ST00196" HPOS="892" VPOS="3579" WIDTH="68" HEIGHT="70" CONTENT="of" WC="1.00" CC="00"/>
						<SP ID="P52_SP00166" HPOS="960" VPOS="3649" WIDTH="29"/>
						<String ID="P52_ST00197" HPOS="989" VPOS="3578" WIDTH="149" HEIGHT="70" CONTENT="being" WC="1.00" CC="00000"/>
						<SP ID="P52_SP00167" HPOS="1138" VPOS="3649" WIDTH="26"/>
						<String ID="P52_ST00198" HPOS="1164" VPOS="3574" WIDTH="176" HEIGHT="58" CONTENT="bound" WC="0.98" CC="03090"/>
						<SP ID="P52_SP00168" HPOS="1340" VPOS="3649" WIDTH="36"/>
						<String ID="P52_ST00199" HPOS="1376" VPOS="3582" WIDTH="49" HEIGHT="47" CONTENT="to" WC="0.56" CC="25"/>
						<SP ID="P52_SP00169" HPOS="1425" VPOS="3649" WIDTH="39"/>
						<String ID="P52_ST00200" HPOS="1464" VPOS="3571" WIDTH="57" HEIGHT="58" CONTENT="de" SUBS_TYPE="HypPart1" SUBS_CONTENT="deliver" WC="0.99" CC="00"/>
						<HYP HPOS="1521" VPOS="3571" WIDTH="28" CONTENT="-"/>
					</TextLine>
					<TextLine ID="P52_TL00032" HPOS="172" VPOS="3646" WIDTH="1380" HEIGHT="89">
						<String ID="P52_ST00201" HPOS="172" VPOS="3668" WIDTH="125" HEIGHT="57" CONTENT="liver" SUBS_TYPE="HypPart2" SUBS_CONTENT="deliver" WC="1.00" CC="00000"/>
						<SP ID="P52_SP00170" HPOS="297" VPOS="3725" WIDTH="41"/>
						<String ID="P52_ST00202" HPOS="338" VPOS="3684" WIDTH="68" HEIGHT="51" CONTENT="up" WC="1.00" CC="00"/>
						<SP ID="P52_SP00171" HPOS="406" VPOS="3735" WIDTH="48"/>
						<String ID="P52_ST00203" HPOS="454" VPOS="3663" WIDTH="82" HEIGHT="58" CONTENT="the" WC="0.98" CC="400"/>
						<SP ID="P52_SP00172" HPOS="536" VPOS="3735" WIDTH="36"/>
						<String ID="P52_ST00204" HPOS="572" VPOS="3659" WIDTH="305" HEIGHT="71" CONTENT="Suppliant," WC="1.00" CC="0000100003"/>
						<SP ID="P52_SP00173" HPOS="877" VPOS="3735" WIDTH="56"/>
						<String ID="P52_ST00205" HPOS="933" VPOS="3654" WIDTH="93" HEIGHT="57" CONTENT="this" WC="1.00" CC="0000"/>
						<SP ID="P52_SP00174" HPOS="1026" VPOS="3735" WIDTH="49"/>
						<String ID="P52_ST00206" HPOS="1075" VPOS="3653" WIDTH="197" HEIGHT="67" CONTENT="Surety" WC="1.00" CC="000050"/>
						<SP ID="P52_SP00175" HPOS="1272" VPOS="3735" WIDTH="51"/>
						<String ID="P52_ST00207" HPOS="1323" VPOS="3646" WIDTH="112" HEIGHT="59" CONTENT="had" WC="1.00" CC="000"/>
						<SP ID="P52_SP00176" HPOS="1435" VPOS="3735" WIDTH="33"/>
						<String ID="P52_ST00208" HPOS="1468" VPOS="3646" WIDTH="84" HEIGHT="57" CONTENT="the" WC="0.99" CC="300"/>
					</TextLine>
					<TextLine ID="P52_TL00033" HPOS="171" VPOS="3724" WIDTH="1378" HEIGHT="89">
						<String ID="P52_ST00209" HPOS="171" VPOS="3740" WIDTH="267" HEIGHT="73" CONTENT="aforesaid" WC="1.00" CC="004200000"/>
						<SP ID="P52_SP00177" HPOS="438" VPOS="3813" WIDTH="32"/>
						<String ID="P52_ST00210" HPOS="470" VPOS="3738" WIDTH="289" HEIGHT="70" CONTENT="Suppliant" WC="1.00" CC="000030004"/>
						<SP ID="P52_SP00178" HPOS="759" VPOS="3813" WIDTH="43"/>
						<String ID="P52_ST00211" HPOS="802" VPOS="3730" WIDTH="177" HEIGHT="60" CONTENT="seized" WC="0.99" CC="070050"/>
						<SP ID="P52_SP00179" HPOS="979" VPOS="3813" WIDTH="34"/>
						<String ID="P52_ST00212" HPOS="1013" VPOS="3726" WIDTH="174" HEIGHT="71" CONTENT="afresh" WC="0.98" CC="605054"/>
						<SP ID="P52_SP00180" HPOS="1187" VPOS="3813" WIDTH="56"/>
						<String ID="P52_ST00213" HPOS="1243" VPOS="3735" WIDTH="51" HEIGHT="47" CONTENT="in" WC="1.00" CC="00"/>
						<SP ID="P52_SP00181" HPOS="1294" VPOS="3813" WIDTH="40"/>
						<String ID="P52_ST00214" HPOS="1334" VPOS="3724" WIDTH="173" HEIGHT="57" CONTENT="Pavia" WC="0.98" CC="00000"/>
						<SP ID="P52_SP00182" HPOS="1507" VPOS="3813" WIDTH="22"/>
						<String ID="P52_ST00215" HPOS="1529" VPOS="3747" WIDTH="20" HEIGHT="42" CONTENT=";" WC="0.57" CC="4"/>
					</TextLine>
					<TextLine ID="P52_TL00034" HPOS="172" VPOS="3797" WIDTH="1373" HEIGHT="88">
						<String ID="P52_ST00216" HPOS="172" VPOS="3819" WIDTH="89" HEIGHT="56" CONTENT="but" WC="0.96" CC="605"/>
						<SP ID="P52_SP00183" HPOS="261" VPOS="3875" WIDTH="37"/>
						<String ID="P52_ST00217" HPOS="298" VPOS="3816" WIDTH="62" HEIGHT="58" CONTENT="he" WC="0.50" CC="09"/>
						<SP ID="P52_SP00184" HPOS="360" VPOS="3875" WIDTH="40"/>
						<String ID="P52_ST00218" HPOS="400" VPOS="3836" WIDTH="106" HEIGHT="36" CONTENT="was" WC="0.96" CC="009"/>
						<SP ID="P52_SP00185" HPOS="506" VPOS="3875" WIDTH="39"/>
						<String ID="P52_ST00219" HPOS="545" VPOS="3822" WIDTH="157" HEIGHT="63" CONTENT="again" WC="1.00" CC="01000"/>
						<SP ID="P52_SP00186" HPOS="702" VPOS="3885" WIDTH="41"/>
						<String ID="P52_ST00220" HPOS="743" VPOS="3804" WIDTH="351" HEIGHT="70" CONTENT="immediately" WC="1.00" CC="00250082000"/>
						<SP ID="P52_SP00187" HPOS="1094" VPOS="3885" WIDTH="39"/>
						<String ID="P52_ST00221" HPOS="1133" VPOS="3813" WIDTH="73" HEIGHT="47" CONTENT="set" WC="0.94" CC="094"/>
						<SP ID="P52_SP00188" HPOS="1206" VPOS="3885" WIDTH="43"/>
						<String ID="P52_ST00222" HPOS="1249" VPOS="3810" WIDTH="56" HEIGHT="48" CONTENT="at" WC="0.90" CC="02"/>
						<SP ID="P52_SP00189" HPOS="1305" VPOS="3885" WIDTH="40"/>
						<String ID="P52_ST00223" HPOS="1345" VPOS="3797" WIDTH="200" HEIGHT="70" CONTENT="liberty," WC="0.99" CC="40550200"/>
					</TextLine>
					<TextLine ID="P52_TL00035" HPOS="170" VPOS="3875" WIDTH="1380" HEIGHT="90">
						<String ID="P52_ST00224" HPOS="170" VPOS="3894" WIDTH="194" HEIGHT="71" CONTENT="having" WC="1.00" CC="000200"/>
						<SP ID="P52_SP00190" HPOS="364" VPOS="3965" WIDTH="12"/>
						<String ID="P52_ST00225" HPOS="376" VPOS="3891" WIDTH="120" HEIGHT="70" CONTENT="first" WC="0.98" CC="06007"/>
						<SP ID="P52_SP00191" HPOS="496" VPOS="3965" WIDTH="22"/>
						<String ID="P52_ST00226" HPOS="518" VPOS="3886" WIDTH="242" HEIGHT="73" CONTENT="supplied" WC="1.00" CC="00003000"/>
						<SP ID="P52_SP00192" HPOS="760" VPOS="3965" WIDTH="22"/>
						<String ID="P52_ST00227" HPOS="782" VPOS="3883" WIDTH="217" HEIGHT="59" CONTENT="another" WC="1.00" CC="0002000"/>
						<SP ID="P52_SP00193" HPOS="999" VPOS="3965" WIDTH="22"/>
						<String ID="P52_ST00228" HPOS="1021" VPOS="3889" WIDTH="174" HEIGHT="60" CONTENT="surety" WC="1.00" CC="000500"/>
						<SP ID="P52_SP00194" HPOS="1195" VPOS="3965" WIDTH="30"/>
						<String ID="P52_ST00229" HPOS="1225" VPOS="3886" WIDTH="47" HEIGHT="49" CONTENT="to" WC="0.49" CC="45"/>
						<SP ID="P52_SP00195" HPOS="1272" VPOS="3965" WIDTH="29"/>
						<String ID="P52_ST00230" HPOS="1301" VPOS="3875" WIDTH="82" HEIGHT="58" CONTENT="the" WC="0.98" CC="500"/>
						<SP ID="P52_SP00196" HPOS="1383" VPOS="3965" WIDTH="25"/>
						<String ID="P52_ST00231" HPOS="1408" VPOS="3897" WIDTH="142" HEIGHT="34" CONTENT="same" WC="1.00" CC="0000"/>
					</TextLine>
					<TextLine ID="P52_TL00036" HPOS="171" VPOS="3960" WIDTH="843" HEIGHT="77">
						<String ID="P52_ST00232" HPOS="171" VPOS="3969" WIDTH="156" HEIGHT="68" CONTENT="effect" WC="0.99" CC="011004"/>
						<SP ID="P52_SP00197" HPOS="327" VPOS="4037" WIDTH="36"/>
						<String ID="P52_ST00233" HPOS="363" VPOS="3992" WIDTH="57" HEIGHT="33" CONTENT="as" WC="0.70" CC="50"/>
						<SP ID="P52_SP00198" HPOS="420" VPOS="4037" WIDTH="42"/>
						<String ID="P52_ST00234" HPOS="462" VPOS="3975" WIDTH="49" HEIGHT="49" CONTENT="in" WC="0.86" CC="20"/>
						<SP ID="P52_SP00199" HPOS="511" VPOS="4037" WIDTH="42"/>
						<String ID="P52_ST00235" HPOS="553" VPOS="3965" WIDTH="82" HEIGHT="57" CONTENT="the" WC="1.00" CC="000"/>
						<SP ID="P52_SP00200" HPOS="635" VPOS="4037" WIDTH="37"/>
						<String ID="P52_ST00236" HPOS="672" VPOS="3963" WIDTH="118" HEIGHT="58" CONTENT="said" WC="0.99" CC="6000"/>
						<SP ID="P52_SP00201" HPOS="790" VPOS="4037" WIDTH="34"/>
						<String ID="P52_ST00237" HPOS="824" VPOS="3960" WIDTH="190" HEIGHT="57" CONTENT="Pavia." WC="0.81" CC="000074"/>
					</TextLine>
				</TextBlock>
				<TextBlock ID="P52_TB00005" HPOS="171" VPOS="4115" WIDTH="1379" HEIGHT="153" STYLEREFS="TXT_5 PAR_LEFT">
					<TextLine ID="P52_TL00037" HPOS="264" VPOS="4116" WIDTH="1286" HEIGHT="57">
						<String ID="P52_ST00238" HPOS="264" VPOS="4136" WIDTH="40" HEIGHT="37" CONTENT="(1)" WC="0.36" CC="675"/>
						<SP ID="P52_SP00202" HPOS="304" VPOS="4173" WIDTH="25"/>
						<String ID="P52_ST00239" HPOS="329" VPOS="4133" WIDTH="86" HEIGHT="33" CONTENT="The" WC="0.94" CC="647"/>
						<SP ID="P52_SP00203" HPOS="415" VPOS="4173" WIDTH="24"/>
						<String ID="P52_ST00240" HPOS="439" VPOS="4130" WIDTH="221" HEIGHT="43" CONTENT="governing" WC="0.98" CC="750477077"/>
						<SP ID="P52_SP00204" HPOS="660" VPOS="4173" WIDTH="23"/>
						<String ID="P52_ST00241" HPOS="683" VPOS="4125" WIDTH="142" HEIGHT="36" CONTENT="official" WC="0.99" CC="51111365"/>
						<SP ID="P52_SP00205" HPOS="825" VPOS="4173" WIDTH="25"/>
						<String ID="P52_ST00242" HPOS="850" VPOS="4124" WIDTH="44" HEIGHT="34" CONTENT="of" WC="0.40" CC="47"/>
						<SP ID="P52_SP00206" HPOS="894" VPOS="4173" WIDTH="20"/>
						<String ID="P52_ST00243" HPOS="914" VPOS="4123" WIDTH="67" HEIGHT="34" CONTENT="the" WC="0.94" CC="456"/>
						<SP ID="P52_SP00207" HPOS="981" VPOS="4173" WIDTH="24"/>
						<String ID="P52_ST00244" HPOS="1005" VPOS="4121" WIDTH="92" HEIGHT="42" CONTENT="city," WC="0.97" CC="43254"/>
						<SP ID="P52_SP00208" HPOS="1097" VPOS="4173" WIDTH="52"/>
						<String ID="P52_ST00245" HPOS="1149" VPOS="4120" WIDTH="77" HEIGHT="32" CONTENT="the" WC="0.98" CC="003"/>
						<SP ID="P52_SP00209" HPOS="1226" VPOS="4173" WIDTH="23"/>
						<String ID="P52_ST00246" HPOS="1249" VPOS="4117" WIDTH="85" HEIGHT="35" CONTENT="title" WC="0.98" CC="00057"/>
						<SP ID="P52_SP00210" HPOS="1334" VPOS="4173" WIDTH="23"/>
						<String ID="P52_ST00247" HPOS="1357" VPOS="4118" WIDTH="71" HEIGHT="32" CONTENT="has" WC="0.98" CC="060"/>
						<SP ID="P52_SP00211" HPOS="1428" VPOS="4173" WIDTH="24"/>
						<String ID="P52_ST00248" HPOS="1452" VPOS="4116" WIDTH="98" HEIGHT="33" CONTENT="been" WC="0.95" CC="4755"/>
					</TextLine>
					<TextLine ID="P52_TL00038" HPOS="172" VPOS="4176" WIDTH="1289" HEIGHT="44">
						<String ID="P52_ST00249" HPOS="172" VPOS="4178" WIDTH="173" HEIGHT="42" CONTENT="recently" WC="0.98" CC="74315731"/>
						<SP ID="P52_SP00212" HPOS="345" VPOS="4220" WIDTH="23"/>
						<String ID="P52_ST00250" HPOS="368" VPOS="4176" WIDTH="174" HEIGHT="34" CONTENT="revived." WC="1.00" CC="40000100"/>
						<SP ID="P52_SP00213" HPOS="542" VPOS="4220" WIDTH="584"/>
						<String ID="P52_ST00251" HPOS="1126" VPOS="4210" WIDTH="9" HEIGHT="10" CONTENT="." WC="0.88" CC="1"/>
						<SP ID="P52_SP00214" HPOS="1135" VPOS="4220" WIDTH="117"/>
						<String ID="P52_ST00252" HPOS="1252" VPOS="4208" WIDTH="8" HEIGHT="12" CONTENT="," WC="0.59" CC="4"/>
						<SP ID="P52_SP00215" HPOS="1260" VPOS="4220" WIDTH="127"/>
						<String ID="P52_ST00253" HPOS="1387" VPOS="4205" WIDTH="25" HEIGHT="13" CONTENT=",." WC="0.44" CC="73"/>
						<SP ID="P52_SP00216" HPOS="1412" VPOS="4220" WIDTH="25"/>
						<String ID="P52_ST00254" HPOS="1437" VPOS="4208" WIDTH="24" HEIGHT="2" CONTENT="_" WC="0.97" CC="0"/>
					</TextLine>
					<TextLine ID="P52_TL00039" HPOS="262" VPOS="4208" WIDTH="1288" HEIGHT="60">
						<String ID="P52_ST00255" HPOS="262" VPOS="4227" WIDTH="52" HEIGHT="41" CONTENT="(2)" WC="0.57" CC="705"/>
						<SP ID="P52_SP00217" HPOS="314" VPOS="4268" WIDTH="28"/>
						<String ID="P52_ST00256" HPOS="342" VPOS="4222" WIDTH="192" HEIGHT="41" CONTENT="Probably" WC="0.98" CC="66746036"/>
						<SP ID="P52_SP00218" HPOS="534" VPOS="4268" WIDTH="17"/>
						<String ID="P52_ST00257" HPOS="551" VPOS="4222" WIDTH="41" HEIGHT="31" CONTENT="in" WC="0.18" CC="69"/>
						<SP ID="P52_SP00219" HPOS="592" VPOS="4268" WIDTH="16"/>
						<String ID="P52_ST00258" HPOS="608" VPOS="4220" WIDTH="78" HEIGHT="35" CONTENT="Via" WC="0.94" CC="356"/>
						<SP ID="P52_SP00220" HPOS="686" VPOS="4268" WIDTH="13"/>
						<String ID="P52_ST00259" HPOS="699" VPOS="4218" WIDTH="61" HEIGHT="33" CONTENT="de'" WC="0.62" CC="073"/>
						<SP ID="P52_SP00221" HPOS="760" VPOS="4268" WIDTH="19"/>
						<String ID="P52_ST00260" HPOS="779" VPOS="4213" WIDTH="164" HEIGHT="38" CONTENT="Rastelli" WC="0.42" CC="43268765"/>
						<SP ID="P52_SP00222" HPOS="943" VPOS="4268" WIDTH="18"/>
						<String ID="P52_ST00261" HPOS="961" VPOS="4213" WIDTH="131" HEIGHT="40" CONTENT="facing" WC="0.97" CC="564847"/>
						<SP ID="P52_SP00223" HPOS="1092" VPOS="4268" WIDTH="17"/>
						<String ID="P52_ST00262" HPOS="1109" VPOS="4210" WIDTH="67" HEIGHT="35" CONTENT="the" WC="0.94" CC="762"/>
						<SP ID="P52_SP00224" HPOS="1176" VPOS="4268" WIDTH="18"/>
						<String ID="P52_ST00263" HPOS="1194" VPOS="4209" WIDTH="168" HEIGHT="34" CONTENT="Palazzo" WC="0.97" CC="6706674"/>
						<SP ID="P52_SP00225" HPOS="1362" VPOS="4268" WIDTH="14"/>
						<String ID="P52_ST00264" HPOS="1376" VPOS="4208" WIDTH="39" HEIGHT="33" CONTENT="di" WC="0.69" CC="06"/>
						<SP ID="P52_SP00226" HPOS="1415" VPOS="4268" WIDTH="16"/>
						<String ID="P52_ST00265" HPOS="1431" VPOS="4208" WIDTH="119" HEIGHT="33" CONTENT="Corte" WC="0.73" CC="24600"/>
					</TextLine>
				</TextBlock>
				<TextBlock ID="P52_TB00006" HPOS="1566" VPOS="160" WIDTH="1446" HEIGHT="4084" STYLEREFS="TXT_3 PAR_BLOCK">
					<TextLine ID="P52_TL00040" HPOS="1695" VPOS="160" WIDTH="1263" HEIGHT="80">
						<String ID="P52_ST00266" HPOS="1695" VPOS="172" WIDTH="141" HEIGHT="58" CONTENT="Thus" WC="1.00" CC="0000"/>
						<SP ID="P52_SP00227" HPOS="1836" VPOS="230" WIDTH="47"/>
						<String ID="P52_ST00267" HPOS="1883" VPOS="172" WIDTH="81" HEIGHT="58" CONTENT="the" WC="1.00" CC="000"/>
						<SP ID="P52_SP00228" HPOS="1964" VPOS="230" WIDTH="46"/>
						<String ID="P52_ST00268" HPOS="2010" VPOS="169" WIDTH="302" HEIGHT="71" CONTENT="Suppliant," WC="1.00" CC="0000480011"/>
						<SP ID="P52_SP00229" HPOS="2312" VPOS="240" WIDTH="52"/>
						<String ID="P52_ST00269" HPOS="2364" VPOS="167" WIDTH="149" HEIGHT="69" CONTENT="being" WC="1.00" CC="40000"/>
						<SP ID="P52_SP00230" HPOS="2513" VPOS="240" WIDTH="44"/>
						<String ID="P52_ST00270" HPOS="2557" VPOS="163" WIDTH="120" HEIGHT="58" CONTENT="here" WC="0.99" CC="0006"/>
						<SP ID="P52_SP00231" HPOS="2677" VPOS="240" WIDTH="39"/>
						<String ID="P52_ST00271" HPOS="2716" VPOS="160" WIDTH="120" HEIGHT="60" CONTENT="with" WC="1.00" CC="0100"/>
						<SP ID="P52_SP00232" HPOS="2836" VPOS="240" WIDTH="45"/>
						<String ID="P52_ST00272" HPOS="2881" VPOS="161" WIDTH="77" HEIGHT="60" CONTENT="his" WC="1.00" CC="000"/>
					</TextLine>
					<TextLine ID="P52_TL00041" HPOS="1572" VPOS="236" WIDTH="1387" HEIGHT="82">
						<String ID="P52_ST00273" HPOS="1572" VPOS="247" WIDTH="292" HEIGHT="71" CONTENT="Company," WC="1.00" CC="00002003"/>
						<SP ID="P52_SP00233" HPOS="1864" VPOS="318" WIDTH="46"/>
						<String ID="P52_ST00274" HPOS="1910" VPOS="267" WIDTH="108" HEIGHT="38" CONTENT="was" WC="0.99" CC="100"/>
						<SP ID="P52_SP00234" HPOS="2018" VPOS="318" WIDTH="54"/>
						<String ID="P52_ST00275" HPOS="2072" VPOS="244" WIDTH="122" HEIGHT="58" CONTENT="with" WC="0.98" CC="0070"/>
						<SP ID="P52_SP00235" HPOS="2194" VPOS="318" WIDTH="46"/>
						<String ID="P52_ST00276" HPOS="2240" VPOS="243" WIDTH="133" HEIGHT="58" CONTENT="them" WC="1.00" CC="1000"/>
						<SP ID="P52_SP00236" HPOS="2373" VPOS="318" WIDTH="41"/>
						<String ID="P52_ST00277" HPOS="2414" VPOS="238" WIDTH="306" HEIGHT="61" CONTENT="summoned" WC="1.00" CC="00090000"/>
						<SP ID="P52_SP00237" HPOS="2720" VPOS="318" WIDTH="44"/>
						<String ID="P52_ST00278" HPOS="2764" VPOS="236" WIDTH="69" HEIGHT="71" CONTENT="by" WC="0.70" CC="50"/>
						<SP ID="P52_SP00238" HPOS="2833" VPOS="318" WIDTH="51"/>
						<String ID="P52_ST00279" HPOS="2884" VPOS="238" WIDTH="75" HEIGHT="58" CONTENT="his" WC="0.99" CC="200"/>
					</TextLine>
					<TextLine ID="P52_TL00042" HPOS="1569" VPOS="313" WIDTH="1392" HEIGHT="82">
						<String ID="P52_ST00280" HPOS="1569" VPOS="323" WIDTH="263" HEIGHT="72" CONTENT="Highness" WC="0.99" CC="70000004"/>
						<SP ID="P52_SP00239" HPOS="1832" VPOS="395" WIDTH="31"/>
						<String ID="P52_ST00281" HPOS="1863" VPOS="323" WIDTH="81" HEIGHT="58" CONTENT="the" WC="0.96" CC="109"/>
						<SP ID="P52_SP00240" HPOS="1944" VPOS="395" WIDTH="19"/>
						<String ID="P52_ST00282" HPOS="1963" VPOS="332" WIDTH="131" HEIGHT="48" CONTENT="most" WC="1.00" CC="0002"/>
						<SP ID="P52_SP00241" HPOS="2094" VPOS="395" WIDTH="23"/>
						<String ID="P52_ST00283" HPOS="2117" VPOS="320" WIDTH="280" HEIGHT="59" CONTENT="illustrious" WC="1.00" CC="00100400008"/>
						<SP ID="P52_SP00242" HPOS="2397" VPOS="395" WIDTH="26"/>
						<String ID="P52_ST00284" HPOS="2423" VPOS="315" WIDTH="117" HEIGHT="60" CONTENT="lord" WC="0.99" CC="0030"/>
						<SP ID="P52_SP00243" HPOS="2540" VPOS="395" WIDTH="16"/>
						<String ID="P52_ST00285" HPOS="2556" VPOS="314" WIDTH="125" HEIGHT="58" CONTENT="Don" WC="0.98" CC="600"/>
						<SP ID="P52_SP00244" HPOS="2681" VPOS="395" WIDTH="26"/>
						<String ID="P52_ST00286" HPOS="2707" VPOS="313" WIDTH="254" HEIGHT="59" CONTENT="Giovanni" WC="1.00" CC="50000000"/>
					</TextLine>
					<TextLine ID="P52_TL00043" HPOS="1574" VPOS="390" WIDTH="1386" HEIGHT="80">
						<String ID="P52_ST00287" HPOS="1574" VPOS="412" WIDTH="49" HEIGHT="45" CONTENT="to" WC="0.63" CC="52"/>
						<SP ID="P52_SP00245" HPOS="1623" VPOS="457" WIDTH="38"/>
						<String ID="P52_ST00288" HPOS="1661" VPOS="401" WIDTH="208" HEIGHT="69" CONTENT="provide" WC="1.00" CC="0000000"/>
						<SP ID="P52_SP00246" HPOS="1869" VPOS="470" WIDTH="51"/>
						<String ID="P52_ST00289" HPOS="1920" VPOS="422" WIDTH="138" HEIGHT="35" CONTENT="some" WC="1.00" CC="0000"/>
						<SP ID="P52_SP00247" HPOS="2058" VPOS="470" WIDTH="38"/>
						<String ID="P52_ST00290" HPOS="2096" VPOS="404" WIDTH="319" HEIGHT="51" CONTENT="amusement" WC="1.00" CC="000000005"/>
						<SP ID="P52_SP00248" HPOS="2415" VPOS="470" WIDTH="46"/>
						<String ID="P52_ST00291" HPOS="2461" VPOS="391" WIDTH="112" HEIGHT="59" CONTENT="and" WC="1.00" CC="000"/>
						<SP ID="P52_SP00249" HPOS="2573" VPOS="470" WIDTH="44"/>
						<String ID="P52_ST00292" HPOS="2617" VPOS="390" WIDTH="247" HEIGHT="58" CONTENT="diversion" WC="1.00" CC="000600000"/>
						<SP ID="P52_SP00250" HPOS="2864" VPOS="470" WIDTH="40"/>
						<String ID="P52_ST00293" HPOS="2904" VPOS="413" WIDTH="56" HEIGHT="34" CONTENT="as" WC="1.00" CC="00"/>
					</TextLine>
					<TextLine ID="P52_TL00044" HPOS="1574" VPOS="466" WIDTH="1377" HEIGHT="80">
						<String ID="P52_ST00294" HPOS="1574" VPOS="476" WIDTH="120" HEIGHT="70" CONTENT="they" WC="0.98" CC="2700"/>
						<SP ID="P52_SP00251" HPOS="1694" VPOS="546" WIDTH="43"/>
						<String ID="P52_ST00295" HPOS="1737" VPOS="495" WIDTH="133" HEIGHT="39" CONTENT="were" WC="0.98" CC="7000"/>
						<SP ID="P52_SP00252" HPOS="1870" VPOS="546" WIDTH="45"/>
						<String ID="P52_ST00296" HPOS="1915" VPOS="484" WIDTH="179" HEIGHT="56" CONTENT="wont;" WC="1.00" CC="00011"/>
						<SP ID="P52_SP00253" HPOS="2094" VPOS="546" WIDTH="48"/>
						<String ID="P52_ST00297" HPOS="2142" VPOS="471" WIDTH="112" HEIGHT="59" CONTENT="and" WC="0.97" CC="700"/>
						<SP ID="P52_SP00254" HPOS="2254" VPOS="546" WIDTH="35"/>
						<String ID="P52_ST00298" HPOS="2289" VPOS="481" WIDTH="49" HEIGHT="47" CONTENT="to" WC="0.42" CC="74"/>
						<SP ID="P52_SP00255" HPOS="2338" VPOS="546" WIDTH="53"/>
						<String ID="P52_ST00299" HPOS="2391" VPOS="468" WIDTH="178" HEIGHT="58" CONTENT="render" WC="1.00" CC="000000"/>
						<SP ID="P52_SP00256" HPOS="2569" VPOS="546" WIDTH="55"/>
						<String ID="P52_ST00300" HPOS="2624" VPOS="466" WIDTH="92" HEIGHT="57" CONTENT="this" WC="0.98" CC="7000"/>
						<SP ID="P52_SP00257" HPOS="2716" VPOS="546" WIDTH="46"/>
						<String ID="P52_ST00301" HPOS="2762" VPOS="474" WIDTH="189" HEIGHT="49" CONTENT="service" WC="1.00" CC="0600000"/>
					</TextLine>
					<TextLine ID="P52_TL00045" HPOS="1574" VPOS="544" WIDTH="1387" HEIGHT="78">
						<String ID="P52_ST00302" HPOS="1574" VPOS="551" WIDTH="121" HEIGHT="71" CONTENT="they" WC="0.98" CC="7000"/>
						<SP ID="P52_SP00258" HPOS="1695" VPOS="622" WIDTH="42"/>
						<String ID="P52_ST00303" HPOS="1737" VPOS="550" WIDTH="250" HEIGHT="71" CONTENT="departed" WC="0.99" CC="00067600"/>
						<SP ID="P52_SP00259" HPOS="1987" VPOS="622" WIDTH="26"/>
						<String ID="P52_ST00304" HPOS="2013" VPOS="549" WIDTH="92" HEIGHT="70" CONTENT="for" WC="0.98" CC="060"/>
						<SP ID="P52_SP00260" HPOS="2105" VPOS="622" WIDTH="40"/>
						<String ID="P52_ST00305" HPOS="2145" VPOS="546" WIDTH="214" HEIGHT="59" CONTENT="Milano" WC="0.77" CC="900003"/>
						<SP ID="P52_SP00261" HPOS="2359" VPOS="622" WIDTH="37"/>
						<String ID="P52_ST00306" HPOS="2396" VPOS="544" WIDTH="169" HEIGHT="57" CONTENT="where" WC="0.98" CC="09700"/>
						<SP ID="P52_SP00262" HPOS="2565" VPOS="622" WIDTH="41"/>
						<String ID="P52_ST00307" HPOS="2606" VPOS="563" WIDTH="77" HEIGHT="37" CONTENT="we" WC="0.67" CC="06"/>
						<SP ID="P52_SP00263" HPOS="2683" VPOS="622" WIDTH="40"/>
						<String ID="P52_ST00308" HPOS="2723" VPOS="560" WIDTH="114" HEIGHT="38" CONTENT="now" WC="0.99" CC="020"/>
						<SP ID="P52_SP00264" HPOS="2837" VPOS="622" WIDTH="35"/>
						<String ID="P52_ST00309" HPOS="2872" VPOS="564" WIDTH="89" HEIGHT="34" CONTENT="are" WC="1.00" CC="000"/>
					</TextLine>
					<TextLine ID="P52_TL00046" HPOS="1568" VPOS="617" WIDTH="1398" HEIGHT="79">
						<String ID="P52_ST00310" HPOS="1568" VPOS="628" WIDTH="93" HEIGHT="68" CONTENT="for" WC="1.00" CC="000"/>
						<SP ID="P52_SP00265" HPOS="1661" VPOS="696" WIDTH="40"/>
						<String ID="P52_ST00311" HPOS="1701" VPOS="628" WIDTH="112" HEIGHT="57" CONTENT="that" WC="1.00" CC="1000"/>
						<SP ID="P52_SP00266" HPOS="1813" VPOS="696" WIDTH="35"/>
						<String ID="P52_ST00312" HPOS="1848" VPOS="645" WIDTH="257" HEIGHT="51" CONTENT="purpose:" WC="1.00" CC="00004006"/>
						<SP ID="P52_SP00267" HPOS="2105" VPOS="696" WIDTH="44"/>
						<String ID="P52_ST00313" HPOS="2149" VPOS="622" WIDTH="109" HEIGHT="59" CONTENT="and" WC="1.00" CC="000"/>
						<SP ID="P52_SP00268" HPOS="2258" VPOS="696" WIDTH="35"/>
						<String ID="P52_ST00314" HPOS="2293" VPOS="621" WIDTH="83" HEIGHT="57" CONTENT="the" WC="0.98" CC="104"/>
						<SP ID="P52_SP00269" HPOS="2376" VPOS="696" WIDTH="37"/>
						<String ID="P52_ST00315" HPOS="2413" VPOS="617" WIDTH="306" HEIGHT="73" CONTENT="Suppliant," WC="0.99" CC="0009000062"/>
						<SP ID="P52_SP00270" HPOS="2719" VPOS="696" WIDTH="32"/>
						<String ID="P52_ST00316" HPOS="2751" VPOS="617" WIDTH="215" HEIGHT="71" CONTENT="fearing" WC="1.00" CC="0000100"/>
					</TextLine>
					<TextLine ID="P52_TL00047" HPOS="1577" VPOS="691" WIDTH="1382" HEIGHT="80">
						<String ID="P52_ST00317" HPOS="1577" VPOS="711" WIDTH="50" HEIGHT="49" CONTENT="to" WC="0.40" CC="56"/>
						<SP ID="P52_SP00271" HPOS="1627" VPOS="760" WIDTH="27"/>
						<String ID="P52_ST00318" HPOS="1654" VPOS="701" WIDTH="60" HEIGHT="59" CONTENT="be" WC="0.40" CC="46"/>
						<SP ID="P52_SP00272" HPOS="1714" VPOS="760" WIDTH="29"/>
						<String ID="P52_ST00319" HPOS="1743" VPOS="701" WIDTH="206" HEIGHT="70" CONTENT="further" WC="1.00" CC="0004000"/>
						<SP ID="P52_SP00273" HPOS="1949" VPOS="771" WIDTH="29"/>
						<String ID="P52_ST00320" HPOS="1978" VPOS="697" WIDTH="252" HEIGHT="60" CONTENT="molested" WC="1.00" CC="03000600"/>
						<SP ID="P52_SP00274" HPOS="2230" VPOS="771" WIDTH="21"/>
						<String ID="P52_ST00321" HPOS="2251" VPOS="720" WIDTH="65" HEIGHT="35" CONTENT="on" WC="1.00" CC="00"/>
						<SP ID="P52_SP00275" HPOS="2316" VPOS="771" WIDTH="42"/>
						<String ID="P52_ST00322" HPOS="2358" VPOS="695" WIDTH="81" HEIGHT="58" CONTENT="the" WC="0.99" CC="300"/>
						<SP ID="P52_SP00276" HPOS="2439" VPOS="771" WIDTH="27"/>
						<String ID="P52_ST00323" HPOS="2466" VPOS="692" WIDTH="268" HEIGHT="71" CONTENT="aforesaid" WC="1.00" CC="000000000"/>
						<SP ID="P52_SP00277" HPOS="2734" VPOS="771" WIDTH="20"/>
						<String ID="P52_ST00324" HPOS="2754" VPOS="691" WIDTH="205" HEIGHT="74" CONTENT="charge," WC="1.00" CC="0000003"/>
					</TextLine>
					<TextLine ID="P52_TL00048" HPOS="1576" VPOS="767" WIDTH="1389" HEIGHT="83">
						<String ID="P52_ST00325" HPOS="1576" VPOS="777" WIDTH="114" HEIGHT="59" CONTENT="and" WC="1.00" CC="000"/>
						<SP ID="P52_SP00278" HPOS="1690" VPOS="836" WIDTH="33"/>
						<String ID="P52_ST00326" HPOS="1723" VPOS="777" WIDTH="150" HEIGHT="73" CONTENT="being" WC="0.99" CC="24000"/>
						<SP ID="P52_SP00279" HPOS="1873" VPOS="850" WIDTH="39"/>
						<String ID="P52_ST00327" HPOS="1912" VPOS="784" WIDTH="235" HEIGHT="51" CONTENT="innocent" WC="0.99" CC="00040501"/>
						<SP ID="P52_SP00280" HPOS="2147" VPOS="850" WIDTH="49"/>
						<String ID="P52_ST00328" HPOS="2196" VPOS="784" WIDTH="49" HEIGHT="47" CONTENT="in" WC="1.00" CC="00"/>
						<SP ID="P52_SP00281" HPOS="2245" VPOS="850" WIDTH="44"/>
						<String ID="P52_ST00329" HPOS="2289" VPOS="771" WIDTH="82" HEIGHT="58" CONTENT="the" WC="0.99" CC="300"/>
						<SP ID="P52_SP00282" HPOS="2371" VPOS="850" WIDTH="25"/>
						<String ID="P52_ST00330" HPOS="2396" VPOS="780" WIDTH="201" HEIGHT="56" CONTENT="matter," WC="0.98" CC="0736074"/>
						<SP ID="P52_SP00283" HPOS="2597" VPOS="850" WIDTH="30"/>
						<String ID="P52_ST00331" HPOS="2627" VPOS="768" WIDTH="111" HEIGHT="58" CONTENT="and" WC="0.98" CC="500"/>
						<SP ID="P52_SP00284" HPOS="2738" VPOS="850" WIDTH="33"/>
						<String ID="P52_ST00332" HPOS="2771" VPOS="767" WIDTH="194" HEIGHT="73" CONTENT="having" WC="1.00" CC="000000"/>
					</TextLine>
					<TextLine ID="P52_TL00049" HPOS="1583" VPOS="845" WIDTH="1380" HEIGHT="78">
						<String ID="P52_ST00333" HPOS="1583" VPOS="852" WIDTH="221" HEIGHT="71" CONTENT="already" WC="0.99" CC="5006000"/>
						<SP ID="P52_SP00285" HPOS="1804" VPOS="923" WIDTH="42"/>
						<String ID="P52_ST00334" HPOS="1846" VPOS="852" WIDTH="125" HEIGHT="59" CONTENT="been" WC="1.00" CC="0000"/>
						<SP ID="P52_SP00286" HPOS="1971" VPOS="923" WIDTH="42"/>
						<String ID="P52_ST00335" HPOS="2013" VPOS="849" WIDTH="275" HEIGHT="59" CONTENT="examined" WC="0.99" CC="00593000"/>
						<SP ID="P52_SP00287" HPOS="2288" VPOS="923" WIDTH="35"/>
						<String ID="P52_ST00336" HPOS="2323" VPOS="871" WIDTH="57" HEIGHT="35" CONTENT="as" WC="0.73" CC="50"/>
						<SP ID="P52_SP00288" HPOS="2380" VPOS="923" WIDTH="28"/>
						<String ID="P52_ST00337" HPOS="2408" VPOS="857" WIDTH="49" HEIGHT="49" CONTENT="to" WC="0.56" CC="43"/>
						<SP ID="P52_SP00289" HPOS="2457" VPOS="923" WIDTH="27"/>
						<String ID="P52_ST00338" HPOS="2484" VPOS="845" WIDTH="77" HEIGHT="58" CONTENT="his" WC="1.00" CC="000"/>
						<SP ID="P52_SP00290" HPOS="2561" VPOS="923" WIDTH="27"/>
						<String ID="P52_ST00339" HPOS="2588" VPOS="845" WIDTH="192" HEIGHT="72" CONTENT="having" WC="0.99" CC="090000"/>
						<SP ID="P52_SP00291" HPOS="2780" VPOS="923" WIDTH="24"/>
						<String ID="P52_ST00340" HPOS="2804" VPOS="866" WIDTH="128" HEIGHT="36" CONTENT="mere" SUBS_TYPE="HypPart1" SUBS_CONTENT="merely" WC="1.00" CC="0000"/>
						<HYP HPOS="2932" VPOS="866" WIDTH="31" CONTENT="-"/>
					</TextLine>
					<TextLine ID="P52_TL00050" HPOS="1586" VPOS="918" WIDTH="1378" HEIGHT="82">
						<String ID="P52_ST00341" HPOS="1586" VPOS="929" WIDTH="58" HEIGHT="71" CONTENT="ly" SUBS_TYPE="HypPart2" SUBS_CONTENT="merely" WC="1.00" CC="00"/>
						<SP ID="P52_SP00292" HPOS="1644" VPOS="1000" WIDTH="42"/>
						<String ID="P52_ST00342" HPOS="1686" VPOS="929" WIDTH="212" HEIGHT="58" CONTENT="assisted" WC="1.00" CC="50000100"/>
						<SP ID="P52_SP00293" HPOS="1898" VPOS="1000" WIDTH="47"/>
						<String ID="P52_ST00343" HPOS="1945" VPOS="927" WIDTH="110" HEIGHT="59" CONTENT="that" WC="0.99" CC="1003"/>
						<SP ID="P52_SP00294" HPOS="2055" VPOS="1000" WIDTH="39"/>
						<String ID="P52_ST00344" HPOS="2094" VPOS="926" WIDTH="102" HEIGHT="70" CONTENT="boy" WC="0.98" CC="220"/>
						<SP ID="P52_SP00295" HPOS="2196" VPOS="1000" WIDTH="36"/>
						<String ID="P52_ST00345" HPOS="2232" VPOS="935" WIDTH="49" HEIGHT="47" CONTENT="to" WC="0.60" CC="43"/>
						<SP ID="P52_SP00296" HPOS="2281" VPOS="1000" WIDTH="39"/>
						<String ID="P52_ST00346" HPOS="2320" VPOS="946" WIDTH="142" HEIGHT="36" CONTENT="come" WC="0.99" CC="0060"/>
						<SP ID="P52_SP00297" HPOS="2462" VPOS="1000" WIDTH="40"/>
						<String ID="P52_ST00347" HPOS="2502" VPOS="921" WIDTH="151" HEIGHT="58" CONTENT="down" WC="0.98" CC="0360"/>
						<SP ID="P52_SP00298" HPOS="2653" VPOS="1000" WIDTH="30"/>
						<String ID="P52_ST00348" HPOS="2683" VPOS="920" WIDTH="144" HEIGHT="69" CONTENT="from" WC="0.99" CC="0050"/>
						<SP ID="P52_SP00299" HPOS="2827" VPOS="1000" WIDTH="58"/>
						<String ID="P52_ST00349" HPOS="2885" VPOS="918" WIDTH="79" HEIGHT="58" CONTENT="the" WC="0.98" CC="201"/>
					</TextLine>
					<TextLine ID="P52_TL00051" HPOS="1586" VPOS="995" WIDTH="1383" HEIGHT="81">
						<String ID="P52_ST00350" HPOS="1586" VPOS="1005" WIDTH="267" HEIGHT="70" CONTENT="aforesaid" WC="1.00" CC="000000040"/>
						<SP ID="P52_SP00300" HPOS="1853" VPOS="1075" WIDTH="33"/>
						<String ID="P52_ST00351" HPOS="1886" VPOS="1014" WIDTH="185" HEIGHT="62" CONTENT="garret," WC="0.99" CC="0060003"/>
						<SP ID="P52_SP00301" HPOS="2071" VPOS="1076" WIDTH="43"/>
						<String ID="P52_ST00352" HPOS="2114" VPOS="1002" WIDTH="112" HEIGHT="57" CONTENT="and" WC="0.96" CC="900"/>
						<SP ID="P52_SP00302" HPOS="2226" VPOS="1076" WIDTH="43"/>
						<String ID="P52_ST00353" HPOS="2269" VPOS="1000" WIDTH="83" HEIGHT="58" CONTENT="the" WC="0.98" CC="600"/>
						<SP ID="P52_SP00303" HPOS="2352" VPOS="1076" WIDTH="47"/>
						<String ID="P52_ST00354" HPOS="2399" VPOS="1005" WIDTH="344" HEIGHT="52" CONTENT="examination" WC="1.00" CC="00000043000"/>
						<SP ID="P52_SP00304" HPOS="2743" VPOS="1076" WIDTH="35"/>
						<String ID="P52_ST00355" HPOS="2778" VPOS="995" WIDTH="191" HEIGHT="73" CONTENT="having" WC="0.99" CC="009000"/>
					</TextLine>
					<TextLine ID="P52_TL00052" HPOS="1585" VPOS="1069" WIDTH="1383" HEIGHT="82">
						<String ID="P52_ST00356" HPOS="1585" VPOS="1080" WIDTH="214" HEIGHT="71" CONTENT="yielded" WC="1.00" CC="0200000"/>
						<SP ID="P52_SP00305" HPOS="1799" VPOS="1151" WIDTH="55"/>
						<String ID="P52_ST00357" HPOS="1854" VPOS="1104" WIDTH="66" HEIGHT="32" CONTENT="no" WC="0.69" CC="60"/>
						<SP ID="P52_SP00306" HPOS="1920" VPOS="1151" WIDTH="38"/>
						<String ID="P52_ST00358" HPOS="1958" VPOS="1086" WIDTH="251" HEIGHT="62" CONTENT="suspicion" WC="1.00" CC="000000000"/>
						<SP ID="P52_SP00307" HPOS="2209" VPOS="1151" WIDTH="61"/>
						<String ID="P52_ST00359" HPOS="2270" VPOS="1076" WIDTH="69" HEIGHT="68" CONTENT="of" WC="1.00" CC="00"/>
						<SP ID="P52_SP00308" HPOS="2339" VPOS="1151" WIDTH="29"/>
						<String ID="P52_ST00360" HPOS="2368" VPOS="1096" WIDTH="109" HEIGHT="47" CONTENT="any" WC="0.96" CC="900"/>
						<SP ID="P52_SP00309" HPOS="2477" VPOS="1151" WIDTH="54"/>
						<String ID="P52_ST00361" HPOS="2531" VPOS="1072" WIDTH="133" HEIGHT="74" CONTENT="guilt" WC="0.99" CC="00033"/>
						<SP ID="P52_SP00310" HPOS="2664" VPOS="1151" WIDTH="50"/>
						<String ID="P52_ST00362" HPOS="2714" VPOS="1069" WIDTH="254" HEIGHT="59" CONTENT="whatever" WC="0.99" CC="00030800"/>
					</TextLine>
					<TextLine ID="P52_TL00053" HPOS="1586" VPOS="1146" WIDTH="1377" HEIGHT="81">
						<String ID="P52_ST00363" HPOS="1586" VPOS="1155" WIDTH="263" HEIGHT="72" CONTENT="attaching" WC="1.00" CC="102000400"/>
						<SP ID="P52_SP00311" HPOS="1849" VPOS="1227" WIDTH="26"/>
						<String ID="P52_ST00364" HPOS="1875" VPOS="1165" WIDTH="47" HEIGHT="47" CONTENT="to" WC="1.00" CC="00"/>
						<SP ID="P52_SP00312" HPOS="1922" VPOS="1227" WIDTH="28"/>
						<String ID="P52_ST00365" HPOS="1950" VPOS="1153" WIDTH="83" HEIGHT="59" CONTENT="the" WC="0.98" CC="005"/>
						<SP ID="P52_SP00313" HPOS="2033" VPOS="1227" WIDTH="33"/>
						<String ID="P52_ST00366" HPOS="2066" VPOS="1152" WIDTH="119" HEIGHT="58" CONTENT="said" WC="0.99" CC="0600"/>
						<SP ID="P52_SP00314" HPOS="2185" VPOS="1227" WIDTH="21"/>
						<String ID="P52_ST00367" HPOS="2206" VPOS="1149" WIDTH="304" HEIGHT="72" CONTENT="Suppliant," WC="1.00" CC="0000409000"/>
						<SP ID="P52_SP00315" HPOS="2510" VPOS="1227" WIDTH="25"/>
						<String ID="P52_ST00368" HPOS="2535" VPOS="1149" WIDTH="62" HEIGHT="58" CONTENT="he" WC="1.00" CC="00"/>
						<SP ID="P52_SP00316" HPOS="2597" VPOS="1227" WIDTH="27"/>
						<String ID="P52_ST00369" HPOS="2624" VPOS="1170" WIDTH="167" HEIGHT="35" CONTENT="comes" WC="0.98" CC="07004"/>
						<SP ID="P52_SP00317" HPOS="2791" VPOS="1227" WIDTH="27"/>
						<String ID="P52_ST00370" HPOS="2818" VPOS="1146" WIDTH="109" HEIGHT="57" CONTENT="hum" SUBS_TYPE="HypPart1" SUBS_CONTENT="humbly" WC="0.99" CC="000"/>
						<HYP HPOS="2927" VPOS="1146" WIDTH="36" CONTENT="-"/>
					</TextLine>
					<TextLine ID="P52_TL00054" HPOS="1590" VPOS="1221" WIDTH="1373" HEIGHT="80">
						<String ID="P52_ST00371" HPOS="1590" VPOS="1231" WIDTH="91" HEIGHT="70" CONTENT="bly" SUBS_TYPE="HypPart2" SUBS_CONTENT="humbly" WC="0.97" CC="330"/>
						<SP ID="P52_SP00318" HPOS="1681" VPOS="1301" WIDTH="28"/>
						<String ID="P52_ST00372" HPOS="1709" VPOS="1241" WIDTH="48" HEIGHT="47" CONTENT="to" WC="0.83" CC="20"/>
						<SP ID="P52_SP00319" HPOS="1757" VPOS="1301" WIDTH="30"/>
						<String ID="P52_ST00373" HPOS="1787" VPOS="1230" WIDTH="194" HEIGHT="69" CONTENT="appeal" WC="1.00" CC="000000"/>
						<SP ID="P52_SP00320" HPOS="1981" VPOS="1301" WIDTH="25"/>
						<String ID="P52_ST00374" HPOS="2006" VPOS="1240" WIDTH="49" HEIGHT="47" CONTENT="to" WC="0.92" CC="01"/>
						<SP ID="P52_SP00321" HPOS="2055" VPOS="1301" WIDTH="26"/>
						<String ID="P52_ST00375" HPOS="2081" VPOS="1251" WIDTH="136" HEIGHT="47" CONTENT="your" WC="1.00" CC="0000"/>
						<SP ID="P52_SP00322" HPOS="2217" VPOS="1301" WIDTH="28"/>
						<String ID="P52_ST00376" HPOS="2245" VPOS="1236" WIDTH="132" HEIGHT="48" CONTENT="most" WC="0.98" CC="4300"/>
						<SP ID="P52_SP00323" HPOS="2377" VPOS="1301" WIDTH="17"/>
						<String ID="P52_ST00377" HPOS="2394" VPOS="1226" WIDTH="280" HEIGHT="57" CONTENT="illustrious" WC="1.00" CC="03300600000"/>
						<SP ID="P52_SP00324" HPOS="2674" VPOS="1301" WIDTH="18"/>
						<String ID="P52_ST00378" HPOS="2692" VPOS="1221" WIDTH="271" HEIGHT="69" CONTENT="Lordship." WC="0.99" CC="560000012"/>
					</TextLine>
					<TextLine ID="P52_TL00055" HPOS="1700" VPOS="1297" WIDTH="1265" HEIGHT="81">
						<String ID="P52_ST00379" HPOS="1700" VPOS="1307" WIDTH="287" HEIGHT="71" CONTENT="Imploring" WC="1.00" CC="100000000"/>
						<SP ID="P52_SP00325" HPOS="1987" VPOS="1378" WIDTH="56"/>
						<String ID="P52_ST00380" HPOS="2043" VPOS="1304" WIDTH="111" HEIGHT="58" CONTENT="that" WC="0.99" CC="2003"/>
						<SP ID="P52_SP00326" HPOS="2154" VPOS="1378" WIDTH="48"/>
						<String ID="P52_ST00381" HPOS="2202" VPOS="1326" WIDTH="109" HEIGHT="47" CONTENT="you" WC="1.00" CC="000"/>
						<SP ID="P52_SP00327" HPOS="2311" VPOS="1378" WIDTH="53"/>
						<String ID="P52_ST00382" HPOS="2364" VPOS="1302" WIDTH="112" HEIGHT="57" CONTENT="will" WC="1.00" CC="0001"/>
						<SP ID="P52_SP00328" HPOS="2476" VPOS="1378" WIDTH="51"/>
						<String ID="P52_ST00383" HPOS="2527" VPOS="1301" WIDTH="150" HEIGHT="72" CONTENT="deign" WC="1.00" CC="00000"/>
						<SP ID="P52_SP00329" HPOS="2677" VPOS="1378" WIDTH="39"/>
						<String ID="P52_ST00384" HPOS="2716" VPOS="1310" WIDTH="50" HEIGHT="47" CONTENT="to" WC="0.86" CC="20"/>
						<SP ID="P52_SP00330" HPOS="2766" VPOS="1378" WIDTH="53"/>
						<String ID="P52_ST00385" HPOS="2819" VPOS="1297" WIDTH="146" HEIGHT="58" CONTENT="order" WC="0.99" CC="40050"/>
					</TextLine>
					<TextLine ID="P52_TL00056" HPOS="1590" VPOS="1372" WIDTH="1374" HEIGHT="78">
						<String ID="P52_ST00386" HPOS="1590" VPOS="1381" WIDTH="109" HEIGHT="58" CONTENT="that" WC="0.99" CC="4001"/>
						<SP ID="P52_SP00331" HPOS="1699" VPOS="1439" WIDTH="37"/>
						<String ID="P52_ST00387" HPOS="1736" VPOS="1381" WIDTH="82" HEIGHT="58" CONTENT="the" WC="1.00" CC="000"/>
						<SP ID="P52_SP00332" HPOS="1818" VPOS="1439" WIDTH="38"/>
						<String ID="P52_ST00388" HPOS="1856" VPOS="1379" WIDTH="267" HEIGHT="71" CONTENT="aforesaid" WC="1.00" CC="000000000"/>
						<SP ID="P52_SP00333" HPOS="2123" VPOS="1450" WIDTH="33"/>
						<String ID="P52_ST00389" HPOS="2156" VPOS="1402" WIDTH="118" HEIGHT="35" CONTENT="case" WC="1.00" CC="0000"/>
						<SP ID="P52_SP00334" HPOS="2274" VPOS="1450" WIDTH="40"/>
						<String ID="P52_ST00390" HPOS="2314" VPOS="1377" WIDTH="68" HEIGHT="70" CONTENT="of" WC="0.73" CC="50"/>
						<SP ID="P52_SP00335" HPOS="2382" VPOS="1450" WIDTH="29"/>
						<String ID="P52_ST00391" HPOS="2411" VPOS="1376" WIDTH="83" HEIGHT="57" CONTENT="the" WC="0.99" CC="300"/>
						<SP ID="P52_SP00336" HPOS="2494" VPOS="1450" WIDTH="38"/>
						<String ID="P52_ST00392" HPOS="2532" VPOS="1373" WIDTH="267" HEIGHT="71" CONTENT="aforesaid" WC="1.00" CC="003000000"/>
						<SP ID="P52_SP00337" HPOS="2799" VPOS="1450" WIDTH="24"/>
						<String ID="P52_ST00393" HPOS="2823" VPOS="1372" WIDTH="106" HEIGHT="70" CONTENT="Sup" SUBS_TYPE="HypPart1" SUBS_CONTENT="Suppliant" WC="0.99" CC="000"/>
						<HYP HPOS="2929" VPOS="1372" WIDTH="35" CONTENT="-"/>
					</TextLine>
					<TextLine ID="P52_TL00057" HPOS="1587" VPOS="1447" WIDTH="1382" HEIGHT="78">
						<String ID="P52_ST00394" HPOS="1587" VPOS="1456" WIDTH="168" HEIGHT="69" CONTENT="pliant" SUBS_TYPE="HypPart2" SUBS_CONTENT="Suppliant" WC="0.99" CC="000006"/>
						<SP ID="P52_SP00338" HPOS="1755" VPOS="1525" WIDTH="37"/>
						<String ID="P52_ST00395" HPOS="1792" VPOS="1480" WIDTH="128" HEIGHT="45" CONTENT="may" WC="1.00" CC="000"/>
						<SP ID="P52_SP00339" HPOS="1920" VPOS="1525" WIDTH="48"/>
						<String ID="P52_ST00396" HPOS="1968" VPOS="1456" WIDTH="60" HEIGHT="57" CONTENT="be" WC="0.94" CC="10"/>
						<SP ID="P52_SP00340" HPOS="2028" VPOS="1525" WIDTH="41"/>
						<String ID="P52_ST00397" HPOS="2069" VPOS="1452" WIDTH="320" HEIGHT="72" CONTENT="transferred" WC="0.99" CC="52005090000"/>
						<SP ID="P52_SP00341" HPOS="2389" VPOS="1525" WIDTH="47"/>
						<String ID="P52_ST00398" HPOS="2436" VPOS="1450" WIDTH="109" HEIGHT="59" CONTENT="and" WC="1.00" CC="000"/>
						<SP ID="P52_SP00342" HPOS="2545" VPOS="1525" WIDTH="43"/>
						<String ID="P52_ST00399" HPOS="2588" VPOS="1448" WIDTH="215" HEIGHT="74" CONTENT="brought" WC="1.00" CC="0040002"/>
						<SP ID="P52_SP00343" HPOS="2803" VPOS="1525" WIDTH="48"/>
						<String ID="P52_ST00400" HPOS="2851" VPOS="1447" WIDTH="118" HEIGHT="58" CONTENT="here" WC="0.99" CC="0400"/>
					</TextLine>
					<TextLine ID="P52_TL00058" HPOS="1591" VPOS="1523" WIDTH="1380" HEIGHT="77">
						<String ID="P52_ST00401" HPOS="1591" VPOS="1542" WIDTH="48" HEIGHT="47" CONTENT="to" WC="0.86" CC="20"/>
						<SP ID="P52_SP00344" HPOS="1639" VPOS="1589" WIDTH="40"/>
						<String ID="P52_ST00402" HPOS="1679" VPOS="1530" WIDTH="210" HEIGHT="59" CONTENT="Milano" WC="0.88" CC="200301"/>
						<SP ID="P52_SP00345" HPOS="1889" VPOS="1589" WIDTH="28"/>
						<String ID="P52_ST00403" HPOS="1917" VPOS="1530" WIDTH="111" HEIGHT="59" CONTENT="and" WC="1.00" CC="000"/>
						<SP ID="P52_SP00346" HPOS="2028" VPOS="1589" WIDTH="33"/>
						<String ID="P52_ST00404" HPOS="2061" VPOS="1541" WIDTH="94" HEIGHT="59" CONTENT="put" WC="0.98" CC="004"/>
						<SP ID="P52_SP00347" HPOS="2155" VPOS="1600" WIDTH="24"/>
						<String ID="P52_ST00405" HPOS="2179" VPOS="1539" WIDTH="104" HEIGHT="47" CONTENT="into" WC="0.99" CC="0050"/>
						<SP ID="P52_SP00348" HPOS="2283" VPOS="1600" WIDTH="31"/>
						<String ID="P52_ST00406" HPOS="2314" VPOS="1528" WIDTH="82" HEIGHT="58" CONTENT="the" WC="1.00" CC="000"/>
						<SP ID="P52_SP00349" HPOS="2396" VPOS="1600" WIDTH="27"/>
						<String ID="P52_ST00407" HPOS="2423" VPOS="1525" WIDTH="162" HEIGHT="59" CONTENT="hands" WC="1.00" CC="00000"/>
						<SP ID="P52_SP00350" HPOS="2585" VPOS="1600" WIDTH="49"/>
						<String ID="P52_ST00408" HPOS="2634" VPOS="1525" WIDTH="68" HEIGHT="70" CONTENT="of" WC="1.00" CC="00"/>
						<SP ID="P52_SP00351" HPOS="2702" VPOS="1600" WIDTH="29"/>
						<String ID="P52_ST00409" HPOS="2731" VPOS="1523" WIDTH="82" HEIGHT="58" CONTENT="the" WC="0.96" CC="406"/>
						<SP ID="P52_SP00352" HPOS="2813" VPOS="1600" WIDTH="28"/>
						<String ID="P52_ST00410" HPOS="2841" VPOS="1532" WIDTH="130" HEIGHT="49" CONTENT="most" WC="1.00" CC="0000"/>
					</TextLine>
					<TextLine ID="P52_TL00059" HPOS="1592" VPOS="1598" WIDTH="1409" HEIGHT="76">
						<String ID="P52_ST00411" HPOS="1592" VPOS="1607" WIDTH="277" HEIGHT="58" CONTENT="illustrious" WC="1.00" CC="00300400000"/>
						<SP ID="P52_SP00353" HPOS="1869" VPOS="1665" WIDTH="41"/>
						<String ID="P52_ST00412" HPOS="1910" VPOS="1607" WIDTH="223" HEIGHT="67" CONTENT="Captain" WC="0.98" CC="0636500"/>
						<SP ID="P52_SP00354" HPOS="2133" VPOS="1674" WIDTH="42"/>
						<String ID="P52_ST00413" HPOS="2175" VPOS="1605" WIDTH="68" HEIGHT="69" CONTENT="of" WC="1.00" CC="00"/>
						<SP ID="P52_SP00355" HPOS="2243" VPOS="1674" WIDTH="22"/>
						<String ID="P52_ST00414" HPOS="2265" VPOS="1604" WIDTH="190" HEIGHT="69" CONTENT="Justice" WC="0.99" CC="3005010"/>
						<SP ID="P52_SP00356" HPOS="2455" VPOS="1674" WIDTH="39"/>
						<String ID="P52_ST00415" HPOS="2494" VPOS="1626" WIDTH="57" HEIGHT="33" CONTENT="or" WC="0.74" CC="50"/>
						<SP ID="P52_SP00357" HPOS="2551" VPOS="1674" WIDTH="38"/>
						<String ID="P52_ST00416" HPOS="2589" VPOS="1611" WIDTH="104" HEIGHT="48" CONTENT="into" WC="1.00" CC="0000"/>
						<SP ID="P52_SP00358" HPOS="2693" VPOS="1674" WIDTH="46"/>
						<String ID="P52_ST00417" HPOS="2739" VPOS="1599" WIDTH="136" HEIGHT="58" CONTENT="those" WC="0.99" CC="50004"/>
						<SP ID="P52_SP00359" HPOS="2875" VPOS="1674" WIDTH="38"/>
						<String ID="P52_ST00418" HPOS="2913" VPOS="1598" WIDTH="88" HEIGHT="68" CONTENT="of." WC="0.95" CC="507"/>
					</TextLine>
					<TextLine ID="P52_TL00060" HPOS="1591" VPOS="1673" WIDTH="1378" HEIGHT="76">
						<String ID="P52_ST00419" HPOS="1591" VPOS="1682" WIDTH="343" HEIGHT="57" CONTENT="whomsoever" WC="1.00" CC="0050070000"/>
						<SP ID="P52_SP00360" HPOS="1934" VPOS="1739" WIDTH="41"/>
						<String ID="P52_ST00420" HPOS="1975" VPOS="1692" WIDTH="36" HEIGHT="47" CONTENT="it" WC="0.81" CC="03"/>
						<SP ID="P52_SP00361" HPOS="2011" VPOS="1739" WIDTH="36"/>
						<String ID="P52_ST00421" HPOS="2047" VPOS="1680" WIDTH="143" HEIGHT="59" CONTENT="shall" WC="1.00" CC="00000"/>
						<SP ID="P52_SP00362" HPOS="2190" VPOS="1739" WIDTH="37"/>
						<String ID="P52_ST00422" HPOS="2227" VPOS="1679" WIDTH="106" HEIGHT="59" CONTENT="best" WC="0.97" CC="7003"/>
						<SP ID="P52_SP00363" HPOS="2333" VPOS="1739" WIDTH="35"/>
						<String ID="P52_ST00423" HPOS="2368" VPOS="1679" WIDTH="175" HEIGHT="70" CONTENT="please" WC="0.99" CC="006000"/>
						<SP ID="P52_SP00364" HPOS="2543" VPOS="1749" WIDTH="40"/>
						<String ID="P52_ST00424" HPOS="2583" VPOS="1699" WIDTH="134" HEIGHT="47" CONTENT="your" WC="0.98" CC="0402"/>
						<SP ID="P52_SP00365" HPOS="2717" VPOS="1749" WIDTH="27"/>
						<String ID="P52_ST00425" HPOS="2744" VPOS="1684" WIDTH="130" HEIGHT="47" CONTENT="most" WC="0.99" CC="0003"/>
						<SP ID="P52_SP00366" HPOS="2874" VPOS="1749" WIDTH="34"/>
						<String ID="P52_ST00426" HPOS="2908" VPOS="1673" WIDTH="41" HEIGHT="58" CONTENT="il" SUBS_TYPE="HypPart1" SUBS_CONTENT="illustrious" WC="0.98" CC="00"/>
						<HYP HPOS="2949" VPOS="1673" WIDTH="20" CONTENT="-"/>
					</TextLine>
					<TextLine ID="P52_TL00061" HPOS="1592" VPOS="1749" WIDTH="1383" HEIGHT="76">
						<String ID="P52_ST00427" HPOS="1592" VPOS="1758" WIDTH="236" HEIGHT="57" CONTENT="lustrious" SUBS_TYPE="HypPart2" SUBS_CONTENT="illustrious" WC="1.00" CC="000000002"/>
						<SP ID="P52_SP00367" HPOS="1828" VPOS="1815" WIDTH="46"/>
						<String ID="P52_ST00428" HPOS="1874" VPOS="1757" WIDTH="255" HEIGHT="68" CONTENT="Lordship" WC="1.00" CC="63000000"/>
						<SP ID="P52_SP00368" HPOS="2129" VPOS="1825" WIDTH="55"/>
						<String ID="P52_ST00429" HPOS="2184" VPOS="1767" WIDTH="47" HEIGHT="45" CONTENT="to" WC="0.29" CC="76"/>
						<SP ID="P52_SP00369" HPOS="2231" VPOS="1825" WIDTH="53"/>
						<String ID="P52_ST00430" HPOS="2284" VPOS="1763" WIDTH="207" HEIGHT="49" CONTENT="commit" WC="0.99" CC="009001"/>
						<SP ID="P52_SP00370" HPOS="2491" VPOS="1825" WIDTH="36"/>
						<String ID="P52_ST00431" HPOS="2527" VPOS="1762" WIDTH="53" HEIGHT="57" CONTENT="it," WC="0.99" CC="020"/>
						<SP ID="P52_SP00371" HPOS="2580" VPOS="1825" WIDTH="65"/>
						<String ID="P52_ST00432" HPOS="2645" VPOS="1763" WIDTH="48" HEIGHT="46" CONTENT="to" WC="0.78" CC="40"/>
						<SP ID="P52_SP00372" HPOS="2693" VPOS="1825" WIDTH="51"/>
						<String ID="P52_ST00433" HPOS="2744" VPOS="1750" WIDTH="80" HEIGHT="57" CONTENT="the" WC="0.97" CC="106"/>
						<SP ID="P52_SP00373" HPOS="2824" VPOS="1825" WIDTH="50"/>
						<String ID="P52_ST00434" HPOS="2874" VPOS="1749" WIDTH="101" HEIGHT="57" CONTENT="end" WC="0.99" CC="100"/>
					</TextLine>
					<TextLine ID="P52_TL00062" HPOS="1592" VPOS="1828" WIDTH="1378" HEIGHT="73">
						<String ID="P52_ST00435" HPOS="1592" VPOS="1831" WIDTH="109" HEIGHT="59" CONTENT="that" WC="1.00" CC="0020"/>
						<SP ID="P52_SP00374" HPOS="1701" VPOS="1890" WIDTH="37"/>
						<String ID="P52_ST00436" HPOS="1738" VPOS="1831" WIDTH="63" HEIGHT="59" CONTENT="he" WC="1.00" CC="00"/>
						<SP ID="P52_SP00375" HPOS="1801" VPOS="1890" WIDTH="59"/>
						<String ID="P52_ST00437" HPOS="1860" VPOS="1856" WIDTH="127" HEIGHT="45" CONTENT="may" WC="0.99" CC="030"/>
						<SP ID="P52_SP00376" HPOS="1987" VPOS="1901" WIDTH="54"/>
						<String ID="P52_ST00438" HPOS="2041" VPOS="1830" WIDTH="297" HEIGHT="59" CONTENT="administer" WC="1.00" CC="0000003600"/>
						<SP ID="P52_SP00377" HPOS="2338" VPOS="1901" WIDTH="47"/>
						<String ID="P52_ST00439" HPOS="2385" VPOS="1829" WIDTH="112" HEIGHT="58" CONTENT="and" WC="1.00" CC="000"/>
						<SP ID="P52_SP00378" HPOS="2497" VPOS="1901" WIDTH="43"/>
						<String ID="P52_ST00440" HPOS="2540" VPOS="1828" WIDTH="66" HEIGHT="56" CONTENT="do" WC="0.84" CC="03"/>
						<SP ID="P52_SP00379" HPOS="2606" VPOS="1901" WIDTH="42"/>
						<String ID="P52_ST00441" HPOS="2648" VPOS="1835" WIDTH="223" HEIGHT="61" CONTENT="justice;" WC="1.00" CC="05000000"/>
						<SP ID="P52_SP00380" HPOS="2871" VPOS="1901" WIDTH="45"/>
						<String ID="P52_ST00442" HPOS="2916" VPOS="1848" WIDTH="54" HEIGHT="33" CONTENT="so" WC="1.00" CC="00"/>
					</TextLine>
					<TextLine ID="P52_TL00063" HPOS="1592" VPOS="1904" WIDTH="1377" HEIGHT="75">
						<String ID="P52_ST00443" HPOS="1592" VPOS="1908" WIDTH="108" HEIGHT="57" CONTENT="that" WC="0.99" CC="0004"/>
						<SP ID="P52_SP00381" HPOS="1700" VPOS="1965" WIDTH="38"/>
						<String ID="P52_ST00444" HPOS="1738" VPOS="1908" WIDTH="83" HEIGHT="58" CONTENT="the" WC="0.99" CC="100"/>
						<SP ID="P52_SP00382" HPOS="1821" VPOS="1966" WIDTH="38"/>
						<String ID="P52_ST00445" HPOS="1859" VPOS="1919" WIDTH="199" HEIGHT="60" CONTENT="present" WC="1.00" CC="0000004"/>
						<SP ID="P52_SP00383" HPOS="2058" VPOS="1979" WIDTH="36"/>
						<String ID="P52_ST00446" HPOS="2094" VPOS="1908" WIDTH="265" HEIGHT="68" CONTENT="suppliant" WC="0.99" CC="060030803"/>
						<SP ID="P52_SP00384" HPOS="2359" VPOS="1979" WIDTH="26"/>
						<String ID="P52_ST00447" HPOS="2385" VPOS="1928" WIDTH="127" HEIGHT="46" CONTENT="may" WC="1.00" CC="000"/>
						<SP ID="P52_SP00385" HPOS="2512" VPOS="1979" WIDTH="43"/>
						<String ID="P52_ST00448" HPOS="2555" VPOS="1904" WIDTH="81" HEIGHT="57" CONTENT="the" WC="0.98" CC="400"/>
						<SP ID="P52_SP00386" HPOS="2636" VPOS="1979" WIDTH="41"/>
						<String ID="P52_ST00449" HPOS="2677" VPOS="1925" WIDTH="136" HEIGHT="35" CONTENT="more" WC="1.00" CC="0000"/>
						<SP ID="P52_SP00387" HPOS="2813" VPOS="1979" WIDTH="40"/>
						<String ID="P52_ST00450" HPOS="2853" VPOS="1924" WIDTH="87" HEIGHT="34" CONTENT="con" SUBS_TYPE="HypPart1" SUBS_CONTENT="conveniently," WC="0.98" CC="300"/>
						<HYP HPOS="2940" VPOS="1924" WIDTH="29" CONTENT="-"/>
					</TextLine>
					<TextLine ID="P52_TL00064" HPOS="1591" VPOS="1978" WIDTH="1421" HEIGHT="74">
						<String ID="P52_ST00451" HPOS="1591" VPOS="1983" WIDTH="276" HEIGHT="69" CONTENT="veniently," SUBS_TYPE="HypPart2" SUBS_CONTENT="conveniently," WC="1.00" CC="0000001200"/>
						<SP ID="P52_SP00388" HPOS="1867" VPOS="2052" WIDTH="34"/>
						<String ID="P52_ST00452" HPOS="1901" VPOS="1983" WIDTH="118" HEIGHT="69" CONTENT="first" WC="0.99" CC="04001"/>
						<SP ID="P52_SP00389" HPOS="2019" VPOS="2052" WIDTH="46"/>
						<String ID="P52_ST00453" HPOS="2065" VPOS="1981" WIDTH="197" HEIGHT="70" CONTENT="defend" WC="0.99" CC="000900"/>
						<SP ID="P52_SP00390" HPOS="2262" VPOS="2052" WIDTH="44"/>
						<String ID="P52_ST00454" HPOS="2306" VPOS="1981" WIDTH="75" HEIGHT="57" CONTENT="his" WC="1.00" CC="000"/>
						<SP ID="P52_SP00391" HPOS="2381" VPOS="2052" WIDTH="39"/>
						<String ID="P52_ST00455" HPOS="2420" VPOS="2003" WIDTH="155" HEIGHT="34" CONTENT="cause" WC="1.00" CC="00000"/>
						<SP ID="P52_SP00392" HPOS="2575" VPOS="2052" WIDTH="41"/>
						<String ID="P52_ST00456" HPOS="2616" VPOS="1978" WIDTH="110" HEIGHT="57" CONTENT="and" WC="1.00" CC="000"/>
						<SP ID="P52_SP00393" HPOS="2726" VPOS="2052" WIDTH="280"/>
						<String ID="P52_ST00457" HPOS="3006" VPOS="2037" WIDTH="6" HEIGHT="8" CONTENT="." WC="0.24" CC="7"/>
					</TextLine>
					<TextLine ID="P52_TL00065" HPOS="1590" VPOS="2050" WIDTH="1381" HEIGHT="76">
						<String ID="P52_ST00458" HPOS="1590" VPOS="2070" WIDTH="151" HEIGHT="46" CONTENT="strate" WC="0.75" CC="060260"/>
						<SP ID="P52_SP00394" HPOS="1741" VPOS="2116" WIDTH="39"/>
						<String ID="P52_ST00459" HPOS="1780" VPOS="2059" WIDTH="75" HEIGHT="57" CONTENT="his" WC="1.00" CC="000"/>
						<SP ID="P52_SP00395" HPOS="1855" VPOS="2116" WIDTH="42"/>
						<String ID="P52_ST00460" HPOS="1897" VPOS="2069" WIDTH="283" HEIGHT="53" CONTENT="innocence," WC="1.00" CC="0006000000"/>
						<SP ID="P52_SP00396" HPOS="2180" VPOS="2122" WIDTH="45"/>
						<String ID="P52_ST00461" HPOS="2225" VPOS="2058" WIDTH="113" HEIGHT="57" CONTENT="and" WC="1.00" CC="000"/>
						<SP ID="P52_SP00397" HPOS="2338" VPOS="2122" WIDTH="32"/>
						<String ID="P52_ST00462" HPOS="2370" VPOS="2080" WIDTH="128" HEIGHT="46" CONTENT="may" WC="1.00" CC="000"/>
						<SP ID="P52_SP00398" HPOS="2498" VPOS="2126" WIDTH="40"/>
						<String ID="P52_ST00463" HPOS="2538" VPOS="2055" WIDTH="112" HEIGHT="57" CONTENT="also" WC="1.00" CC="0000"/>
						<SP ID="P52_SP00399" HPOS="2650" VPOS="2126" WIDTH="32"/>
						<String ID="P52_ST00464" HPOS="2682" VPOS="2050" WIDTH="289" HEIGHT="72" CONTENT="faithfully" WC="1.00" CC="0001000000"/>
					</TextLine>
					<TextLine ID="P52_TL00066" HPOS="1590" VPOS="2129" WIDTH="1383" HEIGHT="75">
						<String ID="P52_ST00465" HPOS="1590" VPOS="2154" WIDTH="137" HEIGHT="38" CONTENT="serve" WC="0.99" CC="07000"/>
						<SP ID="P52_SP00400" HPOS="1727" VPOS="2192" WIDTH="39"/>
						<String ID="P52_ST00466" HPOS="1766" VPOS="2143" WIDTH="51" HEIGHT="48" CONTENT="in" WC="1.00" CC="00"/>
						<SP ID="P52_SP00401" HPOS="1817" VPOS="2192" WIDTH="42"/>
						<String ID="P52_ST00467" HPOS="1859" VPOS="2132" WIDTH="80" HEIGHT="59" CONTENT="the" WC="0.99" CC="300"/>
						<SP ID="P52_SP00402" HPOS="1939" VPOS="2192" WIDTH="51"/>
						<String ID="P52_ST00468" HPOS="1990" VPOS="2135" WIDTH="157" HEIGHT="69" CONTENT="plays" WC="0.99" CC="00005"/>
						<SP ID="P52_SP00403" HPOS="2147" VPOS="2204" WIDTH="41"/>
						<String ID="P52_ST00469" HPOS="2188" VPOS="2132" WIDTH="94" HEIGHT="70" CONTENT="for" WC="1.00" CC="000"/>
						<SP ID="P52_SP00404" HPOS="2282" VPOS="2204" WIDTH="47"/>
						<String ID="P52_ST00470" HPOS="2329" VPOS="2152" WIDTH="140" HEIGHT="50" CONTENT="your" WC="1.00" CC="0200"/>
						<SP ID="P52_SP00405" HPOS="2469" VPOS="2204" WIDTH="48"/>
						<String ID="P52_ST00471" HPOS="2517" VPOS="2139" WIDTH="131" HEIGHT="48" CONTENT="most" WC="0.98" CC="0105"/>
						<SP ID="P52_SP00406" HPOS="2648" VPOS="2204" WIDTH="48"/>
						<String ID="P52_ST00472" HPOS="2696" VPOS="2129" WIDTH="277" HEIGHT="57" CONTENT="illustrious" WC="1.00" CC="03400200006"/>
					</TextLine>
					<TextLine ID="P52_TL00067" HPOS="1595" VPOS="2201" WIDTH="1379" HEIGHT="79">
						<String ID="P52_ST00473" HPOS="1595" VPOS="2209" WIDTH="222" HEIGHT="71" CONTENT="lordship" WC="1.00" CC="04000000"/>
						<SP ID="P52_SP00407" HPOS="1817" VPOS="2280" WIDTH="31"/>
						<String ID="P52_ST00474" HPOS="1848" VPOS="2210" WIDTH="111" HEIGHT="57" CONTENT="and" WC="0.99" CC="200"/>
						<SP ID="P52_SP00408" HPOS="1959" VPOS="2280" WIDTH="23"/>
						<String ID="P52_ST00475" HPOS="1982" VPOS="2210" WIDTH="94" HEIGHT="69" CONTENT="for" WC="0.98" CC="050"/>
						<SP ID="P52_SP00409" HPOS="2076" VPOS="2280" WIDTH="41"/>
						<String ID="P52_ST00476" HPOS="2117" VPOS="2209" WIDTH="82" HEIGHT="57" CONTENT="the" WC="1.00" CC="000"/>
						<SP ID="P52_SP00410" HPOS="2199" VPOS="2280" WIDTH="42"/>
						<String ID="P52_ST00477" HPOS="2241" VPOS="2206" WIDTH="258" HEIGHT="60" CONTENT="universal" WC="1.00" CC="000000000"/>
						<SP ID="P52_SP00411" HPOS="2499" VPOS="2280" WIDTH="36"/>
						<String ID="P52_ST00478" HPOS="2535" VPOS="2206" WIDTH="241" HEIGHT="70" CONTENT="pleasure" WC="1.00" CC="00430000"/>
						<SP ID="P52_SP00412" HPOS="2776" VPOS="2280" WIDTH="37"/>
						<String ID="P52_ST00479" HPOS="2813" VPOS="2202" WIDTH="68" HEIGHT="70" CONTENT="of" WC="1.00" CC="00"/>
						<SP ID="P52_SP00413" HPOS="2881" VPOS="2280" WIDTH="14"/>
						<String ID="P52_ST00480" HPOS="2895" VPOS="2201" WIDTH="79" HEIGHT="57" CONTENT="the" WC="1.00" CC="010"/>
					</TextLine>
					<TextLine ID="P52_TL00068" HPOS="1591" VPOS="2276" WIDTH="1380" HEIGHT="84">
						<String ID="P52_ST00481" HPOS="1591" VPOS="2285" WIDTH="279" HEIGHT="57" CONTENT="illustrious" WC="1.00" CC="00200400100"/>
						<SP ID="P52_SP00414" HPOS="1870" VPOS="2342" WIDTH="54"/>
						<String ID="P52_ST00482" HPOS="1924" VPOS="2284" WIDTH="208" HEIGHT="76" CONTENT="Signori" WC="0.55" CC="2454545" STYLEREFS="TXT_4"/>
						<SP ID="P52_SP00415" HPOS="2132" VPOS="2360" WIDTH="52"/>
						<String ID="P52_ST00483" HPOS="2184" VPOS="2284" WIDTH="70" HEIGHT="69" CONTENT="of" WC="1.00" CC="00"/>
						<SP ID="P52_SP00416" HPOS="2254" VPOS="2360" WIDTH="41"/>
						<String ID="P52_ST00484" HPOS="2295" VPOS="2284" WIDTH="92" HEIGHT="57" CONTENT="this" WC="0.99" CC="3300"/>
						<SP ID="P52_SP00417" HPOS="2387" VPOS="2360" WIDTH="59"/>
						<String ID="P52_ST00485" HPOS="2446" VPOS="2279" WIDTH="346" HEIGHT="73" CONTENT="Magnificent" WC="1.00" CC="02000040000"/>
						<SP ID="P52_SP00418" HPOS="2792" VPOS="2360" WIDTH="59"/>
						<String ID="P52_ST00486" HPOS="2851" VPOS="2276" WIDTH="120" HEIGHT="70" CONTENT="City" WC="1.00" CC="0000"/>
					</TextLine>
					<TextLine ID="P52_TL00069" HPOS="1594" VPOS="2353" WIDTH="1379" HEIGHT="77">
						<String ID="P52_ST00487" HPOS="1594" VPOS="2361" WIDTH="67" HEIGHT="69" CONTENT="of" WC="1.00" CC="00"/>
						<SP ID="P52_SP00419" HPOS="1661" VPOS="2430" WIDTH="28"/>
						<String ID="P52_ST00488" HPOS="1689" VPOS="2359" WIDTH="231" HEIGHT="58" CONTENT="Milano." WC="0.89" CC="0000034"/>
						<SP ID="P52_SP00420" HPOS="1920" VPOS="2430" WIDTH="82"/>
						<String ID="P52_ST00489" HPOS="2002" VPOS="2359" WIDTH="286" HEIGHT="58" CONTENT="Otherwise" WC="0.99" CC="640000080"/>
						<SP ID="P52_SP00421" HPOS="2288" VPOS="2430" WIDTH="47"/>
						<String ID="P52_ST00490" HPOS="2335" VPOS="2359" WIDTH="139" HEIGHT="58" CONTENT="there" WC="1.00" CC="20000"/>
						<SP ID="P52_SP00422" HPOS="2474" VPOS="2430" WIDTH="39"/>
						<String ID="P52_ST00491" HPOS="2513" VPOS="2355" WIDTH="182" HEIGHT="59" CONTENT="would" WC="0.99" CC="06000"/>
						<SP ID="P52_SP00423" HPOS="2695" VPOS="2430" WIDTH="22"/>
						<String ID="P52_ST00492" HPOS="2717" VPOS="2353" WIDTH="174" HEIGHT="68" CONTENT="result," WC="0.99" CC="0090044"/>
						<SP ID="P52_SP00424" HPOS="2891" VPOS="2430" WIDTH="31"/>
						<String ID="P52_ST00493" HPOS="2922" VPOS="2362" WIDTH="51" HEIGHT="47" CONTENT="in" WC="1.00" CC="00"/>
					</TextLine>
					<TextLine ID="P52_TL00070" HPOS="1594" VPOS="2428" WIDTH="1385" HEIGHT="77">
						<String ID="P52_ST00494" HPOS="1594" VPOS="2435" WIDTH="226" HEIGHT="57" CONTENT="addition" WC="1.00" CC="30002000"/>
						<SP ID="P52_SP00425" HPOS="1820" VPOS="2492" WIDTH="29"/>
						<String ID="P52_ST00495" HPOS="1849" VPOS="2445" WIDTH="49" HEIGHT="46" CONTENT="to" WC="0.69" CC="32"/>
						<SP ID="P52_SP00426" HPOS="1898" VPOS="2492" WIDTH="41"/>
						<String ID="P52_ST00496" HPOS="1939" VPOS="2433" WIDTH="81" HEIGHT="59" CONTENT="the" WC="0.99" CC="200"/>
						<SP ID="P52_SP00427" HPOS="2020" VPOS="2492" WIDTH="27"/>
						<String ID="P52_ST00497" HPOS="2047" VPOS="2444" WIDTH="173" HEIGHT="61" CONTENT="injury" WC="1.00" CC="000000"/>
						<SP ID="P52_SP00428" HPOS="2220" VPOS="2505" WIDTH="29"/>
						<String ID="P52_ST00498" HPOS="2249" VPOS="2445" WIDTH="49" HEIGHT="46" CONTENT="to" WC="0.81" CC="30"/>
						<SP ID="P52_SP00429" HPOS="2298" VPOS="2505" WIDTH="42"/>
						<String ID="P52_ST00499" HPOS="2340" VPOS="2433" WIDTH="80" HEIGHT="58" CONTENT="the" WC="0.99" CC="003"/>
						<SP ID="P52_SP00430" HPOS="2420" VPOS="2505" WIDTH="26"/>
						<String ID="P52_ST00500" HPOS="2446" VPOS="2440" WIDTH="202" HEIGHT="62" CONTENT="present" WC="1.00" CC="0000000"/>
						<SP ID="P52_SP00431" HPOS="2648" VPOS="2505" WIDTH="24"/>
						<String ID="P52_ST00501" HPOS="2672" VPOS="2428" WIDTH="307" HEIGHT="72" CONTENT="Suppliant?" WC="0.99" CC="2000307008"/>
					</TextLine>
					<TextLine ID="P52_TL00071" HPOS="1595" VPOS="2502" WIDTH="1375" HEIGHT="78">
						<String ID="P52_ST00502" HPOS="1595" VPOS="2510" WIDTH="81" HEIGHT="57" CONTENT="the" WC="0.98" CC="005"/>
						<SP ID="P52_SP00432" HPOS="1676" VPOS="2567" WIDTH="38"/>
						<String ID="P52_ST00503" HPOS="1714" VPOS="2510" WIDTH="316" HEIGHT="70" CONTENT="deprivation" WC="1.00" CC="00000004360"/>
						<SP ID="P52_SP00433" HPOS="2030" VPOS="2580" WIDTH="41"/>
						<String ID="P52_ST00504" HPOS="2071" VPOS="2510" WIDTH="114" HEIGHT="58" CONTENT="also" WC="1.00" CC="0001"/>
						<SP ID="P52_SP00434" HPOS="2185" VPOS="2580" WIDTH="49"/>
						<String ID="P52_ST00505" HPOS="2234" VPOS="2510" WIDTH="68" HEIGHT="68" CONTENT="of" WC="0.99" CC="00"/>
						<SP ID="P52_SP00435" HPOS="2302" VPOS="2580" WIDTH="28"/>
						<String ID="P52_ST00506" HPOS="2330" VPOS="2508" WIDTH="153" HEIGHT="58" CONTENT="much" WC="1.00" CC="0010"/>
						<SP ID="P52_SP00436" HPOS="2483" VPOS="2580" WIDTH="41"/>
						<String ID="P52_ST00507" HPOS="2524" VPOS="2507" WIDTH="177" HEIGHT="59" CONTENT="honest" WC="0.99" CC="040600"/>
						<SP ID="P52_SP00437" HPOS="2701" VPOS="2580" WIDTH="43"/>
						<String ID="P52_ST00508" HPOS="2744" VPOS="2505" WIDTH="109" HEIGHT="57" CONTENT="and" WC="1.00" CC="000"/>
						<SP ID="P52_SP00438" HPOS="2853" VPOS="2580" WIDTH="35"/>
						<String ID="P52_ST00509" HPOS="2888" VPOS="2502" WIDTH="55" HEIGHT="57" CONTENT="de" SUBS_TYPE="HypPart1" SUBS_CONTENT="delightful" WC="0.98" CC="00"/>
						<HYP HPOS="2943" VPOS="2502" WIDTH="27" CONTENT="-"/>
					</TextLine>
					<TextLine ID="P52_TL00072" HPOS="1599" VPOS="2577" WIDTH="1374" HEIGHT="81">
						<String ID="P52_ST00510" HPOS="1599" VPOS="2585" WIDTH="210" HEIGHT="73" CONTENT="lightful" SUBS_TYPE="HypPart2" SUBS_CONTENT="delightful" WC="1.00" CC="00001000"/>
						<SP ID="P52_SP00439" HPOS="1809" VPOS="2658" WIDTH="39"/>
						<String ID="P52_ST00511" HPOS="1848" VPOS="2595" WIDTH="397" HEIGHT="48" CONTENT="entertainment." WC="1.00" CC="00700500000043"/>
						<SP ID="P52_SP00440" HPOS="2245" VPOS="2658" WIDTH="79"/>
						<String ID="P52_ST00512" HPOS="2324" VPOS="2583" WIDTH="222" HEIGHT="74" CONTENT="Hoping" WC="0.99" CC="510300"/>
						<SP ID="P52_SP00441" HPOS="2546" VPOS="2658" WIDTH="37"/>
						<String ID="P52_ST00513" HPOS="2583" VPOS="2593" WIDTH="49" HEIGHT="47" CONTENT="to" WC="0.82" CC="03"/>
						<SP ID="P52_SP00442" HPOS="2632" VPOS="2658" WIDTH="38"/>
						<String ID="P52_ST00514" HPOS="2670" VPOS="2581" WIDTH="171" HEIGHT="58" CONTENT="obtain" WC="0.99" CC="024300"/>
						<SP ID="P52_SP00443" HPOS="2841" VPOS="2658" WIDTH="40"/>
						<String ID="P52_ST00515" HPOS="2881" VPOS="2577" WIDTH="92" HEIGHT="58" CONTENT="this" WC="1.00" CC="1010"/>
					</TextLine>
					<TextLine ID="P52_TL00073" HPOS="1597" VPOS="2656" WIDTH="1377" HEIGHT="75">
						<String ID="P52_ST00516" HPOS="1597" VPOS="2661" WIDTH="130" HEIGHT="57" CONTENT="boon" WC="1.00" CC="0200"/>
						<SP ID="P52_SP00444" HPOS="1727" VPOS="2718" WIDTH="29"/>
						<String ID="P52_ST00517" HPOS="1756" VPOS="2661" WIDTH="146" HEIGHT="68" CONTENT="from" WC="0.99" CC="0030"/>
						<SP ID="P52_SP00445" HPOS="1902" VPOS="2729" WIDTH="40"/>
						<String ID="P52_ST00518" HPOS="1942" VPOS="2685" WIDTH="137" HEIGHT="46" CONTENT="your" WC="0.99" CC="0003"/>
						<SP ID="P52_SP00446" HPOS="2079" VPOS="2731" WIDTH="44"/>
						<String ID="P52_ST00519" HPOS="2123" VPOS="2670" WIDTH="131" HEIGHT="48" CONTENT="most" WC="0.98" CC="0602"/>
						<SP ID="P52_SP00447" HPOS="2254" VPOS="2731" WIDTH="38"/>
						<String ID="P52_ST00520" HPOS="2292" VPOS="2660" WIDTH="278" HEIGHT="58" CONTENT="illustrious" WC="1.00" CC="00000200000"/>
						<SP ID="P52_SP00448" HPOS="2570" VPOS="2731" WIDTH="43"/>
						<String ID="P52_ST00521" HPOS="2613" VPOS="2656" WIDTH="270" HEIGHT="70" CONTENT="Lordship," WC="0.99" CC="050040004"/>
						<SP ID="P52_SP00449" HPOS="2883" VPOS="2731" WIDTH="43"/>
						<String ID="P52_ST00522" HPOS="2926" VPOS="2663" WIDTH="48" HEIGHT="47" CONTENT="to" WC="0.56" CC="44"/>
					</TextLine>
					<TextLine ID="P52_TL00074" HPOS="1597" VPOS="2731" WIDTH="1164" HEIGHT="77">
						<String ID="P52_ST00523" HPOS="1597" VPOS="2734" WIDTH="167" HEIGHT="59" CONTENT="whom" WC="0.99" CC="0040"/>
						<SP ID="P52_SP00450" HPOS="1764" VPOS="2793" WIDTH="39"/>
						<String ID="P52_ST00524" HPOS="1803" VPOS="2759" WIDTH="127" HEIGHT="47" CONTENT="may" WC="1.00" CC="000"/>
						<SP ID="P52_SP00451" HPOS="1930" VPOS="2806" WIDTH="31"/>
						<String ID="P52_ST00525" HPOS="1961" VPOS="2736" WIDTH="210" HEIGHT="70" CONTENT="felicity" WC="1.00" CC="00400000"/>
						<SP ID="P52_SP00452" HPOS="2171" VPOS="2806" WIDTH="42"/>
						<String ID="P52_ST00526" HPOS="2213" VPOS="2736" WIDTH="60" HEIGHT="57" CONTENT="be" WC="0.96" CC="00"/>
						<SP ID="P52_SP00453" HPOS="2273" VPOS="2806" WIDTH="43"/>
						<String ID="P52_ST00527" HPOS="2316" VPOS="2734" WIDTH="123" HEIGHT="74" CONTENT="long" WC="0.99" CC="3100"/>
						<SP ID="P52_SP00454" HPOS="2439" VPOS="2808" WIDTH="38"/>
						<String ID="P52_ST00528" HPOS="2477" VPOS="2731" WIDTH="284" HEIGHT="73" CONTENT="preserved." WC="1.00" CC="0000408002"/>
					</TextLine>
					<TextLine ID="P52_TL00075" HPOS="1595" VPOS="2881" WIDTH="1417" HEIGHT="78">
						<String ID="P52_ST00529" HPOS="1595" VPOS="2903" WIDTH="25" HEIGHT="27" CONTENT="r" STYLE="superscript" WC="0.23" CC="7" STYLEREFS="TXT_6"/>
						<String ID="P52_ST00530" HPOS="1621" VPOS="2903" WIDTH="62" HEIGHT="40" CONTENT='T"' WC="0.50" CC="90" STYLEREFS="TXT_6"/>
						<String ID="P52_ST00531" HPOS="1684" VPOS="2903" WIDTH="19" HEIGHT="26" CONTENT="," STYLE="superscript" WC="0.55" CC="4" STYLEREFS="TXT_6"/>
						<String ID="P52_ST00532" HPOS="1707" VPOS="2897" WIDTH="85" HEIGHT="46" CONTENT="HE" WC="0.74" CC="05" STYLEREFS="TXT_6"/>
						<SP ID="P52_SP00455" HPOS="1792" VPOS="2943" WIDTH="39"/>
						<String ID="P52_ST00533" HPOS="1831" VPOS="2889" WIDTH="171" HEIGHT="56" CONTENT="writer" WC="0.97" CC="563464" STYLEREFS="TXT_4"/>
						<SP ID="P52_SP00456" HPOS="2002" VPOS="2945" WIDTH="40"/>
						<String ID="P52_ST00534" HPOS="2042" VPOS="2886" WIDTH="54" HEIGHT="58" CONTENT="of" WC="0.70" CC="05" STYLEREFS="TXT_4"/>
						<SP ID="P52_SP00457" HPOS="2096" VPOS="2945" WIDTH="37"/>
						<String ID="P52_ST00535" HPOS="2133" VPOS="2884" WIDTH="88" HEIGHT="59" CONTENT="the" WC="0.96" CC="270" STYLEREFS="TXT_4"/>
						<SP ID="P52_SP00458" HPOS="2221" VPOS="2945" WIDTH="58"/>
						<String ID="P52_ST00536" HPOS="2279" VPOS="2886" WIDTH="173" HEIGHT="58" CONTENT="above" WC="0.99" CC="07010" STYLEREFS="TXT_4"/>
						<SP ID="P52_SP00459" HPOS="2452" VPOS="2945" WIDTH="39"/>
						<String ID="P52_ST00537" HPOS="2491" VPOS="2886" WIDTH="233" HEIGHT="73" CONTENT="petition," WC="0.99" CC="006606536" STYLEREFS="TXT_4"/>
						<SP ID="P52_SP00460" HPOS="2724" VPOS="2959" WIDTH="42"/>
						<String ID="P52_ST00538" HPOS="2766" VPOS="2881" WIDTH="207" HEIGHT="59" CONTENT="Battista" WC="0.85" CC="00052030" STYLEREFS="TXT_4"/>
						<SP ID="P52_SP00461" HPOS="2973" VPOS="2959" WIDTH="30"/>
						<String ID="P52_ST00539" HPOS="3003" VPOS="2905" WIDTH="9" HEIGHT="6" CONTENT="" WC="0.58" CC="4" STYLEREFS="TXT_4"/>
					</TextLine>
					<TextLine ID="P52_TL00076" HPOS="1629" VPOS="2948" WIDTH="1346" HEIGHT="84">
						<String ID="P52_ST00540" HPOS="1629" VPOS="2948" WIDTH="42" HEIGHT="84" CONTENT="X" WC="1.00" CC="9" STYLEREFS="TXT_4"/>
						<SP ID="P52_SP00462" HPOS="1671" VPOS="3032" WIDTH="71"/>
						<String ID="P52_ST00541" HPOS="1742" VPOS="2959" WIDTH="71" HEIGHT="62" CONTENT="da" WC="1.00" CC="00" STYLEREFS="TXT_4"/>
						<SP ID="P52_SP00463" HPOS="1813" VPOS="3032" WIDTH="38"/>
						<String ID="P52_ST00542" HPOS="1851" VPOS="2963" WIDTH="228" HEIGHT="66" CONTENT="Rimino," WC="0.63" CC="1461723" STYLEREFS="TXT_4"/>
						<SP ID="P52_SP00464" HPOS="2079" VPOS="3032" WIDTH="42"/>
						<String ID="P52_ST00543" HPOS="2121" VPOS="2961" WIDTH="191" HEIGHT="58" CONTENT="Zanne" WC="0.77" CC="04005"/>
						<SP ID="P52_SP00465" HPOS="2312" VPOS="3032" WIDTH="58"/>
						<String ID="P52_ST00544" HPOS="2370" VPOS="2962" WIDTH="54" HEIGHT="58" CONTENT="of" WC="0.64" CC="07" STYLEREFS="TXT_4"/>
						<SP ID="P52_SP00466" HPOS="2424" VPOS="3032" WIDTH="37"/>
						<String ID="P52_ST00545" HPOS="2461" VPOS="2961" WIDTH="89" HEIGHT="58" CONTENT="the" WC="0.96" CC="270" STYLEREFS="TXT_4"/>
						<SP ID="P52_SP00467" HPOS="2550" VPOS="3032" WIDTH="54"/>
						<String ID="P52_ST00546" HPOS="2604" VPOS="2962" WIDTH="275" HEIGHT="70" CONTENT="Company" WC="1.00" CC="0200050" STYLEREFS="TXT_4"/>
						<SP ID="P52_SP00468" HPOS="2879" VPOS="3032" WIDTH="43"/>
						<String ID="P52_ST00547" HPOS="2922" VPOS="2955" WIDTH="53" HEIGHT="58" CONTENT="of" WC="0.44" CC="46" STYLEREFS="TXT_4"/>
					</TextLine>
					<TextLine ID="P52_TL00077" HPOS="1594" VPOS="3029" WIDTH="1399" HEIGHT="81">
						<String ID="P52_ST00548" HPOS="1594" VPOS="3041" WIDTH="86" HEIGHT="57" CONTENT="the" WC="0.97" CC="070" STYLEREFS="TXT_4"/>
						<SP ID="P52_SP00469" HPOS="1680" VPOS="3098" WIDTH="43"/>
						<String ID="P52_ST00549" HPOS="1723" VPOS="3035" WIDTH="307" HEIGHT="73" CONTENT="Confidenti," WC="0.86" CC="00003060301"/>
						<SP ID="P52_SP00470" HPOS="2030" VPOS="3108" WIDTH="40"/>
						<String ID="P52_ST00550" HPOS="2070" VPOS="3039" WIDTH="42" HEIGHT="55" CONTENT="is" WC="0.86" CC="20" STYLEREFS="TXT_4"/>
						<SP ID="P52_SP00471" HPOS="2112" VPOS="3108" WIDTH="40"/>
						<String ID="P52_ST00551" HPOS="2152" VPOS="3037" WIDTH="243" HEIGHT="57" CONTENT="assumed" WC="1.00" CC="5000000" STYLEREFS="TXT_4"/>
						<SP ID="P52_SP00472" HPOS="2395" VPOS="3108" WIDTH="39"/>
						<String ID="P52_ST00552" HPOS="2434" VPOS="3037" WIDTH="73" HEIGHT="73" CONTENT="by" WC="0.65" CC="60" STYLEREFS="TXT_4"/>
						<SP ID="P52_SP00473" HPOS="2507" VPOS="3110" WIDTH="39"/>
						<String ID="P52_ST00553" HPOS="2546" VPOS="3035" WIDTH="156" HEIGHT="75" CONTENT="Luigi" WC="0.77" CC="00550" STYLEREFS="TXT_4"/>
						<SP ID="P52_SP00474" HPOS="2702" VPOS="3110" WIDTH="42"/>
						<String ID="P52_ST00554" HPOS="2744" VPOS="3034" WIDTH="128" HEIGHT="57" CONTENT="Rasi" WC="0.94" CC="0020" STYLEREFS="TXT_4"/>
						<SP ID="P52_SP00475" HPOS="2872" VPOS="3110" WIDTH="27"/>
						<String ID="P52_ST00555" HPOS="2899" VPOS="3029" WIDTH="94" HEIGHT="74" CONTENT="(in." WC="0.95" CC="6275" STYLEREFS="TXT_4"/>
					</TextLine>
					<TextLine ID="P52_TL00078" HPOS="1594" VPOS="3103" WIDTH="1379" HEIGHT="78">
						<String ID="P52_ST00556" HPOS="1594" VPOS="3115" WIDTH="78" HEIGHT="60" CONTENT="his" WC="0.95" CC="742" STYLEREFS="TXT_4"/>
						<SP ID="P52_SP00476" HPOS="1672" VPOS="3175" WIDTH="29"/>
						<String ID="P52_ST00557" HPOS="1701" VPOS="3122" WIDTH="32" HEIGHT="20" CONTENT='"' WC="0.54" CC="4" STYLEREFS="TXT_4"/>
						<SP ID="P52_SP00477" HPOS="1733" VPOS="3175" WIDTH="22"/>
						<String ID="P52_ST00558" HPOS="1755" VPOS="3117" WIDTH="206" HEIGHT="56" CONTENT="Comici" WC="0.91" CC="101200" STYLEREFS="TXT_4"/>
						<SP ID="P52_SP00478" HPOS="1961" VPOS="3175" WIDTH="25"/>
						<String ID="P52_ST00559" HPOS="1986" VPOS="3112" WIDTH="194" HEIGHT="59" CONTENT="italiani" WC="0.75" CC="04072004" STYLEREFS="TXT_4"/>
						<SP ID="P52_SP00479" HPOS="2180" VPOS="3175" WIDTH="24"/>
						<String ID="P52_ST00560" HPOS="2204" VPOS="3113" WIDTH="60" HEIGHT="68" CONTENT='")' WC="0.53" CC="53" STYLEREFS="TXT_4"/>
						<SP ID="P52_SP00480" HPOS="2264" VPOS="3181" WIDTH="27"/>
						<String ID="P52_ST00561" HPOS="2291" VPOS="3127" WIDTH="52" HEIGHT="43" CONTENT="to" WC="0.79" CC="40" STYLEREFS="TXT_4"/>
						<SP ID="P52_SP00481" HPOS="2343" VPOS="3181" WIDTH="28"/>
						<String ID="P52_ST00562" HPOS="2371" VPOS="3113" WIDTH="70" HEIGHT="58" CONTENT="be" WC="0.63" CC="70" STYLEREFS="TXT_4"/>
						<SP ID="P52_SP00482" HPOS="2441" VPOS="3181" WIDTH="29"/>
						<String ID="P52_ST00563" HPOS="2470" VPOS="3118" WIDTH="32" HEIGHT="19" CONTENT='"' WC="0.51" CC="4" STYLEREFS="TXT_4"/>
						<SP ID="P52_SP00483" HPOS="2502" VPOS="3181" WIDTH="17"/>
						<String ID="P52_ST00564" HPOS="2519" VPOS="3112" WIDTH="215" HEIGHT="58" CONTENT="without" WC="0.98" CC="3567065" STYLEREFS="TXT_4"/>
						<SP ID="P52_SP00484" HPOS="2734" VPOS="3181" WIDTH="20"/>
						<String ID="P52_ST00565" HPOS="2754" VPOS="3107" WIDTH="165" HEIGHT="61" CONTENT="doubt" WC="0.98" CC="00076" STYLEREFS="TXT_4"/>
						<SP ID="P52_SP00485" HPOS="2919" VPOS="3181" WIDTH="21"/>
						<String ID="P52_ST00566" HPOS="2940" VPOS="3103" WIDTH="33" HEIGHT="21" CONTENT='"' WC="0.55" CC="4" STYLEREFS="TXT_4"/>
					</TextLine>
					<TextLine ID="P52_TL00079" HPOS="1595" VPOS="3181" WIDTH="1382" HEIGHT="69">
						<String ID="P52_ST00567" HPOS="1595" VPOS="3189" WIDTH="247" HEIGHT="61" CONTENT="identical" WC="1.00" CC="000150101" STYLEREFS="TXT_4"/>
						<SP ID="P52_SP00486" HPOS="1842" VPOS="3250" WIDTH="66"/>
						<String ID="P52_ST00568" HPOS="1908" VPOS="3188" WIDTH="126" HEIGHT="58" CONTENT="with" WC="0.96" CC="0647" STYLEREFS="TXT_4"/>
						<SP ID="P52_SP00487" HPOS="2034" VPOS="3250" WIDTH="65"/>
						<String ID="P52_ST00569" HPOS="2099" VPOS="3187" WIDTH="108" HEIGHT="58" CONTENT="that" WC="0.99" CC="0003" STYLEREFS="TXT_4"/>
						<SP ID="P52_SP00488" HPOS="2207" VPOS="3250" WIDTH="58"/>
						<String ID="P52_ST00570" HPOS="2265" VPOS="3187" WIDTH="127" HEIGHT="59" CONTENT="Gio." WC="0.79" CC="1330" STYLEREFS="TXT_4"/>
						<SP ID="P52_SP00489" HPOS="2392" VPOS="3250" WIDTH="71"/>
						<String ID="P52_ST00571" HPOS="2463" VPOS="3188" WIDTH="214" HEIGHT="57" CONTENT="Battista" WC="0.84" CC="00450020" STYLEREFS="TXT_4"/>
						<SP ID="P52_SP00490" HPOS="2677" VPOS="3250" WIDTH="65"/>
						<String ID="P52_ST00572" HPOS="2742" VPOS="3181" WIDTH="235" HEIGHT="61" CONTENT="Vannini" WC="0.82" CC="0010720" STYLEREFS="TXT_4"/>
					</TextLine>
					<TextLine ID="P52_TL00080" HPOS="1595" VPOS="3255" WIDTH="1383" HEIGHT="83">
						<String ID="P52_ST00573" HPOS="1595" VPOS="3264" WIDTH="230" HEIGHT="61" CONTENT="referred" WC="0.99" CC="50606000" STYLEREFS="TXT_4"/>
						<SP ID="P52_SP00491" HPOS="1825" VPOS="3325" WIDTH="38"/>
						<String ID="P52_ST00574" HPOS="1863" VPOS="3278" WIDTH="52" HEIGHT="44" CONTENT="to" WC="0.53" CC="62" STYLEREFS="TXT_4"/>
						<SP ID="P52_SP00492" HPOS="1915" VPOS="3325" WIDTH="35"/>
						<String ID="P52_ST00575" HPOS="1950" VPOS="3264" WIDTH="72" HEIGHT="74" CONTENT="by" WC="0.63" CC="70" STYLEREFS="TXT_4"/>
						<SP ID="P52_SP00493" HPOS="2022" VPOS="3338" WIDTH="38"/>
						<String ID="P52_ST00576" HPOS="2060" VPOS="3262" WIDTH="87" HEIGHT="58" CONTENT="the" WC="0.96" CC="370" STYLEREFS="TXT_4"/>
						<SP ID="P52_SP00494" HPOS="2147" VPOS="3338" WIDTH="38"/>
						<String ID="P52_ST00577" HPOS="2185" VPOS="3277" WIDTH="139" HEIGHT="44" CONTENT="actor" WC="0.99" CC="05000" STYLEREFS="TXT_4"/>
						<SP ID="P52_SP00495" HPOS="2324" VPOS="3338" WIDTH="42"/>
						<String ID="P52_ST00578" HPOS="2366" VPOS="3263" WIDTH="326" HEIGHT="58" CONTENT="Bartolomeo" WC="0.81" CC="0050220502" STYLEREFS="TXT_4"/>
						<SP ID="P52_SP00496" HPOS="2692" VPOS="3338" WIDTH="39"/>
						<String ID="P52_ST00579" HPOS="2731" VPOS="3260" WIDTH="155" HEIGHT="59" CONTENT="Rossi" WC="0.99" CC="06002" STYLEREFS="TXT_4"/>
						<SP ID="P52_SP00497" HPOS="2886" VPOS="3338" WIDTH="40"/>
						<String ID="P52_ST00580" HPOS="2926" VPOS="3255" WIDTH="52" HEIGHT="59" CONTENT="of" WC="0.65" CC="07" STYLEREFS="TXT_4"/>
					</TextLine>
					<TextLine ID="P52_TL00081" HPOS="1595" VPOS="3331" WIDTH="1412" HEIGHT="77">
						<String ID="P52_ST00581" HPOS="1595" VPOS="3343" WIDTH="239" HEIGHT="65" CONTENT="Verona," WC="0.99" CC="0001603" STYLEREFS="TXT_4"/>
						<SP ID="P52_SP00498" HPOS="1834" VPOS="3408" WIDTH="40"/>
						<String ID="P52_ST00582" HPOS="1874" VPOS="3343" WIDTH="54" HEIGHT="56" CONTENT="in" WC="0.80" CC="30" STYLEREFS="TXT_4"/>
						<SP ID="P52_SP00499" HPOS="1928" VPOS="3408" WIDTH="33"/>
						<String ID="P52_ST00583" HPOS="1961" VPOS="3364" WIDTH="31" HEIGHT="32" CONTENT="a" WC="1.00" CC="0" STYLEREFS="TXT_4"/>
						<SP ID="P52_SP00500" HPOS="1992" VPOS="3408" WIDTH="42"/>
						<String ID="P52_ST00584" HPOS="2034" VPOS="3344" WIDTH="32" HEIGHT="19" CONTENT='"' WC="0.53" CC="4" STYLEREFS="TXT_4"/>
						<SP ID="P52_SP00501" HPOS="2066" VPOS="3408" WIDTH="29"/>
						<String ID="P52_ST00585" HPOS="2095" VPOS="3339" WIDTH="267" HEIGHT="58" CONTENT="discourse" WC="0.99" CC="030034400" STYLEREFS="TXT_4"/>
						<SP ID="P52_SP00502" HPOS="2362" VPOS="3408" WIDTH="39"/>
						<String ID="P52_ST00586" HPOS="2401" VPOS="3354" WIDTH="54" HEIGHT="43" CONTENT="to" WC="0.65" CC="60" STYLEREFS="TXT_4"/>
						<SP ID="P52_SP00503" HPOS="2455" VPOS="3408" WIDTH="36"/>
						<String ID="P52_ST00587" HPOS="2491" VPOS="3338" WIDTH="210" HEIGHT="58" CONTENT="readers" WC="1.00" CC="5000001" STYLEREFS="TXT_4"/>
						<SP ID="P52_SP00504" HPOS="2701" VPOS="3408" WIDTH="28"/>
						<String ID="P52_ST00588" HPOS="2729" VPOS="3335" WIDTH="35" HEIGHT="20" CONTENT='"' WC="0.41" CC="5" STYLEREFS="TXT_4"/>
						<SP ID="P52_SP00505" HPOS="2764" VPOS="3408" WIDTH="42"/>
						<String ID="P52_ST00589" HPOS="2806" VPOS="3331" WIDTH="201" HEIGHT="63" CONTENT="which," WC="0.99" CC="000007" STYLEREFS="TXT_4"/>
					</TextLine>
					<TextLine ID="P52_TL00082" HPOS="1596" VPOS="3410" WIDTH="1378" HEIGHT="81">
						<String ID="P52_ST00590" HPOS="1596" VPOS="3418" WIDTH="255" HEIGHT="73" CONTENT="precedes" WC="1.00" CC="05000000" STYLEREFS="TXT_4"/>
						<SP ID="P52_SP00506" HPOS="1851" VPOS="3491" WIDTH="40"/>
						<String ID="P52_ST00591" HPOS="1891" VPOS="3415" WIDTH="77" HEIGHT="59" CONTENT="his" WC="0.98" CC="040" STYLEREFS="TXT_4"/>
						<SP ID="P52_SP00507" HPOS="1968" VPOS="3491" WIDTH="47"/>
						<String ID="P52_ST00592" HPOS="2015" VPOS="3413" WIDTH="225" HEIGHT="75" CONTENT="pastoral" WC="1.00" CC="00000404" STYLEREFS="TXT_4"/>
						<SP ID="P52_SP00508" HPOS="2240" VPOS="3491" WIDTH="70"/>
						<String ID="P52_ST00593" HPOS="2310" VPOS="3419" WIDTH="32" HEIGHT="19" CONTENT='"' WC="0.54" CC="4" STYLEREFS="TXT_4"/>
						<SP ID="P52_SP00509" HPOS="2342" VPOS="3491" WIDTH="24"/>
						<String ID="P52_ST00594" HPOS="2366" VPOS="3414" WIDTH="261" HEIGHT="58" CONTENT="Fiamella" WC="0.88" CC="20060100"/>
						<SP ID="P52_SP00510" HPOS="2627" VPOS="3491" WIDTH="162"/>
						<String ID="P52_ST00595" HPOS="2789" VPOS="3410" WIDTH="185" HEIGHT="72" CONTENT="(Paris," WC="0.99" CC="3404500" STYLEREFS="TXT_4"/>
					</TextLine>
					<TextLine ID="P52_TL00083" HPOS="1596" VPOS="3490" WIDTH="776" HEIGHT="76">
						<String ID="P52_ST00596" HPOS="1596" VPOS="3494" WIDTH="151" HEIGHT="58" CONTENT="Abel" WC="0.97" CC="0704" STYLEREFS="TXT_4"/>
						<SP ID="P52_SP00511" HPOS="1747" VPOS="3552" WIDTH="42"/>
						<String ID="P52_ST00597" HPOS="1789" VPOS="3491" WIDTH="349" HEIGHT="75" CONTENT="l'Angeliero," WC="0.79" CC="700600020214" STYLEREFS="TXT_4"/>
						<SP ID="P52_SP00512" HPOS="2138" VPOS="3566" WIDTH="51"/>
						<String ID="P52_ST00598" HPOS="2189" VPOS="3490" WIDTH="183" HEIGHT="71" CONTENT="1584)." WC="0.61" CC="775002" STYLEREFS="TXT_4"/>
					</TextLine>
					<TextLine ID="P52_TL00084" HPOS="1710" VPOS="3559" WIDTH="1268" HEIGHT="68">
						<String ID="P52_ST00599" HPOS="1710" VPOS="3569" WIDTH="56" HEIGHT="58" CONTENT="In" WC="0.50" CC="72" STYLEREFS="TXT_4"/>
						<SP ID="P52_SP00513" HPOS="1766" VPOS="3627" WIDTH="38"/>
						<String ID="P52_ST00600" HPOS="1804" VPOS="3566" WIDTH="98" HEIGHT="59" CONTENT="this" WC="0.97" CC="4710" STYLEREFS="TXT_4"/>
						<SP ID="P52_SP00514" HPOS="1902" VPOS="3627" WIDTH="43"/>
						<String ID="P52_ST00601" HPOS="1945" VPOS="3570" WIDTH="32" HEIGHT="20" CONTENT='"' WC="0.52" CC="4" STYLEREFS="TXT_4"/>
						<SP ID="P52_SP00515" HPOS="1977" VPOS="3627" WIDTH="31"/>
						<String ID="P52_ST00602" HPOS="2008" VPOS="3565" WIDTH="265" HEIGHT="58" CONTENT="discourse" WC="1.00" CC="050004101" STYLEREFS="TXT_4"/>
						<SP ID="P52_SP00516" HPOS="2273" VPOS="3627" WIDTH="30"/>
						<String ID="P52_ST00603" HPOS="2303" VPOS="3566" WIDTH="32" HEIGHT="18" CONTENT='"' WC="0.38" CC="6" STYLEREFS="TXT_4"/>
						<SP ID="P52_SP00517" HPOS="2335" VPOS="3627" WIDTH="43"/>
						<String ID="P52_ST00604" HPOS="2378" VPOS="3568" WIDTH="158" HEIGHT="57" CONTENT="Rossi" WC="1.00" CC="00010" STYLEREFS="TXT_4"/>
						<SP ID="P52_SP00518" HPOS="2536" VPOS="3627" WIDTH="38"/>
						<String ID="P52_ST00605" HPOS="2574" VPOS="3566" WIDTH="173" HEIGHT="56" CONTENT="writes" WC="0.98" CC="003515" STYLEREFS="TXT_4"/>
						<SP ID="P52_SP00519" HPOS="2747" VPOS="3627" WIDTH="39"/>
						<String ID="P52_ST00606" HPOS="2786" VPOS="3585" WIDTH="56" HEIGHT="36" CONTENT="as" WC="1.00" CC="00" STYLEREFS="TXT_4"/>
						<SP ID="P52_SP00520" HPOS="2842" VPOS="3627" WIDTH="39"/>
						<String ID="P52_ST00607" HPOS="2881" VPOS="3559" WIDTH="73" HEIGHT="59" CONTENT="fol" SUBS_TYPE="HypPart1" SUBS_CONTENT="follows," WC="0.95" CC="646" STYLEREFS="TXT_4"/>
						<HYP HPOS="2954" VPOS="3559" WIDTH="24" CONTENT="-"/>
					</TextLine>
					<TextLine ID="P52_TL00085" HPOS="1596" VPOS="3634" WIDTH="1384" HEIGHT="81">
						<String ID="P52_ST00608" HPOS="1596" VPOS="3644" WIDTH="146" HEIGHT="67" CONTENT="lows," SUBS_TYPE="HypPart2" SUBS_CONTENT="follows," WC="0.98" CC="75002" STYLEREFS="TXT_4"/>
						<SP ID="P52_SP00521" HPOS="1742" VPOS="3711" WIDTH="56"/>
						<String ID="P52_ST00609" HPOS="1798" VPOS="3643" WIDTH="211" HEIGHT="58" CONTENT="relative" WC="0.99" CC="00005700" STYLEREFS="TXT_4"/>
						<SP ID="P52_SP00522" HPOS="2009" VPOS="3711" WIDTH="60"/>
						<String ID="P52_ST00610" HPOS="2069" VPOS="3655" WIDTH="52" HEIGHT="43" CONTENT="to" WC="0.74" CC="50" STYLEREFS="TXT_4"/>
						<SP ID="P52_SP00523" HPOS="2121" VPOS="3711" WIDTH="58"/>
						<String ID="P52_ST00611" HPOS="2179" VPOS="3643" WIDTH="196" HEIGHT="57" CONTENT="certain" WC="0.99" CC="0025070" STYLEREFS="TXT_4"/>
						<SP ID="P52_SP00524" HPOS="2375" VPOS="3711" WIDTH="57"/>
						<String ID="P52_ST00612" HPOS="2432" VPOS="3640" WIDTH="185" HEIGHT="75" CONTENT="liberty" WC="0.98" CC="6060370" STYLEREFS="TXT_4"/>
						<SP ID="P52_SP00525" HPOS="2617" VPOS="3715" WIDTH="57"/>
						<String ID="P52_ST00613" HPOS="2674" VPOS="3639" WIDTH="54" HEIGHT="58" CONTENT="of" WC="0.66" CC="06" STYLEREFS="TXT_4"/>
						<SP ID="P52_SP00526" HPOS="2728" VPOS="3715" WIDTH="58"/>
						<String ID="P52_ST00614" HPOS="2786" VPOS="3634" WIDTH="194" HEIGHT="77" CONTENT="speech" WC="0.99" CC="101007" STYLEREFS="TXT_4"/>
					</TextLine>
					<TextLine ID="P52_TL00086" HPOS="1595" VPOS="3710" WIDTH="1385" HEIGHT="68">
						<String ID="P52_ST00615" HPOS="1595" VPOS="3717" WIDTH="268" HEIGHT="61" CONTENT="accorded" WC="1.00" CC="00002000" STYLEREFS="TXT_4"/>
						<SP ID="P52_SP00527" HPOS="1863" VPOS="3778" WIDTH="38"/>
						<String ID="P52_ST00616" HPOS="1901" VPOS="3730" WIDTH="53" HEIGHT="43" CONTENT="to" WC="0.87" CC="02" STYLEREFS="TXT_4"/>
						<SP ID="P52_SP00528" HPOS="1954" VPOS="3778" WIDTH="41"/>
						<String ID="P52_ST00617" HPOS="1995" VPOS="3716" WIDTH="146" HEIGHT="57" CONTENT="those" WC="0.99" CC="10200" STYLEREFS="TXT_4"/>
						<SP ID="P52_SP00529" HPOS="2141" VPOS="3778" WIDTH="53"/>
						<String ID="P52_ST00618" HPOS="2194" VPOS="3716" WIDTH="122" HEIGHT="59" CONTENT="who" WC="0.99" CC="003" STYLEREFS="TXT_4"/>
						<SP ID="P52_SP00530" HPOS="2316" VPOS="3778" WIDTH="59"/>
						<String ID="P52_ST00619" HPOS="2375" VPOS="3716" WIDTH="118" HEIGHT="60" CONTENT="take" WC="0.98" CC="5002" STYLEREFS="TXT_4"/>
						<SP ID="P52_SP00531" HPOS="2493" VPOS="3778" WIDTH="59"/>
						<String ID="P52_ST00620" HPOS="2552" VPOS="3710" WIDTH="88" HEIGHT="65" CONTENT="the" WC="0.95" CC="570" STYLEREFS="TXT_4"/>
						<SP ID="P52_SP00532" HPOS="2640" VPOS="3778" WIDTH="58"/>
						<String ID="P52_ST00621" HPOS="2698" VPOS="3717" WIDTH="169" HEIGHT="56" CONTENT="comic" WC="0.98" CC="04510" STYLEREFS="TXT_4"/>
						<SP ID="P52_SP00533" HPOS="2867" VPOS="3778" WIDTH="56"/>
						<String ID="P52_ST00622" HPOS="2923" VPOS="3733" WIDTH="57" HEIGHT="35" CONTENT="or" WC="0.72" CC="50" STYLEREFS="TXT_4"/>
					</TextLine>
					<TextLine ID="P52_TL00087" HPOS="1599" VPOS="3790" WIDTH="703" HEIGHT="73">
						<String ID="P52_ST00623" HPOS="1599" VPOS="3799" WIDTH="34" HEIGHT="23" CONTENT='"' WC="0.62" CC="3" STYLEREFS="TXT_4"/>
						<SP ID="P52_SP00534" HPOS="1633" VPOS="3822" WIDTH="28"/>
						<String ID="P52_ST00624" HPOS="1661" VPOS="3792" WIDTH="279" HEIGHT="61" CONTENT="ridiculous" WC="0.99" CC="6403246510" STYLEREFS="TXT_4"/>
						<SP ID="P52_SP00535" HPOS="1940" VPOS="3853" WIDTH="28"/>
						<String ID="P52_ST00625" HPOS="1968" VPOS="3790" WIDTH="33" HEIGHT="20" CONTENT='"' WC="0.30" CC="6" STYLEREFS="TXT_4"/>
						<SP ID="P52_SP00536" HPOS="2001" VPOS="3853" WIDTH="43"/>
						<String ID="P52_ST00626" HPOS="2044" VPOS="3806" WIDTH="136" HEIGHT="57" CONTENT="parts" WC="1.00" CC="00200" STYLEREFS="TXT_4"/>
						<SP ID="P52_SP00537" HPOS="2180" VPOS="3863" WIDTH="28"/>
						<String ID="P52_ST00627" HPOS="2208" VPOS="3815" WIDTH="14" HEIGHT="35" CONTENT=":" WC="0.81" CC="1" STYLEREFS="TXT_4"/>
						<String ID="P52_ST00628" HPOS="2226" VPOS="3823" WIDTH="76" HEIGHT="7" CONTENT="" WC="0.20" CC="8" STYLEREFS="TXT_4"/>
					</TextLine>
					<TextLine ID="P52_TL00088" HPOS="1710" VPOS="3863" WIDTH="1270" HEIGHT="79">
						<String ID="P52_ST00629" HPOS="1710" VPOS="3912" WIDTH="13" HEIGHT="14" CONTENT="." WC="1.00" CC="0" STYLEREFS="TXT_4"/>
						<SP ID="P52_SP00538" HPOS="1723" VPOS="3926" WIDTH="211"/>
						<String ID="P52_ST00630" HPOS="1934" VPOS="3891" WIDTH="56" HEIGHT="33" CONTENT="as" WC="1.00" CC="00" STYLEREFS="TXT_4"/>
						<SP ID="P52_SP00539" HPOS="1990" VPOS="3926" WIDTH="42"/>
						<String ID="P52_ST00631" HPOS="2032" VPOS="3869" WIDTH="310" HEIGHT="73" CONTENT="Bergamini," WC="0.67" CC="0440053751" STYLEREFS="TXT_4"/>
						<SP ID="P52_SP00540" HPOS="2342" VPOS="3942" WIDTH="41"/>
						<String ID="P52_ST00632" HPOS="2383" VPOS="3867" WIDTH="140" HEIGHT="69" CONTENT="who," WC="0.99" CC="0031" STYLEREFS="TXT_4"/>
						<SP ID="P52_SP00541" HPOS="2523" VPOS="3942" WIDTH="40"/>
						<String ID="P52_ST00633" HPOS="2563" VPOS="3866" WIDTH="38" HEIGHT="60" CONTENT="if" WC="0.33" CC="67" STYLEREFS="TXT_4"/>
						<SP ID="P52_SP00542" HPOS="2601" VPOS="3942" WIDTH="38"/>
						<String ID="P52_ST00634" HPOS="2639" VPOS="3865" WIDTH="70" HEIGHT="59" CONTENT="he" WC="1.00" CC="00" STYLEREFS="TXT_4"/>
						<SP ID="P52_SP00543" HPOS="2709" VPOS="3942" WIDTH="26"/>
						<String ID="P52_ST00635" HPOS="2735" VPOS="3863" WIDTH="129" HEIGHT="61" CONTENT="does" WC="0.97" CC="9600" STYLEREFS="TXT_4"/>
						<SP ID="P52_SP00544" HPOS="2864" VPOS="3942" WIDTH="27"/>
						<String ID="P52_ST00636" HPOS="2891" VPOS="3874" WIDTH="89" HEIGHT="44" CONTENT="not" WC="0.95" CC="616" STYLEREFS="TXT_4"/>
					</TextLine>
					<TextLine ID="P52_TL00089" HPOS="1596" VPOS="3941" WIDTH="1383" HEIGHT="77">
						<String ID="P52_ST00637" HPOS="1596" VPOS="3946" WIDTH="221" HEIGHT="58" CONTENT="observe" WC="0.99" CC="6700000" STYLEREFS="TXT_4"/>
						<SP ID="P52_SP00545" HPOS="1817" VPOS="4004" WIDTH="39"/>
						<String ID="P52_ST00638" HPOS="1856" VPOS="3943" WIDTH="87" HEIGHT="58" CONTENT="the" WC="0.96" CC="470" STYLEREFS="TXT_4"/>
						<SP ID="P52_SP00546" HPOS="1943" VPOS="4004" WIDTH="39"/>
						<String ID="P52_ST00639" HPOS="1982" VPOS="3955" WIDTH="109" HEIGHT="46" CONTENT="true" WC="0.99" CC="1220" STYLEREFS="TXT_4"/>
						<SP ID="P52_SP00547" HPOS="2091" VPOS="4004" WIDTH="42"/>
						<String ID="P52_ST00640" HPOS="2133" VPOS="3943" WIDTH="311" HEIGHT="75" CONTENT="Bergamese" WC="0.93" CC="000600000" STYLEREFS="TXT_4"/>
						<SP ID="P52_SP00548" HPOS="2444" VPOS="4018" WIDTH="39"/>
						<String ID="P52_ST00641" HPOS="2483" VPOS="3941" WIDTH="196" HEIGHT="75" CONTENT="speech" WC="1.00" CC="000000" STYLEREFS="TXT_4"/>
						<SP ID="P52_SP00549" HPOS="2679" VPOS="4018" WIDTH="32"/>
						<String ID="P52_ST00642" HPOS="2711" VPOS="3941" WIDTH="41" HEIGHT="57" CONTENT="it" WC="0.56" CC="34" STYLEREFS="TXT_4"/>
						<SP ID="P52_SP00550" HPOS="2752" VPOS="4018" WIDTH="24"/>
						<String ID="P52_ST00643" HPOS="2776" VPOS="3950" WIDTH="203" HEIGHT="47" CONTENT="matters" WC="0.99" CC="0061000" STYLEREFS="TXT_4"/>
					</TextLine>
					<TextLine ID="P52_TL00090" HPOS="1597" VPOS="4012" WIDTH="1394" HEIGHT="80">
						<String ID="P52_ST00644" HPOS="1597" VPOS="4021" WIDTH="145" HEIGHT="69" CONTENT="little," WC="0.99" CC="0115403" STYLEREFS="TXT_4"/>
						<SP ID="P52_SP00551" HPOS="1742" VPOS="4090" WIDTH="41"/>
						<String ID="P52_ST00645" HPOS="1783" VPOS="4021" WIDTH="228" HEIGHT="57" CONTENT="because" WC="1.00" CC="7000000" STYLEREFS="TXT_4"/>
						<SP ID="P52_SP00552" HPOS="2011" VPOS="4090" WIDTH="38"/>
						<String ID="P52_ST00646" HPOS="2049" VPOS="4017" WIDTH="80" HEIGHT="59" CONTENT="his" WC="0.97" CC="700" STYLEREFS="TXT_4"/>
						<SP ID="P52_SP00553" HPOS="2129" VPOS="4090" WIDTH="40"/>
						<String ID="P52_ST00647" HPOS="2169" VPOS="4035" WIDTH="113" HEIGHT="57" CONTENT="part" WC="0.99" CC="0050" STYLEREFS="TXT_4"/>
						<SP ID="P52_SP00554" HPOS="2282" VPOS="4092" WIDTH="37"/>
						<String ID="P52_ST00648" HPOS="2319" VPOS="4021" WIDTH="43" HEIGHT="56" CONTENT="is" WC="0.63" CC="70" STYLEREFS="TXT_4"/>
						<SP ID="P52_SP00555" HPOS="2362" VPOS="4092" WIDTH="39"/>
						<String ID="P52_ST00649" HPOS="2401" VPOS="4018" WIDTH="104" HEIGHT="59" CONTENT="like" WC="0.98" CC="4200" STYLEREFS="TXT_4"/>
						<SP ID="P52_SP00556" HPOS="2505" VPOS="4092" WIDTH="38"/>
						<String ID="P52_ST00650" HPOS="2543" VPOS="4018" WIDTH="108" HEIGHT="59" CONTENT="that" WC="1.00" CC="1000" STYLEREFS="TXT_4"/>
						<SP ID="P52_SP00557" HPOS="2651" VPOS="4092" WIDTH="39"/>
						<String ID="P52_ST00651" HPOS="2690" VPOS="4016" WIDTH="54" HEIGHT="58" CONTENT="of" WC="0.69" CC="06" STYLEREFS="TXT_4"/>
						<SP ID="P52_SP00558" HPOS="2744" VPOS="4092" WIDTH="40"/>
						<String ID="P52_ST00652" HPOS="2784" VPOS="4012" WIDTH="207" HEIGHT="61" CONTENT="Pedro--" WC="0.99" CC="0006244" STYLEREFS="TXT_4"/>
					</TextLine>
					<TextLine ID="P52_TL00091" HPOS="1597" VPOS="4087" WIDTH="1382" HEIGHT="77">
						<String ID="P52_ST00653" HPOS="1597" VPOS="4098" WIDTH="121" HEIGHT="66" CONTENT="lino," WC="0.98" CC="15503" STYLEREFS="TXT_4"/>
						<SP ID="P52_SP00559" HPOS="1718" VPOS="4164" WIDTH="41"/>
						<String ID="P52_ST00654" HPOS="1759" VPOS="4095" WIDTH="53" HEIGHT="59" CONTENT="of" WC="0.55" CC="17" STYLEREFS="TXT_4"/>
						<SP ID="P52_SP00560" HPOS="1812" VPOS="4164" WIDTH="52"/>
						<String ID="P52_ST00655" HPOS="1864" VPOS="4095" WIDTH="260" HEIGHT="66" CONTENT="Buratino," WC="0.61" CC="376164102" STYLEREFS="TXT_4"/>
						<SP ID="P52_SP00561" HPOS="2124" VPOS="4164" WIDTH="41"/>
						<String ID="P52_ST00656" HPOS="2165" VPOS="4093" WIDTH="53" HEIGHT="59" CONTENT="of" WC="0.46" CC="37" STYLEREFS="TXT_4"/>
						<SP ID="P52_SP00562" HPOS="2218" VPOS="4164" WIDTH="60"/>
						<String ID="P52_ST00657" HPOS="2278" VPOS="4093" WIDTH="311" HEIGHT="69" CONTENT="Arlechino," WC="0.63" CC="9640003713" STYLEREFS="TXT_4"/>
						<SP ID="P52_SP00563" HPOS="2589" VPOS="4164" WIDTH="60"/>
						<String ID="P52_ST00658" HPOS="2649" VPOS="4091" WIDTH="104" HEIGHT="60" CONTENT="and" WC="1.00" CC="000" STYLEREFS="TXT_4"/>
						<SP ID="P52_SP00564" HPOS="2753" VPOS="4164" WIDTH="58"/>
						<String ID="P52_ST00659" HPOS="2811" VPOS="4087" WIDTH="168" HEIGHT="60" CONTENT="others" WC="0.99" CC="000402" STYLEREFS="TXT_4"/>
					</TextLine>
					<TextLine ID="P52_TL00092" HPOS="1596" VPOS="4158" WIDTH="1386" HEIGHT="85">
						<String ID="P52_ST00660" HPOS="1596" VPOS="4173" WIDTH="122" HEIGHT="60" CONTENT="who" WC="0.99" CC="002" STYLEREFS="TXT_4"/>
						<SP ID="P52_SP00565" HPOS="1718" VPOS="4233" WIDTH="38"/>
						<String ID="P52_ST00661" HPOS="1756" VPOS="4172" WIDTH="194" HEIGHT="59" CONTENT="imitate" WC="0.98" CC="7055051" STYLEREFS="TXT_4"/>
						<SP ID="P52_SP00566" HPOS="1950" VPOS="4233" WIDTH="40"/>
						<String ID="P52_ST00662" HPOS="1990" VPOS="4170" WIDTH="188" HEIGHT="58" CONTENT="similar" WC="0.98" CC="4434104" STYLEREFS="TXT_4"/>
						<SP ID="P52_SP00567" HPOS="2178" VPOS="4233" WIDTH="25"/>
						<String ID="P52_ST00663" HPOS="2203" VPOS="4168" WIDTH="262" HEIGHT="61" CONTENT="ludicrous" WC="0.99" CC="400400040" STYLEREFS="TXT_4"/>
						<SP ID="P52_SP00568" HPOS="2465" VPOS="4233" WIDTH="26"/>
						<String ID="P52_ST00664" HPOS="2491" VPOS="4189" WIDTH="332" HEIGHT="54" CONTENT="personages," WC="0.99" CC="00674508053" STYLEREFS="TXT_4"/>
						<SP ID="P52_SP00569" HPOS="2823" VPOS="4243" WIDTH="28"/>
						<String ID="P52_ST00665" HPOS="2851" VPOS="4158" WIDTH="131" HEIGHT="64" CONTENT="each" WC="0.97" CC="3640" STYLEREFS="TXT_4"/>
					</TextLine>
				</TextBlock>
				<ComposedBlock ID="P52_CB00001" HPOS="131" VPOS="203" WIDTH="1409" HEIGHT="697" STYLEREFS="TXT_7 PAR_LEFT" TYPE="Illustration">
					<GraphicalElement ID="P52_CB00001_SUB" HPOS="131" VPOS="203" WIDTH="1409" HEIGHT="697"/>
				</ComposedBlock>
			</PrintSpace>
		</Page>
	</Layout>
</alto>
