3078 4371
2849 116 58 45 97

142 211 1519 198 FREDERICK
1829 221 1072 193 ROBSON

142 463 102 99 A
313 465 518 99 SKETCH
917 468 165 99 BY
1156 470 544 99 GEORGE
1768 473 711 99 AUGUSTUS
2558 475 348 99 SALA

145 612 399 102 WITH
640 615 99 99 A
833 615 673 102 PREFACE
1598 620 180 97 BY
1857 620 135 99 H.
2086 623 114 96 C.
2289 623 609 99 HOTTEN

145 760 287 79 AND
554 760 917 81 ADDITIONAL
1578 765 457 79 NOTES
2134 765 775 81 GATHERED

521 882 396 78 FROM
1029 882 668 81 VARIOUS
1804 887 731 79 SOURCES.

140 1078 1821 159 FOREWORD

137 1326 218 160 The
402 1354 163 51 essay
612 1329 72 76 by
731 1331 118 64 Mr.
907 1330 216 79 George
1170 1335 293 75 Augustus
1509 1331 143 64 Sala
1705 1331 174 64 which
1926 1341 44 54 is

317 1416 127 64 here
498 1420 289 74 reprinted,
839 1442 80 40 we
966 1420 202 62 believe
1211 1421 102 77 for
1357 1419 88 63 the
1482 1420 128 75 first
1653 1430 126 54 time
1825 1430 146 54 since

136 1513 40 53 it
223 1527 113 40 was
378 1507 295 74 published
715 1509 72 75 by
835 1508 84 63 H.
974 1509 67 64 C.
1092 1509 211 64 Hotten
1351 1519 51 52 in
1462 1509 195 74 1864,
1708 1520 43 53 is
1803 1509 170 64 about

137 1620 103 35 one
283 1595 74 75 of
377 1594 89 64 the
498 1607 141 52 most
668 1597 347 76 remarkable
1045 1607 253 68 geniuses
1328 1600 73 75 of
1421 1597 89 63 the
1539 1598 202 63 British
1774 1598 194 80 Stage.

286 1683 157 76 Why
491 1684 68 64 he
604 1684 209 65 should
853 1687 140 63 have
1045 1687 133 63 been
1225 1687 333 79 recognized
1600 1698 58 52 at
1709 1687 87 63 all
1838 1688 134 75 only

138 1782 54 52 to
240 1773 65 64 be
350 1776 303 75 supported
695 1786 52 53 in
794 1802 36 37 a
879 1777 303 74 lukewarm
1230 1802 244 49 manner,
1525 1786 42 53 is
1615 1777 88 64 the
1746 1777 222 76 puzzle.

272 1862 247 78 Destroy
578 1863 205 65 Genius
841 1876 59 51 at
959 1866 138 63 birth
1156 1891 59 37 or
1271 1876 229 66 support
1559 1876 42 53 it
1644 1867 183 62 unless
1885 1865 86 64 the

138 1948 217 65 Nation
409 1961 45 55 is
507 1954 416 74 impoverished.
1017 1955 144 63 And
1209 1954 150 64 what
1417 1965 186 53 nation
1650 1965 43 53 is
1746 1976 126 42 ever
1912 1981 61 36 so

137 2060 140 55 poor
320 2068 65 37 as
430 2042 118 64 that
570 2050 29 56 ?

274 2129 155 63 Here
488 2142 41 52 is
588 2131 270 79 gathered
900 2133 89 63 the
1051 2143 143 53 most
1253 2154 79 42 we
1379 2133 39 76 k
1420 2155 123 41 now
1596 2134 74 76 of
1718 2133 81 63 his
1854 2133 116 77 life.

138 2216 60 64 A
324 2219 130 77 Life
570 2220 117 64 will
728 2242 214 56 appear
984 2230 39 55 it
1069 2232 42 53 is
1159 2233 54 53 to
1260 2223 63 62 be
1369 2223 202 77 hoped,
1604 2224 185 78 before
1835 2248 137 37 ano-

141 2307 115 63 ther
306 2310 338 77 twenty-five
689 2336 166 51 years
899 2337 74 53 go
1018 2310 74 78 by
1125 2308 86 67 O.

1810 2310 50 82 J.
1909 2312 60 62 S.

510 2459 1098 100 PREFACE

141 2584 221 78 BY
496 2585 77 77 H
633 2647 14 14 .
767 2587 137 78 C.
1023 2586 944 79 HOTTEN.

146 2752 198 124 NOT
390 2738 81 65 far
518 2738 135 65 from
700 2740 97 64 the
841 2738 222 74 Strand,
1112 2738 111 65 and
1270 2766 128 38 near
1445 2740 117 63 that
1617 2740 167 81 seedy
1816 2768 126 54 para-

305 2829 116 64 dise
468 2829 84 63 for
598 2830 213 81 players
866 2829 109 64 and
1036 2846 150 64 stage
1246 2830 401 81 professionals,
1714 2831 221 64 Maiden-

141 2917 142 73 lane,
334 2917 468 82 Covent-garden,
848 2921 46 61 is
941 2917 236 65 situated
1223 2945 70 39 an
1340 2919 115 63 odd
1509 2919 133 63 little
1686 2919 196 65 cluster
1912 2920 58 64 of

140 3024 199 56 courts,
405 3008 187 81 alleys,
656 3008 152 66 holes
869 3008 110 64 and
1039 3036 235 45 corners,
1338 3009 202 65 known
1586 3037 58 37 as
1693 3009 241 65 Bedford-

142 3098 141 81 bury
310 3094 15 56 (
330 3094 24 42 2
359 3095 37 65 ).

275 3187 141 63 This
471 3189 283 62 miniature
816 3187 232 81 rookery
1116 3188 98 63 has
1283 3187 94 63 the
1445 3187 151 64 usual
1666 3185 306 68 wonderful

141 3277 165 81 shops
353 3311 85 9 —
488 3274 303 68 wonderful
837 3276 82 64 for
966 3277 92 63 the
1103 3295 215 63 strange
1361 3276 176 82 goods
1584 3276 127 82 they
1759 3277 92 65 sell
1888 3311 83 9 —

141 3365 306 66 wonderful
494 3366 82 63 for
616 3366 92 63 the
739 3382 213 65 strange
998 3366 95 65 old
1139 3366 199 82 people
1385 3366 131 66 who
1562 3368 66 61 sit
1674 3366 172 65 inside
1876 3366 96 63 the

140 3455 167 64 doors
354 3455 104 63 like
504 3483 62 35 so
612 3481 164 55 many
822 3455 200 63 human
1068 3455 206 82 spiders
1309 3492 81 6 —
1416 3455 110 64 and
1572 3453 210 83 doubly
1815 3483 117 38 won-

140 3545 177 66 derful
363 3545 78 81 by
488 3572 190 36 reason
745 3545 60 63 of
871 3545 138 65 their
1076 3545 231 81 keeping
1375 3573 145 54 open
1589 3545 229 65 without
1879 3545 94 65 the

138 3635 139 65 least
321 3660 343 55 appearance
710 3634 57 63 of
811 3632 167 83 doing
1023 3662 106 53 any
1176 3634 260 65 business.

277 3724 190 65 There
514 3751 95 38 are
654 3723 105 81 key
806 3724 184 81 shops,
1040 3725 136 65 with
1224 3723 296 66 thousands
1567 3724 56 63 of
1671 3740 146 65 rusty
1879 3723 94 64 old

140 3814 152 83 keys,
341 3839 152 37 some
540 3812 269 81 curiously
856 3812 128 74 and,
1034 3812 221 73 indeed,
1289 3812 355 81 handsomely
1675 3812 296 81 designed;

279 3956 63 55 (1)
376 3954 82 44 We
489 3954 100 44 refer
620 3972 71 25 our
721 3953 153 45 readers
907 3965 39 32 to
978 3972 23 26 a
1032 3966 92 32 note
1154 3966 83 33 sent
1269 3972 43 26 us
1344 3955 52 53 by
1427 3955 59 43 his
1516 3972 83 31 son,
1634 3954 153 55 printed
1834 3970 140 38 among

143 4015 193 44 Editorial
368 4015 140 42 Notes.

281 4075 63 55 (2)
378 4073 190 56 Properly
599 4073 74 43 this
705 4091 114 25 name
850 4072 92 55 only
971 4073 150 55 applies
1152 4085 41 31 to
1225 4073 67 43 the
1328 4090 151 27 narrow
1521 4073 274 54 thoroughfare
1842 4072 130 44 which

142 4134 107 43 leads
281 4132 165 56 through
476 4134 67 44 the
573 4134 107 43 heart
713 4133 42 43 of
788 4133 64 44 the
884 4134 159 48 district,
1077 4133 98 43 from
1210 4133 241 44 New-street
1484 4144 40 33 to
1556 4133 335 44 Chandos-sireet.

2017 1079 597 64 HISTORICAL
2704 1080 203 65 AND

2017 1181 892 65 BIOGRAPHICAL

2016 1286 279 63 NOTES
2328 1293 55 56 &
2423 1286 480 64 EXTRACTS.

2025 1444 152 42 THE
2239 1444 367 44 GRECIAN
2663 1445 245 44 SALA.

2020 1519 384 33 FORMERLY
2451 1519 142 33 THE
2646 1519 260 34 EAGLE.

2018 1586 97 25 THE
2152 1587 162 24 SCENE
2350 1587 60 24 OF
2443 1587 99 25 ONE
2569 1588 61 24 OF
2660 1579 249 35 ROBSON'S

2138 1644 176 25 EARLY
2350 1646 447 27 ENGAGEMENTS.

2020 1769 202 98 ONCE
2313 1769 78 44 Ihe
2429 1771 209 55 Shepherd
2669 1774 78 43 and
2780 1772 104 53 Shep-

2147 1829 155 44 herdess
2383 1830 206 44 Alehouse
2610 1830 113 44 stood
2761 1850 52 24 on
2845 1832 64 43 the

2019 1890 71 41 site
2120 1889 42 42 of
2194 1890 66 41 the
2292 1889 120 54 Eagle
2443 1891 157 42 Tavern
2631 1893 39 40 in
2711 1890 66 43 the
2817 1893 93 53 City

2020 1948 117 44 Road
2154 1964 9 28 :
2198 1948 175 43 Thomas
2398 1949 130 43 Rouse
2551 1949 93 43 built
2667 1950 65 43 the
2753 1950 157 43 Tavern

2020 2013 105 37 circa
2183 2009 105 42 1825
2342 2008 157 54 (rebuilt
2553 2009 128 54 1835)
2726 2009 93 44 with
2866 2011 45 41 its

2020 2067 173 43 Grecian
2224 2067 149 43 Saloon
2405 2079 41 31 to
2491 2086 112 24 come
2648 2068 110 44 later.
2819 2068 92 43 The

2020 2136 134 33 tavern
2186 2126 167 54 grounds
2384 2126 79 43 and
2501 2127 174 43 Theatre
2721 2145 103 26 were
2870 2129 39 41 in

2029 2186 108 43 1882
2168 2184 84 44 sold
2286 2197 40 31 to
2358 2186 171 44 General
2550 2186 131 44 Booth
2702 2187 80 43 and
2804 2204 105 27 were

2020 2245 190 54 occupied
2242 2244 54 56 by
2326 2244 66 44 the
2422 2246 202 43 Salvation
2659 2248 128 53 Army
2827 2246 80 43 and

2020 2303 241 46 demolished
2292 2306 39 41 in
2370 2305 124 44 1901.

2079 2364 71 43 On
2180 2364 245 44 HorwoocTs
2456 2364 100 42 Plan
2576 2364 43 44 of
2640 2364 183 51 London,
2846 2382 41 26 re-

2021 2423 203 54 produced
2255 2425 39 41 in
2325 2423 173 44 Volume
2544 2423 81 44 XII
2671 2424 43 43 of
2826 2425 85 42 The

2020 2482 129 51 Mask
2189 2483 10 14 '
2231 2500 62 26 we
2324 2482 79 44 find
2437 2483 65 45 the
2580 2483 208 55 Shepherd
2829 2484 78 43 and

2020 2541 267 56 Shepherdess
2506 2542 155 44 marked
2684 2561 51 25 on
2753 2542 111 45 Plate
2885 2544 25 43 3

2020 2613 37 31 at
2091 2603 65 42 the
2186 2618 137 26 corner
2354 2602 43 43 of
2427 2602 242 54 Shepherd's
2689 2602 121 44 Walk
2833 2603 78 43 and

2020 2663 93 53 City
2144 2660 134 45 Road.

2794 2661 38 55 J.
2864 2662 46 45 S.

2022 2808 67 97 IT
2121 2826 80 26 was
2231 2808 75 44 first
2338 2809 157 55 opened
2528 2810 54 55 by
2613 2829 21 24 a
2658 2828 89 27 man
2770 2811 141 44 named

2084 2868 176 43 Thomas
2306 2870 146 47 Rouse,
2498 2871 39 41 in
2577 2870 123 43 1832.
2763 2872 147 47 Rouse,

2019 2945 43 26 or
2144 2928 120 43 bravo
2295 2928 135 43 Rouse
2521 2946 42 25 as
2593 2929 50 43 he
2674 2948 79 25 was
2784 2930 125 43 called

2019 3006 51 24 on
2101 2998 165 33 account
2297 2988 43 43 of
2370 2987 57 44 his
2458 2988 114 54 being
2603 2988 144 55 always
2779 2989 131 43 hailed

2020 3047 53 55 by
2105 3045 57 44 his
2209 3057 156 45 patrons
2411 3047 93 43 with
2551 3048 82 43 that
2666 3066 80 37 cry,
2777 3067 81 25 was
2888 3067 24 24 a

2020 3106 162 43 notable
2229 3124 89 25 man
2357 3108 39 41 in
2428 3106 57 43 his
2526 3108 90 42 time
2635 3125 10 31 ;
2677 3108 50 43 he
2758 3109 152 54 aspired

2022 3177 38 32 to
2092 3183 23 25 a
2146 3166 114 42 much
2291 3167 170 53 superior
2492 3165 96 55 style
2619 3166 42 43 of
2706 3169 185 41 entertain-

2022 3236 103 31 ment
2156 3236 42 32 to
2229 3225 82 43 that
2342 3225 146 54 usually
2511 3227 111 51 given
2643 3238 40 31 at
2700 3227 65 42 the
2786 3226 126 56 cheap

2021 3284 178 44 theatres.
2221 3285 121 43 Some
2358 3285 43 42 of
2417 3285 64 43 the
2499 3284 134 55 lighter
2650 3286 149 43 French
2816 3304 72 37 ope-

2020 3362 72 30 ras,
2114 3343 54 55 by
2189 3344 155 48 Auber,
2368 3343 215 50 Boieldieu,
2606 3345 78 43 and
2717 3345 194 55 Adolphe

2022 3403 155 53 Adam,
2213 3420 103 27 were
2349 3403 75 43 first
2453 3403 120 44 heard
2596 3406 38 41 in
2666 3405 65 43 the
2752 3405 160 43 humble

2020 3464 188 54 precincts
2252 3462 44 43 of
2327 3462 64 43 the
2427 3464 92 53 City
2552 3463 129 50 Road,
2714 3464 79 44 and
2824 3482 64 25 ren-

2020 3522 123 44 dered
2177 3522 93 43 with
2302 3521 49 44 all
2397 3521 65 44 the
2497 3523 197 56 efficiency
2739 3542 23 24 a
2808 3524 103 54 good

2022 3582 120 47 band,
2174 3599 24 25 a
2228 3582 103 54 good
2362 3582 150 48 chorus,
2535 3582 79 43 and
2636 3582 164 56 capable
2822 3599 66 39 per-

2022 3641 159 44 formers
2202 3640 117 44 could
2340 3643 153 53 impart.
2528 3642 79 43 Mr.
2624 3641 103 45 Sims
2743 3643 164 49 Reeves,

2020 3702 40 42 in
2090 3700 66 44 the
2188 3718 92 37 very
2312 3701 104 53 early
2462 3712 82 43 part
2577 3701 43 44 of
2664 3702 57 44 his
2769 3719 140 32 career,

2022 3777 81 27 was
2132 3759 173 56 engaged
2335 3759 92 44 here
2457 3777 42 26 as
2529 3778 24 25 a
2575 3761 137 44 chorus
2743 3763 135 53 singer.

2025 3893 225 96 ROUSE
2277 3893 73 45 lost
2380 3893 120 44 about
2546 3894 45 46 £
2623 3895 115 44 2000
2769 3913 22 25 a
2822 3913 91 37 year

2155 3953 51 55 by
2256 3955 226 53 attempting
2532 3965 40 33 to
2621 3956 176 53 improve
2846 3956 66 43 the

2020 4012 155 44 musical
2219 4023 95 34 taste
2365 4013 41 44 of
2457 4013 57 44 his
2556 4025 168 44 patrons,
2765 4015 68 42 but
2871 4033 41 24 as

2020 4072 66 44 the
2117 4083 134 33 tavern
2282 4073 164 54 brought
2477 4075 40 42 in
2562 4074 118 42 about
2713 4072 45 47 £
2781 4074 129 48 5000,

2020 4132 66 43 the
2118 4132 109 43 debit
2277 4134 79 43 and
2406 4133 122 44 credit
2577 4143 183 33 accounts
2810 4150 101 27 were
