3038 4303
2765 94 77 43 123

298 166 338 61 HORACE
678 171 296 66 WIGAN,
1021 173 164 71 ESQ.

198 241 320 59 CALLED
559 245 106 65 IN;
707 246 178 57 AND
926 245 449 60 EXAMINED.

935 344 157 71 May.
1330 347 114 58 4th.
875 348 174 58 1866.

100 460 183 58 4564.
327 462 301 71 Chairman)
669 465 121 57 You
848 489 84 34 are
992 489 235 52 manager
1284 466 51 57 of
1374 467 84 57 the

178 533 251 73 Olympic
467 536 243 67 Theatre,
754 538 18 56 I
814 538 239 57 believe?
1081 570 69 6 —
1180 540 125 57 Yes.

105 607 186 57 4565.
333 601 130 63 And
503 634 29 31 a
573 611 241 57 dramatic
852 612 211 57 author?
1091 644 68 6 —
1189 612 127 57 Yes.

101 681 183 57 4566.
327 681 155 57 Have
523 707 99 47 you
662 688 195 53 written
914 710 149 47 many
1102 688 211 69 pieces?
1352 719 54 5 —
1439 687 18 56 I

178 754 129 55 have
347 757 104 54 had
490 759 156 55 about
684 782 30 32 a
753 758 166 57 dozen
957 759 277 57 successful
1284 762 173 68 pieces

180 828 271 70 produced
491 832 51 54 in
581 832 239 57 London.

101 901 185 56 4567.
348 904 115 56 Has
528 904 85 57 the
679 905 313 73 Censorship
1055 905 52 56 of
1166 904 84 58 the
1317 907 137 57 Lord

179 974 367 60 Chamberlain
608 979 150 72 given
809 1002 99 48 you
960 1003 98 48 any
1114 979 231 57 trouble?
1384 1011 71 7 —

180 1049 154 58 None
373 1051 278 56 whatever.

103 1122 189 59 4568.
335 1124 156 57 Have
529 1149 99 48 you
668 1125 101 57 had
808 1149 97 48 any
950 1149 237 51 passages
1233 1128 51 55 in
1333 1149 125 50 your

178 1196 144 71 plays
363 1197 235 74 changed
637 1222 56 33 or
730 1191 281 65 modified?
1039 1230 71 8 —
1140 1200 104 57 No.

100 1267 184 60 4569.
327 1270 87 58 Do
453 1296 99 49 you
592 1272 139 57 think
769 1272 105 57 that
918 1274 85 55 the
1030 1272 292 73 censorship
1349 1286 105 43 acts

178 1345 52 54 in
269 1343 85 59 the
394 1369 118 49 way
548 1346 53 57 of
637 1346 265 75 hindering
941 1347 85 57 the
1072 1347 164 56 efforts
1262 1346 54 57 of
1342 1347 84 56 dra-

176 1421 154 55 matic
368 1420 236 57 authors?
634 1453 62 5 —
730 1420 116 64 No;
889 1444 65 33 on
1004 1421 85 56 the
1148 1434 244 58 contrary,
1436 1420 18 56 I

178 1491 139 57 think
355 1495 39 54 it
430 1497 41 53 is
512 1493 275 73 extremely
824 1493 285 57 beneficial.
1152 1495 123 55 Etc:
1309 1539 12 11 .
1351 1539 12 11 .
1398 1539 10 11 .
1440 1539 11 13 .

101 1564 185 58 4694.
326 1566 82 57 At
463 1567 85 56 the
607 1567 165 72 Eagle
828 1567 207 58 Tavern
1073 1570 41 54 is
1153 1567 174 57 where
1368 1567 89 57 Mr

178 1639 218 58 Robson
453 1665 145 33 came
642 1656 102 51 out,
785 1643 40 54 is
876 1643 37 55 it
969 1648 122 51 not?
1138 1672 67 8 —
1255 1641 105 66 No,
1418 1643 39 55 it

176 1714 41 54 is
256 1737 31 32 a
364 1714 210 57 mistake
632 1730 51 41 to
740 1738 88 49 say
885 1714 104 57 that
1044 1716 66 55 he
1168 1738 144 33 came
1370 1728 87 43 out

178 1785 158 59 there.

100 1859 186 58 4695.
329 1860 202 57 Where
570 1860 92 57 did
700 1862 64 55 he
804 1884 145 33 come
988 1877 86 42 out
1086 1868 24 49 ?
1130 1892 73 9 —
1230 1860 91 57 He
1347 1883 106 34 was

178 1958 30 31 a
246 1957 121 48 very
424 1935 342 71 experienced
823 1951 138 40 actor
1001 1935 174 56 before
1213 1935 66 55 he
1321 1948 134 43 went

180 2008 159 57 there.
418 2008 119 57 The
579 2008 164 75 Eagle
782 2032 108 33 was
928 2023 87 42 not
1041 2033 29 32 a
1097 2009 172 56 saloon
1302 2008 153 57 when

178 2081 66 57 he
283 2081 151 57 acted
475 2081 167 65 there;
691 2083 85 55 the
828 2083 100 55 first
985 2083 190 55 license
1225 2081 77 57 for
1351 2083 106 54 that

180 2156 174 57 saloon
395 2180 106 33 was
540 2159 52 54 in
634 2156 298 57 November
998 2158 155 64 1843,
1206 2155 102 57 and
1368 2155 89 57 Mr

180 2230 219 57 Robson
434 2230 94 57 did
566 2245 87 42 not
689 2248 192 54 appear
936 2230 141 57 there
1128 2230 122 57 until
1299 2230 155 56 1844.

181 2304 17 54 I
240 2326 95 33 can
376 2306 115 71 give
531 2328 29 31 a
612 2304 80 55 list
748 2304 52 55 of
862 2302 84 57 the
1004 2304 173 72 places
1236 2301 105 57 that
1389 2302 66 56 he

179 2376 188 74 played
409 2390 63 43 at.
552 2377 118 56 The
710 2377 99 56 first
847 2376 149 72 place
1034 2377 104 56 that
1181 2376 66 56 he
1304 2376 151 56 acted

179 2465 51 42 at
287 2474 108 34 was
452 2474 30 33 a
538 2453 160 54 minor
759 2450 225 57 Theatre
1041 2452 51 55 in
1156 2448 271 58 Catherine-

181 2540 172 51 street,
395 2525 216 64 Strand;
651 2525 85 57 the
764 2525 192 57 second
984 2549 108 33 was
1131 2523 84 57 the
1244 2523 210 61 Bower;

180 2599 66 56 he
289 2622 107 33 was
416 2598 120 57 then
556 2602 50 52 in
625 2599 83 56 the
731 2598 141 57 Kent
899 2601 192 65 circuit,
1120 2598 84 57 the
1232 2597 225 57 Bedford

178 2674 196 63 circuit,
414 2672 85 57 the
540 2671 200 57 Oxford
780 2674 193 64 circuit,
1002 2671 85 57 the
1128 2672 75 57 St.
1233 2671 225 57 Alban's

178 2749 193 63 circuit,
438 2746 283 71 Jackman's
797 2748 285 70 Company,
1154 2746 304 73 Tonbridge

181 2820 192 65 Wells,
418 2819 260 59 Chester's
717 2820 284 73 Company,
1030 2819 244 75 Rogers's
1300 2820 118 55 Com-

179 2918 151 49 pany,
371 2894 85 56 the
496 2893 256 57 Standard
791 2889 241 70 Theatre,
1062 2894 101 56 and
1190 2893 85 57 the
1322 2894 102 55 Gre-

180 2970 114 55 cian
338 2967 207 57 Saloon.
625 2967 152 57 Then
815 2967 65 57 he
919 2982 140 42 went
1096 2982 51 42 to
1187 2967 196 57 Dublin
1407 2980 52 41 to

179 3043 84 56 the
329 3040 235 71 Queen's
626 3040 241 67 Theatre,
919 3040 102 57 and
1082 3040 119 57 then
1266 3054 51 42 to
1374 3039 85 57 the

179 3115 169 72 Royal
387 3115 257 65 Theatre;
683 3115 119 56 then
829 3114 65 57 he
935 3138 143 33 came
1117 3129 51 43 to
1209 3114 90 57 Mr
1338 3113 90 57 Far-

180 3214 107 41 ren,
329 3187 101 58 and
472 3187 120 58 then
630 3203 49 42 to
705 3212 99 34 me.
882 3189 18 56 I
943 3212 107 33 was
1077 3212 120 48 very
1234 3189 224 56 intimate

181 3264 124 57 with
345 3264 121 56 him.
546 3262 91 56 He
695 3285 106 35 was
841 3285 153 35 never
1032 3287 30 31 a
1101 3266 201 61 waiter;
1342 3265 37 53 it
1416 3264 42 53 is

178 3341 138 70 quite
355 3361 31 32 a
424 3336 210 59 mistake
674 3351 51 41 to
764 3359 88 49 say
908 3336 104 57 that
1069 3337 66 56 he
1195 3360 107 33 was
1327 3360 13 41 ;
1393 3335 65 56 he

181 3435 108 34 was
329 3435 63 33 an
432 3410 290 73 engraver's
761 3414 292 67 apprentice
1097 3414 52 54 in
1206 3407 252 60 Bedford-

179 3487 178 64 Court,
400 3486 202 55 Covent
641 3483 230 65 Garden,
900 3483 103 56 and
1029 3483 66 56 he
1135 3482 125 59 used
1300 3499 51 40 to
1392 3505 63 51 go

184 3575 51 42 to
273 3558 107 57 that
416 3560 160 54 minor
603 3556 189 57 theatre
819 3556 169 58 which
1023 3558 17 55 I
1068 3557 131 57 have
1237 3556 221 58 referred

178 3650 50 42 to
269 3636 51 53 in
359 3631 470 66 Catherine-street,
872 3631 201 57 Strand.

101 3707 187 58 4696.
334 3706 91 56 He
463 3720 138 42 went
627 3718 51 42 to
705 3704 84 56 the
815 3704 244 66 Grecian,
1088 3704 102 58 and
1229 3704 229 58 likewise

179 3798 51 42 to
282 3781 85 57 the
420 3781 222 55 Bower?
673 3811 67 6 —
769 3779 112 57 Yes
938 3781 154 54 when
1149 3779 120 73 they
1319 3801 139 33 were

179 3857 249 63 theatres;
494 3867 51 43 at
607 3853 124 56 least
795 3852 84 57 the
945 3854 226 56 Grecian
1247 3875 107 34 was
1430 3875 30 33 a

180 3932 212 56 theatre.

196 4107 49 43 (4)
274 4106 84 33 l8l8
373 4105 45 44 (?)
436 4120 10 8 •
467 4104 98 40 I885.

1499 175 181 60 4697.
1721 176 174 59 There
1934 202 107 34 was
2067 179 240 74 smoking,
2337 185 165 70 eating
2539 183 101 57 and
2678 183 140 57 drink-

1575 251 86 71 ing
1700 253 150 72 going
1890 275 82 42 on,
2014 275 107 33 was
2160 254 137 56 there
2339 261 121 51 not?
2499 287 70 7 —
2598 256 103 66 No,
2758 272 85 41 not

1577 325 153 56 when
1766 325 66 57 he
1872 349 105 33 was
2018 326 156 57 there.

1501 396 180 57 4698.
1723 397 109 57 Not
1869 413 51 40 at
1963 399 84 55 the
2105 400 200 74 Eagle?
2332 432 71 6 —
2432 401 105 57 No.
2578 401 117 57 The
2746 402 99 58 first

1576 470 189 57 license
1805 495 106 33 was
1951 474 50 54 in
2038 471 296 58 November
2371 475 161 63 1843;
2574 475 84 56 the
2685 475 158 57 tables

1575 543 101 56 had
1716 545 134 57 been
1886 547 241 56 removed
2179 548 50 55 in
2292 548 151 56 1844.
2521 548 117 56 The
2681 550 161 57 tables

1576 614 100 58 had
1714 616 134 57 been
1885 632 88 56 put
2013 618 197 57 outside
2249 620 85 55 the
2373 621 209 57 theatre.

1501 689 179 58 4699.
1721 691 119 57 The
1887 691 161 57 tables
2076 715 137 34 were
2240 693 161 56 round
2429 694 153 56 about
2607 694 234 58 outside?

1576 792 72 8 —
1674 762 127 66 Yes,
1843 763 232 72 formerly
2113 766 139 55 there
2291 791 107 32 was
2437 791 29 32 a
2504 766 112 57 slab
2662 782 49 42 to
2756 783 87 56 put

1576 835 85 56 the
1700 835 131 73 glass
1883 861 83 42 on,
2023 838 100 57 and
2183 838 102 57 that
2340 862 107 34 was
2492 841 193 55 carried
2738 858 102 40 out.

1576 908 90 56 Mr
1723 908 214 57 Robson
1994 933 106 33 was
2158 927 85 42 not
2300 913 84 56 the
2440 913 295 72 production
2793 915 52 55 of

1575 984 157 53 music
1788 982 126 57 halls
1971 997 48 42 at
2076 984 94 65 all;
2230 985 63 56 he
2352 1009 105 33 was
2514 1011 30 31 a
2600 988 243 71 regularly

1576 1054 255 57 educated
1872 1069 152 52 actor,
2066 1058 118 57 who
2222 1058 101 57 had
2363 1073 50 42 to
2452 1083 64 50 go
2544 1059 208 74 through
2777 1062 66 55 all

1576 1129 84 56 the
1709 1131 181 70 misery
1928 1131 52 56 of
2031 1130 83 57 the
2165 1133 137 71 early
2342 1148 108 56 part
2486 1135 53 54 of
2577 1158 62 32 an
2666 1135 176 56 actor's

1575 1225 188 35 career.

1786 1349 74 57 H.
1903 1349 44 71 J.
1988 1350 339 66 TURNER,
2374 1352 188 71 ESQ.,

1594 1422 316 58 CALLED
1951 1424 107 65 IN;
2100 1424 174 57 AND
2316 1425 449 59 EXAMINED.

1909 1526 158 70 May.
2105 1527 42 56 7
2153 1527 66 57 th.
2267 1528 173 57 1866.

1495 1641 184 59 5044.
1742 1643 275 57 Chairman
2023 1644 37 68 .)
2126 1644 120 56 You
2309 1668 84 33 are
2458 1669 29 32 a
2551 1645 293 57 Theatrical

1574 1716 183 71 Agent
1795 1739 84 33 are
1918 1740 99 47 you
2057 1724 121 49 not?
2209 1748 66 6 —
2305 1717 18 56 I
2363 1740 95 35 am.

1495 1789 187 57 5045.
1734 1791 114 55 Can
1905 1813 99 48 you
2062 1790 85 56 tell
2206 1790 84 56 the
2349 1792 303 55 Committee
2709 1791 136 57 what

1574 1862 229 57 business
1842 1862 105 56 that
1984 1862 260 59 involves?
2272 1894 70 8 —
2383 1865 286 71 Receiving
2721 1865 124 57 from

1574 1959 260 52 managers
1874 1936 127 57 their
2037 1938 314 56 instructions
2392 1937 120 57 with
2562 1938 179 74 regard
2793 1954 51 40 to

1575 2011 137 56 what
1750 2026 163 41 actors
1951 2034 56 33 or
2045 2026 243 42 actresses
2327 2012 118 71 they
2488 2017 214 67 require,
2744 2012 101 56 and

1573 2083 274 74 furnishing
1886 2083 136 57 them
2059 2083 125 57 with
2223 2084 150 58 them.

1495 2156 187 58 5046.
1735 2157 118 56 The
1910 2180 261 51 managers
2229 2157 69 57 let
2352 2181 99 48 you
2509 2157 151 57 know
2711 2157 137 57 what

1574 2229 122 57 kind
1734 2232 52 54 of
1823 2245 161 43 actors
2023 2231 101 57 and
2166 2246 244 43 actresses
2457 2231 118 72 they
2611 2234 233 69 require?

1576 2335 68 6 —
1684 2303 153 72 They
1875 2303 88 57 do.

1496 2378 186 56 5047.
1722 2378 121 57 You
1883 2392 81 42 act
1989 2378 239 57 between
2253 2378 85 57 the
2359 2384 134 51 two?
2514 2411 71 5 —
2605 2378 126 57 Yes.
2758 2424 10 11 .
2796 2424 10 11 .
2832 2420 11 12 .

1496 2450 185 56 5072.
1743 2452 40 55 It
1838 2453 41 54 is
1937 2450 304 57 considered
2298 2452 137 67 infra
2495 2452 97 69 dig.
2652 2452 75 55 for
2782 2474 63 33 an

1578 2538 137 42 actor
1752 2539 49 41 to
1841 2548 63 50 go
1942 2539 52 42 to
2034 2549 29 32 a
2101 2526 157 55 music
2297 2524 100 56 hall
2413 2532 22 49 ?
2457 2556 71 7 —
2556 2524 287 72 Certainly;

1578 2596 85 57 the
1701 2596 217 59 theatres
1957 2622 84 33 are
2068 2620 155 35 never
2248 2599 252 56 recruited
2538 2598 126 57 from
2689 2600 157 55 music

1578 2670 143 58 halls.

1499 2745 184 57 5073.
1725 2744 39 57 It
1803 2745 88 57 has
1930 2745 134 57 been
2120 2745 164 56 stated
2342 2745 104 57 that
2496 2745 90 57 Mr
2636 2744 213 57 Robson

1578 2841 144 33 came
1777 2819 126 55 from
1960 2819 83 55 the
2102 2819 224 55 Grecian
2385 2817 220 57 Saloon?
2633 2849 71 6 —
2728 2817 118 56 The

1579 2892 225 56 Grecian
1846 2891 189 57 Saloon
2060 2915 107 33 was
2206 2915 30 33 a
2274 2891 189 57 theatre
2514 2906 49 42 at
2606 2891 84 56 the
2728 2892 118 55 time

1580 2966 88 56 Mr
1706 2966 215 56 Robson
1959 2989 105 34 was
2106 2966 159 57 there.

1498 3040 186 55 5074.
1725 3040 121 55 You
1885 3040 152 57 know
2076 3040 52 55 of
2153 3062 65 33 no
2256 3038 142 57 other
2436 3045 175 49 cases?
2632 3069 70 7 —
2731 3036 113 64 No;

1578 3113 90 57 but
1707 3112 90 58 Mr
1836 3113 283 56 Robsons's
2163 3114 41 55 is
2262 3112 224 71 scarcely
2543 3136 30 32 a
2631 3135 118 33 case
2798 3113 50 54 in

1579 3189 156 56 point.

1596 3332 205 73 JOHN
1845 3332 648 65 HOLLINGSHEAD,
2536 3330 184 71 ESQ.,
2725 3330 35 40 (5
2763 3335 11 34 >

1597 3406 317 57 CALLED
1956 3407 106 64 IN;
2105 3406 174 57 AND
2321 3403 445 60 EXAMINED.

1933 3509 143 68 May
2117 3509 86 57 7th
2249 3509 173 57 1866.

1498 3628 186 57 5214.
1727 3627 93 57 Mr
1858 3626 214 71 Locke)
2113 3626 165 57 What
2316 3649 84 33 are
2441 3649 98 48 you
2564 3624 70 71 by
2659 3622 160 73 profes-

1578 3704 145 54 sion?
1754 3734 63 5 —
1850 3701 18 55 I
1907 3723 80 33 am
2025 3723 64 32 an
2146 3699 207 59 Author
2408 3698 101 57 and
2568 3695 280 74 Journalist,

1578 3776 102 55 and
1719 3798 30 32 a
1806 3773 227 58 member
2085 3773 52 57 of
2180 3773 86 56 the
2305 3773 262 56 Dramatic
2605 3769 243 59 Authors'

1581 3849 210 70 Society

1500 3923 185 56 5300.
1730 3922 139 57 Now
1910 3920 122 59 with
2070 3919 178 74 regard
2288 3934 51 43 to
2367 3932 160 44 actors
2565 3918 118 57 who
2720 3916 131 58 have

1598 4098 47 41 (5)
1676 4098 221 40 1827-1904.
