2291 3848
944 209 422 30 CORRESPONDANCE

2091 214 69 36 311

199 2227 144 43 N.B.
475 2227 65 42 Le
563 2228 267 41 demi-dièse
853 2227 208 54 employé
1084 2227 223 41 ci-dessus
1348 2225 11 54 (
1402 2225 15 53 )
1449 2223 180 53 signifie
1652 2238 84 39 que
1761 2223 261 41 l'intervalle
2041 2230 124 33 entre

145 2297 42 41 la
209 2306 43 32 et
275 2296 38 42 si
334 2306 68 33 est
425 2297 102 51 égal
553 2301 21 37 à
600 2312 61 26 un
682 2307 76 32 ton
782 2298 187 52 majeur,
985 2296 22 54 |
1037 2308 8 38 ;
1088 2296 147 42 tandis
1260 2309 87 40 que
1371 2295 63 41 les
1470 2303 148 33 autres
1656 2309 35 25 si
1716 2302 100 32 sont
1846 2296 178 49 séparés
2044 2291 58 40 du
2125 2291 40 40 la

145 2380 80 41 par
248 2382 60 26 un
332 2375 76 33 ton
436 2368 178 40 mineur
632 2391 66 16 ~.

1698 2430 54 53 [A
1776 2428 178 54 suivre.)

201 2627 128 43 Nous
354 2641 212 28 recevons
606 2627 40 42 la
682 2628 127 42 lettre
830 2630 205 40 suivante
1056 2640 9 29 :

1578 2724 114 41 Paris,
1722 2735 39 22 10
1789 2724 68 34 mai
1887 2724 103 43 1908.

207 2801 235 45 Monsieur
477 2805 40 40 le
557 2803 51 42 Di
625 2814 171 32 recteur
819 2805 53 41 de
896 2805 40 40 la
959 2803 144 42 Revue
1143 2802 203 42 musicale
1353 2833 7 17 ,
1393 2803 289 41 voulez-vous
1721 2803 123 40 avoir
1873 2800 294 52 l'obligeance

148 2873 276 42 d'accueillir
446 2873 40 41 la
512 2873 292 42 réclamation
827 2875 205 40 suivante
1057 2877 17 37 ?
1093 2873 50 55 Je
1176 2874 204 52 pourrais
1401 2872 40 40 la
1464 2870 111 43 faire
1598 2873 152 50 signer
1769 2871 54 40 de
1856 2871 231 52 beaucoup
2112 2871 54 40 de

146 2957 266 39 personnes,
437 2944 112 40 mais
574 2947 39 49 je
635 2956 138 39 pense
797 2942 107 54 qu'il
927 2956 114 28 vous
1074 2941 148 43 suffira
1265 2941 54 41 de
1347 2939 177 43 vérifier
1562 2945 286 37 vous-même
1886 2939 280 42 l'exactitude

145 3013 79 41 des
246 3011 105 43 faits
383 3026 85 40 que
499 3013 40 52 je
562 3012 197 51 signale.

203 3082 126 41 Dans
362 3095 47 28 ce
430 3080 350 43 Conservatoire
813 3081 54 41 de
891 3082 209 52 musique
1130 3087 57 35 où
1224 3094 47 28 se
1313 3089 182 43 passent
1529 3088 93 33 tant
1644 3079 55 41 de
1731 3079 157 41 choses
1924 3077 219 42 extraordi-

145 3152 167 51 naires,
336 3148 230 56 l'hygiène
585 3160 66 32 est
670 3150 287 42 absolument
980 3151 186 50 ignorée
1188 3163 57 28 ou
1274 3148 104 42 bien
1413 3149 83 41 elle
1515 3158 66 32 est
1603 3149 224 51 négligée.
1857 3146 179 52 Songez
2083 3160 84 38 que

146 3220 64 41 les
232 3219 147 42 élèves
416 3228 102 33 sont
557 3218 187 43 d'abord
787 3225 87 36 très
904 3218 265 52 nombreux,
1195 3227 41 32 et
1279 3231 87 39 que
1398 3217 232 53 beaucoup
1654 3226 100 33 sont
1780 3220 188 48 occupés
1989 3215 114 40 dans
2127 3214 37 40 la

147 3292 178 39 maison
345 3289 55 41 de
418 3303 25 38 9
466 3288 163 41 heures
660 3289 59 41 du
743 3290 141 40 matin
910 3288 174 55 jusqu'à
1107 3303 24 36 4
1155 3289 162 40 heures
1340 3287 54 40 de
1418 3287 315 53 l'après-midi,
1748 3285 174 50 obligés
1946 3287 144 38 même
2114 3283 53 40 de

147 3359 213 53 déjeuner
381 3358 115 42 dans
519 3372 60 28 un
613 3367 255 33 restaurant
901 3358 61 41 du
984 3359 238 50 voisinage
1246 3369 113 41 pour
1380 3369 55 28 ne
1457 3369 81 40 pas
1571 3355 157 54 perdre
1751 3355 54 40 de
1829 3362 157 43 temps.
2010 3351 64 42 Or
2104 3351 62 41 les

145 3429 136 41 salles
305 3436 102 34 sont
441 3427 135 42 d'une
597 3428 304 53 malpropreté
919 3428 111 41 dont
1054 3425 39 54 je
1116 3440 55 28 ne
1202 3425 214 41 voudrais
1446 3438 79 40 pas
1542 3425 131 43 .dans
1696 3437 70 27 ma
1788 3434 161 42 propre
1971 3422 194 46 maison,

146 3495 106 44 bien
275 3511 87 40 que
381 3497 40 54 je
442 3495 115 43 n'aie
575 3510 81 40 pas
670 3498 53 40 de
747 3496 194 43 fortune.
965 3496 137 41 Entre
1119 3508 87 29 une
1222 3494 146 42 classe
1391 3497 76 50 qui
1482 3492 99 44 finit
1601 3503 41 33 et
1674 3492 108 43 celle
1805 3492 75 52 qui
1905 3492 106 50 suit,
2030 3503 56 27 on
2112 3502 55 28 ne

147 3579 141 39 songe
324 3570 146 38 même
513 3580 79 38 pas
628 3570 21 37 à
677 3571 123 37 aérer
826 3578 9 39 ;
871 3566 63 41 les
958 3579 212 28 carreaux
1193 3565 77 40 des
1295 3565 134 39 vitres
1455 3572 101 32 sont
1589 3562 104 41 bien
1715 3564 202 49 nettoyés
1940 3559 113 41 deux
2079 3557 87 42 foi9
