2291 3848
658 237 279 40 EXÉCUTIONS
973 251 52 27 ET
1058 252 328 31 PUBLICATIONS
1423 247 227 37 RÉCENTES

2076 258 77 42 301

141 331 191 42 sommeil
354 332 72 40 des
437 334 104 52 fleui
553 350 35 33 s,
604 336 38 40 la
667 334 185 44 Fiancée
874 339 58 40 du
950 339 233 44 Timbalier
1191 376 8 17 ,
1225 345 40 40 la
1290 344 156 42 Cloche
1454 379 8 17 ,
1488 354 330 48 accompagnée
1843 365 54 26 au
1919 352 133 51 piano
2077 366 81 38 par

143 402 10 40 1
173 410 169 41 auteur,
368 401 62 41 M.
455 402 51 41 C.
544 402 328 56 Saint-Saëns;
921 423 19 24 «
980 411 40 40 le
1058 412 101 52 plus
1200 414 205 50 glorieux
1446 423 308 47 représentant
1790 419 53 42 de
1879 419 40 42 la
1951 422 208 52 musique

141 470 216 52 française
386 485 37 35 »,
467 472 118 55 objet
625 475 54 40 de
721 477 225 51 plusieurs
978 480 317 44 chaleureuses
1337 488 222 39 ovations.
1597 487 143 54 Après
1770 498 110 33 cette
1909 492 245 47 exécution,

143 541 11 41 1
173 540 172 41 illustre
387 545 306 50 compositeur
731 560 22 26 a
788 551 68 36 été
879 550 94 50 prié
997 550 54 40 de
1086 561 205 32 remettre
1315 558 22 35 à
1370 552 200 45 l'illustre
1611 560 254 47 cantatrice,
1889 574 55 26 au
1980 573 105 27 nom
2107 561 52 40 de

143 611 11 40 I
173 608 253 50 Académie,
448 612 40 40 la
514 614 210 41 médaille
747 616 54 40 de
837 616 11 40 1
870 616 254 44 Université
1147 621 54 40 de
1218 621 145 54 Paris,
1390 624 154 42 offerte
1570 639 20 25 «
1615 640 89 27 non
1728 641 80 39 pas
1832 628 246 42 seulement
2102 644 54 27 au

144 679 149 50 talent,
317 682 114 39 mais
457 684 123 39 aussi
606 698 82 26 aux
726 687 266 41 sentiments
1032 688 162 51 élevés,
1215 705 54 27 au
1299 692 134 42 noble
1457 701 220 35 caractère
1708 705 40 32 et
1780 711 54 26 au
1855 712 121 26 cœur
2003 701 154 50 exquis

143 750 24 40 d
188 763 84 27 une
294 748 167 43 femme
484 752 24 39 d
529 752 101 41 élite
670 768 36 24 ».
748 753 122 42 Pour
892 756 173 42 donner
1097 772 87 27 une
1208 774 186 40 marque
1436 763 26 39 d
1483 765 176 49 intérêt,
1685 779 80 38 par
1796 779 47 27 sa
1885 772 209 47 présence
2115 777 41 32 et

143 832 78 28 son
244 832 217 29 concours
484 820 177 52 effectif,
684 837 83 27 aux
783 824 155 53 jeunes
962 828 301 42 musiciennes
1280 830 53 40 de
1367 845 82 27 nos
1474 832 158 52 lycées,
1667 833 63 41 M.
1757 833 50 42 C.
1846 833 310 50 Saint-Saëns,

141 889 112 40 avait
275 894 193 36 renoncé
499 894 22 37 à
542 893 185 40 assister
750 906 56 27 au
828 903 176 33 concert
1051 896 59 41 du
1142 896 360 54 Conservatoire,
1526 908 73 42 où,
1635 916 47 26 ce
1721 903 177 52 jour-là,
1923 917 56 28 on
2017 905 140 52 jouait

143 973 57 26 un
223 957 53 41 de
300 971 69 28 ses
386 959 347 43 chefs-d'œuvre
757 978 7 24 :
807 963 39 39 la
873 964 268 54 symphonie
1163 980 54 27 en
1239 974 45 33 ut
1304 971 175 38 mineur
1515 968 295 45 Saint-Saëns
1849 981 41 32 et
1918 971 207 43 Litvinne
2146 973 6 38 !

145 1026 33 41 C
195 1035 65 33 est
277 1041 87 27 une
388 1028 142 42 limite
552 1030 114 41 dans
685 1031 11 40 1
715 1032 160 41 intérêt
896 1047 87 39 que
999 1044 106 43 peut
1128 1035 124 41 offrir
1275 1052 58 25 un
1357 1052 303 38 programme.

197 1095 67 41 En
284 1111 48 27 ce
357 1100 75 50 qui
457 1112 217 29 concerne
697 1102 319 51 spécialement
1032 1104 39 40 la
1085 1105 194 52 chorale,
1302 1120 114 27 nous
1436 1117 260 33 constatons
1714 1123 104 27 avec
1842 1110 38 40 le
1897 1110 100 52 plus
2012 1112 142 50 grand

144 1166 152 53 plaisir
319 1167 40 40 le
380 1174 187 46 progrès
587 1171 221 41 croissant
831 1171 54 41 de
918 1181 110 32 cette
1051 1174 130 52 jeune
1204 1176 267 42 institution.
1501 1176 86 42 Les
1613 1178 207 41 résultats
1841 1188 101 32 sont
1965 1179 191 42 obtenus

143 1238 131 48 grâce
291 1240 23 35 à
338 1236 54 41 de
416 1239 174 40 sérieux
613 1238 153 42 efforts
802 1249 41 33 et
867 1242 218 53 quelques
1128 1242 222 43 sacrifices
1390 1245 320 41 désintéressés
1749 1247 52 40 de
1837 1247 39 40 la
1917 1258 97 42 part
2049 1247 105 42 d'un

144 1305 236 52 personnel
405 1303 151 45 d'élite
579 1308 114 40 dans
713 1308 63 42 les
809 1310 144 52 lycées
976 1322 9 38 ;
1011 1313 113 40 mais
1145 1312 54 41 ils
1230 1322 101 32 sont
1354 1313 103 41 bien
1490 1315 54 39 de
1581 1324 157 31 nature
1782 1319 21 36 à
1835 1316 323 51 dédommager

145 1374 50 40 de
218 1374 95 41 leur
337 1376 130 51 peine
492 1385 41 32 et
557 1380 23 36 à
604 1380 243 39 entretenir
861 1388 147 32 toutes
1026 1380 63 41 les
1113 1380 175 42 bonnes
1309 1383 219 40 volontés.
1554 1381 64 42 La
1659 1386 208 50 musique
1908 1383 112 42 n'est
2056 1386 100 51 plus

147 1444 257 41 considérée
446 1458 175 28 comme
663 1461 61 26 un
771 1456 66 31 art
874 1446 279 53 d'agrément
1187 1451 279 40 assimilable
1505 1466 54 26 au
1600 1454 211 50 patinage
1854 1466 56 27 ou
1953 1468 55 26 au
2043 1453 91 41 foot-

145 1512 86 41 ball
258 1523 7 29 :
289 1526 107 28 sans
436 1516 95 39 rien
552 1515 158 53 perdre
733 1516 54 41 de
811 1529 82 28 son
917 1517 196 50 charme,
1137 1521 76 49 qui
1235 1519 185 41 suffirait
1444 1525 21 34 à
1488 1519 188 53 justifier
1698 1534 46 27 sa
1767 1521 123 52 place
1921 1522 112 39 dans
2080 1523 76 40 des

141 1595 310 40 programmes
472 1583 284 43 d'éducation
797 1585 199 42 destinés
1018 1601 82 27 aux
1124 1588 154 51 jeunes
1309 1586 129 50 filles,
1464 1589 84 40 elle
1585 1598 68 32 est
1691 1590 188 40 cultivée
1903 1603 170 29 comme
2097 1606 59 25 un

145 1660 64 33 art
232 1654 172 39 sérieux
428 1661 42 32 et
501 1653 136 41 noble
656 1663 124 32 entre
823 1663 117 43 tous,
985 1656 108 40 dont
1130 1655 163 42 l'étude
1316 1666 65 32 est
1417 1672 59 26 un
1519 1657 250 42 admirable
1804 1661 266 39 instrument
2104 1660 54 40 de

145 1719 241 43 formation
408 1722 186 41 morale.
617 1721 57 43 Et
696 1725 88 39 ceci
816 1733 66 31 est
903 1729 88 36 très
1015 1727 257 50 important.

197 1790 49 55 Je
263 1804 55 28 ne
340 1792 215 41 voudrais
577 1806 98 38 pas,
698 1797 21 35 à
745 1806 167 40 propos
936 1794 54 40 de
1007 1794 242 47 chansons,
1272 1808 179 27 remuer
1474 1795 52 40 de
1549 1808 161 38 graves
1745 1796 136 41 idées.
1927 1795 123 42 Voici
2093 1811 43 26 ce-

146 1860 209 52 pendant,
377 1874 55 28 en
456 1861 113 41 deux
595 1870 132 40 mots,
754 1875 114 39 pour
887 1863 172 51 quelles
1078 1865 175 39 raisons
1277 1877 86 27 une
1389 1864 124 52 place
1533 1865 272 51 importante
1824 1874 66 31 est
1914 1864 102 41 faite
2052 1870 20 35 à
2116 1866 40 40 la

145 1930 221 52 musique,
394 1934 22 36 à
441 1933 95 38 côté
555 1931 79 40 des
657 1931 278 52 pédagogies
959 1934 320 49 garçonnières
1303 1935 220 38 orientées
1567 1947 99 27 vers
1691 1933 63 41 les
1799 1934 193 50 grandes
2015 1935 142 40 écoles

148 1998 51 41 de
215 1987 149 53 l'État.

198 2066 126 43 Nous
347 2077 262 33 constatons
631 2082 85 40 que
736 2069 38 41 la
800 2069 164 41 femme
987 2069 237 52 française,
1248 2085 54 26 au
1320 2084 130 27 cours
1472 2071 54 39 de
1547 2079 125 32 notre
1715 2071 200 48 histoire,
1951 2086 21 24 a
2006 2076 150 36 exercé

145 2150 87 27 une
254 2138 221 40 influence
497 2151 105 27 sans
623 2138 259 53 équivalent
900 2139 113 40 dans
1036 2139 63 40 les
1123 2148 148 32 autres
1295 2154 109 37 pays
1434 2153 7 26 :
1468 2153 111 39 pour
1617 2140 83 40 elle
1733 2148 76 32 ont
1849 2140 199 40 travaillé
2090 2140 62 40 les

144 2212 164 46 poètes,
331 2206 64 42 les
418 2209 213 51 peintres,
656 2208 64 40 les
745 2209 177 39 artistes
943 2223 7 33 ;
978 2222 80 38 par
1077 2208 83 40 elle
1184 2216 76 32 ont
1284 2213 68 35 été
1377 2208 203 40 stimulés
1604 2208 63 40 les
1704 2208 204 40 hommes
1932 2206 185 42 d'action
2145 2223 7 33 ;

145 2288 21 26 ((
191 2275 217 55 Courage,
434 2276 103 49 ami,
564 2291 106 26 nous
690 2283 226 34 conterons
936 2277 88 40 cela
1062 2277 96 54 plus
1182 2277 110 47 tard,
1319 2277 108 40 dans
1439 2277 58 40 les
1521 2277 217 40 chambres
1752 2276 73 41 des
1845 2278 142 39 dames
2011 2276 7 38 !
2048 2293 17 19 »
2092 2286 66 31 est

145 2357 83 27 une
250 2344 154 52 parole
424 2344 54 41 de
498 2344 213 51 Français
742 2359 77 26 sur
842 2345 39 39 le
904 2345 160 51 champ
1089 2344 53 40 de
1178 2344 197 41 bataille.
1403 2344 199 53 Presque
1637 2353 93 32 tout
1752 2358 47 27 ce
1841 2347 74 50 qui
1946 2345 102 40 s'est
2078 2344 77 41 fait

145 2412 100 41 chez
259 2427 115 28 nous
396 2415 54 40 de
472 2414 144 50 grand
641 2422 41 32 et
705 2414 52 40 de
783 2413 114 41 beau
918 2423 65 32 est
1007 2426 173 27 comme
1203 2413 161 40 éclairé
1383 2414 54 39 de
1456 2427 81 27 son
1561 2414 176 50 regard.

197 2481 38 41 A
264 2485 106 50 quoi
404 2483 38 40 la
477 2482 164 41 femme
673 2481 222 52 française
924 2482 198 41 doit-elle
1159 2491 110 32 cette
1302 2482 219 41 influence
1542 2481 304 42 bienfaisante
1864 2486 15 36 ?
1902 2481 36 40 A
1956 2481 102 41 bien
2081 2482 76 40 des

147 2552 204 51 qualités,
376 2552 110 42 dont
506 2552 355 52 quelques-unes
885 2552 253 52 dépendent
1171 2552 54 39 de
1255 2552 38 39 la
1318 2560 158 32 nature
1514 2560 42 32 et
1585 2552 52 40 de
1674 2551 40 40 la
1740 2564 113 33 race,
1881 2551 273 40 éducatrices

147 2629 246 33 autrement
409 2623 258 50 puissantes
686 2634 86 40 que
795 2634 83 28 nos
902 2625 233 46 agrégées,
1163 2621 113 39 mais
1295 2629 175 32 surtout
1490 2624 21 36 à
1538 2633 81 27 son
1642 2625 126 46 goût,
1795 2624 21 36 à
1836 2620 39 40 la
1909 2618 162 42 finesse
2105 2620 53 39 de

147 2702 78 28 son
249 2692 153 51 esprit,
437 2695 112 36 àun
571 2703 103 27 sens
703 2690 161 40 délicat
896 2690 54 40 de
971 2690 39 40 la
1032 2690 161 40 beauté
1215 2698 103 31 —et
1344 2689 54 40 de
1413 2690 40 40 la
1477 2693 132 47 grâce
1697 2690 108 40 dont
1830 2689 62 39 les
1909 2693 246 46 étrangers,

147 2771 154 28 encore
333 2757 301 54 aujourd'hui,
660 2759 61 40 lui
762 2760 337 39 reconnaissent
1133 2759 38 39 le
1213 2758 231 52 privilège.
1483 2757 61 41 Ce
1582 2771 20 25 «
1635 2763 110 45 goût
1788 2770 19 24 »
1834 2757 320 52 exceptionnel,

147 2824 268 45 l'éducateur
435 2843 23 25 a
484 2837 176 32 surtout
682 2841 115 39 pour
818 2828 93 40 rôle
933 2839 9 28 :
974 2832 39 36 i°
1034 2828 55 39 de
1112 2826 273 41 l'entretenir
1408 2838 7 38 ;
1455 2831 42 34 2°
1530 2827 53 39 de
1619 2825 211 41 l'étendre
1869 2826 113 39 dans
2015 2834 143 31 toutes

147 2896 60 42 les
240 2900 180 49 régions
453 2898 55 40 de
544 2898 39 40 la
623 2897 273 41 démocratie
923 2911 8 34 ;
976 2911 18 36 3
1001 2901 18 17 0
1057 2897 54 39 de
1150 2896 40 39 le
1228 2904 158 31 mettre
1431 2909 53 26 en
1524 2895 235 40 harmonie
1804 2908 103 27 avec
1954 2894 63 40 les
2058 2907 75 27 con-

150 2970 156 46 quêtes
350 2968 54 40 de
440 2967 41 40 la
514 2969 172 38 science
710 2966 229 41 moderne.
980 2964 130 41 Voilà
1136 2965 39 40 le
1213 2977 304 40 programme,
1549 2964 111 39 dans
1690 2977 69 27 ses
1782 2963 195 51 grandes
1997 2963 159 49 lignes.

150 3031 30 43 II
200 3044 65 32 est
296 3035 136 42 fondé
455 3049 76 27 sur
569 3034 338 47 l'observation,
943 3047 75 27 sur
1053 3034 39 39 la
1127 3035 322 39 connaissance
1488 3031 132 41 d'une
1662 3032 211 40 tradition
1915 3030 240 42 nationale.

149 3101 60 43 Or
225 3105 53 41 de
296 3106 82 40 tels
402 3107 223 51 principes
646 3113 100 32 sont
786 3104 39 40 la
863 3101 291 55 justification
1187 3102 58 40 du
1270 3102 92 40 rôle
1385 3100 162 54 qu'une
1571 3103 220 39 initiative
1832 3105 86 35 très
1956 3100 202 51 pratique

149 3173 118 42 vient
305 3173 264 42 d'attribuer
594 3179 21 34 à
657 3174 39 40 la
740 3174 222 51 musique.
992 3171 64 41 La
1100 3172 209 51 musique
1346 3170 111 40 n'est
1490 3179 139 31 certes
1648 3183 80 39 pas
1752 3170 39 39 le
1811 3168 94 41 seul
1928 3179 158 40 moyen
2107 3166 54 39 de

147 3241 166 43 donner
328 3248 22 36 à
374 3244 41 40 la
439 3243 165 41 femme
626 3242 236 51 française,
884 3255 55 27 en
952 3241 226 49 dirigeant
1202 3253 69 26 ses
1295 3239 289 40 merveilleux
1606 3237 222 48 instincts,
1850 3244 109 33 cette
1982 3236 155 38 distinc-

148 3312 90 40 tion
257 3312 58 42 du
339 3313 231 52 jugement
610 3325 105 27 sans
758 3311 194 52 laquelle
991 3323 57 27 on
1091 3307 110 42 n'est
1221 3309 220 39 vraiment
1484 3309 44 38 ni
1573 3321 86 26 une
1696 3307 277 47 Parisienne,
1996 3304 44 38 ni
2072 3315 87 27 une

150 3378 254 55 Française,
430 3384 42 38 ni
512 3384 223 49 peut-être
775 3393 87 27 une
898 3379 179 46 femme,
1103 3387 41 31 et
1189 3390 105 27 sous
1334 3375 250 42 l'influence
1607 3376 53 40 de
1694 3376 74 51 qui
1792 3382 93 31 tant
1916 3373 54 39 de
2006 3371 155 39 choses

148 3452 247 47 précieuses
416 3459 77 32 ont
517 3455 67 35 été
607 3449 129 41 faites
762 3460 9 37 ;
790 3449 114 39 mais
929 3448 40 39 la
994 3448 208 50 musique
1226 3455 65 30 est
1395 3454 132 31 avant
1549 3454 99 31 tous
1667 3444 63 39 les
1751 3450 146 32 autres
1921 3448 89 31 arts
2100 3453 59 25 un

148 3517 75 41 des
239 3532 186 40 moyens
464 3519 63 41 les
568 3519 101 51 plus
704 3516 197 42 efficaces
931 3515 264 41 d'atteindre
1219 3528 53 26 au
1298 3513 94 40 but.
1437 3513 56 41 Et
1517 3525 189 35 comme,
1733 3525 78 38 par
1841 3512 202 43 surcroît,
2077 3506 82 40 elle

150 3597 181 40 apporte
347 3602 105 27 avec
475 3587 82 41 elle
579 3586 162 42 l'ordre
761 3595 41 31 et
841 3584 298 52 l'eurythmie,
1160 3582 39 40 la
1222 3582 121 50 règle
1366 3584 76 49 qui
1463 3583 126 48 exige
1607 3582 217 39 attention
1847 3586 41 32 et
1909 3575 247 52 discipline,
