3095 4621
1012 405 276 61 Kasimir
1615 406 88 62 Edschmid
1704 442 221 15 •

2498 418 115 58 483

317 623 197 65 ganz,
568 597 168 72 aber
786 626 73 43 es
895 597 292 74 arbeitet
1235 604 68 67 in
1355 605 125 68 mir
1512 607 252 78 weiter,
1818 602 173 75 auch
2025 632 197 45 wenn
2273 604 107 74 ich
2432 605 185 75 nicht

318 691 248 87 denke,
637 692 107 73 ich
793 692 186 73 fühle
1031 722 75 43 es
1172 724 246 63 genau.
1521 697 145 72 Der
1715 698 267 88 Boden,
2046 699 135 73 den
2241 729 74 43 er
2364 701 249 86 betrat,

320 787 127 72 das
508 788 189 73 Laub
755 788 306 74 früherer
1127 790 339 87 Sommer,
1529 793 128 71 das
1717 823 72 43 er
1846 795 344 86 berührte,
2251 796 366 75 verbindet

318 884 177 73 mich
570 913 136 65 eng
778 890 123 68 mit
966 891 258 67 seinem
1294 887 371 74 Schicksal.
1779 890 120 72 Ob
1969 920 74 44 er
2085 891 249 74 barfuß
2401 894 212 73 durch

317 981 425 73 Kalifornien
802 983 187 83 läuft,
1051 984 116 71 auf
1223 984 295 74 Akkord
1578 990 67 68 in
1700 985 502 76 Steinbrüchen
2264 990 124 73 der
2440 990 131 74 Kor-

318 1077 306 72 dillieren
676 1077 314 86 arbeitet,
1026 1079 256 73 wieder
1325 1080 187 74 ohne
1563 1082 254 73 landen
1868 1112 81 43 zu
2001 1085 277 73 können
2331 1087 99 72 als
2467 1088 149 93 Boy

314 1202 191 43 vorm
563 1174 500 91 genuesischen
1123 1176 230 72 Hafen
1414 1182 320 69 immerzu
1794 1179 185 93 liegt,
2042 1181 106 72 ich
2209 1190 206 83 spüre
2467 1190 146 66 sein

317 1268 232 74 Leben
586 1270 165 83 hier,
807 1270 106 72 ich
949 1271 182 71 kann
1183 1271 140 72 ihm
1360 1272 186 73 nicht
1581 1273 249 86 helfen,
1885 1275 107 73 ich
2029 1276 119 72 bin
2185 1279 427 92 unglücklich

316 1364 316 72 darüber.
736 1365 109 74 Ich
899 1366 183 73 habe
1135 1366 324 75 manches
1497 1369 307 73 Unrecht
1854 1400 87 44 an
1993 1371 140 74 ihm
2184 1388 230 78 getan,
2467 1375 147 72 fällt

314 1464 124 69 mir
488 1465 131 68 ein.

405 1557 139 72 Am
596 1557 293 92 Morgen
942 1558 148 72 holt
1141 1558 178 74 mich
1356 1562 383 73 Davidson.
1826 1563 110 72 Ich
1987 1564 193 74 fahre
2230 1564 157 94 frog
2437 1567 174 72 nach

311 1652 364 91 Jonsered,
737 1652 108 72 ich
904 1654 152 84 will,
1112 1654 182 73 kann
1361 1657 107 72 ich
1536 1657 220 75 nichts
1826 1660 317 85 anderes,
2197 1667 414 89 wenigstens

316 1747 192 73 diese
541 1748 419 93 Kleinigkeit
1010 1751 159 71 dem
1207 1751 264 74 Bruder
1521 1753 215 74 schön
1786 1755 392 75 vollenden.
2264 1757 110 73 Ich
2428 1759 184 72 habe

312 1842 113 74 die
496 1845 285 74 Unruhe
844 1846 584 94 zurückgelassen,
1510 1850 114 74 die
1692 1851 112 73 die
1875 1880 449 67 erzwungene
2390 1855 222 72 Pause

311 1943 125 68 mir
486 1941 353 93 auferlegt.
925 1941 111 74 Ich
1087 1943 188 73 fühle
1325 1945 177 73 mich
1554 1976 126 43 nur
1711 1947 204 86 wohl,
1968 1978 198 43 wenn
2218 1949 107 74 ich
2377 1957 66 66 in
2498 1953 113 71 die

308 2034 267 93 Bogen,
615 2037 114 71 die
764 2035 108 74 ich
908 2038 218 72 selbst
1158 2039 357 92 gerichtet,
1543 2071 137 43 von
1709 2043 380 95 Handlung
2120 2075 82 42 zu
2231 2046 381 95 Handlung

308 2132 178 71 mich
539 2160 287 65 spanne.
925 2133 200 73 Aber
1173 2134 108 73 ich
1333 2137 184 72 habe
1571 2138 238 73 diesen
1846 2140 151 94 Tag
2047 2142 199 71 keine
2301 2143 305 83 Unruhe,

307 2225 107 73 ich
482 2227 118 73 bin
668 2236 337 86 vergnügt
1070 2231 155 84 fast,
1295 2232 107 73 ich
1471 2239 166 67 sitze
1703 2240 68 66 in
1841 2236 123 72 der
2032 2237 360 94 Equipage
2467 2240 142 71 und

307 2324 253 72 schaue
610 2325 115 72 auf
784 2326 135 71 den
971 2326 484 88 Buchenwald,
1508 2331 101 71 als
1670 2335 97 69 sei
1819 2361 74 44 er
1952 2339 201 66 mein.
2255 2335 116 71 An
2424 2342 187 66 einer

307 2419 358 74 Bachecke
729 2428 355 86 umringen
1153 2453 125 43 uns
1347 2425 293 88 Damen,
1709 2427 108 72 ich
1887 2435 280 88 springe
2242 2460 177 55 raus,
2500 2430 107 74 ich

304 2514 178 73 weiß
532 2515 240 86 sofort,
809 2515 228 74 wohin
1090 2519 106 73 ich
1249 2519 177 74 mich
1478 2550 80 44 zu
1592 2523 292 73 wenden
1938 2524 204 74 habe.
2231 2526 109 72 Ich
2391 2526 216 94 grüße

308 2611 112 72 die
488 2612 272 72 Herrin.
878 2615 118 72 Sie
1061 2616 169 91 geht
1296 2625 308 87 anmutig
1677 2620 173 73 über
1927 2621 135 72 den
2129 2623 474 92 Wiesenpfad,

307 2706 181 74 steht
537 2738 125 43 vor
713 2709 136 72 den
899 2710 268 73 weißen
1203 2711 253 74 Säulen
1511 2715 126 71 des
1673 2716 544 88 Herrenhauses,
2273 2717 167 73 hebt
2491 2719 115 72 die

309 2803 238 73 Hand:
626 2805 567 85 „Välkommen“.
1314 2809 108 72 Ich
1488 2818 321 87 verneige
1878 2813 199 73 mich.
2195 2815 145 70 Das
2407 2814 199 72 Land

307 2898 164 92 liegt
534 2914 210 59 unten
814 2905 122 69 mit
1002 2904 414 92 pastellener
1483 2907 226 92 Idylle,
1779 2909 329 73 weichem
2175 2908 210 74 Teich
2462 2910 141 72 und

309 2993 270 75 Birken.
680 2997 117 72 Sie
849 3012 158 78 sagt
1056 3006 108 66 ein
1216 3001 229 73 Wort:
1507 3002 312 84 „Ebba“.

403 3090 143 71 Der
596 3091 209 94 Gang
862 3098 189 68 einer
1101 3096 321 72 Reiterin.
1525 3097 109 73 Ich
1694 3100 167 72 sehe
1912 3104 108 68 ein
2081 3098 239 73 blaues
2373 3098 227 75 Kleid.

307 3182 89 73 Es
448 3189 87 67 ist
588 3186 110 72 die
749 3187 461 96 Schwägerin.
1313 3191 108 74 Ich
1475 3222 195 64 sage:
1738 3195 151 85 „Ich
1949 3195 187 71 freue
2188 3195 199 72 mich.
2493 3196 107 73 Ich

306 3280 118 72 bin
490 3281 369 90 zufrieden,
915 3286 116 74 Sie
1089 3317 81 43 zu
1239 3288 282 73 sehen“.
1640 3291 134 73 Die
1842 3291 250 72 Herrin
2159 3291 229 84 winkt,
2458 3291 144 74 sich

303 3375 593 96 entschuldigend,
965 3382 181 73 zieht
1203 3383 143 72 sich
1413 3385 265 86 zurück,
1751 3385 126 73 das
1945 3385 274 92 Souper
2266 3387 168 72 wird
2485 3416 77 65 ge-

303 3479 236 65 rüstet.
650 3474 108 71 Ich
831 3477 179 91 gehe
1087 3485 120 67 mit
1282 3479 203 75 Ebba
1558 3487 251 79 weiter,
1896 3486 240 67 immer
2209 3490 91 64 im
2377 3483 221 74 Kreis.

302 3567 245 72 Welch
600 3573 109 66 ein
762 3571 295 74 schöner
1092 3576 169 91 Tag.
1348 3576 117 72 Sie
1499 3582 183 87 trägt
1715 3582 108 66 ein
1877 3576 241 72 blaues
2152 3577 229 85 Kleid,
2433 3578 169 93 geht

301 3670 129 66 wie
482 3669 151 67 eine
685 3665 322 76 Reiterin.
1108 3671 122 73 Ein
1292 3671 341 95 Kiesweg.
1736 3671 123 73 Ein
1920 3672 236 74 Hund.
2259 3675 109 71 Da
2418 3676 184 74 steht

303 3760 113 72 die
486 3760 249 72 Herrin
793 3763 276 85 wieder,
1139 3766 100 72 als
1306 3772 98 67 sei
1473 3774 99 66 sie
1639 3772 153 67 eine
1859 3766 326 75 Sekunde
2244 3798 125 43 nur
2424 3799 173 67 weg.

302 3855 118 74 Sie
504 3862 89 67 ist
674 3862 66 67 in
822 3858 256 93 großer
1160 3862 318 75 Toilette.
1614 3863 247 72 Neben
1946 3864 103 71 ihr
2148 3864 124 73 der
2354 3867 241 76 Gatte:

303 3953 568 81 „Välkommen“.
