3171 4646
1260 434 276 62 Kasimir
1559 430 335 64 Edschmid
1946 463 14 16 •
2017 428 162 61 Särö

556 442 120 61 474

562 633 113 73 die
727 631 338 86 Schulter,
1134 634 115 67 ritt
1313 628 229 72 neben
1611 630 127 66 mir
1805 624 136 71 den
1995 621 188 82 Quai
2244 621 301 89 entlang,
2615 620 253 70 kreiste

558 758 138 44 von
748 729 337 71 Literatur
1150 755 80 42 zu
1283 725 135 72 den
1472 722 273 73 Gäulen
1797 724 69 68 in
1933 718 113 72 die
2096 717 272 72 Politik.
2472 714 108 74 Ich
2641 713 226 72 führte

563 826 137 72 den
752 825 465 91 blauäugigen
1270 819 221 74 Fuchs
1545 817 181 74 noch
1792 814 576 93 verschlungener
2426 818 67 66 in
2547 812 113 71 die
2712 812 153 71 Irre.

560 924 140 72 Am
755 920 289 75 Gesicht
1095 920 126 71 des
1258 916 410 76 Gesandten
1721 913 186 73 beim
1945 908 378 77 Frühstück
2374 906 334 95 empfand
2759 906 109 73 ich

563 1023 236 68 seinen
826 1006 255 103 Ärger:
1119 1015 266 85 „Wenn
1420 1018 121 66 wir
1575 1009 173 73 auch
1785 1010 428 90 keineswegs
2243 1005 113 72 die
2384 1001 483 75 militärischen

569 1115 268 71 Narren
889 1118 92 66 im
1033 1113 170 71 Amt
1252 1115 69 66 in
1373 1108 227 72 Berlin
1645 1114 268 66 stürzen
1952 1162 15 14 .
2009 1162 14 14 .
2064 1161 17 15 .
2134 1109 278 66 müssen
2464 1100 138 84 Sie,
2660 1100 207 81 Herr,

563 1211 143 73 sich
757 1209 259 94 gerade
1067 1209 255 91 fangen
1372 1204 324 73 lassen?“
1787 1202 109 72 Ich
1947 1200 191 73 hatte
2191 1203 152 69 eine
2378 1198 226 71 kleine
2653 1203 217 86 grüne

563 1308 269 72 Bronze
883 1310 67 67 in
1005 1305 124 72 der
1180 1302 235 83 Hand,
1470 1301 114 72 die
1636 1298 232 74 Rodin
1923 1297 160 72 dem
2130 1297 314 70 Minister
2492 1292 381 94 geschenkt

564 1404 212 83 hatte,
864 1401 107 74 ich
1056 1413 213 61 setzte
1344 1404 99 66 sie
1527 1396 115 71 hin
1727 1393 141 74 und
1942 1392 377 92 verbeugte
2395 1388 210 74 mich:
2696 1388 174 86 „Die

565 1499 519 91 Karambolage
1143 1499 122 68 mit
1325 1494 159 72 dem
1537 1489 524 95 mongolischen
2112 1486 757 85 Ludendorffimitator,

568 1597 127 72 ach
766 1595 197 84 Gott,
1034 1592 352 72 Exzellenz
1424 1649 15 14 .
1480 1647 15 14 .
1536 1597 59 64 .“
1672 1588 106 72 ich
1847 1585 297 74 erzählte
2210 1584 142 71 ihm
2412 1583 123 71 leis
2587 1585 282 89 einiges,

567 1693 171 74 aber
788 1691 186 72 nicht
1024 1689 189 83 alles,
1269 1687 184 72 denn
1505 1714 205 44 unser
1741 1683 182 93 Weg
1971 1687 168 89 ging
2188 1708 126 44 nur
2364 1684 109 68 ein
2510 1677 212 75 Stück
2763 1706 74 42 zu-

567 1818 332 56 sammen,
954 1786 145 72 und
1151 1790 259 67 meiner
1457 1787 160 68 weit
1668 1780 172 73 über
1875 1783 236 69 seinen
2147 1777 268 72 hinaus.
2498 1774 154 87 „Ich
2689 1773 187 74 habe

569 1886 160 74 dem
784 1886 315 71 Minister
1150 1881 125 73 des
1329 1882 242 70 Innern
1622 1882 164 68 zwei
1821 1875 265 73 Lachse
2138 1874 266 73 senden
2455 1872 252 83 lassen,
2761 1870 115 72 die

568 1982 107 73 ich
724 2009 126 45 vor
901 1979 147 72 drei
1092 1978 239 92 Tagen
1385 1975 114 73 auf
1550 1974 125 72 der
1712 1970 564 75 Nordseeschäre
2324 1969 212 91 fing.“
2634 1965 242 86 „Nach

570 2079 161 73 dem
783 2075 416 75 Dementi?“
1293 2072 287 73 Nicken.
1665 2070 134 73 Die
1848 2068 267 74 runden
2166 2067 251 92 Augen
2470 2063 216 75 sahen
2738 2062 135 73 auf.

569 2175 111 73 Ich
732 2187 225 82 sagte:
1019 2175 620 88 „angenommen“.
1724 2166 350 72 Exzellenz
2124 2162 390 75 trommelte
2566 2164 123 69 mit
2740 2159 136 73 den

570 2272 295 92 Fingern
917 2267 116 74 auf
1084 2267 114 73 die
1233 2262 487 87 Kniescheibe,
1755 2267 120 66 wir
1907 2266 257 89 gingen
2197 2288 83 43 zu
2315 2257 329 72 anderem
2681 2255 193 73 über.

570 2368 92 72 Es
696 2368 141 94 gab
874 2365 199 74 beste
1106 2361 468 75 französische
1600 2357 263 86 Küche,
1904 2359 123 71 der
2063 2355 363 76 Gesandte
2459 2354 146 92 fing
2641 2357 237 68 seinen

572 2463 400 73 übervollen
1025 2460 205 74 Geist
1294 2463 68 67 in
1432 2458 135 72 den
1620 2453 584 76 entzückendsten
2255 2450 429 73 Anekdoten
2736 2446 142 74 und

570 2561 227 71 führte
849 2559 114 71 die
996 2556 371 73 Probleme
1419 2559 122 68 mit
1590 2549 497 76 anziehendem
2126 2548 203 74 Geist
2379 2552 67 67 in
2501 2545 113 73 die
2649 2544 227 73 Form.

573 2656 90 72 Es
747 2653 217 77 schoß
1042 2651 313 73 dauernd
1430 2679 123 44 aus
1622 2648 140 73 ihm
1828 2676 137 43 von
2032 2646 344 91 Apercus,
2455 2642 228 72 denen
2752 2639 127 73 das

574 2752 380 74 Frühstück
1020 2779 88 43 an
1167 2749 300 92 Eleganz
1523 2746 142 74 und
1717 2741 710 90 Zusammenstellung
2484 2736 393 95 entsprach.

576 2850 110 73 Ich
738 2849 191 72 hatte
964 2844 388 75 manchmal
1396 2873 88 43 an
1522 2844 158 71 dem
1717 2843 248 90 Mittag
2001 2840 127 71 das
2167 2836 278 84 Gefühl,
2483 2864 136 43 von
2656 2839 223 67 einem

574 2948 315 71 Parterre
940 2949 259 68 meines
1252 2943 285 71 Inneren
1590 2939 149 72 aufs
1792 2938 258 72 andere
2107 2964 81 44 zu
2241 2940 269 66 stürzen
2562 2930 142 74 und
2756 2929 125 72 sah

576 3042 259 74 andere
918 3041 287 72 Ebenen
1287 3036 381 95 gleichfalls
1752 3034 242 73 bereit.
2129 3032 122 71 Bei
2336 3028 320 94 Schnaps
2741 3025 141 73 und

576 3138 326 94 Zigarren
963 3135 427 75 entwickelte
1448 3132 107 74 ich
1617 3132 137 71 den
1806 3131 167 71 Plan
2034 3128 124 73 der
2208 3125 332 73 nächsten
2590 3122 289 84 Woche,

579 3238 115 72 die
747 3234 507 91 Beziehungen,
1311 3230 112 71 die
1473 3229 108 73 ich
1632 3226 471 75 anschneiden
2153 3222 231 73 wollte
2435 3221 143 72 und
2613 3225 127 67 wie
2776 3218 107 74 ich

579 3362 75 43 es
705 3326 725 78 zusammenzuführen
1479 3323 367 95 gedachte.
1938 3323 144 71 Der
2133 3316 539 75 Marineattache
2724 3315 159 72 kam

581 3429 197 73 dazu.
896 3425 353 73 Exzellenz
1331 3422 140 94 gab
1541 3420 139 73 ihm
1750 3424 110 68 ein
1928 3423 67 67 in
2063 3428 188 61 rotes
2318 3414 225 72 Leder
2611 3412 276 91 elegant

579 3523 458 96 gebundenes
1072 3521 212 84 Buch,
1340 3519 127 72 das
1519 3546 74 43 er
1644 3523 64 66 in
1760 3512 500 77 französischer
2294 3511 312 94 Sprache
2656 3508 231 72 früher

581 3622 174 73 über
807 3617 331 75 deutsche
1189 3624 235 66 innere
1470 3612 250 74 Politik
1769 3617 68 66 in
1875 3612 188 71 Paris
2115 3606 507 75 veröffentlicht
2671 3605 212 81 hatte,

583 3718 432 73 schleuderte
1068 3716 115 71 die
1233 3715 252 90 Augen
1538 3707 390 94 anklagend
1979 3734 226 67 gegen
2242 3705 137 72 den
2415 3701 294 75 Plafond
2743 3700 144 71 und

586 3814 373 94 begleitete
1011 3812 178 73 mich
1242 3808 214 75 durch
1510 3806 136 73 den
1697 3806 363 73 Vorraum.

681 3912 110 71 Ich
841 3909 155 73 fuhr
1045 3914 67 66 in
1164 3912 188 68 einer
1385 3904 222 74 Fähre
1658 3902 174 73 nach
1885 3902 160 72 dem
2089 3892 798 99 Saltjöbadenbahnhof,

582 4006 366 75 wechselte
1001 4006 113 72 die
1167 4005 191 72 Oere
1416 4007 69 67 in
1545 4005 110 68 ein
1715 3996 494 94 Kupferblech,
2261 3993 166 74 warf
2484 3992 115 72 die
2651 3989 238 74 Marke
