3111 4632
972 430 275 64 Kasimir
1271 432 335 65 Edschmid
1653 469 17 16 *
1723 436 165 62 Särö

2459 446 118 59 469

375 620 140 74 Am
582 620 550 94 Kymmenefluß,
1204 654 137 45 nun
1408 628 117 72 auf
1582 629 136 74 den
1788 630 273 94 Spuren
2131 633 125 73 der
2320 635 256 75 beiden

279 714 328 88 Armeen,
643 717 216 72 sahen
894 722 120 69 wir
1049 719 459 99 Hinrichtung
1540 725 144 73 und
1720 727 232 73 Brand
1986 728 283 76 überall.
2331 732 249 75 Hinter

279 811 295 95 Wiborg
622 812 235 73 hatten
908 819 119 68 wir
1077 816 137 73 den
1249 818 242 93 Bogen
1543 850 113 43 um
1694 822 114 74 die
1858 823 256 75 beiden
2164 828 414 94 irregulären

279 908 301 73 Fronten
618 908 480 88 durchfahren,
1129 912 249 76 kamen
1409 920 305 71 zweimal
1751 925 66 67 in
1842 936 450 80 versprengte
2319 925 259 73 Rotten

280 1004 125 72 der
462 1005 247 72 Roten.
811 1006 132 72 Die
1004 1006 260 76 Finnen
1325 1016 442 71 orientierten
1827 1015 165 85 sich,
2056 1019 341 93 sprachen
2456 1028 124 66 mit

279 1100 137 72 den
468 1100 323 86 Führern,
844 1109 121 66 wir
1010 1103 244 76 fuhren
1306 1108 173 73 auch
1530 1110 117 74 bei
1698 1113 171 92 Tag.
1954 1114 149 74 Das
2151 1117 427 75 Kreideland

276 1195 256 73 dehnte
599 1195 144 74 sich
811 1202 67 68 in
932 1199 758 100 Fichtenschonungen.
1793 1208 68 72 In
1934 1209 124 73 der
2126 1211 201 75 Nähe
2386 1219 190 68 einer

275 1292 126 72 der
463 1293 248 73 letzten
779 1294 400 96 Biegungen
1247 1299 255 75 hielten
1562 1307 119 69 wir
1746 1305 143 72 und
1954 1312 278 89 gingen,
2300 1308 275 94 geführt

273 1416 134 45 von
468 1387 160 74 dem
680 1388 256 75 Lehrer
985 1392 287 74 Hannes
1327 1396 261 88 Uksila,
1651 1399 172 74 über
1880 1406 154 69 eine
2094 1402 476 94 Sumpfwiese,

276 1482 116 74 auf
443 1482 123 74 der
617 1490 223 88 einige
891 1487 287 74 Weiber
1228 1490 273 76 heuten.

365 1579 287 75 Andere
704 1581 254 94 hingen
999 1585 554 94 Vogelsprenkel
1604 1590 134 74 auf.
1821 1593 152 74 Aus
2025 1594 160 74 dem
2240 1597 333 75 Gebüsch

269 1687 136 61 trat
471 1680 109 68 ein
646 1677 535 90 Lachshändler,
1258 1683 126 74 der
1456 1686 173 74 auch
1705 1687 187 76 Felle
1964 1689 248 77 führte.
2333 1694 243 73 Uksila

270 1771 127 71 rief
454 1771 117 72 ihn
632 1801 108 55 an,
806 1802 74 44 er
936 1776 281 75 schielte
1280 1780 144 72 und
1483 1782 297 75 knurrte.
1888 1786 236 84 „Beim
2176 1788 202 74 Wort
2435 1790 138 73 den

274 1866 235 86 Mann,
563 1896 111 45 am
736 1870 198 73 Horn
997 1872 135 74 den
1183 1874 348 90 Ochsen“,
1593 1879 221 75 schrie
1866 1882 369 89 Gunnaris,
2297 1886 126 73 der
2472 1887 101 73 als

271 1961 447 75 Nordländer
784 1966 115 73 die
965 1966 228 95 feigen
1262 1973 142 71 und
1471 1974 500 76 erbärmlichen
2030 1979 545 76 Tavastaländer

273 2058 125 72 des
435 2058 277 75 Südens
746 2061 391 77 verachtete
1173 2068 144 72 und
1351 2068 241 96 schlug
1626 2072 139 73 ihm
1803 2073 136 74 den
1976 2075 148 74 Hut
2156 2106 160 44 vom
2354 2078 215 94 Kopf.

364 2154 133 73 Die
566 2155 302 74 Perücke
950 2159 115 73 fiel
1132 2168 143 79 mit,
1362 2192 75 45 es
1498 2168 207 73 stand
1772 2175 111 67 ein
1945 2171 449 75 Nordländer
2451 2180 123 68 mit

265 2249 390 93 gelblichen
693 2253 278 75 Haaren
1005 2286 126 43 vor
1164 2288 149 55 uns,
1350 2261 143 72 und
1527 2262 113 75 die
1670 2265 443 76 Heuerinnen
2148 2270 141 72 und
2316 2271 213 93 Vogel-

264 2346 242 94 fänger
555 2347 237 74 hatten
829 2350 345 76 Gewehre
1210 2355 117 72 auf
1358 2387 126 42 uns
1518 2360 356 90 gerichtet.
1953 2364 430 76 Vehkamäki
2428 2368 145 72 und

264 2440 227 75 Sirola
542 2442 236 75 hatten
830 2453 189 68 seine
1056 2450 255 75 Hände
1360 2454 242 91 gefaßt
1652 2458 141 72 und
1837 2458 409 77 schüttelten
2298 2469 101 66 sie
2451 2469 122 67 mit

264 2542 223 69 einem
547 2539 349 97 Singsang
956 2544 124 74 des
1134 2547 451 95 Vergnügens
1644 2552 118 73 hin
1823 2554 145 74 und
2028 2557 143 75 her.
2280 2558 92 74 Es
2430 2589 140 44 war

264 2632 255 73 Oskari
556 2634 246 88 Tokoi,
845 2638 143 88 der,
1026 2641 231 75 früher
1295 2643 329 76 Arbeiter
1658 2653 66 68 in
1759 2648 353 92 Amerika,
2152 2653 137 73 den
2327 2653 199 75 Front-

260 2728 350 75 abschnitt
660 2732 127 72 der
835 2749 198 59 roten
1087 2737 331 94 Truppen
1471 2741 340 96 befehligt
1861 2746 211 75 hatte.
2175 2750 119 73 Sie
2343 2763 223 60 traten

260 2823 114 74 bei
410 2823 211 87 Seite,
674 2829 108 72 ich
833 2830 138 93 gab
1010 2832 347 75 Gunnaris
1409 2837 131 74 alle
1577 2839 311 94 Papiere,
1946 2844 113 73 die
2112 2844 108 73 ich
2272 2845 114 74 bei
2438 2851 127 68 mir

257 2931 177 80 trug,
490 2921 172 74 auch
715 2924 114 72 die
880 2933 293 70 meinen.
1262 2931 260 75 Nachts
1573 2942 168 87 ging
1775 2938 225 73 Tokoi
2053 2940 116 73 auf
2218 2942 344 72 russische

261 3009 178 79 Erde
490 3019 170 72 über
712 3020 114 74 die
863 3022 294 77 Grenze.
1234 3028 147 72 Wir
1432 3029 179 74 aßen
1648 3032 253 94 Speck,
1940 3036 267 73 Erbsen
2244 3038 142 72 und
2421 3038 139 74 Aal

261 3114 67 66 in
388 3110 219 97 Essig,
683 3117 241 74 fuhren
991 3121 108 72 bis
1176 3122 124 74 Lill
1360 3123 396 90 Ablorfors,
1833 3132 280 71 wurden
2198 3160 88 46 an
2372 3138 190 69 einer

261 3206 464 92 Wegscheide
783 3220 299 90 umringt
1130 3218 142 73 und
1332 3222 360 75 verhaftet.
1795 3226 132 72 Die
1995 3227 260 73 Finnen
2308 3229 252 89 Sirola,

262 3300 370 89 Gunnaris,
684 3307 432 78 Vehkamäki
1193 3314 238 73 hatten
1498 3319 201 73 keine
1774 3320 312 93 Papiere,
2164 3323 108 73 ich
2347 3339 215 60 setzte

264 3398 212 72 durch
514 3406 223 69 meine
787 3405 159 73 sehr
975 3423 213 77 guten
1226 3410 380 78 deutschen
1643 3415 235 85 durch,
1934 3417 138 72 daß
2117 3418 125 75 der
2275 3422 246 94 Bürger-

261 3491 264 75 offizier
575 3525 126 44 uns
736 3504 67 68 in
839 3500 127 74 das
1005 3505 548 96 Hauptquartier
1587 3512 125 71 des
1750 3511 301 74 General
2089 3514 472 78 Mannerheim

259 3587 174 75 fuhr.
519 3588 89 74 Er
656 3592 259 87 schlief,
969 3599 100 73 als
1103 3607 120 66 wir
1256 3605 363 73 ankamen.
1706 3607 257 72 Posten
2015 3615 122 66 mit
2171 3611 390 77 Gewehren

257 3714 228 44 waren
553 3692 68 66 in
689 3718 316 47 unserem
1073 3693 315 78 Zimmer.
1492 3701 132 72 Die
1691 3701 261 75 Finnen
2011 3705 410 98 schwiegen,
2485 3740 76 44 es

256 3809 140 44 war
469 3782 525 78 mathematisch
1069 3794 466 91 ausgemacht,
1612 3826 140 44 was
1835 3804 99 68 sie
2016 3805 544 89 protokollieren

256 3875 227 75 lassen
567 3880 304 86 würden,
971 3883 259 76 falsche
1314 3889 301 89 Namen,
1715 3893 259 76 falsche
2065 3899 255 87 Route,
2423 3903 137 75 den

260 3969 268 77 Zweck.
