3177 4646
1028 442 134 64 Aus
1202 442 413 80 Eichendorffs
1656 440 615 79 Studententagebuch

499 446 121 60 460

505 1104 205 74 AUS
762 1101 810 75 EICHENDORFFS
1624 1095 1182 81 STUDENTENTAGEBUCH

1372 1214 99 71 IN
1528 1213 314 73 HALLE

2316 3783 159 50 Hilda
2509 3779 260 63 Schalhof

587 1408 80 61 Es
719 1407 136 62 sind
907 1408 99 61 die
1058 1407 336 77 unruhigen
1443 1406 179 77 Jahre
1675 1407 174 71 1805,
1898 1407 175 60 1806.
2157 1403 117 61 Für
2322 1406 168 58 seine
2542 1400 237 61 Dichter-

508 1488 403 78 entwicklung
973 1488 158 61 nicht
1178 1510 119 38 von
1362 1510 70 37 so
1494 1484 174 63 tiefer
1717 1486 361 77 Bedeutung
2125 1488 113 57 wie
2300 1484 99 60 die
2462 1482 350 77 folgenden,

507 1567 690 79 literaturgeschichtlich
1249 1566 364 73 bekannten,
1667 1588 73 37 an
1791 1566 109 59 der
1951 1564 442 78 Heidelberger
2435 1561 377 62 Hochschule

506 1649 416 74 verbrachten,
962 1649 145 60 aber
1156 1648 278 78 getränkt
1475 1671 119 37 von
1646 1646 569 62 lebenstärkendem
2263 1643 549 79 Jugendübermut;

508 1731 101 59 die
653 1729 309 79 Erfüllung
1013 1740 201 50 ersten
1265 1727 576 77 Freiheitsdranges,
1894 1726 262 78 Stillung
2205 1748 184 37 neuer
2440 1722 372 80 Genußgier.

510 1811 116 61 Die
671 1821 311 49 munteren
1014 1808 170 64 Töne
1228 1809 110 60 der
1364 1807 555 79 Aufzeichnungen,
1964 1807 99 60 die
2106 1807 100 60 bei
2251 1806 146 59 aller
2439 1804 237 61 Frische
2719 1807 96 57 ein

507 1893 198 74 wenig
767 1889 301 74 nüchtern,
1136 1893 95 57 ein
1294 1891 201 73 wenig
1557 1887 253 61 sachlich
1876 1887 154 71 sind,
2093 1889 112 58 wie
2276 1884 120 63 fast
2455 1884 113 61 alle
2633 1883 153 61 nicht-

510 1972 429 60 dichterischen
981 1957 414 90 Äußerungen
1435 1968 431 74 Eichendorffs,
1912 1967 203 61 bilden
2161 1969 175 58 einen
2378 1964 438 63 wunderlichen

510 2052 290 61 Kontrast
827 2075 71 38 zu
930 2051 109 61 der
1068 2049 488 79 geniezeitlichen
1588 2048 423 61 Schwärmerei
2042 2047 122 61 und
2189 2047 107 60 der
2317 2046 499 62 klassizistischen

510 2131 231 62 Würde
804 2131 126 61 und
990 2129 278 63 Schwere
1331 2129 445 78 gleichzeitiger
1843 2127 254 79 spärlich
2168 2126 413 61 überlieferter
2637 2126 183 76 (oder

513 2212 252 79 spärlich
826 2211 602 77 hervorgebrachter)
1474 2209 213 72 Verse,
1738 2232 73 38 zu
1862 2209 108 60 der
2012 2207 406 62 melodischen
2460 2207 355 72 Weichheit,

512 2293 111 60 der
666 2292 287 61 Buntheit
993 2291 319 78 folgender
1354 2289 339 61 Romantik.

592 2387 134 61 Aus
779 2389 138 59 dem
969 2386 233 62 Gewirr
1250 2387 227 61 kleiner
1528 2386 365 72 Erlebnisse,
1945 2385 311 61 Berichten
2307 2383 151 61 über
2506 2381 312 72 Ausfahrt,

512 2467 393 79 Vergnügen,
930 2466 420 79 Kunstgenuß,
1381 2477 134 68 ragt
1542 2466 249 79 Leipzig
1822 2469 104 57 mit
1949 2465 210 59 Iffland
2190 2465 241 71 hervor;
2462 2461 359 62 Lauchstädt

516 2551 107 59 mit
665 2552 207 58 seinen
916 2546 729 79 Theateraufführungen:
1701 2546 404 76 Mittelpunkt,
2156 2545 365 73 Attraktion,
2575 2543 205 78 Gegen-

515 2630 177 62 stand
743 2630 110 60 der
901 2629 350 77 Neugierde
1303 2629 122 61 und
1467 2627 360 78 Verehrung
1990 2625 262 75 Goethe,
2304 2626 109 61 der
2464 2649 108 37 aus
2622 2625 200 59 dieser

516 2714 198 58 seiner
765 2709 340 78 damaligen
1155 2707 553 63 Sommerresidenz
1767 2706 145 62 nach
1973 2706 176 61 Halle
2205 2705 616 62 herüberzukommen

515 2790 251 79 pflegte,
816 2790 437 77 Vorlesungen,
1319 2789 215 61 einmal
1598 2791 165 57 einer
1824 2787 508 61 Prorektorswahl
2396 2784 425 63 beiwohnend.

517 2871 106 61 Bei
668 2870 407 79 Gelegenheit
1118 2874 164 57 einer
1322 2876 282 71 späteren
1649 2867 449 63 studentischen
2143 2867 173 60 Feier
2364 2870 77 58 ist
2483 2867 108 61 der
2634 2869 188 75 junge

517 2951 245 62 Goethe
807 2951 266 61 erwähnt
1119 2951 146 73 „der
1306 2950 169 62 Sohn
1519 2949 111 61 des
1674 2949 304 61 Ministers
2018 2971 121 37 von
2183 2946 268 74 Goethe;
2504 2951 58 57 in
2605 2954 220 70 grüner

517 3031 339 80 polnischer
897 3032 183 78 Jacke
1133 3034 104 58 mit
1279 3030 297 71 Quasten,
1630 3030 157 61 nicht
1830 3029 171 78 groß,
2045 3032 146 74 jung
2241 3030 124 58 und
2412 3039 125 49 zart
2580 3027 123 60 und

517 3112 435 78 geschminkt“.
1043 3111 169 61 Noch
1274 3109 329 62 zahlreiche
1668 3110 223 60 andere
1955 3109 302 61 bekannte
2322 3107 500 78 Erscheinungen,

518 3194 265 59 kleinere
828 3191 359 64 Gottheiten
1239 3191 101 61 auf
1391 3190 196 61 Kunst
1635 3191 126 60 und
1802 3190 470 77 Theatergebiet
2323 3189 136 61 sind
2510 3192 60 58 in
2613 3189 211 61 diesen

520 3274 335 61 Memoiren
898 3272 423 78 festgehalten.

600 3369 631 79 Kulturgeschichtlich
1284 3369 331 61 anziehend
1668 3368 137 62 sind
1856 3366 100 63 die
2007 3365 475 79 Schilderungen
2534 3365 259 60 studenti-

520 3450 180 62 schen
746 3449 256 75 Lebens,
1048 3449 108 61 das
1208 3450 119 60 den
1380 3448 548 77 Neuankömmling
1978 3446 357 73 befremdet,
2378 3445 301 73 verblüfft,
2723 3445 77 60 all-

520 3530 251 61 mählich
816 3534 57 57 in
917 3534 167 57 seine
1114 3529 212 61 Kreise
1369 3529 178 74 zieht,
1585 3532 169 74 jener
1782 3528 194 62 Sitten
2021 3528 124 59 und
2183 3526 479 77 Einrichtungen,
2707 3526 118 72 die,

520 3614 59 57 in
632 3634 260 37 unseren
943 3609 209 79 Tagen
1203 3609 377 71 abwelkend,
1645 3609 226 60 damals
1922 3606 150 63 noch
2136 3606 159 61 ohne
2347 3606 121 61 den
2523 3609 302 75 geistigen

520 3690 189 61 Inhalt
748 3714 216 50 waren,
1007 3692 111 61 der
1159 3690 177 61 ihnen
1378 3714 99 37 um
1523 3693 95 57 ein
1655 3688 324 77 Jahrzehnt
2021 3693 207 72 später
2269 3688 373 61 Lebenssinn
2685 3685 140 78 gab.

1902 1214 35 38 *

601 3898 117 51 *S.
764 3899 261 50 Sämtliche
1066 3898 183 50 Werke
1298 3899 89 49 des
1436 3897 255 49 Freiherrn
1742 3897 185 63 Joseph
1977 3916 96 30 von
2123 3894 329 52 Eichendorff.
2535 3893 268 50 Historisch-

522 3965 271 47 kritisierte
848 3964 251 62 Ausgabe,
1155 3964 405 62 herausgegeben
1608 3982 97 30 von
1759 3962 229 49 Wilhelm
2040 3960 164 50 Kosch
2256 3962 103 48 und
2407 3959 199 62 August
2657 3957 172 50 Sauer.

524 4028 78 49 11.
625 4028 163 49 Band:
823 4028 331 62 Tagebücher.
