5352 7356
5003 7197 84 41 823

298 4000 415 97 Harold
796 4000 496 117 Bengen:
1371 4040 711 70 Originalholzschnitt

293 4728 389 51 Manifestation
718 4729 202 56 dessen,
951 4729 99 48 das
1081 4727 299 59 vermittelt,
1412 4728 161 48 schon
1606 4729 204 45 erraten

294 4813 126 50 hat?
506 4813 216 49 Warum
759 4813 161 48 sollen
960 4815 96 46 wir
1097 4815 47 46 in
1186 4825 219 36 unseren
1444 4810 364 56 Schöpfungen

297 4900 79 47 die
430 4899 340 55 verdoppelte
840 4895 177 50 Macht
1090 4910 212 35 unserer
1376 4894 242 49 Sehkraft
1689 4908 89 34 ver-

294 4995 204 45 gessen,
575 4983 79 47 die
701 4983 96 48 den
844 4979 311 51 X-Strahlen
1202 4979 230 49 ähnliche
1479 4977 205 58 Erfolge
1732 4990 52 34 er-

295 5067 164 48 zielen
494 5066 151 49 kann.

420 5150 175 55 Einige
624 5149 255 56 Beispiele
912 5154 148 44 unter
1089 5148 236 56 unzählig
1357 5149 169 48 vielen
1557 5150 251 53 genügen,

295 5248 86 34 um
418 5236 80 46 die
536 5232 269 49 Wahrheit
845 5248 213 34 unserer
1099 5232 338 57 Behauptung
1496 5245 62 34 zu
1613 5231 198 56 zeigen.

421 5318 94 49 Die
555 5317 258 50 sechzehn
851 5316 281 58 Personen,
1178 5318 78 47 die
1298 5331 120 34 man
1461 5318 47 46 in
1551 5317 165 47 einem
1760 5315 49 48 in

296 5402 150 56 Gang
492 5401 339 49 befindlichen
881 5400 235 49 Autobus
1162 5414 99 34 vor
1309 5399 107 49 sich
1468 5399 145 56 sieht,
1696 5398 114 49 sind

293 5486 382 50 nacheinander
712 5486 101 48 und
840 5483 138 49 doch
1008 5485 81 47 auf
1124 5485 183 47 einmal
1336 5486 132 55 eine,
1501 5483 145 58 zehn,
1683 5485 125 54 vier,

295 5568 135 62 drei;
471 5574 73 45 sie
580 5570 113 50 sind
732 5567 356 56 unbeweglich
1127 5569 99 47 und
1266 5568 193 47 ändern
1498 5568 106 48 ihre
1641 5566 165 60 Lage;

298 5655 75 49 sie
421 5654 256 57 kommen,
724 5652 182 59 gehen,
955 5651 188 55 hüpfen
1191 5653 47 46 in
1287 5651 81 48 die
1415 5650 200 58 Straße,
1694 5664 88 34 ver-

293 5738 281 57 schlungen
612 5752 105 35 von
757 5739 90 48 der
881 5737 190 58 Sonne,
1142 5736 132 48 dann
1313 5738 178 45 setzen
1561 5737 75 46 sie
1703 5734 108 48 sich

293 5823 200 48 wieder
537 5822 83 50 hin
666 5824 105 47 wie
818 5823 167 55 ewige
1035 5819 252 57 Symbole
1336 5819 90 47 der
1475 5817 333 56 allgemeinen

293 5905 284 50 Vibration.

420 5989 116 53 Wie
581 5991 73 49 oft
700 5991 159 48 sahen
900 5993 99 46 wir
1042 5988 137 50 nicht
1226 6003 65 34 an
1336 5986 89 50 der
1469 5982 203 59 Wange
1719 5986 90 48 der

290 6073 219 61 Person,
548 6077 89 47 mit
677 6076 91 48 der
806 6076 97 47 wir
941 6088 95 34 uns
1076 6073 354 55 unterhielten,
1504 6071 95 50 das
1635 6067 175 58 Pferd,

297 6159 92 49 das
424 6162 124 46 weit
586 6159 174 49 hinten
800 6173 83 35 am
918 6159 226 48 anderen
1182 6157 143 49 Ende
1364 6156 90 49 der
1494 6153 185 50 Straße
1722 6154 58 47 da-

291 6242 195 50 herlief.

420 6325 199 50 Unsere
658 6326 198 55 Körper
900 6327 211 55 dringen
1152 6328 46 46 in
1236 6326 98 48 das
1376 6324 137 57 Sofa,
1588 6322 86 49 auf
1717 6321 92 48 das

296 6411 96 47 wir
425 6424 94 35 uns
549 6415 193 52 setzen,
771 6413 96 56 ein,
900 6411 106 49 und
1028 6412 99 48 das
1154 6409 128 49 Sofa
1309 6411 170 54 dringt
1508 6410 48 47 in
1588 6421 96 36 uns
1714 6407 96 46 ein.

295 6491 105 50 Der
440 6493 233 49 Autobus
716 6498 163 46 stürzt
921 6494 106 50 sich
1068 6496 46 47 in
1159 6496 78 48 die
1276 6493 219 58 Häuser,
1537 6507 63 33 an
1645 6491 162 48 denen

292 6593 59 34 er
389 6577 390 57 vorübersaust,
823 6581 99 47 und
964 6579 78 48 die
1080 6578 203 50 Häuser
1325 6581 209 45 stürzen
1576 6576 108 49 sich
1726 6574 84 50 auf

294 6663 99 48 den
438 6661 236 49 Autobus
721 6663 101 47 und
865 6662 391 49 verschmelzen
1302 6665 92 46 mit
1440 6661 102 49 ihm
1589 6662 46 47 in
1684 6662 122 47 eins.

419 6746 94 49 Die
554 6745 197 55 Anlage
795 6745 93 48 der
929 6744 173 50 Bilder
1143 6757 115 37 war
1299 6746 175 49 bisher
1550 6744 258 57 geradezu

295 6830 219 49 dämlich
553 6829 327 50 traditionell.
971 6827 92 50 Die
1109 6828 166 50 Maler
1320 6832 200 54 zeigten
1567 6844 93 34 uns
1707 6829 77 49 nie-

286 6916 137 49 mals
455 6916 80 49 die
570 6914 365 57 Gegenstände
972 6915 101 47 und
1104 6912 266 50 Personen
1406 6927 97 34 vor
1536 6927 110 35 uns.
1694 6911 115 50 Von

291 7012 102 34 nun
424 7014 62 34 an
517 6998 214 50 werden
761 6999 96 48 wir
889 6998 97 48 den
1018 6996 296 50 Beschauer
1345 7000 46 46 in
1426 6997 79 48 die
1535 6994 150 51 Mitte
1715 6995 93 50 des

282 7078 182 53 Bildes
499 7087 195 46 setzen.
1579 7120 6 18 ,
1708 7094 5 37 ;
1796 7098 6 44 ;

1454 7134 225 15 K\
1772 7128 4 22 i
1797 7128 5 15 *

2065 4723 116 50 Wiie
2255 4727 47 45 in
2371 4724 134 49 allen
2579 4721 254 50 Bezirken
2907 4721 92 47 des
3070 4718 379 50 menschlichen

1943 4808 205 49 Geistes
2198 4811 77 45 ein
2322 4806 444 56 hellseherisches,
2846 4805 354 48 individuelles
3248 4801 202 50 Suchen

1943 4894 79 47 die
2061 4890 424 57 unbeweglichen
2524 4889 382 58 Niedrigkeiten
2964 4889 90 48 des
3093 4889 232 55 Dogmas
3364 4887 60 47 be-

1940 4980 171 53 seitigt
2171 4977 101 56 hat,
2334 4990 57 34 so
2448 4975 118 48 muß
2632 4976 88 47 der
2780 4973 285 49 belebende
3122 4972 176 49 Strom
3357 4971 94 48 der

1939 5059 380 51 Wissenschaft
2351 5060 119 48 bald
2504 5060 78 48 die
2615 5057 215 49 Malerei
2880 5071 105 33 von
3034 5058 90 46 der
3190 5056 229 48 akademi-

1943 5144 155 49 schen
2132 5144 265 49 Tradition
2428 5143 244 50 befreien.

2065 5256 111 48 Wir
2209 5258 188 47 wollen
2435 5270 84 34 um
2551 5256 148 53 jeden
2733 5254 150 49 Preis
2917 5255 47 47 in
3001 5254 91 49 das
3126 5253 175 48 Leben
3367 5265 56 34 zu-

1939 5340 337 49 rückkehren.
2308 5341 95 48 Die
2436 5339 285 58 siegreiche
2751 5337 380 49 Wissenschaft
3160 5351 107 35 von
3297 5336 154 48 heute

1940 5426 87 48 hat
2067 5425 107 48 ihre
2214 5425 417 56 Vergangenheit
2676 5422 424 58 abgeschworen,
3143 5436 87 34 um
3270 5422 181 47 besser

1943 5511 95 47 den
2068 5509 315 48 materiellen
2413 5508 166 49 Nöten
2611 5521 213 36 unserer
2853 5505 109 49 Zeit
2990 5520 62 34 zu
3084 5503 365 61 entsprechen;

1939 5596 98 46 wir
2079 5594 202 57 wollen,
2324 5591 100 50 daß
2468 5593 78 49 die
2590 5592 177 58 Kunst,
2842 5591 171 48 indem
3055 5593 75 46 sie
3175 5590 108 48 ihre
3323 5588 96 49 Ver-

1940 5677 308 57 gangenheit
2323 5678 314 56 abschwört,
2716 5674 197 49 endlich
2959 5688 220 35 unsere»
3225 5672 205 51 intellek-

1941 5763 185 48 tuellen
2181 5761 368 50 Bedürfnissen
2623 5759 354 57 entsprechen,
3052 5760 79 47 die
3203 5772 96 34 uns
3365 5756 60 49 be-

1940 5861 201 43 wegen.

2065 5958 167 49 Unser
2264 5958 397 56 aufgefrischtes
2696 5956 273 48 Gewissen
2999 5955 204 48 hindert
3236 5968 97 34 uns
3364 5955 58 47 da-

1941 6056 105 43 ran,
2120 6043 95 48 den
2255 6040 285 51 Menschen
2582 6042 76 47 als
2702 6042 96 50 den
2836 6038 334 57 Mittelpunkt
3214 6040 92 47 des
3347 6038 80 48 uni-

1939 6126 259 50 versellen
2241 6126 203 50 Lebens
2491 6140 61 34 zu
2598 6124 318 51 betrachten.
3023 6122 103 49 Der
3203 6121 248 49 Schmerz

1941 6212 140 46 eines
2113 6209 284 50 Menschen
2430 6213 64 46 ist
2529 6210 194 48 ebenso
2756 6212 309 46 interessant
3097 6208 78 47 für
3207 6221 110 43 uns,
3350 6208 105 46 wie

1943 6295 88 46 der
2067 6293 247 50 Schmerz
2349 6297 142 45 einer
2529 6292 341 50 elektrischen
2906 6291 209 57 Lampe,
3186 6292 79 47 die
3303 6293 148 46 unter

1939 6377 378 55 krampfhaften
2357 6377 206 49 Zucken
2602 6379 155 48 leidet
2798 6376 101 48 und
2938 6378 90 46 mit
3072 6376 97 48 den
3211 6374 210 49 herzzer-

1941 6461 326 50 reißendsten
2303 6462 339 49 Ausdrücken
2677 6463 95 46 der
2810 6459 178 49 Farbe,
3042 6459 93 48 ©ie
3172 6457 279 50 Harmonie

1941 6547 90 48 der
2073 6546 175 49 Linien
2325 6549 100 46 und
2469 6545 177 50 Falten
2693 6548 135 46 einer
2872 6545 285 48 modernen
3203 6542 250 55 Kleidung

1941 6631 133 48 üben
2105 6630 87 49 auf
2225 6644 186 35 unsere
2441 6628 459 57 Empfindsamkeit
2937 6628 224 49 dieselbe
3197 6626 255 49 rührende

1941 6715 350 56 symbolische
2336 6713 175 51 Macht
2558 6728 108 44 aus,
2710 6716 102 45 wie
2860 6713 94 48 das
2997 6711 197 50 Nackte
3241 6711 86 48 auf
3368 6711 83 47 die

1938 6800 91 48 der
2064 6800 165 49 Alten.

2063 6910 100 49 Um
2194 6912 84 47 die
2314 6912 301 54 neuartigen
2651 6908 344 50 Schönheiten
3032 6910 143 46 eines
3210 6907 220 48 futuristi-

1938 6995 157 50 schen
2132 6995 278 48 Gemäldes
2441 6993 261 58 begreifen
2736 6993 102 51 und
2872 6993 232 48 erfassen
3137 7006 61 35 zu
3231 6989 220 59 können,

1938 7079 116 50 muß
2097 7081 78 47 die
2214 7079 152 49 Seele
2405 7081 108 48 rein
2552 7079 240 58 werden;
2865 7078 91 47 das
2998 7077 144 56 Auge
3181 7074 117 50 muß
3342 7073 108 50 sich

3580 4718 169 47 seines
3791 4714 257 49 Schleiers
4092 4727 105 35 von
4239 4712 300 48 Atavismus
4612 4711 102 47 und
4758 4707 179 55 Kultur
4981 4708 81 47 ent-

3580 4801 214 56 ledigen,
3827 4814 83 33 um
3946 4796 198 50 endlich
4176 4797 84 48 die
4292 4795 161 50 Natur
4489 4795 74 50 als
4597 4794 195 56 einzige
4826 4789 264 56 Kontrolle

3579 4884 293 49 anzusehen
3906 4884 101 47 und
4042 4881 135 50 nicht
4213 4881 92 48 das
4337 4878 255 51 Museum.

3705 4968 71 49 Ist
3807 4969 114 47 «dies
3959 4965 235 59 erreicht,
4229 4979 59 36 so
4324 4964 133 48 wiird
4488 4977 122 34 man
4649 4961 117 50 sehr
4804 4960 118 49 bald
4957 4972 101 34 mer-

3579 5053 115 57 ken,
3731 5051 96 49 daß
3863 5050 107 50 sich
4001 5050 214 49 niemals
4251 5049 194 49 braune
4478 5046 245 49 Nüancen
4759 5044 84 49 auf
4877 5055 214 38 unserer

3578 5136 138 50 Haut
3745 5136 307 57 spiegelten:
4097 5132 126 50 Man
4254 5135 133 47 wird
4417 5131 228 57 merken,
4678 5128 95 50 daß
4809 5130 94 47 das
4930 5126 161 50 Qelbe

3581 5225 47 45 in
3661 5236 242 34 unserem
3932 5219 232 50 Fleische
4197 5218 246 57 erglänzt,
4478 5215 94 50 daß
4605 5215 94 49 das
4731 5213 132 54 Rote
4894 5209 197 60 strahlt,

3581 5308 102 47 und
3716 5304 95 49 daß
3848 5306 91 48 das
3970 5303 188 58 Grüne,
4191 5302 176 58 Blaue,
4398 5301 222 48 Violette
4653 5299 87 49 auf
4772 5298 103 49 ihm
4905 5300 48 47 in
4984 5301 82 46 tau-

3581 5391 124 47 send
3738 5389 326 56 wollüstigen
4103 5388 99 48 und
4240 5384 445 52 schmeichelnden
4721 5382 371 57 Bewegungen

3580 5478 157 45 tanzt.

3705 5557 116 49 Wie
3863 5557 135 49 kann
4042 5570 117 36 man
4201 5557 93 50 das
4337 5552 346 52 menschliche
4725 5552 191 49 Antlitz
4961 5551 130 50 noch

3582 5657 58 34 so
3688 5646 139 54 rosig
3874 5642 173 59 sehen,
4092 5651 154 39 wenn
4294 5653 153 35 unser
4507 5637 165 49 durch
4721 5638 95 48 den
4864 5634 229 51 Zustand

3582 5728 92 51 des
3711 5726 435 49 Nachtwandeins
4218 5724 237 56 geteiltes
4491 5722 175 49 Leben
4707 5734 220 37 unseren
4968 5718 93 49 Far-

3579 5811 215 49 bensinn
3832 5811 100 49 und
3969 5811 78 48 die
4084 5808 281 58 Fähigkeit,
4402 5806 202 50 Farben
4640 5806 451 55 wahrzunehmen,

3583 5894 343 50 vervielfacht
3973 5892 126 50 hat?
4230 5891 106 49 Das
4388 5890 347 50 menschliche
4782 5890 190 49 Antlitz
5024 5891 67 47 ist

3580 5980 134 57 gelb,
3761 5984 96 54 rot,
3903 5982 142 53 grün,
4091 5977 133 57 blau,
4271 5976 199 49 violett.
4582 5975 91 50 Die
4721 5974 183 50 Blässe
4953 5977 139 46 einer

3579 6063 149 57 Frau,
3779 6065 78 47 die
3904 6063 93 49 das
4042 6060 369 49 Schaufenster
4492 6063 143 46 eines
4681 6060 272 48 Juweliers
5003 6058 60 48 be-

3582 6148 237 59 trachtet,
3868 6148 186 47 irisiert
4104 6147 281 47 intensiver
4467 6145 78 52 als
4594 6146 92 47 das
4734 6141 358 58 prismatische

3580 6231 165 50 Feuer
3785 6231 89 49 der
3910 6229 308 58 Edelsteine,
4258 6231 78 47 die
4374 6231 73 47 sie
4484 6229 265 49 fasziniert
4783 6226 310 50 betrachtet

3706 6315 200 49 Unsere
3949 6313 404 58 Empfindungen
4401 6315 47 47 in
4496 6315 89 47 der
4628 6311 216 50 Malerei
4890 6311 202 47 können

3583 6401 135 51 nicht
3748 6399 144 47 mehr
3921 6398 271 56 geflüstert
4219 6400 230 46 werden.
4512 6396 111 49 Wir
4653 6396 205 57 wollen,
4893 6394 96 49 daß
5021 6396 72 47 sie

3581 6499 104 35 von
3729 6498 98 34 nun
3872 6496 62 35 an
3980 6485 177 54 singen
4202 6485 102 48 und
4349 6482 85 49 auf
4474 6495 219 36 unseren
4738 6479 208 50 Bildern
4992 6480 102 47 wie

3582 6568 340 57 betäubende,
3970 6568 95 48 den
4112 6567 245 56 Triumph
4405 6565 367 49 verkündende
4818 6562 276 50 Posaunen

3583 6656 168 46 tönen.

3705 6734 133 50 Eure
3885 6750 63 35 an
3994 6736 99 49 den
4138 6734 372 50 Halbschatteil
4556 6732 311 58 gewöhnten
4912 6732 180 53 Augen

3580 6822 213 47 werden
3833 6821 109 49 sich
3981 6820 119 48 bald
4141 6819 388 49 strahlenderen
4567 6813 499 59 Helligkeitserschei-

3582 6918 200 42 nungen
3828 6904 187 49 öffnen.
4097 6903 94 48 Die
4241 6916 105 35 von
4396 6916 93 35 uns
4538 6901 256 56 gemalten
4844 6897 247 49 Schatten

3581 6991 213 46 werden
3841 6987 179 50 lichter
4066 6988 107 48 sein
4220 6987 77 49 als
4340 6987 82 48 die
4469 6985 219 48 Flächen
4737 6983 164 48 voller
4945 6980 146 50 Licht

3582 7086 212 35 unserer
3831 7071 317 56 Vorgänger,
4186 7072 105 47 und
4325 7084 183 35 unsere
4545 7068 171 49 Bilder
4750 7067 217 48 werden
5003 7080 59 43 ge-
