2578 3934
1906 3630 288 50 NOV.-DÉC.
2229 3643 81 35 192!

1219 3636 90 48 278

214 3658 72 38 LA
311 3646 124 49 CITÉ

665 326 514 65 Classement
1230 321 593 77 géographique

248 461 281 52 Angleterre.
576 458 398 53 (L'amélioration
1013 456 61 42 du
1109 456 232 50 logement
1375 452 236 54 populaire
1648 451 103 50 en),

512 548 85 34 par
622 530 53 43 R.
705 529 59 43 V.
1954 521 32 42 11
2192 518 56 41 25

248 604 284 52 Angleterre.
567 601 91 52 (La
683 600 212 44 nouvelle
922 598 217 44 croisade.
1261 597 193 42 L'effort
1478 595 183 50 anglais.

512 675 367 50 Avant-propos,
939 687 185 37 propos,
1183 682 129 31 notes
1369 680 42 30 et
1469 669 287 49 impressions

518 746 247 44 recueillies
819 762 57 25 au
929 761 130 25 cours
1115 743 108 42 d'un
1278 758 180 34 voyage
1513 740 101 50 en),
1673 755 82 34 par

516 819 39 51 J.
588 819 233 51 Eggericx.
1955 809 32 41 II
2193 806 24 41 2
2231 807 21 39 7

248 892 285 53 Angleterre.
566 891 63 42 Le
678 889 296 51 Programme
1024 889 59 40 du
1133 887 371 41 Gouvernement
1554 882 202 50 Anglais,

517 963 186 50 d'après
727 978 59 25 un
810 960 154 43 article
990 962 213 39 émanant
1229 958 60 42 du
1314 957 229 42 Ministère
1568 953 189 53 Anglais

517 1035 60 42 de
605 1033 246 52 l'Hygiène
881 1044 43 31 et
954 1049 110 34 paru
1097 1032 112 41 dans
1239 1030 41 41 le
1313 1046 22 25 «
1368 1027 150 43 Times
1550 1026 206 50 Housing

514 1106 302 51 Supplément
848 1120 41 26 ».
1954 1095 33 41 II
2193 1093 59 40 43

249 1180 284 52 Angleterre.
575 1176 315 53 (L'évolution
922 1176 59 41 du
1011 1174 108 52 plan
1153 1174 79 42 des
1261 1172 159 43 Ecoles
1451 1170 101 50 en).
1587 1170 170 42 Extrait

520 1250 110 42 d'un
649 1258 192 42 rapport
859 1247 152 51 publié
1031 1263 82 34 par
1133 1246 40 41 le
1194 1245 163 41 Comté
1380 1245 56 41 de
1456 1242 215 43 Londres.
1944 1238 45 41 V
2167 1236 84 41 107

250 1323 244 44 Bruxelles.
548 1322 395 51 (Aménagement
987 1319 60 41 du
1091 1317 164 42 Centre
1300 1315 58 42 de
1399 1315 42 42 la
1483 1313 121 42 Ville
1649 1312 101 50 de).

517 1394 271 42 Secrétariat
816 1392 58 40 de
900 1391 41 41 la
967 1389 156 43 S.U.B.
1937 1381 52 42 111
2194 1380 59 40 69

251 1467 247 44 Charleroi.
521 1465 147 43 Palais
686 1465 64 42 du
768 1463 179 52 peuple.
978 1461 318 51 (Programme
1319 1460 59 41 du
1399 1474 221 26 concours
1643 1472 113 35 pour

519 1538 65 41 les
609 1536 132 52 plans
768 1534 107 50 du).
1944 1524 47 43 V
2039 1559 8 3 -
2166 1522 88 41 126

249 1612 185 42 France.
479 1608 353 53 (L'Urbanisme
869 1622 55 25 en
961 1603 167 43 France
1167 1604 60 40 du
1262 1600 127 44 XVII
1394 1605 11 13 e
1444 1600 131 42 siècle
1611 1602 27 38 à
1674 1614 84 26 nos

517 1686 138 47 jours.
681 1679 198 42 Résumé
902 1675 288 51 historique),
1217 1691 83 34 par
1324 1674 44 41 L.
1396 1670 260 44 Rosenthal.
1938 1667 51 42 111
2194 1665 58 40 63

251 1755 154 44 Gand.
447 1754 324 52 (Programme
820 1750 61 42 du
929 1749 233 41 Concours
1213 1744 341 44 d'architecture
1606 1752 158 34 ouvert

521 1835 125 32 entre
668 1834 101 31 tous
789 1822 64 41 les
874 1820 261 42 architectes
1154 1818 156 50 belges
1333 1834 80 34 par
1436 1816 41 42 le
1499 1815 178 41 Comité
1704 1814 57 41 de

520 1895 301 52 l'Exposition
854 1891 101 51 de).
1933 1882 61 42 IV
2194 1880 60 40 99

254 1971 149 51 Liège.
432 1968 268 51 Exposition
730 1962 343 44 d'architecture
1103 1962 59 40 du
1190 1959 181 43 Meuble
1400 1958 204 50 Liégeois
1632 1967 44 30 et
1705 1956 58 41 de

515 2039 254 42 l'lndustrie
788 2037 61 41 du
868 2035 238 42 Bâtiment.
1138 2034 16 49 (
1163 2030 366 50 Août-septemb.
1561 2027 167 50 1921).
1930 2024 61 41 VI
2170 2023 76 40 151

255 2111 497 46 Molenbeek-St-Jean.
801 2102 589 56 (Programme-règlement
1429 2101 60 42 du
1528 2099 232 42 Concours

526 2181 181 43 d'ldées
725 2196 117 36 pour
863 2176 353 44 l'Urbanisation
1241 2175 60 41 du
1324 2175 216 40 territoire
1564 2170 103 51 de).
1941 2167 51 41 111
2203 2166 55 40 76

257 2254 499 46 Molenbeek-St-Jean.
789 2250 259 52 (Concours
1073 2246 176 43 d'ldées
1272 2262 115 34 pour
1412 2245 12 41 1
1444 2243 319 42 Urbanisation

527 2326 62 42 du
612 2326 220 40 territoire
855 2321 102 50 de).
984 2317 225 45 Résultats
1231 2326 43 31 et
1297 2317 208 50 Rapport
1529 2315 59 41 du
1613 2314 118 50 Jury.
1912 2310 82 42 VII
2172 2307 83 43 167

256 2399 292 46 Saventhem.
595 2396 90 51 (Le
721 2410 222 26 concours
981 2408 114 35 pour
1134 2390 42 42 la
1214 2387 277 52 Cité-Jardin
1533 2386 103 51 de),
1681 2401 82 35 par

524 2467 148 51 Raph.
715 2463 301 51 Verwilghen.
1827 2452 165 44 XI-XII
2166 2451 89 42 265

256 2540 301 47 Schaerbeek.
606 2538 89 51 (Le
729 2551 221 27 concours
987 2550 114 35 pour
1140 2532 42 42 la
1220 2529 275 52 Cité-Jardin
1537 2528 102 50 de),
1680 2543 80 34 par

525 2608 148 52 Raph.
714 2604 302 52 Verwilghen.
1828 2594 165 45 XI-XII
2166 2592 91 42 267

258 2684 200 52 Seraing.
487 2683 301 49 Programme
833 2677 60 42 du
938 2676 232 41 Concours
1214 2690 114 34 pour
1373 2672 41 41 la
1457 2670 305 42 construction

529 2752 327 44 d'habitations
889 2750 26 39 à
945 2748 93 41 bon
1072 2744 193 43 marché.
1956 2737 43 41 X
2166 2735 92 41 257

273 2828 234 39 \llemagne.
540 2823 186 44 (Voyage
748 2820 155 36 d'étude
930 2834 46 19 en
999 2818 76 42 —)
2184 2808 77 34 200

263 2887 244 41 Allemagne.
540 2884 186 44 (Voyage
749 2881 155 35 d'étude
931 2893 46 20 en
1000 2878 76 42 —)
2185 2867 47 35 22
2244 2868 18 32 7

264 2950 164 32 Anvers.
538 2945 208 35 Concours
774 2956 101 29 pour
904 2947 227 28 monument
1159 2935 313 36 coimmémoratif
1501 2936 177 41 organisé
1709 2947 69 28 par
1806 2933 35 33 la
1870 2932 118 41 Ligue
2018 2930 51 34 du

597 3003 194 35 Souvenir
2185 2987 77 35 206

543 3065 154 34 Société
723 3062 147 41 Royale
898 3060 65 34 des
990 3058 244 34 Architectes
1262 3057 202 34 d'Anvers.
1495 3055 203 33 Concours
2186 3047 78 34 208

544 3125 153 34 Société
723 3121 147 43 Royale
899 3120 65 34 des
992 3118 244 35 Architectes
1264 3116 201 35 d'Anvers.
1497 3116 202 33 Concours
2188 3107 76 35 259

545 3185 152 35 Société
724 3182 147 42 Royale
900 3180 64 34 des
992 3180 245 33 Architectes
1263 3177 202 34 d'Anvers.
1495 3175 203 34 Concours
2187 3170 77 31 272

544 3244 228 43 Exposition
806 3238 299 37 i.netrnationale
1138 3246 36 25 et
1206 3238 163 40 congrès
1403 3235 99 36 d'art
1535 3232 235 36 moderniste
1803 3230 66 54 (15
1905 3231 146 41 janvier-

607 3304 44 34 -15
686 3302 143 35 février
868 3299 120 43 1922)
2188 3286 77 35 259

546 3375 21 24 €
586 3363 126 43 Kring
733 3376 98 21 voor
853 3359 249 36 Bouwkunde
1124 3369 19 23 »
1169 3366 35 25 et
1230 3367 19 24 «
1272 3356 136 34 Cercle
1432 3354 173 35 d'études
1628 3368 98 27 pour
1750 3354 216 40 géomètres
1989 3360 20 24 >
2193 3347 69 33 104

547 3435 21 24 «
588 3423 126 42 Kring
733 3436 99 20 voor
854 3418 248 37 Bouwkunde
1125 3429 20 23 »
1170 3426 36 25 et
1232 3427 19 24 «
1274 3415 135 35 Cercle
1434 3414 172 34 d'études
1629 3427 99 28 pour
1751 3413 216 40 géomètres
1991 3420 20 23 »
2187 3406 77 33 260
