2578 3934
1210 3679 92 50 268

1889 3679 286 51 NOV.-DÉC.
2213 3690 103 36 1921.

212 3697 71 37 LA
311 3685 136 50 CITÉ.

261 362 236 42 deuxième
522 362 226 48 catégorie
774 370 44 31 et
844 368 158 41 quatre
1026 358 237 42 chambres
1291 362 26 38 à
1342 356 205 48 coucher,
1579 357 114 41 dont
1719 356 42 41 la
1789 353 100 53 plus
1916 352 172 51 grande
2116 352 57 43 de
2210 353 11 41 I
2236 351 27 42 8

259 436 26 38 à
311 433 61 41 20
398 435 164 38 mètres
584 433 160 44 carrés,
773 447 116 35 pour
916 431 40 41 le
983 444 107 38 type
1117 431 58 42 de
1199 432 226 40 troisième
1450 430 238 47 catégorie.

391 526 228 51 Vingt-six
647 536 291 31 concurrents
967 537 79 31 ont
1073 524 208 51 répondu
1308 528 26 37 à
1362 522 167 51 l'appel
1560 522 58 42 de
1644 539 51 24 ce
1722 536 232 26 concours.

394 621 61 42 Le
480 625 113 48 jury,
623 624 73 48 qui
725 623 107 39 était
857 623 220 48 composé
1106 620 57 43 de
1192 619 112 42 MM.
1336 617 204 47 Foucart,
1571 615 252 47 architecte,
1855 614 186 42 échevin
2073 614 78 42 des
2180 623 63 31 tra-

258 710 120 26 vaux
397 692 175 52 publics
595 692 56 42 de
673 692 41 42 la
736 709 243 25 commune
1001 692 57 41 de
1077 690 299 47 Schaerbeek,
1403 689 203 42 Puissant
1630 699 44 31 et
1696 685 263 49 Bonduelle,
1985 685 275 45 architectes,

258 765 208 51 Socquet,
504 774 332 40 entrepreneur,
873 775 42 30 et
947 763 243 48 Defrenne,
1227 761 361 43 administrateur
1625 760 59 41 du
1716 758 146 51 Foyer
1895 755 366 47 Schaerbeekois,

259 854 26 24 a
310 839 157 48 primé,
498 853 54 27 en
577 853 52 25 ce
653 839 75 48 qui
752 852 223 25 concerne
1003 835 62 42 les
1092 834 129 52 plans
1249 833 336 45 d'habitations,
1615 832 63 41 les
1705 833 173 48 projets
1907 829 56 41 de
1991 829 13 42 1
2025 829 240 42 architecte

258 908 246 50 Raymond
529 907 251 46 Moenaert,
810 907 112 41 dont
946 907 63 42 les
1034 909 107 40 trois
1166 918 127 38 types
1318 903 323 42 d'habitations
1667 915 78 30 ont
1771 905 70 39 été
1867 912 196 37 retenus;
2091 899 12 42 1
2124 898 116 43 archi-

259 990 115 33 tecte
399 979 210 42 Fernand
638 979 301 47 Delbrassine,
971 979 113 42 dont
1113 978 117 41 deux
1260 988 127 39 types
1416 974 323 43 d'habitations
1768 986 79 31 ont
1875 976 70 39 été
1974 982 197 39 retenus;
2201 972 62 42 les

259 1052 263 42 architectes
550 1050 165 43 Albert
744 1050 279 47 Callewaert,
1057 1047 173 44 Adrien
1261 1047 220 47 Blomme,
1513 1043 443 53 Vanderslagmolen
1989 1056 43 31 et
2062 1044 198 45 Verbist,

259 1125 378 49 respectivement
666 1139 115 34 pour
811 1139 57 25 un
901 1134 108 38 type
1039 1120 313 42 d'habitation.

394 1218 295 42 L'architecte
721 1217 192 50 Prosper
944 1216 69 42 De
1044 1216 146 50 Meyst
1221 1233 25 23 a
1277 1217 71 39 été
1380 1215 143 50 primé
1552 1229 116 34 pour
1699 1214 127 40 avoir
1858 1213 209 48 présenté
2098 1211 42 41 le
2167 1209 95 43 seul

258 1294 153 47 projet
448 1289 302 42 d'habitation
785 1292 26 38 à
846 1288 118 42 deux
998 1291 163 47 étages.
1200 1286 84 42 Les
1319 1285 262 42 architectes
1616 1283 141 42 Henri
1790 1282 106 43 Van
1933 1280 120 51 Hall,
2092 1280 170 44 Arthur

258 1362 105 42 Van
390 1362 56 42 de
470 1361 159 46 Walle,
657 1360 168 42 Marcel
849 1359 125 42 Tack
999 1371 79 31 ont
1102 1374 102 35 reçu
1228 1374 86 26 une
1338 1360 144 49 prime
1508 1356 442 48 d'encouragement.
1981 1353 91 42 Des
2097 1355 165 49 primes

258 1433 405 51 supplémentaires
689 1443 79 30 ont
793 1434 69 39 été
887 1430 243 43 accordées
1155 1446 86 25 aux
1266 1428 222 42 meilleurs
1513 1430 173 49 projets
1710 1430 214 38 émanant
1952 1426 28 41 d
2002 1424 261 43 architectes

260 1505 160 42 établis
452 1508 26 37 à
508 1503 297 43 Schaerbeek.

395 1599 61 41 Le
481 1609 300 41 groupement
807 1598 79 42 des
910 1597 275 42 habitations
1209 1606 44 31 et
1277 1596 42 41 le
1343 1597 119 40 tracé
1490 1594 57 42 de
1571 1593 43 42 la
1638 1595 141 40 voirie
1805 1604 80 31 ont
1909 1595 71 39 été
2005 1591 174 42 étudiés
2206 1592 57 41 de

261 1672 264 42 différentes
554 1671 170 49 façons,
754 1669 41 41 le
818 1673 102 47 jury
945 1668 73 42 n'a
1046 1678 154 31 retenu
1227 1684 87 35 que
1341 1667 63 41 les
1430 1669 173 48 projets
1630 1665 79 42 des
1736 1663 261 44 architectes
2025 1663 237 42 Moenaert

259 1754 44 31 et
328 1742 280 46 Callewaert,
639 1741 106 51 qu'il
772 1758 25 23 a
824 1740 138 41 classé
991 1755 225 33 ex-sequo.

393 1837 42 41 Si
466 1853 113 25 nous
610 1852 143 25 avons
786 1837 162 49 poussé
979 1835 41 40 le
1051 1845 240 39 reportage
1321 1832 308 42 architectural
1662 1848 56 25 au
1749 1833 129 49 point
1912 1830 57 42 de
2000 1828 263 51 reproduire

259 1926 91 24 non
378 1907 248 42 seulement
654 1907 41 41 la
725 1907 180 50 plupart
934 1906 79 41 des
1039 1908 173 48 projets
1239 1907 179 48 primés,
1450 1905 111 40 mais
1590 1919 164 26 encore
1781 1920 86 25 une
1895 1901 136 42 étude
2060 1900 204 52 négligée

259 1997 82 34 par
369 1980 40 41 le
435 1984 101 47 jury
562 1990 43 30 et
632 1994 86 35 que
746 1994 113 26 nous
887 1979 216 39 estimons
1130 1976 260 50 cependant
1419 1975 91 42 fort
1538 1977 303 45 intéressante,
1874 1973 109 44 c'est
2012 1972 105 53 qu'il
2149 1988 114 27 nous

258 2049 174 44 semble
459 2067 87 34 que
571 2067 52 25 ce
651 2065 233 31 concours,
915 2065 102 25 sans
1046 2051 230 47 présenter
1306 2065 58 25 un
1395 2049 159 40 intérêt
1583 2044 279 52 primordial,
1896 2048 174 40 résume
2101 2059 135 35 cepen-

259 2122 110 42 dant
397 2122 91 42 fort
514 2122 104 42 bien
648 2121 40 41 le
717 2124 149 38 savoir
894 2121 305 50 urbanistique
1231 2119 57 42 de
1316 2119 43 42 la
1387 2124 134 47 jeune
1550 2118 127 42 école
1708 2118 79 41 des
1816 2117 261 43 architectes
2107 2117 156 51 belges

259 2206 42 30 et
324 2194 180 41 affirme
618 2195 196 48 quoique
837 2192 171 51 parfois
1035 2191 283 41 timidement
1430 2190 41 42 la
1499 2190 179 50 plupart
1705 2190 56 40 de
1786 2206 69 24 ses
1881 2188 257 42 tendances.

393 2289 125 41 Nous
546 2305 113 24 nous
689 2286 281 43 efforcerons
1003 2287 58 41 de
1090 2287 62 41 les
1185 2286 203 42 détailler
1419 2287 382 44 sommairement,
1836 2302 53 24 en
1922 2301 113 24 nous
2065 2286 198 38 arrêtant

262 2371 97 31 tout
385 2360 196 41 d'abord
656 2385 14 4 -
692 2362 26 38 à
743 2369 97 33 tout
863 2361 200 47 seigneur
1091 2369 97 31 tout
1210 2357 204 41 honneur
1529 2357 168 40 devant
1722 2357 41 40 le
1787 2359 151 47 projet
1963 2355 57 42 de
2046 2355 60 41 M.
2136 2354 95 42 Moe-

261 2442 125 31 naert
419 2434 72 47 qui
525 2441 65 31 est
623 2432 106 40 sorti
766 2430 58 41 de
855 2439 117 31 cette
1007 2434 126 47 joute
1166 2430 143 50 primé
1344 2446 71 24 sur
1451 2439 124 30 toute
1610 2428 41 41 la
1688 2426 128 50 ligne.
1856 2426 55 43 Et
1946 2444 50 25 ce
2030 2431 233 46 jugement

261 2502 115 43 n'est
408 2519 80 33 pas
522 2502 81 41 fait
636 2519 115 33 pour
785 2517 113 25 nous
931 2500 281 50 surprendre.
1251 2501 44 41 A
1329 2502 145 39 moins
1512 2499 56 41 de
1604 2499 111 42 faire
1750 2497 42 43 le
1827 2501 159 48 procès
2021 2500 149 38 même
2206 2496 57 42 de

261 2574 160 42 l'école
450 2576 72 48 qui
550 2585 64 30 est
642 2590 52 23 en
721 2589 150 33 vogue
986 2589 113 24 nous
1124 2588 113 25 nous
1263 2574 237 39 réservons
1528 2570 57 43 de
1612 2571 41 41 le
1681 2569 108 44 faire
1816 2568 176 43 ailleurs
2110 2569 27 42 il
2168 2568 95 43 faut

261 2646 226 40 admettre
520 2661 85 34 que
642 2644 111 40 dans
786 2660 80 24 son
900 2660 134 33 genre
1067 2643 40 41 le
1141 2647 151 48 projet
1326 2643 57 41 de
1416 2642 61 42 M.
1514 2643 238 41 Moenaert
1786 2653 65 30 est
1886 2641 56 42 de
1978 2643 86 40 très
2098 2641 91 42 loin
2223 2640 39 40 le

260 2716 201 42 meilleur
494 2716 58 41 de
582 2732 112 25 ceux
726 2717 73 49 qui
832 2716 146 40 furent
1010 2717 177 48 primés,
1226 2713 213 43 disons-le
1471 2713 324 46 franchement,
1833 2725 65 29 est
1931 2730 58 24 un
2023 2716 95 38 vrai
2152 2714 111 48 petit

259 2788 346 41 chef-d'œuvre.
642 2787 52 49 Je
727 2787 40 41 le
801 2789 166 47 répète,
1007 2804 58 24 on
1100 2799 107 38 peut
1240 2786 110 41 faire
1383 2785 41 42 le
1460 2788 160 48 procès
1656 2784 56 42 de
1747 2783 172 47 l'école,
1959 2785 206 47 critiquer
2199 2782 64 41 les

259 2862 372 47 aménagements
656 2860 297 48 pittoresques
980 2860 57 38 où
1062 2858 79 40 des
1169 2856 139 42 reculs
1331 2859 146 38 variés
1505 2857 203 41 donnent
1734 2873 88 24 aux
1849 2872 98 25 rues
1973 2872 85 25 une
2085 2854 153 50 physio-

261 2934 151 39 nomie
436 2931 363 44 mouvementée,
828 2932 56 38 où
912 2930 78 40 des
1013 2928 188 42 courbes
1224 2939 209 31 savantes
1460 2931 183 38 mènent
1668 2944 100 25 vers
1795 2927 237 50 l'imprévu
2060 2927 57 41 de
2142 2928 123 39 coins

259 3004 142 49 pleins
423 3003 57 40 de
499 3000 249 43 recherche.
776 3000 112 41 L'on
909 3013 107 37 peut
1037 3003 149 38 même
1207 2999 143 43 railler
1373 3000 62 41 les
1456 3002 339 38 réminiscences
1818 2998 151 41 faciles
1993 2997 107 42 d'un
2123 2999 117 47 régio-

259 3074 187 42 nalisme
479 3076 210 47 exotique
722 3074 73 48 qui
828 3074 138 39 marie
999 3071 40 41 le
1070 3071 144 43 calme
1247 3070 187 52 paisible
1468 3069 56 43 de
1555 3088 82 23 nos
1668 3070 275 49 béguinages
1975 3086 87 24 aux
2096 3068 168 41 formes

261 3149 249 47 gracieuses
545 3145 59 41 du
633 3154 184 39 cottage
851 3142 182 50 anglais.
1070 3141 115 43 Mais
1220 3142 60 42 du
1313 3152 204 32 moment
1553 3158 86 33 que
1670 3141 94 42 l'on
1799 3157 57 25 ne
1887 3139 260 43 condamne
2179 3155 81 34 pas

259 3216 325 42 radicalement
615 3214 184 53 pareille
829 3215 270 48 conception
1131 3215 229 48 artistique
1487 3224 41 30 et
1563 3223 189 39 peut-on
1785 3214 223 39 vraiment
2041 3210 222 43 souhaiter

259 3288 138 50 pareil
426 3290 258 39 ostracisme
712 3286 57 42 de
795 3286 40 41 la
860 3297 103 39 part
990 3284 106 42 d'un
1124 3288 101 47 jury
1251 3285 56 41 de
1334 3300 219 25 concours
1673 3284 107 41 d'un
1806 3288 101 47 jury
1931 3281 151 51 belge!
2204 3281 58 42 du

259 3370 217 36 moment,
505 3359 237 51 dis-je,que
766 3357 92 42 l'on
884 3374 54 24 ne
962 3373 45 25 se
1030 3355 127 42 laisse
1180 3358 128 47 point
1329 3355 155 50 guider
1507 3372 81 33 par
1613 3355 77 41 des
1716 3357 227 48 questions
1969 3354 57 41 de
2048 3355 212 49 principe,

261 3431 91 41 l'on
379 3447 46 25 se
450 3442 158 30 trouve
633 3431 187 49 conquis
844 3439 98 32 tout
966 3429 139 40 entier
1129 3444 81 34 par
1234 3427 100 42 l'art
1359 3429 207 48 gracieux
1593 3438 42 29 et
1660 3430 34 37 si
1719 3425 196 42 aimable
1942 3427 55 40 de
2023 3443 50 24 ce
2099 3428 161 47 projet.
