2578 3934
1919 3575 287 51 NOV.-DÉC.
2235 3589 83 35 192!

222 3589 69 38 LA
317 3579 125 49 CITÉ

1217 3576 92 49 287

585 247 203 37 Concours
817 263 100 28 pour
945 264 50 21 un
1024 251 121 42 palais
1172 253 50 33 du
1251 253 139 43 peuple
2192 254 77 38 232

267 308 155 34 Dinant.
522 308 203 36 Concours
2191 317 81 35 208

266 367 146 35 Ixelles.
525 369 204 35 Concours
759 385 99 28 pour
887 372 37 35 la
954 376 265 32 construction
1249 389 49 20 au
1329 378 197 33 cimetière
1556 378 224 35 communal
1810 378 95 35 d'un
1938 392 109 21 monu-

587 439 104 25 ment
719 440 36 25 et
783 430 115 36 d'une
927 432 177 35 nouvelle
1131 439 130 29 entrée
2217 439 53 34 49

531 489 203 35 Concours
764 505 99 28 pour
893 491 34 35 la
957 496 266 32 construction
1254 509 49 20 au
1333 498 196 33 cimetière
1561 498 223 35 communal
1813 498 95 35 d'un
1936 513 111 21 monu-

588 560 104 24 ment
721 559 35 25 et
785 550 115 35 d'une
927 552 179 35 nouvelle
1132 557 131 31 entrée
2189 560 80 34 208

531 610 203 34 Concours
764 625 100 28 pour
893 612 34 34 la
957 616 266 32 construction
1254 629 49 20 au
1334 618 195 33 cimetière
1561 618 223 35 communal
1812 619 95 35 d'un
1937 634 109 20 monu-

588 680 104 25 ment
720 680 36 25 et
785 670 114 36 d'une
927 672 178 35 nouvelle
1132 677 131 31 entrée
2187 680 80 35 259

262 731 63 41 La
365 729 233 44 Louvière.
640 730 233 43 Concours
914 748 115 35 pour
1071 733 42 41 la
1153 737 305 40 construction
1503 735 28 42 d
1552 751 87 29 une
1677 738 89 40 cité

529 804 216 40 ouvrière.
1832 808 147 44 XI-XI
1985 809 14 43 I
2170 811 94 43 272

270 874 71 33 Les
365 874 164 34 Artistes
554 875 171 33 Anciens
750 875 271 35 Combattants
2190 882 80 36 256

266 933 126 42 Liège.
495 934 203 34 Concours
725 935 45 33 de
795 935 111 42 plans
931 936 276 34 d'habitations
1233 951 99 27 pour
1358 936 34 35 la
1420 948 20 24 «
1464 938 151 35 Maison
1640 939 201 43 Liégeoise
1865 952 23 24 »
2196 943 64 35 101

268 992 103 36 Lille.
480 994 202 34 Concours
711 994 65 34 des
803 995 109 42 plans
939 994 339 45 d'aménagement
1305 1006 36 25 et
1366 997 243 36 d'extension
1637 999 47 35 de
1709 999 36 35 la
1772 999 89 36 ville
1885 1001 50 34 de
1959 1001 93 36 Lille
2215 1003 52 35 80

266 1053 120 40 Lyon.
491 1053 202 34 Concours
719 1054 47 34 de
788 1054 37 34 la
851 1055 109 34 Foire
985 1056 47 33 de
1056 1056 107 41 Lyon
1196 1056 238 43 (Printemps
1470 1058 120 44 1922)
1621 1058 191 41 Mobilier,
1837 1059 234 46 Chauffage,

546 1112 210 43 Eclairage,
788 1114 238 34 Ventilation
2189 1122 78 35 230

266 1173 178 34 Mobilier
473 1175 22 31 à
523 1173 239 35 bonmarché
799 1175 224 41 (Concours
1053 1176 45 33 de
1126 1176 76 42 —)
1239 1180 179 39 organisé
1449 1192 70 28 par
1548 1178 35 34 la
1613 1182 187 39 province
1828 1180 49 35 de
1904 1180 169 36 Brabant

797 1244 35 23 et
858 1234 171 35 Hainaut
2188 1242 79 35 228

268 1293 177 34 Mobilier
470 1307 99 28 pour
595 1295 235 34 habitations
855 1296 22 33 à
901 1296 77 33 bon
1006 1298 158 33 marché
1197 1298 224 41 (Concours
1447 1312 99 28 pour
1570 1299 77 43 —)
2196 1302 72 35 180

266 1352 405 37 Molenbeek-St-Jean
696 1354 293 53 (Urbanisation
1016 1356 68 42 de)
2195 1362 9 34 1
2217 1362 22 35 0
2252 1362 8 34 1

267 1413 417 36 Molenbeek-St-Jean.
794 1415 203 35 Concours
1025 1430 99 28 pour
1151 1416 303 37 l'Urbanisation
1483 1418 50 35 du
1559 1421 197 33 territoire
1790 1419 92 44 (de)
2197 1421 70 35 155

266 1473 184 35 Ostende.
557 1474 203 35 Concours
788 1489 101 28 pour
913 1474 202 38 l'érection
1142 1478 91 34 d'un
1263 1488 227 24 monument
1519 1480 316 34 commémoratif
2189 1482 78 35 208

268 1535 118 34 Paris.
489 1535 214 35 Entretient
729 1536 47 34 de
799 1535 37 36 la
860 1535 99 36 Voie
984 1536 185 44 publique
1199 1538 215 43 (concours
1439 1539 47 35 de
1510 1539 190 43 procédés
1724 1540 36 34 d*
1846 1540 17 44 )
2218 1542 49 35 80

269 1594 190 33 Procédés
486 1594 47 35 de
563 1597 267 33 construction
858 1606 35 24 et
922 1596 22 33 d
963 1600 298 39 aménagement
1289 1597 275 36 d'habitations
1593 1603 21 31 à
1643 1599 79 35 bon
1752 1600 171 35 marché.
1955 1601 118 35 Paris.

434 1653 203 35 Concours
666 1653 45 35 de
737 1656 76 42 —)
2195 1661 72 34 199

270 1713 245 34 Saventhem.
614 1714 52 36 La
689 1715 279 36 Construction
992 1717 115 35 d'une
1132 1717 234 44 Cité-Jardin
2197 1717 72 40 154

269 1772 256 36 Schaerbeek.
637 1774 202 36 Concours
868 1790 100 28 pour
997 1776 33 34 la
1059 1777 234 43 Cité-Jardin
1322 1778 48 35 de
1398 1778 245 35 Schaerbeek
2199 1780 44 35 10
2255 1781 8 34 1

268 1835 411 40 Seraing-sur-Meuse.
791 1836 276 35 Construction
1097 1837 276 36 d'habitations
1402 1842 21 30 à
1451 1839 77 35 bon
1559 1839 160 35 marché
2192 1840 76 35 232

983 1976 589 80 Bibliographie

266 2097 104 42 Van
398 2097 272 51 Doesburgh
706 2098 198 51 (Théo).
939 2098 230 51 Classique
1199 2126 14 8 -
1246 2100 208 51 Baraque
1483 2126 15 8 -
1529 2100 238 43 Moderne.

764 2170 122 41 L/art
918 2171 57 42 de
1006 2170 242 52 Rapports.
1286 2170 320 52 Physionomie
1637 2172 61 43 de
1728 2171 42 42 la

532 2241 97 42 Cité
663 2243 57 40 de
755 2243 193 47 demain,
985 2260 81 32 par
1098 2241 108 52 J.-F.
1243 2243 207 42 Hoeben.
1944 2243 64 42 VI
2183 2243 86 41 133

273 2315 51 31 De
353 2313 203 40 Bouwgids
2221 2318 49 34 49

270 2373 55 31 De
354 2373 203 40 Bouwgids
2198 2377 71 34 104

270 2434 76 33 Des
364 2435 130 33 Marez
521 2434 87 43 (G.)
708 2435 132 34 Traité
861 2436 300 35 d'architecture
1185 2450 70 28 par
1277 2436 37 35 F.
1337 2436 37 35 B.
2197 2436 70 35 103

271 2493 225 35 Habitation
521 2496 22 32 à
567 2497 79 31 Bon
670 2496 162 34 Marché
863 2496 59 43 (L'
949 2497 76 42 —)
1056 2497 129 35 Revue
1211 2496 211 36 Mensuelle
1456 2498 14 42 (
1486 2498 6 32 ï
1505 2497 63 40 29,
1597 2498 186 34 chaussée
1811 2497 213 44 St-Pierre)
2201 2495 69 36 155

270 2554 250 34 Mouvement
548 2556 233 33 Communal
807 2554 69 54 (Le
899 2556 75 42 —)
2200 2556 71 35 104

270 2614 258 41 Nachtergaal
565 2615 91 42 (A.)
690 2615 165 43 Agenda
885 2616 49 34 du
962 2616 203 39 Bâtiment,
1200 2618 18 32 7
1223 2623 14 17 e
1266 2617 144 35 édition
1448 2618 111 39 1921,
1590 2620 86 40 prix
1712 2618 43 35 10
1787 2617 130 35 francs
2201 2616 68 34 155

273 2672 125 35 Office
424 2673 66 34 des
515 2675 166 39 Régions
706 2674 200 35 dévastées
938 2675 182 42 (Bulletin
1148 2676 46 35 de
1221 2676 21 33 1'
1270 2678 75 41 —)
2199 2677 70 34 104

270 2733 128 34 Office
426 2733 66 35 des
521 2735 166 40 Régions
716 2734 198 35 dévastées
950 2736 178 43 (Manuel
1156 2737 46 33 de
1232 2738 21 32 1'
1343 2738 14 42 )

271 2794 213 41 Quinzaine
513 2795 170 36 Urbaine
718 2796 74 43 (La
818 2797 75 42 —)
2201 2796 69 35 104

273 2853 150 35 Société
452 2855 181 35 Centrale
661 2855 314 36 d'Architecture
1010 2857 183 42 (Bulletin
1223 2858 172 34 mensuel
1424 2859 46 34 de
1498 2858 36 35 la
1561 2859 77 43 —)
2220 2856 51 34 49

824 2996 395 64 Planches
1271 2999 443 62 hors=texte

273 3116 166 36 Flanche
467 3118 25 34 I.
600 3119 359 42 Expérimentation
985 3120 46 34 de
1059 3134 207 20 nouveaux
1295 3123 216 31 matériaux
1539 3129 37 25 et
1601 3120 47 36 de
1676 3120 85 34 leur
1789 3120 95 34 mise

621 3193 45 20 en
693 3193 144 20 oeuvre.
866 3179 91 34 Plan
985 3179 68 34 des
1082 3181 179 33 maisons.
1290 3180 119 34 Arch.
1439 3180 29 42 J.
1497 3179 188 44 Eggericx
2009 3177 14 35 1
2220 3176 50 36 12

274 3236 166 35 Planche
467 3238 43 35 11.
618 3238 114 35 Idem.
2010 3238 15 35 I
2230 3236 42 37 12

273 3293 167 37 Planche
465 3297 58 33 111.
628 3297 115 34 Idem.
772 3298 91 34 Plan
891 3298 337 43 d'aménagement
2011 3297 12 34 !
2230 3295 40 36 12

274 3355 168 36 Planche
472 3356 62 35 IV.
650 3358 37 34 ld
692 3372 72 21 em.
798 3360 88 41 plan
918 3360 337 41 d'aménagement
2011 3357 11 35 î
2229 3357 8 31 1
2253 3356 17 33 3
