2578 3934
1949 3618 288 50 NOV.-DÉC.
2267 3633 84 35 1921

1255 3604 127 76 263

250 3628 66 37 LA
364 3619 124 48 CITÉ

301 303 87 35 que
423 286 40 41 le
499 283 150 52 public
684 282 134 51 belge
854 292 66 32 est
955 280 289 43 absolument
1279 280 164 43 inculte
1478 299 54 25 en
1570 284 185 40 matière
1794 280 354 42 d'architecture.
2192 280 110 43 Cela

301 373 111 26 nous
449 355 154 42 décèle
636 371 56 24 en
729 356 149 39 même
914 364 147 39 temps
1096 353 42 41 la
1173 368 132 25 cause
1341 355 151 39 même
1626 369 131 25 cause
1794 351 234 43 collective
2067 364 43 31 et
2144 361 158 32 contre

301 426 192 53 laquelle
529 436 125 32 toute
685 426 218 41 initiative
936 426 153 49 privée
1125 426 122 39 vient
1282 442 49 24 se
1363 425 140 41 briser
1536 450 68 6 -
1640 425 57 41 de
1733 425 254 41 l'immense
2021 424 158 42 lacune
2216 438 88 37 que

300 516 114 27 nous
452 514 176 26 venons
670 496 58 42 de
767 494 190 52 signaler
1000 496 112 41 dans
1153 495 188 41 l'œuvre
1384 496 58 41 de
1482 496 41 41 la
1565 495 373 44 Reconstruction
1982 497 78 41 des
2103 496 198 50 Régions

301 571 259 41 Dévastées.

430 640 115 42 Mais
568 656 51 24 ce
641 642 115 47 sujet
777 650 67 30 est
868 650 100 38 trop
992 648 127 31 vaste
1143 655 113 33 pour
1281 638 105 51 qu'il
1411 641 146 48 puisse
1581 642 93 39 être
1698 640 128 41 traité
1851 641 64 40 ici.
1944 639 31 43 Il
2000 656 113 25 nous
2138 638 162 43 faudra

299 712 214 52 plusieurs
546 713 212 40 numéros
788 726 115 34 pour
936 727 55 24 en
1026 708 111 43 faire
1169 712 234 39 connaître
1435 708 214 53 quelques
1682 719 186 42 aspects.

432 936 120 42 Tout
584 945 183 41 compte
799 935 92 46 fait,
926 935 107 42 c'est
1065 936 41 40 la
1138 938 303 39 construction
1476 935 323 41 d'habitations
1830 939 25 37 à
1886 936 94 41 bon
2013 936 180 41 marché
2227 938 72 49 qui

302 1025 111 26 nous
442 1008 131 47 offre,
603 1025 56 24 au
687 1009 129 49 point
844 1007 57 41 de
929 1023 87 25 vue
1043 1006 322 47 architectural,
1399 1007 40 41 le
1465 1007 224 49 spectacle
1717 1007 42 42 le
1788 1006 98 52 plus
1914 1006 250 43 consolant.
2197 1008 102 41 Non

301 1097 81 34 pas
414 1096 85 35 que
532 1079 92 42 Ton
659 1082 61 38 ait
751 1079 185 50 produit
968 1078 177 51 jusqu'à
1178 1081 181 48 présent
1388 1078 238 51 beaucoup
1666 1079 58 42 de
1755 1077 158 42 choses
1948 1077 348 51 remarquables.

301 1152 124 42 Nous
455 1168 55 24 en
538 1167 198 25 sommes
767 1165 175 31 encore,
976 1168 54 23 en
1061 1159 117 32 cette
1208 1152 198 44 matière,
1439 1167 56 24 au
1526 1149 130 42 stade
1686 1153 57 38 où
1773 1149 93 42 l'on
1898 1148 81 43 fait
2007 1149 126 43 école
2166 1161 44 31 et
2239 1148 62 43 les

301 1223 148 42 élèves
475 1225 72 48 qui
574 1224 209 39 méritent
807 1221 41 41 la
873 1237 232 26 couronne
1131 1221 56 42 de
1212 1222 159 40 laurier
1395 1232 102 31 sont
1525 1237 86 35 peu
1638 1220 264 43 nombreux.
1934 1221 114 42 Mais
2075 1220 134 43 l'élan
2235 1229 66 31 est

300 1296 172 46 donné;
503 1293 62 42 les
592 1296 199 47 énergies
819 1310 47 24 se
894 1292 188 43 tendent
1106 1303 404 39 courageusement
1536 1307 101 27 vers
1665 1308 86 27 une
1781 1291 136 43 étude
1943 1294 358 39 consciencieuse

301 1367 59 41 du
386 1365 251 51 problème,
666 1364 62 42 les
752 1367 187 48 progrès
965 1375 102 31 sont
1092 1362 350 44 incontestables
1467 1375 45 31 et
1536 1362 192 52 rapides.

434 1437 121 42 C'est
583 1441 26 37 à
636 1437 40 40 la
705 1437 175 41 Société
909 1435 239 42 Nationale
1177 1436 78 41 des
1285 1435 290 42 Habitations
1603 1439 25 38 à
1658 1435 97 42 Bon
1785 1434 184 42 Marché
1999 1451 86 35 que
2113 1434 93 43 l'on
2235 1444 66 32 est

300 1509 244 42 redevable
571 1526 54 24 en
650 1508 172 51 grande
845 1510 145 49 partie
1014 1508 58 41 de
1098 1508 41 41 la
1163 1508 152 41 bonne
1342 1519 213 31 tournure
1581 1507 79 41 des
1686 1509 302 39 événements.
2018 1505 123 43 C'e9t
2167 1510 27 37 à
2218 1521 82 26 son

301 1583 178 39 activité
504 1597 86 33 que
616 1580 90 42 l'on
735 1580 95 41 doit
855 1580 154 41 l'essor
1034 1579 158 50 rapide
1217 1596 84 34 que
1326 1579 41 41 la
1393 1581 304 39 construction
1724 1577 325 43 d'habitations
2077 1578 226 41 ouvrières

301 1670 24 24 a
362 1655 89 47 pris
489 1652 111 41 dans
638 1662 129 31 notre
804 1668 124 33 pays,
968 1669 55 23 au
1063 1662 205 30 moment
1305 1653 69 43 où,
1418 1667 52 24 en
1510 1649 165 42 dehors
1715 1650 78 41 des
1833 1651 176 48 régions
2050 1650 248 44 dévastées,

300 1724 246 42 l'industrie
574 1724 57 40 du
656 1723 222 41 bâtiment
903 1740 29 33 y
957 1726 107 38 était
1091 1723 266 41 totalement
1384 1724 185 39 arrêtée.
1601 1721 62 42 La
1691 1723 305 40 construction
2025 1721 58 42 de
2110 1719 193 52 quelque

304 1796 141 41 5.000
474 1799 197 38 maisons
698 1813 25 23 a
751 1797 70 39 été
850 1796 243 48 entreprise
1122 1811 55 24 au
1205 1810 131 24 cours
1365 1794 56 41 de
1450 1792 178 42 l'année
1657 1796 73 47 qui
1758 1796 122 38 vient
1912 1793 55 41 de
1997 1792 113 42 finir.
2142 1792 75 42 On
2248 1806 54 26 en

301 1878 177 39 promet
511 1869 106 39 trois
651 1884 57 23 ou
741 1876 156 40 quatre
931 1867 86 40 fois
1048 1876 156 30 autant
1234 1881 115 35 pour
1382 1865 178 40 l'année
1593 1882 53 24 en
1680 1880 141 25 cours.
1860 1863 123 42 C'est
2014 1880 101 34 peu,
2155 1862 149 41 diront

301 1938 215 42 d'aucuns
556 1941 72 48 qui
666 1956 47 23 se
752 1940 297 39 souviennent
1092 1938 57 40 de
1190 1936 172 42 l'effort
1400 1938 218 39 immense
1659 1936 58 42 de
1755 1951 112 34 pays
1907 1938 247 46 étrangers;
2196 1951 24 24 c
2241 1943 63 32 est

302 2013 197 43 énorme,
532 2010 150 41 diront
706 2025 111 25 ceux
843 2012 72 47 qui
941 2011 286 39 connaissent
1252 2008 187 40 l'inertie
1466 2008 60 40 du
1553 2010 141 43 nôtre,
1725 2017 42 31 et
1795 2010 73 47 qui
1893 2017 159 31 savent
2078 2023 86 34 que
2190 2021 114 34 pour

301 2081 215 42 l'amener
553 2084 26 37 à
615 2097 235 25 consacrer
888 2079 214 51 quelques
1139 2095 193 35 pauvres
1369 2078 195 42 millions
1601 2082 25 37 à
1663 2089 120 30 cette
1821 2094 155 26 œuvre
2013 2076 210 43 utilitaire
2260 2086 44 33 et

301 2152 375 42 essentiellement
709 2152 281 51 productive,
1029 2151 27 41 il
1092 2151 96 42 faut
1223 2151 99 51 plus
1357 2149 309 51 d'éloquence,
1705 2150 57 42 de
1797 2151 271 45 conviction,
2108 2148 196 43 d'activé

299 2224 299 50 propagande
624 2223 105 51 qu'il
757 2223 101 42 n'en
885 2222 240 42 faudrait...
1156 2239 114 33 pour
1296 2225 166 39 arrêter
1489 2222 42 42 le
1555 2220 246 52 gaspillage
1827 2221 114 42 dont
1967 2237 112 25 nous
2105 2218 198 51 parlions

301 2305 96 32 tout
423 2298 26 38 à
476 2295 180 42 l'heure.

367 2367 115 41 Mais
504 2366 40 42 la
568 2368 185 49 pénurie
778 2366 55 41 de
858 2366 252 49 logements
1133 2376 65 30 est
1221 2363 102 42 telle
1350 2381 85 34 que
1458 2364 188 41 l'œuvre
1670 2363 213 50 s'impose
1908 2380 82 34 par
2014 2380 47 25 sa
2088 2364 213 40 nécessité

300 2442 148 37 même
480 2456 9 23 :
516 2438 84 41 elle
623 2437 177 51 répond
824 2440 25 38 à
873 2453 58 25 un
958 2436 79 42 des
1061 2436 99 51 plus
1184 2438 246 47 impérieux
1454 2435 181 41 besoins
1660 2436 182 40 sociaux
1869 2433 58 42 de
1950 2443 130 32 notre
2106 2437 191 47 époque.

433 2509 100 42 Une
563 2509 85 42 fois
677 2509 57 41 de
762 2508 110 51 plus,
904 2507 324 42 l'architecture
1259 2506 165 51 profite
1453 2506 57 41 de
1538 2523 50 24 ce
1615 2508 228 39 caractère
1868 2503 152 44 social.
2053 2505 62 42 La
2145 2514 156 33 nature

300 2584 149 38 même
485 2581 59 41 du
577 2580 237 52 problème
851 2578 189 51 déplace
1072 2578 117 42 l'axe
1226 2578 77 41 des
1337 2579 377 49 préoccupations
1750 2577 58 42 de
1842 2576 284 42 l'architecte.
2167 2577 31 42 Il
2236 2585 65 32 est

299 2652 102 41 bien
430 2652 124 42 forcé
581 2655 25 38 à
633 2654 181 48 présent
840 2651 56 41 de
922 2659 162 33 mettre
1111 2667 55 25 au
1195 2661 176 31 rancart
1396 2666 48 24 sa
1472 2651 172 39 science
1672 2648 297 51 académique
1995 2658 44 32 et
2067 2647 206 43 archéolo-

300 2726 143 48 gique,
479 2740 68 25 ses
577 2723 261 42 collections
871 2723 57 41 de
959 2720 160 53 profils
1150 2732 43 31 et
1225 2721 321 45 d'ornements,
1580 2735 69 26 ses
1679 2721 297 49 conceptions
2009 2719 58 42 de
2098 2718 197 52 façades.

299 2794 64 42 Ce
401 2796 137 50 qu'on
576 2795 59 41 lui
673 2793 240 48 demande,
955 2792 108 42 c'est
1103 2792 55 42 de
1196 2791 215 43 résoudre
1447 2808 58 24 un
1545 2789 236 52 problème
1822 2789 184 43 d'ordre
2045 2789 251 52 technique,

299 2867 158 49 simple
482 2883 52 24 en
559 2881 269 35 apparence,
856 2868 111 38 mais
990 2882 54 24 en
1068 2863 153 43 réalité
1246 2864 90 41 fort
1359 2862 250 51 complexe.
1637 2862 83 42 Les
1745 2860 242 44 difficultés
2013 2861 29 43 d
2063 2863 235 39 exécution

298 2937 244 42 l'amènent
569 2937 370 43 inévitablement
965 2940 25 37 à
1016 2939 239 38 concevoir
1284 2951 54 25 en
1364 2936 125 44 série,
1519 2937 25 38 à
1569 2932 306 42 standardiser
1901 2949 69 26 ses
1997 2932 217 42 éléments
2244 2931 57 41 de

300 3012 317 45 construction,
656 3012 127 38 voire
817 3012 149 38 même
1000 3011 27 38 à
1063 3005 318 45 industrialiser
1421 3022 22 25 «
1483 3023 48 24 sa
1566 3005 271 49 conception
1876 3003 340 45 architecturale
2255 3020 40 26 ».

299 3078 54 42 Et
373 3080 58 40 de
452 3080 40 41 la
511 3092 121 30 sorte
653 3080 278 50 s'imposent,
956 3097 80 32 par
1059 3080 42 40 la
1123 3079 125 41 force
1268 3080 147 39 même
1439 3077 78 42 des
1539 3076 170 46 choses,
1736 3076 78 42 des
1837 3077 181 40 notions
2041 3074 259 50 auxquelles

301 3149 24 42 F
334 3150 240 44 architecte
607 3151 134 51 belge
779 3154 108 40 était
924 3168 54 26 en
1017 3149 180 52 général
1235 3148 190 44 revêche
1463 3159 42 32 et
1545 3148 111 41 dont
1696 3147 63 42 les
1796 3146 98 52 plus
1932 3145 129 51 longs
2101 3145 200 42 discours

298 3239 54 23 ne
379 3226 190 38 seraient
597 3226 127 47 point
751 3239 224 34 parvenus
1001 3225 25 38 à
1053 3222 41 41 le
1122 3222 282 40 convaincre.

434 3292 223 43 Peut-être
685 3294 137 49 qu'un
850 3298 114 47 jour,
995 3293 179 49 lorsque
1197 3300 118 33 cette
1341 3290 230 43 évolution
1599 3306 107 26 aura
1733 3289 185 51 produit
1945 3299 100 32 tous
2071 3306 69 25 ses
2167 3288 135 43 effets

301 3365 191 49 négatifs
524 3376 41 30 et
597 3382 106 25 aura
739 3365 263 42 débarrassé
1034 3381 82 25 son
1150 3365 135 49 esprit
1317 3363 81 42 des
1430 3363 181 42 notions
1641 3360 174 43 inutiles
1847 3364 74 48 qui
1954 3360 344 48 l'encombrent,
