2575 3314
261 377 118 27 Kiinstler
390 378 65 26 auch
470 378 39 27 bei
523 378 58 27 dem
595 379 134 26 schonsten
742 379 111 30 Talente,
872 379 57 26 dem
944 385 105 20 treusten
1065 380 38 24 Na-

261 416 96 27 tursinn
376 417 87 27 immer
484 418 70 26 darin
574 418 52 26 sich
645 418 116 36 ergeben,
780 418 53 26 dafs
852 429 24 15 er
897 428 73 27 sogar
991 419 25 25 in
1037 418 83 26 semen

261 454 85 28 besten
361 457 163 36 Leistungen,
539 467 54 16 was
612 457 74 26 deren
701 459 158 25 Formenheit
874 459 104 35 angeht,
997 457 38 26 die
1050 455 71 28 Tiefe

262 494 53 26 und
330 495 78 32 Fiille,
423 496 40 25 die
478 497 100 25 Einheit
598 497 51 25 und
664 497 148 26 Wesenheit
825 498 43 25 der
881 496 152 27 Naturform
1050 497 70 25 nicht

259 543 43 17 zur
317 533 88 27 Halfte
419 535 117 31 erreicht,
552 536 49 26 wie
620 536 66 26 derm
699 537 74 26 sollte
792 547 26 16 er
831 536 104 27 dariiber
951 536 169 35 hinausgehen

318 611 176 28 Unerfreulich
510 621 110 19 mussten
639 615 85 26 solche
739 617 92 24 Worte
850 615 47 27 den
916 615 203 26 Ideenkiinstlern

258 650 42 26 der
311 653 62 29 Zeit,
386 653 110 35 paradox
511 653 53 26 und
578 654 202 26 unverstandlich
794 654 57 27 dem
860 654 136 27 Publikum
1007 654 112 35 klingen.

257 691 39 24 Sic
315 691 93 35 zeigen,
431 693 51 24 wie
500 693 56 25 sehr
576 693 39 25 ihr
629 694 84 25 Autor
732 693 54 26 cine
800 693 74 27 Stelle
892 704 62 26 ganz
968 693 42 27 fiir
1024 693 52 27 sich
1094 693 25 25 in

259 730 79 26 seiner
349 731 54 25 Zeit
417 731 119 26 einnahm
552 732 51 26 und
618 742 51 16 yon
683 732 83 27 welch
777 733 85 26 hohen
874 732 191 38 Standpunkten
1077 742 41 16 aus

258 778 25 15 er
297 770 33 24 sic
347 770 171 27 iiberschaute.
546 772 33 24 So
594 770 185 37 fernabliegend
794 782 50 15 yon
859 772 57 26 dem
930 773 121 35 geistigen
1062 774 44 23 Stu-

259 808 71 26 dium
344 809 78 26 seiner
437 810 55 25 Zeit
508 810 55 26 sind
578 811 66 25 seine
659 810 233 37 Gedankengange,
912 810 53 27 dafs
984 812 34 24 sic
1033 810 40 26 oft
1087 820 31 16 an

258 847 119 26 moderne
386 847 52 27 und
448 848 141 27 modernste
596 850 202 36 Anschauungen
808 851 156 35 prophetisch
974 850 143 36 anklingen.

258 887 32 25 So
306 886 53 26 halt
378 897 25 16 er
422 887 49 26 den
488 888 27 25 in
532 887 205 27 schrankenloser
751 884 147 40 Verehrung
916 890 51 25 und
987 899 58 16 zum
1064 889 55 25 Teil

258 926 64 25 auch
344 926 25 25 in
391 926 190 37 Nachahmung
604 928 43 25 der
669 928 66 25 alten
760 929 104 25 Meister
885 928 155 35 befangenen
1061 929 47 25 zeit-

258 965 176 34 genossischen
448 966 133 25 Kiinstlern
602 966 177 26 rucksichtslos
798 967 48 25 den
860 969 53 24 Satz
929 978 56 19 vor,
1007 967 52 26 dafs
1079 968 39 25 die

257 1003 103 35 grofsen
375 1004 133 26 Vorbilder
526 1005 40 25 die
585 1005 95 26 Gefahr
699 1007 24 25 in
742 1006 52 25 sich
813 1013 97 28 tragen,
930 1007 39 25 die
987 1009 83 23 Kunst
1089 1016 29 16 zu

254 1042 109 31 lahmen,
378 1043 53 25 und
446 1043 53 26 dafs
515 1044 40 25 die
571 1045 143 25 malerische
725 1045 112 25 Technik
852 1046 70 24 nicht
937 1046 79 25 durch
1031 1046 70 25 Nach-

256 1083 116 35 ahmung
386 1081 182 28 vortrefFlicher
582 1083 182 30 Kunstwerke,
785 1084 106 25 sondern
911 1094 46 16 nur
974 1085 79 25 durch
1071 1085 47 25 den

257 1120 137 27 Wetteifer
409 1123 46 24 mit
470 1122 42 25 der
526 1123 172 34 Erscheinung
712 1122 146 26 wirklicher
872 1123 82 34 Dinge
973 1123 145 26 entwickelt

258 1160 74 27 wird.
361 1161 61 25 Hier
437 1162 31 24 ist
482 1162 121 36 implicite
622 1162 206 34 ausgesprochen,
849 1171 53 16 was
917 1162 49 25 wir
983 1168 47 19 erst
1045 1162 58 25 heut-

257 1206 87 28 zutage
356 1200 95 25 wieder
465 1210 51 16 yon
530 1201 43 25 der
587 1202 80 23 Kunst
687 1209 28 16 zu
730 1199 101 26 fordern
846 1200 94 34 gelernt
955 1200 92 30 haben,
1062 1200 54 26 dafs

257 1239 34 25 sic
311 1239 53 25 ihre
385 1239 54 25 Zeit
455 1239 218 36 wiederspiegeln,
695 1238 54 26 dafs
773 1238 34 25 sic
829 1238 115 35 originell
969 1239 52 25 sein
1041 1239 75 31 mufs,

259 1277 53 26 dafs
332 1278 33 25 sic
384 1278 35 25 als
439 1280 82 24 Kunst
540 1288 46 15 nur
608 1288 27 15 so
650 1278 62 25 weit
731 1277 54 34 gilt,
806 1277 34 25 als
859 1278 34 24 sic
913 1278 84 25 nicht
1017 1277 100 27 friihere

260 1318 80 24 Kunst
358 1317 164 29 wiederholt,
545 1317 46 25 mit
611 1317 81 25 einem
709 1317 88 28 Wort,
819 1315 55 26 dafs
896 1316 39 25 die
954 1318 82 25 Kunst
1059 1324 57 19 stets

259 1356 105 26 modern
378 1356 53 26 sein
445 1355 74 26 mufs.

317 1395 46 25 Em
375 1395 100 26 anderer
482 1394 120 27 Gedanke
610 1394 136 30 Rumohrs,
757 1394 41 26 der
810 1394 64 26 auch
886 1400 47 20 erst
941 1404 50 16 yon
1001 1405 44 15 uns
1054 1405 62 25 ganz

258 1434 144 36 gewiirdigt
416 1434 103 26 werden
534 1433 76 31 kann,
626 1434 42 30 ist,
685 1432 52 28 dafs
753 1433 47 27 alle
812 1434 70 26 echte
896 1435 82 25 Kunst
991 1433 70 27 lokal
1078 1435 37 25 ist.

257 1473 76 30 „Alle
347 1473 119 26 wirklich
481 1473 147 26 wertvollen
644 1473 107 26 Schulen
769 1473 44 26 der
831 1473 65 26 alten
911 1474 50 25 wie
980 1473 42 26 der
1035 1483 80 16 neuen

257 1512 82 30 Welt,
354 1520 52 28 sagt
421 1522 34 21 er,
470 1513 80 25 haben
570 1513 138 35 unleugbar
724 1514 39 24 em
782 1512 198 36 eigenthiimlich
1000 1513 115 25 ortliches

258 1552 125 25 Ansehen.
411 1551 132 27 Zwiefach
558 1553 30 25 ist
602 1552 54 35 jede
670 1554 119 34 Leistung
808 1548 42 30 der
864 1554 81 25 Kunst
963 1561 50 17 yon
1029 1561 87 17 aussen

257 1590 110 36 bedingt.
393 1592 98 25 Einmal
502 1592 79 25 durch
593 1592 38 25 die
642 1593 194 34 geschichtliche
847 1592 112 35 Stellung
970 1591 41 26 dcs
1023 1593 80 24 Kiinst-

258 1630 53 30 lers,
328 1629 65 26 dann
405 1630 79 26 durch
502 1631 39 25 die
561 1631 105 26 ortliche
681 1631 271 36 Gestaltentwicklung
966 1631 43 26 der
1023 1632 91 27 Natur,

257 1669 39 25 die
311 1669 44 25 ihn
534 1670 193 37 Merkwiirdige
742 1673 92 25 Worte
854 1672 26 25 in
902 1671 66 26 einer
990 1670 67 33 Zeit,
1076 1669 39 26 die

258 1708 54 25 cine
326 1718 28 16 so
374 1708 224 37 kosmopolitische
617 1710 130 26 Aesthetik
765 1711 69 25 hatte
849 1710 52 26 und
921 1709 42 27 fiir
980 1710 40 26 die
1040 1718 75 27 ganze

256 1747 74 26 Welt
348 1747 88 36 giltige
455 1750 177 34 Kunstgesetze
653 1748 79 36 geben
752 1759 28 16 zu
805 1749 103 26 konnen
929 1749 100 26 meinte.
1057 1747 56 26 Und

256 1788 55 33 jene
321 1786 165 36 gelegentlich
494 1786 192 37 hingeworfene
700 1788 64 31 Idee,
776 1788 54 26 dafs
845 1789 39 25 die
895 1791 80 23 Kunst
990 1788 69 25 nicht
1069 1796 46 16 nur

383 1825 59 27 oder
597 1829 82 23 Kunst
698 1828 33 24 sei
750 1828 128 30 „sondern
897 1828 52 25 sich
969 1826 58 26 iiber
1045 1825 67 27 Alles

256 1864 127 31 verbreite,
398 1875 52 16 was
462 1875 46 16 nur
522 1865 47 26 den
581 1865 133 27 Aufdruck
729 1867 42 25 der
782 1867 95 25 Gestalt
887 1866 88 26 zulafst
987 1865 51 26 und
1051 1864 63 27 auch

256 1904 42 25 das
317 1903 149 27 Handwerk
676 1905 83 26 welch
779 1907 40 24 em
836 1905 156 26 erfreuliches
1012 1903 91 27 Sacrile-

256 1943 72 35 gium
346 1944 30 25 ist
394 1944 35 24 sic
448 1944 27 25 in
492 1946 67 33 jener
576 1945 66 29 Zeit,
663 1944 40 26 die
721 1944 48 26 den
787 1943 95 37 BegrifF
896 1945 42 25 der
954 1946 83 24 Kunst
1056 1943 59 25 iiber

256 1981 47 26 alle
331 1982 114 26 Wolken
476 1983 109 26 erhoben
615 1984 50 25 und
695 1985 25 25 in
747 1984 43 26 das
819 1984 116 26 aufserste
963 1985 151 34 Empyraum

257 2028 102 19 versetzt
380 2022 75 25 hatte.
488 2022 66 26 Aber
570 2023 120 35 geradezu
711 2023 169 26 revolutioniir
900 2023 51 26 und
972 2023 34 25 als
1027 2021 33 27 ob
1081 2021 33 25 sic

256 2061 74 24 heute
348 2060 159 36 geschrieben
525 2071 82 20 ware,
630 2061 83 36 klingt
731 2063 55 25 cine
800 2062 168 36 Bemerkung,
987 2062 40 25 die
1045 2071 24 15 er
1089 2061 25 24 in

256 2100 83 25 semen
590 2101 166 34 gelegentlich
768 2102 63 25 eines
847 2101 119 27 Exkurses
979 2101 59 26 iiber
1048 2100 66 31 „den

255 2139 111 25 schonen
607 2139 41 25 em
676 2140 274 35 Hauptinventarstiick
979 2139 135 35 damaliger

255 2178 158 28 Kunstlehre,
424 2177 92 25 macht.
538 2177 60 29 „Ich
611 2178 140 34 verspreche
763 2180 46 24 mir
820 2186 56 19 stets
889 2190 48 16 yon
950 2179 46 27 den
1005 2179 108 26 schonen

256 2216 191 36 Gegenstanden
460 2215 43 25 das
519 2215 134 30 allerbeste,
669 2216 67 26 doch
751 2226 189 27 vorausgesetzt,
955 2218 53 26 dafs
1023 2218 34 26 sic
1071 2217 42 26 der

256 2258 127 27 Kunstart,
393 2256 26 25 in
430 2254 108 26 welcher
549 2254 40 25 die
597 2254 86 25 Arbeit
694 2255 142 27 vollbracht
847 2257 103 26 werden
960 2258 57 30 soil,
1029 2255 68 28 wohl-

256 2305 156 25 angemessen
425 2294 65 26 seien
501 2294 59 25 oder
575 2293 51 26 ihre
641 2293 113 26 aufseren
765 2297 121 29 Grenzen,
898 2297 52 25 ihre
961 2295 73 28 Kraft
1044 2295 69 26 nicht

256 2334 195 31 iiberschreiten;
466 2339 182 30 vorausgesetzt
663 2332 79 26 ferner
760 2333 54 26 dafs
829 2333 40 27 fiir
884 2336 34 24 sic
931 2336 43 26 der
987 2335 125 28 Kiinstler,

255 2372 108 27 welcher
377 2374 34 25 sic
431 2373 129 26 darstellen
580 2372 59 31 soil,
654 2372 53 27 sich
721 2372 111 27 herzhaft
853 2383 30 16 zu
902 2374 138 36 begeistern
1059 2382 54 18 ver-

345 2413 49 25 und
411 2414 64 25 auch
489 2413 42 25 das
547 2413 104 35 niithige
663 2414 68 34 Zeug
746 2411 97 32 besitze,
858 2414 34 24 sic
907 2415 106 34 gehorig
1027 2414 72 25 darzu-

256 2451 94 26 stellen.
380 2454 97 24 Wenn
494 2453 81 26 diese
589 2452 216 35 Bedingungen
824 2451 68 27 aber
911 2454 75 25 auch
1007 2451 105 27 erfiillt

253 2491 124 25 werden
397 2491 135 30 konnen,
552 2492 64 36 gibt
637 2492 50 25 der
704 2491 114 26 schone
837 2492 193 35 Gegenstand
1050 2499 62 17 nun

254 2530 112 26 einmal
377 2531 239 36 unumganglich
631 2531 47 27 em
689 2529 423 38 garstigesKunstwerk,wie

254 2569 181 34 umgekehrt
455 2570 50 26 der
529 2571 134 36 garstige
685 2570 193 36 Gegenstand
902 2571 47 24 em
971 2570 140 27 schones,

254 2617 88 16 wenn
359 2609 52 25 der
432 2609 145 27 Kiinstler
598 2611 61 25 ihm
685 2611 67 25 cine
774 2609 184 36 begeisterte
979 2607 132 26 Ansicht

254 2646 205 36 abgewinnen
480 2647 80 28 kann
581 2650 61 25 und
656 2649 145 36 iibrigens
820 2658 31 16 so
873 2647 59 27 viel
946 2645 165 35 Fiihigkeit

255 2686 58 25 und
328 2686 132 37 Bildung
476 2686 117 32 besitzt,
609 2688 68 26 dafs
692 2698 28 16 es
739 2688 91 26 schon
849 2687 64 25 cine
932 2685 111 26 Freude
1057 2685 52 29 ist,

1200 388 33 16 zu
1255 378 103 31 sehen,
1379 377 54 27 auf
1448 378 118 27 welche
1587 382 102 25 Weise
1710 393 30 16 er
1761 385 82 26 seine
1860 389 99 25 Kunst
1981 389 70 27 tiber-

1201 418 96 35 haupt
1311 417 153 26 betrieben
1479 418 58 25 und

1258 456 84 26 Schon
1361 455 64 27 nach
1445 456 82 27 diesen
1543 458 116 35 wenigen
1676 460 98 27 Zitaten
1795 463 65 26 wird
1881 475 23 15 es
1927 465 54 27 klar
2001 468 61 30 sein,

1200 495 53 26 dafs
1263 495 116 26 Rumohr
1386 495 39 25 em
1434 495 54 26 sehr
1496 496 149 35 origineller,
1657 499 56 24 sehr
1720 499 199 39 unabhiingiger,
1926 506 55 25 sehr
1990 505 72 27 freier

1200 535 69 26 Geist
1284 543 61 21 war,
1361 534 41 26 der
1416 534 52 26 sich
1485 535 27 25 in
1526 535 76 25 seiner
1622 536 101 35 eigenen
1738 539 56 25 Zeit
1809 556 37 4 —
1861 543 26 24 in
1903 543 99 34 Dingen
2018 545 41 26 der

1199 577 81 23 Kunst
1297 589 33 4 —
1346 574 86 34 wenig
1445 573 121 26 heimisch
1581 572 80 27 fiihlte
1676 576 53 25 und
1741 578 86 36 wenig
1838 582 146 26 verstanden
1997 594 62 16 war.

1199 612 116 28 Rumohr
1336 621 55 16 war
1408 612 42 25 das
1468 611 180 27 kiinstlerische
1667 615 130 26 Gewissen
1815 618 43 25 der
1877 619 26 25 in
1925 621 48 26 den
1992 622 54 26 idea-

1198 652 126 27 listischen
1343 653 119 34 Irrgarten
1480 657 132 29 geratenen
1641 653 62 25 Zeit.
1741 653 66 28 Aber
1825 666 54 16 wer
1899 659 97 27 achtete
2015 661 48 26 auf

1198 692 65 26 diese
1277 691 103 25 Stimme
1396 690 63 25 eines
1474 689 123 35 Predigers
1612 690 25 25 in
1652 690 42 25 der
1708 693 104 30 Wiiste,
1832 694 48 26 auf
1895 696 40 26 die
1949 708 60 16 man
2022 700 36 26 als

1199 729 48 29 auf
1264 730 39 26 die
1324 730 103 25 Stimme
1451 729 64 25 eines
1537 729 124 25 Erziehers
1682 730 43 25 der
1747 733 143 26 Deutschen
1911 745 43 16 zur
1975 739 82 25 Kunst

1198 771 68 26 hatte
1286 770 77 25 horen
1382 768 86 25 sollen.

1257 811 49 24 Das
1319 807 94 27 Gefiihl
1427 808 24 24 in
1461 807 66 25 einer
1538 806 101 26 Periode
1650 806 72 26 tiefer
1733 810 174 37 Demiitigung
1921 812 42 26 der
1974 816 82 26 Kunst

1197 858 31 17 zu
1242 847 71 28 leben
1326 857 54 16 war
1393 847 54 25 sehr
1461 845 67 26 stark
1542 846 25 24 in
1583 847 39 28 R.,
1638 854 23 17 er
1676 846 101 32 wufste,
1793 848 53 26 dafs
1862 859 50 17 yon
1932 862 61 16 vorn
2009 864 30 16 an-

1197 886 123 38 gefangen
1335 886 99 26 werden
1452 891 101 23 musste,
1574 893 75 16 wenn
1667 884 39 26 die
1724 886 119 27 deutsche
1861 891 82 24 Kunst
1961 892 94 27 wieder

1198 926 110 26 erstehen
1323 925 84 30 sollte,
1424 935 24 15 er
1462 934 54 16 war
1534 923 52 25 sich
1600 922 41 26 dcs
1660 924 118 35 geringen
1796 925 197 31 kiinstlerischen
2010 933 30 25 Be-

1198 965 132 27 diirfnisses
1351 964 40 26 dcs
1410 962 145 27 Publikums
1574 961 50 26 und
1646 962 43 25 der
1712 964 190 35 mangelhaften
1924 969 129 38 Schulung

1198 1005 51 28 und
1268 1004 107 35 Bildung
1393 1002 41 27 der
1447 1002 117 26 Kiinstler
1582 1000 53 26 klar
1654 1002 118 27 bewufst.
1800 1005 40 24 An
1860 1007 80 25 vielen
1961 1008 91 27 Stellen

1197 1046 78 25 seiner
1298 1041 123 28 Schriften
1441 1041 55 36 gibt
1518 1051 24 15 er
1563 1040 56 25 dem
1638 1040 145 31 Ausdruck,
1804 1045 23 32 ja
1852 1053 74 26 sogar
1952 1047 29 25 ist
2003 1047 50 27 dies

1197 1083 172 27 schmerzliche
1382 1079 160 28 Bewufstsein
1559 1089 26 15 so
1600 1078 103 31 lebhaft,
1717 1079 55 26 dafs
1787 1090 23 16 es
1824 1083 165 35 gelegentlich
2005 1086 47 26 den

1197 1129 68 20 sonst
1286 1131 27 16 so
1335 1120 106 30 kiihlen,
1463 1129 50 16 yon
1534 1118 59 26 aller
1617 1118 222 36 Empfindsamkeit
1864 1121 77 28 freien
1963 1127 89 29 Mann,

1197 1163 93 25 Worte
1304 1160 70 26 tiefer
1388 1161 125 33 Erregung
1528 1156 118 27 entlockt.

1257 1202 27 24 In
1305 1200 41 25 der
1365 1197 119 27 Dresdner
1502 1196 118 29 Gallerie,
1641 1202 53 29 sagt
1716 1206 23 16 er
1757 1198 92 25 einmal
1872 1200 25 24 in
1915 1199 48 27 den
1982 1201 70 31 „drei

1197 1240 90 26 Reisen
1302 1239 63 25 nach
1507 1236 30 25 ist
1555 1235 39 25 em
1609 1234 156 27 allerliebstes
1786 1237 53 25 Bild
1858 1247 29 16 zu
1906 1239 86 31 sehen,
2012 1241 41 26 die

1197 1278 166 27 Malerschule
1381 1277 41 25 dcs
1442 1278 69 23 Frans
1530 1274 93 25 Mieris.
1651 1275 32 24 Er
1702 1274 44 26 hat
1761 1274 60 27 eben
1840 1277 40 25 em
1898 1278 80 26 schon
1992 1289 45 16 vor-

1197 1317 128 37 geriicktes
1340 1316 53 26 Bild
1413 1316 25 24 in
1452 1314 94 29 Arbeit,
1561 1313 83 25 semen
1658 1313 72 26 Stuhl
1744 1313 57 27 aber
1819 1316 80 26 einem
1913 1317 139 27 Liebhaber

1197 1357 161 35 eingeraumt,
1369 1354 109 27 welcher
1489 1353 40 25 das
1539 1351 120 26 Gemalde
1670 1352 156 26 mitßlicken
1838 1355 104 31 ansieht,
1954 1357 97 26 welche

1197 1394 215 35 Verwunderung,
1426 1391 112 36 Prufung
1562 1391 49 25 und
1631 1391 39 25 em
1690 1392 200 28 unermefsliches
1912 1396 139 36 Verlangen

1197 1433 165 30 ausdriicken,
1377 1443 23 15 es
1419 1441 30 16 zu
1463 1432 114 25 besitzen.
1606 1430 81 25 Dieses
1702 1430 77 26 Stuck
1799 1431 86 28 erfiillt
1904 1435 69 25 mich
1994 1443 57 19 stets

1197 1474 45 25 mit
1261 1472 71 27 tiefer
1349 1471 135 34 Riihrung,
1503 1479 22 15 es
1545 1469 105 25 erinnert
1671 1470 67 25 mich
1758 1480 30 15 an
1808 1471 47 26 den
1877 1472 88 27 letzten
1985 1477 67 33 jener

1197 1512 205 28 Zeitabschnitte,
1424 1510 23 25 in
1466 1508 112 26 welchen
1597 1507 42 26 der
1656 1509 118 26 Kiinstler
1795 1510 67 27 noch
1882 1512 39 25 em
1943 1515 108 30 wahres,

1196 1552 103 35 inniges,
1313 1549 131 27 herzliches
1459 1547 139 35 Verlangen
1617 1556 29 16 zu
1667 1547 152 37 befriedigen
1838 1549 81 33 hatte,
1940 1554 110 26 wonach

1196 1590 46 36 gilt
1256 1591 46 24 mir
1317 1599 30 16 an
1363 1588 75 25 dieser
1452 1586 71 26 Stelle

1254 1627 60 27 Dafs
1328 1626 116 27 Rumohr
1454 1625 40 25 die
1507 1623 116 36 Aufgabe
1639 1626 49 25 und
1703 1626 47 27 den
1762 1627 79 26 Beruf
1850 1630 76 31 hatte,
1942 1630 48 27 auf
2000 1632 50 26 sein

1195 1667 68 26 Yolk
1274 1665 124 27 erziehend
1412 1674 28 16 zu
1451 1663 106 30 wirken,
1569 1674 54 16 war
1634 1665 53 26 ihm
1698 1666 52 26 voll
1761 1666 110 28 bewufst
1883 1670 52 25 und
1946 1681 54 15 war
2011 1672 40 26 em

1195 1705 130 30 Gedanke,
1341 1704 42 26 der
1400 1704 44 26 ihn
1462 1703 39 26 bei
1520 1703 32 25 all
1567 1703 83 27 semen
1665 1704 40 26 die
1720 1707 81 24 Kunst
1820 1707 168 29 betrefFenden
2004 1712 32 24 Ar-

1195 1745 80 25 beiten
1286 1743 160 27 beherrschte.
1470 1742 74 27 Auch
1556 1742 125 37 praktisch
1693 1744 135 37 bethatigte
1840 1757 25 15 er
1877 1748 44 25 ihn
1932 1748 119 32 vielfach,

1195 1784 83 26 indem
1297 1793 25 15 er
1335 1792 19 16 z.
1369 1784 26 24 B.
1413 1782 47 26 den
1479 1780 173 28 wirksamsten
1671 1784 83 25 Anteil
1772 1795 32 15 an
1821 1786 43 25 der
1882 1789 154 26 Neueinrich-

1194 1830 64 28 tung
1272 1823 41 24 dcs
1327 1822 108 25 Berliner
1448 1823 129 24 Museums
1595 1822 77 25 nahm
1693 1822 50 26 und
1756 1824 49 26 den
1820 1827 108 25 Versuch
1943 1829 108 30 machte,

1194 1862 47 25 den
1258 1863 92 33 jungen
1364 1860 88 34 Nerly,
1473 1860 38 25 bei
1525 1859 56 26 dem
1601 1870 25 15 er
1640 1861 103 27 Talente
1761 1863 116 28 entdeckt
1898 1865 80 32 hatte,
1993 1877 58 17 zum

1193 1900 117 27 Kiinstler
1324 1900 64 25 nach
1402 1900 83 24 semen
1497 1900 103 35 eigenen
1610 1900 73 26 Ideen
1695 1911 29 16 zu
1736 1902 118 27 erziehen.
1880 1906 39 25 Sic
1929 1906 120 36 gipfelten

1193 1940 80 29 darin,
1288 1938 53 27 dafs
1356 1939 40 25 die
1410 1938 141 26 technische
1564 1940 130 36 Schulung
1711 1951 57 17 zum
1788 1943 100 35 grofsen
1904 1946 53 26 Teil
1976 1946 60 28 abee-

1192 1979 124 26 schlossen
1330 1978 50 25 sein
1391 1981 88 26 miisse,
1491 1987 76 16 wenn
1578 1978 43 26 der
1630 1980 117 27 Kiinstler
1761 1982 26 25 in
1801 1983 42 26 das
1855 1985 70 26 Alter
1936 1986 116 35 geistiger

1192 2017 72 28 Reife
1286 2018 52 25 tritt
1363 2016 51 26 und
1436 2016 41 26 das
1502 2016 129 27 Bedurfnis
1655 2020 148 36 empfindet,
1826 2033 43 16 aus
1900 2025 52 26 sich
1977 2027 73 26 selbst

1192 2058 88 25 heraus
1295 2056 101 34 Eigenes
1412 2065 28 16 zu
1456 2054 117 32 schafFen,
1589 2056 53 27 dafs
1658 2057 53 28 also
1725 2062 66 26 nach
1805 2062 57 27 dem
1874 2066 119 36 Vorgang
2008 2067 42 26 der

1192 2095 74 28 Alten
1286 2095 40 25 die
1345 2095 87 25 Schule
1451 2095 40 26 dcs
1506 2096 128 27 Kiinstlers
1654 2099 79 27 schon
1755 2101 26 26 in
1799 2101 85 28 friiher
1896 2106 97 35 Jugend
2009 2106 28 26 be-

1192 2136 93 35 ginnen
1300 2137 91 28 miisse;
1407 2144 23 16 er
1446 2134 149 27 betrachtete
1610 2146 24 15 es
1649 2138 35 26 als
1703 2139 73 28 einen
1790 2142 169 29 Grundfehler
1974 2146 78 26 seiner

1192 2175 62 29 Zeit,
1270 2172 53 27 dafs
1337 2179 47 20 erst
1398 2174 64 26 nach
1476 2173 86 37 langer
1575 2176 184 40 Schulbildung
1774 2181 39 26 die
1828 2184 168 27 Kunstschule
2011 2185 28 26 be-

1192 2214 71 36 ginnt
1277 2212 51 26 und
1341 2212 38 26 die
1396 2211 82 27 besten
1490 2214 72 32 Jahre
1576 2216 102 35 eigenen
1694 2218 127 29 SchafFens
1842 2222 35 26 im
1894 2222 157 39 miihsefigen

1192 2253 97 35 Ringen
1308 2252 46 25 mit
1373 2251 56 26 dem
1448 2253 172 28 Technischen
1640 2255 140 39 hingehen,
1805 2262 40 26 em
1866 2263 123 26 Gedanke
2010 2265 43 25 der

1192 2293 74 25 heute
1281 2290 88 26 ebenso
1385 2291 95 26 aktuell
1495 2293 49 26 wie
1558 2304 31 16 zu
1603 2296 129 28 Rumohrs
1747 2300 54 26 Zeit
1816 2301 38 27 ist.

1249 2331 61 24 Wie
1324 2339 51 16 yon
1393 2330 78 27 seiner
1485 2333 103 35 eigenen
1602 2335 54 26 Zeit
1670 2337 30 26 ist
1715 2340 118 26 Rumohr
1848 2342 64 25 auch
1927 2344 126 35 spaterhin

1192 2371 38 25 nic
1247 2369 160 26 hinreichend
1421 2372 144 37 gewiirdigt
1580 2375 113 28 worden.
1722 2379 78 26 Selbst
1814 2382 67 25 noch
1896 2382 99 26 Grimm
2010 2383 43 26 hat

1192 2410 84 33 wenig
1284 2410 159 26 Verstandnis
1455 2410 41 27 fiir
1507 2412 44 26 ihn
1564 2415 103 36 gezeigt.
1686 2419 32 24 Er
1727 2426 77 19 nennt
1812 2421 44 26 ihn
1868 2421 72 26 einen
1951 2422 102 26 Schiiler

1192 2448 121 30 Goethes,
1335 2448 57 26 aber
1412 2450 24 25 in
1456 2450 64 27 alien
1539 2454 101 36 Dingen
1659 2456 42 26 der
1716 2460 82 25 Kunst
1815 2461 151 36 wenigstens
1986 2461 67 27 mufs

1191 2497 78 26 gegen
1281 2487 65 27 diese
1357 2489 184 29 Schulerschaft
1552 2494 94 26 Protest
1659 2497 110 27 erhoben
1780 2499 107 27 werden.
1909 2501 61 25 Hier
1982 2501 60 26 iiber-

1191 2526 42 26 sah
1249 2527 117 26 Rumohr
1384 2530 100 26 Goethe
1501 2532 70 27 weit.
1600 2536 119 26 Rumohr
1733 2538 72 26 stand
1819 2538 69 27 hoch
1903 2539 59 27 iiber
1976 2541 77 26 seiner

1191 2567 62 28 Zeit,
1264 2567 98 25 Goethe
1374 2568 61 26 trieb
1447 2570 36 26 im
1491 2572 82 26 Strom
1585 2573 43 26 der
1639 2575 182 28 herrschenden
1829 2580 163 35 Richtungen
2001 2580 52 26 und

1191 2604 66 27 teilte
1268 2604 39 27 die
1319 2608 103 25 meisten
1430 2610 116 26 Irrtiimer
1558 2612 42 26 der
1607 2614 109 35 Epoche.
1736 2619 118 25 Rumohr
1865 2625 54 29 sagt
1928 2630 51 15 yon
1992 2620 61 28 ihm,

1190 2653 85 21 „seine
1296 2646 164 29 historischen
1480 2652 149 26 Kenntnisse
1651 2654 52 26 und
1728 2656 161 28 technischen
1911 2658 142 27 Einsichten

1190 2693 85 17 waren
1296 2686 83 27 weder
1402 2688 55 26 sehr
1482 2691 190 39 mannigfaltig,
1700 2697 67 25 noch
1798 2697 73 26 selbst
1896 2708 157 16 zusammen-

1233 2880 0 0 295
