2575 3314
289 1312 40 26 die
343 1311 68 26 Zeile
431 1310 71 26 nicht
522 1308 132 26 festhalten
669 1307 76 26 kann.
780 1307 47 26 Die
841 1307 103 26 Besitzer
958 1306 142 27 betrachten
1115 1308 34 25 sic

289 1350 65 26 derm
369 1349 66 27 auch
449 1349 35 25 als
498 1349 39 24 em
549 1347 161 30 Bilderbuch;
725 1346 34 25 als
774 1347 39 24 em
826 1345 163 37 prachtvolks
1000 1345 149 27 Bilderbuch

289 1388 142 36 allerdings,
453 1388 31 25 da
506 1387 40 25 die
566 1396 51 16 yon
638 1388 80 23 Burne
731 1387 72 32 Jones
825 1385 62 25 dazu
908 1383 147 38 gefertigten
1070 1386 64 25 Holz-

288 1429 109 25 schnitte
411 1437 30 16 zu
456 1427 84 26 semen
554 1426 85 26 besten
649 1425 113 26 Werken
777 1424 117 36 gehoren.
916 1425 94 24 Morris
1025 1424 30 25 ist
1070 1423 80 27 ferner

289 1469 26 25 in
329 1467 43 26 der
386 1468 165 33 Ausstattung
565 1465 41 26 dcs
620 1465 81 26 Buchs
715 1465 93 25 seinem
822 1463 108 36 Princip:
945 1462 57 26 dem
1013 1463 78 30 Yolk,
1108 1464 42 25 der

288 1506 140 31 Mehrzahl,
443 1506 40 25 die
495 1508 81 23 Kunst
591 1504 215 36 wiederzugeben,
821 1502 174 27 vollkommen
1007 1509 88 19 untreu
1107 1513 28 25 ge-

288 1546 115 26 worden.
437 1546 49 25 Die
499 1548 166 33 Ausstattung
679 1544 41 26 der
734 1543 104 31 Biicher,
860 1542 40 27 die
914 1542 131 36 peinliche,
1060 1543 75 25 miihe-

287 1585 68 27 volle
370 1586 94 29 Arbeit,
486 1585 40 26 die
547 1583 93 28 darauf
650 1583 143 27 verwendet
814 1583 38 30 ist,
867 1581 176 36 rechtfertigen
1057 1581 91 35 gewifs

287 1625 50 26 den
350 1625 86 25 hohen
449 1625 70 25 Preis.
541 1625 66 25 Aber
621 1625 52 25 wie
684 1623 68 26 klein
764 1624 31 24 ist
806 1623 39 26 die
856 1621 62 27 Zahl
929 1621 76 30 derer,
1017 1621 39 26 die
1068 1630 33 23 50
1110 1622 38 25 M.

287 1663 42 27 fiir
343 1664 71 25 einen
425 1664 69 26 Band
509 1664 104 34 ankgen
624 1662 112 27 konnen.
757 1664 60 24 Nur
827 1664 26 23 in
864 1660 63 27 Park
938 1662 64 24 Lane
1013 1659 66 27 wird
1091 1669 57 16 man

288 1703 39 26 die
342 1704 106 24 Manner
465 1703 96 30 finden,
577 1703 39 25 die
634 1703 46 25 mit
695 1702 167 35 treuherzigen
878 1701 102 25 Mienen
994 1699 39 26 die
1048 1698 100 27 relative

287 1741 128 36 Billigkeit
430 1741 42 25 der
487 1741 245 35 Chaucer-Ausgabe
746 1741 115 28 riihmen,
873 1740 74 25 deren
959 1739 63 25 Preis
1037 1737 51 26 sich
1104 1736 49 27 auf

288 1790 57 27 400
359 1782 38 25 M.
413 1779 103 27 belauft.

347 1818 134 27 Trotzdem
502 1818 66 26 wird
588 1818 54 26 ihm
662 1818 40 26 die
723 1818 149 26 Geschichte
893 1817 43 25 der
951 1815 196 28 kiinstlerischen

287 1857 182 36 Entwicklung
480 1858 41 26 dcs
534 1857 148 36 Englischen
690 1858 79 25 Buchs
784 1858 54 25 cine
850 1863 60 18 erste
917 1855 73 26 Stelle
1002 1856 146 26 einraumen

287 1902 105 21 miissen.
426 1897 71 27 Weil
519 1907 25 16 er
564 1907 24 16 es
609 1907 62 20 war,
692 1896 43 26 der
756 1896 39 25 die
811 1897 166 32 Ausstattung
998 1894 40 25 dcs
1054 1896 93 25 Buches

287 1937 94 26 wieder
402 1946 30 17 zu
447 1938 66 24 einer
527 1934 185 28 Wissenschaft
726 1935 52 26 und
794 1934 66 26 einer
873 1935 81 24 Kunst
967 1933 109 26 erhoben
1091 1934 55 33 hat;

287 1976 60 26 weil
362 1986 24 15 er
400 1976 82 30 selbst,
497 1976 39 26 bei
551 1976 122 25 manchen
684 1973 144 28 Verstofsen
841 1982 78 25 gegen
930 1973 47 24 den
989 1972 158 36 praktischen

287 2015 141 30 Gebrauch,
443 2017 95 24 Biicher
558 2024 50 17 yon
628 2014 80 26 hoher
723 2012 191 26 kiinstlerischer
927 2011 163 37 Vollendung
1104 2023 30 25 ge-

287 2053 110 27 schafFen
419 2054 52 26 und
491 2054 61 26 weil
568 2063 24 16 er
606 2053 79 25 damit
701 2053 52 25 cine
767 2050 134 27 wirksame
916 2050 51 26 und
983 2050 164 37 erfolgreiche

287 2095 138 33 Anregung
440 2092 117 36 gegeben.

345 2246 90 26 Neben
449 2246 54 25 ihm
519 2246 29 25 ist
561 2244 104 27 Cobden
677 2244 136 26 Sanderson
825 2254 28 16 zu
866 2255 105 21 nennen,
987 2245 41 27 der
1038 2247 53 26 sich
1104 2248 28 25 be-

287 2286 100 27 sonders
403 2295 44 16 urn
461 2285 47 26 den
519 2283 114 27 Einband
648 2283 110 27 verdient
773 2283 115 36 gemacht
902 2284 52 26 hat.
975 2285 90 27 Neben
1079 2288 68 26 einer

288 2333 95 20 ernsten
405 2325 51 26 und
473 2323 167 37 griindlichen
654 2323 142 35 Forderung
811 2323 40 26 dcs
867 2324 157 26 technischen
1039 2326 106 27 Bindens

287 2367 44 25 hat
351 2376 25 15 er
397 2365 130 26 besonders
549 2362 48 28 auf
614 2363 39 25 die
668 2361 194 37 Entwickelung
883 2363 41 25 dcs
939 2365 151 27 Ornaments
1105 2365 41 28 fiir

287 2405 47 26 den
348 2404 113 27 Einband
481 2404 65 26 seine
561 2401 231 29 Aufmerksamkcit
812 2403 126 34 gerichtet.
981 2404 69 26 Seine
1064 2406 83 25 Bande

286 2444 56 26 sind
362 2444 173 26 ausnahmslos
557 2443 26 26 in
597 2442 76 27 Leder
694 2441 145 36 gearbeitet;
861 2451 42 17 zur
917 2444 230 37 Ornamentierung

286 2483 144 26 verwendet
457 2493 24 16 er
508 2493 47 16 nur
583 2483 54 26 cine
664 2481 82 27 kleine
773 2481 96 26 Anzahl
896 2482 101 34 gerader
1025 2484 51 25 und
1104 2494 29 26 ge-

286 2523 182 35 schwungener
482 2523 86 25 Linien
590 2532 50 16 yon
662 2520 183 28 verschiedener
859 2522 91 35 Lange,
972 2521 79 27 durch
1072 2523 74 26 deren

286 2562 143 26 veranderte
439 2564 253 33 Zusammensetzung
706 2571 25 16 er
745 2560 55 26 sehr
814 2560 115 26 reizvolle
939 2560 101 38 Erfolge
1055 2563 89 26 erzielt.

286 2601 73 26 Auch
384 2602 64 25 seine
472 2602 82 25 Bande
574 2602 54 25 sind
652 2602 111 25 indessen
786 2609 48 16 nur
857 2599 154 28 Liebhabern
1035 2604 98 33 zugiing-

286 2640 58 26 lich.
385 2641 55 24 Sein
462 2641 137 29 Einwand,
624 2640 54 26 dafs
699 2639 127 27 Niemand
848 2640 69 25 mehr
942 2640 35 25 als
1002 2641 63 26 zwei
1086 2641 60 25 oder

287 2679 50 26 drei
352 2680 95 25 Biicher
467 2689 29 16 zu
518 2679 106 26 besitzen
645 2680 119 30 brauche,
786 2679 64 26 diese
872 2679 150 37 demgemafs
1044 2680 101 26 kostbar

1230 376 133 19 ausstatten
1391 368 97 31 konne,
1515 369 30 26 ist
1566 368 41 27 fiir
1632 370 43 25 das
1697 371 140 36 praktische
1862 373 83 26 Leben
1970 373 70 26 nicht
2062 383 29 16 zu

1229 407 133 27 brauchen.

1287 448 80 24 Unter
1386 445 48 27 den
1448 445 143 31 Kiinstlern,
1613 446 40 26 die
1671 447 52 26 sich
1737 449 47 25 mit
1799 449 43 26 der
1855 450 236 37 Bild-Ausstattung

1229 486 41 25 dcs
1281 486 92 25 Buches
1385 484 179 36 beschiiftigen,
1576 485 106 34 gebiihrt
1689 487 101 26 Walter
1799 490 80 24 Crane
1890 489 40 26 die
1941 496 60 20 erste
2009 490 81 27 Stelle.

1229 527 27 24 In
1270 525 84 25 semen
1367 524 154 26 zahlreichen
1535 524 191 26 Holzschnitten
1740 535 30 16 zu
1785 527 47 25 den
1847 528 67 25 sechs
1926 529 101 26 Banden
2041 539 51 16 yon

1229 567 111 34 Spensers
1357 564 76 25 Fairie
1449 565 103 32 Queene
1566 562 44 26 hat
1624 572 25 16 er
1663 563 72 26 einen
1748 574 83 16 neuen
1842 567 94 25 Beweis
1951 568 78 26 seiner
2043 578 33 16 un-

1229 601 201 38 erschopflichen
1445 601 128 26 Phantasie
1587 601 117 35 gegeben.
1726 603 57 25 Ihm
1798 604 79 25 dankt
1892 606 66 26 auch
1973 607 40 25 die
2024 609 51 24 Aus-

1229 649 112 28 stattung
1362 641 39 25 dcs
1417 639 187 27 Kinderbuches
1625 640 65 25 seine
1710 641 101 36 heutige
1827 644 84 25 Hiihe.
1953 645 48 25 Die
2022 645 55 27 zahl-

1229 683 99 25 reichen
1342 681 178 35 Zeichnungen
1541 678 51 27 und
1606 679 124 30 Rahmen,
1751 679 40 26 die
1810 690 26 16 er
1848 681 76 26 dafiir
1937 683 151 34 geschafFen,

1229 721 54 28 sind
1298 721 57 26 dem
1366 718 157 28 Verstandnis
1538 718 52 25 und
1605 717 42 26 der
1655 717 136 26 Ideenwelt
1801 719 43 25 der
1854 721 94 25 Kinder
1959 721 130 37 angepafst

1229 761 51 26 und
1292 761 83 35 zeigen
1386 759 73 26 dabei
1470 760 53 24 cine
1534 766 27 16 so
1576 756 68 26 hohe
1655 755 180 27 kiinstlerische
1846 759 172 36 Vollendung,
2035 761 53 26 dafs

1228 802 34 24 sic
1282 798 89 38 gewifs
1392 799 63 31 sind,
1476 798 42 26 das
1533 795 67 27 Kind
1615 795 78 26 durch
1708 796 50 25 sein
1774 795 81 26 Leben
1870 806 30 16 zu
1914 798 106 34 geleiten
2036 800 52 26 und

1228 841 56 25 dem
1293 842 89 27 Mann,
1393 838 38 27 bei
1441 837 169 28 verfeinertem
1620 834 157 26 Verstandnis
1786 833 40 26 fiir
1834 834 48 26 den
1891 835 197 30 kiinstlerischen

1227 881 83 28 Wert,
1332 877 132 27 denselben
1478 874 95 29 Genufs
1594 884 28 15 zu
1643 871 162 32 verschafFen,
1826 873 48 26 den
1889 875 34 24 sic
1942 875 58 26 dem
2013 878 72 25 Kind

1228 919 86 36 gaben.
1350 919 57 24 Yon
1422 917 100 34 Aubrey
1536 913 130 35 Beardsley
1685 913 91 25 riihren
1798 913 82 35 einige
1893 914 195 28 Bucheinbh'nde

1228 959 50 26 und
1293 958 185 25 Illustrationen
1492 956 50 30 her,
1558 953 38 27 die
1610 962 30 16 zu
1655 951 47 26 den
1716 951 84 26 besten
1814 961 82 16 neuen
1908 953 177 36 Erzeugnissen

1228 998 117 36 gehoren.
1372 997 75 25 Meist
1461 995 56 26 aber
1532 992 109 28 verleitet
1655 991 44 25 ihn
1713 991 66 25 seine
1793 990 199 28 abenteuerliche
2004 994 67 25 Phan-

1228 1037 60 27 tasie
1301 1047 30 16 zu
1345 1036 102 26 solchen
1458 1030 303 35 SchrullenhaFtigkeiten,
1777 1029 54 26 dafs
1846 1040 59 16 man
1920 1032 115 26 versucht
2046 1033 40 30 ist,

1229 1077 45 25 ihn
1285 1076 69 26 nicht
1365 1075 71 26 mehr
1445 1083 63 27 ganz
1519 1078 64 20 ernst
1594 1080 28 17 zu
1634 1069 114 26 nehmen.
1763 1069 73 25 Diese
1843 1069 131 27 Schrulkn
1985 1071 100 26 werden

1229 1114 176 37 unertraglich,
1419 1123 76 17 wenn
1514 1113 34 24 sic
1567 1109 167 35 nachgeahmt
1748 1108 101 25 werden
1864 1108 51 26 und
1931 1118 41 16 zur
1986 1111 99 24 Manier

1229 1162 123 23 ausarten;
1371 1151 190 37 Jung-England
1577 1149 99 35 huldigt
1690 1147 92 26 diesem
1797 1146 214 28 abenteuerlichen
2025 1150 45 24 Ein-

1229 1192 203 37 tagsgeschmack
1446 1192 26 26 in
1486 1188 173 29 bedenklicher
1672 1186 94 27 Weise.

1646 1270 20 25 *

1287 1351 46 24 Die
1348 1349 140 36 gegcbenen
1501 1349 170 32 Anregungen
1684 1343 81 25 haben
1780 1342 88 25 immer
1881 1342 102 25 weitere
1997 1343 86 25 Kreise

1229 1399 120 25 gezogen,
1368 1389 51 25 und
1434 1387 121 35 Verleger,
1574 1383 112 28 Drucker
1705 1381 52 26 und
1772 1380 89 27 Binder
1875 1380 79 35 gehen
1969 1379 47 27 auf
2027 1381 58 26 dem

1228 1428 92 26 einmal
1345 1428 139 25 betretenen
1508 1428 82 33 Wege
1614 1422 92 27 schnell
1731 1430 84 17 voran.
1857 1419 83 26 Schon
1964 1419 55 26 sind
2043 1420 42 26 die

1229 1467 177 30 Druckereien,
1430 1467 39 25 die
1493 1465 52 26 sich
1570 1464 46 25 mit
1639 1462 42 26 der
1704 1459 160 35 Herstellung
1886 1459 198 35 typographisch

1229 1506 151 26 vollendeter
1391 1505 98 27 Drucke
1500 1503 118 36 abgcben,
1632 1511 28 16 so
1671 1500 122 26 zahkeich
1804 1497 144 37 geworden,
1964 1497 53 26 dafs
2030 1500 55 24 cine

1228 1544 163 37 Aufziihlung
1402 1545 43 26 der
1456 1546 100 25 Namen
1567 1540 118 28 ermiiden
1693 1538 94 28 wurde.
1803 1537 282 35 Erwahnungverdient

1229 1594 56 21 nur,
1307 1584 54 27 dafs
1382 1585 40 25 die
1441 1583 91 27 Gilden
1552 1592 49 16 yon
1624 1579 107 26 London
1752 1577 52 27 und
1819 1577 171 34 Birmingham
2011 1583 73 20 unter

1229 1624 69 25 ihren
1313 1626 98 23 Leitern
1425 1623 97 26 Ashbee
1541 1621 52 26 und
1609 1619 131 34 Clavering
1754 1617 65 26 auch
1832 1616 80 26 hierin
1926 1615 144 27 bemerkens-

1228 1670 77 18 werte
1319 1662 102 37 Erfolge
1434 1661 82 27 erzielt
1529 1660 88 26 haben.
1642 1659 60 24 Eine
1718 1657 82 25 kleine
1815 1657 80 32 Quart
1903 1671 11 4 -
1920 1656 150 25 Monatszeit-

1228 1701 97 31 schrift,
1347 1702 39 26 die
1407 1702 63 26 zwei
1489 1700 71 34 Jahre
1580 1699 58 33 lang
1659 1706 50 17 yon
1732 1695 131 34 Clavering
1884 1694 200 35 herausgegeben

1227 1742 102 29 wurde,
1501 1738 65 27 kann
1594 1737 34 25 als
1650 1737 97 24 Muster
1770 1732 222 37 typographischer
2017 1735 50 24 Aus-

1227 1787 113 29 stattung
1355 1781 139 25 bezeichnet
1508 1776 109 27 werden.

1286 1821 78 25 Unter
1385 1820 46 25 den
1447 1817 131 35 Verlegern
1599 1815 106 25 nehmen
1719 1811 118 26 William
1851 1810 158 26 Heinemann
2030 1813 52 26 und

1226 1859 65 33 John
1303 1861 67 25 Lane
1384 1859 39 26 die
1438 1864 59 20 erste
1507 1854 72 27 Stelle
1594 1854 47 25 em.
1662 1852 41 25 Bei
1716 1858 71 28 guter
1798 1849 123 26 Auswahl
1933 1850 41 25 dcs
1986 1852 97 35 Papiers

1226 1897 53 26 und
1299 1897 173 38 sorgfaltigem
1493 1892 86 28 Druck
1597 1892 41 26 der
1655 1891 84 25 klaren
1758 1891 68 34 Type
1846 1888 82 26 haben
1948 1890 34 24 sic
1999 1890 70 26 insbe-

1227 1937 105 27 sondere
1351 1938 42 26 der
1412 1932 195 30 kiinstlerischen
1626 1928 195 36 Ausgestaltung
1841 1928 40 25 dcs
1896 1929 187 28 Leinenbandes

1227 1976 53 26 ihre
1295 1974 229 28 Aufmerksamkeit
1535 1969 158 38 zugewandt.
1715 1970 50 23 Das
1775 1977 55 16 war
1840 1967 43 26 der
1892 1968 191 28 entscheidende

1228 2016 100 30 Schritt,
1346 2016 43 25 der
1406 2015 39 26 die
1460 2015 81 24 Kunst
1559 2012 34 24 im
1608 2008 82 27 Buche
1708 2006 48 27 auf
1770 2007 39 25 die
1826 2007 165 35 notwendige
2007 2007 76 28 breite

1227 2055 66 25 Basis
1308 2054 73 26 stellt.
1401 2054 64 33 John
1478 2054 64 24 Lane
1551 2051 43 24 hat
1603 2047 99 34 Aubrey
1710 2046 127 34 Beardsley
1848 2055 30 16 zu
1889 2046 92 27 diesem
1989 2048 94 27 Zweck

1226 2093 195 26 heranzuziehen
1441 2089 120 38 gewufst;
1583 2089 25 24 in
1629 2095 101 18 neuerer
1743 2085 55 26 Zeit
1811 2085 66 26 wird
1892 2095 24 16 er
1931 2096 49 16 yon
1996 2089 87 25 Patten

1226 2133 105 25 Wilson
1353 2135 152 22 unterstiitzt.
1539 2127 157 26 Heinemann
1715 2124 31 26 ist
1766 2134 24 15 es
1804 2124 133 36 gelungen,
1959 2128 125 26 Whistler

1226 2170 42 27 fur
1282 2172 76 26 dieses
1373 2170 88 28 Gebiet
1475 2178 30 16 zu
1519 2165 166 28 interessieren
1699 2163 51 26 und
1765 2163 42 26 der
1822 2163 102 31 Deckel,
1944 2164 47 27 den
2007 2166 78 27 dieser

1226 2210 42 26 fiir
1287 2211 39 25 die
1347 2207 186 36 Neu-Ausgabe
1555 2214 50 17 yon
1621 2206 95 32 Byrons
1735 2201 113 28 Werken
1870 2204 142 34 gezeichnet
2030 2207 53 30 hat,

1226 2251 89 34 gehort
1335 2259 31 16 zu
1386 2249 48 25 den
1455 2245 152 28 einfachsten
1628 2241 51 26 und
1699 2241 113 36 zugleich
1831 2242 189 33 vollendetsten,
2043 2246 40 27 die

1225 2287 142 38 geschafFen
1378 2286 105 28 worden
1494 2284 61 27 sind.
1567 2282 85 27 Durch
1664 2281 46 25 den
1719 2281 127 36 niedrigen
1854 2283 64 25 Preis
1927 2283 42 26 der
1978 2285 104 32 Biicher,

1225 2328 43 27 der
1282 2328 124 27 zwischen
1423 2325 64 26 zwei
1505 2323 50 26 und
1574 2321 81 26 sieben
1670 2320 122 36 Schilling
1811 2321 53 26 sich
1878 2322 109 37 bewegt,
2002 2324 81 27 haben

1225 2368 34 26 sic
1273 2367 82 26 diesen
1375 2366 53 25 cine
1446 2364 75 25 weite
1536 2361 162 34 Verbreitung
1718 2361 130 33 gesichert;
1868 2361 34 27 sic
1921 2362 54 27 sind
1994 2364 34 26 als
2043 2366 41 26 die

1225 2405 164 36 eigentlichen
1404 2403 111 26 Arbeiter
1528 2401 35 26 im
1577 2400 174 26 Morris'schen
1765 2400 75 26 Sinne
1854 2402 147 28 anzusehen.

1282 2560 47 26 Die
1349 2568 49 16 yon
1418 2557 62 35 Bing
1498 2556 24 25 in
1543 2555 63 26 Paris
1626 2555 34 26 im
1680 2557 115 25 Sommer
1820 2559 71 34 1896
1910 2562 174 27 veranstaltete

1224 2596 253 35 Buch-Ausstellung
1495 2595 43 26 hat
1561 2595 106 35 gczeigt,
1692 2594 53 27 dafs
1766 2599 171 27 Deutschland
1957 2602 65 26 eines
2041 2602 44 26 der

1224 2638 115 34 wenigcn
1360 2635 94 26 Lander
1472 2635 43 29 ist,
1535 2635 26 25 in
1579 2633 58 26 dem
1656 2644 49 16 yon
1724 2636 66 26 einer
1805 2639 81 26 Kunst
1905 2640 26 25 in
1946 2640 41 26 der
2002 2643 81 24 Buch-

1223 2679 164 30 Ausstattung
1402 2674 66 25 noch
1480 2673 72 26 keine
1566 2674 68 25 Rede
1649 2675 37 25 ist.
1710 2676 87 36 Einige
1809 2678 210 29 Einbanddecken
2033 2690 50 17 yon

287 1147 113 14 LAURENCE

288 1173 103 14 HOUSMAN

289 1199 130 14 BUCHDECKEI

1263 2870 0 0 339
