3497 4389
1686 119 112 53 388

181 333 484 77 Prüfungs-Concert
706 335 86 59 des
835 334 806 63 Conservatoriums
1640 333 1 77 des
1640 333 1 77 Musik

800 439 49 56 in
889 438 142 59 Köln.

254 582 242 51 Wiewohl
538 582 82 50 das
663 583 280 67 eigentliche
972 584 467 67 Prüfungs-Concert
1470 583 79 50 des
1583 585 93 50 Ccn-

130 663 333 50 servatoriums
505 679 73 33 am
611 663 220 50 Schlüsse
878 664 80 51 des
987 665 371 50 Jahres-Cursus
1387 664 126 51 seine
1541 673 143 42 statut-

130 746 211 64 gemässe
366 744 214 66 Stellung
602 743 163 61 findet,
795 762 50 33 so
878 745 53 50 ist
962 745 117 50 doch
1104 743 83 50 der
1209 744 248 49 Beschluss
1481 744 79 49 des
1584 746 92 49 Vor-

129 823 186 50 standes
345 823 95 49 und
473 823 80 50 des
585 825 242 51 Directors
856 825 83 50 der
966 824 202 60 Anstalt,
1209 824 122 49 auch
1363 842 161 31 ausser
1547 825 158 66 jenem

130 903 282 68 Zeitpunkte
441 905 226 51 zuweilen
699 907 102 49 eine
830 904 264 51 öffentliche
1112 904 315 69 Aufführung
1456 905 147 51 durch
1635 907 72 49 die

130 985 231 68 Zöglinge
389 1003 56 31 zu
469 987 326 55 veranstalten,
825 985 43 49 in
893 984 136 66 jeder
1052 984 216 51 Hinsicht
1296 1003 53 31 zu
1382 984 203 69 billigen.
1617 987 92 49 Ein

131 1065 202 57 Institut,
357 1063 83 51 das
470 1083 92 31 nur
592 1065 145 49 durch
767 1064 73 48 die
872 1063 311 51 Theilnahme
1212 1065 97 49 und
1338 1065 371 69 Unterstützung

131 1143 377 52 wohlhabender
531 1143 347 51 Kunstfreunde
908 1144 97 48 und
1029 1144 149 50 durch
1202 1145 126 49 seine
1352 1145 266 50 Einnahme
1649 1164 60 32 an

135 1224 547 51 Unterrichts-Honorar
712 1223 199 57 besteht,
952 1224 81 50 hat
1071 1225 88 49 alle
1188 1225 228 59 Ursache,
1462 1225 136 60 öfter,
1643 1228 66 48 als

135 1304 99 51 dies
266 1304 73 51 bei
370 1304 420 50 Staats-Anstalten
822 1304 165 67 nöthig
1015 1304 74 58 ist,
1128 1305 84 49 mit
1241 1307 277 66 Darlegung
1559 1308 151 49 seiner

134 1384 360 66 Bestrebungen
536 1383 97 49 und
675 1384 152 50 seiner
861 1384 195 67 Erfolge
1098 1401 84 34 vor
1225 1385 72 50 die
1329 1387 382 49 Oeffentlichkeit

134 1483 56 31 zu
220 1472 166 50 treten,
417 1463 154 51 indem
602 1464 239 67 dasjenige
872 1465 266 59 Publicum,
1169 1465 81 51 das
1273 1467 94 48 sich
1395 1467 77 48 für
1496 1467 214 50 dasselbe

132 1544 272 58 interessirt,
435 1544 119 50 auch
585 1562 54 30 zu
670 1543 164 52 dessen
868 1545 222 50 Controle
1122 1545 261 68 berechtigt
1411 1547 70 49 ist.

253 1623 132 51 Aber
414 1624 121 50 auch
567 1624 82 50 das
681 1625 343 68 pädagogische
1055 1627 227 48 Interesse
1326 1625 131 51 redet
1500 1627 85 50 der
1627 1628 63 49 all-

134 1704 264 50 mählichen
416 1705 317 66 Gewöhnung
750 1705 82 50 der
854 1707 227 66 Zöglinge
1105 1723 60 33 an
1189 1705 81 51 das
1301 1705 268 52 öffentliche
1592 1708 88 48 Auf-

132 1792 153 42 treten
317 1783 81 51 das
430 1785 53 50 W
486 1785 12 21 r
503 1793 88 41 ort.
621 1785 89 49 Ein
743 1785 411 50 Conservatorium
1185 1785 84 50 der
1298 1787 154 48 Musik
1484 1787 109 50 darf
1622 1788 88 49 alle

135 1863 126 51 seine
291 1864 228 66 Zöglinge
557 1883 91 31 nur
689 1882 82 33 aus
803 1865 105 50 dem
939 1865 99 50 rein
1071 1865 368 50 künstlerischen
1472 1868 209 48 Gesichts-

138 1943 174 67 punkte
329 1943 276 51 betrachten
624 1944 95 50 und
736 1944 288 59 behandeln;
1051 1963 48 33 es
1123 1963 126 33 muss
1272 1947 95 48 ihm
1394 1964 115 50 ganz
1535 1948 150 67 gleich-

136 2024 149 67 gültig
327 2025 114 58 sein,
487 2042 81 33 aus
613 2025 210 51 welchen
854 2027 396 67 Beweggründen
1287 2027 94 49 und
1414 2046 55 31 zu
1499 2029 210 48 welchen

138 2104 322 66 persönlichen
484 2105 234 51 Zwecken
742 2105 84 51 der
849 2107 198 49 Schüler
1075 2107 44 49 in
1145 2107 72 49 die
1242 2108 186 49 Anstalt
1456 2108 110 49 tritt.
1598 2109 114 66 Mag

139 2201 52 31 er
221 2184 73 50 die
324 2184 154 50 Musik
508 2187 65 48 als
597 2187 228 49 Dilettant
853 2206 90 30 nur
972 2206 55 29 zu
1056 2187 152 49 seiner
1239 2188 210 49 höheren
1472 2188 214 69 allgemei-

139 2281 93 31 nen
261 2264 204 66 Bildung
497 2264 95 50 und
620 2283 54 31 zu
705 2265 395 68 verständigerem
1126 2267 209 49 Genüsse
1367 2267 84 49 der
1479 2268 208 49 musicali-

139 2344 141 48 schen
322 2345 313 50 Kunstwerke
677 2345 228 59 studiren,
955 2345 116 51 oder
1112 2347 95 49 sich
1251 2364 104 32 zum
1406 2347 182 50 Lehrer
1630 2348 84 49 der

141 2423 242 49 Tonkunst
414 2424 294 51 vorbereiten
748 2425 93 49 und
887 2425 254 68 befähigen
1178 2427 197 49 wollen:
1425 2427 74 49 die
1527 2429 188 49 Anstalt

139 2502 110 52 darf
266 2521 90 31 nur
379 2504 124 50 seine
527 2504 301 69 Ausbildung
850 2523 103 32 zum
980 2507 274 48 Künstler
1283 2507 61 48 im
1371 2507 138 67 Auge
1535 2508 176 57 haben;

138 2582 151 50 dieser
312 2584 363 67 Gesichtspunkt
704 2585 136 50 allein
872 2603 124 32 muss
1019 2587 255 49 vorwalten
1298 2587 179 49 sowohl
1504 2587 71 49 bei
1603 2587 106 51 dem

140 2664 307 66 allgemeinen
478 2664 331 60 Unterrichte,,
835 2665 82 50 der
958 2665 72 51 die
1062 2665 273 69 Grundlage
1364 2667 351 51 musicalischer

139 2743 203 67 Bildung
373 2743 115 69 gibt,
533 2745 64 50 als
630 2744 70 50 bei
733 2744 104 50 dem
870 2745 312 60 besonderen,
1221 2745 84 50 der
1334 2747 148 49 durch
1513 2747 74 51 die
1617 2749 64 49 Na-

140 2823 287 66 tur-Anlage
458 2823 194 67 bedingt
682 2823 131 51 wird.
865 2825 163 49 Wenn
1057 2825 97 50 sich
1185 2824 71 50 die
1288 2827 314 49 Kunstschule
1632 2827 55 49 da-

141 2902 146 49 durch
322 2903 266 49 wesentlich
620 2921 87 33 von
737 2903 84 51 der
851 2904 471 50 wissenschaftlichen
1353 2905 362 60 unterscheidet,

140 2980 104 51 dass
289 2982 63 49 sie
393 2983 85 49 auf
515 2983 73 49 die
625 2983 328 51 individuellen
985 2986 217 66 Anlagen
1242 2984 127 51 nicht
1413 2986 136 49 allein
1582 2986 133 50 mehr

140 3060 254 53 Rücksicht
423 3063 200 50 nehmen
656 3063 141 60 kann,
826 3063 203 51 sondern
1053 3064 258 50 Rücksicht
1339 3066 202 49 nehmen
1573 3083 142 42 muss,

140 3158 51 33 so
235 3140 110 51 darf
381 3142 119 51 doch
550 3143 75 50 ein
665 3144 227 68 etwaiger
933 3146 190 66 Mangel
1168 3162 58 33 an
1270 3146 168 49 Talent
1481 3146 75 49 bei
1607 3146 105 50 dem

140 3222 249 49 Schüler
418 3222 90 49 den
539 3223 260 51 Grundsatz
831 3223 83 50 der
944 3226 210 48 Schule
1183 3226 126 48 nicht
1339 3226 203 57 ändern;
1589 3226 125 50 diese

143 3317 124 33 muss
298 3318 82 32 aus
406 3300 154 68 jedem
587 3302 198 51 Schüler
814 3303 135 50 einen
972 3304 225 50 Künstler
1223 3323 55 31 zu
1310 3304 198 51 machen
1537 3306 178 49 suchen

143 3382 94 48 und
267 3382 122 49 diese
421 3380 222 70 Aufgabe
681 3382 69 49 bis
790 3401 52 30 zu
887 3383 105 50 dem
1027 3383 181 51 Punkte
1239 3384 254 69 verfolgen,
1536 3405 72 30 wo
1641 3386 74 49 die

141 3462 154 48 Natur
326 3460 78 50 des
433 3460 319 51 Individuums
783 3462 71 49 ihr
884 3463 211 50 Gränzen
1126 3471 123 42 setzt.

259 3543 101 47 Der
381 3542 225 49 Künstler
629 3542 114 49 aber
774 3543 56 48 ist
853 3544 81 49 für
957 3543 73 50 die
1056 3543 382 51 Oeffentlichkeit
1461 3544 253 61 bestimmt,

144 3619 62 48 sei
237 3637 49 30 er
315 3621 309 59 schaffender,
654 3621 115 50 oder
798 3622 319 59 ausübender,
1143 3622 116 51 oder
1293 3622 163 51 Beides
1486 3624 226 66 zugleich.

150 3701 94 48 Der
275 3701 273 64 angehende
577 3702 268 49 schaffende
867 3703 224 50 Künstler
1121 3707 139 62 möge
1292 3702 105 49 früh
1422 3703 146 50 daran
1592 3706 96 48 erin-

141 3787 105 41 nert
291 3778 94 50 und
423 3779 93 50 ihm
548 3781 82 49 der
658 3782 214 49 Versuch
916 3789 217 60 gestattet
1178 3782 208 58 werden,
1432 3783 82 48 mit
1555 3783 156 51 seinen

144 3858 268 67 Erstlingen
444 3875 80 33 vor
553 3859 87 50 den
671 3861 310 68 vielköpfigen
1000 3862 193 51 Richter
1213 3881 56 30 zu
1292 3868 169 52 treten,
1491 3862 88 49 den
1606 3881 108 33 man

141 3938 251 51 Publicum
423 3946 160 50 nennt,
620 3939 93 50 und
745 3941 162 50 dessen
939 3942 133 49 Püffe
1105 3941 94 50 und
1230 3941 368 67 Liebkosungen
1639 3960 49 31 er-

140 4028 168 59 tragen
341 4018 95 50 und
468 4017 246 67 würdigen
742 4038 52 30 zu
826 4021 174 50 lernen.
1038 4022 133 49 Noch
1203 4022 136 48 mehr
1371 4021 171 49 bedarf
1565 4021 150 49 dieser

143 4099 318 66 Gewöhnung
502 4115 58 33 an
606 4097 74 49 die
712 4098 378 52 Oeffenllichkeit
1119 4101 84 49 der
1232 4099 276 51 ausübende
1538 4101 147 49 Künst-

143 4195 83 48 jer,
273 4179 77 50 für
389 4179 210 50 welchen
646 4177 279 67 wenigstens
957 4179 42 50 in
1029 4179 377 66 Aussendingen,
1448 4200 34 30 z.
1514 4181 52 49 B.
1598 4181 87 49 Hai-

1781 273 117 59 tung
1928 265 96 52 und
2053 269 231 60 Anstand,
2327 270 83 54 das
2439 273 249 51 Auftreten
2725 291 83 33 vor
2838 272 106 53 dem
2975 274 249 52 Publicum
3257 277 101 50 eine

1781 345 458 70 Erziehungsschule
2271 352 79 48 für
2379 353 83 51 das
2491 353 366 51 Ivünstlerleben
2888 354 70 51 ist.

2114 428 6 12 I
2391 427 3 13 '

1903 456 162 49 Wenn
2097 471 48 33 es
2175 454 226 54 hiernach
2431 458 136 51 keine
2591 461 155 67 Frage
2775 459 73 60 ist,
2879 459 106 51 dass
3008 462 349 51 Kunstschulen

1782 534 74 50 die
1886 534 362 69 Verpflichtung
2279 537 173 60 haben,
2481 539 101 50 ihre
2612 542 226 67 Zöglinge
2868 541 45 49 in
2943 542 74 50 die
3047 543 284 51 Oeffentlich-

1783 614 94 50 keit
1905 632 58 32 zu
1993 614 193 60 führen,
2224 632 50 33 so
2307 616 124 52 kann
2463 636 47 32 es
2539 621 97 49 sich
2666 640 90 32 nur
2786 622 118 50 noch
2937 622 166 51 darum
3136 623 221 59 handeln,

1782 694 342 51 aufweiche
2157 696 68 50 W
2237 696 112 50 eise
2379 697 97 51 dies
2507 697 369 72 bewerkstelligt
2899 702 190 51 werden
3113 705 241 58 solle,und

1783 776 101 49 hier
1916 774 247 69 begegnen
2194 776 86 49 wir
2312 777 146 51 leider
2500 780 66 49 oft
2595 780 89 50 den
2714 786 186 63 ärgsten
2930 783 301 69 Missgriffen,
3276 802 55 33 na-

1783 854 219 50 mentlich
2048 854 45 50 in
2138 872 199 33 unseren
2375 858 422 52 Nachbarländern
2830 863 190 68 Belgien
3052 863 95 50 und
3177 865 154 49 Frank-

1783 934 141 50 reich.
1966 936 111 49 Wir
2106 934 159 51 halten
2295 936 82 51 das
2405 937 184 67 System
2620 940 86 49 der
2735 943 162 66 Hang-
2928 943 94 50 und
3053 945 280 50 Classen-Be-

1782 1016 258 67 stimmung
2083 1014 84 51 der
2198 1017 195 51 Talente
2438 1017 148 51 durch
2632 1020 268 54 öffentliche
2930 1023 299 52 Wettstreite
3266 1025 95 50 und

1782 1094 285 61 öffentliche,
2114 1097 82 50 mit
2225 1098 149 66 Pomp
2406 1115 397 49 vorgenommene
2834 1103 95 50 und
2958 1105 84 49 mit
3070 1105 121 50 noch
3224 1106 134 49 mehr

1782 1177 150 66 Pomp
1963 1174 289 53 verkündete
2281 1177 532 70 Preis-Vertheilungen
2846 1183 79 49 für
2954 1185 167 50 höchst
3150 1185 179 67 unpäda-

1785 1256 192 67 gogisch
2010 1256 94 49 und
2133 1256 307 52 verderblich.
2491 1260 63 48 So
2586 1261 154 66 wenig
2774 1262 88 48 wir
2890 1262 73 50 bei
3001 1265 158 66 jedem
3191 1267 141 50 Unter-

1785 1336 146 51 richte
1957 1336 274 51 während
2260 1337 242 51 desselben
2528 1338 72 51 die
2623 1340 264 68 Anregung
2911 1342 83 50 der
3010 1345 351 66 Nacheiferung

1785 1416 95 51 und
1904 1416 133 67 jenes
2065 1416 256 68 Ehrgeizes
2356 1418 253 50 vermissen
2650 1421 236 58 möchten,
2925 1423 106 50 dem
3070 1423 81 51 das
3179 1426 182 49 Urtheil

1786 1495 80 50 des
1894 1496 206 51 Lehrers
2130 1497 95 50 und
2264 1497 72 50 die
2374 1498 164 66 eigene
2567 1498 356 70 Befriedigung,
2963 1502 97 50 sein
3090 1505 159 49 Bestes
3280 1522 54 50 ge-

1783 1576 115 51 than
1927 1595 53 29 zu
2012 1576 175 59 haben,
2228 1578 248 68 Hauptziel
2515 1578 84 50 der
2629 1580 168 49 Arbeit
2835 1581 74 58 ist,
2952 1599 49 33 so
3033 1583 109 50 sehr
3170 1587 187 47 müssen

1786 1656 88 49 wir
1912 1656 141 51 nach
2098 1656 106 51 dem
2234 1658 300 51 Unterrichte
2572 1658 109 68 jede
2718 1660 268 52 öffentliche
3022 1662 339 69 Kundgebung

1786 1736 321 68 missbilligen,
2139 1737 74 51 die
2242 1738 254 66 gleichsam
2529 1738 81 51 das
2633 1741 166 49 Talent
2830 1741 255 70 privilegirt
3107 1743 95 50 und
3227 1745 135 49 mehr

1786 1816 74 51 die
1891 1817 291 67 persönliche
2206 1818 220 50 Eitelkeit
2458 1818 264 69 befriedigt,
2754 1821 65 49 als
2843 1821 106 51 dem
2975 1830 186 43 ernsten
3188 1825 145 49 Kunst-

1786 1896 188 51 streben
2006 1914 152 33 neuen
2190 1897 241 69 Schwung
2463 1898 100 68 gibt
2685 1917 97 33 was
2825 1902 121 48 auch
2984 1901 72 51 die
3087 1903 275 68 Erfahrung

1787 1977 234 67 bestätigt,
2064 1976 158 52 indem
2265 1978 75 50 bei
2374 1980 211 50 Weitem
2624 1978 74 52 die
2728 1981 193 51 meisten
2953 2000 87 33 von
3066 1983 141 67 jenen
3236 1986 95 48 Lau-

1785 2065 162 43 reaten
1993 2057 95 50 und
2477 2055 246 53 Premiers
3043 2056 130 53 Prix
2586 2060 85 49 auf
2707 2061 133 49 ihren
2879 2062 215 50 Lorbern
3135 2062 96 50 und
3262 2065 66 48 Me-

1787 2136 170 51 daillen
2067 2137 297 51 einschlafen.

1909 2267 56 49 W
1983 2265 142 50 erden
2163 2265 236 69 hingegen
2443 2267 73 50 die
2561 2268 301 51 öffentlichen
2892 2269 189 51 Proben
3112 2269 84 51 der
3225 2270 110 51 Fort-

1787 2344 190 51 schritte
2007 2344 84 51 der
2111 2345 346 52 Musikschüler
2486 2347 43 49 in
2556 2347 83 50 der
2662 2348 89 49 Art
2773 2351 315 59 veranstaltet,
3113 2349 103 51 dass
3240 2349 122 52 diese

1786 2424 95 51 sich
1914 2424 300 70 überzeugen
2247 2431 203 55 müssen,
2482 2427 81 51 das
2589 2428 155 51 Ganze
2770 2429 65 50 sei
2859 2429 127 50 nicht
3009 2431 127 48 ihrer
3160 2432 173 48 Persön-

1787 2505 248 50 lichkeiten
2059 2523 184 50 wegen,
2274 2507 202 49 sondern
2509 2526 78 30 um
2619 2508 83 50 der
2725 2509 170 50 Schule
2925 2509 155 50 wiilen
3109 2512 228 48 veranstal-

1787 2592 82 52 tet,
1902 2603 77 31 um
2012 2585 89 50 den
2133 2587 143 58 Geist,
2308 2585 84 51 der
2420 2587 44 49 in
2496 2588 72 48 ihr
2598 2588 175 58 waltet,
2803 2607 52 31 zu
2888 2588 347 51 kennzeichnen
3266 2589 96 50 und

1789 2664 72 51 die
1890 2664 224 51 Methode
2159 2665 84 50 der
2271 2665 182 51 Lehrer
2490 2685 58 31 an
2577 2667 135 51 ihren
2741 2669 225 66 Erfolgen
2996 2687 52 31 zu
3081 2669 186 66 prüfen,
3311 2687 50 32 so

1789 2745 118 49 wird
1938 2745 83 50 der
2050 2747 182 57 Beifall,
2272 2745 91 51 den
2393 2745 80 51 das
2505 2747 303 67 eingeladene
2840 2747 247 51 Publicum
3117 2766 88 32 von
3233 2751 97 47 Ken-

1790 2842 115 32 nern
1957 2825 94 49 und
2101 2827 342 49 Interessenten
2495 2845 58 31 an
2604 2827 82 51 der
2735 2829 368 49 Kunst-Anstalt
3151 2828 211 67 spendet,

1791 2904 351 66 hauptsächlich
2187 2904 89 51 den
2308 2905 212 50 Lehrern
2565 2907 101 48 eine
2711 2907 264 49 ehrenvolle
3005 2908 357 66 Anerkennung

1790 2983 263 58 darbieten,
2084 2984 44 50 in
2158 2983 90 51 den
2272 2984 228 51 Schülern
2532 2986 115 49 aber
2676 2987 127 48 nicht
2826 2987 219 49 Eitelkeit
3069 2987 96 49 und
3188 2987 150 51 Selbst-

1792 3063 375 69 überschätzung
2191 3064 323 60 hervorrufen,
2539 3064 224 51 während
2793 3083 51 32 er
2873 3067 139 48 ihnen
3043 3066 214 50 dennoch
3288 3068 74 50 ein

1790 3144 154 66 Sporn
1987 3162 105 31 zum
2137 3151 186 43 ernsten
2358 3144 346 50 Fortschreiten
2746 3144 47 50 in
2841 3144 83 51 der
2963 3147 153 48 Kunst
3155 3165 80 30 um
3280 3147 82 49 der

1789 3224 152 49 Kunst
1984 3223 155 51 willen
2184 3223 96 50 sein
2323 3223 132 51 wird.
2514 3226 98 49 Das
2648 3224 277 51 Gewöhnen
2970 3243 58 32 an
3074 3226 288 50 öffentliches

1787 3303 250 51 Auftreten
2069 3303 116 50 wird
2218 3303 193 51 alsdann
2441 3304 102 50 eine
2575 3304 82 50 der
2695 3304 469 65 liebenswürdigsten
3187 3306 145 67 Eigen-

1787 3384 209 50 schaften
2040 3383 80 51 des
2156 3386 180 64 jungen
2375 3386 267 57 Künstlers,
2685 3384 73 50 die
2787 3386 405 58 Bescheidenheit,
3236 3386 126 50 nicht

1790 3463 291 67 verdrängen
2111 3464 95 49 und
2238 3464 46 49 in
2316 3464 143 50 kecke
2490 3464 304 69 Dreistigkeit
2833 3464 114 51 oder
2976 3466 255 49 Frechheit
3259 3483 76 32 ver-

1790 3543 235 55 wandeln,
2074 3543 204 51 sondern
2327 3562 90 32 nur
2459 3544 133 66 jenes
2620 3546 157 48 Maass
2819 3562 87 32 von
2953 3546 407 49 Selbstvertrauen

1789 3622 262 49 allmählich
2073 3640 230 50 erzeugen
2325 3623 92 50 und
2435 3624 204 57 stärken,
2670 3623 202 51 welches
2890 3641 82 33 aus
2993 3624 105 50 dein
3123 3626 208 48 Bewusst-

1786 3703 98 50 sein
1914 3702 174 51 redlich
2123 3702 368 51 künstlerischen
2523 3703 223 51 Strebens
2789 3704 94 49 und
2929 3722 84 32 aus
3057 3704 84 50 der
3178 3712 156 58 streng-

1786 3789 100 42 sten
1918 3782 489 68 Gewissenhaftigkeit
2453 3783 72 48 bei
2568 3783 83 50 der
2695 3783 287 51 Production
3027 3783 114 51 oder
3178 3786 150 64 Repro-

1787 3861 190 50 duetion
2008 3862 244 49 erwächst.
2298 3864 99 47 Das
2426 3862 268 51 öffentliche
2722 3863 250 50 Auftreten
3001 3863 144 66 zeige,
3177 3861 104 50 dass
3311 3880 46 31 es

1787 3941 84 50 der
1899 3942 172 49 Schule
2121 3943 127 48 nicht
2293 3961 77 30 um
2413 3944 206 47 Dressur
2656 3943 127 50 ihrer
2820 3944 228 66 Zöglinge
3092 3942 83 49 auf
3208 3942 153 51 Effect

1790 4021 93 49 und
1913 4022 212 66 Applaus
2153 4041 55 29 zu
2252 4022 117 49 thun
2407 4022 71 57 ist,
2530 4022 126 49 wohl
2699 4022 114 49 aber
2858 4041 77 30 um
2971 4023 132 66 jenes
3142 4022 216 51 Studium

1789 4099 94 50 und
1908 4101 108 66 jene
2041 4101 290 67 Gesinnung,
2363 4101 72 49 die
2459 4101 89 48 den
2571 4102 225 49 Künstler
2824 4118 81 33 vor
2928 4102 279 49 Tausenden
3239 4102 121 49 eben

1789 4196 48 32 so
1870 4179 86 50 wie
1988 4179 43 49 in
2062 4179 174 50 seinem
2267 4181 240 48 einsamen
2537 4181 205 48 Zimmer
2772 4198 88 32 nur
2891 4179 81 51 das
3017 4181 125 49 eine
3172 4181 95 49 Ziel
3299 4181 62 48 im
