3497 4389
1714 102 112 52 392

506 245 60 42 19.
595 244 230 40 November.
882 244 163 38 Gestern
1089 246 81 36 trat
1213 245 187 37 Fräulein
1442 245 155 39 Veith
1644 256 90 24 zum

156 314 129 34 ersten
313 310 103 37 Male
445 310 74 36 auf
542 320 159 24 unserer
731 307 216 37 Hofbühne
977 307 58 36 als
1065 308 145 36 Rosine
1237 310 55 35 im
1310 310 161 36 Barbier
1494 322 77 24 von
1589 308 146 36 Sevilla

156 374 79 37 auf.
265 372 73 37 Die
367 372 243 48 glänzenden
640 371 266 36 Stimmmittel
949 371 79 35 und
1059 371 61 36 die
1148 371 172 38 überaus
1350 372 262 47 kunstfertige
1640 371 70 34 Ent-

154 435 200 47 wicklung
384 435 202 37 derselben
616 433 149 38 sowohl
794 434 40 36 in
864 433 67 37 der
959 435 133 35 Partie
1122 435 124 36 selbst
1286 437 59 34 als
1373 437 39 34 in
1442 435 72 36 den
1542 433 192 47 Einlagen

153 510 213 35 gewannen
395 498 61 36 ihr
483 499 40 35 in
554 500 95 33 stets
680 496 239 47 steigendem
950 496 160 38 Maasse
1140 498 72 36 den
1236 498 137 35 Beifall
1402 497 67 35 des
1488 496 244 36 Publicums?

153 560 169 37 welcher
351 562 68 34 mit
449 559 275 38 stürmischem
752 560 222 36 Hervorruf
1001 561 168 37 scliloss.
1384 560 134 44 (Kass.
1550 557 102 50 Ztg.)

1728 650 10 11 x

234 668 366 47 Olclea&lmirg.
642 669 73 36 Am
746 667 64 41 24.
839 670 221 37 November
1088 670 131 36 wurde
1248 670 83 35 hier
1357 668 208 37 Hillens
1613 668 102 47 ~Zers-

155 734 164 45 törung
346 744 75 24 von
450 732 253 37 Jerusalem''
748 736 115 34 unter
890 734 128 37 Herrn
1049 732 228 38 Frantzen's
1306 734 171 46 Leitung
1520 734 70 34 mit
1626 745 88 34 gros-

158 806 79 25 sem
265 794 142 36 Beifall
435 795 240 47 aufgeführt.
731 797 75 35 Die
835 796 127 37 Chöre
990 809 125 23 waren
1157 799 71 43 gut
1270 795 221 45 einstudirt,
1536 795 61 35 die
1627 794 108 37 Solo-

153 857 183 36 Partieen
364 858 71 35 mit
463 858 247 36 Dilettanten
740 859 163 48 besetzt,
956 861 111 33 unter
1108 857 122 36 denen
1273 857 84 37 sich
1397 856 240 38 namentlich
1675 856 60 36 die

156 918 244 48 Sopranistin
430 919 126 38 durch
585 920 215 37 Schönheit
830 922 65 35 der
924 920 158 35 Stimme
1125 919 81 35 und
1243 918 290 37 künstlerische
1562 917 174 49 Bildung

156 981 246 46 hervorthat;
446 983 101 36 auch
581 984 66 36 der
676 985 180 35 Tenorist
883 982 221 38 bekundete
1134 983 82 36 eine
1246 982 143 36 frische
1418 982 80 36 und
1528 981 184 37 wohlklin-

157 1044 125 49 gende
312 1045 172 39 Stimme.

235 1153 284 39 Bremen.
550 1155 73 37 Am
639 1155 172 47 Sonntag
839 1155 73 36 den
933 1153 33 40 7.
985 1156 219 36 November
1227 1156 130 36 wurde
1387 1155 83 37 hier
1500 1155 69 37 das
1600 1155 108 37 Denk-

157 1216 78 35 mal
265 1217 247 48 eingeweiht,
556 1217 165 37 welches
765 1217 84 36 dem
892 1218 68 38 Dr.
990 1219 149 47 Riem,
1186 1218 235 48 Organisten
1449 1219 82 35 und
1559 1220 178 35 Director

159 1278 67 37 der
256 1279 345 48 Sing-Akademie,
633 1280 72 35 auf
728 1280 145 36 seinem
890 1280 129 37 Grabe
1041 1284 151 45 gesetzt
1222 1281 154 36 worden
1407 1283 63 34 ist.
1500 1282 52 35 Es
1582 1277 156 42 besteht

158 1343 39 34 in
228 1343 106 36 einer
362 1342 295 48 lebensgrossen
687 1342 202 37 Bildsäule
920 1343 67 37 der
1015 1343 151 42 Musik,
1198 1343 61 37 die
1289 1344 84 36 sich
1404 1345 70 35 auf
1501 1345 84 36 eine
1614 1344 120 48 Orgel

160 1406 136 36 stützt.
344 1406 52 35 Es
439 1404 131 37 wurde
614 1404 68 36 das
717 1404 96 37 Ecce
843 1407 182 47 quomodo
1056 1407 160 35 moritur
1235 1411 130 42 Justus
1394 1420 78 24 von
1502 1408 137 36 Gallus
1670 1420 44 34 ge-

157 1479 176 37 sungen;
364 1469 98 34 Herr
481 1467 333 38 Musik-Director
842 1468 319 51 Reinthaler,
1192 1470 237 49 Nachfolger
1449 1471 67 36 des
1537 1472 174 47 Verewig-

155 1536 82 43 ten,
284 1530 137 48 sprach
466 1530 126 48 einige
621 1530 134 37 Worte
796 1530 65 37 der
892 1531 266 48 Erinnerung;
1203 1544 40 24 es
1286 1544 78 24 war
1409 1533 86 35 eine
1538 1531 198 37 feierliche

160 1592 219 47 Stimmung
407 1597 113 31 unter
549 1593 67 35 der
654 1592 247 37 zahlreichen
931 1594 301 48 Versammlung
1274 1606 74 25 von
1378 1595 360 36 Theilnehmenden

157 1654 186 37 beiderlei
373 1654 278 47 Geschlechts;
682 1656 62 37 ein
772 1655 151 47 lichter,
953 1656 162 37 schöner
1145 1658 314 47 Wintermorgen
1487 1657 250 48 begünstigte

157 1717 60 37 die
247 1721 127 33 ernste
403 1719 123 38 Feier.

240 1827 200 36 Während
470 1827 60 36 die
560 1827 210 38 dresdener
791 1829 299 36 Kunstfreunde
1119 1829 61 36 die
1209 1841 43 25 so
1282 1828 245 38 erwünschte
1549 1830 166 47 Gelegen-

161 1889 91 46 heit,
296 1891 200 35 nochmals
529 1890 60 36 die
635 1891 265 37 berühmteste
929 1891 230 37 Künstlerin
1204 1893 104 35 einer
1349 1893 180 36 früheren
1559 1892 176 48 Periode,

164 1952 247 37 Wilhelmine
439 1952 410 47 Schröder-Devrient,
896 1965 49 24 zu
987 1952 133 47 hören,
1164 1955 70 34 mit
1275 1954 151 36 wahrer
1453 1955 285 47 Begeisterung

160 2015 202 48 ergreifen,
408 2015 170 36 verlässt
606 2016 83 36 eine
712 2016 166 48 jüngere
908 2016 440 49 Gesanges-Celebrität
1375 2018 212 47 Dresdens,
1628 2018 107 35 Frau

160 2078 188 48 Sophie
376 2077 226 48 Förster,
648 2080 40 36 in
719 2079 130 37 diesen
879 2081 137 47 Tagen
1045 2093 140 24 unsere
1215 2081 114 36 Stadt
1356 2082 155 48 wieder,
1555 2094 68 23 um
1651 2083 85 34 eine

159 2143 179 46 grössere
365 2142 233 37 Kunstreise
629 2146 243 46 anzutreten,
903 2143 148 37 welche
1081 2145 55 35 sie
1164 2145 242 37 namentlich
1434 2144 101 37 nach
1564 2143 172 38 Holland

159 2202 139 38 führen
327 2203 108 40 wird.

240 2309 324 41 Ifl&iicfreil.
620 2314 134 36 Erstes
797 2314 461 40 Odeons-Concert
1303 2328 60 23 am
1406 2315 57 38 15.
1494 2316 242 37 November:

160 2374 31 38 I.
226 2375 174 37 Sinfonie
442 2376 39 36 in
525 2375 135 37 A-dur
702 2389 76 24 von
814 2377 235 41 Beethoven.
1159 2380 49 37 11.
1242 2378 278 37 Concert-Arie
1550 2391 75 24 von
1656 2379 55 36 Mo-

162 2442 84 32 zart
274 2439 117 47 (Frau
419 2439 161 47 Diez);
630 2440 193 36 Romanze
853 2440 81 36 und
964 2441 134 36 Rondo
1138 2454 71 23 aus
1242 2441 183 49 Chopin's
1458 2441 174 35 E-moll-
1639 2441 12 33 C
1670 2453 44 24 on-

164 2504 78 32 cert
273 2500 115 45 (Herr
416 2500 176 37 Alfred
633 2500 176 49 Jaell);
858 2502 80 36 drei
967 2503 241 37 schottische
1238 2504 142 36 Lieder
1408 2516 76 23 von
1512 2502 223 37 Beethoven

160 2563 121 41 (Frau
310 2563 167 48 Diez);
507 2563 81 37 drei
616 2564 258 38 Salonstücke
904 2578 77 25 von
1005 2566 34 35 A
1077 2567 108 36 Jaell
1214 2568 79 35 und
1316 2566 151 48 Chopin
1497 2568 62 35 für
1580 2566 158 35 Ciavier

161 2627 63 40 (A.
254 2625 178 48 Jaell);
463 2626 220 37 Ouvertüre
712 2628 101 44 „Die
1097 2641 76 25 von
1202 2630 290 36 Mendelssohn.

241 2690 73 35 Am
344 2688 63 40 21.
437 2690 216 37 November
693 2691 78 47 gab
812 2692 101 36 Herr
955 2693 140 35 Jaell
1139 2694 60 35 ein
1231 2691 164 39 Concert
1435 2693 53 35 im
1517 2691 193 37 Museums-

163 2752 117 49 saale,
311 2754 39 35 in
379 2753 187 38 welchem
607 2766 40 24 er
691 2754 257 38 Schumann's
980 2756 191 45 Quintett,
1216 2756 193 36 Berceuse
1451 2756 78 35 und
1573 2754 165 37 Scherzo

164 2827 75 24 von
270 2815 164 49 Chopin,
466 2817 141 35 Sonate
636 2817 70 36 mit
734 2817 67 40 der
830 2818 152 36 Violine
1013 2818 115 47 (Herr
1157 2818 268 46 Lauterbach)
1468 2830 76 24 von
1576 2817 139 36 Beetho-

162 2889 89 35 ven,
284 2878 71 48 Op.
386 2877 66 49 30,
486 2879 142 45 G-dur,
674 2879 83 37 und
799 2881 134 36 seinen
1237 2880 79 35 und
1361 2879 118 49 Galop
1507 2881 231 45 fanlastique

167 2941 72 35 mit
268 2941 273 36 stürmischem
569 2941 143 36 Beifall
736 2945 175 44 vortrug.

242 3051 45 37 In
317 3051 141 36 Wien
490 3051 161 37 bereitet
687 3064 90 23 man
814 3052 84 36 eine
926 3051 254 48 Aufführung
1222 3062 76 26 von
1339 3050 138 39 Ferd.
1526 3050 108 36 Hill
1647 3050 61 36 er'
1721 3062 17 24 s

165 3114 120 37 Saul
322 3126 81 26 vor.

245 3226 23 35 J~
280 3224 35 36 ei
344 3222 547 38 Rieter-Biedcrmann
933 3225 40 35 in
1001 3225 325 38 Winterthur
1368 3227 193 35 erscheint
1589 3228 38 34 in
1658 3227 59 36 die-

167 3298 67 25 sen
263 3286 134 47 Tagen
428 3286 117 46 „Die
588 3286 28 36 C
632 3285 22 35 h
668 3286 66 35 ris
748 3286 146 37 tnach
909 3286 43 35 t*'
999 3299 78 25 von
1104 3288 153 46 Platen,
1301 3289 62 36 für
1392 3289 103 45 Solo,
1525 3288 104 37 Chor
1656 3288 80 37 und

164 3349 410 48 Clavier-Begleitung
588 3350 216 46 componirt
817 3361 75 25 von
921 3350 43 36 F.
990 3351 108 35 Hill
1110 3363 49 24 er
1187 3352 56 35 als
1265 3351 471 49 Weihnachts-Ausgabe.

246 3509 97 37 Zur
380 3508 297 37 Nachricht.
734 3509 86 35 Den
849 3507 157 37 Bericht
1032 3507 97 37 über
1168 3508 68 36 das
1267 3511 55 35 11.
1352 3509 169 37 Concert
1549 3511 38 35 in
1617 3510 90 36 Düs-

169 3571 196 38 seldorf
398 3584 60 22 am
489 3570 66 40 25.
585 3570 80 36 und
693 3571 97 35 über
818 3570 69 36 das
919 3573 77 35 111.
1027 3570 471 37 Gesellschafts-Concert
1536 3573 39 34 in
1604 3573 132 35 Köln

169 3646 59 23 am
258 3633 63 39 30.
348 3633 218 37 November
594 3636 156 34 müssen
779 3634 70 35 wir
877 3633 67 36 der
972 3633 192 36 nächsten
1192 3634 184 35 Nummer
1406 3634 266 37 vorbehalten.

2006 3574 107 34 Die

1808 3662 204 38 erscheint
2030 3662 124 46 jeden
2183 3662 192 49 Samstag
2411 3664 43 34 in
2491 3664 134 35 einem
2657 3674 161 36 ganzen
2855 3662 139 48 Bogen
3036 3664 72 35 mit
3146 3664 252 48 zwanglosen

1811 3716 204 47 Beilagen.
2098 3718 83 34 Der
2208 3717 419 46 Abonnementspreis
2642 3716 166 47 beträgt
2822 3717 66 34 für
2911 3717 73 35 das
3004 3717 203 46 Halbjahr
3237 3721 20 32 2
3277 3718 126 43 Tlilr.,

1812 3769 63 36 bei
1899 3769 74 35 den
2003 3770 49 34 K.
2070 3781 158 34 preuss.
2244 3770 343 35 Post-Anstalten
2618 3772 20 33 2
2656 3769 152 36 Tlilr.s
2832 3768 91 49 Sgl*.
2949 3770 99 35 Eine
3076 3771 290 35 einzelneNum-

1813 3834 82 24 mer
1924 3826 23 31 4
1977 3822 90 48 Sgl*.
2093 3823 289 47 Einrückungs
2408 3822 217 37 Gebühren
2654 3834 72 36 per
2751 3822 217 37 Petitzeile
2994 3827 20 32 2
3046 3822 77 48 Sgr

1866 3895 128 35 Briefe
2020 3894 83 35 und
2131 3894 298 48 Zusendungen
2458 3894 105 35 aller
2597 3894 78 34 Art
2700 3893 162 35 werden
2884 3899 121 30 unter
3037 3894 70 34 der
3133 3894 174 37 Adresse
3333 3893 70 39 der

1813 3947 52 37 M.
1893 3946 581 48 DuMont-Scliauberg'schen
2500 3946 332 47 Buchhandlung
2864 3947 42 34 in
2934 3946 106 36 Köln
3068 3946 180 38 erbeten.

2975 4000 7 11 /

1923 4069 366 40 Veranwortlicher
2319 4071 313 50 Herausgeber:
2671 4070 113 39 Prof.
2814 4070 43 39 L.
2886 4069 188 40 Bischoff
3096 4070 41 38 in
3167 4069 125 40 Köln.

1869 4122 217 52 Verleger:
2118 4124 53 37 M.
2203 4123 551 48 DuMont-Schauberg'sche
2787 4122 329 52 Buchhandlung
3147 4122 41 39 in
3220 4123 124 38 Köln.

1843 4175 198 40 Drucker:
2071 4176 56 39 M.
2159 4176 443 52 DuMont-Schauberg
2631 4179 42 35 in
2705 4177 125 41 Köln,
2859 4174 268 41 Breitstrasse
3158 4176 49 38 76
3239 4186 37 30 u.
3308 4175 64 39 18.

640 3855 618 60 Ankündigungen.

248 4005 69 37 Bei
347 4003 42 39 F.
422 4002 44 38 E.
499 4002 39 38 C.
573 4003 57 36 Le
642 4017 21 22 u
675 4006 137 37 ckart
853 4008 40 34 in
924 4008 156 35 Breslau
1117 4008 85 36 sind
1230 4021 38 22 so
1300 4008 87 35 eben
1417 4008 214 37 erschienen
1661 4010 80 36 nncl

165 4059 120 37 durch
304 4059 89 47 jede
423 4057 247 37 Musicalien-
701 4059 85 36 oder
815 4061 300 48 Buchhandlung
1145 4075 46 22 zu
1221 4062 190 35 beliehen:

163 4120 379 43 Badarzewska,
580 4116 193 49 Th6cla,
804 4120 132 39 Friere
966 4123 111 37 d'une
1107 4123 134 47 Vierge.
1274 4123 176 37 Andante
1474 4137 100 36 pour
1605 4125 131 40 Piano.

490 4174 51 35 10
569 4172 82 48 Sgr.

1810 245 64 35 He
1885 245 239 49 insilorff,
2158 244 158 52 GOp.
2332 246 65 46 64,
2429 246 118 36 Gruss
2576 259 70 23 aus
2676 247 66 37 der
2759 248 131 38 Ferne,
2927 247 221 50 Tyrolienne
3159 251 68 45 für
3246 251 122 37 Piano
3372 270 22 8 -

2126 301 110 44 forte.
2291 299 65 50 /y
2357 326 13 24 2
2398 300 83 50 Sgr.

1809 350 160 45 Hesse,
2000 351 166 47 Adolf,
2198 352 257 49 Ausgewählte
2477 354 442 50 Orgel-Compositionen.
2944 355 101 37 Neue
3063 355 122 49 billige
3206 355 185 49 Ausgabe.

1969 405 95 47 Lief.
2091 406 34 36 1.
2157 405 107 47 Fuga
2294 419 71 23 aus
2395 409 176 36 Mozart's
2603 409 178 47 llequiem
2823 409 81 35 und
2931 409 226 36 Präludium
3202 410 58 35 als
3290 411 101 35 Ein-

2156 459 139 47 leitung
2323 474 48 22 zu
2400 462 187 37 derselben
2624 463 89 48 (Nr.
2744 462 22 35 4
2797 462 65 36 der
2894 463 287 48 Orgelsachen).
3222 464 37 37 3.
3288 465 105 45 Auf-

2156 511 94 47 lage..
2314 514 104 36 Netto
2450 517 22 33 5
2504 517 81 46 Sgr.

2002 593 26 18 ~
2085 567 35 35 2.
2152 565 228 37 Präludium
2410 569 90 35 über
2528 570 25 34 2
2588 570 175 35 Themata
2792 581 70 24 aus
2884 568 133 37 Graun
3034 583 16 22 s
3085 571 75 35 Tod
3187 571 93 35 Jesu
3309 584 83 23 zum

2159 619 164 37 Choral:
2353 647 60 18 ~0
2443 623 125 49 Haupt
2599 623 71 36 voll
2700 624 87 35 Blut
2817 624 78 35 und
3151 625 88 48 (Nr.
3271 626 22 33 5
3326 626 65 35 der

2159 672 287 50 Orgelsachen).
2506 677 105 35 Netto
2641 678 26 34 6
2697 678 78 47 Sgr.

2006 753 26 18 „
2089 726 35 39 3.
2157 726 148 36 Leichte
2338 727 216 47 Orgel-Vor
2556 731 111 48 spiele
2691 732 68 46 für
2787 730 212 48 angehende
3032 730 236 48 Organisten,
3301 745 86 22 zum

2158 779 196 37 Gebrauch
2382 782 41 35 in
2453 782 239 39 Seminarien
2726 792 66 28 etc.
2833 784 92 47 (Nr.
2956 786 24 33 6
3010 785 66 36 der
3107 785 285 48 Orgelsachen).

2159 833 132 37 Zweite
2321 834 167 48 Auflage.
2547 837 103 36 Netto
2681 838 24 35 9
2733 839 83 47 Sgr.

2004 915 26 18 „
2088 888 36 36 4.
2157 886 160 37 Choral:
2386 888 83 36 Wer
2497 901 75 24 nur
2601 892 69 34 den
2702 891 115 36 lieben
2848 891 82 36 Gott
2959 891 91 37 lässt
3295 892 97 47 (Nr.

2156 941 27 35 8
2213 941 64 36 der
2309 942 282 50 Orgelsachen).
2650 945 104 36 Netto
2784 948 22 33 5
2838 945 84 47 Sgr.

2012 1023 23 19 p
2093 995 37 36 5.
2160 995 149 35 Leichte
2340 995 329 50 Orgel-Vorspiele
2698 1011 83 23 zum
2812 999 196 36 Gebrauch
3037 999 89 35 beim
3158 999 236 47 öffentlichen

2160 1048 269 37 Gottesdienste
2458 1049 93 47 (Nr.
2585 1050 44 35 11
2663 1051 65 36 der
2759 1053 272 47 Orgelsachen)
3098 1053 103 36 Netto
3234 1053 49 36 12
3312 1053 83 48 Sgr.

2008 1127 26 18 „
2091 1102 37 36 6.
2159 1102 90 36 Drei
2279 1103 239 47 ausgeführte
2549 1103 159 37 Choräle
2751 1106 64 46 (so
2853 1108 67 34 wie
2958 1106 99 36 auch
3086 1106 181 37 dieselben
3296 1108 99 35 vier-

2157 1157 161 46 stimmig
2347 1164 204 39 ausgesetzt
2580 1159 65 34 mit
2677 1157 371 52 Zwischenspielen),
3080 1162 58 34 ein
3172 1160 222 36 Präludium

2158 1210 81 34 und
2279 1211 59 33 ein
2371 1210 246 44 Postludium,
2662 1223 85 24 zum
2780 1212 195 37 Gebrauch
3022 1214 92 35 beim
3159 1214 236 47 öffentlichen

2163 1263 274 37 Gottesdienste.
2471 1265 17 35 1
2523 1264 99 46 Heft.
2655 1265 90 47 (Nr.
2768 1265 74 36 13a
2867 1266 64 35 der
2950 1267 164 50 Orgel».)
3147 1268 102 37 Netto
3268 1268 25 35 9
3312 1268 83 47 Sgr.

2093 1318 35 37 7.
2164 1316 87 36 Drei
2280 1318 239 46 ausgeführte
2551 1317 158 37 Choräle
2751 1319 82 35 und
2861 1320 81 35 eine
2971 1321 101 46 Fuge
3114 1321 102 36 nebst
3246 1322 149 35 Einlei-

2159 1377 90 40 tung
2291 1383 84 24 zum
2407 1371 193 36 Gebrauch
2643 1372 93 35 beim
2774 1373 235 46 öffentlichen
3040 1374 272 40 Gottesdienste.
3356 1376 38 37 2.

2159 1424 87 46 Heft
2276 1424 92 46 (Nr.
2403 1425 68 35 13b
2497 1425 64 35 der
2594 1425 286 48 Orgelsachen).
2938 1427 105 35 Netto
3073 1428 24 34 9
3128 1429 80 46 Sgr.

2008 1503 26 18 „
2089 1477 37 35 8.
2158 1477 95 37 Acht
2284 1478 153 36 Studien
2466 1480 67 44 für
2562 1479 57 35 die
2638 1479 109 47 Orgel
2775 1481 65 34 mit
2868 1479 194 48 obligatem
3081 1481 120 36 Pedal
3225 1483 79 35 und
3330 1496 65 35 ge-

2159 1544 78 22 nau
2266 1533 229 47 angezeigter
2540 1533 368 49 Pedal-Appliratur
2953 1533 92 47 (Nr.
3081 1536 47 35 16
3165 1536 64 35 der
3261 1536 131 48 Orgel-

2160 1586 176 48 sachen).
2394 1586 104 35 Netto
2529 1586 24 35 9
2583 1586 82 47 Sgr.

2009 1665 26 17 ~
2091 1638 36 36 .9.
2157 1639 150 36 Leichte
2338 1639 329 50 Orgel-Vorspiele
2709 1653 84 22 zum
2839 1639 40 36 Gt
2892 1639 142 37 brauch
3078 1641 39 34 in
3158 1642 235 37 Seminarien

2161 1693 80 35 und
2269 1693 92 35 heim
2390 1693 236 46 öffentlichen
2652 1694 274 38 Gottesdienste.
2970 1695 65 48 Op.
3063 1695 65 35 25.
3176 1695 107 36 Erste
3312 1698 80 34 Ab-

2162 1747 166 47 theilung
2358 1747 89 47 (Nr.
2481 1747 48 34 12
2559 1748 64 35 der
2654 1748 176 48 Orgeis.).
2869 1750 36 36 2.
2936 1748 101 47 Aufl.
3097 1749 102 35 Netto
3233 1750 45 35 15
3309 1750 84 47 Sgr.

2009 1827 25 17 ~
2070 1799 59 38 10.
2164 1799 122 47 Tjwölf
2323 1801 130 46 Orgel-
2468 1801 182 49 Vorspiele
2702 1801 282 36 verschiedenen
3032 1801 228 38 Charakters
3307 1816 85 23 zum

2164 1853 217 36 Gebrauche
2411 1854 91 36 beim
2531 1855 235 46 öffentlichen
2790 1855 263 36 Gottesdienste
3096 1856 63 49 Op.
3178 1856 64 37 25.
3278 1856 117 37 Vierte

2161 1907 235 48 Abiheilung.
2430 1908 33 35 1.
2495 1908 95 47 Heft.
2630 1910 131 35 Zweite
2789 1907 168 49 Auflage.
3015 1908 103 37 Netto
3152 1910 48 35 10
3227 1910 84 47 Sgr.

2013 1987 26 17 ~
2070 1959 63 40 11.
2165 1961 122 47 VACöJf
2328 1961 329 50 Orgel-Verspiele
2707 1962 284 36 verschiedenen
3038 1962 227 37 Charakters
3310 1977 82 22 zum

2163 2014 217 36 Gebrauche
2408 2015 90 34 beim
2530 2016 234 46 öffentlichen
2796 2016 262 35 Gottesdienste
3099 2016 146 49 0p.25.
3279 2018 116 35 Vierte

2156 2067 226 49 Abtheilung
2384 2099 7 8 .
2423 2068 36 39 2.
2493 2070 94 45 lieft.
2622 2069 132 37 Zweite
2780 2069 171 48 Auflage.
3010 2070 103 35 Netto
3146 2070 50 35 10
3225 2071 82 47 Sgr.

1812 2117 183 50 Lefebu
2009 2133 81 24 re-
2107 2120 142 49 Wely,
2284 2122 66 49 Op.
2380 2122 64 45 54,
2476 2123 71 36 Les
2571 2122 152 37 Cloches
2753 2123 49 36 du
2825 2122 223 39 Monastere.
3079 2123 191 37 Nocturne
3296 2137 98 25 vour

2135 2175 135 35 Piano.
2333 2175 49 35 10
2412 2176 81 46 S(jr.

1815 2225 38 35 M
1862 2234 151 43 ozartj
2136 2227 61 46 A.,
2244 2229 364 44 Clavier—Concerte,
2646 2230 69 46 für
2752 2230 68 35 das
2850 2229 127 37 Piano
2978 2230 98 46 forte
3104 2244 45 23 zu
3178 2232 24 34 4
3234 2231 159 36 Händen

2133 2283 234 46 eingerichtet
2404 2296 72 22 von
2519 2283 130 47 Hugo
2700 2284 16 35 l
2738 2283 146 38 lrich.
2944 2284 67 37 Nr.
3042 2284 23 35 4
3105 2286 37 34 in
3175 2284 137 40 C-dut\
3368 2286 26 33 2

2137 2335 99 36 Thlr.
2272 2335 45 36 10
2346 2336 82 46 Sgr.

1978 2408 18 6 -
2031 2389 278 36 Concert-Arie
2336 2390 208 46 (Recitaliv
2563 2389 80 36 und
2660 2390 154 48 Rondo)
2840 2390 68 47 für
2937 2392 149 47 Sopran
3116 2393 64 34 mit
3199 2392 195 36 Orchester

2132 2443 79 34 und
2248 2443 193 47 obligatem
2472 2443 235 45 Pianoforle.
2740 2443 237 48 (Classische
3008 2444 285 37 Concertstücke
3322 2446 63 37 Nr.

2140 2497 57 47 1.)
2229 2495 43 36 I>i
2303 2497 176 36 Stimmen
2507 2497 16 34 1
2547 2497 97 34 Thlr.
2660 2497 52 34 22
2719 2495 11 19 1
2730 2508 18 34 /
2751 2522 16 25 2
2784 2497 81 48 Sgr.
2897 2497 325 50 Ciavier-Auszug
3238 2499 49 35 25
3309 2499 73 47 Sgr
3382 2523 10 13 f

1813 2547 249 49 Spindler,
2095 2548 145 45 Fritz,
2274 2550 66 49 Op.
2370 2550 63 44 93,
2479 2550 176 49 Sylphen.
2702 2550 147 36 Leichte
2885 2551 233 36 Tanzweisen
3144 2554 67 43 für
3239 2551 153 38 Piano-

2131 2604 110 46 forte.
2274 2603 142 50 Compl.
2448 2603 52 35 20
2530 2604 71 47 Sgr
2661 2603 64 40 Nr.
2762 2606 29 36 1.
2824 2604 214 39 Polonaise.
3070 2607 23 33 5
3124 2606 81 47 Sgr.
3255 2608 56 35 i\r
3314 2635 11 10 #
3355 2606 37 36 2.

2140 2657 231 48 Tyrolienne.
2404 2658 21 34 5
2458 2658 82 46 Sgr.
2571 2657 65 34 Nr.
2657 2657 36 38 3.
2728 2657 127 39 Polka.
2883 2659 22 34 5
2930 2658 80 47 Sgr.
3041 2658 68 37 Nr.
3126 2660 37 35 4.
3194 2658 198 37 Mazurka.

2134 2712 22 33 5
2190 2714 82 43 Sgr.
2331 2711 65 35 Nr.
2427 2712 38 35 5.
2508 2711 156 38 Walzer.
2704 2712 22 34 5
2757 2711 86 47 Sgr.
2899 2711 70 42 Nr.
2999 2712 37 37 6.
3069 2714 155 48 Galopp.
3254 2715 22 33 5
3308 2713 83 46 Sgr.

1813 2759 249 52 Spontini,
2097 2764 168 36 Ritler
2295 2764 56 47 G.,
2382 2764 300 48 Morgenhymne.
2714 2765 98 35 Chor
2841 2765 64 36 der
2924 2766 277 36 Priesterinnen
3231 2780 70 22 aus
3330 2768 64 34 der

2138 2818 96 48 Oper
2276 2818 100 44 ~Die
2666 2818 60 46 (I.
2760 2819 83 44 Act,
2881 2819 33 38 2.
2958 2818 153 45 Scene).
3159 2820 234 45 (Classische

2136 2871 283 36 Concertstücke
2441 2872 66 36 Nr.
2528 2872 62 46 2.)
2620 2870 173 37 Partitur
2821 2872 66 35 mit
2916 2873 278 45 untergelegtem
3224 2873 169 35 Clavier-

2136 2923 151 48 Auszug
2307 2925 49 34 25
2380 2925 82 47 Sgr.
2497 2924 193 35 Orchester
2712 2937 32 23 u.
2768 2925 260 45 Singstimmen
3078 2927 13 34 1
3123 2926 96 36 Thlr.
3244 2928 45 34 15
3310 2926 82 47 Sgr.

1827 2972 9 34 \
1863 2973 72 45 iol,
1971 2975 66 40 Dr.
2077 2975 68 45 W.,
2180 2978 83 35 Don
2292 2978 119 43 Juan,
2443 2977 376 46 komisch-tragische
2851 2978 95 48 Oper
2975 2980 39 32 in
3043 2979 24 33 2
3102 2980 191 45 Aufzügen
3321 2992 72 23 von

2153 3029 52 38 W.
2239 3034 44 34 A.
2316 3031 197 37 Mozart.
2565 3029 83 36 Aus
2696 3031 79 34 dem
2818 3031 265 36 Italienischen
3121 3034 61 34 ins
3214 3032 180 37 Deutsche

2137 3097 73 21 neu
2239 3083 221 49 übertragen
2490 3083 100 36 nebst
2614 3084 277 47 Bemerkungen
2923 3085 87 36 über
3037 3087 80 34 eine
3139 3099 256 34 angemessene

2133 3137 264 36 Bühnen-Dar
2399 3137 169 47 Stellung.
2625 3136 105 36 N<>lto
2760 3137 52 35 22
2820 3140 6 18 y
2829 3139 21 44 /
2851 3169 16 19 Ä
2898 3138 81 46 Sgr.

1861 3261 86 36 Alle
1971 3262 42 35 in
2042 3262 127 37 dieser
2191 3264 331 47 Musik-7jeiluny
2547 3265 294 50 besprochenen
2875 3267 83 33 und
2983 3266 300 48 angekündigten
3310 3268 89 35 Mu-

1806 3314 158 35 sicalien
1988 3323 75 28 etc.
2087 3318 91 34 sind
2204 3332 46 21 zu
2275 3320 179 35 erhallen
2479 3321 42 34 in
2549 3320 71 35 der
2641 3327 97 28 stets
2760 3320 240 46 vollständig
3028 3321 227 35 assortirten
3276 3321 123 36 Musi-

1808 3368 359 50 calien-Handlung
2201 3372 106 35 nebst
2344 3373 249 35 Leihanstalt
2632 3387 71 21 von
2750 3372 30 36 D
2788 3373 108 35 EHR
2901 3372 66 36 lIA
2976 3373 74 35 HD
3090 3374 66 34 l>li
3167 3374 143 36 EUER
3355 3377 39 33 in

1813 3421 141 42 Köln,
1986 3424 253 37 lluchstrasse
2266 3426 70 36 Ar.
2364 3427 68 35 07.
