2630 3837
1249 266 71 59 11

200 417 174 76 tins;
402 418 88 61 ils
517 422 150 58 sont
691 419 155 63 faits
877 422 121 61 des
1025 423 217 62 tissus
1265 426 119 61 des
1402 427 180 78 tapis
1608 428 303 63 d'Orient
1931 428 102 63 les
2050 428 156 80 plus
2230 431 131 63 fins

203 501 63 57 et
298 499 273 61 enlevés
603 518 260 45 comme
907 520 119 61 par
1070 521 97 43 un
1230 505 472 66 barbouilleur
1743 510 219 61 forain
2022 511 118 77 qui
2185 530 134 43 rem-

200 581 232 76 plirait
463 583 118 60 des
612 582 220 79 lignes
858 585 257 62 tracées
1145 604 122 61 par
1298 606 94 42 un
1422 590 353 78 sculpteur
1807 592 79 61 de
1917 592 262 64 Ninive.

283 823 439 63 Mmeßerthe
745 826 282 62 Morisot
1050 846 36 42 a
1107 828 196 63 réuni
1323 833 525 75 quarante-trois
1872 853 289 55 œuvres,
2179 837 149 78 pein-

204 903 211 73 tures,
449 906 254 77 pastels
736 908 65 59 et
838 907 297 75 dessins,
1181 911 160 60 chez
1368 912 315 61 Boussod
1726 919 63 55 et
1831 915 330 75 Valadon,
2204 935 157 43 avec

204 1002 136 44 une
369 986 365 61 discrétion
763 990 64 58 et
846 1007 132 45 une
1009 991 328 62 modestie
1370 992 333 80 élégantes
1727 997 86 59 où
1835 996 354 61 s'enferme
2222 1002 108 56 tou-

200 1065 196 78 jours
451 1067 66 60 la
570 1068 391 64 charmante
1018 1072 259 61 artiste.
1342 1073 287 79 Figures
1699 1076 365 75 d'enfants,
2121 1079 242 78 jeunes

200 1136 318 85 ïemmes,
565 1166 276 61 cygnes,
882 1152 164 74 lacs,
1089 1156 334 76 potagers,
1467 1156 198 61 brocs
1708 1159 81 59 de
1831 1176 212 56 verre,
2088 1161 146 59 tout
2262 1164 100 57 est

207 1227 399 75 scintillant,
667 1235 452 75 transparent,
1180 1235 213 61 fluide
1449 1239 63 57 et
1569 1240 321 75 pourtant
1947 1256 301 44 nerveux
2301 1246 64 55 et

203 1308 189 78 plein
425 1310 82 61 de
545 1311 292 62 solidité.
875 1314 101 59 La
1026 1316 192 78 grâce
1257 1316 80 61 de
1379 1334 108 43 ces
1531 1317 176 61 êtres
1749 1321 63 59 et
1858 1321 80 60 de
1975 1338 110 43 ces
2126 1322 236 60 choses

207 1391 104 58 est
343 1394 188 58 toute
562 1392 313 78 spéciale,
909 1394 139 60 très
1079 1395 358 76 française,
1493 1399 320 76 poudrée,
1863 1401 91 60 du
1989 1401 200 61 siècle
2225 1402 105 60 der-

207 1471 151 60 nier
426 1475 65 57 et
540 1476 320 75 pourtant
918 1477 348 73 moderne,
1332 1479 384 77 parisienne
1780 1482 92 60 du
1940 1482 301 78 quartier
2285 1484 80 59 de

209 1551 291 62 l'Etoile.
540 1554 153 61 Gela
741 1573 37 43 a
821 1555 64 61 le
922 1557 270 61 charme
1227 1556 161 64 d'un
1429 1578 290 62 ouvrage
1765 1562 80 61 de
1890 1564 351 76 tapisserie
2274 1565 91 58 dû

209 1650 87 42 au
327 1635 260 76 caprice
622 1636 199 61 d'une
860 1636 205 78 jeune
1110 1640 179 60 mère
1322 1641 117 78 qui
1470 1644 195 59 mène
1716 1660 109 45 ses
1863 1645 264 60 enfants
2165 1645 200 79 jouer

207 1714 171 59 dans
405 1701 310 75 l'avenue
745 1717 92 59 du
865 1719 163 59 Bois
1061 1720 81 61 de
1175 1720 361 79 Boulogne,
1575 1724 194 77 après
1799 1725 190 60 avoir
2018 1725 341 79 beaucoup

207 1794 228 61 étudié
467 1796 66 60 la
565 1797 168 60 salle
773 1799 269 62 Lacaze.
1086 1801 180 60 Mme
1307 1802 284 63 Morisot
1632 1805 117 76 qui
1782 1806 100 60 est
1910 1806 183 61 élève
2130 1808 81 59 de
2245 1808 78 59 Go-

206 1877 104 59 rot
341 1879 63 57 et
434 1877 79 60 de
546 1877 213 63 Puvis
794 1880 80 60 de
903 1880 421 75 Ghavannes,
1369 1884 115 76 qui
1530 1902 37 43 a
1597 1886 308 60 travaillé
1950 1905 158 44 avec
2138 1889 225 61 Manet

207 1959 63 57 et
310 1961 157 56 tous
518 1957 100 61 les
664 1959 276 61 artistes
1004 1962 654 78 impressionnistes,
1700 1969 176 58 reste
1934 1969 311 77 toujours
2296 1969 66 60 la

204 2037 209 77 petite
458 2039 189 61 nièce
700 2040 80 60 de
809 2040 411 79 Fragonard,
1257 2044 243 76 qu'elle
1534 2048 99 58 est
1679 2048 81 59 de
1808 2048 144 59 fait.
1987 2049 145 60 Elle
2164 2051 101 59 est
2296 2050 65 60 la

206 2120 190 58 seule
424 2117 251 64 femme
711 2120 257 77 peintre
1003 2123 117 77 qui
1175 2124 94 59 ait
1302 2142 80 43 su
1431 2126 239 77 garder
1709 2128 66 61 la
1829 2147 242 43 saveur
2103 2130 79 61 de
2216 2130 118 60 l'in-

203 2200 293 77 complet
547 2203 65 58 et
661 2201 92 60 du
799 2201 320 79 joliment
1185 2206 345 74 inachevé,
1585 2208 169 62 dans
1802 2210 117 60 des
1973 2211 198 61 toiles
2224 2211 138 61 très

199 2280 356 76 poussées,
592 2281 477 62 abandonnées
1091 2302 120 59 par
1237 2285 430 79 impatience,
1699 2291 292 77 reprises
2024 2309 159 43 avec
2208 2309 153 60 rage

206 2361 64 60 et
319 2361 312 78 toujours
679 2361 294 64 fraîches
1020 2382 259 45 comme
1329 2384 84 42 au
1456 2369 298 76 premier
1790 2370 182 79 jour,
2022 2373 57 59 Il
2123 2394 38 55 y
2196 2390 36 44 a
2283 2374 80 60 de

202 2443 542 77 l'emportement
796 2446 62 59 et
888 2446 293 78 quelque
1214 2448 202 61 chose
1451 2450 80 60 de
1558 2450 203 74 lassé,
1797 2454 81 60 de
1909 2454 66 60 la
2019 2454 249 79 fougue
2300 2457 62 58 et

203 2540 264 44 comme
500 2540 132 44 une
665 2542 273 59 paresse
989 2526 314 79 alanguie
1357 2530 169 60 dans
1568 2549 74 43 sa
1684 2533 245 61 touche
1982 2553 12 41 :
2032 2552 85 43 on
2160 2535 205 61 dirait

206 2620 133 63 que
373 2604 160 61 c'est
564 2604 180 62 tracé
776 2623 158 44 avec
964 2624 92 43 un
1088 2625 241 45 roseau
1357 2611 257 78 trempé
1661 2613 168 62 dans
1863 2615 90 61 du
1986 2615 292 61 charme.

1726 2722 65 59 J.
1834 2722 78 62 E.
1951 2723 251 62 WHITE
