2630 3837
564 511 478 140 NOTES
1133 511 188 140 ET
1417 511 691 140 NOTULES

353 1434 87 57 Le
475 1435 111 56 Gil
611 1427 165 79 Blas
822 1446 35 42 a
889 1428 121 60 fini
1054 1446 69 42 ce
1151 1428 170 60 mois
1368 1430 77 58 de
1472 1428 263 78 publier
1767 1445 127 43 une
1934 1427 252 61 édition
2219 1427 141 79 nouvelle

254 1427 83 64 de
379 1427 83 64 la
504 1427 333 64 Faustin.
879 1427 166 64 Nous
1087 1427 83 64 ne
1212 1427 333 64 saurions
1587 1427 166 64 trop
1795 1427 332 64 supplier
2169 1427 83 64 M.
2294 1427 83 64 de

271 1588 336 60 Goncourt
640 1588 78 59 de
744 1587 281 78 prendre
1057 1604 90 42 un
1181 1587 144 57 soin
1355 1587 153 75 plus
1541 1587 204 76 grand
1779 1587 79 59 de
1891 1604 107 42 ses
2028 1586 349 79 réimpressions.

347 1747 54 57 Il
451 1747 98 57 est
593 1746 447 58 évidemment
1091 1743 135 60 très
1269 1743 166 59 beau
1487 1745 78 57 de
1611 1760 68 42 se
1720 1743 306 60 détacher
2056 1743 170 59 ainsi
2258 1743 117 60 des

266 1826 233 58 choses
534 1826 401 58 extérieures
968 1825 79 58 de
1075 1825 214 70 l'âme,
1327 1823 170 59 mais
1522 1825 406 75 jugera-t-on
1962 1840 149 58 sage
2154 1825 78 57 de
2263 1823 105 77 trivialiser

254 1823 130 61 une
427 1823 217 61 telle
687 1823 217 61 œuvre
947 1823 87 61 au
1077 1823 217 61 point
1337 1823 87 61 de
1467 1823 390 61 travestir
1900 1823 87 61 le
2030 1823 217 61 froid
2290 1823 87 61 et

263 1983 194 60 noble
495 1986 177 56 Lord
711 1986 416 56 Annandale
1172 1999 80 42 en
1303 1999 87 40 un
1423 1986 308 56 Rozares
1774 1981 470 76 rastaquouère
2295 1982 80 59 de

266 2062 135 59 café
437 2061 405 71 Américain,
876 2061 64 58 la
969 2062 206 75 ligure
1227 2060 55 58 si
1331 2060 372 76 hiératique
1745 2058 73 60 de
1848 2060 64 57 la
1950 2060 425 76 tragédienne

263 2141 314 58 moderne
606 2157 80 42 en
716 2157 129 42 une
871 2156 209 53 vague
1108 2140 235 58 Yvette
1377 2140 307 59 Guilbert
1716 2138 273 61 étonnée
2022 2141 77 58 de
2134 2157 71 41 sa
2238 2138 126 71 stupédante

254 2138 354 61 fortune,
652 2138 89 61 la
785 2138 177 61 sœur
1006 2138 89 61 si
1139 2138 708 61 merveilleusement
1891 2138 221 61 basse
2156 2138 89 61 de
2289 2138 88 61 la

267 2300 273 57 Faustin
572 2315 80 42 en
683 2315 131 42 une
847 2300 172 57 sorte
1048 2298 79 59 de
1158 2298 337 75 concierge
1528 2298 28 56 à
1593 2297 297 60 l'ivresse
1920 2296 281 62 banale?

347 2378 74 56 Et
450 2377 324 76 pourquoi
818 2394 279 58 pousser
1150 2376 59 58 le
1247 2376 388 77 belgicisme
1673 2376 270 77 jusqu'à
1988 2377 222 76 signer
2258 2376 104 77 Camille

254 2376 2123 58 Lemonnier?

343 2533 231 69 Quelle
624 2533 364 60 déchéance
1035 2532 236 72 d'âme,
1306 2533 369 60 monsieur!
1711 2535 184 58 Dans
1945 2535 63 58 la
2047 2533 324 78 première

261 2613 243 60 édition
790 2662 15 22 v
826 2617 176 57 Lord
1012 2612 441 67 Annandale,
1204 2630 84 40 au
1317 2630 192 42 cours
1534 2613 157 59 d'un
1717 2631 252 60 voyage
1993 2631 133 42 aux
2148 2615 221 71 Indes,

261 2693 177 59 avait
484 2692 278 78 l'épaule
807 2691 323 60 fracassée
1179 2709 118 58 par
1348 2710 86 41 un
1484 2692 196 76 tigre;
1734 2691 329 79 l'Amante
2104 2691 41 79 -
2186 2691 82 79 et
2312 2695 59 57 le

258 2770 270 77 lecteur
567 2770 38 77 -
644 2770 502 77 n'apprenaient
1175 2771 63 57 la
1282 2771 194 58 chose
1528 2787 126 59 que
1685 2787 119 60 par
1834 2772 241 59 hasard
2110 2773 61 58 et
2216 2789 154 42 sans

261 2867 125 60 que
415 2851 139 60 rien
586 2851 64 58 la
695 2850 277 59 décrivît
1002 2851 155 56 hors
1188 2866 92 42 un
1310 2848 121 60 fait
1476 2850 220 58 divers
1738 2851 78 58 de
1861 2851 289 76 journal.
2185 2851 185 58 Dans

258 2931 63 57 la
354 2931 298 60 dernière
680 2930 249 59 édition
958 2935 307 54 Rozcires
1296 2928 193 60 visite
1517 2946 154 42 avec
1702 2932 339 60 Claudine
2060 2935 314 56 Lamour

255 3026 131 42 une
415 3010 369 76 ménagerie
809 3011 85 72 et,
918 3025 165 60 pour
1105 3025 79 40 en
1208 3008 291 77 imposer
1519 3008 36 57 à
1579 3026 71 41 sa
1674 3026 381 60 compagne,
2079 3010 290 76 pénètre,

257 3105 131 42 une
418 3088 168 59 fleur
616 3106 132 39 aux
790 3087 234 71 lèvres,
1061 3086 165 58 dans
1268 3086 63 58 la
1376 3102 153 59 cage
1578 3087 88 58 du
1710 3087 130 58 lion
1873 3088 496 75 domestique...

335 3167 83 58 Ce
451 3167 238 76 simple
734 3166 297 77 exemple
1080 3166 78 58 de
1203 3166 65 58 la
1311 3165 545 60 transformation
1908 3185 81 42 ne
2039 3171 157 72 peut
2244 3184 129 59 que

254 3245 170 60 faire
457 3247 341 58 souhaiter
823 3246 64 59 la
918 3245 168 59 mise
1119 3262 81 41 au
1231 3243 183 78 pilon
1447 3245 78 58 de
1556 3245 63 58 la
1647 3246 278 59 seconde
1960 3247 306 76 épreuve.
