2630 3837
1274 232 81 63 45

332 558 30 37 «
400 539 103 61 On
527 557 38 43 a
586 539 458 81 vingt-quatre
1071 543 244 61 heures
1346 561 171 59 pour
1538 545 305 61 maudire
1868 563 107 43 ses
1993 545 201 79 juges
2225 539 35 85 »
2295 539 35 85 -
2365 539 34 85 :

244 616 97 61 La
372 618 426 76 bourgeoisie
831 623 494 61 n'abuse-t-elle
1357 641 144 59 pas,
1550 625 36 59 à
1635 625 252 79 l'égard
1920 625 75 61 de
2031 625 367 74 Ravachol,

249 698 80 61 de
361 699 65 60 la
455 700 331 62 tolérance
821 703 80 61 de
935 721 70 44 ce
1037 703 320 80 proverbe
1376 704 29 60 ?

325 1002 89 62 M.
450 1003 159 62 Zola
640 1023 70 44 se
743 1010 261 59 montre
1026 1026 91 43 un
1141 1025 125 62 peu
1294 1007 242 61 froissé
1566 1007 80 61 de
1672 1007 210 61 ĺoffre
1915 1007 481 80 intempestive

247 1082 91 62 du
370 1084 216 61 ruban
616 1087 203 61 vioiet
857 1107 13 40 :
906 1090 288 59 l'auteur
1224 1091 81 59 de
1345 1092 99 57 La
1485 1088 203 61 Terre
1729 1088 303 78 prétend,
2068 1107 131 42 non
2232 1107 160 42 sans

240 1163 220 74 titres,
512 1184 85 41 au
642 1167 238 62 Mérite
931 1170 307 78 agricole,
1284 1171 62 59 et
1400 1168 175 61 celui
1621 1168 80 60 de
1750 1172 99 57 La
1899 1168 289 62 Débâcle
2239 1170 38 59 à
2323 1170 67 59 la

243 1243 312 65 Médaille
589 1248 342 63 militaire.

320 1326 348 62 L'homme
719 1331 117 76 qui
884 1331 276 60 vendait
1209 1331 118 60 des
1377 1330 265 62 brevets
1694 1330 80 59 de
1829 1350 29 35 «
1890 1330 350 61 Chevalier
2271 1331 118 60 des

237 1403 614 80 Alpes-Maritimes
893 1412 80 59 de
1009 1415 29 56 l
1047 1421 45 30 re
1123 1411 211 61 classe
1363 1432 56 52 »,
1453 1413 160 75 peut
1646 1426 236 46 encore
1934 1429 69 43 se
2045 1411 343 79 présenter

242 1484 36 61 à
309 1487 265 62 Médan.
713 1492 190 61 Nous
936 1492 226 61 ferons
1193 1492 99 61 les
1324 1492 185 60 frais.

327 1784 171 71 Quel
530 1785 353 79 dommage
929 1804 129 58 que
1086 1786 66 61 la
1180 1786 319 79 postérité
1531 1804 82 43 ne
1656 1786 130 61 soit
1816 1804 121 61 pas
1969 1804 232 43 encore
2234 1786 151 62 née!

245 1864 126 62 Car
403 1884 72 42 sa
501 1866 138 79 joie
672 1869 37 58 à
739 1867 122 60 lire
892 1869 250 77 l'Eloge
1191 1869 79 59 de
1302 1869 272 59 Florian
1605 1886 119 59 par
1763 1869 61 58 le
1882 1889 30 36 «
1946 1869 316 76 Capoulié
2308 1870 81 61 de

239 1946 328 61 Plassans
600 1968 28 35 »
667 1949 204 59 serait
903 1965 431 44 savoureuse.
1371 1949 95 59 La
1498 1949 189 59 nôtre
1720 1947 103 61 fut
1854 1949 318 60 extrême.

328 2234 274 61 Comme
649 2253 130 60 peu
830 2235 78 60 de
964 2252 122 43 nos
1133 2234 288 61 lecteurs
1472 2235 241 61 auront
1759 2234 181 61 suivi
1990 2235 88 60 M.
2113 2234 273 62 Masson

244 2314 169 59 dans
443 2332 122 43 son
612 2315 414 76 exploration
1058 2315 166 60 dans
1269 2334 29 36 «
1331 2318 224 57 toutes
1592 2315 101 60 les
1743 2314 360 62 anciennes
2147 2333 238 43 revues

244 2395 119 61 des
424 2396 179 61 deux
657 2395 324 78 premiers
1021 2395 160 60 tiers
1231 2396 90 59 du
1377 2395 201 61 siècle
1623 2418 59 51 »,
1731 2413 173 43 nous
1962 2396 215 60 citons
2227 2414 156 43 avec

240 2475 236 79 plaisir
503 2476 61 60 le
595 2475 284 60 résultat
910 2475 254 61 effectif
1188 2475 80 60 de
1301 2478 99 58 cet
1430 2475 195 61 effort
1651 2475 408 62 d'érudition
2094 2494 13 41 :

324 2578 29 36 «
403 2558 302 76 Puisque
737 2573 171 43 nous
943 2573 81 43 en
1056 2573 294 43 sommes
1383 2574 117 43 sur
1546 2558 66 59 la
1651 2558 375 59 littérature
2059 2558 322 77 anglaise,,

236 2636 69 79 je
324 2636 312 79 prendrai
653 2636 63 59 la
733 2635 239 61 liberté
1004 2636 78 60 de
1114 2636 354 61 révéler....
1498 2654 127 61 que
1639 2638 193 59 Jules
1853 2636 328 78 Laforgue
2213 2643 168 54 n'est

239 2737 123 59 pas
389 2718 428 77 proprement
864 2716 62 61 le
967 2718 288 77 premier
1282 2719 388 60 traducteur
1715 2718 289 72 français
2051 2719 90 58 du
2191 2718 189 78 poète

240 2799 386 61 américain.
663 2798 168 59 Bien
863 2800 431 74 auparavant,
1330 2799 35 58 à
1397 2799 222 61 savoir
1664 2799 117 60 dès
1825 2799 178 72 1861,
2045 2798 89 61 M.
2169 2799 210 58 Louis

236 2879 312 72 Etienne,
573 2895 84 42 au
690 2895 194 42 cours
912 2878 159 59 d'un
1094 2879 238 60 travail
1363 2879 389 77 important,
1790 2879 289 76 quoique
2110 2895 129 60 peu
2268 2879 75 58 ad-

242 2959 280 72 miratif,
541 2958 710 80 surWaltWhitman,
1271 2960 216 79 poète,
1508 2960 393 78 philosophe
1923 2965 61 54 et
2006 2979 26 36 «
2058 2959 240 77 rowdy
2321 2981 57 52 »,

242 3040 278 62 donnait
548 3040 166 59 dans
742 3039 63 60 la
835 3044 232 56 Revue
1096 3039 465 74 Européenne
1597 3042 55 76 (1
1661 3052 46 29 er
1738 3039 386 75 novembre)
2158 3039 65 60 la
2253 3044 100 55 tra-

242 3122 274 59 duction
551 3120 80 60 de
654 3119 341 79 plusieurs
1019 3139 357 43 morceaux
1404 3120 584 78 caractéristiques
2011 3120 80 59 de
2113 3123 265 57 Lecives

240 3205 84 70 of
344 3217 174 59 gras
523 3218 54 44 s.
616 3222 29 35 »

320 3282 400 59 L'intuition
757 3283 111 58 eut
893 3299 90 60 pu
1012 3299 77 44 su
1101 3282 144 61 ffire
1265 3283 36 58 à
1317 3298 173 43 nous
1514 3280 208 61 éviter
1739 3296 131 43 une
1894 3297 227 42 erreur
2134 3280 208 76 regret-

242 3363 179 61 table
471 3379 82 44 en
601 3365 155 58 tous
805 3364 226 78 points
1073 3382 12 41 :
1139 3381 70 43 ce
1254 3381 158 43 nom
1458 3364 360 59 d'Etienne
1885 3360 355 78 implique,
2294 3378 81 43 en

236 3444 177 74 effet,
449 3461 94 43 un
589 3444 270 78 rythme
892 3445 78 60 de
1016 3444 337 78 primauté
1405 3443 117 77 qui
1566 3440 319 63 concorde
1934 3444 447 72 exactement,

235 3542 85 44 on
352 3524 61 61 le
441 3525 162 75 voit,
638 3542 156 44 avec
826 3525 61 61 le
918 3524 417 77 témoignage
1369 3524 79 60 de
1478 3523 67 60 la
1575 3522 292 62 Science.
