2630 3837
775 453 329 150 LES
1214 453 659 150 LIVRES

325 1384 249 64 Poésie
611 1403 12 42 :

326 1529 104 61 On
480 1528 250 62 entend
774 1528 144 61 dire
955 1547 12 40 :
1017 1549 29 36 «
1096 1528 144 72 Que
1295 1529 62 61 le
1402 1529 193 79 poète
1648 1530 238 60 chante
1939 1547 122 43 son
2113 1530 282 80 époque,

246 1610 165 78 qu'il
456 1610 198 76 puise
698 1611 169 59 dans
918 1611 66 60 la
1022 1610 109 61 vie
1178 1610 117 78 qui
1347 1611 327 60 l'entoure
1738 1611 451 78 l'inspiration
2237 1631 133 43 sans-

242 1690 296 79 laquelle
571 1692 48 59 il
652 1692 115 77 n'y
800 1708 37 42 a
865 1708 123 60 pas
1021 1693 81 59 de
1131 1690 214 79 génie.
1373 1692 175 60 Tout
1578 1692 268 59 marche
1870 1695 244 56 autour
2141 1694 80 60 de
2250 1694 100 60 lui
2378 1713 13 39 :

242 1770 101 61 les
402 1772 188 59 idées
642 1807 79 6 —
777 1772 306 72 Darwin,
1146 1772 267 73 Comte,
1473 1772 190 59 Marx
1715 1791 112 54 —;
1861 1772 67 60 la
1985 1773 278 61 matière
2324 1791 71 43 se

247 1852 272 77 dompte
557 1869 12 41 :
614 1852 281 72 Edison,
947 1852 220 60 Eiffel.
1205 1852 145 71 Que
1394 1853 62 59 le
1502 1852 244 60 souffle
1792 1852 501 80 démocratique
2331 1854 64 61 le

244 1948 233 62 gagne,
517 1932 165 78 qu'il
716 1932 235 60 chante
983 1933 284 59 l'aurore
1301 1933 80 61 de
1414 1932 314 78 l'égalité,
1765 1935 207 71 etc...,
2006 1937 177 59 etc...
2221 1954 32 37 »

322 2013 57 60 11
410 2014 103 59 est
560 2012 298 78 possible
890 2031 154 58 que,
1079 2014 59 59 si
1181 2013 399 60 l'humanité
1624 2013 152 61 finit
1825 2031 94 43 un
1962 2014 160 78 jour
2159 2032 120 60 par
2320 2032 71 44 se

241 2094 376 60 constituer
647 2111 88 43 en
760 2092 256 63 société
1042 2128 77 7 —
1150 2111 71 43 ce
1254 2094 239 78 qu'elle
1520 2092 107 62 n'a
1654 2111 121 61 pas
1808 2111 233 44 encore
2067 2094 122 61 fait
2221 2098 63 58 et
2310 2113 82 43 ne

242 2174 261 60 semble
546 2191 122 61 pas
698 2173 153 77 près
898 2174 80 61 de
1027 2173 168 62 faire
1220 2210 79 6 —
1328 2174 51 60 il
1420 2175 101 59 est
1550 2174 300 78 possible
1882 2174 211 79 qu'un
2132 2175 123 61 Art
2286 2177 66 59 ré-

240 2255 218 78 ponde
490 2254 37 60 à
558 2271 108 44 ses
698 2254 408 78 aspirations
1139 2257 63 58 et
1233 2272 129 60 que
1397 2257 101 58 cet
1527 2257 124 58 Art
1684 2257 131 58 soit
1846 2255 122 77 (les
2015 2258 267 77 utopies
2315 2274 71 44 se

244 2334 297 79 suivent)
572 2351 135 43 une
754 2337 178 58 sorte
975 2335 80 60 de
1097 2335 320 78 synthèse
1460 2335 80 60 de
1583 2337 155 58 tous
1783 2335 101 61 les
1931 2337 249 59 autres.
2215 2338 175 60 Mais

244 2415 298 78 qu'entre
572 2414 314 80 l'agrégat
917 2415 599 61 inconsciemment
1548 2415 249 79 inepte,
1825 2415 310 63 dérivant
2166 2418 37 58 à
2234 2419 156 59 tous

242 2497 102 61 les
367 2498 312 60 courants
715 2497 118 59 des
875 2497 336 61 destinées
1242 2532 77 7 —
1350 2514 261 44 comme
1638 2514 132 45 une
1812 2497 270 61 brassée
2117 2498 273 61 d'orties

245 2594 86 44 au
363 2577 314 61 ruisseau
707 2611 102 38 —,
840 2578 185 60 entre
1056 2577 61 62 le
1159 2577 230 61 bêlant
1420 2579 326 75 troupeau
1785 2578 117 76 qui
1935 2578 140 61 suit
2124 2579 268 78 stupide

245 2659 65 60 et
354 2657 156 62 béat
558 2658 63 61 le
672 2658 156 77 plus
876 2676 239 43 sonore
1160 2658 211 61 bélier
1416 2676 117 43 sur
1577 2659 66 59 la
1686 2659 200 60 lande
1934 2658 335 61 inconnue
2312 2694 82 8 —

246 2738 302 77 qu'entre
584 2760 29 34 «
647 2738 68 60 la
759 2738 245 61 société
1037 2739 319 61 moderne
1389 2760 31 35 »
1470 2741 63 59 et
1563 2756 95 43 un
1690 2738 146 74 Art,
1870 2738 157 79 quel
2071 2738 234 75 soit-il,
2339 2739 51 60 il

240 2837 48 60 y
320 2819 95 61 ait
445 2818 511 79 compatibilité.
989 2854 81 11 —
1098 2821 173 60 Non.

321 2898 475 62 Démocratie?
837 2899 453 71 Qu'entendre
1329 2917 121 61 par
1493 2916 70 44 ce
1610 2899 164 73 mot,
1809 2898 196 60 sinon
2057 2899 189 60 notre
2286 2916 69 43 so-

242 2979 168 61 ciété
437 2978 400 80 bourgeoise
868 2983 65 59 et
965 2998 122 44 son
1120 2982 424 76 équivalente
1578 2981 79 59 de
1691 2979 65 60 la
1784 2979 331 61 Nouvelle
2146 2979 205 78 Angle-

237 3063 175 60 terre
451 3078 12 42 :
498 3081 30 35 «
569 3061 100 61 les
711 3061 179 62 deux
913 3061 470 81 Républiques
1417 3062 75 61 »?
1543 3059 467 63 Démocratie?
2057 3061 139 76 qui,
2245 3062 145 60 tant

240 3141 87 61 ici
360 3158 130 60 que
523 3141 89 73 là,
647 3157 70 45 se
749 3141 269 62 résume
1063 3160 81 43 en
1177 3141 594 62 malthusianisme
1804 3142 64 57 et
1897 3139 438 78 ploutocratie
2371 3160 16 42 :

241 3222 442 61 stérilisation
716 3222 80 61 de
832 3222 66 61 la
932 3223 133 74 vie,
1094 3223 220 78 abject
1353 3221 623 78 assujettissement
2019 3222 304 60 consenti
2353 3223 39 60 à

240 3302 124 61 l'or
395 3302 227 62 stérile
640 3302 30 62 ?
693 3336 79 8 —
806 3303 65 61 et
901 3302 158 62 c'est
1088 3288 141 79 ceïa
1261 3303 166 78 qu'il
1453 3304 64 60 te
1550 3299 296 63 faudrait
1877 3301 246 67 farder,
2155 3302 193 77 poète
2369 3304 21 60 t
