2630 3837
1245 262 81 66 22

358 445 28 34 «
417 422 202 61 Notre
648 423 174 59 Mère
852 422 64 58 la
940 422 192 71 Mort,
1174 423 166 76 pitié.
1362 424 10 58 !
1409 423 158 76 pitié
1595 424 12 58 !

356 503 96 59 Ne
483 502 146 57 bois
651 502 113 57 ton
785 517 183 43 verre
996 502 147 75 qu'à
1174 502 251 72 moitié,

358 581 201 58 Notre
588 579 176 59 Mère
793 579 63 59 la
879 581 192 69 Mort,
1098 581 153 58 c'est
1283 597 169 42 nous
1486 581 92 57 les
1604 581 235 59 mères.

362 659 168 60 C'est
550 676 168 41 nous
748 659 96 58 les
870 659 256 59 vieilles
1167 661 35 56 à
1232 661 355 58 manteaux

360 739 176 58 Avec
563 737 178 58 leurs
772 755 211 42 coeurs
1028 755 77 40 en
1138 741 320 68 ex-votos,

364 817 127 67 Qui
516 833 467 42 marmonnons
1011 817 88 57 du
1133 817 337 75 désespoir

360 894 101 59 En
493 894 328 75 chapelets
852 896 531 72 interminables;

360 974 198 60 Notre
583 973 175 60 Mère
781 974 78 59 de
887 974 63 57 la
978 974 169 59 Mort
1174 976 62 55 et
1269 974 88 57 du
1388 974 136 59 soir

362 1052 169 60 C'est
557 1068 166 42 nous
753 1052 96 58 les
872 1051 439 77 béquillantes
1341 1053 61 59 et
1427 1052 330 61 minables

360 1131 279 59 Vieilles
661 1131 273 58 tannées

360 1211 129 57 Par
516 1209 62 57 la
611 1209 278 59 douleur
917 1211 61 57 et
1007 1209 97 59 les
1136 1208 238 60 années
1410 1227 13 39 :

360 1288 128 58 Les
511 1288 350 75 défroques
889 1306 167 57 pour
1085 1291 95 55 tes
1209 1289 360 59 tombeaux

358 1367 84 61 Et
469 1368 98 58 les
596 1367 204 59 cibles
835 1383 170 60 pour
1034 1369 98 57 tes
1164 1368 343 58 couteaux.
1555 1388 28 35 »

466 1628 93 59 La
588 1628 191 72 Mort,
814 1628 195 73 dites,
1038 1628 95 59 les
1162 1627 252 62 bonnes
1446 1645 182 61 gens,

362 1708 94 59 La
480 1708 169 59 Mort
673 1710 98 57 est
799 1708 203 58 soûle.

362 1787 84 59 Sa
469 1787 129 59 tête
629 1787 223 59 oscille
885 1788 63 56 et
971 1785 180 61 roule

362 1866 267 60 Comme
658 1881 127 43 une
816 1865 217 59 boule.

360 1998 94 57 La
477 1997 170 58 Mort
678 2013 36 41 a
746 1995 91 59 bu
870 1997 88 57 du
992 2012 161 58 sang

361 2077 268 58 Comme
656 2092 91 42 un
778 2075 110 58 vin
921 2074 160 59 frais
1109 2077 62 56 et
1202 2074 435 76 bienfaisant;

358 2154 55 57 Il
446 2153 182 60 coule
662 2153 178 58 doux
870 2171 129 39 aux
1023 2152 209 77 joints
1265 2154 163 59 delà
1453 2157 291 59 cuirasse

358 2233 99 60 De
491 2249 72 41 sa
592 2248 313 43 carcasse.

360 2312 95 57 La
482 2312 171 58 Mort
684 2328 35 41 a
745 2312 129 58 mis
907 2327 113 42 sur
1039 2310 60 59 le
1127 2312 320 76 comptoir

361 2389 104 59 Un
498 2389 117 60 écu
645 2390 167 70 noir,

365 2468 143 61 Elle
539 2484 80 42 en
640 2469 249 59 voudra
910 2484 163 60 pour
1096 2484 103 42 ses
1231 2470 260 75 argents

362 2549 107 60 Au
494 2548 258 60 cabaret
779 2548 114 58 des
920 2563 280 61 pauvres
1232 2564 182 61 gens.

365 2785 491 61 «Notre-Dame
884 2784 64 59 la
962 2784 190 71 Mort,
1186 2788 154 58 c'est
1371 2803 170 45 nous
1571 2790 97 61 les
1688 2793 201 61 vieux
1921 2797 114 58 des
2063 2812 262 61 guerres

364 2868 96 56 Tu
471 2883 59 41 m
541 2865 66 59 ul
619 2869 100 54 tua
732 2865 152 70 ires,

364 2945 332 70 Tronçons
729 2961 262 40 mornes
1019 2944 61 57 et
1109 2944 304 61 terribles
1444 2949 304 60 entailles

360 3024 99 59 De
488 3024 63 57 la
578 3022 167 59 forêt
766 3023 113 57 des
908 3023 306 58 victoires
1246 3027 61 56 et
1339 3027 113 57 des
1482 3027 327 76 batailles,

360 3100 439 61 Notre-Dame
832 3100 116 59 des
978 3102 330 75 drapeaux
1338 3104 181 59 noirs

361 3182 83 55 Et
477 3182 113 57 des
623 3179 297 60 débâcles
952 3180 162 59 dans
1145 3180 96 59 les
1272 3183 186 72 soirs,

360 3259 438 58 Notre-Dame
836 3259 114 58 des
972 3258 247 76 glaives
1250 3260 62 57 et
1336 3260 113 60 des
1480 3260 207 63 balles

362 3337 83 58 Et
477 3339 114 57 des
623 3354 252 42 crosses
894 3340 218 56 contre
1142 3338 95 58 les
1266 3339 228 72 dalles,

365 3415 118 57 Toi
515 3419 181 56 notre
728 3417 215 76 vierge
985 3418 61 57 et
1089 3419 181 56 notre
1302 3420 276 75 orgueil,

366 3494 325 76 Toujours
732 3495 56 59 si
811 3494 41 58 fi
861 3495 103 60 ère
996 3497 62 58 et
1089 3497 57 58 si
1178 3497 231 74 droite,
1430 3518 83 41 au
1546 3504 169 60 seuil
