2630 3837
1288 261 37 59 8

272 436 279 61 croyons
579 421 155 56 tous
766 433 77 42 en
873 417 204 71 avoir,
1111 435 83 42 au
1216 419 214 60 moins
1458 423 287 74 pendant
1772 425 175 59 deux
1975 442 141 54 ans,
2150 445 80 42 au
2253 431 68 58 dé-

273 505 151 64 but;
460 499 62 58 et
551 496 263 77 après..,
838 498 141 56 tant
1009 497 124 75 pis,
1167 498 47 57 il
1242 498 141 59 faut
1415 502 182 57 vivre
1627 505 60 55 et
1712 502 56 58 si
1799 507 102 71 gai
1913 507 207 57 ment!

349 577 199 61 N'ont
606 574 187 77 point
863 576 199 75 pensé
1110 577 170 58 ainsi
1308 596 13 39 :
1390 577 530 80 Gainsborough,
1993 582 358 79 Reynolds,

269 658 336 74 Hoppner,
645 654 376 72 Lawrence,
1056 653 374 75 Gonstable,
1465 675 78 42 en
1575 659 385 77 Angleterre
1985 680 15 53 ;
2033 662 97 58 les
2182 666 139 73 quel-

272 753 164 60 ques
469 737 269 56 maîtres
770 733 282 71 français
1089 736 260 73 exquis,
1383 753 128 59 que
1560 755 169 42 nous
1765 741 337 59 admirons
2134 760 113 42 rue
2279 746 75 58 de

271 814 181 72 Sèze,
485 812 237 76 depuis
746 811 312 59 Watteau
1084 812 270 77 jusqu'à
1409 814 227 73 Corot;
1672 819 62 56 et
1782 835 80 40 en
1912 835 251 44 somme
2210 827 146 55 tous

273 912 165 41 ceux
464 893 156 57 dont
650 891 58 58 le
742 907 154 43 nom
926 891 210 76 figure
1167 910 84 40 au
1296 894 334 75 catalogue
1661 898 63 56 et
1776 897 114 75 qui
1934 915 80 42 ne
2055 903 149 55 sont
2243 920 113 57 pas

272 976 154 54 tous
479 971 311 76 pourtant
841 969 114 57 des
1020 971 241 75 grands
1312 972 324 72 hommes,
1691 976 283 75 puisque
2012 976 343 80 Decamps,

271 1052 285 74 Troyon,
591 1047 357 77 Daubigny
978 1053 62 55 et
1062 1049 60 59 le
1151 1051 142 76 trop
1324 1051 308 76 précieux
1660 1053 385 61 Fromentin
2073 1057 94 75 s'y
2190 1060 136 58 trou-

271 1133 157 56 vent
462 1126 204 61 aussi.

353 1209 88 59 Le
464 1204 270 80 portrait
748 1203 78 61 de
847 1203 266 74 femme,
1130 1204 91 60 tel
1241 1223 124 59 que
1386 1207 159 61 l'ont
1565 1209 193 60 traité
1776 1211 96 59 les
1885 1211 298 77 Anglais,
2210 1214 149 60 c'est

273 1303 129 42 une
436 1286 157 77 joie.
624 1284 94 57 La
747 1284 183 75 grâce
962 1286 62 55 et
1048 1284 306 60 l'aisance
1384 1287 78 58 de
1503 1289 162 59 cette
1708 1292 323 74 peinture,
2084 1308 70 41 sa
2186 1293 140 60 char-

275 1371 218 53 mante
525 1362 385 59 distinction
935 1363 303 74 toujours
1279 1382 89 39 un
1400 1383 125 58 peu
1558 1367 257 75 intime,
1862 1386 79 42 en
1986 1369 140 60 font
2169 1374 150 73 quel-

273 1460 125 59 que
429 1444 193 57 chose
654 1442 79 57 de
762 1443 145 57 tout
937 1442 416 73 particulier;
1400 1461 255 44 aucune
1687 1448 114 59 des
1832 1448 166 59 têtes
2037 1452 319 58 montrées

268 1541 132 40 aux
433 1543 29 35 «
497 1523 146 56 cent
681 1519 502 61 chefs-d'œuvre
1217 1542 27 36 »
1283 1524 164 57 n'est
1478 1524 194 60 d'une
1713 1527 247 75 qualité
1997 1531 326 75 exception-

271 1602 194 70 nelle,
498 1616 117 59 pas
647 1599 213 59 même
888 1598 65 58 la
973 1599 331 75 princesse
1320 1602 77 59 de
1425 1603 413 75 Metternich,
1863 1606 170 59 mais
2060 1612 301 70 pourtant

271 1681 158 58 elles
479 1679 113 57 ont
631 1695 91 40 un
770 1681 220 55 accent
1035 1681 146 55 tout
1235 1679 264 76 spécial,
1532 1686 165 58 cette
1755 1701 239 43 saveur
2045 1686 280 61 britanni-

273 1776 125 58 que
431 1758 35 57 à
495 1755 286 75 laquelle
821 1773 170 42 nous
1023 1773 78 42 ne
1124 1757 319 61 résistons
1472 1777 141 58 pas.

352 1838 89 57 Le
489 1849 283 63 paysage
822 1834 76 59 de
945 1835 348 60 Gonstable
1343 1841 97 55 est
1477 1857 128 42 une
1651 1858 140 42 rare
1837 1846 364 58 merveille.
2252 1846 108 59 Cet

269 1917 263 57 homme
565 1914 334 70 étonnant,
936 1915 113 74 qui
1082 1915 156 59 s'est
1260 1917 246 75 inspiré
1522 1918 78 60 de
1630 1923 144 56 tout
1806 1924 61 56 et
1899 1924 79 59 de
2008 1926 173 62 tous,
2209 1924 153 59 dont

271 1994 96 59 les
399 2008 258 43 œuvres
683 1993 148 57 sont
861 1993 183 57 aussi
1073 1993 252 60 variées
1357 2012 127 57 que
1525 1997 97 58 les
1674 1999 207 75 galets
1913 2002 194 60 d'une
2154 2002 205 76 plage,

275 2074 97 57 est
403 2089 89 41 un
526 2072 114 57 des
671 2070 150 77 plus
846 2073 241 74 grands
1114 2073 77 58 de
1217 2091 68 42 ce
1313 2076 218 58 siècle.
1565 2078 52 56 Il
1652 2095 40 57 y
1717 2096 35 40 a
1774 2079 154 60 chez
1959 2083 97 57 lui
2082 2083 279 75 quelque

269 2152 193 58 chose
484 2148 389 71 d'enfantin,
892 2168 129 42 une
1039 2152 345 59 recherche
1407 2154 252 75 puérile
1674 2157 78 59 de
1785 2161 284 58 certains
2101 2161 255 71 détails,

271 2230 157 58 dont
447 2228 64 58 la
531 2227 278 59 réunion
841 2227 118 59 fait
977 2246 91 42 un
1099 2230 362 73 ensemble,
1495 2233 33 58 à
1557 2234 139 59 côté
1724 2236 162 59 delà
1917 2241 257 69 nature,
2196 2239 163 60 mais

271 2308 350 60 saisissant
678 2307 402 59 d'intensité.
1141 2309 169 60 C'est
1364 2310 64 59 la
1471 2313 282 61 minutie
1806 2316 158 59 d'un
2018 2318 343 60 Hobbéma

273 2402 155 43 avec
451 2402 127 42 une
609 2384 279 60 lumière
917 2385 154 60 bien
1091 2387 151 75 plus
1265 2388 192 60 réelle
1481 2394 62 55 et
1560 2408 89 41 un
1672 2393 194 58 choix
1898 2397 77 58 de
1992 2397 160 58 sites
2164 2401 165 54 atten-

277 2465 310 58 drissant.
648 2463 53 57 Il
763 2481 45 58 y
866 2482 37 39 a
949 2465 152 60 chez
1144 2465 122 73 lui,
1308 2484 253 44 comme
1616 2470 335 63 d'ailleurs
2008 2476 156 58 chez
2215 2479 147 56 tous

273 2545 97 58 les
424 2542 300 76 Anglais,
799 2561 90 42 un
946 2562 129 60 peu
1132 2545 79 59 de
1261 2547 348 61 l'amateur
1663 2552 144 58 naïf
1867 2554 116 75 qui
2055 2554 121 60 fait
2234 2572 126 42 une

276 2615 330 84 aquarelle
642 2622 165 58 dans
837 2639 92 41 un
959 2624 225 59 album
1224 2624 79 59 de
1329 2625 200 77 jeune
1567 2628 159 61 fille.
1757 2632 89 57 Le
1884 2633 144 60 soin
2059 2633 302 78 appliqué

277 2703 155 57 d'un
459 2700 275 75 Anglais
790 2700 104 60 n'a
950 2703 141 58 rien
1139 2703 32 58 à
1221 2704 144 59 voir
1396 2722 154 44 avec
1595 2708 61 60 le
1692 2709 212 76 précis
1962 2712 398 59 méticuleux

278 2780 154 59 d'un
455 2779 333 71 Français,
807 2780 114 75 qui
949 2780 265 61 devient
1245 2787 278 57 souvent
1546 2803 254 46 comme
1823 2807 128 42 une
1981 2793 379 75 occupation

268 2860 79 60 de
379 2858 364 60 centenaire
774 2859 279 78 résigné.

352 2938 99 60 On
473 2954 35 42 a
529 2937 152 58 bien
710 2938 116 58 fait
855 2919 325 80 dèmettre
1197 2940 342 63 danscette
1561 2948 376 75 compagnie
1952 2949 60 59 le
2036 2949 326 60 Bonßock

276 3018 77 57 de
389 3017 240 58 Manet.
648 3015 53 59 Il
718 3033 67 42 se
805 3017 159 59 tient
981 3018 132 58 très
1139 3018 202 60 bienà
1372 3020 138 59 côté
1542 3023 194 61 d'une
1778 3025 220 61 vieille
2013 3027 240 61 femme
2284 3028 76 57 de

268 3095 188 59 Hais.
494 3095 84 59 Ge
626 3094 167 60 n'est
826 3112 141 58 pas,
1002 3099 228 70 certes,
1263 3098 62 58 la
1357 3102 328 73 grandeur
1731 3104 469 75 majestueuse,
2228 3107 101 57 ina-

269 3173 446 76 nalysabledu
747 3174 427 74 Hollandais;
1212 3178 166 58 mais
1404 3179 955 83 malgrécertainespetitesses,

275 3254 220 57 Manet
526 3269 67 42 se
622 3254 254 57 montre
908 3254 64 57 là
995 3255 86 59 tel
1113 3255 564 75 qu'unvénérable
1694 3263 338 60 Monsieur
2046 3266 112 74 qui
2178 3282 35 41 a
2235 3279 124 42 une

282 3332 207 59 allure
531 3332 133 59 très
696 3332 302 74 discrète,
1040 3334 164 61 dans
1228 3352 118 43 son
1381 3339 245 60 attente
1656 3358 84 42 au
1773 3343 170 60 seuil
1975 3344 88 57 du
2105 3344 255 59 Louvre

273 3410 158 76 qu'il
476 3412 220 58 adora.

355 3488 212 61 Millet
605 3493 98 57 est
742 3490 438 79 moliéresque
1226 3495 61 58 et
1322 3493 591 81 louisquatorzien,
1948 3518 106 42 ses
2107 3516 254 60 compo-
