3391 4328
1634 187 108 50 390

266 332 84 47 Die
394 328 174 51 C-moll-
573 329 196 49 Sinfonie
809 346 86 30 von
935 328 201 65 Spohr,
1184 328 88 63 Op.
1314 327 85 57 78,
1447 325 70 49 die
1565 325 79 50 das

153 409 152 47 zweite
332 407 364 48 Privat-Concert
736 407 231 54 eröffnete,
1009 405 91 64 galt
1137 403 102 48 dem
1276 403 251 48 Andenken
1568 403 76 47 des

154 482 459 63 dahingeschiedenen
641 482 214 48 Meisters.
903 480 74 47 Sie
1006 478 155 51 wurde
1202 479 275 47 vortrefflich
1508 496 109 47 gege-

154 559 86 47 ben
271 558 89 47 und
387 558 268 48 namentlich
696 557 79 48 das
802 555 211 50 Andante
1049 554 91 48 und
1179 554 80 48 der
1286 555 127 47 letzte
1437 555 99 47 Satz
1566 554 79 47 mit

154 634 238 50 lebhaftem
422 634 155 48 Beifall
619 634 357 64 aufgenommen.
1032 633 97 47 Von
1159 633 287 45 Ouvertüren
1484 632 160 46 hörten

154 712 80 47 wir
262 710 70 47 die
359 728 97 29 zum
473 710 212 47 Märchen
707 727 83 29 von
818 709 80 47 der
921 709 196 47 schönen
1142 708 216 47 Melusine
1387 724 83 31 von
1499 708 108 47 Men-

154 786 254 47 delssohn
455 785 90 47 und
587 785 69 47 die
684 785 480 64 Egmont-Ouverture
1203 800 84 31 von
1316 784 327 47 Beethoven.

153 864 119 46 Frau
315 861 162 49 Clara
514 861 307 47 Schumann
863 861 153 64 spielte
1060 858 97 64 (auf
1188 859 143 48 einem
1363 860 158 62 Flügel
1559 875 84 31 von

150 936 168 64 Klems)
360 936 77 49 das
465 935 188 50 A-mott-
662 936 192 47 Concert
893 952 83 31 von
1002 936 56 46 R.
1088 934 274 49 Schumann.
1410 935 85 47 Die
1526 935 87 47 Vor-

149 1018 111 59 züge
281 1014 144 47 dieser
449 1014 269 47 berühmten
741 1013 258 46 Künstlerin
1027 1010 96 48 sind
1154 1011 223 55 bekannt;
1408 1011 114 48 über
1549 1010 95 57 das,

148 1106 91 31 was
254 1090 91 47 sich
373 1090 73 46 für
461 1089 91 47 und
571 1105 143 47 gegen
737 1089 97 47 ihre
853 1086 310 65 Wiedergabe
1185 1087 458 50 classischer.Werke

147 1183 135 47 sagen
312 1166 115 56 lässt,
456 1165 78 48 hat
559 1165 70 48 die
658 1171 183 41 neueste
863 1165 96 46 Zeit
987 1164 187 47 manche
1196 1164 209 63 Beiträge
1427 1164 214 64 geliefert.

149 1241 105 51 Wir
281 1258 151 31 waren
460 1241 103 47 sehr
590 1247 232 58 gespannt,
853 1242 175 45 müssen
1056 1239 110 48 aber
1196 1240 228 62 gestehen,
1453 1239 101 48 dass
1582 1240 62 47 sie

147 1319 294 48 Schumann's
473 1317 145 50 Werk
661 1317 79 47 mit
780 1317 122 46 einer
936 1316 131 48 Ruhe
1107 1315 89 48 und
1227 1316 164 48 Grösse
1419 1316 76 48 des
1523 1316 118 56 Stils,

147 1396 78 46 mit
252 1395 143 47 einem
427 1394 330 64 rhythmischen
779 1392 279 48 Ebenmaass
1085 1399 296 57 vorgetragen
1413 1392 91 55 hat,
1535 1394 80 45 wel-

145 1472 102 46 ches
282 1470 140 48 nichts
458 1487 53 30 zu
540 1470 242 47 wünschen
990 1470 98 47 liess
1127 1467 91 48 und
1246 1468 70 49 die
1345 1470 216 63 Leistung
1587 1486 54 29 zu

145 1547 141 47 einem
317 1546 355 47 vollkommenen
703 1545 350 48 künstlerischen
1084 1545 174 48 Genuss
1288 1546 189 47 machte.
1508 1546 135 47 Diese

144 1623 213 63 Meinung
385 1622 126 47 theilt
526 1622 111 47 .hier
658 1622 79 47 mit
757 1621 101 48 dem
881 1621 237 48 Publicum
1141 1621 114 48 auch
1279 1621 79 48 das
1381 1622 260 55 Orchester,

145 1700 154 47 dessen
328 1698 267 64 Begleitung
624 1698 57 47 im
710 1698 158 49 letzten
898 1698 129 47 Satze
1056 1698 68 47 ein
1155 1698 221 47 Prüfstein
1409 1698 74 47 für
1513 1697 128 48 beide

144 1775 154 46 Theile
327 1775 65 46 ist.
423 1775 98 46 Von
550 1773 84 48 den
666 1773 173 48 kleinen
862 1773 218 48 Stücken:

141 1868 82 31 von
254 1851 172 63 Chopin
736 1848 157 66 [Cis-moll),
894 1849 216 49 Schlummerlied
1140 1867 85 31 von
1253 1851 277 56 Schumann,
1554 1852 87 62 Op.

148 1928 119 56 124,
305 1927 90 48 und
425 1928 186 47 Gavotte
647 1943 82 32 von
760 1927 121 49 Bach
911 1926 13 64 (
929 1926 193 64 D-moll)
1165 1927 156 48 wurde
1358 1927 70 48 die
1464 1929 179 47 letztere

140 2003 335 50 enthusiastisch
507 2003 346 65 aufgenommen
883 2003 92 47 und
1230 2003 220 65 gegeben.

258 2081 102 48 Wir
389 2081 205 47 machten
623 2079 70 49 die
723 2079 348 50 Bekanntschaft
1100 2081 123 47 einer
1251 2097 146 32 neuen
1422 2081 219 64 Sängerin

163 2156 286 63 Altstimme),
475 2157 150 48 Fräul.
657 2157 358 48 Wilhelmine
1043 2173 37 31 v.
1109 2157 225 48 Kettler
1361 2175 81 30 aus
1471 2157 141 48 Olden-

143 2233 129 63 burg,
295 2232 69 47 die
389 2233 95 47 ihre
507 2232 186 48 Studien
714 2233 43 47 in
774 2232 197 49 Mailand
994 2232 210 64 gemacht
1221 2233 88 48 hat.
1342 2233 83 47 Die
1452 2234 188 47 Stimme

140 2310 54 46 ist
220 2309 69 47 ein
318 2309 152 47 echter
501 2309 268 48 Contra-Alt
797 2326 82 31 von
907 2309 306 64 vorzüglicher
1241 2308 299 66 Klangfarbe,
1569 2309 70 48 die

140 2385 250 51 technische
421 2385 209 65 Bildung,
660 2385 256 65 abgesehen
947 2402 82 32 von
1060 2385 99 49 dem
1193 2387 76 47 für
1297 2385 213 50 deutsche
1538 2388 68 47 Mu-

140 2462 62 48 sik
232 2479 50 31 zu
313 2462 209 63 häufigen
552 2463 299 56 Tremuliren,
883 2463 158 48 höchst
1070 2462 402 49 beachtenswert!].

254 2539 84 47 Die
384 2539 138 47 Wahl
569 2538 80 48 der
693 2545 146 41 ersten
881 2539 133 48 Arie:
1074 2539 68 57 „0
1188 2539 75 56 du,
1305 2539 70 48 die

143 2633 39 29 u.
211 2632 32 32 s.
275 2630 71 40 w.,
388 2632 79 32 aus
494 2615 102 49 dem
627 2615 181 49 Messias
839 2632 95 32 war
972 2617 74 47 für
1074 2615 69 49 ein
1171 2622 138 42 erstes
1337 2615 156 50 Debüt
1521 2617 122 48 nicht

144 2691 237 63 glücklich;
412 2691 61 47 sie
503 2691 136 49 bietet
665 2709 49 29 zu
748 2693 145 63 wenig
916 2693 197 63 Umfang
1143 2693 75 47 für
1246 2691 78 50 das
1347 2693 176 63 Organ.
1552 2694 87 48 Um

145 2768 139 48 ihrem
308 2768 253 63 poetischen
586 2768 187 48 Gehalte
803 2768 199 48 inmitten
1033 2768 123 48 einer
1185 2768 322 64 fremdartigen
1530 2770 74 48 Um-

145 2844 179 65 gebung
354 2845 182 64 gerecht
571 2863 50 29 zu
653 2844 198 57 werden,
892 2845 222 48 erfordert
1151 2846 61 47 sie
1241 2846 98 47 eine
1370 2846 163 49 Grösse
1563 2846 78 49 des

149 2921 255 63 Vortrages,
448 2921 74 46 für
549 2920 170 48 welche
762 2938 56 32 an
850 2921 151 64 jenem
1030 2921 192 49 Abende
1253 2923 117 47 wohl
1400 2921 71 50 die
1499 2923 144 48 Mittel

145 2996 257 49 vorhanden
431 3014 168 39 waren,
629 2996 121 50 nicht
776 2998 112 48 aber
917 2998 72 48 die
1018 2998 132 48 Ruhe
1178 2998 355 50 vollkommener
1556 3001 57 46 Be-

150 3074 275 63 herrschung
454 3074 76 48 des
559 3074 319 64 Augenblicks.

258 3151 47 46 In
334 3150 80 47 der
441 3151 409 56 Semiramis-Arie,
1646 3150 1 57 E

145 3226 225 48 entfaltete
420 3227 88 47 sich
552 3227 69 49 die
665 3229 245 47 Schönheit
957 3227 76 49 des
1072 3229 182 63 Organs
1303 3229 91 48 und
1436 3229 81 49 der
1556 3231 59 47 Ge-

144 3302 204 49 schmack
373 3302 77 47 der
473 3304 255 48 Künstlerin
755 3305 75 46 für
858 3304 70 48 die
948 3305 297 48 Rossini'sche
1268 3306 184 48 Phrase.
1483 3305 163 48 Lieder

148 3395 80 32 von
252 3379 312 49 Mendelssohn
585 3380 89 48 und
690 3381 260 48 Schumann
976 3382 90 47 und
1088 3382 69 49 ein
1180 3382 289 50 schottisches
1485 3384 135 48 Volks-

148 3455 82 47 lied
260 3455 184 48 wurden
473 3472 140 32 warm
646 3456 87 48 und
762 3457 138 49 schön
930 3465 313 58 vorgetragen.

261 3532 90 47 Das
380 3532 330 57 Schiller-Fest,
748 3533 191 49 welches
969 3533 173 50 überall
1184 3536 85 48 alle
1306 3535 338 49 musicalischen

147 3607 154 50 Kräfte
324 3608 88 47 und
434 3610 182 48 Talente
643 3611 41 47 in
710 3611 263 63 Bewegung
996 3619 150 49 setzte,
1174 3611 77 51 hat
1279 3612 115 50 auch
1424 3612 97 50 hier
1550 3613 63 47 An-

148 3685 85 47 lass
261 3701 52 29 zu
342 3685 170 63 einigen
544 3704 144 29 neuen
712 3687 331 48 Productionen
1074 3688 218 65 gegeben.
1324 3691 169 47 Ausser
1521 3690 123 47 einer

147 3761 130 47 (auch
310 3761 41 46 in
384 3762 149 47 Druck
562 3763 333 65 erschienenen)
925 3766 201 62 Hymne:
1174 3766 164 56 „Heut'
1368 3766 113 48 über
1509 3766 132 48 allem

145 3837 243 47 deutschen
656 3840 169 48 welche
865 3857 83 32 von
991 3841 144 48 einem
1179 3842 342 57 Massen-Chor,
1563 3859 80 31 aus

147 3920 115 41 etwa
293 3913 106 48 500
431 3914 201 63 Sängern
662 3914 89 49 und
788 3916 121 48 stark
954 3916 238 49 besetztem
1221 3918 246 49 Orchester
1497 3918 120 49 beste-

147 3989 132 56 hend,
321 4006 71 32 am
435 3991 211 63 Festtage
684 3992 266 62 ausgeführt
989 3993 174 57 wurde,
1202 3994 77 49 hat
1320 3996 121 47 Herr
1469 3996 171 48 Musik-

148 4067 203 48 Director
383 4068 327 48 Reinthaier
740 4068 96 48 eine
867 4069 238 50 Cantate
1136 4072 75 47 für
1231 4072 302 49 Männerchor
1563 4073 80 48 mit

1716 325 245 49 Orchester
1975 324 116 50 nach
2109 324 194 48 Worten
2326 341 84 31 von
2434 325 47 46 F.
2502 323 233 65 Ruperti
2759 324 265 64 componirt,
3048 327 171 48 welche

1716 402 173 48 sowohl
1928 402 42 47 in
2010 399 85 48 den
2123 399 181 48 Proben
2347 399 64 48 als
2450 398 70 48 bei
2549 398 82 48 der
2659 399 303 65 Ausführung
2993 417 71 32 am
3094 403 127 62 Tage

1716 478 80 47 der
1825 477 206 48 Vorfeier
2072 477 58 47 im
2159 475 407 49 Künstler-Verein
2608 475 80 47 mit
2727 477 197 47 solchem
2956 477 242 49 Enthusias-

1718 569 97 32 mus
1852 553 351 63 aufgenommen
2245 551 185 49 worden
2472 551 68 56 ist,
2582 550 101 47 dass
2725 551 196 49 dieselbe
2963 553 261 48 hoffentlich

1716 629 101 48 dem
1847 629 225 48 Schicksal
2104 629 76 46 des
2209 628 429 62 Ad-Acta-Legens,
2669 626 192 49 welches
2888 645 49 31 so
2966 629 140 48 vielen
3136 630 59 47 Ge-

1716 704 640 66 legenheits-Compositionen
2384 722 54 29 zu
2467 703 128 47 Theil
2626 703 129 56 wird,
2786 705 223 62 entgehen
3037 704 128 48 wird.

1824 781 140 49 Einer
1992 780 225 65 Festgabe
2247 779 76 48 des
2355 779 398 48 Concertmeisters
2784 780 276 48 Schmidt:
3112 783 114 54 „Die

1718 858 181 49 Würde
1928 858 80 47 der
2303 856 76 47 für
2407 855 277 65 gemischten
2709 855 124 47 Chor
2862 856 77 47 mit
2962 856 263 56 Orchester,

1719 934 156 48 wurde
1900 934 68 48 bei
1992 934 122 47 ihrer
2132 932 299 65 Aufführung
2452 931 146 50 neben
2627 931 107 56 „der
2970 949 85 32 von
3079 935 145 55 einem

1715 1010 283 48 zahlreichen
2027 1009 290 48 Auditorium
2347 1009 224 48 lebhafter
2599 1007 157 49 Beifall
2784 1025 54 29 zu
2867 1009 143 48 Theil.

1832 1086 84 47 Die
1959 1085 335 62 Ueberfüllung
2335 1084 80 48 der
2450 1084 398 48 Privat-Concerte
2890 1085 76 47 hat
3007 1084 72 48 die
3120 1084 106 48 Idee

1716 1162 121 47 eines
1872 1179 145 30 neuen
2049 1161 385 64 Concert-Cyklus
2471 1178 81 30 von
2589 1160 125 47 sechs
2744 1160 478 49 Sinfonie-Concerten

1715 1245 235 57 angeregt,
1989 1239 196 47 welcher
2223 1254 56 32 an
2314 1236 101 48 dem
2449 1237 211 63 heutigen
2690 1237 126 63 Tage
2845 1244 131 40 unter
3003 1236 192 48 Reintha-

1714 1316 100 47 ler's
1836 1315 195 63 Leitung
2060 1315 79 47 mit
2167 1313 103 49 dem
2293 1313 247 49 Orchester
2562 1313 81 49 der
2665 1312 395 50 Privat-Concerte
3084 1313 114 49 eröff-

1714 1400 75 39 net
1818 1391 128 55 wird,
1975 1407 49 31 so
2053 1391 100 47 dass
2185 1390 84 48 wir
2303 1390 151 48 diesen
2474 1391 183 48 Winter
2685 1405 154 32 ausser
2867 1390 85 47 den
2976 1391 245 47 Oratorien

1938 1437 7 9 7
2064 1443 10 12 \

1713 1467 266 48 siebenzehn
2008 1467 447 48 Sinfonie-Concerte
2485 1466 148 49 haben
2665 1465 196 49 sverden.

1827 1545 223 47 Nächsten
2081 1545 209 63 Samstag
2321 1542 174 48 kommt
2533 1543 80 47 mit
2647 1559 141 31 neuer
2824 1542 401 48 Instrumentation

1715 1637 83 31 von
1813 1621 265 47 Reinthaier
2101 1618 257 49 Händel's
2632 1635 79 30 zur
2726 1618 325 64 Aufführung;
3076 1618 152 47 Fräul.

1715 1715 34 32 v.
1781 1698 175 47 Kettler
1984 1696 112 49 wird
2125 1697 71 47 die
2224 1696 268 57 Alt-Partie,
2537 1697 122 47 Herr
2687 1694 246 50 Schneider
2962 1711 79 32 aus
3075 1694 123 50 Wies-

1716 1773 146 50 baden
1891 1773 69 48 die
1991 1773 327 48 Tenor-Partie
2346 1773 172 64 singen.

1828 1852 66 46 Im
1936 1849 212 49 nächsten
2180 1849 396 47 Privat-Concerte
2605 1847 113 48 wird
2749 1847 143 49 David
2934 1863 80 32 aus
3041 1847 183 66 Leipzig

1715 1927 183 65 spielen.
2956 1924 157 49 —ll.

1831 2182 83 56 Die
1951 2181 112 57 fünf
2091 2181 184 57 letzten
2313 2180 437 58 Violin-Quartette
2787 2180 331 57 Beethoven’s.

1824 2307 95 45 Der
1941 2305 199 64 Vortrag
2168 2304 78 48 des
2270 2305 235 56 Quartetts
2534 2304 43 47 in
2609 2302 203 52 Cis-moll
2836 2302 98 67 (mit
2957 2304 130 66 Opus
3118 2307 97 50 131

1712 2382 273 64 bezeichnet)
2026 2383 45 47 in
2109 2382 81 47 der
2228 2383 156 47 Soiree
2429 2383 75 46 für
2532 2382 372 48 Kammermusik
2947 2398 74 32 am
3062 2384 162 50 letzten

1709 2459 193 64 Dinstag
1931 2459 244 47 veranlasst
2203 2474 99 40 uns,
2331 2458 70 49 die
2430 2458 343 48 authentischen
2802 2458 296 51 historischen
3128 2463 60 47 No-

1709 2537 114 48 tizen
1852 2535 116 48 über
1996 2535 71 48 die
2095 2535 288 65 Entstehung
2421 2535 80 47 der
2542 2537 105 45 fünf
2676 2537 157 46 letzten
2864 2537 242 57 Quartette
3136 2556 84 30 von

1711 2613 258 48 Beethoven
1999 2611 115 49 nach
2143 2610 81 48 der
2252 2628 147 32 neuen
2430 2611 196 65 Auflage
2665 2611 81 49 der
2786 2613 273 64 Biographie
3088 2615 106 49 Beet-

1712 2690 179 48 hoven's
1919 2707 86 30 von
2035 2689 53 48 A.
2118 2689 235 48 Schindler
2384 2689 318 48 mitzutheilen.

1827 2766 61 47 Es
1928 2765 55 48 ist
2013 2765 213 57 bekannt,
2269 2765 99 48 dass
2412 2765 79 47 der
2520 2766 137 47 Fürst
2687 2764 190 49 Galitzin
2919 2765 86 48 den
3037 2766 187 49 Anstoss

1711 2860 79 30 zur
1820 2843 306 64 Composition
2157 2843 237 48 derselben
2424 2843 219 64 gegeben.
2694 2843 85 47 Die
2807 2843 114 54 Zeit,
2956 2844 43 47 in
3031 2844 197 48 welcher

1714 2919 61 48 sie
1799 2918 284 59 entstanden,
2114 2918 186 64 beginnt
2325 2919 78 48 mit
2430 2919 102 48 dem
2556 2920 209 47 Sommer
2794 2919 141 48 1824
2968 2918 92 49 und
3090 2919 135 49 endet

1716 2996 79 47 mit
1832 2995 100 48 dem
1964 2995 259 48 November
2256 2995 157 48 1826.
2469 2996 150 47 Schon
2657 2996 59 46 im
2746 2995 258 50 December
3038 3003 90 42 trat
3156 2996 73 49 die

1714 3072 254 49 Krankheit
2005 3074 87 56 ein,
2135 3072 82 49 der
2245 3074 256 47 Beethoven
2533 3072 86 49 den
2648 3072 87 49 26.
2759 3074 122 47 März
2916 3072 139 50 1827
3089 3075 141 63 erlag.

1796 3149 239 49 Während
2064 3149 145 48 dieser
2236 3149 97 48 Zeit
2363 3150 76 48 hat
2468 3166 50 31 er
2549 3150 120 47 sich
2700 3149 94 48 mit
2833 3149 195 49 keiner
3057 3149 138 50 ande-

1714 3243 97 31 ren
1843 3226 385 65 Composition
2259 3226 276 65 beschäftigt.
2584 3227 86 47 Die
2697 3227 176 47 Ariette
2914 3229 123 54 „Der

1716 3302 80 65 (als
1825 3304 88 63 Op.
1951 3304 102 47 128
2085 3302 391 66 herausgegeben)
2516 3302 92 49 und
2637 3302 79 50 das

1718 3381 76 46 für
1822 3380 260 48 Pianoforte
2111 3377 80 66 (als
2220 3380 87 65 Op.
2345 3379 119 66 129)
2506 3379 99 49 sind
2634 3380 360 65 eingeschobene
3026 3380 175 66 Kleinig-

1718 3456 146 48 keiten
1894 3472 79 32 aus
2002 3472 110 49 ganz
2144 3457 154 47 früher
2325 3457 109 49 Zeit.

1831 3535 290 47 Sämmtliche
2152 3535 107 47 fünf
2280 3535 241 57 Quartette
2563 3532 98 50 sind
2702 3533 139 49 schon
2883 3532 70 50 bei
2984 3533 242 49 Lebzeiten

1715 3610 293 49 Beethoven's
2050 3611 43 47 in
2137 3610 86 48 den
2266 3610 189 48 Händen
2499 3610 81 48 der
2607 3610 220 63 Verleger
2868 3626 236 47 gewesen;
3146 3608 82 50 der

1712 3688 182 49 Zusatz:
1935 3690 122 53 „Aus
2085 3687 102 48 dem
2546 3687 81 48 auf
2650 3686 101 47 dem
2783 3686 113 48 Titel
2925 3687 76 48 des
3029 3686 193 51 A-nwll-

1715 3763 90 49 und
1834 3763 78 49 des
1938 3763 448 59 .F-dfwr-Quartettes
2408 3763 69 49 bei
2502 3765 60 45 M.
2587 3762 286 66 Schlesinger
2899 3763 54 49 ist
2981 3765 241 63 unrichtig.

1714 3842 58 46 Es
1800 3841 55 48 ist
1883 3841 92 48 dies
2005 3840 208 49 desshalb
2243 3841 197 63 wichtig,
2472 3840 98 48 weil
2599 3856 80 32 aus
2702 3840 101 49 dem
2829 3842 186 47 wahren
3033 3841 191 49 Verhalt

1711 3917 80 47 der
1819 3917 146 48 Sache
1996 3917 287 63 hervorgeht,
2325 3917 100 47 dass
2454 3917 257 48 Beethoven
2740 3916 71 49 die
2840 3918 128 49 letzte
2996 3917 140 50 Hand
3165 3934 56 33 an

1711 3993 120 48 diese
1860 3994 166 49 Stücke
2055 3994 150 65 gelegt
2234 3994 78 49 hat
2347 3993 91 50 und
2467 3994 140 49 nichts
2637 3994 130 49 mehr
2794 3994 143 51 daran
2965 4014 53 31 zu
3047 3994 172 53 ändern

1712 4087 78 32 vor
1820 4071 136 48 hatte.
