2918 4079
754 450 175 29 NOTICE
963 450 287 37 HISTORIQUE
1286 451 84 30 SUR
1403 451 54 30 LA
1491 453 166 29 VIELLE

2119 457 83 41 741

282 575 227 52 Comme
536 589 176 36 toutes
735 576 73 49 les
842 579 206 58 modes,
1077 578 208 49 celle-là
1310 593 66 33 ne
1408 578 134 49 dura
1570 595 91 49 pas
1689 580 324 69 longtemps.
2051 582 155 57 Mais,

216 663 157 57 enfin,
404 663 45 48 le
482 663 242 48 mauvais
757 677 110 34 sort
899 664 63 48 de
995 663 47 49 la
1075 663 154 49 vielle
1257 663 127 49 était
1410 664 245 64 conjuré,
1684 679 49 36 et
1778 667 34 48 il
1846 668 126 48 était
2001 672 202 62 prouvé

217 767 100 49 que
343 766 56 33 ce
429 749 185 48 n'était
646 749 120 66 plus
792 749 182 64 l'objet
1789 748 250 51 sordidus
1275 767 104 47 que
1404 750 287 50 Mersenne
1745 753 139 49 avait
1909 754 157 50 flétri.

283 838 100 48 Les
415 853 130 50 gens
571 837 70 48 du
670 837 218 58 monde,
923 853 64 32 au
1022 837 236 65 surplus,
1298 836 504 52 n'abandonnèrent
1834 857 94 48 pas
1971 841 210 49 l'instru-

214 936 145 38 ment
383 936 117 37 tout
524 927 26 44 à
587 923 110 59 fait,
733 936 49 35 et
815 923 64 50 ils
905 924 77 65 s'y
1013 922 305 51 amusaient
1352 940 191 33 encore
1571 941 127 33 sous
1732 926 47 48 la
1807 927 267 65 Régence.
2104 927 98 62 Or,

216 1015 25 47 à
273 1022 134 38 cette
443 1013 229 64 époque,
703 1010 33 48 il
766 1027 35 49 y
830 1010 140 49 avait
1002 1013 27 45 à
1054 1010 289 49 Versailles
1376 1026 74 33 un
1496 1010 217 63 luthier,
1749 1017 219 45 nommé
2014 1015 192 59 Bâton,

217 1098 128 49 dont
405 1097 48 48 la
504 1096 259 66 boutique
797 1096 129 49 était
974 1097 320 47 encombrée
1345 1097 63 47 de
1462 1096 252 66 guitares,
1756 1098 64 49 de
1864 1097 145 51 luths
2042 1111 48 37 et
2144 1101 63 48 de

214 1185 268 57 théorbes,
517 1183 363 50 instruments
919 1185 237 61 désuets,
1202 1183 332 49 condamnés
1583 1201 94 49 par
1721 1185 44 48 le
1825 1185 106 49 bon
1982 1199 118 48 ton,
2138 1201 69 42 et,

216 1286 136 52 pour
372 1283 118 36 tout
515 1270 135 62 dire,
678 1270 276 67 gothiques
979 1290 11 37 ;
1026 1269 302 52 traduisez:
1364 1270 377 67 méprisables.

283 1357 147 50 Pour
457 1355 211 51 utiliser
689 1356 145 50 celot
861 1357 63 49 de
951 1355 191 49 laissés
1166 1373 138 49 pour
1321 1369 235 53 compte,
1571 1356 34 50 il
1628 1370 90 37 eut
1745 1357 152 50 l'idée
1921 1359 64 48 de
2011 1374 200 51 couper

214 1446 74 49 les
330 1444 274 58 manches,
646 1457 50 35 et
740 1445 64 48 de
847 1460 53 32 se
941 1444 170 49 servir
1136 1445 93 48 des
1256 1444 228 49 bateaux
1528 1462 69 31 ou
1636 1445 92 48 des
1766 1445 191 50 dontes
1999 1462 209 33 comme

214 1530 195 51 caisses
440 1531 64 49 de
545 1534 294 46 résonance
886 1530 64 48 de
983 1529 200 49 vielles.
1223 1530 40 48 Il
1298 1530 75 50 les
1420 1543 283 38 surmonta
1740 1531 160 50 d'une
1947 1531 124 64 jolie
2104 1534 104 47 tête

216 1619 235 66 sculptée
510 1634 93 50 par
650 1618 191 56 Pinau,
912 1618 277 66 sculpteur
1239 1619 367 48 ornemaniste
1653 1618 162 51 établi
1873 1634 93 35 rue
2015 1620 197 49 N.-D.-

216 1705 355 50 de-Nazareth
598 1717 11 51 ;
637 1704 35 48 il
698 1721 134 33 orna
847 1704 46 48 le
919 1705 278 49 couvercle
1220 1718 50 34 et
1299 1704 44 50 le
1370 1717 132 53 pont
1529 1705 62 49 de
1614 1705 262 65 quelques
1902 1709 305 61 agréments

216 1808 63 33 en
319 1791 167 50 ivoire
536 1792 183 48 écaille
752 1803 49 37 et
834 1807 175 43 nacre,
1039 1803 49 37 et
1121 1791 181 62 l'objet
1333 1791 137 49 ainsi
1503 1794 247 63 présenté
1773 1805 90 35 eut
1900 1807 105 33 une
2038 1808 170 49 vogue

216 1878 202 50 inouïe.

283 1965 56 52 Si
372 1982 132 33 vous
547 1965 267 67 paraissez
838 1963 207 68 surpris
1089 1965 122 66 qu'à
1243 1977 154 36 notre
1440 1967 210 62 époque
1703 1980 72 33 on
1807 1976 189 38 trouve
2028 1965 44 49 si
2105 1982 102 50 peu

216 2053 62 50 de
311 2052 145 50 luths
489 2065 51 35 et
578 2052 63 48 de
674 2051 238 66 guitares
941 2051 308 62 anciennes,
1291 2051 127 48 lisez
1469 2067 56 32 ce
1558 2050 92 67 qui
1690 2052 225 65 précède
1967 2064 50 36 et
2074 2069 133 31 vous

217 2155 155 34 aurez
405 2139 47 49 la
476 2139 180 49 raison
687 2139 63 49 de
778 2139 116 48 leur
924 2136 328 67 disparition
1281 2151 10 35 :
1333 2154 71 32 on
1449 2154 66 32 en
1548 2154 27 32 a
1605 2136 94 51 fait
1732 2139 92 48 des
1845 2137 203 50 vielles.

279 2225 99 49 J'ai
405 2241 127 33 sous
560 2225 74 48 les
656 2241 140 50 yeux
824 2240 74 33 un
931 2240 232 50 ouvrage
1189 2225 63 48 de
1284 2222 195 51 Michel
1515 2222 246 52 Corrette
1821 2230 390 43 extrêmement

218 2329 113 33 rare
348 2319 11 56 (
374 2332 12 30 i
404 2313 14 59 )
447 2332 10 29 :
757 2314 101 47 Les
1003 2311 131 50 dons
1309 2310 299 66 d'Apollon,
1082 2311 67 49 où
1175 2310 316 66 l'opération
1507 2310 93 66 qui
1623 2310 279 50 consistait
1923 2315 26 45 à
1973 2310 239 51 détruire

216 2400 73 50 les
341 2399 360 49 instruments
734 2403 27 44 à
802 2400 188 47 cordes
1025 2396 213 68 pincées
1271 2414 137 50 pour
1445 2413 65 34 en
1553 2396 132 51 faire
1730 2398 91 49 des
1854 2396 357 51 instruments

217 2490 25 46 à
268 2488 188 48 cordes
481 2487 220 48 frottées
726 2503 55 32 se
808 2498 187 37 trouve
1027 2488 188 44 narrée
1244 2502 66 32 en
1343 2500 73 34 un
1449 2484 132 66 style
1620 2484 328 65 allégorique
2000 2497 50 37 et
2091 2484 92 50 bur-

217 2573 184 67 lesque
430 2572 235 50 familier
682 2575 28 45 à
743 2573 247 48 l'auteur.

288 2682 22 24 «
349 2661 243 66 Apollon
617 2659 193 50 chanta
835 2672 50 35 et
918 2659 122 62 joua
1063 2659 43 48 si
1133 2659 471 65 supérieurement
1628 2658 63 49 de
1730 2658 47 48 la
1822 2657 235 67 guitarre
2107 2673 100 33 aux

218 2768 21 23 «
282 2763 160 33 noces
494 2747 65 48 de
599 2744 191 50 Thétis
825 2758 51 36 et
914 2744 156 50 Pelée
1105 2744 127 66 qu'il
1275 2758 90 35 eut
1411 2743 540 67 l'applaudissement
1995 2742 212 67 général

221 2855 19 21 «
283 2834 64 49 de
369 2846 117 37 tout
510 2831 280 67 l'Olimpe,
814 2833 93 48 des
929 2831 253 49 divinités
1206 2831 289 49 infernales
1519 2831 321 64 aquatiques
1859 2842 51 37 et
1930 2842 280 37 terrestres

222 2942 19 22 «
284 2918 93 68 qui
401 2922 76 64 s'y
508 2922 331 47 trouvèrent.
867 2920 136 49 Mais
1027 2920 47 48 la
1107 2917 281 62 Discorde,
1417 2917 93 66 qui
1543 2916 223 67 joignait
1798 2921 27 44 à
1851 2934 55 31 sa
1928 2917 282 48 chevelure

222 3028 19 21 «
284 3007 64 48 de
378 3020 264 52 serpents,
670 3010 27 44 à
725 3022 98 32 son
847 3005 136 49 teint
1015 3003 180 63 livide,
1237 3008 25 44 à
1289 3021 82 31 ses
1402 3020 137 48 yeux
1580 3006 204 62 égarés,
1827 3005 27 45 à
1906 3019 56 31 sa
2003 3000 207 50 bouche

222 3114 22 23 c.
286 3096 301 59 écumante,
612 3096 27 45 à
672 3109 82 32 ses
788 3091 176 50 mains
995 3090 430 65 ensenglantées,
1450 3088 113 50 l'art
1587 3090 63 47 de
1693 3087 152 65 jouer
1869 3090 64 47 de
1971 3087 48 50 la
2065 3086 146 63 vièle,

221 3202 20 21 «
286 3180 78 49 fut
396 3180 43 48 si
472 3179 195 67 piquée
726 3180 64 48 de
823 3177 202 50 n'avoir
1078 3194 93 49 pas
1210 3180 80 46 été
1333 3175 198 51 invitée
1577 3191 139 50 pour
1751 3191 33 50 y
1824 3175 151 63 jouer
2019 3175 65 48 de
2130 3188 80 35 cet

221 3287 20 21 «
286 3264 350 54 instrument,
672 3266 247 64 qu'outre
952 3264 47 48 la
1032 3279 220 47 pomme
1291 3262 116 49 d'or
1437 3261 192 66 qu'elle
1675 3260 127 63 jetta
1844 3276 91 33 sur
1970 3260 47 48 la
2048 3260 160 60 table,

223 3370 22 26 «
286 3353 96 48 elle
416 3351 116 64 jura
554 3351 146 50 aussi
725 3351 48 49 la
805 3363 146 54 perte
978 3351 63 49 de
1068 3350 48 48 la
1148 3349 236 66 guitarre
1412 3348 330 66 qu'Apollon
1769 3346 184 50 venoit
1982 3348 64 48 de
2080 3363 96 48 per-

227 3457 22 25 te
292 3438 218 49 sonifier
532 3454 65 32 en
618 3454 104 33 une
755 3438 89 48 des
870 3438 120 64 plus
1017 3436 165 50 belles
1209 3434 367 66 Géorgiennes
1603 3433 91 66 qui
1717 3433 79 49 fût
1831 3449 66 33 au
1920 3434 217 48 monde.

276 3604 58 53 (1)
501 3604 87 39 Les
718 3602 107 40 dons
977 3601 251 53 d'Apollon,
1530 3600 198 40 méthode
1963 3612 117 42 pour

227 3670 96 33 tare
339 3661 162 53 (Paris,
538 3675 34 26 s.
605 3661 63 48 d.,
692 3659 134 53 in-fo).
848 3661 49 39 Je
934 3672 55 27 ne
1014 3658 191 41 connais
1228 3658 54 40 de
1318 3666 70 32 cet
1411 3668 196 41 ouvrage
1630 3668 85 41 que
1734 3653 303 53 l'exemplaire
2063 3654 76 52 qui
2171 3665 46 27 se

222 3731 156 31 trouve
400 3722 110 40 dans
535 3720 41 40 la
602 3718 318 53 bibliothèque
944 3719 56 40 de
1028 3720 61 39 M.
1120 3717 332 40 Ecorcheville.
