2918 4079
2069 385 92 60 787

936 401 246 32 MUSICIENS
1214 401 173 30 BELGES

169 546 193 53 temps,
391 533 76 49 les
499 530 289 51 anciennes
814 529 326 49 assemblées
1166 527 90 61 où,
1290 526 357 67 pieusement,
1693 543 72 34 on
1808 525 234 51 écoutait
2086 525 75 51 les

169 616 320 55 ménestrels
514 633 70 34 ou
620 615 74 51 les
717 613 374 59 rhétoriciens,
1125 613 251 49 s'élevant
1423 628 102 34 aux
1550 628 129 34 sons
1723 610 173 52 variés
1943 611 93 50 des
2078 626 56 35 ca-

170 708 194 49 dences
396 703 287 52 musicales
734 713 52 38 et
816 701 94 50 des
942 700 243 67 rythmes
1216 699 357 68 prosodiques
1622 715 116 33 vers
1788 715 107 33 une
1933 698 228 50 seconde

166 792 103 62 vie,
296 790 129 51 celle
470 789 70 51 où
566 789 107 50 l'on
712 785 203 70 respire
956 803 75 34 un
1058 802 103 51 peu
1204 785 63 50 de
1300 785 145 49 Rêve
1477 797 51 37 et
1553 784 218 51 d'ldéal.
1802 804 22 26 »

239 877 104 54 Ces
371 875 263 68 quelques
659 873 277 51 notations
979 888 138 34 nous
1142 870 289 68 indiquent
1460 870 50 50 la
1542 869 116 51 voie
1702 886 104 50 que
1837 869 120 51 s'est
1989 870 172 50 tracée

171 966 47 49 le
246 962 386 67 compositeur,
677 972 51 38 et
758 976 140 34 nous
931 959 236 51 révèlent
1195 973 75 34 un
1294 955 237 69 premier
1562 957 264 48 caractère
1851 957 65 48 de
1949 972 56 32 sa
2036 971 86 34 mu-

170 1049 171 68 sique.
376 1051 49 48 A
448 1066 57 33 ce
534 1047 143 63 titre,
701 1046 226 53 Charles
951 1044 206 51 Mêlant
1195 1060 201 50 occupe
1427 1058 104 35 une
1566 1043 147 66 place
1737 1043 29 47 à
1798 1053 118 55 part
1948 1042 132 48 dans
2116 1041 45 48 le

171 1147 352 40 mouvement
552 1132 226 52 musical
805 1132 169 66 belge.
1017 1131 207 48 Tandis
1252 1146 122 49 que,
1416 1126 175 68 parmi
1617 1143 99 33 nos
1746 1126 415 66 compositeurs,

173 1237 212 37 comme
410 1221 47 66 je
487 1221 49 51 le
573 1218 340 69 remarquais
954 1218 134 50 dans
1140 1217 423 65 l'avant-propos
1595 1218 28 45 à
1669 1225 134 38 cette
1849 1212 136 49 série
2036 1213 104 48 d'es-

173 1308 231 69 quisses,
452 1307 76 50 les
559 1322 102 36 uns
707 1303 278 52 subissent
1028 1303 305 51 l'influence
1379 1300 368 68 germanique,
1780 1300 239 49 révélant
2050 1298 116 50 leur

173 1394 330 52 ascendance
545 1402 279 50 teutonne,
860 1391 76 48 les
982 1401 181 38 autres
1195 1405 56 33 se
1289 1387 303 51 rattachent
1628 1388 29 47 à
1688 1385 181 50 l'école
1907 1383 259 50 moderne

171 1479 286 67 française,
495 1494 125 34 avec
650 1493 141 50 pour
813 1476 147 51 chefs
1002 1490 269 36 reconnus
1318 1474 205 59 Dukas,
1566 1470 277 65 Chabrier,
1896 1471 269 56 Bruneau,

174 1566 311 61 Chausson,
519 1578 125 49 etc.,
689 1575 124 56 trop
853 1561 376 62 directement,
1274 1560 151 49 selon
1455 1575 155 47 nous,
1651 1561 29 46 à
1710 1556 262 67 quelques
2023 1570 145 34 rares

179 1653 328 68 exceptions,
531 1653 73 50 M.
625 1651 205 50 Mêlant
853 1649 239 63 incarne,
1115 1650 108 48 très
1255 1646 334 57 réellement,
1622 1644 12 48 l
1656 1663 110 32 ame
1785 1642 153 67 belge
1977 1645 10 47 1

242 1739 337 64 Exubérant,
623 1738 211 67 joyeux,
875 1734 146 69 plein
1064 1734 316 49 d'avenante
1432 1733 169 56 santé,
1653 1725 221 70 grivois,
1919 1724 245 58 aimable,

178 1827 228 67 élégant,
434 1824 221 52 d'abord
678 1823 154 51 facile
858 1834 51 37 et
947 1822 64 49 de
1041 1820 311 50 charmante
1383 1814 340 69 compagnie,
1750 1811 35 51 il
1804 1824 79 37 est
1915 1828 27 30 «
1981 1810 46 48 le
2057 1808 114 50 vrai

176 1912 267 52 musicien
475 1912 65 49 de
569 1910 131 50 chez
728 1926 139 33 nous
900 1926 47 31 ».
984 1904 263 52 L'accueil
1293 1903 322 49 chaleureux
1653 1896 130 69 qu'il
1811 1910 211 45 trouva,
2055 1908 118 37 tout

176 2003 350 60 récemment,
560 1999 195 64 auprès
780 1996 73 49 du
890 1993 170 67 grand
1091 1989 184 69 public
1304 1990 94 50 des
1435 1984 329 53 universités
1789 1982 308 67 populaires,
2125 1979 46 50 le

178 2088 181 50 succès
381 2083 131 69 qu'il
534 2095 287 39 rencontre
847 2096 68 34 en
945 2092 124 37 tous
1093 2077 162 63 lieux,
1276 2076 47 49 le
1355 2083 270 59 prouvent
1655 2074 28 46 à
1704 2068 294 58 merveille,
2031 2067 33 49 d
2085 2065 68 51 ail-

179 2173 146 50 leurs
352 2172 11 51 !

246 2257 67 54 Sa
336 2257 254 67 musique
622 2274 28 33 a
677 2256 49 49 la
747 2253 171 69 gaieté
951 2248 433 71 prime-sautière
1416 2247 72 50 du
1514 2244 246 63 Wallon,
1793 2242 48 49 le
1874 2238 300 53 naturisme

180 2346 206 51 sincère
410 2346 72 50 du
528 2342 285 59 Flamand,
844 2352 120 39 tout
994 2341 28 48 à
1068 2338 49 49 la
1167 2335 122 59 fois,
1333 2346 51 38 et
1418 2335 78 48 les
1540 2332 187 66 poètes
1759 2347 26 31 «
1835 2327 184 67 belges
2051 2345 23 26 »
2109 2340 65 34 ne

180 2430 292 69 pouvaient
501 2443 221 38 trouver
741 2425 251 53 meilleur
1022 2444 24 27 «
1073 2421 268 69 rhapsode
1363 2440 45 29 ».

249 2779 188 67 Quant
460 2780 29 47 à
513 2777 49 49 la
579 2774 234 51 formule
837 2768 387 70 d'expression,
1258 2765 226 54 Charles
1517 2761 205 52 Mêlant
1755 2758 292 67 témoigne,
2085 2756 93 50 dès

182 2883 84 33 ses
297 2864 212 64 débuts,
533 2863 65 49 de
625 2878 83 33 ses
726 2858 286 53 dilections
1031 2871 140 53 pour
1190 2852 183 52 l'école
1396 2852 64 49 de
1484 2850 291 56 Massenet,
1886 2844 45 49 le
1953 2841 225 68 disciple

183 2951 148 68 égale
353 2949 47 51 le
418 2949 214 50 maître.
753 2944 99 52 Ses
882 2957 266 51 ouvrages
1190 2953 141 53 pour
1361 2937 46 49 le
1445 2935 207 50 théâtre
1778 2930 402 66 s'apparentant

182 3055 67 33 au
280 3037 209 51 théâtre
512 3032 259 52 littéraire
783 3031 93 50 des
894 3028 195 67 Spaak,
1111 3027 225 59 Lutens,
1364 3020 357 58 Morisseaux,
1744 3014 306 60 Liebrecht,
2079 3024 99 38 etc.

270 3122 220 52 brillent
522 3121 65 49 de
611 3117 208 69 l'esprit
844 3114 258 69 parisien,
1129 3123 119 40 tout
1279 3126 66 34 en
1374 3108 226 67 gardant
1629 3104 47 50 le
1708 3102 264 51 caractère
2013 3102 140 48 natio-

188 3211 91 52 nal
297 3226 103 51 que
425 3207 87 66 j'ai
529 3206 204 67 signalé
766 3203 123 69 plus
921 3202 151 50 haut.

254 3297 76 49 La
359 3296 178 48 même
559 3305 124 38 note
706 3307 55 33 se
785 3301 250 39 retrouve
1060 3286 135 49 dans
1222 3300 82 33 ses
1335 3278 262 54 mélodies
1623 3290 51 39 et
1709 3277 136 50 dans
1887 3274 50 50 la
1967 3272 216 67 plupart

184 3385 94 49 des
326 3380 362 68 adaptations.
745 3377 148 52 C'est
938 3376 135 50 dans
1124 3389 57 33 ce
1227 3385 161 53 genre
1426 3368 109 50 très
1594 3362 195 70 spécial
1840 3376 103 52 que
1976 3356 206 53 semble

184 3467 189 55 devoir
402 3485 27 32 «
463 3466 284 50 s'illustrer
768 3483 24 30 »
821 3460 455 70 principalement
1305 3456 49 50 le
1378 3451 387 69 compositeur.
1784 3447 42 51 Il
1849 3464 29 31 a
1898 3461 61 34 su
1985 3441 199 52 choisir

188 3556 76 50 les
302 3553 309 52 meilleures
636 3546 356 73 productions
1016 3546 63 50 de
1106 3556 155 37 notre
1288 3541 298 50 littérature
1619 3534 253 68 poétique
1912 3528 224 53 actuelle
2173 3563 9 10 .

189 3643 77 48 les
316 3655 160 36 noms
528 3639 65 49 de
647 3635 333 60 Verhaeren,
1048 3628 321 57 Maeterlink,
1394 3622 257 52 Edmond
1705 3619 212 59 Picard,
1975 3614 205 62 Gilkin,
