2918 4079
2014 375 25 42 7
2049 360 52 45 35

652 377 174 29 NOTICE
861 375 287 37 HISTORIQUE
1183 375 84 30 SUR
1304 375 54 28 LA
1390 374 167 29 VIELLE

619 660 405 66 L'histoire
1074 660 94 66 de
1220 659 72 64 la
1338 656 227 67 vielle

180 873 103 48 Les
309 869 235 67 origines
566 870 314 66 présumées
901 867 64 48 de
988 865 48 49 la
1061 864 157 50 vielle
1248 877 119 35 sont
1400 878 240 33 connues
1659 861 64 49 de
1752 873 121 37 tous
1892 861 14 65 (
1922 879 13 31 i
1952 860 35 65 ),
2007 873 50 35 et
2075 860 34 48 il

118 958 214 52 n'existe
367 973 94 50 pas
492 972 74 33 un
593 954 158 51 traité
786 954 63 48 de
887 950 272 66 musique,
1193 949 44 50 si
1262 948 347 51 élémentaire
1646 947 186 58 soit-il,
1861 945 92 66 qui
1983 945 130 50 n'ait

118 1043 277 70 reproduit
436 1043 45 48 le
536 1042 269 67 fragment
864 1041 70 48 du
990 1037 282 67 chapiteau
1323 1037 62 48 de
1433 1033 197 68 l'église
1681 1034 64 48 de
1778 1032 332 50 Bocherville

118 1143 306 40 remontant
456 1146 62 33 au
572 1147 47 32 xi
624 1137 18 19 e
687 1127 175 51 siècle.
899 1124 92 52 On
1033 1141 35 51 y
1098 1123 112 51 voit
1242 1124 138 49 deux
1421 1137 364 51 personnages
1833 1118 134 51 assis
2019 1118 93 67 qui

116 1220 243 49 tiennent
391 1232 92 35 sur
514 1217 74 48 les
622 1231 213 51 genoux
876 1228 75 35 un
984 1211 237 67 appareil
1265 1221 160 56 ayant
1455 1213 27 45 à
1539 1223 101 51 peu
1675 1211 120 63 près
1839 1207 48 48 la
1938 1206 171 49 forme

119 1306 152 51 d'une
317 1303 207 66 guitare
569 1303 264 65 allongée.
887 1300 311 49 Au-dessus
1233 1298 68 49 du
1353 1296 229 49 manche
1615 1312 53 32 se
1718 1305 253 38 trouvent
2015 1293 92 48 des

116 1391 244 52 marches
395 1408 69 33 ou
510 1390 225 51 touches
758 1404 103 51 que
895 1387 93 50 fait
1031 1385 255 50 mouvoir
1327 1385 44 48 le
1402 1399 335 50 personnage
1788 1382 62 48 de
1889 1380 219 67 gauche.

116 1481 185 65 Quant
332 1482 27 46 à
386 1495 99 33 son
518 1491 364 52 compagnon,
911 1474 33 50 il
980 1491 53 32 se
1060 1486 250 37 contente
1345 1472 60 50 de
1442 1484 220 37 tourner
1684 1485 104 33 une
1826 1466 284 51 manivelle

114 1571 104 46 très
252 1576 292 56 apparente
585 1568 28 45 à
643 1564 49 48 la
716 1562 174 68 partie
918 1560 289 51 inférieure
1242 1561 62 48 de
1331 1559 378 48 l'instrument.

180 1653 42 49 Il
257 1651 186 58 fallait,
494 1667 96 50 par
649 1653 353 62 conséquent,
1051 1648 139 48 deux
1239 1642 295 53 musiciens
1568 1658 137 51 pour
1743 1639 277 50 actionner
2065 1639 47 48 la

116 1740 153 51 vielle
316 1756 68 33 ou
412 1739 120 66 plus
561 1748 333 38 exactement
917 1733 425 68 l'organistrum.

182 1828 102 48 Les
325 1823 329 68 chroniques
699 1825 71 47 du
823 1838 198 50 moyen
1073 1827 115 59 âge,
1234 1823 25 44 à
1306 1816 171 68 partir
1507 1816 71 49 du
1619 1832 84 31 xui
1709 1822 17 19 e
1766 1811 175 63 siècle,
1996 1811 117 49 font

118 1914 398 65 fréquemment
534 1909 233 51 allusion
793 1913 27 44 à
847 1908 373 49 l'instrument
1238 1905 133 49 dont
1395 1919 139 33 nous
1557 1917 138 33 nous
1723 1914 301 51 occupons;
2048 1896 65 50 ils

115 2002 45 49 le
181 2001 285 66 désignent
487 1998 223 50 d'abord
737 2013 130 33 sous
884 1996 44 48 le
947 1994 221 50 vocable
1188 1993 31 50 d

118 2087 118 69 puis
268 2086 363 67 uniquement
661 2082 329 68 Symphonia
999 2121 10 16 ,
1045 2079 95 68 qui
1163 2096 63 33 ne
1253 2078 151 50 tarde
1435 2093 92 50 pas
1552 2078 27 47 à
1605 2072 220 52 devenir
1863 2087 96 52 par
1999 2087 85 33 cor-

116 2173 221 68 ruption
409 2172 242 67 chifonie,
718 2186 132 34 nom
927 2186 125 33 sous
1106 2166 179 66 lequel
1345 2164 35 49 il
1441 2178 116 33 sera
1619 2176 180 33 connu
1866 2156 161 67 jusqu
2047 2172 65 33 au

115 2277 78 34 xvi
198 2269 16 20 e
237 2260 173 51 siècle.

181 2347 94 64 Ici,
303 2364 104 34 une
445 2346 322 67 parenthèse
802 2360 112 37 :en
942 2344 345 55 Provence,à
1320 2338 248 66 l'époque
1595 2333 241 58 actuelle,
1870 2332 46 48 la
1962 2330 151 49 vielle

115 2448 75 36 est
238 2435 219 66 appelée
499 2435 447 48 communément
995 2446 24 31 «
1073 2427 367 68 phonphogne
1473 2441 42 32 ».
1550 2422 42 50 Il
1635 2432 78 37 est
1752 2418 108 50 aisé
1894 2418 64 49 de
1997 2415 116 50 voir

115 2523 131 49 dans
273 2534 133 38 cette
440 2520 330 67 appellation
796 2535 74 35 un
897 2515 254 52 souvenir
1190 2516 69 49 du
1295 2524 113 38 mot
1432 2507 247 70 primitif,
1703 2506 92 67 qui
1825 2523 28 31 a
1886 2507 226 47 survécu

116 2609 60 49 de
200 2623 188 51 quatre
426 2608 187 50 siècles
651 2610 28 47 à
702 2608 47 48 la
782 2603 328 69 disparition
1141 2603 64 48 de
1231 2596 350 70 l'expression
1606 2595 206 50 usuelle
1845 2592 93 65 (2).

170 2807 58 53 (1)
255 2807 122 39 Pour
401 2805 216 41 l'histoire
643 2805 55 39 de
725 2804 40 40 la
792 2802 147 49 vielle,
962 2800 234 42 consulter
1221 2800 40 39 le
1287 2810 84 28 ms.
1412 2796 54 39 de
1507 2792 290 52 Barthélémy
1817 2790 11 39 1
1846 2788 186 54 Anglais
2057 2787 58 41 du

118 2880 51 27 xv
175 2875 14 18 e
215 2866 136 41 siècle
392 2866 118 53 (Bib.
553 2867 122 46 Nat.,
711 2865 67 39 Fr.
821 2862 159 48 22532,
1012 2862 33 39 f°
1085 2861 83 51 340
1273 2871 9 28 :
1329 2873 19 22 «
1395 2856 71 40 On
1507 2853 178 55 appelle
1723 2865 56 26 en
1816 2851 171 39 France
2028 2860 87 27 une

123 2927 265 54 symphonie
403 2938 93 41 ung
525 2924 276 41 instrument
825 2923 112 39 dont
964 2922 63 39 les
1050 2920 213 51 aveugles
1289 2918 156 52 jouent
1469 2927 55 28 en
1549 2913 216 41 chantant
1783 2910 63 40 les
1886 2909 229 39 chansons

120 2987 51 39 de
193 2995 139 45 geste,
359 2994 43 32 et
425 2985 108 41 c'est
562 2998 64 27 un
655 2984 276 39 instrument
952 2980 76 55 qui
1047 2994 22 27 a
1096 2980 105 40 bien
1226 2979 124 39 doux
1374 2988 100 37 son,
1507 2983 43 30 et
1572 2971 197 55 plaisant
1799 2973 22 35 à
1850 2967 110 49 voir,
1987 2966 36 40 si
2067 2978 48 28 ce

120 3059 54 28 ne
210 3046 94 41 fust
344 3060 77 40 pas
449 3047 10 39 l
478 3055 116 32 estât
631 3045 56 41 de
723 3058 114 26 ceux
863 3044 76 53 qui
972 3055 55 27 en
1051 3049 135 32 usent
1226 3053 21 25 »
1294 3040 62 38 La
1380 3035 169 54 grande
1577 3032 241 40 miniature
1854 3028 53 41 de
1948 3040 49 27 ce
2024 3039 61 26 ma-

120 3106 189 52 nuscrit,
334 3106 77 53 qui
438 3107 259 51 représente
744 3117 61 27 un
850 3102 234 41 orchestre
1121 3098 201 54 complet
1345 3097 59 41 du
1430 3108 50 26 xv
1487 3100 14 16 e
1525 3091 154 50 siècle,
1708 3098 175 32 montre
1911 3086 119 40 aussi
2057 3097 62 28 un

120 3167 160 52 joueur
306 3167 53 41 de
386 3166 289 54 symphonie.
2107 3205 10 13 ,

175 3228 161 39 Citons
355 3227 122 40 aussi
500 3227 39 39 le
561 3225 179 41 fameux
760 3235 160 30 roman
947 3223 55 40 de
1026 3221 39 41 la
1099 3219 209 51 Violette(
1319 3216 98 41 Bib.
1437 3213 206 49 Nat.,Fr.
1665 3210 177 52 24:178),
1863 3209 58 39 où
1949 3206 170 41 Gérard

123 3288 52 40 de
208 3289 171 39 Nevers
402 3300 46 28 se
473 3286 188 55 déguise
687 3299 54 27 en
768 3284 211 54 jongleur
997 3291 44 32 et
1068 3281 124 41 vient
1212 3280 41 39 la
1271 3277 87 42 viel
1380 3290 56 27 au
1460 3275 69 40 col
1566 3286 46 28 se
1638 3280 201 33 montrer
1863 3270 111 39 dans
2001 3267 118 40 deux

123 3348 218 53 superbes
364 3347 267 40 miniatures
660 3346 53 46 (f°
716 3357 14 21 s
754 3347 52 52 78
833 3355 44 29 v°
901 3352 43 32 et
969 3343 50 40 82
1047 3342 82 52 v°).

174 3408 57 52 (2)
255 3408 123 40 Dans
405 3420 82 28 son
513 3407 130 39 traité
671 3407 52 38 de
753 3406 40 39 la
817 3404 158 47 danse,
1000 3401 212 54 imprimé
1239 3412 55 28 en
1324 3397 106 42 1536
1479 3403 42 33 et
1566 3392 153 54 rédigé
1748 3403 56 28 en
1830 3389 109 39 latin
1967 3399 119 28 maca-

120 3467 205 53 ronique,
346 3468 38 39 le
412 3465 249 52 Provençal
682 3464 227 41 Antonius
929 3464 150 39 Arena
1104 3460 86 41 cite
1219 3473 53 25 au
1296 3458 189 39 nombre
1508 3455 79 38 des
1609 3453 301 39 instruments
1933 3459 186 42 propres

123 3528 23 39 à
174 3528 170 40 animer
387 3540 100 28 suns
524 3536 326 46 compagnones
871 3524 40 40 la
936 3522 149 50 vielle,
1112 3521 107 54 qu'il
1256 3517 176 55 appelle
1450 3515 234 58 fonfonta.
1712 3511 35 38 Il
1771 3510 40 39 la
1836 3508 127 54 place
1999 3516 121 31 entre

122 3587 39 40 le
257 3589 352 53 chipachaplum,
610 3587 88 40 dont
721 3586 42 39 la
786 3583 260 42 traduction
1071 3594 115 28 nous
1223 3578 219 51 échappe,
1475 3582 44 33 et
1540 3573 41 40 la
1869 3564 255 51 (chalemie,

124 3649 307 50 cornemuse).
