2918 4079
809 670 350 96 Société
1238 665 688 99 Internationale
2005 662 109 97 de
2188 665 424 128 musique

1063 1025 261 31 SOMMAIRES
1364 1027 82 29 DES
1486 1024 338 32 PUBLICATIONS
1867 1020 443 32 INTERNATIONALES

1192 1104 245 44 SOMMAIRE
1462 1119 59 29 DU
1549 1104 243 44 BULLETIN
1820 1118 59 29 DE
1921 1103 139 44 MARS
2106 1114 119 46 1909

720 1207 358 57 Mitteilungen
1479 1203 117 46 über
1759 1203 90 46 den
2008 1203 90 46 111.
2248 1204 256 59 Kongress

955 1279 159 56 schaft
1332 1278 50 44 in
1500 1278 156 44 Wien.

702 1353 147 44 JOSEF
876 1352 257 45 LANNERS'S
1153 1349 287 46 Fort-leben
1464 1349 69 46 im
1558 1349 301 56 Volksliede,
1886 1364 87 45 par
2013 1350 221 45 RAIMUND
2253 1349 165 43 ZODER
2441 1347 208 59 (Wien).

717 1427 41 43 A
877 1425 240 46 Schubert
1401 1424 138 58 Song
1742 1421 277 60 Analysed,
1524 1437 86 44 par
1632 1423 204 44 DONADL
1864 1421 203 46 FRANCIS
2097 1423 188 44 TOWEY
2307 1420 279 56 (London).

707 1500 160 57 Notiç
900 1499 118 43 liber
1039 1498 90 44 den
1150 1496 248 46 Nachlass
1435 1496 284 59 Agonstino
1758 1495 259 61 Stejfanïs
2041 1495 67 45 im
2155 1494 555 61 Propaganda-Archiv

963 1585 55 46 \u
1074 1571 74 54 Rom,
1149 1585 64 45 par
1214 1569 146 46 Alfred
1387 1570 228 45 EINSTEIN
1636 1569 318 57 (Mtinchen).

722 1646 329 59 Conférences
1427 1659 88 30 sur
1655 1645 49 44 la
1815 1645 236 58 musique.
2537 1645 172 44 Notes.

963 1719 158 58 tiques
1377 1717 58 45 de
1605 1719 236 58 musique.
2407 1717 163 45 Revue

969 1791 249 45 libraires.
1664 1790 270 47 Envideru
2213 1804 144 45 ngen.
2709 1790 1 59 C

970 1865 252 45 nationale
1518 1865 60 44 de
1681 1865 251 58 Musique.

1219 2025 243 44 SOMMAIRE
1484 2039 60 30 DU
1571 2023 244 45 BULLETIN
1843 2023 200 46 D'AVRIL
2078 2040 118 44 1909

720 2142 74 44 M.
913 2142 229 44 Maurice
1159 2140 141 54 Ravel,
1301 2153 31 46 par
1356 2139 163 46 M.-D.
1561 2140 359 47 CALVOCORESSI
1944 2138 192 61 (Paris).

717 2214 326 60 Impressions
1434 2217 63 54 of
1506 2214 210 44 Strauss
1383 2229 21 27 «
2174 2213 212 47 Elektra
1683 2229 42 40 »,
1750 2228 86 44 par
1881 2213 170 45 Alfred
2095 2214 210 44 KALISCH
2329 2213 288 57 (Londres).

712 2288 192 45 Johann
1143 2286 470 56 HermannSchein,
2130 2285 268 46 Sâmtliche
1930 2285 92 47 Bd.
2052 2288 43 56 3,
2123 2300 85 46 par
2233 2285 190 46 Rudolf
2446 2285 264 46 SCHWARTZ

827 2360 263 61 (Leipzig).

720 2435 236 46 Extraits
1256 2435 65 43 du
1451 2434 220 45 Bulletin
1962 2436 229 56 français
2506 2435 59 44 de
2696 2436 14 43 l

827 2510 235 58 musique.

715 2581 174 46 Notes.
1266 2581 255 58 Critiques
1822 2581 57 44 de
1982 2581 169 46 livres.
2546 2582 164 45 Revue

961 2655 446 47 Communications
1901 2655 60 44 de
2066 2656 51 44 la
2212 2655 198 45 Société
2648 2656 62 44 Int

1205 2813 248 46 SOMMAIRE
1474 2829 61 30 DU
1571 2813 242 46 BULLETIN
1846 2830 60 28 DE
1952 2815 99 44 MAI
2085 2830 121 44 1909

717 2926 223 61 Antràge
1197 2926 100 55 auf
1304 2925 245 46 Aenderw
1899 2939 119 46 ngen
2188 2925 90 45 der
2403 2925 284 61 Sat\ungen

716 3000 360 60 Mitteilungen
1487 2999 119 46 Über
1623 3000 80 45 die
1965 2999 617 60 Haydn-Zentenarfeier

952 3072 440 46 Internationalem
1915 3072 489 61 Musikgesellschaft

715 3146 269 46 Friedrich
1317 3146 226 46 Wilhelm
1832 3147 227 46 Zaehow
2342 3147 72 46 als
2558 3147 120 45 drama
2679 3165 31 45 par

824 3220 174 47 Alfred
1025 3222 157 45 HEUSS
1215 3221 267 60 (Leipzig).

712 3295 77 45 St.
929 3293 191 46 Cecilia
1356 3309 56 30 as
1512 3295 220 45 Musical
1749 3296 165 55 Saint,
1531 3310 88 44 par
1643 3297 59 45 R.
1732 3297 59 46 E.
1818 3297 194 45 BRANDT
2029 3296 286 60 (Londres).

709 3368 114 46 Zur
841 3367 403 61 Cembalofrage,
1274 3382 87 46 par
1404 3368 120 46 Karl
1549 3370 106 44 NEF
1688 3370 180 59 (Bâle).

712 3442 216 46 Extrait
1224 3442 66 45 du
1420 3442 226 46 Bulletin
1947 3443 230 65 français
2480 3443 61 46 de
2685 3446 25 43 la

960 3518 217 59 musique
1459 3530 104 30 aux
1581 3517 213 58 collèges
2196 3531 57 30 en
2277 3518 77 45 été
2572 3532 22 31 I
2603 3532 107 46 9og

907 3589 170 45 Notes.
1211 3589 251 61 Critiques
1484 3591 60 44 de
1571 3589 166 47 livres.
1852 3592 166 44 Revue
2043 3592 87 46 des
2150 3596 284 57 journaux.
2558 3594 122 47 Cata-

963 3663 172 57 logues
1354 3662 61 44 de
1432 3662 228 47 libraire.
2191 3664 458 46 Communications

957 3734 60 45 de
1124 3733 247 61 Musique.
