2918 4079
741 1407 211 96 LE
1267 1407 288 101 MOIS

152 1888 419 55 CONCOURS
614 1890 104 53 DU
759 1888 649 55 CONSERVATOIRE

217 2078 149 54 C'est
393 2097 67 32 en
499 2082 130 65 1905
665 2095 104 52 que
802 2079 75 51 les
908 2097 265 35 concours
1211 2081 72 51 du
1315 2079 421 54 Conservatoire
1771 2081 180 51 furent
1983 2093 147 39 trans-

150 2167 139 50 férés
328 2171 29 46 à
388 2165 537 69 l'Opéra-Comique.
971 2166 452 52 L'inconvénient
1448 2168 64 50 de
1542 2184 57 33 ce
1632 2167 377 67 déplacement
2032 2167 129 51 était

151 2253 64 51 de
258 2255 211 48 donner
507 2255 123 66 plus
685 2255 190 49 d'éclat
922 2270 211 46 encore,
1188 2266 53 37 et
1312 2271 75 33 un
1452 2256 264 48 caractère
1788 2255 375 49 franchement

153 2341 249 64 théâtral,
436 2344 29 47 à
516 2341 65 50 de
629 2340 223 68 simples
906 2355 254 36 examens
1207 2341 66 50 de
1320 2340 181 52 sortie.
1559 2340 321 67 L'avantage
1932 2340 130 51 était
2101 2341 63 50 de

153 2439 194 38 mettre
381 2444 74 34 un
477 2427 121 68 plus
624 2429 168 64 grand
819 2427 229 50 nombre
1071 2429 65 48 de
1159 2427 175 66 places
1360 2431 28 46 à
1415 2427 48 49 la
1487 2425 329 68 disposition
1843 2427 70 50 du
1940 2426 177 64 public
2150 2445 12 32 :

154 2530 71 33 on
257 2514 221 67 pouvait
504 2519 216 62 espérer
750 2532 104 48 que
884 2514 78 49 les
987 2513 313 58 musiciens,
1329 2513 426 67 professionnels
1781 2530 70 33 ou
1874 2525 289 50 amateurs,

155 2603 248 49 auraient
433 2603 146 49 enfin
610 2605 148 47 accès
784 2605 28 46 à
844 2603 92 49 des
973 2601 291 68 spectacles
1288 2600 123 51 bien
1437 2600 123 51 faits
1593 2617 140 52 pour
1757 2601 75 50 les
1857 2600 304 60 intéresser,

158 2703 51 37 et
244 2690 136 50 dont
411 2706 69 34 on
513 2689 77 50 les
637 2688 142 52 avait
823 2704 234 52 presque
1089 2688 424 67 complètement
1557 2686 178 68 privés
1776 2686 291 68 jusque-là.
2122 2688 42 48 Il

158 2777 124 49 n'en
331 2777 81 49 fut
445 2774 133 64 rien,
635 2791 89 34 car
755 2775 49 50 la
837 2774 281 51 Direction
1148 2775 94 50 des
1277 2774 339 50 Beaux-Arts
1661 2774 194 66 profita
1907 2775 71 49 du
2011 2773 125 49 chan-

160 2877 220 55 gement
411 2878 139 52 pour
579 2862 306 52 s'attribuer
936 2863 46 50 le
1029 2862 142 51 droit
1209 2860 230 53 exclusif
1481 2862 66 49 de
1594 2859 233 69 répartir
1876 2860 75 50 les
1989 2859 178 51 billets

163 2949 344 51 d'invitation
536 2965 10 35 :
581 2949 136 51 neuf
741 2962 150 38 cents
932 2948 181 52 furent
1145 2949 210 50 donnés
1387 2965 102 33 aux
1540 2947 273 49 membres
1865 2947 71 48 du
1983 2946 153 49 Parle-

164 3050 169 51 ment,
369 3036 94 67 qui
494 3040 447 64 s'empressèrent
978 3037 65 48 de
1076 3034 108 51 s'en
1216 3033 219 65 défaire,
1471 3034 75 49 les
1598 3050 103 33 uns
1752 3048 67 33 en
1868 3032 185 49 faveur
2102 3032 64 48 de

164 3126 145 49 leurs
334 3123 158 64 amis,
520 3123 167 51 amies
713 3140 70 34 ou
817 3121 314 65 serviteurs,
1151 3122 236 50 d'autres
1413 3136 64 34 au
1510 3118 163 69 profit
1697 3118 91 51 des
1819 3117 344 51 marchands.

164 3212 43 50 Il
233 3211 86 67 n'y
348 3224 93 38 eut
465 3212 158 61 donc,
661 3222 136 39 cette
830 3214 190 58 année,
1056 3211 134 48 dans
1222 3208 50 50 la
1303 3207 149 60 salle,
1505 3206 165 67 qu'un
1702 3203 183 69 public
1929 3205 64 49 de
2023 3219 108 35 mas-

164 3311 268 54 troquets,
473 3299 63 49 de
574 3299 171 49 valets
776 3299 65 48 de
873 3296 274 62 chambre,
1183 3295 330 66 d'étrangers
1546 3294 63 49 de
1639 3308 242 52 passage,
1908 3302 51 37 et
1987 3291 62 50 de
2081 3306 85 33 ces

167 3385 269 67 élégantes
469 3386 132 50 dont
643 3382 315 54 Courteline
1007 3381 176 52 notait
1239 3380 135 66 jadis
1429 3380 75 51 les
1552 3390 202 39 travers
1800 3393 128 34 sous
1959 3393 56 33 ce
2044 3374 123 50 titre

168 3473 356 67 inexplicable
559 3492 9 29 :
601 3473 193 52 Dindes
822 3482 46 43 et
893 3492 166 48 grues.
1094 3473 75 49 Le
1194 3470 248 51 scandale
1468 3469 82 51 fut
1574 3466 44 51 si
1642 3466 168 68 grand
1837 3482 104 49 que
1965 3464 203 49 l'année

169 3560 245 50 suivante
446 3560 50 50 la
532 3559 323 69 répartition
905 3562 95 49 des
1052 3558 250 68 précieux
1330 3555 164 51 bouts
1541 3555 63 48 de
1653 3563 184 39 carton
1885 3550 177 51 revint
2101 3565 66 35 au

173 3647 309 50 secrétariat
531 3649 74 48 du
647 3645 439 61 Conservatoire,
1126 3657 69 48 et,
1228 3643 44 51 si
1306 3643 76 51 les
1413 3639 299 53 musiciens
1754 3654 67 35 ne
1853 3636 182 53 furent
2072 3652 95 52 pas

2006 3738 22 36 5

304 3760 30 24 S.
361 3761 27 24 I.
416 3761 42 24 M.
