2801 4277
2477 4072 81 43 115

169 249 252 56 Hartlaub)
454 252 104 42 eine
581 263 157 43 grosse
761 254 297 61 Ausstellung
1087 262 46 42 in
1160 263 136 43 Darm-

421 318 87 43 Die
574 319 360 48 Allerhöchsten
1000 328 327 47 Herrschaften

168 389 166 56 gingen
353 400 84 30 zur
451 388 171 44 Kirche
640 390 99 43 und
756 393 184 43 beteten
956 409 107 29 zum
1080 398 247 45 Höchsten.

168 455 202 56 (Würde
403 457 86 41 mit
521 457 366 60 Drahteinlage.)

168 523 236 46 Zunächst
756 543 110 29 man
899 532 325 59 „leichtsinnig
1256 537 75 42 die

167 595 148 53 Frage
353 593 132 44 einer
523 595 243 44 Umschau
951 601 379 58 scheibenweise,

167 663 92 43 wie
278 662 318 44 Beutelwurst
617 668 135 41 etwa.
785 667 105 43 Man
908 667 95 56 (-G.
1020 670 47 43 F.
1083 671 248 58 Hartlaub)

167 730 168 44 schaut
357 730 105 42 hier
484 744 83 30 um
589 732 99 42 und
713 733 59 43 da
802 748 92 42 um,
929 736 158 44 diesen
1122 753 80 28 um
1235 742 97 42 und

160 802 145 54 jenen
344 813 97 41 um,
484 799 71 43 bis
596 814 51 30 er
685 816 52 29 so
774 804 218 43 ziemlich
1024 807 114 43 alles
1170 822 129 42 umge-

167 869 166 44 schaut
376 868 93 43 hat.
532 868 108 56 (Die
686 871 182 45 Herren
915 874 203 44 Kritiker
1163 878 168 43 führen

167 936 147 54 Buch,
347 950 110 29 zum
490 936 289 60 Abreissen.)

167 1006 185 45 Darauf
391 1006 158 56 bringt
595 1009 121 43 Herr
762 1010 51 43 G.
842 1011 48 43 F.
926 1012 226 45 Hartlaub
1199 1021 107 38 auto-

165 1075 203 43 matisch
401 1076 106 43 eine
528 1076 83 43 Art
640 1091 93 29 von
757 1078 304 54 Querschnitt
1089 1085 242 43 zustande:

167 1145 146 55 „Eine
344 1145 442 58 Farbenromantik,
818 1151 267 56 wollüstige
1125 1153 178 44 Farben-

164 1214 317 54 traumkunst,
516 1214 77 44 die
620 1216 245 58 beständig
895 1218 359 60 hemmungslos
1285 1225 47 41 in

167 1283 363 43 Geheimnissen
860 1288 99 43 und
983 1289 133 54 „eine
1137 1289 81 43 Art
1240 1305 92 30 von

167 1352 379 55 Hellsichtigkeit
602 1354 78 43 für
729 1355 605 56 Halbseelisch-Fluidales,

165 1421 269 55 Aurisches,
468 1423 182 43 scheint
672 1423 344 58 Allgemeingut

167 1505 52 29 so
241 1491 113 43 sehr
377 1491 360 57 Allgemeingut,
771 1494 108 44 dass
908 1495 121 43 Herr
1050 1496 50 45 G.
1125 1498 49 41 F.
1196 1498 109 43 Hart-

164 1561 113 43 laub
310 1560 131 44 diese
464 1561 150 56 Dinge
635 1562 121 44 auch
790 1564 147 43 schon
972 1565 208 44 erkennt.
1245 1566 87 55 (Im

165 1628 228 45 nächsten
426 1630 296 56 Augenblick
758 1633 264 56 galoppiert
1059 1636 75 42 ein
1167 1636 140 43 Unter-

164 1700 194 54 lehrer.)
421 1700 135 54 „Man
579 1701 164 43 taucht
768 1703 49 42 in
851 1703 458 46 sinnlich-übersinn-

163 1768 127 43 liche
304 1768 388 57 Farbenstrudel,
711 1771 223 44 Gefühls-
951 1773 96 45 und
1047 1773 252 45 Gedanke-

164 1840 202 54 nformen,
409 1839 155 43 Sehen
603 1840 101 44 und
739 1842 163 43 Hören
946 1844 193 55 vergeht
1183 1844 151 43 Herrn

164 1909 52 45 G.
241 1909 49 43 F.
314 1909 246 56 Hartlaub,
595 1924 48 30 es
671 1910 128 44 wird
829 1912 103 43 ihm
965 1923 116 44 ganz
1111 1914 226 57 wässerig

165 1992 90 30 vor
277 1978 93 44 den
395 1978 175 44 Ohren.
634 1979 155 56 „Aber
810 1994 47 29 es
887 1981 58 44 ist
977 1981 358 56 erschreckend,

165 2049 93 43 wie
309 2047 103 45 sich
462 2047 101 45 dies
611 2049 257 57 Verlieren,
922 2051 99 45 dies
1068 2054 268 53 gestaltlose

165 2117 327 56 Schwärmen,
532 2119 102 44 dies
675 2119 222 45 Gemisch
935 2135 94 29 von
1067 2121 268 56 Theoretik,

164 2188 287 58 mystischer
470 2188 318 59 Schwelgerei
1034 2192 70 43 Na
1125 2192 209 45 endlich!

163 2257 127 44 Aber
307 2272 190 29 warum
512 2262 83 39 tun
608 2258 77 45 Sie
701 2260 126 44 denn
845 2261 96 56 das,
951 2261 120 43 Herr
1080 2261 49 44 G.
1141 2262 47 45 F.
1199 2261 110 44 Hart-

163 2328 144 45 laub?
338 2328 83 43 Ich
451 2329 83 42 bin
567 2329 124 44 auch
724 2341 116 46 ganz
873 2331 313 44 erschrocken
1221 2332 116 43 über

163 2397 81 43 Ihr
266 2398 101 43 sich
391 2399 259 54 Verlieren,
673 2398 80 43 Ihr
780 2399 312 56 gestaltliches
1115 2401 190 44 Schwär-

164 2482 126 42 men,
347 2468 101 44 dies
502 2468 226 44 Gemisch
786 2483 93 31 von
932 2469 257 45 Theoretik
1238 2470 98 44 und

165 2538 320 57 Schwelgerei
530 2539 48 43 in
624 2539 134 43 Ihrer
804 2540 163 43 Kritik.
1031 2539 75 44 Sie
1149 2554 186 29 nennen

163 2622 52 29 so
262 2611 148 41 etwas
451 2610 52 56 ja
549 2610 139 43 einen
735 2609 332 54 „kosmischen

163 2677 132 45 nicht
325 2679 168 44 wahr?
523 2676 125 59 (Wir
669 2684 195 39 müssen
894 2679 197 56 siegen!)
1124 2679 107 44 Und
1263 2679 73 44 Sie

164 2749 192 43 meinen
372 2750 64 56 ja,
471 2749 110 44 dass
603 2750 102 43 sich
738 2749 141 44 dabei
909 2749 107 55 „die
1038 2749 188 44 Einheit
1255 2749 82 43 der

164 2817 391 57 schöpferischen
579 2820 377 43 Persönlichkeit
978 2820 47 42 in
1052 2820 89 43 fast
1161 2820 146 43 krank-

163 2887 179 44 haftem
366 2888 146 45 Sinne
535 2889 277 44 aufzulösen
1053 2888 132 56 (Hier
1207 2889 132 44 fühle

160 2957 93 56 ich,
310 2958 109 45 dass
471 2958 82 45 Ihr
602 2959 142 44 bitter
790 2957 221 58 werdet!)
1063 2958 70 45 An
1183 2958 154 45 dieser

163 3028 142 44 Stelle
348 3029 186 45 scheint
572 3029 100 45 sich
711 3029 280 45 tatsächlich
1035 3029 75 43 die
1149 3029 190 43 Einheit

163 3098 85 44 der
280 3099 391 57 schöpferischen
705 3100 375 43 Persönlichkeit
1108 3100 152 42 Herrn
1284 3099 51 42 G.

161 3169 51 43 F.
236 3170 259 45 Hartlaubs
518 3171 47 42 in
591 3171 90 44 fast
701 3171 334 42 krankhaftem
1061 3170 142 43 Sinne
1235 3169 76 43 auf-

161 3240 152 53 gelöst
352 3254 58 29 zu
450 3240 171 44 haben.
685 3240 198 55 Schade,
930 3239 108 44 dass
1076 3250 51 32 er
1166 3237 171 58 gerade

161 3309 46 43 in
259 3309 184 45 diesem
489 3311 293 55 aufgelösten
821 3310 235 44 Zustande
1100 3309 81 44 des
1227 3309 81 43 kos-

161 3380 218 44 mischen
410 3381 210 44 Wirbels
653 3395 88 30 vor
772 3381 77 44 die
882 3380 453 58 „anspruchsvollen

161 3448 248 47 Sinfonien
479 3451 100 44 und
1130 3447 205 56 Muches,

165 3519 178 46 Bauers
377 3521 102 44 und
509 3523 152 42 vieler
691 3521 204 44 anderer
927 3522 75 55 „in
1035 3521 302 53 Fortsetzung

163 3588 81 44 des
313 3591 106 44 hier
487 3603 118 45 ganz
666 3592 315 57 ungenügend
1042 3592 294 42 veitretenen

534 3663 149 43 sowie
729 3676 88 29 vor
862 3662 154 43 meine
1049 3659 161 45 Bilder
1255 3669 53 45 ge-

160 3729 189 46 wirbelt
390 3732 146 44 wird:
584 3734 275 44 (Menschen
907 3732 108 44 sind
1062 3729 273 46 kosmische

160 3796 459 63 Lächerlichkeiten,
663 3803 163 44 confer
862 3801 168 56 Nebel)
1069 3799 145 57 „oder
1252 3796 84 45 der

163 3879 115 44 ganz
296 3871 121 45 über
431 3874 252 43 Verdienst
699 3874 246 44 bestaunte
963 3871 99 45 und
1080 3871 256 56 bespottete

164 3936 277 51 Schwitters
460 3945 88 42 mit
572 3942 511 59 kunstgewerblichem
1101 3940 121 46 Witz
1243 3937 92 43 den

1402 268 252 43 Kubismus
1694 270 215 44 Pikassos
1954 273 48 42 in
2040 273 122 42 alten
2200 273 207 43 Plunder
2444 289 70 27 um-

1401 339 122 39 setzt.
1530 336 24 20 u
1614 337 101 42 Wir
1760 340 91 41 alle
1896 341 191 41 werden
2134 343 45 40 in
2225 342 153 42 einem
2421 343 129 43 Satze

1402 405 316 52 umgeschaut.

1401 470 169 44 Armer
1599 473 160 43 Mann!
1793 473 150 57 (man)
1974 476 104 43 Wie
2110 478 123 41 kann
2266 492 110 28 man
2409 482 141 40 etwas

1402 539 168 55 fassen,
1604 554 139 30 wenn
1776 557 111 28 man
1918 545 138 41 keine
2087 545 208 55 Fassung
2325 546 108 43 hat?

1402 607 194 56 Schade,
1643 624 138 28 wenn
1830 613 89 41 wir
1971 613 121 43 doch
2134 615 278 54 wenigstens
2451 616 101 41 eine

1401 675 161 43 Arbeit
1612 679 47 41 in
1711 680 601 45 kammermusikalischem
2366 684 189 41 Format

1402 743 137 43 dabei
1562 745 167 54 gehabt
1750 746 171 55 hätten,
1945 748 82 43 das
2046 750 179 41 scheint
2242 751 49 55 ja
2313 751 73 41 für
2404 751 149 42 Herrn

1403 811 49 42 G.
1482 813 47 41 F.
1561 814 227 44 Hartlaub
1834 816 75 43 ein
1956 817 253 43 Kriterium
2256 819 73 41 für
2375 819 150 42 musik-

1402 879 219 45 ähnliche
1651 883 149 43 Kunst
1829 898 56 29 zu
1918 885 112 42 sein.
2092 884 105 57 (Ein
2234 887 182 43 Weiser
2445 888 112 42 baut

1403 948 131 43 Euch
1567 950 219 45 Künstler
1816 953 113 54 auf.)
1990 954 88 43 Ein
2106 955 162 54 Glück,
2301 955 107 43 dass
2441 957 114 41 Paul

1403 1016 112 43 Klee
1534 1018 150 44 dieses
1703 1021 381 45 musikähnliche
2099 1023 192 43 Format
2312 1023 91 54 hat,
2427 1028 131 39 sonst

1403 1087 101 54 läge
1542 1089 121 42 auch
1701 1103 49 29 er
1786 1090 146 43 schon
1970 1092 150 54 längst
2155 1098 135 38 unter
2322 1092 89 44 den
2445 1092 76 44 Um-

1403 1155 294 54 geschauten.
1721 1156 837 61 (DasßossistvomTeufelgeritten.)

1405 1223 180 43 Darauf
1616 1225 108 54 geht
1760 1227 120 42 Herr
1918 1228 51 42 G.
2003 1228 48 45 F.
2082 1230 224 43 Hartlaub
2355 1231 204 53 „zurück

1403 1305 110 30 zum
1938 1294 107 58 (Ein
2077 1298 181 43 lahmes
2286 1299 117 42 Ross
2436 1299 123 42 wird

1405 1362 280 56 abgeführt.)
1746 1363 59 43 Es
1837 1365 59 42 ist
1927 1365 185 54 schade,
2145 1365 107 44 dass
2286 1381 51 29 er
2367 1368 102 43 sich
2500 1382 58 28 an

1406 1429 154 44 dieser
1591 1430 140 45 Stelle
1772 1433 73 42 ein
1885 1435 153 54 wenig
2073 1435 96 54 irrt,
2211 1434 98 43 und
2347 1449 127 30 zwar
2511 1437 48 42 in

1406 1498 84 43 der
1511 1500 305 57 Reihenfolge
1848 1501 84 44 der
1953 1503 348 56 Entwicklung;
2333 1505 112 42 aber
2477 1504 82 43 das

1405 1569 161 43 macht
1593 1570 47 56 ja
1671 1570 77 43 bei
1779 1571 154 43 einem
1965 1583 189 43 grossen
2177 1574 202 42 Kritiker
2409 1573 150 44 nichts

1406 1650 98 29 aus.
1580 1637 169 57 (Wenn
1804 1640 83 43 der
1937 1640 165 43 Vorrat
2153 1641 106 56 geht
2308 1655 56 29 zu
2416 1641 143 55 Ende,

1405 1706 160 43 schieb
1618 1707 89 45 den
1759 1710 222 43 Schieber
2031 1724 85 29 vor
2160 1710 249 56 behende.)
2482 1712 78 43 Ich

1406 1773 104 45 darf
1542 1776 75 43 Sie
1649 1777 122 43 doch
1802 1778 131 43 wohl
1972 1792 53 28 so
2056 1780 262 53 verstehen,
2359 1780 119 43 Herr
2510 1781 50 43 G.

1406 1844 46 42 F.
1475 1844 241 56 Hartlaub,
1749 1846 107 44 dass
1894 1848 73 42 Sie
1994 1847 152 44 Nolde
2177 1862 43 29 u.
2253 1862 39 29 a.
2324 1851 69 40 als
2426 1851 134 42 einen

1406 1913 295 58 Rückschlag
1738 1917 82 42 auf
1854 1931 169 29 unsere
2061 1920 192 41 neusten
2289 1918 160 43 Bilder
2480 1919 55 43 be-

1406 1984 238 43 zeichnen.
1708 1984 118 44 Herr
1873 1985 50 43 G.
1962 1987 46 41 F.
2046 1987 241 54 Hartlaub,
2329 1988 75 43 Sie
2441 1988 121 54 sind,

1406 2054 168 54 glaube
1607 2054 90 56 ich,
1736 2054 83 44 der
1849 2055 295 57 Rückschlag
2178 2058 84 42 auf
2287 2056 91 45 den
2411 2058 149 43 Herrn

1406 2122 216 56 Kritiker,
1666 2125 209 43 welcher
1914 2125 277 44 demnächst
2229 2130 93 38 erst
2357 2127 203 55 geboren

1406 2191 192 44 werden
1630 2192 137 43 wird.
1828 2192 106 56 (Ein
1966 2194 142 44 Stück
2139 2195 159 43 Butter
2337 2196 94 55 gibt
2472 2195 90 44 den

1407 2262 158 43 Pilzen
1583 2266 94 39 erst
1694 2262 77 43 die
1786 2263 159 44 rechte
1957 2262 202 57 Weihe.)
2191 2265 372 53 „Bescheidener

1405 2332 148 43 bleibt
1574 2346 48 29 es
1645 2333 84 42 auf
1745 2335 92 40 alle
1858 2333 142 56 Fälle,
2032 2335 98 41 und
2157 2347 48 29 es
2228 2333 120 45 steht
2370 2348 193 30 unserer

1407 2401 364 55 sehnsüchtigen
1792 2402 352 44 Zerfahrenheit
2165 2403 159 45 besser
2353 2417 73 41 an,
2459 2407 104 39 statt

1407 2472 49 43 in
1506 2472 249 56 Legenden
1802 2472 98 44 und
1947 2473 226 56 Dogmen,
2226 2473 187 57 Mythen
2465 2473 98 44 und

1406 2542 249 55 Mysterien
1673 2543 231 54 vorläufig
1922 2543 123 43 noch
2066 2543 47 43 in
2138 2543 425 43 unverbindlichen

1406 2611 222 44 Märchen
1682 2611 97 44 und
1819 2611 237 44 Träumen
2103 2611 101 45 sich
2242 2611 321 45 übersinnlich
2587 2635 23 8 -

1810 2680 168 44 Armer
2035 2681 155 55 Mann,
2249 2694 115 30 sone
2423 2680 113 44 sehn-

1410 2750 209 56 süchtige
1679 2749 353 45 Zerfahrenheit
2092 2764 128 29 muss
2281 2749 123 44 doch
2465 2762 98 31 was

1410 2820 353 44 Schreckliches
1811 2821 117 43 sein!
1983 2821 156 42 Leben
2178 2820 75 44 Sie
2290 2820 112 54 sich,
2447 2820 119 43 Herr

1409 2888 50 45 G.
1484 2889 46 44 F.
1553 2889 243 55 Hartlaub,
1816 2903 88 28 nur
1934 2889 47 44 in
2011 2888 137 43 Ihren
2181 2888 383 45 übersinnlichen

1409 2958 237 43 Träumen
1670 2958 366 45 unverbindlich
2059 2972 98 38 aus,
2188 2959 110 44 aber
2324 2958 144 43 sehen
2492 2958 75 43 Sie

1409 3027 100 43 sich
1524 3041 99 40 vor,
1651 3027 108 43 dass
1779 3027 162 43 solche
1957 3027 391 44 unverbindliche
2362 3028 206 43 Träume

1409 3097 128 43 nicht
1561 3097 306 55 „allmählich
2070 3097 207 43 werden.
2319 3098 248 43 Vielleicht

1407 3165 160 45 finden
1590 3166 76 44 Sie
1698 3166 123 45 doch
1854 3166 122 45 noch
2009 3166 177 44 einmal
2218 3166 215 44 behende
2464 3168 78 42 vol-

1407 3236 226 56 gitierend
1673 3236 117 45 oder
1825 3237 122 44 auch
1984 3236 311 57 voltigierend
2331 3235 91 44 den
2454 3236 115 56 Weg

1409 3320 81 29 aus
1509 3306 85 43 der
1611 3307 300 44 kosmischen
1923 3307 253 55 Sackgasse
2188 3306 84 43 der
2282 3306 285 43 theoretisch

1407 3377 285 56 mystischen
1726 3377 163 55 Kritik,
1922 3389 139 43 sagen
2093 3377 90 42 wir
2215 3377 95 42 mal
2342 3390 84 29 aus
2459 3376 109 43 dem

1407 3447 130 43 steril
1583 3446 330 57 gewordenen,
1967 3446 320 54 kosmischen,
2332 3446 239 56 wollüstig

1406 3514 173 56 feudal,
1603 3516 315 44 halbseelisch
1941 3514 419 45 fluidalaurischen
2383 3513 186 45 Strudel

1406 3599 85 30 zur
1528 3585 347 45 Wirklichkeit.
1937 3585 310 44 Ueberlassen
2291 3585 71 44 Sie
2399 3598 47 29 es
2480 3598 91 29 nur

1407 3654 90 44 den
1518 3655 268 55 Künstlern,
1809 3655 155 43 selber
1979 3669 58 29 zu
2058 3655 275 54 beurteilen,
2357 3654 60 43 ob
2439 3654 129 43 reine

1405 3725 192 45 Malerei
1635 3726 103 44 eine
1776 3725 252 57 Sackgasse
2065 3725 69 43 ist.
2196 3724 80 44 Ich
2313 3724 254 57 behaupte:

1407 3795 115 55 „Die
1543 3795 130 43 reine
1693 3795 193 43 Malerei
1906 3795 60 43 ist
1986 3795 139 43 keine
2148 3794 266 56 Sackgasse,
2447 3792 122 45 auch

1407 3878 140 30 wenn
1590 3866 93 43 alle
1721 3864 353 57 Gassenjungen
2119 3865 67 42 sie
2221 3865 49 42 in
2315 3864 92 43 den
2451 3864 120 43 Sack

1647 3932 249 59 (LesenSie
1905 3932 114 45 die
2023 3933 242 44 Formulare
2273 3932 82 45 des
2357 3933 212 55 Jacques,
