2461 4244
289 249 88 42 266

981 265 57 30 LE
1073 266 239 32 MERCURE
1346 265 217 33 MUSICAL

289 470 303 52 Deslandres,
628 470 151 42 Raoul
827 470 181 55 Pugno,
1030 470 266 42 Alexandre
1344 471 224 54 Georges,
1609 468 190 42 Gabriel
1847 468 186 50 Pierné,
2060 466 219 55 Adolphe

291 534 168 55 Marty,
480 534 210 54 Auguste
718 532 228 54 Chapuis.

351 607 65 30 jer
434 597 129 55 prix.
682 595 64 41 M.
770 595 181 54 Joseph
977 595 246 42 Boulnois.

348 672 24 27 2
381 665 14 17 e
417 659 131 56 prix.
654 658 64 40 M.
750 658 201 40 Bonnet.

351 735 19 25 /
383 729 33 17 er
436 720 207 42 accessit.
672 719 142 41 —M.
840 719 225 45 Fauchet.

348 795 48 28 20
421 784 193 41 accessit
619 818 9 8 .
751 783 65 39 M.
844 781 174 42 Barrié.

349 847 63 39 Le
436 846 121 54 sujet
582 845 56 41 de
682 844 44 42 la
767 844 142 55 fugue
956 844 113 43 était
1111 846 157 42 donné
1310 859 84 42 par
1436 846 65 41 M.
1547 845 191 54 Gigout,
1774 844 43 42 le
1840 843 158 43 thème
2030 842 120 44 libre
2197 855 85 43 par

296 908 62 44 M.
381 906 226 56 Chapuis.

347 1033 230 42 Concours
601 1033 283 44 d'harmonie
910 1033 243 56 (femmes).
1187 1033 113 54 Jury
1321 1048 8 27 :
1359 1033 119 42 MM.
1504 1033 255 42 Théodore
1785 1032 198 50 Dubois,
2009 1032 267 55 président,

291 1094 194 42 Charles
511 1094 246 56 Lefebvre,
781 1096 191 42 Gabriel
1004 1096 164 51 Fauré,
1188 1096 217 51 Taudou,
1431 1096 191 42 Gabriel
1652 1096 184 49 Pierné,
1866 1095 169 43 Xavier
2074 1096 202 49 Leroux,

292 1157 151 42 Raoul
468 1159 183 54 Pugno,
677 1159 39 41 J.
745 1160 250 55 Mouquet,
1024 1159 256 44 Caussade.

350 1221 88 40 Pas
464 1221 55 40 de
544 1221 204 55 premier
779 1221 118 55 prix.

348 1294 51 30 2©
418 1284 135 55 prix.
651 1286 97 39 Mlle
772 1284 260 51 Ganneval,
1063 1285 128 42 élève
1209 1285 57 41 de
1293 1286 65 40 M.
1388 1284 228 55 Chapuis.

352 1361 18 27 i
383 1354 36 25 er
442 1347 206 42 accessit.
681 1371 42 6 ~~
757 1348 94 40 Mlle
874 1347 170 56 Dauly,
1072 1346 128 44 élève
1227 1348 57 42 de
1310 1348 64 40 M.
1404 1348 207 54 Georges
1638 1347 172 55 Marty.

348 1420 68 29 2cs
441 1409 232 42 accessits.
820 1411 114 40 Mlles
969 1409 233 55 Milliaud,
1247 1410 132 41 Alice
1426 1409 276 55 Morhange,
1745 1408 238 55 Bussière,
2019 1408 155 43 élèves
2227 1410 55 41 de

297 1472 61 42 M.
388 1472 207 54 Georges
624 1472 167 56 Marty.

350 1601 232 41 Concours
608 1601 54 41 de
685 1601 296 52 contrepoint
1007 1604 47 38 et
1077 1601 158 52 fugue.
1261 1600 115 54 Jury
1402 1612 9 28 :
1445 1599 112 42 MM,
1599 1597 254 42 Théodore
1890 1597 199 54 Dubois,
2131 1597 126 55 prési-

294 1663 126 49 dent,
450 1662 195 42 Charles
691 1661 245 53 Lefebvre,
967 1662 258 50 Guilmant,
1267 1661 187 51 Dallier,
1503 1661 152 41 Raoul
1693 1661 179 54 Pugno,
1900 1660 149 41 Henri
2090 1661 192 50 Bùsser,

298 1724 178 42 Lucien
506 1725 338 51 Hillemacher,
873 1724 223 54 Galeotti,
1132 1725 247 54 Mouquet.

357 1797 80 31 /ers
454 1787 134 55 prix.
694 1787 113 41 MM.
836 1788 193 49 Dumas,
1068 1786 255 51 Bazelaire,
1348 1783 153 44 élèves
1536 1785 56 41 de
1619 1786 63 41 M.
1715 1786 272 55 Lenepveu.

353 1863 26 27 2
385 1861 34 20 es
440 1849 125 56 prix.
592 1849 142 42 —M.
762 1849 158 41 André
963 1849 242 50 Gailhard,
1251 1848 127 42 élève
1423 1849 56 40 de
1526 1849 64 43 M.
1627 1849 254 54 Lenepveu
1903 1866 10 32 ;
1952 1849 62 42 M.
2037 1847 182 42 Fibelle
2246 1858 45 31 et

296 1913 97 39 Mile
420 1911 183 41 Marthe
638 1911 315 52 Greembach,
978 1909 152 45 élèves
1155 1912 55 40 de
1233 1912 69 41 M.
1337 1910 191 42 Gabriel
1555 1911 169 42 Fauré.

355 1985 47 30 je
404 1985 32 21 rs
466 1973 218 42 accessits
692 2009 7 6 .
818 1975 114 41 MVI.
971 1974 161 50 Cools,
1181 1974 169 53 Pollet,
1396 1971 154 44 élèves
1598 1973 58 42 de
1689 1974 58 41 M.
1787 1973 150 42 Fauré
1962 1986 9 38 ;
2018 1971 259 50 Borchard,

296 2035 128 44 élève
452 2037 56 41 de
536 2037 69 44 M.
639 2037 268 54 Lenepveu.

351 2110 67 30 2es
443 2098 217 44 accessits
668 2130 9 10 .
788 2100 116 42 MM.
932 2098 231 54 Flament,
1193 2100 247 51 Bertrand,
1465 2097 154 46 élèves
1643 2099 55 41 de
1726 2100 63 40 M.
1818 2100 272 54 Lenepveu.

351 2226 230 41 Concours
609 2227 54 40 de
696 2226 295 50 violoncelle,
1040 2226 98 42 alto
1186 2230 47 37 et
1277 2227 316 42 contrebasse.
1708 2227 63 40 Le
1797 2226 120 55 jury,
1963 2225 225 55 composé
2237 2225 56 42 de

300 2288 117 42 MM.
446 2288 252 41 Théodore
748 2287 201 53 Dubois,
996 2288 526 55 président-directeur,
1559 2290 226 41 Edouard
1813 2288 233 50 Colonne,
2075 2287 117 41 Paul
2218 2288 50 41 Vi-

298 2349 91 51 dal,
418 2350 57 41 de
510 2350 168 56 Bailly,
704 2352 103 41 Van
824 2338 347 68 Waefeïghem,
1197 2350 149 42 Henri
1393 2354 227 49 Marteau,
1660 2351 250 55 Raymond
1930 2350 202 50 Marthe,
2157 2350 102 41 Mon-

295 2422 124 43 teux,
436 2413 159 42 André
617 2413 239 55 Hekking,
879 2413 158 42 Pierre
1066 2415 298 52 Destombes,
1383 2415 253 50 membres,
1663 2422 45 34 et
1732 2415 56 41 de
1806 2415 64 43 M.
1900 2412 222 43 Fernand
2143 2413 120 40 Bour-

296 2483 120 47 geat,
444 2476 265 50 secrétaire,
739 2490 25 27 a
788 2476 200 41 décerné
1015 2476 66 41 les
1107 2476 336 55 récompenses
1472 2477 239 42 suivantes
1734 2490 9 27 :

352 2538 349 43 CONTREBASSE.
806 2538 299 54 (Professeur
1129 2552 9 27 :
1174 2540 64 39 M.
1285 2539 345 55 Charpentier).
1668 2540 229 40 Morceau
1937 2539 56 41 de
2023 2552 237 28 concours
2282 2552 8 29 :

295 2600 220 41 Premier
543 2600 227 42 Concerto
793 2601 56 40 de
875 2601 230 41 Verrimst
1129 2618 10 33 ;
1167 2601 178 42 lecture
1379 2603 24 40 à
1442 2600 233 57 première
1693 2615 89 28 vue
1809 2602 58 41 de
1891 2602 62 41 M.
1990 2601 118 42 Paul
2133 2600 158 43 Vidal.

353 2663 215 41 Premier
588 2663 115 59 prix
726 2679 9 26 :
767 2664 61 40 M,
860 2662 170 43 Subtil.

353 2725 200 41 Seconds
572 2725 111 56 prix
703 2739 7 26 :
739 2726 118 40 MM.
887 2724 151 42 Zibell
1065 2733 45 34 et
1138 2726 281 56 Boussagol.

350 2788 218 41 Premier
589 2787 193 43 accessit
810 2801 9 28 :
844 2788 64 43 M.
934 2788 179 55 Hardy.

355 2851 88 40 Pas
464 2850 56 41 de
548 2849 247 43 deuxième
820 2850 218 41 accessit.

351 2914 150 40 ALTO.
607 2912 330 50 (Professeur:
981 2914 63 40 M.
1089 2914 93 42 Th.
1236 2914 234 56 Laforge).
1499 2916 225 42 Morceau
1750 2917 56 41 de
1849 2930 235 29 concours
2110 2934 8 25 :
2169 2917 125 43 Cha~

297 2991 139 27 conne
443 3010 9 20 ,
479 2977 56 41 de
570 2978 63 40 M.
686 2977 150 41 Henri
861 2979 210 40 Marteau
1098 2989 10 38 ;
1143 2976 176 42 lecture
1342 2978 25 40 à
1390 2977 231 56 première
1649 2992 89 30 vue
1762 2980 61 41 du
1851 2980 150 41 même
2027 2989 182 34 auteur.

353 3039 218 40 Premier
586 3040 121 55 prix
730 3053 8 27 :
769 3040 64 40 M.
859 3040 190 41 Maçon.

353 3102 200 40 Seconds
575 3102 117 55 prix
720 3119 12 24 :
765 3102 64 42 M.
861 3102 217 50 Lefranc,
1100 3102 97 41 Mlle
1223 3102 226 43 Coudart.

351 3165 241 40 Premiers
613 3173 216 33 accessits
855 3178 8 28 :
895 3166 117 42 MM.
1039 3165 238 41 Ricardon
1305 3173 44 33 et
1372 3166 283 55 Jurgensen.

351 3226 288 42 Deuxièmes
662 3228 217 41 accessits
907 3245 8 25 :
945 3229 119 42 MM.
1093 3227 363 42 Montfeuillard
1480 3238 44 32 et
1552 3229 157 42 Pierre
1742 3229 258 44 Vizentini.

351 3290 355 43 VIOLONCELLE.
809 3292 228 40 Morceau
1070 3292 56 41 de
1171 3304 240 29 concours
1439 3307 8 25 :
1476 3292 192 56 Allegro
1695 3293 55 41 de
1784 3302 181 33 concert
1991 3292 258 56 (Davidoff)
2275 3307 9 39 ;

297 3352 177 42 lecture
501 3353 24 40 à
548 3351 231 56 première
804 3367 88 28 vue
917 3354 55 41 de
999 3355 64 41 M.
1099 3354 117 41 Paul
1245 3354 155 41 Vidal.

351 3416 242 41 Premiers
612 3417 118 56 prix
750 3430 7 28 :
794 3417 119 41 MM.
951 3419 183 40 Doucet
1161 3426 43 32 et
1226 3417 157 53 Janin,
1419 3417 154 43 élèves
1601 3418 56 42 de
1686 3419 65 43 M.
1782 3419 150 42 Loëb.

349 3478 267 43 Deuxième
637 3482 121 53 prix
785 3496 8 24 :
823 3480 64 42 M.
917 3480 210 56 Craque,
1151 3479 127 43 élève
1305 3480 56 42 de
1385 3481 65 41 M.
1478 3481 149 42 Loëb.

348 3542 241 42 Premiers
623 3542 216 42 accessits
868 3559 8 25 :
930 3543 65 42 M.
1037 3544 224 54 Verguet,
1298 3541 130 43 élève
1456 3543 56 42 de
1560 3544 63 41 M.
1669 3544 129 43 Loëb
1825 3559 8 39 ;
1879 3545 116 41 MM.
2044 3544 179 45 Olivier
2249 3554 45 33 et

300 3603 276 57 Delgrange,
605 3603 154 44 élèves
787 3605 55 41 de
868 3605 66 42 M.
962 3606 118 41 Cros
1105 3604 301 56 Saint-Ange.

353 3666 284 43 Deuxièmes
661 3667 216 43 accessits
904 3685 8 24 :
955 3668 120 42 MM.
1126 3667 233 42 Lachurié
1403 3676 44 34 et
1488 3669 265 55 Benedetti,
1800 3670 155 44 élèves
1979 3672 58 42 de
2064 3672 64 41 M.
2176 3672 118 41 Cros

300 3730 303 56 Saint-Ange.

355 3793 88 41 Ces
468 3802 116 34 trois
617 3807 236 28 concours
882 3803 82 31 ont
989 3794 70 42 été
1087 3793 330 43 satisfaisants.
1467 3794 75 43 On
1566 3796 221 42 voudrait
1813 3796 266 43 seulement
2103 3798 107 56 plus
2239 3799 56 41 de

301 3855 173 42 netteté
507 3864 45 35 et
576 3855 155 44 moins
755 3857 56 42 de
834 3855 182 44 fadeur.
