2461 4244
396 327 0 0 260

1019 293 57 28 LE
1112 291 240 30 MERCURE
1389 291 216 30 MUSICAL

308 495 266 42 l'heureuse
598 491 253 44 connexité
892 489 180 43 d'effets
1101 491 62 41 du
1185 491 346 55 tempérament
1552 487 191 47 wallon,
1772 487 55 42 de
1855 486 324 56 l'application
2201 502 80 29 sou-

307 567 141 33 tenue
472 558 56 41 de
574 555 232 57 procédés
851 552 292 57 wagnériens
1189 562 43 33 et
1276 553 56 41 de
1383 552 44 41 la
1454 551 224 42 méthode
1711 550 207 55 quelque
1945 563 94 41 peu
2062 550 245 45 déductive

310 635 88 40 que
420 621 93 40 l'on
531 619 215 55 pratique
770 618 23 40 à
836 616 45 42 la
905 616 169 41 Scliola
1129 617 274 41 Cantorum.

370 685 61 39 La
456 683 191 41 Prinses
674 678 311 56 Zonneschijn
993 712 10 16 ,
1039 692 78 36 ou,
1145 692 123 42 pour
1306 677 157 56 parler
1490 675 106 56 plus
1624 673 295 54 clairement,
1973 675 42 41 la
2062 675 248 43 Princesse

312 747 165 43 Rayon
499 745 53 41 de
580 741 130 44 Solei
717 743 27 52 /,
780 754 191 43 passera
997 742 22 41 à
1058 740 44 41 la
1123 741 240 50 Monnaie,
1400 753 123 42 pour
1544 738 43 42 la
1612 736 232 56 première
1872 737 89 43 fois
2010 751 59 28 en
2093 738 216 54 français,

312 809 115 41 dans
447 807 42 42 le
517 814 199 35 courant
740 806 63 40 du
839 803 118 42 mois
984 803 247 56 prochain.
1256 806 60 40 Le
1350 804 135 42 livret
1512 803 56 41 de
1599 801 88 42 Pol
1714 804 57 38 de
1828 802 137 41 Mont
2006 809 72 34 est
2128 802 87 41 tiré
2259 804 52 41 de

315 872 49 40 C<
387 879 72 32 nte
501 871 54 40 de
602 870 26 38 C
634 868 244 55 Aubépine
911 880 85 39 ou,
1034 867 182 55 d'après
1267 867 230 49 Perrault,
1525 867 56 40 de
1627 865 44 41 la
1716 864 134 41 Belle
1871 877 59 29 au
1956 864 95 43 bois
2074 865 233 44 dormant.

314 931 212 43 L'action
550 940 71 33 est
647 929 187 55 simple,
863 939 126 31 nette
1017 938 43 33 et
1088 929 210 51 concise,
1327 931 114 41 mais
1476 930 111 41 d'un
1611 929 147 54 esprit
1779 927 106 56 plus
1932 926 186 43 alourdi
2147 941 90 41 que
2271 928 40 42 le

312 1004 139 33 conte
479 994 151 41 initial
668 992 80 57 qui
769 992 66 42 lui
863 991 143 43 servit
1029 992 55 41 de
1113 992 187 43 modèle
1325 1008 10 38 ;
1366 993 90 42 elle
1483 1007 47 28 se
1557 991 196 43 déroule
1794 1004 91 28 aux
1928 999 155 47 temps
2118 1004 163 43 moyen-

310 1059 151 53 âgeux
490 1057 82 41 des
596 1055 191 43 fileuses
811 1054 203 42 blondes
1043 1064 44 32 et
1109 1054 81 42 des
1220 1055 261 43 chevaliers
1524 1068 166 42 preux,
1738 1053 117 41 dans
1898 1053 282 42 l'ambiance
2209 1054 103 54 pâle

310 1129 44 32 et
379 1119 199 42 delicate
612 1121 82 40 des
719 1117 139 42 toiles
895 1119 57 40 de
979 1118 341 45 Burne-Jones.
1352 1119 88 41 Les
1465 1116 263 45 caractères
1758 1124 109 33 sont
1914 1115 176 43 entiers
2118 1124 45 33 et
2199 1115 92 42 défi-

310 1181 71 42 nis
409 1195 10 39 ;
451 1181 56 42 ils
531 1195 47 29 se
598 1180 218 43 suffisent
841 1181 24 41 à
899 1180 320 43 eux-mêmes.
1274 1182 66 41 La
1370 1180 205 43 sorcière
1603 1179 213 56 Walpra,
1841 1187 134 33 toute
2003 1179 57 41 de
2101 1177 139 43 haine
2273 1188 42 32 et

311 1246 56 40 de
394 1258 287 42 vengeance,
705 1243 190 57 Tjarda,
924 1257 88 28 son
1036 1242 74 43 fils
1136 1242 114 43 —le
1276 1244 164 55 prince
1467 1242 260 42 Charmant
1770 1242 62 41 du
1864 1241 132 53 récit,
2104 1241 116 41 dans
2246 1241 54 41 l'é-

309 1307 396 56 panouissement
723 1307 161 43 chaste
929 1307 57 41 de
1034 1320 89 28 son
1171 1307 193 41 ardente
1407 1307 236 54 jeunesse,
1667 1304 43 43 le
1741 1305 71 41 roi
1843 1304 240 55 Ajoboud,
2123 1303 45 42 la
2205 1303 110 43 frêle

310 1369 245 56 princesse
584 1369 253 51 Radieuse,
865 1369 183 42 chacun
1082 1369 82 42 des
1190 1382 325 43 personnages
1555 1367 198 42 s'émeut
1787 1368 57 41 de
1889 1380 51 29 sa
1963 1366 73 43 vie
2067 1380 174 43 propre
2274 1377 42 33 et

312 1430 160 58 s'agite
499 1446 112 29 avec
634 1446 52 28 ce
722 1432 205 42 surcroît
954 1431 57 42 de
1036 1430 73 42 vie
1134 1430 290 56 fantastique
1459 1429 80 56 qui
1564 1430 213 56 rappelle
1803 1429 235 43 certaines
2069 1442 144 43 pages
2236 1430 79 43 des

312 1494 109 55 plus
446 1493 242 43 vibrantes
715 1494 56 42 de
795 1493 46 42 la
864 1492 286 55 Tétralogie.
1189 1495 64 40 La
1279 1492 221 55 musique
1544 1502 71 33 est
1639 1493 327 43 relativement
1991 1493 175 42 bonne.
2216 1493 100 42 Elle

315 1557 73 40 n'a
408 1569 89 42 que
524 1556 303 57 l'originalité
851 1556 58 41 de
933 1569 87 28 son
1043 1564 184 45 auteur,
1246 1555 97 56 qui,
1371 1569 186 28 comme
1577 1569 122 29 nous
1722 1556 178 42 l'avons
1933 1569 77 37 vu,
2038 1569 48 28 se
2106 1564 128 33 meut
2259 1570 57 27 au

310 1618 162 42 milieu
498 1620 56 41 de
585 1620 316 41 nombreuses
942 1616 225 56 affinités,
1201 1627 45 33 et
1294 1617 215 43 s'efforce
1557 1618 106 42 d'en
1702 1619 202 55 dégager
1923 1632 66 28 un
2013 1618 183 51 métier,
2224 1632 90 28 une

314 1681 229 47 manière,
568 1681 195 55 propice
792 1682 23 41 à
843 1694 88 29 son
956 1689 85 33 art.
1086 1679 117 42 Paul
1243 1679 169 42 Gilson
1456 1693 58 28 ne
1542 1679 110 42 s'est
1704 1679 137 56 point
1879 1677 439 58 particulièrement

315 1745 229 40 consacré
572 1744 25 41 à
619 1743 44 42 la
696 1743 219 56 musique
943 1743 62 41 du
1030 1742 183 42 théâtre
1240 1756 10 36 ;
1276 1755 75 29 ses
1382 1742 149 42 essais
1565 1743 116 41 dans
1717 1742 44 42 le
1794 1756 143 42 genre
1965 1755 9 31 :
2017 1742 68 43 les
2111 1743 176 42 Aventu-

316 1808 119 40 riers
464 1806 158 55 (1903)
647 1814 45 34 et
714 1805 204 43 Zeevolk
955 1805 176 55 (1905),
1166 1814 110 32 sont
1313 1804 94 42 fort
1450 1805 246 42 restreints
1741 1815 45 33 et
1829 1814 194 48 passent
2046 1814 103 33 tout
2180 1805 25 41 à
2236 1804 82 44 fait

315 1869 271 54 inaperçus.
620 1870 66 39 La
710 1868 221 54 musique
959 1867 57 42 de
1054 1865 140 43 scène
1227 1867 210 55 requiert
1475 1881 95 28 une
1604 1868 226 42 méthode
1864 1868 111 42 bien
2012 1865 193 52 définie,
2226 1881 91 28 une

314 1931 208 54 patiente
566 1930 281 55 expérience
892 1940 46 32 et
964 1930 211 52 l'emploi
1200 1930 81 41 des
1326 1929 151 56 règles
1512 1931 139 42 d'une
1700 1930 264 56 esthétique
1989 1929 334 57 parfaitement

312 1993 266 43 raisonnée.
612 1993 128 42 Chez
762 1992 186 52 Gilson,
984 1990 428 44 l'affaiblissement
1443 1992 57 42 de
1528 2007 78 28 ces
1651 1992 275 44 conditions
1968 2006 248 43 provoque
2255 2007 63 27 un

317 2069 206 43 manque
557 2056 58 42 de
641 2055 232 43 cohésion
900 2056 118 41 dans
1040 2055 68 41 les
1136 2055 169 42 détails
1329 2064 45 33 et
1413 2056 118 41 rend
1584 2055 330 43 inadmissible
1959 2070 67 28 un
2079 2056 240 56 penchant

314 2118 221 55 présumé
560 2132 105 29 vers
700 2127 121 34 cette
840 2117 124 44 voie.
996 2118 99 41 Son
1122 2117 119 55 style
1264 2117 339 44 déclamatoire
1625 2128 71 33 est
1715 2119 140 42 d'une
1879 2119 157 42 sûreté
2060 2120 58 41 de
2143 2117 152 44 techni-

313 2195 91 41 que
430 2180 94 44 fort
547 2180 332 57 remarquable
909 2195 12 37 ;
946 2181 39 41 si
1015 2194 64 28 on
1108 2180 76 56 n'y
1206 2189 252 34 rencontre
1503 2194 185 30 aucune
1732 2182 83 42 des
1858 2181 363 43 combinaisons
2244 2195 47 29 so-

314 2257 140 29 nores
475 2244 395 42 déconcertantes
897 2244 57 41 de
983 2244 223 41 Bruneau
1307 2243 177 55 duquel
1510 2244 42 56 je
1586 2258 73 28 me
1682 2244 121 56 plais
1831 2245 25 42 à
1881 2244 42 43 le
1959 2246 293 55 rapprocher

314 2307 41 40 la
379 2305 150 43 forme
557 2319 47 29 se
628 2305 252 43 maintient
914 2314 335 34 couramment
1281 2306 117 41 dans
1423 2319 94 30 une
1566 2309 160 40 bonne
1768 2308 279 55 expression
2083 2307 235 56 classique

315 2382 108 28 sans
441 2368 151 50 heurt,
621 2368 118 42 mais
768 2382 109 29 sans
896 2368 138 42 éclat.
1082 2369 65 41 Le
1180 2367 229 43 leitmotif
1425 2378 72 33 est
1528 2368 146 43 effacé
1698 2387 11 33 ;
1744 2369 31 41 il
1811 2369 207 42 subsiste
2045 2368 265 44 seulement

314 2431 116 42 dans
453 2431 41 42 le
522 2431 162 57 rappel
711 2432 82 42 des
819 2431 239 42 chansons
1084 2431 81 55 qui
1188 2430 272 57 parsèment
1477 2431 44 43 la
1545 2430 134 56 pièce
1717 2432 65 53 (le
1804 2432 168 42 chœur
1998 2433 82 41 des
2105 2431 213 52 fileuses,

315 2494 81 41 des
422 2493 203 52 enfants,
649 2494 82 42 des
758 2493 164 51 valets,
947 2494 41 41 le
1006 2493 178 42 refrain
1211 2494 83 42 des
1315 2494 203 52 scaldes,
1543 2494 44 42 le
1614 2495 143 41 chant
1775 2495 56 42 de
1858 2495 206 56 Tjalda),
2093 2509 109 28 sans
2229 2508 87 42 que

312 2570 123 42 pour
460 2556 100 42 cela
581 2556 188 42 celle-ci
793 2556 295 42 s'encombre
1115 2556 81 42 des
1223 2556 227 42 récitatifs
1477 2565 44 33 et
1549 2556 82 42 des
1653 2557 373 43 réminiscences
2050 2558 57 41 de
2125 2557 190 55 l'opéra.

319 2618 402 42 L'orchestration
747 2627 70 33 est
846 2618 304 56 vigoureuse,
1175 2618 94 42 fort
1290 2618 113 42 bien
1429 2619 181 53 menée,
1647 2628 298 34 notamment
1966 2621 117 41 dans
2107 2620 213 58 ïagitato

317 2682 55 41 de
394 2683 42 40 la
458 2681 64 40 fin
544 2681 62 42 du
627 2679 207 57 premier
868 2690 117 42 acte,
1007 2690 45 33 et
1070 2680 43 42 la
1145 2680 129 56 ligne
1297 2681 297 57 dramatique
1621 2695 48 29 se
1693 2683 224 54 poursuit
1944 2682 377 57 conjointement

315 2758 121 41 pour
463 2744 42 41 la
531 2742 217 56 musique
776 2752 45 32 et
864 2743 43 42 la
950 2743 218 55 légende,
1213 2757 113 28 avec
1346 2758 94 28 une
1483 2744 250 56 gradation
1777 2745 81 56 qui
1898 2746 241 56 témoigne
2183 2747 137 40 d'une

316 2806 153 42 sûreté
494 2806 55 41 de
578 2805 127 42 main
731 2814 44 33 et
799 2805 110 42 d'un
936 2806 94 40 réel
1049 2806 147 42 talent
1213 2806 113 42 chez
1351 2806 42 42 le
1420 2806 344 57 compositeur.
1796 2809 72 40 En
1894 2822 66 28 un
1978 2819 111 38 mot,
2115 2808 44 42 la
2181 2808 112 42 Prin-

314 2882 124 29 cesse
458 2870 170 55 Rayon
650 2869 53 41 de
730 2869 149 42 Soleil
904 2869 239 54 remplace
1168 2878 452 46 avantageusement
1656 2871 67 41 les
1755 2871 256 43 vieilleries
2049 2871 266 43 déformées

315 2932 63 41 du
404 2931 256 55 répertoire
679 2949 9 33 ;
716 2932 114 41 c'est
866 2944 93 29 une
992 2945 117 42 page
1148 2932 56 41 de
1232 2933 160 42 bonne
1417 2932 221 56 musique
1663 2941 44 34 et
1749 2933 55 43 de
1848 2935 96 41 bon
1970 2935 132 55 goût,
2123 2934 80 56 qui
2224 2933 80 44 s'af-

315 2994 134 42 firme
471 3008 107 28 sans
606 2993 271 57 prétention
901 3008 190 28 comme
1112 3007 92 29 une
1240 3008 160 29 œuvre
1421 2995 56 42 de
1504 2996 95 41 bon
1623 2994 108 55 aloi,
1766 2996 112 43 bien
1902 2998 278 52 construite,
2215 2998 108 41 bien

318 3057 269 42 orchestrée
616 3066 45 33 et
686 3056 339 57 parfaitement
1058 3057 198 45 réussie.

373 3120 165 41 Albert
564 3119 202 56 Dupuis,
814 3120 42 43 le
882 3118 246 44 troisième
1155 3120 56 42 de
1234 3133 119 28 ceux
1383 3121 81 42 des
1488 3121 351 56 compositeurs
1865 3123 160 56 belges
2053 3123 82 56 qui
2163 3132 159 34 seront

319 3184 299 54 représentés
645 3183 25 41 à
688 3182 45 42 la
762 3181 225 44 Monnaie
1020 3192 75 33 cet
1121 3182 89 51 été,
1236 3196 59 28 ne
1317 3182 84 43 fait
1423 3182 153 57 point,
1599 3185 25 41 à
1650 3194 308 46 proprement
1976 3186 174 55 parler,
2175 3185 150 57 partie

320 3247 56 41 de
400 3246 167 42 l'école
587 3244 255 44 flamande.
862 3245 142 42 Aussi
1032 3245 110 43 bien
1167 3259 83 42 par
1276 3259 51 28 sa
1366 3247 325 55 personnalité
1726 3247 245 57 artistique
1998 3262 62 29 ou
2093 3263 73 29 ses
2194 3249 105 42 anté-

320 3309 192 42 cédents
539 3321 90 42 que
655 3321 83 43 par
764 3321 51 28 sa
837 3308 270 51 naissance,
1133 3307 32 43 il
1193 3322 48 29 se
1265 3309 152 42 classe
1441 3309 118 42 dans
1584 3323 95 30 une
1721 3310 238 57 catégorie
1984 3311 26 42 à
2034 3321 106 47 part
2165 3311 81 57 qui
2279 3324 46 29 se

320 3371 263 57 rapproche
604 3370 346 44 sensiblement
975 3372 57 42 de
1056 3371 166 43 l'école
1248 3370 235 57 française
1510 3374 410 56 contemporaine.
1943 3375 71 41 Né
2035 3387 58 30 en
2116 3374 180 42 Wallon-

321 3435 94 53 nie,
441 3434 42 43 le
504 3448 116 42 pays
646 3434 82 42 des
757 3434 202 54 Franck,
984 3434 293 56 Vieutemps,
1302 3435 173 57 Ysaye,
1500 3435 175 44 Vreuls
1700 3445 44 33 et
1771 3435 177 52 Lekeu,
1990 3438 186 55 Dupuis
2201 3437 70 43 fut
2300 3437 25 42 à

322 3498 132 43 Paris
475 3511 65 28 un
590 3495 129 45 élève
760 3496 312 44 d'Alexandre
1118 3497 260 52 Guilmant,
1419 3499 57 42 de
1504 3499 201 42 Charles
1754 3500 180 42 Bordes
1961 3508 45 34 et
2034 3501 56 41 de
2122 3500 203 43 Vincent

320 3561 169 56 d'lndy
512 3575 8 37 ;
545 3560 31 41 il
600 3558 219 58 professa
845 3560 24 41 à
894 3560 45 42 la
972 3561 171 42 Schola
1176 3561 258 42 Cantorum
1453 3575 14 37 ;
1500 3561 31 42 il
1566 3561 181 57 dirigea
1771 3575 58 30 en
1858 3563 180 42 second
2074 3563 68 42 les
2170 3563 124 42 Chan-

319 3634 130 32 teurs
478 3624 56 42 de
564 3622 358 44 Saint-Gervais
963 3631 45 35 et
1048 3637 49 29 se
1120 3622 52 43 fit
1211 3622 400 46 insensiblement
1642 3639 95 29 une
1769 3626 277 42 renommée
2076 3626 248 55 beaucoup

325 3687 107 55 plus
457 3685 273 57 parisienne
756 3699 93 42 que
872 3685 258 44 nationale.
1161 3686 37 41 Il
1232 3695 71 33 est
1323 3685 167 45 inutile
1516 3688 57 42 de
1599 3687 219 57 rappeler
1841 3701 57 29 en
1930 3688 144 43 détail
2128 3702 74 30 ses
2227 3688 74 57 pré-

322 3749 214 50 cédents,
564 3761 79 29 car
667 3756 105 34 tout
797 3761 52 30 ce
884 3749 81 55 qui
992 3757 114 48 peut
1129 3750 359 55 présentement
1528 3750 257 43 intéresser
1808 3765 25 28 a
1857 3751 109 43 trait
1990 3753 24 42 à
2041 3765 73 30 ses
2142 3765 183 30 œuvres

319 3810 334 56 dramatiques.
706 3810 219 44 Celles-ci
953 3824 47 30 se
1030 3812 186 42 suivent
1237 3825 112 29 avec
1386 3825 95 29 une
1525 3811 210 45 féconde
1761 3814 222 56 rapidité.
2034 3815 265 43 Ostensible-

319 3883 144 45 ment,
519 3874 165 42 Albert
731 3874 185 56 Dupuis
957 3875 111 42 s'est
1112 3874 124 44 voué
1279 3874 25 42 à
1343 3874 45 43 la
1414 3875 220 58 musique
1695 3878 63 44 du
1796 3877 181 43 théâtre
2004 3890 11 42 ;
2043 3877 168 56 depuis
2241 3890 84 30 son
