2461 4244
396 291 0 0 254

1025 249 56 31 LE
1117 249 240 31 MERCURE
1392 248 220 32 MUSICAL

310 464 248 65 prétexte
614 463 26 48 à
682 457 160 70 copie
894 474 110 51 que
1054 457 97 51 des
1186 456 393 52 observations
1630 456 66 52 de
1729 474 58 33 ce
1821 473 169 52 genre
2040 471 10 37 :
2093 476 24 28 «
2161 457 148 55 Dans

310 535 252 52 l'échelle
588 536 97 50 des
728 549 152 49 sons,
916 534 51 49 la
1000 550 137 33 zone
1171 549 282 53 moyenne
1495 550 56 33 se
1584 532 314 70 rapproche
1932 532 96 51 des
2073 534 208 68 possibi-

310 611 125 52 lités
464 628 232 34 sonores
725 609 261 52 atteintes
1020 626 102 51 par
1153 610 50 51 la
1228 609 126 53 voix
1387 609 291 63 humaine,
1710 607 97 71 qui
1834 621 144 40 reste
2017 609 50 50 la
2088 626 220 37 mesure

311 690 66 51 de
405 706 59 35 ce
484 687 136 70 qu'il
640 704 37 52 y
703 704 28 33 a
751 686 66 51 de
841 686 128 69 plus
991 685 519 70 particulièrement
1536 685 269 68 subjectif
1824 686 140 52 dans
1988 686 321 55 l'ensemble

311 766 98 50 des
447 761 374 71 impressions
858 777 261 51 reçues...
1157 783 24 26 »
1221 764 73 50 Et
1339 762 328 69 lorsqu'une
1703 762 206 69 longue
1951 776 322 56 argumenta-

311 840 121 51 tion
466 857 56 34 se
563 855 288 36 couronne
880 837 134 52 delà
1037 837 297 54 définition
1367 838 258 54 suivante
1655 854 10 35 :
1694 860 23 27 «
1753 840 400 68 L'expression
2187 857 82 36 mu-

313 916 164 52 sicale
511 917 141 48 n'est
690 916 146 51 donc
870 927 158 40 autre
1068 915 168 50 chose
1270 916 210 68 qu'une
1517 915 271 69 équation
1829 918 166 66 posée
2039 929 155 39 entre
2238 935 75 34 un

311 1004 150 55 geste
489 990 277 53 extérieur
788 1007 73 35 ou
888 1006 79 37 un
988 1007 228 36 remous
1239 991 219 52 interne
1482 1006 52 38 et
1552 1011 111 34 une
1680 992 271 52 modalité
1969 1010 269 35 sonore...
2266 1016 44 45 »,

311 1068 244 51 n'a-t-on
590 1085 99 52 pas
723 1066 385 71 l'impression
1142 1070 166 50 d'une
1343 1070 357 68 proposition
1734 1072 67 50 de
1828 1070 161 69 point
2026 1073 66 50 de
2119 1072 195 67 départ

313 1145 186 69 plutôt
527 1162 108 51 que
661 1145 166 50 d'une
860 1143 243 54 formule
1131 1146 66 51 de
1225 1146 330 52 conclusion
1595 1146 286 53 définitive
1909 1148 19 50 ?
1970 1147 151 55 C'est
2169 1165 105 34 mer-

311 1221 164 52 veille
506 1222 67 51 de
620 1221 126 52 voir
784 1226 29 47 à
852 1221 160 70 quels
1051 1221 261 53 miracles
1349 1222 424 70 d'imprécision
1819 1223 221 52 aboutit
2089 1225 51 50 la
2188 1223 124 69 plus

313 1297 346 53 minutieuse
686 1298 98 51 des
818 1298 217 62 études,
1065 1311 120 38 tant
1226 1311 81 39 est
1348 1299 218 51 devenu
1612 1298 297 54 insatiable
1943 1299 49 51 le
2025 1299 199 54 besoin
2249 1301 64 51 de

314 1374 333 70 poursuivre
675 1373 476 55 immodérément
1189 1376 48 50 le
1265 1393 231 52 passage
1524 1377 74 51 du
1628 1376 328 69 particulier
1978 1395 67 34 au
2069 1378 243 69 général.

317 1472 24 28 «
379 1453 80 50 La
484 1452 266 68 synthèse
772 1466 131 38 veut
940 1454 116 50 être
1082 1452 221 52 maniée
1329 1471 129 33 avec
1481 1451 326 67 discrétion,
1839 1466 225 39 surtout
2091 1471 67 34 en
2192 1471 80 34 mu-

317 1527 181 70 sique,
537 1545 93 34 car
676 1546 86 33 ses
811 1528 340 52 révélations
1206 1528 341 52 deviennent
1578 1527 212 71 parfois
1830 1529 278 52 salement
2154 1531 120 50 déce-

314 1616 197 39 vantes
540 1625 47 39 »,
618 1603 231 53 écrivait
883 1604 141 66 jadis
1052 1604 358 54 l'Ouvreuse.
1440 1606 75 50 Et
1541 1604 100 51 elle
1667 1604 233 68 ajoutait
1937 1622 11 36 :
1988 1627 24 26 «
2041 1608 92 50 Au
2152 1606 156 64 fond,

313 1682 80 51 M.
422 1682 67 49 de
525 1680 49 51 la
615 1680 217 54 Palisse
860 1682 192 51 n'était
1086 1683 175 67 qu'un
1288 1682 337 70 synthétiste
1651 1682 98 68 qui
1774 1683 298 69 exagérait.
2120 1706 23 25 »
2183 1684 46 51 Il
2257 1702 53 33 se

315 1757 256 69 pourrait
593 1776 107 50 que
719 1774 93 35 ma
841 1757 184 53 vieille
1059 1758 147 52 amie
1228 1762 94 48 eût
1349 1758 208 53 raison.

386 1834 108 51 Les
545 1834 240 52 lecteurs
819 1833 99 70 qui
958 1852 56 33 se
1067 1846 225 40 sentent
1331 1847 126 57 trop
1495 1834 168 70 petits
1696 1852 237 52 garçons
1971 1853 68 34 en
2075 1835 115 54 face
2218 1838 94 51 des

315 1909 297 53 hautaines
637 1909 374 53 abstractions
1044 1912 66 50 de
1151 1910 77 52 M.
1260 1912 66 50 de
1359 1910 51 52 la
1458 1910 310 52 Laurencie
1809 1913 387 68 apprendront
2243 1914 72 51 du

313 1985 412 71 vulgarisateur
757 1987 249 54 d'Udine
1054 2004 107 51 que
1190 2008 24 27 «
1253 1988 46 51 le
1335 1992 136 64 goût
1513 1989 236 51 musical
1773 1989 297 52 s'enferme
2098 1990 141 51 dans
2267 1992 48 49 la

314 2061 75 53 loi
423 2063 75 51 du
534 2080 232 51 passage
798 2063 66 51 de
892 2063 355 70 l'homogène
1272 2067 29 48 à
1340 2064 400 70 l'hétérogène,
1785 2064 75 53 loi
1888 2065 96 70 qui
2012 2084 56 33 se
2101 2065 212 54 traduit

317 2157 99 52 par
466 2139 139 52 trois
664 2152 221 57 aspects
926 2139 337 71 principaux
1297 2155 11 37 :
1338 2141 292 53 évolution
1678 2143 67 51 de
1792 2143 51 51 la
1889 2144 268 51 monodie
2191 2148 28 47 à
2258 2144 50 51 la

315 2215 367 70 polyphonie,
736 2233 236 52 passage
1023 2218 73 50 du
1138 2220 277 48 caractère
1460 2218 247 52 collectif
1733 2220 29 50 à
1790 2218 522 64 l'individualisme,

315 2304 52 38 et
418 2290 296 55 extension
748 2293 97 50 des
878 2294 198 51 modes
1100 2294 386 70 d'expression
1526 2294 174 52 allant
1725 2296 66 51 de
1833 2295 446 71 l'anthropomor-

315 2368 224 69 phisme
571 2387 68 34 au
675 2369 307 52 sentiment
1023 2371 75 51 du
1126 2371 208 52 monde
1376 2373 299 50 extérieur.
1716 2394 24 27 »
1771 2373 73 52 Ils
1888 2373 184 53 feront
2098 2374 217 52 bientôt

317 2444 403 52 connaissance
745 2463 128 33 avec
896 2446 77 51 les
997 2445 137 53 trois
1161 2448 185 52 stades
1371 2449 66 51 de
1465 2448 296 53 l'audition
1791 2463 11 37 :
1839 2449 51 51 la
1915 2450 290 52 sensation
2246 2451 71 52 du

317 2538 104 34 son
469 2520 159 63 isolé,
672 2521 51 52 la
772 2522 331 70 perception
1151 2524 98 51 des
1301 2542 132 34 sons
1485 2524 312 71 organisés,
1837 2529 151 49 enfin
2035 2528 178 50 l'éveil
2251 2529 64 51 de

317 2595 412 71 l'imagination
788 2610 53 38 et
905 2600 67 49 de
1028 2616 87 33 ses
1170 2600 321 52 évocations
1551 2600 286 69 visuelles,
1910 2601 266 54 motrices
2246 2620 69 35 ou

317 2672 360 70 psychiques.
715 2674 139 52 Puis
880 2674 68 52 ils
969 2677 446 68 comprendront
1442 2677 319 54 l'influence
1785 2681 97 51 des
1905 2680 409 53 circonstances

318 2749 204 52 locales
553 2768 96 34 sur
673 2762 162 40 notre
861 2755 136 65 goût
1020 2751 273 67 national,
1329 2754 244 69 l'apport
1594 2756 98 52 des
1725 2773 220 36 œuvres
1978 2760 339 67 étrangères,

318 2826 528 52 l'intellectualisme
873 2840 53 39 et
948 2829 52 50 la
1033 2829 312 53 sociabilité
1378 2832 69 51 de
1486 2845 164 39 notre
1687 2850 141 36 race.

385 2901 145 53 Mais
564 2902 67 52 ils
664 2903 346 54 s'ébahiront
1043 2912 282 63 peut-être
1363 2911 28 47 à
1425 2921 285 40 constater
1735 2928 109 52 que
1879 2910 47 52 le
1970 2924 310 38 commenta-

317 2991 127 39 teur
468 2980 198 68 profite
700 2980 66 52 de
818 2981 300 52 l'occasion
1164 3000 144 52 pour
1358 2982 234 55 chanter
1622 2986 232 52 victoire
1904 3004 97 35 sur
2037 3004 79 37 un
2157 2987 158 70 point

317 3053 99 71 qui
438 3053 78 54 lui
544 3067 84 40 est
648 3056 133 51 cher
805 3069 55 39 et
892 3057 284 70 proclame
1211 3076 130 36 avec
1373 3060 179 52 fracas
1579 3061 49 52 la
1661 3062 338 52 conversion
2023 3062 291 70 imprévue

317 3132 67 51 de
416 3132 77 51 M.
525 3132 66 51 de
618 3132 50 51 la
696 3133 308 54 Laurencie
1049 3138 31 49 à
1118 3136 52 52 la
1200 3136 239 71 religion
1475 3140 75 50 du
1595 3138 420 66 subjectivisme
2046 3141 262 52 musical.

315 3210 141 50 Jean
482 3208 249 55 d'Udine
756 3211 183 52 exulte
965 3229 69 35 en
1053 3212 169 52 lisant
1244 3215 97 50 des
1369 3215 235 68 phrases
1630 3232 221 36 comme
1874 3217 241 52 celles-ci
2139 3234 10 35 :
2185 3237 24 30 «
2239 3218 74 51 Le

318 3284 211 70 public,
555 3302 209 52 organe
790 3287 68 52 de
892 3288 308 70 réception,
1230 3304 219 55 permet
1476 3292 66 52 de
1569 3309 256 36 mesurer
1848 3293 222 52 l'action
2098 3296 65 51 de
2191 3295 101 52 l'ar-

317 3361 129 53 tiste
479 3364 255 50 créateur
758 3378 12 37 :
793 3362 37 52 il
858 3364 280 54 constitue
1174 3384 108 35 une
1315 3367 252 53 manière
1595 3370 306 69 d'appareil
1940 3370 375 71 enregistreur

317 3455 97 35 sur
435 3438 184 70 lequel
652 3438 245 55 s'inscrit
915 3441 274 53 l'histoire
1223 3444 68 51 de
1313 3444 162 54 l'Art.
1508 3466 24 28 »
1561 3446 75 52 Et
1669 3447 239 52 l'ardent
1929 3448 314 69 glossateur
2260 3466 54 34 se

315 3513 127 52 hâte
469 3516 67 50 de
591 3516 242 52 rééditer
865 3533 60 35 sa
949 3517 239 53 formule
1223 3521 253 67 préférée
1505 3535 12 38 :
1559 3544 22 26 «
1612 3523 77 51 La
1733 3522 254 53 chanson
2035 3526 96 49 des
2185 3541 127 36 rues

315 3608 148 52 pour
494 3592 50 52 la
569 3592 150 53 foule
752 3593 98 70 qui
884 3611 182 52 passe,
1103 3612 72 36 ou
1209 3596 79 52 les
1313 3597 256 53 derniers
1597 3612 275 57 quatuors
1895 3601 67 52 de
1990 3602 324 51 Beethoven

317 3685 146 50 pour
493 3668 79 52 les
606 3668 301 70 dilettanti,
930 3683 128 40 sont
1084 3672 97 51 des
1208 3688 221 37 œuvres
1456 3674 139 51 d'art
1628 3692 69 36 au
1720 3681 185 47 même
1940 3677 149 66 titre,
2111 3677 60 52 ni
2191 3678 126 69 plus

318 3743 58 52 ni
409 3744 207 66 moins,
661 3765 108 52 que
1296 3748 181 53 Faust
1023 3766 71 35 ou
1954 3749 73 52 les
2175 3749 143 71 Hugu
1611 3770 146 52 pour
1795 3753 79 53 les
1905 3754 304 69 bourgeois
2252 3754 65 51 de

319 3820 217 54 culture
583 3839 283 54 moyenne
911 3839 52 39 et
996 3825 413 69 d'intelligence
1443 3842 290 39 courante.
1782 3852 23 26 »
