2275 3171
786 257 52 25 LE
873 256 146 27 CHANT
1052 256 53 26 ET
1140 256 77 26 LES
1251 248 238 36 MÉTHODES

132 257 74 34 232

128 351 53 40 de
223 351 40 40 la
299 350 268 48 Madeleine,
602 358 99 39 etc.,
743 351 144 51 parmi
904 350 62 40 les
1004 350 254 48 chanteurs,
1303 359 40 31 et
1380 351 40 39 la
1460 351 177 52 plupart
1675 351 77 40 des
1788 351 348 53 physiologistes

130 421 237 40 modernes
379 421 142 50 parmi
543 419 62 40 les
625 419 206 40 hommes
848 419 53 40 de
917 420 186 46 science,
1119 418 323 41 Melchissédec
1455 428 66 32 est
1541 433 112 38 pour
1664 420 39 39 la
1726 419 241 40 révolution
1978 419 156 48 vocale,

129 503 45 26 ce
196 490 74 51 qui
294 502 54 27 ne
362 486 241 54 l'empêche
625 501 80 39 pas
729 488 54 39 de
806 489 253 51 préconiser
1081 488 40 40 la
1145 488 193 40 douceur
1363 497 40 32 et
1427 489 264 40 l'harmonie
1715 488 59 40 du
1796 501 97 27 son.
1918 487 64 40 La
2003 486 130 50 force,

129 557 134 47 dit-il,
290 565 64 32 est
374 570 53 26 en
466 567 181 42 rapport
688 570 103 27 avec
815 557 38 40 le
897 571 137 36 genre
1069 558 53 39 de
1145 558 99 39 voix
1272 557 57 40 du
1369 557 216 40 chanteur
1617 565 40 32 et
1695 570 104 26 avec
1837 570 46 26 sa
1928 558 186 39 constitu-

129 628 91 38 tion
237 640 9 33 ;
272 634 139 43 quant
433 630 20 34 à
479 624 173 52 l'effort,
678 626 29 40 il
731 626 92 40 doit
846 630 90 36 être
975 627 210 51 proscrit;
1214 628 74 49 qui
1318 627 166 51 respire
1507 624 105 42 bien
1652 640 21 24 a
1700 626 207 51 toujours
1932 638 124 26 assez
2086 625 51 40 de

127 693 134 51 force,
288 703 41 31 et
346 694 62 39 les
440 695 291 51 respirations
761 696 217 39 vicieuses
999 703 76 32 ont
1117 695 140 51 perdu
1289 695 101 51 plus
1419 694 53 40 de
1507 696 103 38 voix
1657 706 87 40 que
1790 693 39 40 le
1869 706 273 37 surmenage

127 760 290 43 L'éducation
456 763 54 40 de
526 763 40 40 la
587 765 101 38 voix
726 777 54 27 en
823 772 92 32 tant
952 764 345 51 qu'instrument
1333 762 183 41 n'existe
1550 776 96 38 pas,
1692 775 168 27 avance
1895 774 161 27 encore
2101 762 37 40 le

128 835 173 46 maître,
315 828 274 43 c'est-à-dire
604 831 159 52 qu'elle
784 832 68 39 n'a
872 834 45 37 ni
933 832 38 39 le
992 838 219 33 caractère
1235 832 53 39 de
1304 833 240 50 précision,
1571 830 331 51 degénéralité,
1919 830 44 40 ni
1978 830 39 39 la
2031 829 107 40 base

129 899 141 40 solide
293 908 40 32 et
370 898 279 54 scientifique
689 902 73 51 qui
800 902 220 48 régissent
1053 901 10 39 1
1083 901 130 40 étude
1237 901 76 39 des
1342 909 149 30 autres
1533 901 315 38 instruments.

185 967 125 42 Nous
333 969 242 52 déplorons
594 983 104 26 avec
718 969 37 40 le
779 978 159 31 savant
955 968 254 53 professeur
1230 983 85 37 que
1338 978 110 31 cette
1472 969 130 39 étude
1626 968 53 40 de
1711 968 40 39 la
1790 969 119 45 voix,
1956 967 38 39 la
2041 967 97 51 plus

131 1037 186 40 délicate
333 1037 54 40 de
409 1046 160 39 toutes,
589 1038 264 52 puisqu'elle
877 1047 88 31 met
988 1051 54 26 en
1081 1038 69 51 jeu
1190 1039 389 49 mécaniquement
1602 1045 42 32 et
1667 1038 380 50 expressivement
2078 1035 60 40 les

127 1105 143 41 forces
305 1108 121 38 vives
459 1107 53 39 de
535 1115 125 31 notre
700 1111 106 42 être,
851 1120 54 26 ne
940 1108 85 38 soit
1058 1119 79 38 pas
1173 1106 100 51 plus
1309 1106 295 46 déterminée;
1643 1107 114 38 mais
1793 1118 114 27 nous
1942 1117 197 28 sommes

131 1174 151 51 obligé
314 1175 53 39 de
390 1188 261 38 remarquer
674 1175 105 51 qu'il
820 1174 182 40 n'existe
1040 1188 81 38 pas
1146 1172 298 41 d'instrument
1477 1174 120 39 aussi
1632 1172 175 41 difficile
1850 1177 21 35 à
1912 1178 227 36 connaître

131 1257 83 38 que
239 1244 37 40 la
301 1244 116 47 voix,
440 1243 100 52 plus
564 1243 243 51 complexe,
831 1243 98 52 plus
952 1244 122 39 varié
1095 1244 178 38 suivant
1293 1242 63 40 les
1369 1242 243 40 individus.
1628 1240 63 42 Le
1712 1242 328 52 laryngoscope
2058 1242 61 40 lui-

129 1316 145 36 même
296 1325 113 27 nous
434 1320 173 32 montre
629 1312 102 40 bien
764 1312 38 39 la
827 1312 139 50 glotte
988 1326 54 26 en
1059 1319 303 42 mouvement,
1389 1312 113 38 mais
1525 1324 54 27 ne
1602 1324 114 27 nous
1747 1310 108 40 livre
1877 1324 81 38 pas
1982 1324 158 27 encore

130 1381 39 40 le
190 1386 131 34 secret
336 1380 192 55 multiple
545 1380 78 41 des
640 1380 208 46 muscles,
865 1380 109 41 dont
991 1379 38 41 le
1053 1381 69 51 jeu
1147 1380 76 40 des
1255 1379 261 54 principaux
1554 1379 111 39 seuls
1707 1387 64 32 est
1811 1393 162 26 connu.
2015 1377 125 43 Nous

132 1463 197 28 sommes
352 1463 54 26 en
427 1448 92 41 face
549 1449 105 40 d'un
677 1449 231 52 problème
936 1460 7 24 :
976 1449 29 39 il
1028 1447 93 42 faut
1143 1449 39 40 le
1201 1458 143 43 temps
1366 1448 52 39 de
1443 1448 38 39 le
1502 1448 212 40 résoudre
1757 1447 343 53 complètement
2126 1463 9 33 -,

131 1519 39 39 la
197 1518 152 52 parole
371 1527 65 31 est
468 1533 82 25 aux
587 1519 294 40 anatomistes
905 1526 42 32 et
978 1532 82 25 aux
1086 1517 372 52 physiologistes.

189 1587 216 40 Honneur
427 1587 247 52 cependant
691 1590 21 36 à
738 1600 104 27 ceux
865 1588 75 50 qui
964 1594 76 32 ont
1061 1586 39 39 le
1121 1599 193 36 courage
1341 1586 53 39 de
1437 1593 142 32 tenter
1603 1584 274 41 d'escalader
1910 1586 62 39 les
2016 1590 98 47 aspé-

134 1658 103 37 rités
261 1655 53 39 de
338 1656 38 38 la
401 1655 154 50 glotte,
581 1669 54 26 au
661 1656 150 51 risque
834 1655 53 39 de
910 1668 45 26 se
989 1668 149 26 casser
1161 1654 62 40 les
1261 1654 154 40 cordes
1438 1654 174 40 vocales
1636 1668 55 26 en
1714 1654 215 52 prêchant
1949 1654 111 40 dans
2103 1654 38 39 le

131 1724 161 43 désert,
312 1723 123 40 hélas
456 1726 6 37 !
489 1722 115 40 Mais
637 1721 256 42 n'oublions
920 1736 79 38 pas
1033 1736 84 38 que
1147 1723 40 39 la
1220 1731 172 31 montre
1413 1722 39 40 la
1490 1723 99 51 plus
1613 1722 330 52 perfectionnée
1978 1731 65 31 est
2081 1737 58 25 un

131 1794 269 38 instrument
420 1793 198 49 grossier
642 1797 160 47 auprès
817 1792 58 40 du
899 1794 273 38 mécanisme
1191 1791 222 51 glottique
1435 1792 75 50 qui
1534 1800 65 31 est
1623 1800 328 32 constamment
1974 1789 163 48 vivifié,

134 1863 112 38 mais
268 1862 121 39 aussi
413 1858 183 43 modifié
618 1875 78 37 par
716 1861 39 39 le
791 1868 186 32 courant
999 1859 122 41 vital.
1147 1859 70 40 Du
1245 1868 137 39 reste,
1409 1860 104 40 c'est
1533 1874 86 26 une
1644 1861 151 39 raison
1830 1861 53 39 de
1906 1860 100 52 plus
2030 1873 112 39 pour

132 1929 209 40 chercher
381 1933 20 36 à
445 1933 203 48 pénétrer
698 1945 59 24 un
813 1928 214 43 véritable
1079 1934 195 46 mystère
1314 1928 101 53 plus
1451 1930 300 50 passionnant
1784 1942 86 38 que
1906 1928 233 52 beaucoup

133 1998 210 40 d'autres.

1371 2130 114 39 ALIX
1506 2129 410 40 LENOEL-ZEVORT.
