2278 3751
828 190 52 26 LA
913 190 206 33 MUSIQUE
1153 191 52 26 ET
1239 192 52 25 LA
1324 191 138 26 MAGIE

2078 191 77 37 233

465 325 283 42 Folklore.
865 327 80 42 La
968 327 273 52 musique
1274 327 55 40 et
1352 326 55 42 la
1437 325 191 55 magie

1659 324 160 55 {suite).

978 449 80 40 Les
1089 448 221 40 sorcières.

187 536 89 44 Sur
299 540 40 40 la
380 542 210 52 musique
629 542 77 39 des
731 543 231 49 sorcières,
990 543 28 39 il
1041 555 114 28 nous
1174 541 149 41 suffira
1364 542 54 40 de
1454 542 219 52 quelques
1692 542 157 41 brèves
1875 554 278 40 remarques.

131 607 71 42 On
226 611 85 38 sait
335 623 86 39 que
444 610 63 41 les
530 611 272 52 principales
826 611 291 40 distractions
1140 611 78 40 des
1262 612 231 49 sorcières,
1515 611 113 40 dans
1663 611 120 41 leurs
1801 613 231 47 réunions,
2053 618 102 33 sont

129 677 39 40 la
195 679 209 52 musique
425 688 41 31 et
487 680 39 39 la
548 681 157 39 danse.
731 678 69 42 En
823 679 284 52 Allemagne,
1129 680 61 39 les
1214 680 101 52 plus
1357 680 196 49 grandes
1580 681 275 40 assemblées
1875 681 54 40 de
1943 694 71 27 ces
2038 684 95 36 créa-

129 756 120 31 tures
273 748 53 40 de
350 750 205 39 mauvais
578 762 155 27 renom
764 759 76 31 ont
861 749 88 40 lieu
971 749 40 40 la
1032 750 97 39 nuit
1167 749 60 40 du
1256 763 11 26 lerI
1277 754 34 16 er
1334 750 89 38 mai
1463 750 16 48 (
1492 748 276 55 Walpurgis)
1795 750 74 49 ;le
1889 749 89 40 lieu
2013 748 143 41 favori

127 816 54 40 de
201 816 119 41 leurs
363 817 388 41 divertissements
776 827 64 31 est
877 818 40 40 le
959 827 194 31 sommet
1186 818 54 40 de
1261 817 40 40 la
1322 817 159 40 chaîne
1502 818 59 40 du
1587 817 132 49 Harz,
1742 831 86 38 que
1848 818 88 41 l'on
1971 831 183 27 nomme

127 884 197 42 Brocken
362 900 55 27 ou
439 886 266 55 Blosksberg
713 918 7 8 .
759 885 87 42 Les
872 888 147 50 sièges
1042 887 78 40 des
1145 888 177 39 artistes
1347 895 101 31 sont
1471 887 54 39 de
1547 888 130 39 vieux
1698 895 149 32 troncs
1871 886 201 42 d'arbres
2098 900 58 27 ou

132 955 78 40 des
231 969 97 27 rocs
351 961 229 48 escarpés;
618 956 119 41 leurs
757 956 179 41 violons
961 965 101 32 sont
1080 955 105 41 faits
1210 969 104 27 avec
1338 956 77 40 des
1437 959 156 37 crânes
1614 956 54 40 de
1687 956 214 40 chevaux.

187 1023 163 54 Quand
376 1039 57 27 on
455 1035 104 32 veut
583 1027 183 39 assister
788 1030 21 36 à
836 1039 46 27 ce
915 1026 221 52 spectacle
1155 1025 250 44 d'horreur,
1432 1025 29 40 il
1486 1024 95 41 faut
1616 1026 124 39 avoir
1761 1039 105 26 avec
1890 1027 65 38 soi
1980 1025 40 40 le
2053 1038 77 27 cou-

131 1095 144 40 vercle
298 1095 105 40 d'un
426 1097 131 39 vieux
579 1096 187 40 cercueil
793 1110 9 34 ;
826 1109 55 27 on
908 1110 22 26 a
949 1095 79 41 fait
1053 1104 151 33 sauter
1228 1110 59 25 un
1309 1095 136 40 nœud
1470 1095 59 40 du
1562 1094 116 51 bois,
1702 1103 41 32 et
1763 1092 102 43 c'est
1886 1109 80 38 par
1986 1095 39 40 le
2048 1103 100 32 trou

134 1165 115 39 ainsi
267 1163 77 41 fait
367 1165 106 52 qu'il
501 1164 92 42 faut
615 1166 227 50 regarder.

668 1286 59 40 Le
752 1300 19 24 «
799 1286 287 55 Chaiigeling
1109 1300 19 25 »
1163 1285 198 55 {l'enfant
1393 1286 202 55 changé).

185 1378 185 53 D'après
407 1393 87 27 une
535 1380 148 40 vieille
720 1381 214 39 tradition
978 1383 358 50 superstitieuse,
1376 1382 395 40 universellement
1815 1383 231 52 répandue
2097 1398 55 26 au

132 1462 162 38 moyen
318 1452 99 47 âge,
445 1449 28 39 il
498 1451 144 39 arrive
667 1448 283 54 quelquefois
976 1464 85 38 que
1082 1450 63 40 les
1169 1449 91 41 fées
1282 1449 218 42 dérobent
1524 1465 55 25 au
1604 1450 191 41 berceau
1821 1466 56 25 un
1902 1451 71 40 bel
1998 1451 154 42 enfant

130 1523 294 35 nouveau-né
438 1526 40 32 et
497 1518 61 41 lui
582 1519 274 40 substituent
869 1534 58 25 un
951 1519 78 40 des
1044 1519 134 48 leurs,
1194 1519 87 40 laid
1306 1529 41 30 et
1369 1518 221 41 difforme.
1611 1518 63 41 Le
1687 1521 105 51 petit
1810 1520 189 52 prodige
2018 1521 114 40 irlan-

130 1587 97 39 dais
267 1589 75 50 qui
365 1586 67 41 fut
456 1587 39 41 le
518 1588 133 40 héros
670 1587 133 41 d'une
827 1597 214 32 aventure
1066 1589 168 40 arrivée
1254 1588 113 41 dans
1385 1588 38 41 le
1447 1592 145 37 comté
1611 1589 53 39 de
1684 1587 251 55 Tipperary
1968 1591 106 40 était
2095 1605 58 26 un

130 1655 53 40 de
205 1669 70 27 ces
313 1655 322 54 Changelings.
665 1655 93 43 Son
792 1657 187 40 histoire
1002 1666 82 42 est,
1110 1671 57 26 on
1192 1657 38 40 le
1260 1671 146 36 verra,
1430 1658 249 52 empreinte
1716 1658 53 40 de
1796 1667 111 32 cette
1945 1657 209 43 fantaisie

130 1733 94 32 tout
245 1733 320 43 extravagante
602 1727 76 51 qui
710 1735 67 31 est
800 1726 39 39 le
863 1732 222 34 caractère
1123 1726 184 51 général
1331 1726 76 40 des
1432 1736 153 30 contes
1609 1727 52 39 de
1689 1726 90 41 fées
1804 1727 233 41 irlandais.

186 1793 121 41 Mick
331 1794 224 51 Flanigari
574 1803 42 31 et
637 1808 46 27 sa
701 1794 180 49 femme,
915 1795 132 54 Judy,
1074 1797 166 39 étaient
1261 1810 60 26 un
1343 1809 169 39 pauvre
1534 1801 194 45 ménage
1751 1798 77 50 qui
1851 1794 165 44 n'avait
2040 1811 113 38 pour

136 1871 94 32 tout
249 1862 206 42 bonheur
488 1877 86 39 que
599 1872 158 44 quatre
792 1866 134 50 petits
948 1863 194 42 enfants.
1180 1864 132 40 Trois
1331 1865 78 39 des
1434 1864 177 41 enfants
1635 1866 165 39 étaient
1825 1867 121 39 aussi
1970 1865 110 41 forts
2110 1875 42 32 et

132 1933 177 39 avaient
332 1933 64 40 les
419 1933 125 52 joues
568 1934 122 39 aussi
715 1946 123 27 roses
880 1947 87 38 que
1005 1942 102 31 tous
1147 1933 64 40 les
1247 1932 177 41 enfants
1461 1933 54 40 de
1555 1933 145 40 riches
1722 1948 85 38 que
1829 1947 113 28 vous
1964 1949 188 38 pourrez

132 2010 178 31 trouver
341 2015 54 26 en
419 2000 200 50 Irlande;
656 2003 113 38 mais
795 2002 38 40 le
856 2002 177 40 dernier
1050 2003 106 39 était
1179 2001 132 41 d'une
1334 2002 174 40 laideur
1531 2003 244 51 dépassant
1799 2003 350 51 l'imagination,

131 2078 55 37 et,
210 2083 114 38 pour
342 2069 177 41 comble
539 2070 53 40 de
614 2070 221 48 malheur,
858 2071 30 39 il
908 2072 117 39 avait
1046 2079 155 32 autant
1219 2071 53 40 de
1294 2071 287 40 méchanceté
1602 2085 87 38 que
1712 2072 54 40 de
1790 2072 188 40 laideur.
2004 2071 73 42 On
2098 2086 54 27 ne

129 2140 183 50 pouvait
333 2147 199 44 compter
551 2139 63 40 les
638 2147 125 33 tours
790 2139 106 53 qu'il
919 2140 141 52 jouait
1085 2144 21 35 à
1132 2153 69 26 ses
1227 2138 138 42 frères
1385 2148 42 32 et
1450 2144 146 36 même
1626 2145 22 35 à
1677 2154 70 26 ses
1771 2151 197 42 parents.
1991 2140 135 42 Possé-

128 2207 107 40 dant
265 2216 133 32 avant
422 2208 116 50 l'âge
560 2208 54 40 de
637 2208 143 41 douze
804 2210 115 39 mois
943 2222 87 28 une
1053 2208 272 41 formidable
1358 2208 236 42 collection
1619 2209 54 41 de
1696 2210 146 50 dents,
1866 2210 26 40 il
1920 2213 231 48 mangeait

129 2290 179 26 comme
339 2292 58 24 un
421 2277 216 50 glouton:
665 2291 46 27 ce
736 2280 77 50 qui
837 2292 55 26 ne
913 2276 282 54 l'empêchait
1213 2292 79 38 pas
1313 2278 54 40 de
1390 2278 176 41 vouloir
1589 2287 139 32 rester
1750 2280 402 51 perpétuellement

128 2346 112 38 dans
264 2358 82 28 son
364 2344 207 52 berceau,
591 2351 164 48 auprès
774 2346 60 41 du
851 2346 87 52 feu,
955 2355 42 32 et
1017 2346 91 41 cela
1127 2350 145 37 même
1290 2353 129 47 après
1444 2346 106 54 qu'il
1569 2356 73 31 eut
1664 2349 156 40 atteint
1841 2361 69 28 ses
1933 2350 99 51 cinq
2054 2362 95 27 ans.

132 2413 122 42 C'est
276 2414 107 53 qu'il
405 2415 185 51 voulait,
616 2415 169 42 couché
805 2429 75 28 sur
901 2416 38 40 le
959 2416 81 41 dos
1058 2424 40 33 et
1119 2415 191 42 fermant
1333 2420 21 36 à
1373 2417 155 40 moitié
1548 2430 70 27 ses
1638 2418 133 51 petits
1787 2431 129 39 yeux,
1941 2417 212 42 observer

131 2492 94 31 tout
256 2497 46 26 ce
326 2485 76 50 qui
427 2485 163 40 entrait
622 2484 112 41 dans
759 2485 40 40 la
825 2485 109 40 salle
960 2493 42 32 et
1024 2493 176 42 guetter
1223 2485 39 40 le
1286 2493 202 33 moment
1511 2486 53 40 de
1588 2494 279 33 tourmenter
1886 2487 63 40 les
1978 2500 130 37 gens.

184 2551 97 42 Une
305 2553 280 52 après-midi,
640 2554 30 39 il
696 2555 142 39 arriva
880 2568 86 39 que
1002 2553 101 41 Tim
1125 2553 159 41 Carrol
1323 2553 238 52 l'aveugle,
1597 2556 160 52 joueur
1793 2556 53 40 de
1887 2569 263 28 cornemuse

126 2620 221 56 (bag-pipe
355 2622 9 52 )
405 2631 42 31 et
491 2622 103 40 vieil
621 2624 87 38 ami
732 2623 54 40 de
828 2623 40 40 la
903 2624 193 47 maison,
1142 2637 175 27 comme
1361 2637 57 27 on
1439 2624 11 40 1
1470 2625 174 39 invitait
1667 2629 21 35 à
1728 2623 110 42 faire
1874 2640 61 25 un
1957 2624 111 42 bout
2097 2626 54 40 de

127 2700 213 37 causette,
362 2701 124 31 entra
505 2700 41 32 et
567 2691 149 42 s'assit
739 2698 101 46 près
864 2693 59 40 du
947 2692 88 42 feu.
1062 2692 192 41 Comme
1296 2693 27 40 il
1350 2694 118 40 avait
1501 2707 104 27 avec
1626 2693 61 41 lui
1712 2707 81 27 son
1818 2693 235 54 bag-pipe,
2079 2708 71 27 ses

127 2760 128 40 hôtes
278 2760 40 39 le
338 2762 194 50 prièrent
556 2761 53 40 de
634 2761 63 40 les
722 2761 174 51 régaler
927 2760 105 42 d'un
1065 2775 227 34 morceau,
1318 2770 41 32 et
1399 2761 100 40 Tim
1524 2761 158 41 Carrol
1707 2760 236 53 l'aveugle,
1962 2777 47 26 se
2037 2763 85 41 bou-

126 2828 119 41 clant
265 2841 82 28 son
365 2828 216 53 bag-pipe
605 2838 162 32 autour
788 2831 59 39 du
872 2844 142 39 corps,
1033 2845 260 36 commença
1319 2835 21 36 à
1362 2831 141 52 jouer.

184 2896 36 40 A
245 2911 47 26 ce
313 2906 200 32 moment
534 2898 38 39 le
595 2900 109 50 petit
727 2908 217 40 monstre,
971 2913 46 27 se
1039 2900 207 40 dressant
1278 2901 112 39 dans
1427 2913 83 27 son
1533 2899 206 49 berceau,
1766 2902 191 40 remuait
1980 2901 54 41 de
2052 2910 99 33 tous

127 2969 120 38 côtés
270 2980 47 27 sa
341 2967 167 40 vilaine
531 2971 101 44 tête,
659 2981 105 27 avec
788 2968 63 40 les
872 2969 153 50 signes
1062 2968 64 40 les
1164 2969 102 52 plus
1305 2969 202 40 évidents
1531 2968 110 41 delà
1667 2969 172 51 grande
1870 2970 87 53 joie
1980 2985 87 38 que
2088 2971 62 41 lui

125 3038 172 38 causait
320 3051 46 25 ce
391 3050 81 27 son
497 3036 233 42 nasillard.
752 3036 180 54 Voyant
968 3035 189 44 l'ardeur
1190 3052 105 27 avec
1314 3038 195 52 laquelle
1532 3038 185 42 l'enfant
1748 3040 167 41 tendait
1940 3054 70 27 ses
2039 3041 113 41 deux

126 3108 147 38 mains
294 3120 99 26 vers
418 3106 39 40 le
471 3105 232 54 bag-pipe,
731 3120 48 27 sa
804 3106 147 42 bonne
969 3113 121 35 mère
1113 3109 95 52 pria
1234 3108 39 40 le
1295 3107 103 41 vieil
1419 3108 188 51 aveugle
1630 3107 102 42 Tim
1754 3108 158 42 Carrol
1936 3110 56 40 de
2023 3110 129 41 céder

124 3174 112 52 (rien
261 3173 136 55 qu'un
421 3174 218 55 moment)
661 3175 73 41 àla
759 3175 208 42 fantaisie
990 3177 54 40 de
1067 3191 80 26 son
1166 3179 108 51 petit
1295 3176 235 50 chérubin,
1555 3186 40 32 et
1613 3191 175 28 comme
1804 3176 219 53 l'aveugle
2049 3179 101 41 Tim

124 3244 152 41 n'était
295 3245 319 52 pashomme.à
636 3245 98 41 dire
752 3259 19 24 «
797 3244 101 43 Non
915 3259 38 35 »,
978 3247 29 40 il
1028 3260 109 39 posa
1162 3247 266 40 doucement
1448 3260 81 27 son
1554 3246 308 55 bag-pipesur
1886 3248 39 40 le
1942 3247 207 42 berceau.

125 3311 116 53 Quel
261 3313 65 42 fut
351 3314 96 40 leur
478 3318 292 37 étonnement
790 3319 22 36 à
839 3323 101 33 tous
966 3316 151 53 quand
1139 3316 40 40 le
1202 3317 108 52 petit
1331 3325 216 38 monstre,
1572 3326 133 43 ayant
1733 3318 90 51 pris
1848 3315 304 43 l'instrument

124 3389 42 32 et
190 3382 38 39 le
252 3384 201 39 maniant
470 3396 54 27 en
539 3383 157 53 joueur
726 3389 277 44 consommé,
1031 3398 46 26 se
1097 3386 80 39 mit
1199 3389 21 36 à
1242 3386 141 52 jouer,
1411 3394 40 32 et
1475 3386 92 40 cela
1593 3399 106 27 sans
1719 3386 39 40 le
1779 3387 206 39 moindre
2004 3386 145 48 effort,

125 3449 184 42 d'abord
334 3466 87 27 une
440 3454 138 50 gigue
603 3454 190 47 animée,
816 3455 101 50 puis
937 3468 87 28 une
1048 3463 124 33 autre
1197 3455 100 53 plus
1326 3457 98 39 vive
1445 3469 174 35 encore,
1642 3458 101 51 puis
1760 3457 225 53 plusieurs
2004 3464 146 32 autres

126 3523 21 37 à
174 3520 38 40 la
232 3518 73 42 file
332 3523 7 37 !
