2278 3751
142 174 77 37 228

749 185 195 27 OEUVRES
979 179 275 34 RÉCEMMENT
1287 179 254 35 EXÉCUTÉES

144 278 179 40 charmé
348 287 8 28 :
379 276 29 39 il
449 289 22 25 a
503 277 192 47 regretté
727 273 52 40 de
814 272 121 42 l'être
970 274 376 43 insuffisamment
1385 291 54 26 en
1481 281 209 37 écoutant
1726 273 183 44 l'œuvre
1950 275 54 40 de
2045 275 113 40 deux

141 346 169 51 grands
334 345 193 47 artistes,
551 340 115 41 MM.
689 341 116 41 Paul
825 351 41 32 et
889 343 170 42 Lucien
1083 343 318 48 Hillemacher,
1423 350 220 48 peut-être
1665 346 202 40 victimes
1891 345 54 40 de
1964 345 39 39 la
2025 345 132 40 mode

141 416 59 39 du
235 415 100 51 jour
356 421 42 32 et
421 412 54 40 de
508 409 332 52 l'imagination
865 420 96 45 trop
991 414 360 51 parcimonieuse
1378 414 53 40 de
1455 414 96 41 leur
1574 413 331 43 collaborateur
1927 414 226 40 littéraire.

198 482 127 40 Cette
346 481 189 50 légende
556 479 209 53 d'Ulysse
789 494 21 26 a
836 485 67 36 été
928 491 189 31 souvent
1149 484 110 39 mise
1285 483 82 40 àla
1391 489 144 35 scène.
1570 482 51 57 Je
1638 484 167 47 citerai,
1851 495 115 39 pour
1999 482 40 40 le
2062 482 96 40 seul

142 551 185 53 épisode
351 550 148 40 relatif
518 553 22 36 à
565 548 129 41 Circé
721 561 8 27 :
752 549 39 40 la
819 551 200 49 tragédie
1040 550 174 54 lyrique
1228 552 54 40 de
1305 551 243 51 Corneille,
1576 566 104 27 avec
1703 553 208 51 musique
1936 551 53 41 de
2014 550 144 40 Marc-

143 621 102 39 Ant.
273 620 299 52 Charpentier
602 616 72 54 (17
701 632 119 26 mars
862 619 140 53 1675),
1044 622 100 50 puis
1181 621 53 40 de
1275 620 127 42 Visée
1426 620 143 54 (1690)
1608 629 41 32 et
1685 621 55 40 de
1764 620 172 41 Claude
1978 618 180 43 Gilliers

144 688 146 53 (1703,
316 703 75 26 sur
414 703 61 26 un
499 696 113 32 texte
656 689 198 39 remanié
878 702 80 38 par
987 687 246 54 Dancourt)
1257 701 11 40 ;
1294 690 38 40 la
1362 689 139 49 CYrcé,
1545 690 143 51 grand
1721 694 135 48 opéra
1880 703 54 27 en
1973 702 15 39 5
2022 698 134 42 actes,

142 759 54 39 de
221 757 138 41 Henri
384 757 258 41 Desmarets
665 756 165 49 (Paris,
878 771 12 26 l
902 762 33 21 er
958 757 181 41 octobre
1167 757 137 54 1694),
1341 773 76 26 sur
1449 774 59 25 un
1543 767 113 33 texte
1694 759 54 40 de
1786 758 46 41 M
1837 763 49 18 me
1924 757 139 42 Gillot
2105 759 53 39 de

142 825 253 52 Saintonge
417 838 9 34 ;
453 826 133 41 celles
612 825 54 40 de
682 825 240 42 Bannister
943 825 238 54 (Londres,
1214 826 135 54 1677),
1373 828 54 40 de
1466 828 181 40 Freschi
1689 827 202 50 (Venise,
1922 827 138 53 1679),
2104 827 53 40 de

143 894 236 43 Cimarosa
399 894 181 51 (Rome,
608 908 119 39 1779,
753 903 42 32 et
826 893 156 51 Milan,
1016 897 136 50 1783),
1195 896 115 40 Paer
1347 894 199 55 (Venise,
1597 896 158 52 1791);
1779 896 38 40 la
1861 895 123 41 Circé
2026 896 106 39 aban-

144 966 165 39 donnée
329 965 53 40 de
405 964 246 40 Pollarollo
676 963 199 50 (Parme,
907 967 119 49 1692,
1058 973 41 32 et
1137 964 181 51 Venise,
1367 964 121 54 1697)
1514 976 7 36 ;
1549 965 57 39 les
1643 966 189 38 Amours
1873 966 45 38 de
1959 963 122 42 Circé
2123 970 35 34 et

144 1032 195 53 d'Ulysse
345 1065 10 16 ,
374 1033 54 40 de
450 1032 141 41 Badia
614 1032 202 50 (Dresde,
850 1034 124 50 1709)
999 1046 9 35 ;
1037 1031 123 41 Circé
1198 1037 185 51 trompée
1388 1065 10 16 ,
1421 1034 53 40 de
1507 1033 239 41 Boniventi
1768 1032 202 51 (Venise,
2000 1030 120 55 1711)
2146 1047 9 34 ;

147 1101 123 40 Circé
292 1108 36 33 et
354 1101 148 51 Ulysse
509 1134 8 18 ,
537 1101 54 40 de
611 1099 53 42 G.
689 1100 194 41 Astarita
907 1099 204 54 (Naples,
1143 1101 139 54 1777),
1304 1110 41 32 et
1372 1101 222 41 Albertini
1619 1101 303 53 (Hambourg,
1950 1101 143 53 1785);
2118 1101 40 40 la

141 1169 281 54 Magicienne
459 1168 123 41 Circé
589 1202 8 17 ,
635 1167 229 42 d'Anfossi
903 1168 180 53 (Rome,
1155 1169 121 53 1788)
1302 1180 8 38 ;
1339 1170 150 52 Ulysse
1536 1170 96 41 chez
1672 1169 123 42 Circé
1802 1204 8 15 ,
1858 1171 54 40 de
1944 1169 213 42 Marcello

142 1239 186 40 Perrino
351 1237 204 54 (Naples,
580 1238 137 52 1805),
741 1237 165 53 l'opéra
942 1238 54 41 de
1020 1237 44 41 B.
1089 1238 231 51 Romberg
1349 1240 162 52 (même
1536 1241 113 48 titre,
1676 1239 167 49 Berlin,
1874 1238 137 54 1807),
2037 1248 119 31 etc.,.

142 1307 63 41 Le
228 1307 144 40 Ballet
405 1308 50 39 de
489 1306 187 48 lareine,
699 1307 103 52 joué
821 1320 54 27 en
904 1310 119 49 1581,
1050 1321 108 27 sous
1179 1307 138 41 Henri
1343 1308 72 51 111,
1442 1310 106 40 était
1571 1314 251 48 emprunté,
1849 1322 113 40 pour
1985 1308 39 40 le
2047 1307 108 41 fond

143 1376 58 40 du
226 1377 130 52 sujet,
383 1380 22 36 à
426 1376 39 40 la
487 1380 146 36 même
657 1388 174 28 source.

200 1445 123 41 Dans
348 1458 171 28 aucune
540 1445 54 39 de
617 1458 70 27 ces
709 1458 193 38 œuvres,
925 1458 58 28 on
1005 1458 54 27 ne
1084 1453 154 33 trouve
1261 1446 40 40 le
1334 1448 124 38 souci
1492 1447 53 40 de
1568 1446 174 41 donner
1772 1460 55 27 en
1866 1448 210 51 musique
2098 1462 60 25 un

143 1515 257 51 équivalent
422 1518 21 36 à
469 1514 39 40 la
530 1515 152 51 poésie
703 1511 241 43 d'Homère
965 1529 8 25 :
1011 1528 87 26 une
1118 1514 185 52 pareille
1324 1515 126 40 tâche
1471 1524 66 31 est
1560 1515 103 40 bien
1684 1516 259 40 séduisante
1963 1529 114 39 pour
2099 1531 59 24 un

142 1583 306 51 compositeur
471 1583 170 39 aimant
661 1582 63 40 les
749 1583 236 39 tentatives
1009 1582 246 50 originales
1281 1586 6 37 !

1324 1581 74 56 J.
1435 1581 73 56 C.

197 1694 65 41 LA
282 1700 204 35 LÉGENDE
510 1708 59 27 DU
591 1708 132 28 POINT
747 1693 300 53 D'ARGENTAN,
1073 1701 129 34 PIÈGE
1227 1710 55 27 EN
1324 1710 57 26 UN
1413 1710 110 26 ACTE
1562 1711 58 25 DE
1655 1696 114 41 MM.
1801 1696 113 42 CAIN
1947 1712 52 25 ET
2034 1693 110 53 BERNÈDE,

142 1693 288 42 MUSIQUE
471 1693 82 42 DE
594 1693 82 42 M.
717 1693 206 42 FÉLIX
964 1693 371 42 FOURDRAIN
1376 1693 41 42 A
1458 1693 700 42 L'OPÉRA-COMIQUE).

1678 1788 51 5 —
1754 1764 73 42 On
1869 1767 84 39 sait
1989 1780 87 38 que
2118 1767 38 39 le

141 1835 125 51 point
286 1831 278 52 d'Argentan
583 1841 66 32 est
670 1846 87 27 une
797 1834 198 39 manière
1016 1833 53 40 de
1093 1833 192 41 dentelle
1330 1839 88 35 très
1461 1835 249 52 artistique.
1754 1833 64 41 Le
1860 1843 139 32 secret
2033 1835 53 40 de
2110 1848 47 27 ce

144 1919 18 19 «
187 1905 125 47 point
336 1915 20 25 »
381 1910 65 33 est
470 1901 156 53 perdu.
651 1900 97 42 Une
772 1900 163 41 femme
955 1901 58 40 du
1038 1902 175 52 peuple,
1239 1916 182 38 pauvre,
1446 1916 104 27 avec
1585 1918 61 25 un
1685 1901 70 42 fils
1797 1903 194 45 malade,
2027 1905 129 51 peine

142 1985 54 27 en
218 1973 104 38 vain
346 1984 76 27 sur
445 1984 81 27 son
546 1971 155 39 métier
724 1983 113 39 pour
856 1971 39 40 le
913 1979 244 32 retrouver.
1183 1970 207 42 Pendant
1413 1985 82 27 son
1514 1972 174 49 travail,
1710 1972 84 40 elle
1814 1973 212 40 accueille
2049 1974 81 39 cha-

146 2039 286 41 ritablement
452 2053 87 27 une
562 2039 275 49 mendiante,
861 2061 52 6 —
939 2039 209 52 laquelle,
1171 2053 174 27 comme
1378 2042 353 48 remerciement,
1766 2041 181 40 adresse
1978 2056 56 26 au
2076 2043 80 40 ciel

142 2122 87 28 une
253 2109 183 40 ardente
459 2110 157 51 prière.
644 2107 220 49 Aussitôt,
887 2108 63 40 les
976 2122 139 37 anges
1137 2110 267 51 paraissent,
1429 2119 57 38 et,
1510 2110 148 40 tandis
1673 2123 86 39 que
1781 2109 235 42 l'ouvrière
2039 2112 116 50 dort,

139 2180 180 50 épuisée
342 2178 54 40 de
418 2176 186 52 fatigue,
624 2177 54 40 ils
695 2179 319 39 reconstituent
1034 2182 291 44 eux-mêmes,
1348 2192 54 26 en
1427 2187 186 32 cousant
1635 2181 268 49 gentiment,
1929 2180 38 40 le
1990 2193 20 25 «
2032 2181 124 51 point

139 2245 279 53 d'Argentan
446 2259 38 27 ».
512 2269 52 5 —
586 2245 64 41 Ce
673 2259 188 27 canevas
887 2260 54 27 ne
960 2249 222 39 constitue
1204 2260 80 39 pas
1305 2261 61 27 un
1389 2247 171 51 drame,
1588 2251 21 36 à
1635 2249 131 51 peine
1789 2261 88 27 une
1915 2260 19 27 «
1974 2250 122 51 pièce
2117 2261 38 34 »,

141 2317 113 38 mais
278 2331 60 25 un
361 2315 161 53 simple
545 2315 196 50 tableau,
776 2329 61 26 un
859 2329 84 39 peu
968 2320 193 43 écourté,
1187 2315 227 51 agréable,
1441 2317 287 40 sentimental
1749 2326 41 31 et
1814 2317 210 50 honnête,
2052 2331 105 26 sans

141 2390 125 35 excès
284 2383 356 51 d'imagination.
665 2383 32 40 Il
720 2397 54 26 en
797 2392 66 32 est
885 2385 55 39 de
959 2388 145 36 même
1133 2397 113 39 pour
1265 2385 40 40 la
1329 2387 209 50 musique
1561 2385 54 40 de
1637 2384 63 41 M.
1724 2385 121 40 Félix
1869 2386 251 41 Fourdrain
2147 2402 6 25 :

142 2451 103 42 c'est
265 2468 59 25 un
349 2453 157 40 travail
527 2453 253 49 intelligent
800 2461 40 32 et
863 2452 266 51 honorable,
1156 2459 57 34 où
1247 2454 94 39 rien
1363 2451 111 43 n'est
1502 2458 166 47 poussé
1696 2453 175 54 jusqu'à
1909 2455 38 40 la
1989 2456 168 49 grande

143 2524 200 38 émotion
365 2530 42 32 et
431 2526 20 35 à
477 2521 40 40 la
538 2521 184 41 couleur
745 2526 87 35 très
857 2521 236 51 originale.
1119 2520 120 42 C'est
1256 2522 115 53 juste
1397 2531 40 32 et
1468 2522 177 51 discret,
1691 2536 104 27 avec
1832 2522 172 42 d'assez
2032 2524 125 53 jolies

143 2590 222 42 ébauches
386 2590 54 40 de
463 2589 180 41 fileuses
664 2598 41 32 et
726 2590 53 40 de
801 2589 253 49 berceuses,
1078 2590 218 52 quelques
1321 2590 83 41 soli
1440 2590 54 40 de
1531 2591 153 41 violon
1716 2600 41 32 et
1786 2592 53 40 de
1873 2593 283 48 violoncelle,

144 2674 88 27 une
252 2660 327 40 orchestration
604 2664 87 36 très
712 2672 123 38 sage,
862 2668 41 32 et
922 2660 226 52 plusieurs
1167 2673 139 39 pages
1338 2660 195 40 adroites
1571 2662 71 51 qui
1677 2660 224 42 semblent
1938 2663 218 51 inspirées

143 2729 54 40 de
219 2729 39 40 la
286 2742 20 26 «
329 2729 268 40 Méditation
613 2729 55 40 de
689 2728 140 41 Thaïs
849 2741 38 28 ».
915 2727 63 43 Ce
999 2726 112 43 n'est
1143 2742 81 39 pas
1263 2742 157 27 encore
1446 2729 59 40 du
1543 2730 127 52 point
1704 2729 279 52 d'Argentan
2018 2733 139 39 musi-

147 2799 82 39 cal.

329 2797 65 40 M.

201 2912 167 40 PIÈCES
393 2925 121 28 POUR
535 2925 220 28 CLAVECIN
782 2926 56 26 DE
857 2911 259 41 DANDRIEU.
1234 2910 128 42 Nous
1386 2914 270 39 continuons
1675 2916 21 36 à
1722 2913 173 41 donner
1917 2914 63 40 les
2015 2916 145 52 pièces

147 2981 284 41 charmantes
451 2981 53 41 de
524 2980 244 48 Dandricu,
794 2980 109 43 dont
927 2980 360 53 quelques-unes
1322 2979 95 42 font
1456 2994 167 38 songer
1649 2985 21 36 à
1701 2980 173 43 Mozart
1887 2992 42 32 et
1961 2987 22 36 à
2019 2983 135 41 Bach.

147 3049 63 41 Le
231 3051 192 51 pianiste
445 3051 353 51 inexpérimenté
815 3063 96 28 sera
936 3064 60 26 un
1020 3063 85 39 peu
1129 3049 185 40 dérouté
1342 3063 80 38 par
1460 3049 63 40 les
1562 3048 229 54 fréquents
1834 3051 323 52 changements

147 3119 53 40 de
221 3119 87 40 clés
327 3133 8 34 ;
359 3121 115 38 mais
493 3119 31 40 il
542 3133 133 27 saura
701 3117 136 54 qu'on
857 3118 115 41 n'est
988 3133 61 26 un
1069 3119 220 39 musicien
1313 3119 172 39 sérieux
1510 3131 86 39 que
1619 3120 154 51 quand
1793 3133 57 28 on
1874 3121 49 41 lit
1948 3135 103 27 avec
2068 3135 87 28 une

148 3190 178 39 aisance
350 3187 128 51 égale
507 3188 112 40 dans
638 3196 144 33 toutes
815 3188 64 40 les
921 3188 89 40 clés
1039 3188 138 40 usités
1197 3202 8 25 :
1245 3194 42 33 et
1323 3184 68 43 s'il
1427 3187 101 52 joue
1557 3197 321 33 correctement
1920 3190 63 40 les
2014 3193 143 51 pièces

149 3271 84 39 que
250 3270 115 27 nous
387 3257 209 40 donnons
616 3257 112 39 dans
752 3265 126 31 notre
902 3256 300 53 supplément,
1224 3256 31 39 il
1275 3264 105 44 peut
1424 3269 46 27 se
1503 3258 257 40 considérer
1793 3272 175 28 comme
2011 3269 101 44 apte
2135 3265 21 35 à

148 3327 125 42 subir
293 3326 237 52 n'importe
554 3326 146 52 quelle
723 3331 191 47 épreuve
944 3339 57 27 ou
1024 3338 186 28 examen
1235 3338 73 27 sur
1335 3325 39 41 la
1400 3328 273 48 grammaire
1699 3328 56 40 du
1782 3330 150 50 piano.

202 3455 158 40 DOUZE
393 3459 155 36 PIÈCES
599 3467 276 28 ENFANTINES
915 3465 121 28 POUR
1076 3465 149 37 PIANO,
1274 3466 86 26 PAR
1397 3451 593 46 BOURGAULT-DUCOUDRAY
2030 3455 126 53 (CHEZ

146 3523 179 50 ENOCH,
352 3536 15 40 5
400 3524 115 52 FR.).
615 3522 145 49 Voici,
787 3536 104 28 avec
911 3523 53 40 de
982 3527 87 36 très
1094 3521 128 54 jolies
1245 3521 301 42 illustrations
1570 3526 306 50 appropriées,
1901 3540 60 26 un
2000 3523 156 43 recueil
