2852 3886
2526 3503 98 51 105

215 177 132 68 LA
428 174 269 71 CITE
753 205 31 30 -
842 177 226 71 1929
1124 207 31 33 .

1213 177 480 73 VOLUME
1762 182 104 71 VII
1929 212 31 33 .

2023 184 498 77 NUMERO
2577 192 56 69 8

210 496 406 55 sentimentales,
635 508 54 39 et
710 496 134 51 dans
866 497 110 51 leur
998 506 159 56 esprit
1180 497 319 55 inférieures.
1519 500 74 52 La
1613 511 271 56 prévision
1908 505 94 51 des
2025 505 245 53 bienfaits
2284 506 348 70 hygiéniques

210 591 30 42 à
268 583 217 50 résulter
526 581 67 51 de
635 581 316 52 semblables
979 591 192 47 soucis,
1204 584 198 67 malgré
1437 585 47 51 la
1524 595 367 57 répercussion
1933 598 353 59 économique
2328 594 304 55 hautement

209 668 279 53 favorable
529 668 67 52 de
625 688 90 32 ces
746 669 244 52 bienfaits
1016 689 137 46 pour
1183 670 232 57 l'avenir,
1448 673 109 52 leur
1584 675 258 66 échappe.
1875 677 151 53 L'ère
2054 679 68 51 de
2149 678 31 52 1'
2418 702 136 33 nous
2585 684 47 51 la

210 753 66 51 fin
304 753 71 51 du
404 754 196 51 monde
680 754 136 51 n'est
842 762 151 57 point
1023 754 162 57 close,
1211 757 146 52 hélas
1376 755 7 52 !
1410 755 150 55 Celle
1581 760 68 51 de
1670 760 49 51 la
1741 781 223 47 sagesse
1985 763 134 52 dans
2141 764 49 51 la
2213 773 127 44 mise
2361 786 65 31 en
2450 768 182 52 valeur

209 859 30 30 n
263 852 78 38 est
369 858 97 46 pas
494 858 197 33 encore
720 852 240 44 ouverte,
992 849 71 45 où
1092 842 11 48 1
1129 861 70 33 on
1228 862 66 32 ne
1336 850 281 59 méprisera
1639 854 149 57 point
1811 847 75 53 les
1918 849 207 52 valeurs
2154 850 287 54 humaines.
2473 853 157 53 Nous

207 943 173 33 avons
421 924 73 51 dit
536 924 116 65 plus
682 924 127 52 haut
849 944 135 46 pour
1012 928 149 65 quels
1191 928 177 53 motifs
1410 950 66 31 au
1518 929 140 54 Kivu
1701 953 71 32 on
1816 936 201 52 semble
2049 943 153 46 avoir
2243 947 243 43 consenti
2516 948 31 43 à
2575 961 57 32 se

207 1012 187 51 rendre
422 1023 217 54 compte
667 1013 67 50 de
772 1032 63 32 ce
863 1032 104 47 que
995 1014 73 51 les
1110 1014 285 65 prêcheurs
1423 1018 67 51 de
1512 1026 194 45 vérités
1735 1021 370 54 humanitaires
2134 1044 63 31 en
2221 1032 243 46 matières
2493 1027 35 51 d
2552 1049 54 29 ur-

209 1096 314 54 banisation,
556 1097 106 52 loin
691 1097 168 52 d'être
887 1098 95 52 des
1010 1108 231 49 rêveurs,
1273 1113 122 41 sont
1423 1103 73 51 les
1526 1104 115 64 plus
1669 1106 371 67 authentiques
2069 1110 94 50 des
2192 1110 252 53 réalistes.

207 1253 87 52 Au
323 1275 124 33 nom
471 1257 66 51 de
564 1268 147 41 toute
742 1257 47 51 la
813 1258 301 54 Rédaction
1138 1261 69 52 de
1230 1259 96 53 LA
1349 1253 190 65 CITÉ,
1566 1285 135 32 nous
1724 1267 313 53 souhaitons
2061 1277 30 42 à
2114 1281 153 41 notre
2290 1271 125 52 cher
2445 1271 156 54 Direc-

206 1352 114 40 teur
351 1361 66 31 un
449 1352 185 42 succès
664 1343 216 54 efficace
921 1346 133 51 dans
1084 1365 55 33 sa
1183 1356 229 44 mission,
1444 1357 120 57 puis
1594 1371 66 31 un
1691 1364 180 40 retour
1912 1374 63 30 en
2004 1353 226 65 parfaite
2253 1365 151 43 santé
2437 1367 193 56 auprès

203 1427 97 51 des
329 1435 140 44 siens
499 1439 52 40 et
578 1437 163 57 parmi
767 1450 151 33 nous.

1214 1590 142 54 Prof.
1389 1592 168 52 VAN
1604 1593 151 54 DER
1798 1595 475 62 SWAELMEN,
2306 1600 34 51 I.
2373 1600 51 52 S.
2456 1601 70 52 A.
2558 1601 69 52 D.

1530 1682 267 52 urbaniste
1827 1682 50 54 S.
1910 1684 59 52 B.
2005 1684 67 53 U.
2107 1685 67 52 A.
2207 1686 83 52 M.
