2852 3886
212 3585 158 56 102

2023 160 315 60 fËK
2415 165 60 55 H
2556 162 61 57 N
2697 152 47 66 É

231 345 1222 122 MATERIAUX
1610 342 1133 115 NOUVEAUX

231 546 74 43 LE
365 544 164 44 ROLE
592 542 87 44 DU
746 540 291 48 CELOTEX
1099 540 169 43 DANS
1330 539 82 42 LA

227 606 484 46 CONSTRUCTION
745 604 324 44 MODERNE.

292 682 32 45 Il
350 701 30 35 y
405 701 27 24 a
456 700 91 33 peu
576 680 235 50 d'années,
844 698 62 24 on
930 678 100 43 s'en
1056 681 145 39 tenait
1229 694 179 25 encore,

229 746 116 43 dans
374 745 105 45 l'art
508 743 62 44 de
600 743 45 43 la
672 745 326 46 construction,
1032 758 199 35 presque
1263 743 123 40 exclu-

229 813 229 39 sivement
495 825 92 26 aux
627 816 252 36 errements
924 804 61 43 du
1029 823 147 33 passe.
1218 804 129 44 C'est
1388 804 23 38 à

228 875 136 48 peine
390 874 38 40 si
454 870 67 43 les
547 886 257 26 ressources
832 868 59 42 de
920 868 44 42 la
991 868 245 51 technique
1264 884 57 24 en
1349 870 46 38 ré

228 938 196 40 sistance
462 933 85 43 des
581 936 256 40 matériaux
875 941 45 33 et
955 949 57 24 en
1049 931 362 53 statigraphique

229 1001 255 48 pouvaient
526 1001 96 38 être
661 996 199 44 utilisées
898 1012 86 34 par
1023 994 64 43 les
1124 995 283 42 architectes,

228 1075 46 32 et
305 1060 31 43 il
372 1079 30 36 y
434 1061 129 42 avait
595 1065 26 38 à
656 1058 99 43 cela
789 1074 90 27 une
914 1060 153 40 raison
1102 1073 126 27 assez
1262 1058 125 49 singu-

226 1124 122 44 lière.
377 1124 46 44 Si
447 1122 27 44 F
485 1140 59 24 on
570 1124 41 40 n'
621 1125 126 39 avait
769 1138 55 25 eu
849 1138 59 24 en
931 1137 91 27 vue
1049 1137 87 36 que
1162 1120 44 42 la
1229 1117 182 44 solidité

230 1186 83 43 des
347 1185 277 44 immeubles
660 1204 61 24 on
757 1187 146 40 aurait
935 1201 64 36 pu
1035 1181 117 46 dans
1184 1183 109 44 bien
1330 1180 81 43 des

220 1267 83 28 ;cas
307 1291 8 14 }
355 1248 226 44 diminuer
611 1248 68 46 les
714 1249 258 52 épaisseurs
1005 1263 90 35 que
1126 1245 95 44 l'on
1255 1244 156 44 donne

226 1322 323 33 couramment
575 1328 90 27 aux
691 1327 126 27 murs
842 1323 46 31 et
913 1327 89 26 aux
1028 1307 234 54 plafonds.
1290 1307 120 43 Mais

226 1375 30 42 il
296 1375 158 53 fallait,
496 1391 58 26 en
590 1376 155 40 même
784 1383 163 44 temps,
990 1388 178 25 assurer
1204 1375 26 38 à
1265 1370 122 43 l'infé-

226 1441 120 40 rieur
375 1455 62 25 un
467 1437 249 53 chauffage
741 1435 216 45 suffisant
986 1444 45 33 et
1061 1435 115 42 faire
1204 1450 57 25 en
1289 1442 122 32 sorte

230 1518 88 36 que
355 1500 44 46 la
427 1501 190 44 chaileur
651 1500 181 42 fournie
866 1515 84 34 par
984 1498 64 42 les
1084 1498 153 52 foyers
1273 1513 57 24 ne
1363 1512 49 26 se

228 1563 157 52 perdît
409 1582 84 34 pas
522 1573 103 41 trop
653 1561 294 52 rapidement
970 1565 30 39 à
1027 1569 173 33 travers
1229 1559 62 42 les
1319 1576 61 24 ma-

227 1629 253 51 çonneries.
512 1627 69 42 Ce
606 1625 262 52 problème,
894 1625 65 42 les
984 1625 184 42 anciens
1195 1623 11 40 1
1229 1624 183 39 avaient

229 1689 152 42 résolu
416 1707 58 26 en
512 1696 304 43 augmentant
850 1684 295 53 simplement
1183 1684 43 41 la
1263 1700 148 26 masse

231 1752 61 42 de
332 1752 211 51 celles-ci,
592 1762 44 30 et
679 1750 97 42 l'on
819 1750 175 42 n'avait
1037 1752 138 49 guère
1218 1747 193 43 cherché

230 1815 204 43 d'autres
474 1814 238 42 solutions.

293 1891 88 43 Par
414 1891 44 42 la
491 1890 130 44 force
654 1888 83 42 des
769 1890 174 53 choses,
982 1887 65 44 les
1079 1890 240 49 exigences
1356 1885 54 42 de

228 1952 298 44 l'urbanisme
550 1962 46 32 et
617 1951 69 43 les
708 1949 263 45 conditions
996 1952 328 48 économiques
1353 1950 58 39 de

227 2014 105 53 plus
360 2032 58 25 en
447 2014 103 53 plus
581 2013 134 42 dures
747 2023 81 32 ont
856 2013 176 50 changé
1063 2025 100 31 tout
1191 2011 110 44 cela.
1336 2011 75 42 On

226 2095 60 25 ne
319 2088 113 43 peut
463 2077 103 51 plus
599 2093 169 35 songer
800 2074 295 54 aujourd'hui
1131 2080 27 38 à
1191 2072 218 44 résoudre

227 2139 45 43 la
299 2145 211 47 question
540 2139 61 43 du
630 2138 249 53 chauffage
908 2137 83 43 des
1017 2138 281 42 habitations
1328 2153 80 34 par

225 2204 44 42 la
302 2201 354 52 multiplication
688 2200 81 45 des
802 2201 109 43 feux
940 2203 145 50 jointe
1115 2217 60 26 au
1204 2202 205 48 principe

227 2265 83 43 des
335 2268 145 42 fortes
507 2267 254 49 épaisseurs
788 2263 59 42 de
873 2280 136 28 murs.
1041 2262 31 44 Il
1097 2280 26 24 a
1150 2262 123 42 donc
1298 2262 108 44 failliu

223 2328 278 51 l'envisager
527 2326 141 42 d'une
689 2329 207 39 manière
923 2325 102 51 plus
1049 2324 286 52 scientifique
1363 2333 42 32 eL

228 2390 259 44 demander
531 2396 26 38 à
601 2390 44 42 la
691 2399 160 33 nature
896 2388 247 50 l'exemple
1189 2386 112 43 d'un
1345 2404 47 24 re

228 2453 153 49 mède.
424 2455 79 51 Or,
547 2455 95 40 rien
680 2452 116 42 n'es!
836 2451 101 51 plus
976 2451 225 42 universel
1242 2467 87 35 que
1370 2460 38 30 le

228 2516 144 43 mode
413 2516 61 42 de
508 2517 266 53 protection
813 2514 118 42 dont
963 2513 69 43 les
1071 2518 119 38 êtres
1227 2515 182 39 vivants

235 2581 52 51 (à
331 2579 26 42 F
366 2580 246 50 exception
656 2577 59 42 de
758 2577 249 52 l'homme)
1058 2585 106 33 sont
1206 2592 203 33 pourvus

221 2652 162 33 contre
406 2643 46 43 lie
479 2639 120 46 froid
630 2657 58 26 ou
714 2643 311 40 inversement
1053 2646 160 33 contre
1237 2639 44 41 la
1308 2638 77 43 cha-

221 2706 101 43 leur
369 2724 9 25 :
425 2702 117 45 dans
582 2713 105 32 tous
728 2700 66 44 les
836 2719 76 25 cas
955 2705 58 39 où
1052 2700 56 45 ils
1150 2701 131 41 n'ont
1325 2717 81 35 pas

222 2768 182 53 changé
429 2765 244 48 d'habitat,
704 2765 96 42 leur
826 2768 173 48 écorce,
1030 2765 96 41 leur
1150 2780 132 34 peau,
1314 2763 94 40 leur

223 2832 221 45 fourrure,
478 2838 101 41 etc.,
609 2838 109 33 sont
747 2826 84 43 des
859 2827 201 42 isolants.
1094 2826 65 43 Ce
1189 2839 106 31 sont
1323 2824 81 42 des

222 2895 217 42 matières
473 2894 75 50 qui
581 2890 278 44 conduisent
893 2890 91 42 mal
1021 2890 43 41 la
1098 2887 181 45 chaleur
1331 2905 74 33 qui

220 2966 107 35 front
363 2954 208 45 obstache
611 2959 27 39 à
669 2970 90 29 son
793 2970 195 36 passage
1027 2964 46 32 et
1108 2952 73 52 qui
1220 2950 41 42 la
1296 2968 81 23 con-

218 3031 186 31 servent
435 3022 27 39 à
493 3017 250 44 Tintérieur
777 3015 64 42 du
872 3032 135 34 corps
1042 3013 117 43 dans
1189 3014 68 43 les
1288 3030 114 34 pays

218 3079 165 54 froids,,
409 3079 155 46 tandis
591 3077 191 55 qu'elles
809 3076 315 52 l'empêchent
1154 3074 80 54 d'y
1263 3078 111 48 péné-

220 3154 90 32 trer
313 3186 9 14 t
357 3143 119 44 dans
499 3143 70 43 les
596 3160 118 34 pays
741 3139 189 48 chauds.
964 3140 38 44 C
1023 3149 68 32 est
1116 3155 55 27 ce
1199 3140 205 49 principe

218 3206 60 42 de
300 3205 280 45 l'isolement
604 3221 90 36 que
714 3203 100 44 l'on
836 3219 28 24 a
888 3201 271 46 finalement
1183 3200 218 52 appliqué

214 3269 122 45 dans
358 3271 44 42 le
424 3269 244 44 bâtiment.

279 3332 140 50 Estant
455 3330 186 44 donnée
677 3330 44 42 la
753 3327 147 47 faible
934 3327 346 47 conductibilité
1318 3325 81 44 des

216 3393 180 54 fluides,
448 3412 61 25 on
557 3413 27 25 a
633 3391 206 45 d'abord
884 3393 201 50 imaginé
1129 3391 70 43 les
1246 3391 153 49 parois

1564 531 197 43 doubles
1792 546 116 28 avec
1935 529 324 51 interposition
2290 526 62 43 du
2382 527 193 44 matelas
2608 526 136 45 d'air;

1563 597 116 40 mais
1713 595 173 43 ceux-ci
1918 608 59 26 ne
2008 592 256 52 pouvaient
2299 590 178 43 donner
2514 589 63 44 les
2612 593 111 39 résul-

1565 667 91 34 tats
1691 656 143 55 qu'on
1871 672 56 25 en
1964 652 242 51 attendait,
2246 670 139 34 parce
2422 670 87 37 que
2547 653 95 41 leur
2678 654 44 40 ré-

1560 724 194 40 sistance
1787 719 245 54 théorique
2062 733 62 29 au
2156 732 199 38 passage
2389 715 59 42 de
2486 715 43 43 la
2561 715 184 43 chaleur

1561 787 111 39 était
1697 780 460 46 considérablement
2182 777 180 45 réduite
2390 795 84 35 par
2504 778 81 42 des
2615 795 97 24 mou-

1560 855 212 38 vements
1806 844 283 52 thermiques
2124 840 118 46 dans
2276 841 94 43 leur
2405 858 161 26 masse.
2607 841 76 43 On
2718 858 26 23 a

1560 922 124 30 donc
1717 912 75 41 été
1819 907 173 45 amené
2019 908 34 44 à
2081 903 270 55 introduire,
2387 902 116 46 dans
2535 903 44 43 la
2607 914 115 31 struc-

1561 983 98 32 ture
1687 970 226 53 classique
1942 969 83 46 des
2052 985 138 31 murs,
2224 967 85 44 des
2334 966 224 53 plafonds
2587 976 44 33 et
2662 965 82 42 des

1561 1038 118 53 toits,
1712 1033 84 44 des
1822 1032 271 45 substances
2119 1033 261 42 mauvaises
2407 1029 333 47 conductrices,

1560 1097 157 43 faciles
1763 1101 28 40 à
1834 1096 257 52 appliquer,
2143 1093 140 43 d'une
2332 1092 142 43 durée
2523 1091 215 47 illimitée,

1561 1159 113 44 d'un
1705 1171 162 40 aspect
1896 1157 233 54 agréable,
2168 1174 57 25 ne
2259 1158 275 41 nécessitant
2566 1172 84 35 pas
2684 1154 58 42 de

1561 1228 287 39 revêtement
1877 1221 225 54 ultérieur,
2135 1229 212 43 pouvant
2375 1235 48 26 se
2452 1234 176 36 ranger,
2659 1234 85 36 par

1560 1288 296 51 conséquent,
1907 1286 150 50 parmi
2102 1282 66 44 les
2211 1284 257 41 matériaux
2511 1280 60 44 de
2612 1297 104 25 cons-

1561 1350 209 45 truction.

1620 1425 63 44 Le
1717 1421 198 46 Celotex
1950 1430 68 34 est
2053 1437 90 27 une
2182 1419 58 43 de
2273 1437 78 26 ces
2387 1420 281 45 substances.
2711 1418 30 44 Il

1563 1504 47 25 se
1642 1489 215 49 présente
1893 1502 58 26 en
1981 1482 199 56 grandes
2214 1482 177 46 feuilles
2425 1481 59 43 de
2523 1484 10 42 1
2558 1483 10 43 1
2613 1481 105 43 milli-

1562 1553 171 40 mètres
1767 1548 296 53 d'épaisseur,
2100 1545 59 44 de
2197 1547 51 43 91
2297 1564 59 24 ou
2399 1547 86 42 122
2526 1545 189 42 centimè-

1563 1622 90 34 tres
1686 1611 61 42 de
1778 1612 180 52 largeur
1991 1623 45 32 et
2071 1608 59 43 de
2165 1608 245 54 longueurs
2443 1607 205 43 diverses
2683 1607 40 42 al-

1563 1675 94 42 liant
1693 1674 59 43 de
1794 1674 94 43 244
1926 1678 30 40 à
1992 1674 96 43 427
2125 1674 307 41 centimètres.
2474 1671 95 43 Son
2605 1674 137 47 poids

1563 1751 66 32 est
1647 1736 37 44 >d
1705 1740 192 40 environ
1922 1736 25 44 3
1974 1736 331 53 kilogrammes
2326 1751 84 34 par
2432 1736 146 40 mètre
2600 1735 139 40 carré.

1561 1801 75 42 On
1671 1801 41 42 le
1741 1799 149 45 cloue.
1928 1798 73 44 De
2036 1798 115 53 plus,
2191 1798 27 42 il
2255 1796 172 45 adhère
2462 1794 280 45 solidement

1561 1879 56 24 au
1644 1862 147 52 plâtre
1820 1871 45 32 et
1890 1877 57 26 au
1973 1860 158 45 béton.
2161 1860 127 43 C'est
2313 1858 97 44 dire
2438 1876 90 34 que
2553 1876 50 24 sa
2629 1875 113 34 pose

1561 1936 67 32 est
1662 1929 337 44 extrêmement
2031 1923 147 54 facile,
2218 1923 213 42 d'autant
2463 1922 103 51 plus
2599 1921 142 52 qu'on

1561 1999 109 39 peut
1693 1987 42 43 le
1756 1989 113 41 scier
1892 2002 185 28 comme
2101 1985 61 43 du
2185 1986 103 44 bois
2312 1996 44 31 et
2379 1984 42 42 le
2439 1989 180 38 cintrer.
2646 1983 94 44 Son

1560 2064 158 37 aspect
1765 2048 216 54 agréable
2023 2057 185 44 permet
2253 2048 59 42 de
2355 2046 278 54 l'employer
2681 2053 59 35 tel

1563 2113 102 51 quel
1705 2130 117 34 pour
1861 2112 44 42 la
1942 2111 292 50 décoration;
2278 2116 114 40 mais
2428 2109 32 43 il
2497 2120 111 41 peut
2646 2112 93 38 être

1560 2178 128 48 peint
1710 2180 29 40 à
1764 2174 168 48 l'huile,
1965 2179 27 40 à
2018 2175 45 43 la
2090 2173 254 52 détrempe,
2374 2172 161 44 enduit
2562 2171 57 43 de
2646 2171 70 52 plâ-

1561 2246 67 34 tre
1660 2256 59 24 ou
1750 2237 60 43 de
1839 2247 101 33 tout
1970 2246 129 33 autre
2133 2235 172 45 enduit.
2340 2236 75 43 Du
2448 2245 130 45 reste,
2614 2236 29 42 il
2674 2237 43 39 ré-

1559 2304 106 39 siste
1692 2317 91 28 aux
1808 2302 307 53 intempéries,
2150 2298 60 43 de
2236 2308 123 33 sorte
2389 2299 144 52 qu'on
2561 2296 180 46 l'utilise

1559 2381 106 25 sans
1712 2365 328 43 inconvénient
2089 2381 117 34 pour
2255 2363 68 43 les
2374 2370 194 34 travaux
2619 2363 97 41 exté-

1559 2429 152 42 rieurs.
1749 2426 76 43 On
1858 2424 168 44 devine
2057 2425 193 53 qu'avec
2281 2423 61 43 de
2373 2424 131 44 telles
2533 2423 192 52 qualités

1559 2490 26 41 il
1623 2506 47 24 se
1702 2489 92 51 plie
1827 2493 28 41 à
1887 2497 151 38 toutes
2071 2486 66 44 les
2168 2490 240 50 exigences
2443 2486 60 43 de
2538 2487 42 41 la
2609 2504 104 24 cons-

1560 2554 210 49 truction,
1803 2568 108 26 sans
1942 2559 214 44 compter
2190 2566 105 39 que,
2326 2549 159 45 débité
2519 2567 56 24 en
2607 2566 116 36 gran

1563 2613 81 44 des
1681 2613 214 56 surfaces,
1933 2614 29 42 il
2000 2624 67 32 est
2103 2612 144 43 d'une
2281 2611 179 54 rigidité
2496 2612 219 52 longitudi-

1561 2676 103 43 nale
1698 2678 112 43 bien
1848 2678 263 50 supérieure
2147 2681 29 40 à
2208 2675 121 43 îcelle
2368 2674 80 45 des
2486 2677 155 50 parois
2681 2674 59 42 de

1558 2739 219 52 planches
1805 2756 86 35 par
1919 2737 226 53 exemple.

1620 2827 64 42 La
1712 2829 246 40 résistance
1986 2824 62 43 du
2078 2825 198 45 Celotex
2300 2843 58 24 au
2384 2841 197 37 passage
2609 2823 58 44 de
2697 2825 42 43 la

1557 2888 184 44 chaleur
1766 2899 69 32 est
1858 2893 36 40 si
1918 2888 159 43 élevée
2104 2887 167 55 qu'elle
2298 2906 58 24 en
2380 2890 84 42 fait
2486 2905 61 25 un
2571 2888 167 42 isolant

1557 2968 197 34 presque
1776 2951 182 52 parfait.
1986 2951 175 44 Toutes
2184 2953 255 49 épaisseurs
2461 2949 166 55 égales,
2653 2949 86 43 elle

1560 3027 110 31 vaut
1710 3016 112 41 trois
1851 3015 97 44 fois
1984 3023 48 33 et:
2066 3013 126 46 demi
2229 3013 114 43 celle
2381 3013 62 42 du
2480 3013 115 49 bois,
2637 3022 102 42 sept

1561 3078 87 41 fois
1688 3077 113 43 celle
1841 3077 64 43 du
1945 3075 162 53 plâtre,
2152 3079 119 41 seize
2312 3078 89 42 fois
2439 3076 117 43 celle
2596 3075 59 43 de
2695 3076 42 42 la

1556 3140 174 51 brique,
1782 3141 256 51 vingt-cinq
2089 3140 91 44 fois
2222 3140 117 45 celle
2387 3137 63 43 du
2499 3139 144 43 béton
2695 3147 44 32 et

1560 3205 347 50 qaurante-cinq
1952 3204 90 43 fois
2083 3201 116 44 celle
2245 3201 59 42 de
2349 3201 43 42 la
2435 3204 161 51 pierre.
2641 3201 96 44 Son

1556 3267 207 49 principe
1788 3276 69 31 est
1882 3269 91 39 très
1998 3264 186 52 simple;
2213 3264 29 43 il
2270 3283 48 26 se
2345 3264 113 43 base
2485 3281 74 26 sur
2582 3262 48 44 la
2657 3263 60 44 fai-

1557 3328 75 42 ble
1672 3327 348 45 conductibilité
2057 3327 59 43 de
2156 3328 98 44 l'air
2293 3326 150 44 réduit
2478 3330 27 40 à
2541 3325 167 44 l'immo-

1556 3390 138 43 bilité.
1736 3390 68 44 En
1844 3391 127 47 effet,
2014 3391 41 42 le
2093 3391 197 43 Celotex
2326 3408 48 27 se
2411 3407 225 33 compose
2676 3387 59 44 de
