2852 3886
104 3642 111 56 98

200 395 164 42 tendre
395 412 104 26 vers
534 394 42 41 la
609 395 185 51 fresque
829 397 190 48 optique
1061 393 169 52 (rétine
1265 395 24 39 à

104 477 196 33 occuper
340 469 97 31 tout
478 460 171 39 entière
655 500 7 13 }
702 459 172 48 champ
911 460 143 45 visuel
1092 461 26 39 à
1156 456 108 42 déco-

101 524 117 50 rer).
252 523 88 42 Par
368 521 105 53 quel
503 524 201 49 moyen?

160 583 366 46 Robert-Mallet
564 585 218 56 Stevens,,
813 581 266 54 répondant
1117 587 26 38 à
1181 580 83 43 l'en-

105 654 135 46 quête
277 648 82 43 des
396 666 22 26 «
460 648 189 45 Cahiers
689 646 61 44 du
785 648 122 42 Mois
943 664 23 26 »
1130 646 10 41 1
1159 644 67 42 6-1

111 714 6 40 !
135 711 124 54 925)
291 712 151 43 faisait
462 719 266 41 rëmarquer
750 728 88 34 que
863 709 72 43 «le
956 710 172 42 formai
1149 706 29 42 d
1202 721 88 26 une

105 774 212 52 pellicule
354 775 118 43 n'est
508 790 84 34 pas
630 776 40 38 le
707 773 167 50 champ
912 773 144 43 visuel
1094 769 116 45 dans
1250 769 40 41 la

100 848 161 32 nature
292 855 42 30 ».

164 902 151 42 Toute
352 903 42 39 la
432 902 213 51 question
684 908 66 32 est
787 898 54 56 là,
881 914 209 26 ramener
1120 896 46 43 le
1200 895 67 42 for-

107 982 97 24 mac
244 962 59 42 de
340 962 42 46 la
419 962 213 53 pellicule
672 982 59 23 ou
769 961 153 51 plutôt
959 960 60 42 de
1058 960 11 41 1
1092 962 135 39 écran
1265 962 26 38 à

102 1027 114 42 celui
250 1025 60 45 du
337 1027 173 50 champ
542 1025 158 45 visuel.
736 1027 197 42 Portons
964 1041 50 26 ce
1048 1022 242 52 problème

103 1102 117 29 dans
255 1089 41 42 le
331 1089 221 42 domaine
585 1089 58 43 de
677 1089 43 41 la
754 1088 256 51 technique.

167 1154 127 42 Nous
334 1169 151 26 avons
529 1169 146 35 conçu
720 1168 90 24 une
855 1149 112 43 salle
1010 1148 59 42 de
1112 1149 179 40 cinéma

107 1216 252 52 théorique,
399 1218 76 48 qui
511 1218 146 40 aurait
694 1232 118 33 pour
847 1213 389 49 caractéristiques
1281 1229 7 22 :

103 1296 59 24 un
191 1283 136 38 écran
357 1296 56 23 en
442 1280 152 41 forme
623 1277 58 41 de
717 1297 22 26 «
768 1277 170 49 champ
968 1276 142 41 visuel
1143 1291 22 26 »
1208 1274 81 50 (au

105 1343 87 42 lieu
226 1342 148 43 d'être
405 1339 382 53 rectangulaire),,
825 1339 219 42 enchâssé
1077 1354 56 24 en
1168 1335 98 52 quel-

107 1422 88 35 que
230 1415 123 31 sorte
388 1410 27 38 à
449 1421 89 26 une
578 1406 240 40 extrémité
855 1401 29 43 d
906 1419 88 24 une
1028 1399 110 44 salle
1176 1398 115 42 dont

108 1467 42 42 la
190 1469 180 41 surface
409 1469 244 40 intérieure
694 1469 173 47 épouse
906 1466 43 43 la
990 1463 149 42 forme
1180 1460 29 42 d
1230 1477 61 25 un

106 1528 312 54 paraboloïde
458 1549 7 24 :
498 1538 123 33 sorte
653 1528 58 42 de
743 1533 116 38 cône
885 1544 152 41 creux,
1074 1526 139 51 aplati
1248 1533 43 32 et

107 1594 142 45 allant
274 1592 339 44 s'amincissant
638 1608 104 26 vers
768 1592 182 42 l'écran.

171 1658 86 42 Les
286 1656 222 54 quelques
536 1654 167 45 détails
728 1655 203 42 suivants
959 1653 152 42 feront
1140 1653 153 40 mieux

107 1719 311 53 comprendre
448 1729 133 32 notre
608 1716 116 43 idée.

170 1793 192 43 L'écran
387 1792 101 44 doit
510 1794 98 41 être
628 1792 141 44 établi
790 1808 56 25 en
870 1792 149 42 forme
1045 1789 58 42 de
1123 1790 166 48 champ

106 1858 143 42 visuel
293 1877 8 23 :
341 1865 121 33 cette
498 1857 152 43 forme
685 1864 113 42 peut
830 1872 47 23 se
912 1853 281 52 rapprocher
1232 1850 58 42 de

107 1921 24 41 F
141 1920 159 51 ellipse
333 1925 26 39 à
390 1918 148 55 grand
573 1936 84 25 axe
691 1920 191 42 horizon
891 1916 71 44 tal.
999 1917 84 44 Les
1116 1917 146 40 dimen-

112 1989 125 38 sions
279 1982 162 43 réelles
485 1981 210 46 données
739 1984 26 38 à
809 1979 169 43 l'écran
1020 1991 107 33 sont
1166 1977 129 43 telles

107 2065 59 33 qu
188 2048 26 43 il
247 2057 111 43 peut
388 2046 227 41 s'inscrire
647 2043 115 43 dans
792 2044 41 42 le
861 2042 234 53 rectangle
1125 2043 143 40 actuel-

108 2109 175 42 lement
327 2107 231 52 employé.
604 2107 123 43 Pour
769 2110 204 48 projeter
1015 2121 88 25 une
1142 2105 151 49 image

108 2172 118 43 dont
251 2173 43 42 la
323 2173 151 42 forme
503 2168 316 52 corresponde
847 2173 25 39 à
898 2168 111 41 celle
1038 2166 58 42 de
1123 2165 168 47 Técran

107 2238 74 48 qui
212 2235 42 43 la
285 2238 154 48 reçoit,
474 2233 27 41 il
533 2232 129 45 suffit
693 2232 58 42 de
782 2232 154 51 placer
969 2246 56 25 au
1055 2232 236 48 voisinage

106 2303 57 36 de
187 2297 229 52 l'objectif
438 2314 60 24 un
522 2295 306 52 diaphragme
849 2295 225 44 constitué
1097 2309 82 35 par
1203 2308 87 24 une

108 2371 248 32 ouverture
401 2365 26 39 à
469 2368 196 33 contour
707 2356 257 43 semblable
1008 2361 26 38 à
1075 2358 113 39 celui
1234 2354 59 42 de

104 2424 185 43 l'écran.
338 2424 66 42 Ce
451 2422 304 51 diaphragme
800 2422 204 49 pourrait
1049 2424 94 38 ê.re
1187 2436 74 34 sup-

105 2490 147 48 primé
281 2504 56 24 en
366 2488 213 40 donnant
606 2490 27 38 à
658 2486 43 40 la
727 2485 177 41 fenêtre
933 2482 110 51 déjà
1067 2485 224 38 existante

106 2550 175 43 devant
315 2551 45 42 la
394 2547 211 53 pellicule
641 2564 88 25 une
766 2546 150 42 forme
952 2544 301 43 convenable.

168 2626 67 41 La
262 2624 113 43 salle
407 2633 112 41 peut
549 2640 48 26 se
631 2620 168 42 diviser
830 2638 56 24 en
922 2619 122 43 deux
1072 2621 169 50 parties
1281 2636 7 21 :

101 2692 107 41 côté
235 2696 287 43 spectateurs
550 2694 47 33 et
623 2687 103 40 côté
754 2688 149 40 écran,
935 2683 73 42 Du
1036 2686 102 39 côté
1166 2698 100 34 spec-

105 2760 184 37 tateurs,
324 2750 43 42 la
396 2748 112 43 salle
538 2758 70 33 est
635 2749 165 40 étroite
830 2763 117 33 pour
978 2762 87 36 que
1093 2744 63 42 les
1186 2761 79 34 per-

107 2832 170 27 sonnes
319 2813 184 51 placées
546 2829 56 25 au
642 2819 159 33 centre
846 2827 57 24 ou
945 2825 74 25 sur
1062 2808 65 41 les
1167 2812 125 38 côtes

103 2886 279 34 conservent
412 2874 331 44 sensiblement
773 2873 41 41 le
843 2874 153 39 même
1025 2888 84 25 axe
1140 2869 60 42 de
1231 2887 38 22 vi-

105 2944 122 45 sion;
260 2939 86 43 elle
377 2951 67 31 est
475 2940 172 49 longue
678 2946 43 31 et
754 2937 137 42 haute
924 2935 94 42 afin
1051 2934 58 41 de
1140 2942 136 32 conte

105 3009 66 38 nir
200 3004 246 49 beaucoup
481 3000 57 43 de
573 2998 188 47 monde.
797 2998 129 43 Dans
952 3006 123 32 celte
1107 2998 184 48 portion

105 3067 85 42 elle
222 3079 110 39 peut
364 3067 130 40 avoir
526 3080 89 24 une
647 3063 175 41 section
856 3057 398 54 quadrangulaire.

169 3149 74 43 Du
272 3152 104 39 côté
405 3150 149 44 écran,
588 3144 42 41 la
657 3141 111 45 salle
795 3160 27 24 a
848 3159 88 25 une
964 3143 174 39 section
1166 3139 102 50 ellip-

107 3214 124 49 tique
281 3210 186 52 (ellipse
505 3214 27 38 à
569 3206 148 53 grand
757 3223 85 24 axe
881 3203 306 52 horizontal).
1230 3203 63 41 La

107 3276 149 42 forme
301 3272 216 55 générale
560 3280 67 33 est
670 3268 115 45 celle
828 3267 28 42 d
880 3284 60 24 un
983 3264 311 53 paraboloïde

109 3337 115 42 dont
261 3336 169 43 l'écran
469 3333 267 51 occuperais
770 3333 44 41 la
849 3333 159 49 région
1047 3328 61 42 du
1146 3328 144 50 foyer.

107 3401 64 41 La
193 3400 111 42 salle
326 3417 60 25 va
408 3416 47 25 se
479 3400 290 40 rétrécissant
794 3400 163 47 jusque
980 3408 103 28 vers
1107 3393 11 41 1
1142 3394 146 39 écran.

171 3464 129 42 Dans
336 3479 78 25 ces
456 3459 276 52 conditions,
777 3461 44 41 la
859 3466 176 33 section
1075 3454 61 41 du
1176 3459 119 37 cône

1900 206 317 58 TEK
2294 208 60 54 H
2435 206 61 55 N
2578 196 46 64 É

1498 394 71 34 Les
1611 394 181 34 schémas
1834 390 218 35 ci-dessous
2094 390 232 42 expliquent
2370 388 52 34 les
2465 400 137 30 sugges-

1437 460 107 31 tions
1570 458 46 33 de
1646 456 49 34 M.
1726 456 278 40 Charpentier,
2038 453 180 34 relatives
2246 457 20 29 à
2295 452 329 42 l'appropriation

1443 520 45 34 de
1523 520 148 35 l'écran
1704 522 19 30 à
1756 518 205 43 l'optique.

2523 568 6 9 t

1502 3327 75 35 Ces
1606 3329 97 34 trois
1736 3325 145 35 clichés
1912 3334 89 25 sont
2033 3325 184 32 exécutés
2246 3321 161 43 d'après
2438 3319 55 34 les
2524 3317 87 36 illus-

1446 3393 165 32 trations
1638 3391 46 33 de
1710 3388 166 37 l'article
1904 3388 46 36 de
1973 3386 55 36 M.
2053 3386 278 41 Charpentier,
2361 3396 145 30 parues
2531 3381 99 35 dans

1448 3464 19 23 «
1497 3452 146 35 Monde
1678 3464 20 24 »
1739 3452 144 42 (Paris,
1918 3448 186 44 8-9-28).
