3369 4572
611 534 156 60 Rosa
808 523 363 72 Luxemburg
1225 551 11 14 •
1294 514 112 58 Die
1444 511 156 60 Seele
1638 509 106 59 der
1785 505 326 60 russischen
2151 501 290 60 Literatur

2555 500 74 59 61

521 722 386 87 Turgenjew
940 706 244 75 erzählt
1222 694 464 98 gelegentlich,
1739 692 135 72 daß
1925 720 71 42 er
2043 716 147 43 zum
2242 698 220 60 ersten
2499 686 137 69 Mal

435 813 331 92 irgendwo
821 807 107 69 bei
976 799 214 73 Berlin
1248 793 122 72 das
1420 790 276 72 Trillern
1757 786 121 70 der
1925 781 251 73 Lerche
2225 786 120 66 mit
2392 778 242 71 vollem

436 904 409 76 Bewußtsein
892 918 329 69 genossen
1270 885 197 72 habe.
1568 882 205 70 Diese
1822 875 360 92 beiläufige
2217 872 421 89 Bemerkung

439 1000 247 72 scheint
747 998 118 66 mir
929 987 150 71 sehr
1135 973 590 81 charakteristisch.
1832 971 128 70 Die
2026 966 297 74 Lerchen
2388 965 248 71 trillern

441 1101 62 62 in
574 1082 300 79 Rußland
947 1075 174 74 nicht
1189 1077 287 85 weniger
1557 1065 210 73 schön
1841 1064 96 70 als
2013 1067 65 66 in
2152 1056 484 75 Deutschland.

442 1187 136 69 Das
647 1176 338 94 gewaltige
1055 1164 325 75 russische
1451 1159 207 73 Reich
1723 1158 180 90 birgt
1974 1183 79 45 so
2118 1155 170 72 viele
2354 1152 137 71 und
2558 1178 80 43 so

444 1268 481 92 mannigfaltige
990 1254 673 78 Naturschönheiten,
1735 1249 136 72 daß
1936 1254 107 65 ein
2110 1243 528 95 empfängliches

445 1362 368 94 poetisches
870 1359 246 71 Gemüt
1169 1352 109 71 auf
1326 1348 224 92 jedem
1602 1343 248 74 Schritt
1900 1341 447 91 Gelegenheit
2402 1338 235 80 findet,

444 1465 85 64 im
600 1453 239 75 Gefühl
911 1450 116 69 der
1099 1441 439 75 Naturfreude
1610 1439 240 71 restlos
1925 1434 435 91 aufzugehen.
2476 1431 165 71 Was

444 1555 186 63 einen
679 1545 382 88 Turgenjew
1110 1566 82 43 an
1243 1536 152 70 dem
1443 1529 445 93 ungetrübten
1940 1528 246 72 Genuß
2238 1526 122 71 der
2402 1524 200 71 Natur-

442 1638 342 71 schönheit
846 1641 63 63 in
973 1637 247 66 seinem
1292 1633 278 85 eigenen
1626 1622 410 73 Vaterlande
2101 1619 335 83 hinderte,
2507 1646 138 42 war

441 1731 168 68 eben
675 1728 105 69 die
845 1722 398 94 peinigende
1298 1719 465 71 Disharmonie
1823 1714 121 71 der
1999 1709 643 97 gesellschaftlichen

439 1820 470 80 Verhältnisse,
977 1817 119 69 das
1163 1813 304 89 ständige
1536 1809 385 72 drückende
1988 1807 250 74 Gefühl
2307 1806 119 70 der
2481 1804 122 72 Ver-

439 1909 536 72 antwortlichkeit
1006 1907 101 69 für
1140 1906 108 70 die
1282 1903 435 73 schreienden
1753 1902 291 71 sozialen
2079 1900 139 72 und
2243 1896 400 94 politischen

436 2001 356 82 Zustände,
845 2000 119 70 das
1023 2027 150 42 man
1231 2004 105 65 nie
1394 1997 373 72 loswerden
1824 1996 252 70 konnte
2126 1994 139 71 und
2325 1992 151 84 das,
2526 1995 121 66 tief

437 2099 85 64 im
582 2094 227 69 Innern
872 2090 335 83 bohrend,
1258 2090 239 70 keinen
1554 2088 424 90 Augenblick
2035 2088 288 89 völligen
2391 2084 219 72 Selbst-

440 2212 383 62 vergessens
872 2184 423 70 aufkommen
1344 2182 153 71 ließ.
1594 2182 148 69 Erst
1790 2185 88 66 im
1911 2179 372 81 Auslande,
2333 2206 192 43 wenn
2577 2203 71 43 er

444 2278 108 69 die
599 2276 279 72 tausend
935 2274 657 71 niederdrückenden
1643 2273 226 70 Bilder
1935 2273 119 70 der
2104 2273 278 69 Heimat
2430 2270 218 70 hinter

442 2368 136 71 sich
625 2368 303 89 gelassen
978 2368 181 70 hatte
1193 2367 135 70 und
1361 2367 302 70 fremden
1695 2366 501 70 Verhältnissen
2229 2362 376 93 gegenüber-

442 2460 215 81 stand,
727 2458 201 70 deren
991 2458 542 91 wohlgeordnete
1598 2457 417 71 Außenseite
2081 2457 137 70 und
2285 2455 363 72 materielle

441 2551 233 71 Kultur
722 2551 128 70 den
884 2551 257 70 Russen
1193 2556 123 65 seit
1363 2551 182 88 jeher
1593 2556 151 65 naiv
1792 2555 420 85 imponierte,
2264 2547 384 73 vermochte

441 2649 104 65 ein
587 2643 356 69 russischer
975 2643 271 71 Dichter
1286 2643 136 69 sich
1457 2643 527 82 unbekümmert,
2038 2672 116 42 aus
2189 2643 208 69 voller
2430 2643 215 80 Brust,

442 2735 149 70 dem
643 2734 244 71 Gefühl
938 2735 119 70 der
1105 2735 444 71 Naturfreude
1599 2735 440 92 hinzugeben.

531 2827 229 71 Nichts
827 2832 224 85 irriger
1113 2827 277 84 freilich,
1457 2829 95 70 als
1610 2828 139 71 sich
1818 2829 261 71 danach
2148 2831 109 69 die
2321 2827 327 72 russische

441 2918 313 71 Literatur
802 2919 94 70 als
931 2919 515 73 Tendenzkunst
1499 2927 64 65 in
1598 2922 231 70 rohem
1866 2922 234 81 Sinne,
2153 2921 495 71 schmetternde

445 3010 588 86 Freiheitsfanfare,
1099 3015 658 72 Armeleutemalerei
1814 3016 439 71 vorzustellen
2313 3015 169 71 oder
2529 3043 122 62 gar

450 3101 119 69 alle
646 3105 364 70 russischen
1084 3106 274 71 Dichter
1447 3107 97 72 als
1617 3109 548 82 Revolutionäre,
2248 3135 146 44 zum
2487 3114 121 63 min-

453 3191 226 71 desten
755 3195 99 70 für
930 3198 483 73 Fortschrittler
1491 3231 79 42 zu
1644 3201 246 73 halten.
2013 3203 433 71 Schablonen
2528 3206 122 67 wie

460 3283 464 80 „Reaktionär“
995 3293 164 71 oder
1229 3294 566 83 „Fortschrittler“
1867 3295 300 93 besagen
2233 3325 85 41 an
2386 3294 138 72 sich
2585 3302 65 63 in

456 3374 112 69 der
614 3375 209 74 Kunst
870 3383 168 71 noch
1086 3392 234 85 wenig.

541 3466 435 94 Dostojewski
1041 3481 108 79 ist,
1216 3482 209 69 zumal
1495 3487 64 64 in
1625 3486 230 67 seinen
1921 3487 313 85 späteren
2293 3481 354 81 Schriften,

455 3565 593 86 ausgesprochener
1104 3570 431 86 Reaktionär,
1594 3575 480 71 frömmelnder
2130 3575 319 92 Mystiker
2514 3575 137 70 und

453 3648 629 83 Sozialistenhasser.
1202 3664 198 75 Seine
1475 3669 526 92 Schilderungen
2085 3670 119 71 der
2274 3669 377 72 russischen

449 3741 501 83 Revolutionäre
985 3755 148 70 sind
1182 3756 313 77 boshafte
1530 3763 459 72 Karikaturen.
2090 3764 297 88 Tolstojs
2431 3768 184 85 mysti-

446 3843 113 100 sch
564 3863 37 43 6
672 3838 252 76 Lehren
996 3847 297 76 schillern
1370 3883 144 42 zum
1590 3855 375 73 mindesten
2041 3863 65 64 in
2187 3857 464 71 reaktionären

461 3934 21 61 1
503 3934 356 73 endenzen.
966 3939 156 74 Und
1182 3946 174 71 doch
1414 3949 245 70 wirken
1719 3949 112 70 auf
1895 3977 122 42 uns
2077 3949 201 70 beide
2336 3955 65 64 in
2467 3949 184 70 ihren
