3404 4572
1594 489 137 62 Otto
1771 490 346 61 Freundlich
2182 527 10 11 •
2253 491 125 59 Der
2413 491 197 59 Raum

994 491 75 56 82

1791 1308 217 82 DER
2067 1308 344 84 RAUM

1778 1120 164 71 Otto
1989 1118 442 73 Freundlich

1079 1504 270 83 Bäume,
1400 1512 123 64 wie
1559 1505 510 90 Eisenstangen;
2121 1505 99 70 ihr
2255 1505 318 92 Gezweig
2622 1513 122 65 wie
2796 1509 122 71 das
2954 1508 212 73 Gitter-

983 1597 178 70 werk
1222 1625 132 43 von
1422 1598 695 71 Eisenkonstruktion:
2187 1599 126 69 Die
2380 1600 525 88 ingenieurhafte
2967 1603 230 70 Natur.

985 1689 66 68 In
1087 1688 251 71 Fächer
1371 1691 336 89 eingeteilt
1743 1691 118 69 der
1891 1717 211 63 ganze
2129 1691 212 71 Raum
2371 1691 205 72 durch
2604 1693 160 70 alles
2792 1692 408 72 Senkrechte

982 1781 137 70 und
1145 1782 459 92 Wagerechte.
1665 1783 268 82 Blätter,
1965 1783 107 71 die
2101 1785 303 69 Inbrunst
2432 1785 121 71 des
2571 1785 626 83 Zwischenraumes,

981 1900 71 42 er
1115 1872 164 71 aber
1344 1875 119 70 der
1518 1875 207 70 Vater
1791 1876 118 69 der
1968 1875 304 71 Freiheit.
2373 1876 139 70 Wir
2571 1877 362 71 Menschen
2992 1879 209 71 selbst

982 1965 151 70 sind
1208 1966 107 70 die
1382 1968 240 69 Fühler
1692 1968 323 71 zwischen
2090 1969 191 70 allem
2350 1969 269 82 Festen,
2698 1970 237 71 Fühler
3000 1999 201 64 sogar

980 2058 322 71 zwischen
1355 2059 121 70 der
1524 2058 414 73 Scheinfeste
1996 2060 194 83 Erde,
2256 2061 128 70 den
2436 2061 404 92 befestigten
2891 2064 305 71 Lichtern

981 2152 119 70 der
1150 2150 219 72 Nacht
1427 2152 135 70 und
1613 2153 154 70 dem
1824 2181 255 62 ganzen
2133 2154 486 89 Urgeheimnis,
2678 2155 214 91 gleich
2954 2157 243 71 dunkel

977 2272 77 41 zu
1104 2243 146 90 Tag
1298 2244 135 69 und
1489 2243 237 84 Nacht,
1777 2244 130 71 fest
1955 2246 164 71 aber
2152 2247 95 70 als
2283 2247 416 71 bestehende
2735 2249 462 91 Vorlagerung

978 2337 228 70 letzter
1253 2336 802 91 Anschauungsgrenzen.
2166 2340 259 71 Unsere
2474 2340 323 90 Aufgabe
2802 2398 15 23 ,
2878 2341 318 91 Aufgabe

978 2429 121 69 des
1151 2429 386 82 Menschen,
1588 2435 140 65 sein
1780 2431 216 79 Beruf,
2050 2436 141 65 sein
2242 2432 634 71 Wesenscharakter
2926 2440 110 65 ist:
3092 2441 102 64 ein

976 2520 429 71 fühlerhaftes
1432 2520 444 72 Durchtasten
1907 2524 118 68 der
2043 2522 588 73 Zwischenräume.
2685 2526 140 70 Der
2850 2528 343 69 unerfüllte

977 2614 240 71 Raum:
1273 2614 122 70 das
1444 2615 179 88 Ding
1673 2642 83 43 an
1808 2615 165 81 sich;
2027 2616 247 72 Mittler
2322 2618 326 71 zwischen
2711 2619 191 71 allem
2946 2619 210 71 Grenz-

973 2707 485 81 verdammten,
1513 2705 221 71 Grenz
1738 2707 438 82 verbannten,
2229 2707 511 73 Zertrümmerer
2798 2712 121 70 des
2970 2710 181 73 Form-

974 2799 479 83 sklaventums;
1505 2799 390 71 Aufrichten
1946 2801 165 69 über
2162 2802 152 70 dem
2335 2802 219 70 Wahn
2600 2802 119 71 des
2764 2804 429 91 endgültigen

973 2891 644 91 Schöpfungsendes
1654 2893 121 70 das
1811 2893 276 71 Urreich
2129 2895 119 68 des
2285 2895 393 69 unerfüllten
2713 2896 271 71 Raums.
3067 2898 126 69 Die

977 2985 213 70 Natur
1239 2990 82 65 ist
1368 2997 103 58 tot
1504 2991 121 65 wie
1660 2991 148 65 eine
1844 2986 630 71 Eisenbahnbrücke
2511 2987 165 70 oder
2713 2989 98 69 ihr
2846 2989 158 71 Sein
3032 2991 161 69 wird

972 3080 146 67 eine
1152 3077 372 92 Anbetung
1557 3079 158 70 aller
1748 3076 589 75 Zwischenräume.
2415 3080 111 71 Sie
2561 3080 147 91 gibt
2742 3081 110 70 die
2887 3081 304 92 optische

974 3168 539 92 Uniformierung
1578 3171 109 70 auf
1744 3171 136 70 und
1936 3171 164 92 geht
2154 3173 281 90 fragend
2496 3178 62 65 in
2620 3174 113 71 die
2787 3174 227 84 Leere,
3085 3175 107 70 die

971 3260 238 83 reiche,
1263 3262 176 81 tiefe,
1490 3264 197 69 volle.
1771 3265 195 69 Dann
2018 3265 140 70 lebt
2208 3271 115 74 sie,
2380 3265 178 70 dann
2594 3265 143 72 lebt
2772 3267 166 70 auch
2973 3267 215 80 Eisen,

971 3353 185 71 Stein
1216 3354 137 70 und
1413 3356 160 71 alles
1639 3354 214 73 Feste.
1968 3358 142 69 Wir
2173 3385 234 62 sagen:
2477 3358 127 69 Die
2671 3358 520 92 Fata-Morgana

969 3447 172 70 ihrer
1206 3446 820 94 Raumes-Auferstehung
2090 3456 83 63 ist
2239 3452 131 69 den
2438 3451 264 90 Dingen
2772 3452 120 70 der
2948 3453 240 69 Traum

968 3541 159 70 aller
1185 3540 471 89 Jahreszeiten.
1780 3541 83 71 Er
1928 3542 184 71 heißt
2186 3544 339 90 hellgrüne
2592 3544 307 72 Inbrunst
2962 3551 230 85 junger

967 3632 269 83 Blätter,
1265 3660 73 42 er
1362 3632 185 73 heißt
1579 3634 686 72 sommerlich-heißes
2290 3636 426 71 Verblättern
2744 3638 447 69 erreichbarer

967 3725 277 84 Fernen,
1306 3754 70 42 er
1433 3726 185 72 heißt
1665 3728 492 71 bekümmertes
2206 3729 657 72 Verbleichensehen
2914 3732 236 69 heimat-

966 3817 213 71 lichen
1236 3817 235 85 Zieles,
1540 3848 69 42 er
1667 3819 186 71 heißt
1909 3822 418 70 erstarrende
2377 3822 391 72 Ohnmacht
2826 3828 65 65 in
2951 3828 238 85 eisiger

964 3911 562 73 Kettenschwere.
1634 3913 480 73 Geschmiedet
2171 3914 136 72 bist
2366 3914 89 70 du
2506 3914 160 72 Sein
2727 3922 64 64 in
2843 3916 130 70 den
3024 3922 160 64 vier-
