3357 4572
1343 531 179 60 Anna
1563 530 263 60 Siemsen
1890 561 11 15 •
1961 527 111 59 Die
2110 524 195 59 Partei
2340 521 101 59 der
2467 516 280 75 Vernunft

951 538 79 58 50

955 718 254 72 tischen
1281 713 466 74 Leidenschaft
1817 708 377 94 gepredigt,
2279 704 216 69 dieser
2568 696 330 74 Gedanke
2977 699 175 67 einer

957 811 440 71 Aristokratie
1455 808 120 70 des
1625 804 268 73 Geistes
1950 799 253 73 scheint
2257 801 106 64 ein
2422 792 152 71 sehr
2624 787 349 73 deutscher
3021 788 87 70 Ge-

962 903 216 70 danke
1227 929 77 43 zu
1352 905 159 64 sein.
1591 897 86 70 Er
1723 897 116 69 hat
1879 895 197 69 heute
2116 896 64 63 in
2212 892 339 66 weitesten
2585 883 279 70 Kreisen
2897 878 252 71 Wurzel

961 994 229 91 gefaßt
1237 992 136 70 und
1420 989 202 72 treibt
1670 986 108 70 die
1826 980 546 75 wunderlichsten
2422 975 274 71 Ranken
2744 969 137 73 und
2923 969 231 69 Blüten

1110 1112 118 42 nur
1282 1110 84 41 an
1423 1085 181 65 seine
1661 1077 276 72 Früchte
1992 1099 267 61 vermag
2323 1067 101 71 ich
2484 1065 178 71 nicht
2715 1091 79 42 zu
2847 1061 307 91 glauben.

966 1176 242 72 Hillers
1263 1169 469 85 „Ziel“bücher
1785 1168 138 71 und
1981 1166 108 69 die
2144 1188 207 66 ganze
2408 1155 442 74 aktivistische
2899 1151 257 81 Politik,

967 1269 107 69 die
1138 1267 169 69 Räte
1370 1268 311 85 geistiger
1727 1260 260 78 Arbeit,
2056 1255 107 70 die
2227 1259 117 64 mit
2400 1251 118 69 der
2572 1246 396 73 Revolution
3026 1255 101 57 ent-

966 1358 282 72 standen
1312 1356 137 71 und
1510 1352 247 73 freilich
1815 1352 104 70 bis
1976 1356 152 82 jetzt
2175 1349 214 84 wenig
2434 1347 281 86 geistige
2761 1338 242 70 Arbeit
3049 1335 74 69 be-

967 1451 267 70 merken
1289 1448 240 79 lassen,
1595 1446 109 68 die
1754 1443 249 71 Staats-
2058 1438 135 71 und
2240 1427 920 94 Verfassungs-Theoretiker,

970 1545 108 68 die
1128 1541 137 72 sich
1315 1546 64 64 in
1422 1535 390 73 Diederichs
1843 1533 245 88 Verlag
2127 1530 135 69 und
2305 1532 214 66 seiner
2559 1518 607 88 „Tat“-Zeitschrift

970 1640 105 66 ein
1125 1630 424 75 Stelldichein
1599 1627 240 92 geben,
1898 1621 422 91 entsprießen
2380 1620 214 68 dieser
2644 1613 282 71 Wurzel.
3010 1611 152 68 Und

971 1725 220 71 neben
1227 1724 227 68 diesen
1487 1717 737 87 Einzelerscheinungen
2414 1710 107 70 die
2554 1705 213 92 gewiß
2801 1702 178 71 nicht
3011 1701 124 69 voll-

971 1817 217 88 zählig
1253 1814 150 71 sind
1636 1810 335 89 begegnet
2033 1832 152 44 man
2251 1803 120 69 der
2441 1800 115 71 tief
2627 1794 540 92 eingewurzelten

976 1900 488 96 Überzeugung
1498 1931 154 42 vom
1695 1903 225 68 Irrtum
1964 1899 119 70 der
2114 1895 450 80 Demokratie,
2599 1917 154 44 vom
2781 1885 351 73 Herrscher-

974 1999 184 73 recht
1221 1998 119 70 der
1403 1996 373 87 Geistigen,
1848 2018 130 44 von
2051 1989 119 70 der
2232 1985 272 70 blinden
2572 1983 223 70 Masse
2866 1983 65 65 in
3003 1975 168 70 allen

976 2093 279 70 Kreisen
1289 2115 131 42 von
1455 2087 169 69 links
1658 2083 167 70 nach
1858 2081 214 71 rechts
2107 2078 298 71 hinüber.
2480 2076 187 68 Ihren
2701 2069 472 92 vergröberten

976 2182 138 71 und
1178 2191 427 60 entartetsten
1670 2173 353 72 Ausdruck
2085 2171 210 68 findet
2366 2173 95 64 sie
2533 2172 65 64 in
2671 2165 120 69 der
2855 2158 289 73 national-

979 2274 314 72 liberalen
1342 2271 238 79 Partei,
1634 2267 118 70 der
1799 2266 215 70 Partei
2064 2289 129 44 von
2243 2260 284 90 Bildung
2575 2256 137 71 und
2762 2256 239 74 Besitz,

1074 2365 93 71 So
1218 2359 454 91 eingewurzelt
1721 2355 276 72 deutsch
2048 2354 216 70 dieser
2314 2350 331 71 Gedanke
2705 2345 164 71 aber
2923 2349 110 75 ist,
3101 2368 76 43 so

983 2453 548 90 antieuropäisch,
1600 2478 77 43 so
1735 2444 674 76 wirklichkeitsfremd
2475 2443 136 70 und
2676 2467 78 42 so
2819 2435 362 90 ungläubig

984 2543 474 97 pessimistisch
1507 2549 84 64 ist
1639 2568 89 42 er.
1811 2539 87 71 Es
1937 2540 250 69 könnte
2226 2535 396 88 überflüssig
2663 2529 330 79 scheinen,
3046 2525 134 70 daß

985 2667 153 44 man
1204 2636 134 72 sich
1404 2634 375 88 überhaupt
1841 2659 107 43 um
2014 2631 112 68 ihn
2189 2628 393 78 kümmerte,
2650 2620 135 73 daß
2851 2646 151 43 man
3068 2623 116 65 mit

985 2731 445 72 Trivialitäten
1488 2726 111 71 ihn
1646 2725 379 88 widerlegte
2211 2747 152 42 vom
2414 2713 479 92 europäischen
2944 2709 200 73 Stand-

987 2824 246 91 punkte
1281 2847 117 43 aus
1587 2817 160 70 aber
1796 2816 90 69 da
1926 2841 70 42 er
2036 2819 63 64 in
2135 2807 452 74 Deutschland
2630 2834 77 42 so
2751 2802 288 89 mächtig
3081 2807 103 74 ist,

988 2918 87 68 da
1122 2942 70 43 er
1229 2913 166 69 viele
1437 2918 210 81 junge,
1698 2906 376 89 lebendige,
2123 2900 475 74 zukunftsvolle
2631 2896 231 71 Kräfte
2894 2892 290 80 ablenkt,

985 3005 413 90 zersplittert,
1449 3000 336 90 lahmlegt,
1836 3026 78 41 so
1964 2995 141 71 ist’s
2155 3000 206 84 nötig,
2422 2993 110 69 ihn
2583 3019 76 40 zu
2710 2986 293 73 erfassen
3053 2984 134 70 und

989 3098 139 71 sich
1176 3102 117 65 mit
1350 3094 133 70 ihm
1533 3090 744 73 auseinanderzusetzen
2343 3090 65 65 in
2474 3089 178 65 einer
2709 3109 77 42 so
2842 3076 344 92 typischen

990 3189 135 72 und
1199 3193 222 65 reinen
1496 3183 474 88 Erscheinung,
2047 3184 121 65 wie
2243 3178 119 70 das
2439 3177 287 68 Nelsons
2792 3170 216 71 Partei
3076 3170 115 69 der

990 3280 324 72 Vernunft
1364 3283 101 64 ist.

1083 3372 231 69 Worin
1370 3367 320 73 versehen
1747 3394 71 42 es
1878 3365 183 68 diese
2109 3361 464 71 Aristokraten
2631 3357 121 69 des
2801 3356 271 71 Geistes
3130 3358 61 63 in

994 3466 205 69 ihrem
1251 3461 250 89 Kampf
1548 3487 216 62 gegen
1816 3457 108 69 die
1973 3460 369 86 ungeistige
2391 3450 481 72 Demokratie?
2968 3447 228 76 Darin,

997 3556 133 70 daß
1211 3560 94 65 sie
1376 3551 329 73 zwischen
1779 3549 245 70 beiden
2098 3544 377 89 überhaupt
2552 3548 192 64 einen
2818 3540 377 89 Gegensatz

995 3650 475 68 konstruieren.
1544 3642 202 90 Jeder
1779 3638 392 91 anständige
2213 3636 136 70 und
2391 3635 398 88 überzeugte
2822 3629 374 72 Aristokrat

998 3738 156 71 muß
1188 3738 366 70 Demokrat
1594 3739 160 74 sein,
1806 3732 249 91 gerade
2097 3729 222 70 sofern
2362 3755 70 41 er
2472 3732 146 63 eine
2654 3722 387 72 Herrschaft
3083 3719 115 70 der

999 3832 242 69 Besten
1305 3828 145 70 will.
1564 3828 191 79 Dort,
1822 3851 104 42 wo
1994 3823 108 70 die
2164 3822 273 79 Aristoi,
2505 3818 110 69 die
2678 3818 266 76 Besten,
3011 3810 148 72 Edel-

998 3922 342 92 geborene
1397 3920 148 70 sind
1596 3918 167 70 oder
1810 3915 275 71 Reiche!
2154 3918 86 64 im
2300 3912 174 70 alten
2526 3904 520 82 Griechenland,
3115 3908 81 64 im
