3397 4572
640 469 156 58 Rosa
835 468 363 72 Luxemburg
1257 499 10 11 •
1329 463 112 59 Die
1480 463 166 59 Seele
1684 463 102 59 der
1826 467 326 58 russischen
2197 468 288 60 Literatur

2597 466 76 64 75

471 657 114 69 der
617 654 189 72 Geist
854 651 117 69 der
1018 648 368 72 russischen
1422 648 353 71 Literatur:
1830 649 123 71 das
1996 651 179 73 hohe
2226 657 246 70 soziale
2505 657 125 70 Ver-

471 741 791 91 antwortlichkeitsgefühl
1296 745 230 66 erwies
1576 740 137 71 sich
1765 741 110 70 bei
1925 742 256 74 diesem
2241 747 429 90 begnadeten

471 839 265 71 Dichter
783 837 245 71 stärker
1078 861 197 63 sogar
1324 833 95 70 als
1470 832 109 70 die
1629 832 208 73 Liebe
1886 864 115 41 zur
2052 839 232 83 Natur,
2345 869 149 43 zum
2555 872 77 40 un-

469 931 432 90 gebundenen
934 926 510 79 Wanderleben,
1479 953 146 42 zum
1662 927 391 88 poetischen
2091 931 338 73 Schaffen.
2514 935 153 70 Von

472 1024 118 70 der
596 1024 213 88 Woge
829 1023 114 68 der
960 1019 346 71 nahenden
1319 1018 531 71 revolutionären
1863 1019 346 76 Sturmflut
2227 1030 440 85 mitgerissen,

472 1128 370 59 verstummt
896 1143 66 41 er
1018 1113 93 70 als
1162 1110 270 73 Dichter
1482 1138 105 43 am
1639 1112 188 71 Ende
1887 1114 119 71 der
2065 1124 356 85 neunziger
2467 1121 201 88 Jahre

472 1214 221 64 immer
741 1208 195 80 mehr,
990 1235 103 39 um
1145 1234 116 41 nur
1310 1203 173 71 noch
1532 1204 94 70 als
1681 1206 447 91 Vorkämpfer
2188 1212 120 70 der
2358 1213 309 83 Freiheit,

475 1302 90 66 als
626 1305 299 85 geistiger
980 1298 422 88 Mittelpunkt
1466 1297 117 70 der
1648 1305 568 82 oppositionellen
2284 1307 385 92 Bewegung

469 1392 119 69 der
633 1391 357 70 russischen
1042 1391 363 90 Intelligenz
1456 1395 181 65 seine
1686 1391 243 90 Klinge
1988 1394 244 73 blitzen
2291 1427 77 41 zu
2420 1400 240 71 lassen.

475 1484 161 77 „Die
669 1482 390 72 Geschichte
1094 1486 245 66 meines
1374 1481 542 92 Zeitgenossen,“
1974 1486 108 71 die
2137 1495 62 64 in
2254 1490 129 70 den
2419 1493 248 87 Jahren

471 1576 172 68 1906
649 1579 176 65 —10
875 1583 61 62 in
985 1576 118 69 der
1146 1603 129 43 von
1317 1575 386 71 Korolenko
1755 1576 641 96 herausgegebenen
2439 1585 226 73 Revue

469 1664 176 79 „Der
674 1667 319 69 russische
1027 1668 380 71 Reichtum“
1463 1668 317 84 erschien,
1833 1675 84 67 ist
1967 1673 123 71 das
2136 1675 194 73 letzte
2366 1677 302 73 Produkt

459 1758 212 64 seiner
704 1757 210 80 Muse,
957 1786 120 41 nur
1108 1759 170 70 noch
1314 1761 156 69 halb
1507 1761 356 91 Dichtung,
1901 1764 164 73 aber
2096 1796 171 62 ganz
2292 1769 370 84 Wahrheit,

457 1849 118 63 wie
624 1846 174 81 alles,
852 1876 132 41 was
1032 1877 76 41 zu
1162 1852 249 69 diesem
1464 1853 226 71 Leben
1741 1857 261 89 gehört.

1451 1974 104 49 Aus
1577 1976 85 47 der
1690 1978 277 65 Einleitung
1993 2002 88 29 zu:
2113 1984 254 51 Wladimir
2385 1987 278 50 Korolenko

1460 2039 121 52 „Die
1614 2039 266 51 Geschichte
1913 2049 178 43 meines
2124 2046 381 62 Zeitgenossen“.
