3378 4572
845 491 78 59 60

1024 491 160 59 Rosa
1224 490 368 77 Luxemburg
1652 527 11 11 •
1725 493 111 58 Die
1875 493 163 60 Seele
2079 496 101 59 der
2220 495 320 58 russischen
2581 494 285 61 Literatur

845 674 174 71 ihrer
1051 674 368 85 Laufbahn,
1457 683 124 66 seit
1611 678 274 93 Anfang
1935 680 119 70 des
2092 682 105 67 19.
2233 678 502 90 Jahrhunderts,
2787 684 105 66 nie
2943 682 108 71 die

845 768 244 70 soziale
1122 768 687 74 Verantwortlichkeit
1838 772 399 90 verleugnet,
2276 776 109 64 nie
2423 771 130 69 den
2587 774 463 89 zernagenden

845 859 372 88 qualvollen
1284 859 195 72 Geist
1543 862 121 70 der
1716 862 636 90 gesellschaftlichen
2403 862 215 71 Kritik
2674 891 374 62 vergessen.

938 950 143 72 Seit
1129 956 97 66 sie
1283 959 116 64 mit
1446 953 326 73 Puschkin
1821 956 138 70 und
2009 955 422 71 Lermontow
2481 960 63 65 in
2604 957 407 89 unvergleich-

842 1042 237 71 lichem
1129 1044 214 72 Glanz
1392 1051 146 65 eine
1597 1047 335 72 sichtbare
1983 1047 223 70 Fahne
2256 1075 118 42 vor
2434 1047 116 72 der
2608 1047 444 75 Gesellschaft

842 1135 351 90 aufgerollt
1241 1136 202 82 hatte,
1495 1166 135 43 war
1678 1140 99 70 ihr
1810 1140 521 89 Lebensprinzip
2385 1139 118 71 der
2536 1140 252 90 Kampf
2834 1169 217 64 gegen

844 1225 384 84 Finsternis,
1283 1229 325 70 Unkultur
1673 1232 135 69 und
1866 1230 456 90 Bedrückung.
2431 1230 113 73 Sie
2609 1234 261 70 rüttelte
2937 1240 115 65 mit

840 1319 466 71 verzweifelter
1340 1320 191 72 Kraft
1564 1350 83 43 an
1682 1324 131 70 den
1849 1324 285 71 sozialen
2171 1323 138 69 und
2351 1324 398 88 politischen
2783 1326 265 82 Ketten,

841 1411 343 72 scheuerte
1255 1412 138 71 sich
1467 1441 83 42 an
1617 1416 196 71 ihnen
1879 1416 196 71 wund
2142 1416 135 70 und
2342 1416 214 70 zahlte
2623 1417 245 71 ehrlich
2942 1420 108 69 die

841 1503 259 71 Kosten
1151 1505 122 71 des
1324 1506 326 90 Kampfes
1700 1514 116 66 mit
1866 1508 204 72 ihrem
2124 1506 340 72 Herzblut.

934 1597 67 69 In
1052 1597 259 71 keinem
1364 1600 291 71 anderen
1691 1601 228 71 Lande
1968 1608 83 63 ist
2102 1606 146 65 eine
2300 1628 78 43 so
2413 1600 400 72 auffallende
2848 1602 162 72 Kurz-

840 1689 319 90 lebigkeit
1209 1691 118 69 der
1377 1691 643 91 hervorragendsten
2055 1694 327 70 Vertreter
2432 1693 121 71 der
2600 1694 325 72 Literatur
2971 1724 79 42 zu

840 1780 424 73 beobachten
1305 1788 122 66 wie
1477 1789 64 65 in
1584 1784 328 71 Rußland.
2011 1785 92 70 Zu
2147 1785 393 70 Dutzenden
2591 1787 269 69 starben
2912 1789 135 69 und

837 1874 372 71 verdarben
1268 1879 95 66 sie
1421 1881 86 64 im
1566 1877 381 71 blühenden
2009 1879 465 83 Mannesalter,
2535 1879 130 71 fast
2730 1879 171 71 noch
2961 1886 85 64 im

837 1966 513 91 Jünglingsalter
1396 1996 131 42 von
1576 1972 116 81 25,
1747 1972 87 67 27
1884 1971 271 87 Jahren,
2225 1969 193 83 oder,
2478 1999 188 42 wenn
2733 2000 73 42 es
2873 1972 173 72 hoch

836 2062 180 85 ging,
1068 2058 196 71 kaum
1315 2060 164 69 über
1526 2063 91 66 40
1664 2049 198 102 Jahre
1912 2063 118 82 alt,
2084 2061 205 71 durch
2341 2062 131 70 den
2524 2062 263 92 Strang,
2840 2065 203 71 durch

838 2150 298 71 direkten
1189 2152 166 69 oder
1404 2154 95 67 als
1550 2154 193 68 Duell
1792 2155 446 68 verkleideten
2290 2154 443 83 Selbstmord,
2787 2157 255 82 Irrsinn,

835 2248 354 85 vorzeitige
1261 2243 482 90 Erschöpfung.
1866 2245 95 70 So
2045 2245 118 70 der
2242 2245 151 70 edle
2467 2245 579 72 Freiheitsdichter

836 2334 314 90 Rylejew,
1204 2335 118 70 der
1380 2336 92 69 als
1524 2336 248 70 Führer
1829 2338 122 70 des
2003 2338 903 72 Dekabristen-Aufstandes
2956 2345 85 65 im

833 2427 199 87 Jahre
1087 2430 176 67 1826
1313 2428 435 90 hingerichtet
1794 2430 245 72 wurde.
2148 2429 94 73 So
2300 2429 325 73 Puschkin
2691 2432 135 70 und
2893 2432 113 71 Ler-

836 2531 312 70 montow,
1202 2519 109 69 die
1350 2521 305 87 genialen
1701 2521 331 90 Schöpfer
2077 2522 117 70 der
2235 2521 375 72 russischen
2647 2523 396 73 Dichtkunst

973 2611 201 71 beide
1226 2612 220 89 Opfer
1501 2612 120 70 des
1672 2613 228 70 Duells
2091 2620 115 63 mit
2271 2615 207 69 ihrem
2534 2644 256 62 ganzen
2848 2617 193 71 Kreis

831 2704 482 69 aufblühender
1348 2705 292 70 Talente.
1724 2706 95 70 So
1856 2707 117 69 der
2012 2706 386 90 Begründer
2434 2706 120 71 der
2595 2709 444 71 literarischen

833 2795 213 71 Kritik
1118 2796 136 70 und
1326 2795 384 71 Verfechter
1785 2799 116 70 der
1975 2798 421 90 Hegelschen
2470 2799 434 91 Philosophie
2977 2808 62 63 in

831 2886 338 85 Rußland,
1221 2888 331 89 Bjelinski,
1606 2894 202 65 sowie
1858 2889 502 89 Dobroljubow.
2470 2890 94 71 So
2625 2891 120 69 der
2810 2921 194 61 ausge-

827 2979 338 71 zeichnete
1214 2993 177 57 zarte
1434 2980 168 70 Poet
1642 2980 299 83 Kolzow,
1995 2983 242 70 dessen
2281 2982 238 72 Lieder
2567 2983 298 80 vielfach,
2917 2991 122 64 wie

830 3073 407 71 verwilderte
1291 3073 585 84 Gärtnerblumen,
1929 3081 64 64 in
2060 3076 108 69 die
2218 3076 326 72 russische
2592 3077 449 89 Volkspoesie

831 3165 616 90 hineingewachsen
1513 3166 170 70 sind.
1783 3167 96 71 So
1938 3168 121 70 der
2107 3167 333 90 Schöpfer
2500 3168 118 71 der
2666 3168 372 71 russischen

828 3257 341 71 Komödie
1197 3257 439 89 Gribojedow
1661 3260 136 68 und
1832 3265 139 65 sein
2006 3260 320 90 größerer
2354 3261 406 90 Nachfolger
2788 3262 249 89 Gogol.

831 3349 94 71 So
985 3361 132 59 erst
1171 3350 247 70 wieder
1472 3354 65 65 in
1603 3378 273 44 neuerer
1931 3351 143 71 Zeit
2140 3354 108 68 die
2314 3354 247 70 beiden
2625 3354 412 89 glänzenden

830 3443 581 71 Novellendichter
1423 3441 326 72 Garschin
1771 3445 136 69 und
1927 3444 429 72 Tschechow.
2394 3446 276 70 Andere
2698 3445 338 71 schmach*

826 3548 180 57 teten
1056 3534 393 90 Jahrzehnte
1501 3539 87 65 im
1640 3537 272 82 Kerker,
1966 3542 84 64 im
2102 3537 438 82 Zuchthause,
2595 3543 63 65 in
2710 3539 120 70 der
2876 3539 121 69 Ver-

827 3628 346 89 bannung,
1223 3634 123 65 wie
1406 3629 118 70 der
1575 3628 385 92 Begründer
2020 3632 118 68 der
2192 3632 372 70 russischen
2615 3631 424 87 Journalistik

830 3721 354 81 Novikow,
1253 3726 121 66 wie
1442 3722 108 69 die
1616 3721 741 73 Dekabristen-Führer
2407 3725 452 81 Bestuschew,
2917 3730 121 63 wie

826 3812 190 71 Fürst
1067 3812 415 89 Odojewski,
1533 3814 382 71 Alexander
1962 3844 60 41 v.
2070 3816 287 81 Herzen,
2408 3820 123 66 wie
2571 3815 466 91 Dostojewski,

826 3904 677 91 Tschernyschewski,
1556 3905 582 88 Schewtschenko,
2192 3909 412 70 Korolenko.
