3380 4572
1320 508 183 60 Anna
1536 507 263 62 Siemsen
1862 540 10 17 *
2559 507 113 61 Die
2088 507 195 60 Partei
2319 508 103 58 der
2448 506 280 74 Vernunft

918 512 80 60 54

924 694 136 71 und
1127 694 109 71 die
1303 694 304 71 Statuten
1672 693 100 71 ihr
1836 694 352 70 Kriterium
2261 690 172 71 sind.
2545 690 217 81 Alles,
2837 717 136 43 was
3044 698 92 63 sie

923 788 246 70 wirken
1202 788 272 81 könnte,
1508 787 191 71 wirkt
1732 790 98 66 sie
1865 813 106 43 am
1997 785 262 82 besten,
2294 809 192 44 wenn
2514 788 97 65 sie
2639 782 499 72 Gemeinschaft

925 879 139 71 und
1121 878 470 93 Gefolgschaft
1645 878 233 83 bleibt,
1946 905 191 43 wenn
2194 881 97 64 sie
2357 874 122 70 das
2536 879 180 65 reine
2763 874 375 71 Verhältnis

925 971 324 71 zwischen
1315 972 245 70 Lehrer
1623 971 137 70 und
1826 968 274 73 Schüler
2172 966 181 71 nicht
2426 966 206 71 durch
2705 966 435 90 überflüssige

924 1053 588 82 Äußerlichkeiten
1569 1070 169 63 stört
1800 1062 158 83 und,
2025 1067 87 64 im
2178 1060 301 89 übrigen,
2546 1065 65 63 in
2678 1057 108 71 die
2851 1057 289 72 anderen

925 1157 305 70 Parteien
1280 1155 138 71 sich
1469 1155 244 70 auflöst
1751 1154 137 69 und
1925 1154 155 69 dort
2113 1152 96 70 als
2242 1150 351 91 Sauerteig
2623 1151 190 70 wirkt
2998 1150 143 70 falls

927 1249 101 70 ihr
1078 1246 291 71 wirklich
1418 1246 233 73 Kräfte
1701 1246 122 71 des
1873 1245 383 89 Sauerteigs
2307 1243 459 71 innewohnen.

1019 1371 141 70 Das
1211 1371 161 81 ist’s,
1423 1397 136 44 was
1609 1370 102 71 ich
1761 1375 234 64 immer
2042 1367 247 70 wieder
2338 1366 109 70 bei
2498 1394 240 43 unsern
2782 1364 362 72 deutschen

925 1462 465 71 Aristokraten
1423 1490 131 42 von
1591 1461 269 72 Geistes
1896 1458 289 74 Gnaden
2219 1457 357 73 bezweifle.
2675 1457 254 71 Woher
2962 1457 185 70 diese

925 1554 750 90 Ansonderungssucht,
1709 1552 229 72 woher
1971 1552 143 70 dies
2151 1551 375 70 Mißtrauen
2552 1550 137 70 und
2717 1550 144 70 dies
2889 1550 215 71 Herab-

928 1648 207 69 sehen
1191 1645 110 71 auf
1360 1646 108 70 die
1517 1645 271 70 Massen
1802 1645 40 69 ?
1938 1643 254 71 Woher
2250 1643 109 69 die
2407 1641 425 90 Ansprüche,
2894 1641 109 70 die
3053 1646 95 65 sie

928 1739 103 71 für
1076 1739 140 70 sich
1266 1739 211 70 selbst
1522 1737 344 71 erheben?
1960 1735 256 71 Woher
2265 1737 219 68 dieser
2518 1735 193 71 Geist
2763 1734 118 71 der
2915 1735 188 69 Hono-

929 1831 508 82 ratiorenstube,
1477 1829 143 71 dies
1654 1831 168 69 uralt
1863 1827 320 72 deutsche
2218 1817 228 82 Übel?
2542 1827 342 70 Hochmut
2931 1831 82 66 ist
3055 1853 92 55 es,

930 1951 191 43 wenn
1154 1928 114 65 wir
1315 1951 73 42 es
1437 1922 302 89 kurzweg
1784 1947 204 65 sagen
2040 1919 233 72 sollen.
2371 1917 743 93 Selbstbespiegelungs-

930 2015 132 71 lust
1109 2015 136 70 und
1281 2013 438 80 Tatenscheu,
1765 2013 109 70 die
1925 2011 208 71 lieber
2183 2017 116 65 mit
2330 2012 278 70 Worten
2658 2010 180 82 ficht,
2891 2011 94 70 als
3037 2015 117 64 mit

930 2107 215 70 Taten
1193 2106 131 71 fest
1371 2105 245 71 zufaßt.

1023 2231 161 68 Wer
1231 2228 116 71 hat
1395 2227 179 71 denn
1624 2228 232 69 diesen
1892 2225 249 72 Greuel
2188 2253 132 42 von
2367 2225 457 89 vierjährigem
2871 2224 283 70 Morden

932 2322 316 81 beendet,
1301 2349 132 43 wer
1480 2321 118 70 hat
1649 2319 108 70 die
1791 2319 397 70 Revolution
2236 2318 317 90 gebracht
2602 2318 136 70 und
2788 2318 210 70 damit
3046 2317 111 70 die

932 2427 175 58 erste
1131 2412 290 73 Bresche
1445 2411 402 91 geschlagen
1875 2416 65 63 in
1969 2410 111 71 die
2118 2411 274 70 Mauern
2419 2410 350 71 veralteter
2792 2407 366 72 Vorrechte

933 2506 138 71 und
1096 2506 392 80 Vorurteile,
1517 2505 109 70 die
1644 2502 457 73 Deutschland
2118 2530 132 43 von
2272 2502 284 71 Freiheit
2571 2502 137 70 und
2727 2501 393 72 Menschlich-

933 2599 137 70 keit
1103 2596 366 73 scheiden?
1564 2595 170 84 Ach,
1779 2623 73 42 es
1899 2622 216 42 waren
2150 2594 179 70 nicht
2372 2595 108 70 die
2514 2595 212 69 Ritter
2755 2622 154 43 vom
2946 2594 213 80 Geist,

935 2690 180 71 nicht
1163 2690 112 70 die
1323 2689 475 89 Parteigänger
1846 2688 121 70 der
2012 2688 346 80 Vernunft,
2416 2687 295 69 sondern
2763 2687 109 69 die
2931 2687 230 71 blinde

934 2784 244 80 Masse,
1233 2780 122 72 das
1390 2779 198 81 Volk,
1642 2779 155 71 dem
1849 2779 108 70 die
1995 2779 139 69 Not
2183 2783 146 65 eine
2362 2778 453 71 Wirklichkeit
2847 2806 134 43 war
3025 2778 136 70 und

933 2874 328 73 Vernunft
1309 2878 105 66 ein
1465 2871 158 72 heiß
1671 2871 270 72 ersehnt
1991 2871 503 90 Notwendiges.

1027 2999 140 72 Auf
1200 2999 207 80 diese,
1446 2996 109 72 die
1583 2995 268 71 Helden
1888 2995 119 70 der
2039 2995 419 81 Revolution,
2496 2998 120 66 mit
2641 2984 523 100 Überlegenheit

938 3090 441 82 herabsehen,
1423 3117 134 43 von
1598 3089 200 70 ihnen
1840 3088 138 71 sich
2023 3088 312 81 sondern,
2372 3087 146 71 weil
2559 3114 152 44 man
2754 3087 111 69 die
2890 3087 234 69 Führer-

938 3183 235 81 schaft,
1233 3187 152 65 nein
1437 3182 109 68 die
1596 3179 391 73 Herrschaft
2034 3178 472 91 beansprucht,
2560 3179 123 70 das
2731 3177 257 72 scheint
3044 3182 120 66 mir

937 3275 264 72 blinder
1264 3275 97 69 als
1418 3273 213 82 blind,
1697 3272 216 90 gewiß
1971 3272 162 71 aber
2202 3272 108 71 die
2376 3271 566 90 unvernünftigste
3007 3271 157 70 aller

939 3366 491 93 unpolitischen
1468 3365 668 90 Handlungsweisen.
2226 3365 114 72 Sie
2374 3370 84 65 ist
2493 3363 280 72 deshalb
2806 3391 132 42 von
2966 3391 158 42 vorn-

939 3461 228 71 herein
1186 3489 110 42 zur
1309 3456 587 75 Unfruchtbarkeit
1913 3457 353 73 verurteilt.
2306 3456 232 73 Nichts
2556 3460 334 88 gewisser,
2912 3457 99 70 als
3031 3455 132 71 daß

941 3555 151 88 jede
1153 3553 522 87 Parteibildung,
1737 3550 110 70 die
1899 3554 162 85 jetzt
2117 3578 128 43 neu
2301 3549 310 72 versucht
2668 3549 184 82 wird,
2914 3577 84 42 an
3049 3548 117 71 der

943 3645 264 73 Gewalt
1239 3644 121 70 der
1393 3642 376 73 Tatsachen
1819 3640 326 92 zergehen
2179 3642 184 82 wird,
2419 3643 108 70 die
2576 3668 122 43 uns
2733 3640 127 71 alle
2909 3645 64 66 in
3009 3645 157 65 zwei

941 3737 214 93 große
1215 3736 213 91 Lager
1492 3734 320 73 scheidet.
1913 3734 234 71 Nichts
2221 3733 310 83 sicherer,
2599 3734 97 70 als
2766 3730 134 74 daß
2967 3733 199 70 heute

941 3830 315 72 niemand
1315 3830 121 69 das
1492 3830 310 88 gelingen
1851 3827 183 80 wird,
2086 3855 136 42 was
2270 3854 122 43 vor
2442 3828 136 70 100
2611 3824 245 89 Jahren
2905 3823 259 74 Fichtes

941 3922 383 93 gewaltiger
1374 3920 304 72 Inbrunst
1728 3918 314 91 mißlang.
