3530 4384
1737 64 103 50 184

246 219 167 43 fanterie,
440 217 66 35 mit
532 212 178 39 Fräulein
740 211 211 36 Constanze
980 207 134 47 Geiger
1142 206 109 37 Statt.
1300 204 70 36 Die
1393 202 141 48 jetzige
1562 200 187 45 Herzogin

251 291 77 23 war
363 277 55 35 als
458 277 80 33 eine
565 275 69 33 Art
660 269 337 38 Universal-Genie
1037 266 185 41 bekannt;
1267 264 54 35 sie
1362 261 240 47 componirte,
1646 270 106 35 sang,

251 339 137 42 tanzte,
418 334 130 47 spielte
576 332 151 35 Ciavier
752 331 78 35 und
856 326 194 43 Komödie,
1093 323 77 35 und
1211 323 67 34 hat
1317 323 81 35 sieh
1427 322 70 34 auf
1519 320 105 34 ihren
1652 317 82 35 zahl-

250 397 148 36 reichen
425 393 250 35 Kunstreisen
710 393 38 32 in
776 391 69 34 den
872 389 155 34 meisten
1055 385 156 35 Städten
1239 380 282 38 Deutschlands
1550 377 203 47 producirt,

248 454 134 47 jedoch
424 453 117 34 selten
582 451 60 35 die
681 447 241 49 gewünschte
952 444 282 43 Anerkennung
1262 441 202 46 gefunden.
1566 438 71 33 Die
1666 435 67 34 Ver-

256 515 214 44 bindungen
501 511 187 36 zwischen
714 508 290 37 Künstlerinnen
1039 505 78 33 und
1146 501 243 47 Mitgliedern
1416 500 64 34 der
1507 496 249 37 Aristokiatie

254 573 150 35 mehren
430 571 83 35 sich
540 571 38 33 in
606 571 118 33 Wien.
753 567 82 35 Wie
861 576 69 24 vor
957 564 147 45 einigen
1125 561 142 35 Jahren
1289 559 176 36 Fräulein
1493 556 138 36 Louise
1658 554 74 35 Neu-

256 643 111 24 raann
395 631 129 34 Gräfin
551 627 215 38 Schönborn
808 624 76 35 und
918 634 97 34 ganz
1043 621 173 36 kürzlich
1244 619 176 35 Fräulein
1449 617 210 34 Gossmann
1685 614 48 33 Ba-

256 691 107 35 ronin
389 688 189 36 Prokesch
606 685 137 44 wurde,
773 695 41 24 so
841 682 93 35 wird
961 680 83 35 sich
1070 681 39 33 in
1137 679 127 35 diesen
1295 679 130 43 Tagen
1453 675 58 34 die
1533 672 202 46 Schauspie-

254 750 94 36 lerin
376 749 176 35 Fräulein
579 745 148 36 Bossler
754 745 67 33 mit
849 743 82 35 dem
958 742 124 35 Baron
1108 740 141 45 Bruck,
1287 738 119 35 einem
1433 734 123 37 Sohne
1583 731 65 36 des
1676 743 61 24 ver-

260 809 194 37 storbenen
480 807 201 42 Ministers,
708 802 229 37 vermählen.

332 941 183 48 Paris,
546 941 35 37 2.
609 941 107 37 Juni.
745 938 214 38 Gluck's
987 937 203 35 Alceste
1222 931 94 37 wird
1342 942 78 25 nun
1448 928 94 38 doch
1569 939 69 24 zur
1663 926 72 35 Auf-

255 1007 163 43 führung
444 1004 183 40 kommen,
656 1000 172 37 wiewohl
855 999 119 35 meine
1002 995 148 35 frühere
1178 991 215 44 Nachricht,
1420 990 88 35 dass
1538 989 52 34 sie
1619 986 138 35 wieder

255 1063 272 45 zurückgelegt
562 1061 164 46 worden,
767 1060 248 35 vollkommen
1044 1053 209 48 begründet
1281 1063 87 23 war.
1424 1051 80 33 Das
1533 1047 223 35 Hinderniss

254 1126 61 44 lag
343 1135 47 24 an
417 1122 70 36 den
513 1122 265 45 Forderungen
819 1120 60 33 für
906 1117 64 34 das
998 1116 94 34 feste
1119 1112 257 47 Engagement
1404 1110 101 35 einer
1531 1107 222 35 berühmten

257 1183 194 46 Sängerin.
507 1181 266 46 Gegenwärtig
800 1179 50 34 ist
877 1178 57 33 ein
964 1175 258 46 Engagement
1241 1183 81 33 par
1348 1166 318 49 reprtsentations
1693 1164 67 35 mit

254 1243 178 35 Madame
459 1241 222 34 Viardot-
694 1239 92 34 Gar
801 1238 40 34 ci
854 1248 21 22 a
903 1234 304 47 abgeschlossen.
1254 1231 67 34 Bei
1348 1231 64 33 der
1440 1229 319 38 Inscenesetzung

257 1302 146 35 werden
447 1300 161 35 Auber
650 1298 76 33 und
764 1296 193 34 Berlioz
1002 1304 227 35 zugezogen,
1272 1302 73 23 von
1373 1291 119 33 denen
1522 1287 63 34 der
1621 1289 140 31 erstere

258 1362 93 35 noch
381 1361 58 33 die
467 1358 237 36 Traditionen
731 1355 170 35 früherer
927 1353 290 43 Aufführungen
1246 1348 181 37 bewahrt.

333 1421 90 33 Eine
451 1418 137 35 seltene
614 1415 260 44 Erscheinung
901 1415 37 33 in
965 1413 106 33 Paris
1108 1412 50 34 ist
1198 1410 64 34 der
1289 1408 131 35 Druck
1462 1406 102 35 eines
1610 1403 119 43 Quin-

259 1482 117 32 tetts
404 1479 61 32 für
489 1476 225 43 Pianoforte,
745 1473 159 42 Violine,
931 1471 121 43 Viola,
1081 1469 208 35 Violoncell
1319 1468 76 34 und
1427 1463 228 38 Contrabass
1684 1473 75 22 von

256 1538 169 36 Albert
453 1535 238 36 Sowinski
741 1535 51 33 Es
823 1533 103 35 hatte
953 1533 51 33 im
1031 1531 241 45 vorjährigen
1300 1528 182 35 Concerte
1511 1525 62 34 des
1603 1523 127 45 Compo-

254 1601 119 33 nisten
402 1606 152 35 grossen
582 1594 135 35 Beifall
745 1592 202 47 gefunden.

331 1659 89 33 Man
462 1656 92 34 wird
593 1655 39 34 in
660 1652 261 37 Deutschland
963 1651 114 34 kaum
1119 1649 203 46 begreifen,
1366 1646 87 34 dass
1480 1644 79 35 hier
1585 1644 38 33 in
1653 1642 106 34 Paris

255 1719 65 35 das
350 1713 574 48 Gesang-Unterrichts-System
963 1709 97 36 nach
1100 1709 210 40 Ziffern,
1356 1707 92 33 über
1489 1703 161 35 welches
1678 1702 83 34 dort

253 1779 128 44 längst
409 1777 64 34 der
500 1775 89 35 Stab
618 1773 225 47 gebrochen,
871 1772 93 34 noch
993 1768 238 47 Gegenstand
1260 1770 142 32 ernster
1430 1764 77 35 und
1534 1764 38 33 in
1603 1762 137 34 dicklei-

257 1839 110 44 bigen
395 1836 171 34 Büchern
595 1834 190 46 geführter
813 1830 280 46 Streitigkeiten
1119 1830 60 34 ist.
1233 1828 157 33 Männer
1418 1826 68 32 wie
1514 1823 139 42 Auber,
1681 1822 51 33 Ha-

256 1898 104 46 levy,
402 1897 211 44 Clapisson,
649 1894 174 41 Kastner,
851 1890 263 44 Niedermeyer
1142 1898 36 23 u.
1208 1898 28 24 s.
1267 1898 44 21 w.
1357 1884 125 34 halten
1511 1894 38 23 es
1578 1881 96 35 noch
1701 1881 62 34 für

256 1957 143 45 nöthig,
428 1956 169 45 dagegen
625 1954 234 33 aufzutreten
900 1949 77 35 und
1016 1949 80 33 ihre
1124 1947 179 44 Meinung
1342 1945 38 34 in
1424 1945 99 33 einer
1550 1941 211 36 Broschüre

256 2029 47 23 zu
331 2014 315 43 veröffentlichen,
692 2011 76 35 und
797 2009 124 37 Scudo
948 2009 79 34 ruft
1055 2008 67 33 mit
1150 2007 96 33 Zorn
1288 2016 88 23 aus:
1425 2029 16 15 B
1448 2003 118 33 Wenn
1597 2013 37 22 es
1663 2000 95 34 auch

256 2077 183 35 bewiesen
468 2076 111 38 wäre,
624 2073 86 33 dass
752 2071 116 34 durch
910 2069 158 34 Cheves
1111 2064 175 36 Methode
1326 2074 94 35 ganz
1450 2060 232 36 Frankreich
1723 2061 37 32 in

254 2135 332 43 vierundzwanzig
627 2131 166 35 Stunden
831 2128 164 46 jegliche
1024 2126 124 35 Musik
1190 2125 102 33 lesen
1335 2123 76 35 und
1456 2123 132 43 singen
1632 2121 129 34 lernen

255 2197 154 42 könnte,
437 2205 75 24 was
541 2194 91 33 Gott
659 2190 178 35 verhüte!
881 2201 40 23 so
948 2187 127 36 würde
1117 2185 94 35 doch
1243 2184 122 33 dieser
1392 2182 169 34 Vortheil
1591 2182 60 33 die
1679 2181 62 34 bar-

256 2254 172 36 barische
454 2253 240 43 Verwirrung
720 2249 105 35 nicht
854 2248 221 44 aufwiegen,
1117 2244 140 34 welche
1300 2243 99 33 diese
1428 2241 175 34 Methode
1630 2241 37 33 in
1696 2239 66 35 das

256 2312 267 37 musicalische
549 2309 287 47 Noten-System
863 2307 137 45 bringt,
1043 2305 64 34 das
1138 2304 58 33 die
1234 2304 142 43 einzige
1403 2300 362 46 Universalsprache

261 2375 70 34 auf
355 2373 64 36 der
447 2373 100 35 Welt

337 2511 279 36 Alexander
658 2504 314 49 Dreysehock
1013 2502 75 47 gab
1128 2503 36 32 in
1195 2502 54 34 St.
1279 2500 231 45 Petersburg
1537 2511 59 22 am
1627 2498 33 38 7.
1690 2500 78 34 Mai

257 2573 58 35 ein
345 2572 84 34 sehr
470 2570 200 36 besuchtes
698 2566 159 37 Concert
896 2566 51 33 im
987 2573 154 36 grossen
1171 2561 173 34 Theater.
1398 2561 70 32 Am
1500 2559 59 36 17.
1588 2559 77 35 Mai
1692 2560 74 45 gab

256 2631 169 36 derselbe
453 2632 58 34 ein
541 2629 160 35 Concert
728 2628 36 34 in
793 2623 220 42 Kronstadt,
1062 2622 116 45 folgte
1220 2621 97 34 dann
1346 2621 100 33 einer
1474 2619 216 45 Einladung
1719 2631 47 22 zu

258 2693 117 35 einem
404 2690 181 35 Concerte
613 2690 37 33 in
677 2689 96 44 Riga
818 2686 77 35 und
938 2684 92 35 wird
1071 2694 73 24 von
1186 2681 82 36 dort
1309 2681 100 34 seine
1439 2680 204 34 Rückreise
1670 2679 96 34 nach

259 2753 98 46 Prag
386 2754 182 32 antreten.

1596 2824 12 12 ♦

510 2876 469 40 Deutsche
1034 2871 476 38 Tonhalle.

334 2961 41 34 In
404 2960 116 45 Folge
549 2958 63 35 des
641 2970 58 22 am
727 2955 60 38 24.
820 2956 106 33 März
955 2954 183 45 erfolgten
1161 2951 123 35 Todes
1314 2951 64 34 des
1399 2951 124 34 Herrn
1542 2949 44 37 A.
1608 2949 136 35 Schüss-

260 3020 64 44 ler,
352 3019 62 35 des
442 3017 315 36 verdienstvollen
785 3014 190 36 Gründers
1006 3013 76 35 und
1112 3013 152 44 eifrigen
1286 3010 165 45 Pflegers
1481 3009 63 34 der
1573 3008 195 44 Tonhalle,

261 3080 66 34 hat
355 3080 58 33 die
449 3079 179 44 Führung
670 3088 152 23 unserer
858 3074 202 35 Geschäfte
1101 3074 80 33 eine
1223 3071 318 35 unvermeidliche
1568 3070 202 44 Zögerung

261 3139 182 41 erfahren,
472 3139 59 33 die
557 3139 64 33 wir
648 3137 83 34 sehr
761 3136 197 34 bedauern.
988 3132 131 35 Indem
1148 3133 65 33 wir
1242 3142 135 23 unsere
1400 3129 256 35 verehrlichen
1680 3129 66 32 Mit-

261 3199 144 46 glieder
446 3198 127 43 bitten,
614 3208 171 23 unserem
826 3194 324 47 gemeinnützigen
1182 3191 156 34 Vereine
1366 3190 60 35 ihr
1457 3190 204 34 Vertrauen
1690 3188 76 34 und

259 3260 82 34 ihre
371 3260 123 33 Gunst
520 3257 95 34 auch
645 3257 119 33 ferner
792 3267 46 22 zu
867 3255 207 41 bewahren,
1103 3250 183 37 ersuchen
1317 3250 66 33 wir
1411 3250 66 42 sie,
1521 3250 60 33 für
1608 3259 69 23 uns
1705 3247 42 36 be-

260 3320 165 33 stimmte
453 3317 123 34 Briefe
614 3316 77 34 und
730 3315 133 34 andere
891 3313 223 44 Sendungen
1161 3311 149 35 einfach
1355 3313 110 31 unter
1493 3309 63 34 der
1582 3309 184 35 Adresse:

262 3379 81 41 „An
373 3377 69 33 den
472 3376 186 34 Vorstand
696 3375 63 33 der
796 3374 203 34 deutschen
1028 3371 181 36 Tonhalle
1251 3372 37 32 in
1615 3368 155 45 postfrei

258 3448 69 24 uns
359 3437 169 45 zugehen
558 3447 46 22 zu
632 3435 134 34 lassen.
822 3433 179 45 Zugleich
1028 3432 157 34 machen
1218 3432 64 32 wir
1309 3428 177 43 bekannt,
1533 3428 87 34 dass
1661 3433 109 29 unter

258 3496 69 35 den
357 3494 73 40 261
463 3494 325 35 vaterländischen
818 3494 214 41 Gedichten,
1077 3491 140 35 welche
1248 3492 36 32 in
1312 3490 116 44 Folge
1456 3488 64 34 des
1549 3487 199 34 Ausschrei-

258 3555 91 36 bens
378 3568 84 23 vom
489 3556 93 33 Juni
613 3553 97 39 18G0
739 3554 58 34 bis
828 3554 98 34 Ende
956 3552 214 46 September
1199 3550 238 46 eingelaufen
1466 3547 95 44 sind,
1592 3548 68 33 wir
1688 3547 82 34 dem

262 3616 179 34 Gedichte
469 3616 62 34 Nr.
549 3614 48 37 38
625 3626 71 22 von
726 3614 116 34 Karl
872 3615 184 42 August
1082 3610 162 46 Mayer
1272 3612 38 32 in
1336 3608 227 42 Mannheim,
1592 3608 68 33 mit
1689 3606 82 35 dem

263 3676 134 35 Motto:
449 3675 172 45 „Schlag'
660 3675 109 33 deine
805 3675 135 42 Augen
983 3673 74 43 auf,
1098 3671 57 33 die
1194 3670 149 42 blauen,
1676 3666 95 35 nach

262 3736 233 45 sorgfältiger
514 3736 172 44 Prüfung
707 3734 116 34 durch
844 3738 232 40 competente
1091 3731 150 34 Richter
1270 3731 67 34 den
1356 3730 105 34 Preis
1491 3728 282 47 zugesprochen

265 3794 133 38 haben.
428 3796 242 45 Belobungen
699 3793 154 35 wurden
885 3791 210 34 zuerkannt
1122 3789 68 35 den
1221 3789 227 35 Gedichten:
1478 3789 64 36 Nr.
1566 3786 84 46 133,
1679 3786 94 36 ohne

266 3853 129 44 Motto,
422 3865 71 23 von
521 3855 187 34 Gustav
736 3852 176 35 Kühne
940 3852 36 33 in
1005 3849 187 43 Dresden;
1223 3850 61 33 Nr.
1314 3847 85 45 242,
1423 3850 66 32 mit
1518 3849 83 34 dem
1630 3847 142 35 Motto:

272 3913 121 42 „Mein
420 3914 148 35 theures
597 3914 198 35 deutsches
825 3910 220 46 Vaterland,
1075 3909 51 35 du
1155 3911 95 32 feste
1279 3908 106 46 Burg
1412 3909 36 33 in
1474 3908 130 35 Gottes

269 3982 72 24 von
371 3972 389 44 August,Stobbe
788 3972 39 35 in
854 3968 263 48 Königsberg;
1159 3969 63 35 Nr.
1251 3965 61 50 23,
1341 3969 65 33 mit
1436 3967 81 36 dem
1546 3969 138 34 Motto:
1718 3968 55 42 „O

1824 194 217 47 Vaterland,
2082 204 21 26 o
2130 190 217 45 Vaterland,
2387 190 68 34 wie
2491 190 51 34 ist
2582 188 98 37 mein
2709 188 99 35 Herz
2849 186 58 37 dir
2946 184 226 49 zugewandt
3184 184 33 36 !•
3263 196 76 26 von

1824 254 274 36 Woldemar
2138 250 197 36 Alberti
2374 249 38 34 in
2440 248 168 43 Schleiz;
2653 249 66 34 Nr.
2750 246 63 48 60,
2841 247 69 34 mit
2936 245 83 36 dem
3046 245 142 35 Motto:
3233 244 107 43 ©Wir

1823 313 136 35 wollen
1988 311 100 46 einig
2331 318 71 24 von
2431 306 44 35 F.
2504 306 43 35 C.
2574 306 250 45 Honcamp
2859 317 69 23 aus
2956 305 123 34 Büren
3106 305 38 33 in
3169 304 144 35 Westfa-

1824 372 81 44 len;
1945 372 64 35 Nr.
2039 369 60 47 96,
2137 370 68 34 mit
2232 369 86 34 dem
2344 368 139 34 Motto:
2526 366 95 43 „Wo
2649 365 182 35 deutsche
2858 365 159 35 Männer
3043 363 294 36 kraftbewusst*

1824 444 37 26 u.
1891 442 30 26 s.
1949 442 60 31 w.,
2035 440 74 24 von
2137 428 179 35 Adolar
2344 425 215 37 Gerhard
2586 427 40 33 in
2653 425 168 46 Leipzig,
2850 425 77 34 und
2954 426 65 34 Nr.
3050 421 84 47 186,
3163 423 68 33 mit
3254 421 83 35 dem

1825 491 139 34 Motto:
1997 489 100 43 „Ans
2125 485 219 46 Vaterland,
2375 497 68 24 ans
2471 485 143 44 theure,
2642 484 169 36 schliess'
2841 484 87 35 dich
3055 494 39 24 u.
3124 494 29 25 s.
3180 493 58 32 w.,
3266 491 75 26 von

1826 549 237 37 Heinrich
2090 546 297 37 Hildebrand
2413 546 38 35 in
2473 543 249 36 Lautereken.
2752 543 79 34 Das
2853 543 185 46 gekrönte
3060 541 162 38 Gedicht
3245 539 94 37 wird

1828 609 223 36 demnächst
2078 619 68 24 zur
2174 606 257 46 Composition
2459 603 278 36 veröffentlicht
2763 601 160 36 werden.

1904 668 233 44 Mannheim,
2166 666 71 35 den
2264 664 62 40 30.
2352 665 79 36 Mai
2462 662 110 39 1861.

2815 720 105 37 Der
2960 718 305 39 Vorstand.

2204 3449 70 49 pic

1840 3510 187 35 erscheint
2056 3509 114 46 jeden
2209 3509 170 45 Samstag
2420 3510 39 32 in
2502 3509 122 32 einem
2666 3518 145 34 ganzen
2846 3506 130 45 Bogen
3019 3504 69 33 mit
3121 3500 240 46 zwanglosen

1841 3561 193 46 Beilagen.
2140 3561 78 32 Der
2239 3559 382 45 Abonnementspreis
2641 3558 148 44 beträgt
2822 3557 61 33 für
2911 3556 64 33 das
2996 3552 186 45 Halbjahr
3209 3549 22 36 2
3248 3551 115 43 Thlr.,

1841 3613 59 35 bei
1929 3612 70 34 den
2020 3612 47 33 K.
2096 3621 141 36 preuss.
2260 3608 308 36 Post-Anstalten
2595 3607 24 36 2
2634 3607 103 35 Thlr.
2762 3607 22 37 5
2804 3606 81 46 Sgr.
2939 3606 96 33 Eine
3063 3601 168 38 einzelne
3250 3602 84 36 Num-

1841 3674 78 23 mer
1945 3661 25 36 4
1998 3662 81 45 Sgr»

1944 3714 125 34 Briefe
2095 3712 79 35 und
2192 3711 276 47 Zusendungen
2501 3709 92 35 aller
2612 3709 69 34 Art
2708 3706 151 37 werden
2886 3709 111 31 unter
3024 3704 64 36 der
3111 3703 163 37 Adresse
3303 3702 63 37 der

1843 3765 52 36 M.
1924 3761 538 48 DuMont-Schauberg'schen
2489 3759 303 46 Buchhandlung
2819 3759 39 33 in
2886 3757 101 35 Köln
3017 3757 162 36 erbeten.

1963 3860 354 36 Verantwortlicher
2345 3858 284 46 Herausgeber:
2660 3855 99 35 Prof.
2792 3853 34 34 L
2830 3879 11 11 ♦
2871 3852 172 45 Bischoff
3065 3854 39 32 in
3133 3852 114 36 Köln.

1920 3913 196 46 Verleger:
2147 3911 52 35 M.
2230 3906 425 47 DuMont-Schauberg'
2661 3906 88 35 sehe
2776 3904 300 46 Buchhandlung
3106 3905 39 33 in
3174 3902 115 37 Köln.

1881 3964 189 37 Drucker:
2100 3963 54 37 Jf.
2183 3959 414 47 DuMont-Schauberg
2625 3959 39 34 in
2692 3956 113 45 Köln,
2842 3957 241 35 Breitstrasse
3112 3954 48 39 76
3185 3966 36 25 u.
3253 3953 62 40 78.

2358 1002 450 74 2lttkttttMijttttoett.

2014 1170 143 60 Slßtt
2195 1168 35 58 4
2270 1168 140 74 ftljlr.
2449 1166 60 57 12
2730 1168 81 71 für
2850 1165 25 60 l
2884 1166 12 30 !
2897 1166 29 66 /
2927 1202 16 27 3
2989 1165 168 74 ®l)lt.!

2105 1297 513 62 Komponisten
3203 1297 135 47 der

1900 1373 26 36 4
1952 1371 141 47 Bände,
2138 1372 101 34 circa
2265 1369 49 37 90
2342 1371 128 44 Bogen
2498 1369 187 36 broschirt
2707 1368 159 46 .(früher
2891 1369 24 35 4
2944 1369 106 37 Thlr.
3080 1368 46 36 12
3154 1369 122 47 Ngr.),

2407 1433 112 38 jetzt
2548 1428 75 50 IV3
2648 1434 115 31 Thlr.

1935 1491 113 37 Diese
2065 1489 223 47 Sammlung
2317 1489 142 35 enthält
2487 1490 59 34 die
2573 1487 364 48 Biographieen
2963 1499 74 24 von
3056 1488 49 34 22
3135 1486 212 36 Tonkünst-

1832 1545 84 35 lern
1945 1541 139 47 (Bach,
2115 1541 237 41 Schumann,
2373 1540 189 45 Spontini,
2584 1539 192 44 Schubert,
2799 1538 211 44 Boieldieu,
3027 1537 125 36 idam

1831 1596 83 34 imc?
1941 1592 228 37 Kritiken
2196 1592 106 34 ihrer
2328 1591 141 36 Werke.
2503 1591 64 36 Sie
2592 1591 78 46 gibt
2689 1590 66 35 mit
2770 1596 166 40 grosster
2956 1589 393 47 Gewissenhaftigkeit

1832 1646 82 35 und
1948 1644 317 36 Wahrheitstreue
2293 1643 60 34 die
2378 1641 355 48 umfangreichsten,
2776 1653 69 23 aus
2874 1640 284 35 authentischen
3191 1639 158 44 Quellen

1828 1697 244 47 geschöpften
2102 1693 270 44 Nachrichten,
2416 1693 161 35 kritisirt
2619 1692 59 35 die
2707 1691 289 35 bedeutendsten
3036 1691 130 34 Werke
3194 1691 69 35 der
3290 1691 59 35 be-

1830 1749 174 35 rühmten
2047 1745 253 36 Tonkünstler
2339 1744 83 35 und
2461 1744 124 45 liefert
2622 1744 107 34 somit
2770 1742 111 35 eine
2930 1742 288 35 Geschichte
3258 1741 93 36 der

1833 1810 213 24 neueren
2086 1797 172 35 Musik.
2312 1795 116 36 Jeder
2458 1794 163 37 Freund
2662 1794 67 35 der
2765 1793 205 43 Tonkunst,
3152 1792 199 47 wahrhaft

1838 1850 189 36 Gebildete
2054 1848 97 35 wird
2190 1848 99 35 diese
2329 1846 138 35 schöne
2495 1845 222 47 Sammlung
2757 1857 47 22 zu
2843 1856 47 23 so
2936 1855 157 25 enorm
3135 1842 216 48 billigem

1834 1901 168 35 Preise
2028 1900 129 46 gewiss
2184 1911 95 35 gern
2308 1898 157 46 kaufen.

1934 1951 56 34 Zu
2030 1949 172 36 beziehen
2244 1949 121 36 durch
2397 1948 90 46 jede
2515 1947 127 36 Buch-
2677 1946 84 36 und
2787 1945 433 48 Musicalienhandlung
3258 1944 93 38 oder

1830 2014 118 36 gegen
1977 2001 251 48 Einsendung
2257 2001 63 35 des
2347 1999 184 47 Betrages
2560 1999 158 35 direet
2744 2010 74 23 von

2431 2049 165 39 JEmii
3009 2046 42 37 in
3079 2046 169 48 Leipzig.

1934 2148 51 35 In
2011 2147 158 36 meinem
2198 2147 159 45 Verlage
2385 2145 219 35 erschienen
2632 2144 64 34 mit
2725 2143 403 46 Eigenthumsrechten
3155 2142 83 36 und
3264 2142 91 36 sind

1834 2199 123 36 durch
1987 2200 40 34 C.
2059 2200 44 36 F.
2132 2197 182 37 Feters'
2343 2195 207 37 Sortiment
2578 2195 61 46 (A.
2681 2194 269 47 Whistling)
2992 2194 42 35 in
3070 2193 198 48 Leipzig
3307 2205 48 24 zu

1836 2250 192 36 beziehen:

2241 2305 80 61 24
2364 2311 237 54 Preludes
2644 2309 311 55 d'Amateurs

2096 2399 119 36 dans
2256 2401 117 33 tous
2412 2397 69 35 les
2522 2399 109 32 tons
2666 2395 71 36 les
2779 2395 112 46 plus

2464 2469 106 32 pour
2596 2460 133 30 Piano

2549 2527 83 34 par

2049 2579 315 72 Charles
2418 2577 289 93 Mayer.
2775 2576 148 93 Op.
2980 2575 173 71 323.

2351 2697 84 36 Liv.
2462 2696 45 44 1.,
2534 2695 48 37 11.
2621 2695 22 34 h
2672 2692 47 38 20
2748 2695 93 45 Ngr.

2206 2776 330 38 Demaiides
2575 2778 56 35 et
2668 2777 322 44 Reponses«

2136 2839 167 35 Valse
2345 2836 402 37 sentimentale
2794 2834 57 37 de
2897 2833 166 36 Salon

2402 2908 94 36 pour
2534 2897 152 33 Piano
2725 2906 70 35 par

3008 2957 93 58 M.
2543 2956 237 58 Uertwrb.

2352 3043 176 36 Preis
2576 3040 101 49 12%
2721 3041 123 46 Ngr.

2057 3102 53 38 St.
2226 3102 241 48 Petersburg.
2838 3097 79 39 UM.

1943 3202 85 35 Alle
2065 3201 41 35 in
2144 3201 122 34 dieser
2294 3198 305 46 Musik-Zeitung
2637 3196 275 45 besprochenen
2939 3194 82 35 und
3049 3193 307 47 angekündigten

1840 3253 225 37 Musicalien
2094 3258 63 29 etc.
2187 3251 87 34 sind
2317 3263 46 22 zu
2398 3250 170 35 erhalten
2602 3249 41 34 in
2672 3248 69 35 der
2767 3252 85 29 stets
2879 3244 227 46 vollständig
3135 3245 222 34 assortirten

1841 3302 464 45 Musicalien-Handlung
2329 3300 82 35 und
2438 3300 242 35 Leihanstalt
2707 3311 73 23 von
2797 3295 310 37 BERNHARD
3127 3295 231 35 BREUER

1840 3355 40 36 in
1909 3356 116 35 Köln,
2054 3353 248 36 Hochstrasse
2330 3352 73 35 Nr.
2433 3354 60 33 97.
