2532 4071
1150 377 134 62 99

286 533 189 62 forte.
513 533 74 60 Et
639 550 163 43 vous
854 533 110 79 qui
1021 550 164 44 vous
1240 533 297 80 plaignez
1584 531 159 81 qu'il
1797 528 107 80 n'y
1964 528 91 61 ait
2097 528 146 80 plus

285 623 393 63 d'honnêtes
711 625 318 72 hommes,
1070 641 447 62 rangez-vous.

370 719 93 57 Du
489 715 206 61 talent
718 716 198 60 aussi.
934 717 177 60 Vous
1138 715 356 62 demandez
1520 715 86 61 du
1621 712 227 73 talent,
1870 733 86 40 un
1978 715 266 61 homme

290 808 114 78 qui
440 806 125 61 soit
596 806 372 80 quelqu'un.
1000 809 176 58 Vous
1226 806 302 79 déplorez
1570 808 65 58 la
1675 805 384 61 médiocrité
2092 808 60 58 et
2180 806 64 59 la

291 896 323 82 platitude
666 898 109 59 des
838 896 369 63 candidats.
1270 898 220 61 Cessez
1541 914 113 43 vos
1713 895 298 80 plaintes.
2059 895 184 60 Voici

287 985 357 80 quelqu'un
687 1007 14 38 :
762 985 60 60 le
873 990 315 56 novateur
1240 987 193 61 hardi
1468 988 60 58 et
1575 985 481 78 incorruptible
2106 985 133 79 qui,

286 1077 231 77 depuis
570 1076 188 78 vingt
809 1095 137 52 ans,
988 1077 116 59 bat
1155 1095 80 40 en
1269 1077 241 59 brèche
1564 1076 58 59 le
1664 1077 255 58 théâtre
1959 1093 244 43 conven-

289 1167 248 61 tionnel
569 1168 60 60 et
652 1166 77 61 de
760 1183 390 63 mensonges
1184 1167 112 79 qui
1331 1167 301 61 effémine
1669 1170 60 55 et
1760 1166 206 59 abêtit
1997 1167 251 77 l'esprit

287 1256 249 80 public,
576 1258 60 59 et
678 1257 111 79 qui
821 1275 43 62 y
897 1275 34 43 a
983 1256 121 61 fait
1134 1256 66 61 la
1251 1257 244 60 brèche
1539 1275 121 61 par
1706 1262 85 52 où
1823 1275 87 39 un
1943 1261 99 53 art
2073 1275 132 41 nou-

286 1366 188 54 veau,
537 1347 272 79 indiqué
882 1366 119 61 par
1077 1346 116 74 lui,
1260 1350 293 72 entrera;
1637 1346 330 61 l'écrivain
2027 1347 219 78 jeune,

289 1439 254 75 ardent,
615 1439 275 61 humain
973 1440 62 60 et
1122 1437 330 63 socialiste
1524 1437 76 61 de
1672 1435 232 61 Michel

287 1530 333 61 l'écrivain
678 1531 262 60 robuste
993 1531 61 60 et
1119 1531 424 79 sarcastique,
1586 1529 202 61 social
1838 1548 260 52 encore,
2136 1530 111 60 des

292 1620 351 71 Corbeaux,
677 1620 274 61 l'auteur
984 1620 77 61 de
1085 1619 65 62 la
1181 1619 370 62 Parisienne
1583 1671 11 26 ,
1618 1620 60 60 le
1711 1619 392 80 fustigateur
2136 1620 111 60 des

295 1709 435 61 Polichinelles
757 1712 76 59 de
857 1712 65 59 la
954 1711 255 59 finance
1245 1713 61 58 et
1338 1712 76 61 de
1439 1711 65 59 la
1531 1709 318 80 politique
1870 1731 11 48 ;
1906 1730 88 39 un
2017 1714 231 56 auteur

289 1801 77 61 de
407 1801 287 80 premier
747 1802 213 71 ordre,
998 1821 89 39 un
1147 1802 206 79 esprit
1411 1801 363 80 supérieur,
1835 1801 191 59 d'une
2075 1799 172 61 belle

286 1891 324 61 bravoure
640 1896 65 56 et
737 1892 189 61 d'une
953 1890 172 62 belle
1144 1893 243 60 netteté
1415 1891 352 79 française,
1802 1910 87 39 un
1923 1893 325 58 caractère

287 1982 78 61 de
407 1987 276 74 trempe,
732 1987 228 70 certes,
1012 2000 79 42 en
1137 1981 119 61 fait
1296 1982 77 61 de
1420 1981 335 62 candidat.
1805 1982 179 61 Vous
2028 1981 218 61 n'avez

286 2092 116 60 pas
431 2079 37 54 à
498 2092 161 41 vous
692 2072 319 80 plaindre.

366 2165 128 60 Ah!
539 2164 97 61 sil
670 2186 36 57 y
748 2165 179 60 avait
963 2184 124 42 une
1131 2169 330 79 jeunesse,
1515 2166 54 60 si
1611 2168 66 59 la
1727 2165 308 79 jeunesse
2092 2164 156 60 était

282 2257 222 77 jeune,
568 2272 251 44 comme
888 2255 121 61 elle
1071 2257 255 62 devrait
1390 2262 186 56 voter
1650 2277 79 41 en
1805 2273 213 42 masse
2087 2273 161 57 pour

290 2348 79 60 M.
402 2349 217 74 Henry
650 2346 274 77 Becque,
958 2351 61 55 et
1044 2347 372 62 l'acclamer
1444 2349 61 59 et
1542 2348 61 60 le
1636 2351 224 76 porter
1890 2346 319 76 triompha-

287 2436 245 61 lement
584 2441 37 54 à
668 2434 66 61 la
783 2436 344 62 Chambre.
1180 2436 224 72 Quelle
1462 2436 170 61 belle
1688 2434 429 80 protestation
2169 2451 78 41 en

292 2526 140 60 face
463 2526 110 58 des
606 2526 403 77 panamistes
1044 2528 61 58 et
1132 2526 110 62 des
1278 2525 395 62 médiocres!
1712 2525 140 72 Oui,
1884 2523 48 59 il
1962 2522 288 61 faudrait

295 2616 58 60 le
388 2616 166 60 crier
582 2615 156 59 bien
770 2616 184 69 haut,
992 2616 60 60 le
1085 2616 371 60 claironner
1481 2620 287 75 partout.
1835 2614 210 74 Enfin,
2080 2631 166 43 nous

291 2721 207 45 avons
529 2723 87 40 un
647 2704 282 61 honnête
965 2705 263 61 homme
1261 2707 60 58 et
1365 2724 87 41 un
1485 2706 261 60 homme
1782 2704 76 61 de
1900 2704 203 61 talent
2135 2701 112 81 qui

294 2814 64 43 se
390 2798 300 76 présente
724 2813 128 41 aux
896 2794 311 62 élections
1227 2796 11 59 !
1278 2795 162 61 C'est
1490 2799 39 57 à
1580 2796 112 80 qui
1746 2795 251 61 devrait
2028 2794 219 79 prêter

286 2903 105 43 ses
421 2885 156 60 bras
617 2902 166 61 pour
822 2884 58 61 le
916 2887 272 61 hausser
1232 2885 146 80 plus
1423 2887 186 72 haut,
1652 2887 61 61 le
1759 2892 292 56 montrer
2101 2889 38 56 à
2182 2884 67 61 la

290 2978 268 71 France,
596 2979 38 56 à
664 2975 329 79 l'Europe!
1031 2977 166 61 C'est
1228 2978 54 61 si
1321 2995 222 44 rare...

370 3066 129 59 Son
559 3068 453 76 programme?
1072 3069 83 60 Le
1222 3086 436 62 programune
1735 3069 76 59 de
1882 3069 77 60 M.
2026 3071 218 76 Henry

291 3156 283 77 Becque!
612 3157 96 58 Ma
748 3155 116 72 foi,
903 3157 65 79 je
1010 3176 79 43 ne
1134 3158 60 61 le
1228 3158 271 63 connais
1550 3177 138 61 pas.
1730 3161 179 58 Nous
1959 3176 80 43 en
2082 3158 122 61 don-

290 3245 310 63 nera-t-il
631 3249 125 57 un?
785 3246 151 62 c'est
968 3249 314 80 possible.
1326 3250 156 61 Mais
1518 3251 148 79 quel
1701 3266 415 63 programme
2144 3268 100 41 me

290 3336 233 61 faut-il
555 3337 78 60 de
661 3336 144 80 plus
841 3356 122 60 que
998 3358 119 42 son
1151 3358 176 53 nom,
1365 3356 100 44 ses
1494 3356 255 44 œuvres
1782 3342 58 58 et
1879 3356 69 42 sa
1989 3339 102 59 vie
2111 3340 27 57 ?
2172 3341 74 57 Et

290 3428 146 78 puis
468 3445 86 41 un
584 3445 417 61 programme
1039 3433 92 57 est
1164 3431 303 79 toujours
1500 3430 194 60 chose
1727 3429 226 61 étroite
1989 3433 60 57 et
2094 3430 115 60 inu-

287 3516 135 61 tile.
455 3518 49 57 A
536 3520 154 74 quoi
718 3518 131 61 bon
875 3524 360 74 promettre
1266 3520 111 61 des
1401 3519 229 61 choses
1663 3520 195 78 qu'on
1891 3537 79 43 ne
2003 3538 244 60 pourra

289 3605 327 82 peut-être
658 3626 116 61 pas
822 3609 194 74 tenir,
1070 3610 379 63 s'enfermer
1503 3609 350 62 soi-même
1910 3609 162 61 dans
2134 3612 110 61 des
