2532 4071
1130 381 113 60 111

216 529 212 79 piller,
486 535 362 73 incendier,
906 543 148 55 tuer
1100 537 93 62 les
1249 540 375 71 hommes..,
1677 546 59 56 et
1787 543 257 61 enlever
2091 546 91 61 les

217 620 373 66 femmes....
673 628 227 60 C'était
964 630 62 59 là
1105 630 109 61 des
1296 630 318 77 gaillards
1685 639 37 54 à
1795 636 385 62 conscience

219 711 275 64 robuste
542 738 33 35 »
602 716 87 80 (p.
720 717 317 82 192-194).

302 804 698 82 Hilde,cependant,ne
1031 810 155 60 cède
1220 811 272 78 pas,elle
1525 814 281 61 réclame
1823 816 314 79 impérieu-

214 898 252 57 sement
500 914 69 42 ce
586 898 193 76 qu'on
797 900 88 59 lui
908 919 37 40 a
966 902 245 74 promis
1235 921 12 40 :
1272 903 60 58 la
1357 904 375 62 réalisation
1751 907 74 59 de
1850 927 119 41 son
2001 912 168 68 rêve,

213 984 213 61 même
462 987 51 59 si
557 989 121 59 elle
721 989 213 61 devait
966 990 234 78 perdre
1252 994 168 59 celui
1473 996 109 76 qui
1624 998 173 74 jadis
1853 998 317 80 l'évoqua,

216 1073 260 61 Comme
506 1077 54 57 M
570 1086 62 23 me
650 1078 232 74 Alving
909 1097 67 41 se
1009 1081 257 77 réfugia
1299 1082 150 60 chez
1473 1083 58 60 le
1552 1092 264 70 pasteur
1854 1091 316 71 Manders,

216 1181 249 43 comme
485 1167 222 60 Hedda
722 1168 237 61 Gabier
974 1170 189 59 voulu
1182 1176 18 53 t
1216 1190 259 60 essayer
1491 1191 109 41 sur
1623 1176 214 76 Eylert
1863 1182 313 76 Lœvborg

209 1253 66 61 la
306 1257 277 60 vertude
619 1277 72 41 sa
710 1260 346 77 puissance
1077 1261 509 74 féminine,ainsi
1611 1266 186 60 Hilde
1812 1270 272 77 Wangel
2109 1291 66 41 se

212 1344 188 78 place
435 1347 235 61 devant
725 1351 281 59 Halvard
1045 1351 260 61 Solness
1356 1371 166 60 pour
1572 1357 432 79 revendiquer
2056 1380 119 41 son

213 1453 340 59 royaume.
578 1439 153 61 Mais
755 1440 263 61 Solness
1053 1441 163 60 n'est
1248 1443 66 58 ni
1334 1445 299 60 Manders
1656 1446 65 58 ni
1750 1448 357 81 Loevborg,
2129 1450 49 59 il

216 1543 78 41 ne
326 1544 69 43 se
425 1528 200 77 drape
656 1549 118 59 pas
807 1531 159 60 dans
985 1531 56 60 le
1065 1538 308 56 manteau
1407 1535 109 60 des
1543 1542 526 69 convenances,il
2093 1562 78 41 ne

212 1615 123 60 fuit
367 1634 117 60 pas
520 1637 144 42 vers
691 1620 282 61 l'ivresse
1006 1622 280 77 impure.
1310 1625 409 78 Loyalement
1737 1628 45 57 il
1813 1634 250 56 tentera
2096 1633 77 60 de

211 1704 270 61 réaliser
494 1726 70 40 sa
578 1727 351 57 promesse,
942 1711 47 58 il
1004 1713 264 58 vaincra
1284 1731 119 42 son
1417 1716 442 78 vertige,pour
1873 1726 221 70 porter
2107 1721 63 61 la

219 1811 332 46 couronne
586 1816 111 42 sur
730 1799 63 60 la
826 1802 298 60 nouvelle
1152 1801 304 62 demeure
1489 1822 82 41 au
1604 1806 221 79 risque
1870 1808 106 79 d'y
2016 1810 122 62 lais-

217 1901 103 42 ser
353 1904 71 41 sa
453 1887 125 60 vie.

298 1975 135 72 Que
470 1979 391 76 perdra-t-il
898 1981 85 60 du
1033 1984 219 58 reste?
1285 1985 240 77 Depuis
1561 1986 109 60 dix
1708 2006 119 41 ans
1856 1989 158 78 qu'il
2046 1998 97 54 tra-

205 2065 226 74 vaille,
481 2066 47 59 il
583 2088 34 39 a
679 2074 283 57 renoncé
1025 2076 38 55 à
1106 2075 367 60 construire
1536 2076 110 60 des
1708 2078 250 78 églises,
2006 2099 167 60 pour

211 2156 231 60 édifier
478 2159 110 61 des
625 2160 339 62 demeures
999 2180 165 63 pour
1197 2164 92 61 les
1317 2166 316 72 hommes,
1675 2173 58 54 et
1765 2170 90 59 les
1881 2172 289 62 hommes

211 2264 82 42 ne
327 2248 270 61 veulent
622 2269 114 59 pas
776 2252 76 59 de
887 2272 99 42 ses
1022 2254 362 61 demeures.
1418 2290 73 11 —
1529 2258 49 57 11
1608 2277 78 41 va
1724 2259 446 65 doncréaliser

217 2334 400 83 l'impossible
646 2358 12 41 :
678 2339 48 60 il
748 2348 221 53 monte
1006 2343 335 62 lui-même
1375 2363 81 41 au
1494 2353 277 53 sommet
1807 2356 61 52 et
1893 2351 271 61 l'enlace

212 2427 76 60 de
322 2427 65 58 la
421 2446 360 47 couronne.
829 2433 208 75 Hilde,
1086 2434 64 59 la
1204 2436 203 75 petite
1465 2434 418 64 admiratrice
1909 2440 153 59 folle
2095 2448 62 55 et

217 2517 355 71 écervelée,
602 2520 188 59 Hilde
825 2540 241 57 pousse
1100 2522 109 60 des
1243 2525 123 58 cris
1402 2525 76 58 de
1506 2525 133 76 joie
1694 2545 11 41 :
1761 2549 32 31 «
1837 2528 331 64 J'entends

213 2624 88 39 un
335 2607 270 59 chant...
679 2627 87 40 un
802 2612 193 57 chant
1031 2614 386 73 puissant...
1487 2614 260 60 l'œuvre
1783 2621 92 55 est
1919 2636 209 44 accom-

217 2694 209 78 plie...
465 2697 153 59 Yive
654 2700 230 57 maître
918 2700 296 60 Solness!
1265 2723 34 34 »

298 2786 140 57 Aux
487 2785 638 80 applaudissements
1186 2791 76 60 de
1314 2793 64 58 la
1432 2794 366 76 multitude,
1848 2798 55 59 le
1962 2803 203 72 grand

219 2879 453 56 constructeur
708 2878 181 59 lâche
927 2879 153 77 pied
1117 2887 59 54 et
1218 2881 176 60 vient
1434 2884 308 61 s'abattre
1787 2904 78 42 au
1907 2889 145 76 pied
2091 2892 77 59 de

216 2964 64 60 la
355 2965 277 70 maison,
697 2965 58 61 le
818 2970 195 59 crâne
1088 2970 197 61 brisé.
1350 2974 80 60 Sa
1500 2974 235 61 femme
1807 2979 362 62 s'évanouit

218 3076 33 35 «
308 3072 249 51 comice
611 3075 83 40 on
750 3059 169 59 avait
967 3061 176 59 alors
1207 3068 304 59 coutume
1568 3066 76 58 de
1691 3067 57 60 le
1803 3068 163 61 faire
2023 3092 33 37 »
2110 3076 59 56 et

216 3144 189 59 Hilde
433 3162 152 42 avec
618 3165 122 42 une
766 3151 372 76 expression
1164 3151 436 80 d'égarement
1634 3160 59 55 et
1717 3157 73 60 de
1816 3160 348 76 triomphe,

213 3252 104 41 car
348 3235 138 58 c'est,
517 3255 163 60 pour
701 3236 117 61 elle
852 3238 152 80 qu'il
1037 3260 37 38 a
1105 3242 124 78 fait
1262 3242 151 74 cela,
1435 3246 185 58 Hilde
1644 3247 221 59 s'écrie
1892 3268 232 41 encore
2154 3271 11 41 :

214 3345 33 36 «
278 3325 155 62 Mais
462 3326 46 57 il
537 3344 37 42 a
597 3329 237 59 atteint
858 3329 60 60 le
960 3336 296 56 sommet.
1296 3335 73 57 Et
1402 3334 113 77 j'ai
1545 3336 283 59 entendu
1865 3339 110 58 des
2018 3358 148 43 sons

214 3415 75 58 de
320 3417 200 78 harpe
547 3419 332 61 là-haut...
918 3440 33 40 »
983 3424 59 57 et
1074 3440 151 41 avec
1253 3442 123 41 une
1406 3426 265 75 passion
1705 3431 380 58 concentrée
2108 3435 57 56 et

218 3522 281 61 sauvage
539 3524 9 38 :
592 3529 31 33 «
658 3509 144 58 Mon
828 3511 259 58 maître!
1127 3529 153 42 mon
1313 3514 263 58 maître!
1604 3536 31 35 »
