2532 4071
1197 385 116 60 119

375 551 77 61 R.
491 548 141 63 Oui.
668 552 85 57 Le
789 548 445 63 Bouddhisme
1268 554 98 55 est
1388 567 124 42 une
1547 547 437 80 philosophie.

375 641 74 60 D.
513 639 450 61 Présente-t-il
1026 639 60 59 le
1153 644 328 57 caractère
1538 639 192 59 d'une
1785 639 179 61 vraie
2018 637 189 79 philo-

298 731 269 79 sophie?

381 824 68 61 R.
501 821 138 61 Oui.
699 842 33 35 «
779 823 203 58 Toute
1032 821 177 60 vraie
1263 820 444 80 philosophie,
1767 820 95 60 dit
1912 820 289 79 Schopen-

295 909 229 78 hauer,
557 917 96 54 est
694 912 559 59 essentiellement
1294 912 481 78 athéologique.
1811 910 136 60 Elle
1992 931 80 42 ne
2123 910 122 61 sait

294 1002 138 60 rien
468 1002 152 58 d'un
663 1001 156 58 Dien
853 1002 379 76 personnel,
1269 1001 173 59 situé
1474 1002 156 58 hors
1664 1001 85 59 du
1799 1002 261 60 monde.
2100 1001 142 58 Elle

296 1095 95 55 est
433 1091 190 70 donc,
662 1107 79 42 en
785 1107 70 42 ce
906 1106 167 55 sens,
1114 1091 216 59 athée.
1380 1112 34 35 »
1452 1092 90 57 La
1571 1091 412 77 philosophie
2030 1089 170 61 boud-

294 1180 212 59 dhiste
539 1178 251 79 répond
822 1181 399 58 exactement
1260 1183 38 56 à
1347 1178 66 60 la
1444 1180 414 78 proposition
1909 1181 75 58 de
2041 1181 159 60 Scho-

291 1271 357 79 penhauer.

376 1363 68 58 D.
480 1365 119 56 Les
638 1360 321 80 religions
995 1363 452 78 européennes
1480 1364 146 57 sont
1658 1360 165 61 donc
1853 1360 354 77 anti-philo-

295 1453 396 77 sophiques?

376 1544 71 57 R.
485 1542 141 62 Oui.
665 1564 34 35 «
733 1542 211 71 Quoi?
978 1559 192 61 parce
1206 1540 194 79 qu'un
1437 1539 258 62 homme
1730 1544 60 57 et
1820 1559 122 42 une
1979 1539 260 72 femme,

298 1633 48 58 il
379 1653 37 59 y
461 1651 38 42 a
531 1633 99 58 six
676 1632 182 59 mille
902 1648 135 60 ans,
1071 1637 114 56 ont
1234 1634 233 75 mangé
1509 1650 125 41 une
1677 1650 282 60 pomme,
1999 1636 143 55 tout
2182 1630 60 61 le

295 1741 198 60 genre
529 1723 270 59 humain
833 1741 65 41 se
930 1727 227 55 trouve
1192 1722 389 70 condamné,
1612 1724 60 58 et
1702 1740 159 43 vous
1895 1722 165 60 dites
2087 1722 155 60 Dieu

291 1812 207 76 juste!
540 1811 160 70 Quel
731 1817 184 73 tyran
950 1810 219 61 rendit
1204 1810 240 78 jamais
1480 1808 93 61 les
1607 1811 253 60 enfants
1903 1827 304 60 responsa-

292 1900 141 61 bles
459 1901 109 60 des
591 1901 207 60 fautes
817 1902 76 59 de
919 1901 175 60 leurs
1126 1906 182 71 pères
1324 1902 28 57 ?
1368 1901 159 71 Quel
1550 1901 259 60 homme
1834 1906 155 72 peut
2011 1904 194 73 répon-

296 1991 111 60 dre
438 1992 110 59 des
593 1994 252 57 actions
879 1991 324 60 d'autrui?
1240 1990 272 61 N'est-ce
1540 2009 115 61 pas
1696 2008 338 43 renverser
2064 1995 179 56 toute

292 2080 143 60 idée
479 2081 76 59 de
602 2080 240 78 justice
886 2084 59 58 et
988 2081 78 60 de
1099 2080 272 61 raison?
1481 2080 295 80 (Volney,
1820 2080 107 60 Les
1961 2079 282 81 Ruines.)

376 2173 70 59 D.
487 2171 420 79 Qu'enseigne
944 2191 232 41 encore
1209 2171 59 60 le
1303 2171 496 61 catholicisme?

374 2263 72 58 R.
482 2263 48 58 R
564 2263 302 77 enseigne
899 2279 122 63 que
1056 2260 59 61 le
1151 2260 215 61 Christ
1401 2283 33 35 «
1480 2260 100 60 fut
1613 2262 183 75 Dieu,
1827 2265 80 56 né
1950 2262 75 58 de
2060 2262 178 70 Dieu,

294 2352 277 61 lumière
616 2356 120 57 née
779 2352 77 60 de
897 2352 298 68 lumière,
1234 2352 138 58 vrai
1415 2351 158 59 Dieu
1626 2354 79 56 né
1749 2352 76 60 de
1870 2352 137 60 vrai
2059 2352 179 70 Dieu,

298 2442 345 77 engendré,
691 2460 134 42 non
877 2445 166 67 créé,
1089 2441 524 61 consubstantiel
1642 2457 80 42 au
1754 2443 182 59 Père.
1987 2462 31 35 »
2058 2439 145 79 (Con-

300 2532 154 60 ciles
489 2532 75 59 de
596 2532 190 60 Nicée
827 2535 60 57 et
921 2532 75 59 de
1026 2530 592 80 Constantinople.)

383 2622 71 60 D.
487 2620 434 79 L'obligation
974 2620 77 58 de
1100 2620 214 59 croire
1361 2625 38 52 à
1454 2636 103 42 ces
1606 2619 265 77 dogmes
1917 2622 322 61 n'a-t-elle

300 2726 117 63 pas
450 2710 246 58 révolté
726 2710 107 58 des
869 2710 238 76 esprits
1138 2709 209 58 même
1377 2707 362 79 religieux?

383 2801 72 58 R.
494 2799 140 60 Oui.
672 2801 84 56 Le
785 2801 155 74 père
980 2800 325 57 Mersenne
1335 2798 179 73 écrit,
1547 2817 78 40 en
1660 2800 175 73 1623,
1875 2801 150 78 qu'à
2060 2804 182 60 Paris

300 2890 359 60 seulement
703 2906 82 41 on
818 2906 79 41 ne
939 2893 250 72 compte
1223 2906 117 61 pas
1382 2888 211 61 moins
1632 2888 75 59 de
1750 2890 225 60 50.000
2016 2893 223 61 athées

300 2998 34 40 «
364 2982 58 57 et
444 2979 124 60 l'on
606 2982 155 73 peut
778 2978 158 74 dire,
976 2978 259 74 écrit-il,
1269 2996 78 43 en
1368 2978 202 62 vérité
1606 2997 120 60 que
1766 2983 162 58 cette
1961 2984 278 76 superbe

298 3068 152 61 ville
484 3069 160 59 n'est
681 3086 117 61 pas
836 3068 144 79 plus
1025 3068 275 61 infectée
1334 3068 75 60 de
1458 3068 249 60 l'odeur
1758 3069 76 61 de
1888 3090 99 43 ses
2039 3074 200 60 boues

300 3176 122 60 que
458 3158 76 60 de
567 3158 159 60 celle
759 3158 74 60 de
869 3176 116 42 son
1018 3158 336 61 athéisme.
1406 3179 35 36 »

380 3250 70 58 D.
488 3251 86 58 Le
609 3248 439 60 Bouddhisme
1080 3247 174 61 est-il
1280 3266 124 42 une
1435 3252 173 56 sorte
1642 3247 421 64 d'athéisme?

378 3340 69 60 R.
485 3339 141 72 Oui,
682 3339 164 59 mais
897 3339 47 58 il
988 3344 248 73 permet
1283 3339 78 59 de
1405 3344 207 54 rester
1659 3339 493 77 spiritualisme.
2189 3345 49 57 Il

296 3430 285 79 n'oblige
633 3448 117 61 pas
788 3448 247 42 comme
1081 3430 360 60 l'athéisme
1484 3447 125 59 pur
1651 3445 82 42 au
1776 3431 462 63 matérialisme

296 3520 493 79 intransigeant.
828 3543 33 34 «
910 3523 82 57 Le
1025 3519 443 60 Bouddhisme
1500 3523 95 56 est
1617 3537 123 43 une
1764 3518 277 80 religion
2067 3539 129 43 com-

298 3610 209 70 mode,
541 3627 110 42 car
699 3609 151 61 c'est
898 3627 125 43 une
1067 3614 170 56 sorte
1293 3608 382 61 d'athéisme
1725 3608 342 78 religieux,
2112 3633 125 43 une
