2532 4071
1244 390 110 59 131

393 545 233 71 Intact,
663 562 67 43 ce
764 543 216 62 moule
1002 544 10 58 !
1044 545 76 60 Et
1148 543 413 81 prodigieuse
1586 541 114 60 dut
1726 543 129 58 être
1887 540 65 60 la
1977 543 234 77 propul-

311 633 146 61 sion
495 637 403 76 génératrice
932 635 110 79 qui
1074 635 60 61 le
1168 653 219 61 pensa,
1407 652 164 62 pour
1599 633 156 79 qu'il
1783 633 89 60 ait
1901 633 230 60 résisté
2165 651 83 43 au

311 723 367 61 traitement
711 724 470 78 orthopédique
1215 742 78 42 en
1319 723 296 60 honneur
1647 721 160 60 dans
1839 721 91 60 les
1967 721 248 62 civilisa-

310 816 174 59 tions
517 814 425 73 éducatrices,
983 818 58 56 et
1060 814 109 78 qui
1197 813 279 62 consiste
1503 812 158 60 dans
1683 812 62 60 la
1779 812 461 75 déformation,

310 905 369 78 poursuivie
708 921 150 43 avec
891 903 484 74 acharnement,
1409 903 110 59 des
1567 902 274 61 facultés
1869 902 375 79 originelles

310 1013 78 42 en
413 994 146 61 bloc
597 997 58 56 et
687 1010 80 42 au
792 994 192 76 profit
1007 992 77 60 de
1112 992 167 60 l'une
1312 991 245 71 d'elles,
1587 992 379 63 seulement.

390 1088 90 58 De
538 1082 177 60 l'être
790 1081 302 78 complet,
1152 1082 76 59 de
1286 1082 64 59 la
1408 1082 297 59 machine
1782 1082 459 77 parfaitement

307 1173 381 77 équilibrée,
780 1171 58 60 le
915 1175 276 75 système
1262 1171 109 60 des
1460 1190 33 39 «
1540 1170 369 78 spécialités
1956 1190 33 40 »
2066 1176 173 56 tente

306 1262 338 60 d'extraire
674 1281 86 40 un
792 1278 236 61 rouage
1065 1263 261 76 unique,
1360 1259 295 61 difforme
1698 1260 159 60 dans
1898 1260 342 78 l'atrophie

307 1352 76 61 de
402 1358 146 55 tous
580 1353 92 60 les
701 1357 216 56 autres
954 1354 468 59 mouvements.

386 1444 180 59 Ainsi
599 1443 92 60 les
720 1443 156 71 oies,
923 1442 420 61 cruellement
1374 1441 357 61 enfermées
1785 1441 158 61 dans
1968 1441 108 59 des
2108 1442 128 60 box

308 1535 252 71 étroits,
602 1532 91 61 les
721 1537 211 74 pattes
966 1532 277 70 clouées,
1280 1536 149 54 sont
1476 1533 308 75 poussées
1816 1549 81 41 au
1929 1529 268 81 dévelop-

299 1625 261 75 pement
602 1626 261 55 énorme
900 1622 74 57 de
998 1621 140 58 leur
1164 1620 153 71 foie,
1351 1620 158 59 dans
1531 1620 60 61 le
1620 1620 508 78 dépérissement
2161 1621 77 58 de

298 1710 175 62 leurs
506 1716 216 55 autres
754 1729 295 60 organes.

379 1800 210 71 Ainsi,
623 1819 118 60 par
767 1800 310 60 sélection
1106 1801 60 59 et
1188 1800 451 60 arrachement
1676 1799 108 59 des
1836 1800 395 76 bourgeons,

298 1890 380 60 obtient-on
731 1890 110 60 des
903 1889 195 61 fleurs
1169 1893 60 56 et
1305 1890 111 59 des
1484 1889 192 60 fruits
1752 1890 480 78 gigantesques,

293 1980 276 78 uniques
599 1997 83 43 ou
708 1998 298 61 presque,
1042 1982 166 57 mais
1248 1997 150 42 sans
1440 1979 260 79 parfum
1747 1983 59 57 et
1855 1997 151 42 sans
2052 1983 180 75 goût,

293 2088 111 41 sur
454 2090 124 40 une
637 2071 132 78 tige
816 2072 132 77 qui,
1004 2071 496 69 normalement,
1533 2071 208 58 aurait
1787 2071 265 78 produit
2109 2091 125 42 une

291 2159 373 61 abondante
697 2164 60 56 et
791 2178 389 42 savoureuse
1201 2161 264 59 récolte.

455 2233 4 14 i

373 2251 206 70 Ainsi,
608 2269 118 59 par
754 2270 88 39 un
876 2252 469 59 entraînement
1379 2251 268 77 patient,
1686 2251 110 58 des
1826 2252 292 59 hommes
2151 2252 76 61 de

292 2340 195 59 l'Inde
526 2341 283 58 arrivent
856 2345 37 54 à
924 2346 145 53 tuer
1116 2338 142 61 leur
1291 2358 191 59 corps
1511 2358 164 59 pour
1717 2358 343 41 consacrer
2089 2346 141 55 tout

291 2427 141 60 leur
481 2429 196 58 fluide
720 2429 162 59 vital
937 2435 34 52 à
1017 2429 542 61 l'accroissement
1592 2429 75 59 de
1713 2427 140 60 leur
1884 2429 346 77 puissance

291 2519 381 76 psychique.

373 2608 84 57 De
513 2610 178 55 toute
743 2612 147 72 part
932 2606 362 78 l'équilibre
1340 2608 92 57 est
1481 2624 251 60 rompu.
1770 2606 297 79 L'ellipse
2102 2627 122 59 que

292 2695 137 60 doit
460 2700 212 55 tracer
702 2697 160 58 dans
895 2697 276 76 l'espace
1215 2699 59 57 et
1309 2695 57 60 le
1397 2702 209 71 temps
1637 2732 77 7 —
1747 2698 108 76 qui
1887 2698 342 61 n'existent

287 2820 79 6 —
410 2784 347 60 l'étincelle
815 2784 75 60 de
943 2786 102 58 vie
1092 2784 422 61 individuelle
1580 2789 266 56 émanée
1900 2787 84 59 du
2043 2788 187 79 foyer

288 2874 311 72 inconnu,
639 2878 91 56 est
759 2877 325 69 menacée,
1121 2876 158 61 dans
1309 2874 65 60 la
1404 2876 200 59 durée
1627 2877 75 60 de
1736 2895 68 42 sa
1826 2880 398 76 trajectoire,

286 2980 118 60 par
439 2962 62 60 la
536 2962 327 61 déviation
896 2981 121 61 que
1073 2965 300 61 l'homme
1421 2965 404 61 inconscient
1879 2967 275 61 cherche
2188 2975 39 54 à

287 3052 91 59 lui
428 3053 306 78 imposer.
772 3055 169 58 Dans
976 3056 149 76 quel
1155 3056 120 58 but
1295 3056 28 58 ?
1357 3055 158 61 C'est
1542 3074 68 42 ce
1646 3057 153 78 qu'il
1829 3059 395 59 conviendra

287 3141 76 60 de
418 3142 405 63 rechercher.

364 3234 394 60 Constatons
810 3234 356 61 seulement
1219 3235 422 78 aujourd'hui
1685 3236 93 60 les
1831 3236 259 61 méfaits
2146 3238 76 59 de

279 3321 390 63 l'éducation
693 3324 304 61 moderne
1018 3324 158 61 dans
1204 3342 70 43 ce
1300 3327 108 76 qui
1435 3327 232 58 touche
1688 3327 538 77 principalement

282 3428 124 42 aux
438 3415 166 58 Arts.
