2532 4071
1232 412 115 59 116

388 578 61 56 2°
503 572 108 59 Les
663 569 405 76 conférences,
1129 563 80 61 les
1274 581 178 40 cours
1510 568 59 51 et
1634 558 81 59 les
1778 555 327 62 brochures
2167 558 72 61 de

306 662 82 62 M.
425 662 166 58 Léon
634 658 72 60 de
746 657 231 76 Rosny,
1028 649 446 73 Vorientaliste,
1521 648 364 81 professeur
1929 652 36 50 à
1996 645 234 61 VEcole

301 749 296 83 pratique
651 746 102 59 des
808 739 536 78 Hautes-Etudes,
1406 738 106 81 qui
1554 739 127 77 fait
1728 734 289 61 entendre
2062 741 38 52 à
2147 756 86 40 ses

304 837 322 64 auditeurs
666 835 72 59 de
776 832 59 58 la
868 829 319 64 Sorbonne
1226 828 58 61 la
1325 828 217 81 parole
1587 824 370 63 bouddhiste
1970 842 27 59 ;

381 930 61 56 3°
475 926 89 58 La
583 922 229 62 célèbre
837 923 443 59 INTRODUCTION
1312 939 38 40 A
1369 921 338 58 L'HISTOIRE
1726 935 80 43 DU
1833 918 399 59 BOUDDHISME

1355 989 10 10 »
1976 994 6 6 «

300 1035 119 64 par
450 1014 258 80 Eugène
739 1011 294 78 Burnouf
1065 1010 80 79 (1)
1176 1026 13 55 ;

381 1109 64 54 4°
478 1108 82 55 LE
585 1105 396 58 BOUDDHISME
1015 1118 183 43 SELON
1230 1118 71 40 LE
1340 1117 197 44 CANON
1570 1118 76 40 DE
1683 1090 276 67 L'ÉGLISE
1982 1115 76 42 DU
2086 1096 142 73 SUD,

301 1214 121 63 par
456 1193 51 61 le
538 1190 232 62 colonel
813 1189 220 72 Olcott,
1089 1212 33 35 «
1167 1195 321 74 approuvé
1522 1199 57 50 et
1616 1185 424 62 recommandé
2077 1205 166 61 pour

306 1283 229 80 l'usage
562 1282 155 58 dans
755 1280 78 60 les
866 1278 190 61 écoles
1095 1278 395 59 bouddhistes
1529 1298 124 60 par
1764 1325 13 11 ,

295 1372 458 82 -grand-prêtre
799 1368 73 60 de
1523 1368 48 60 S
1573 1367 237 80 ripada
2171 1367 74 80 (pi
1386 1365 287 79 d'Adam)
1717 1376 59 48 et
1804 1364 321 80 principal
2164 1365 73 61 de

320 1459 392 79 Widyodaya
1096 1454 295 80 Parivena[Ecole
1392 1454 56 60 de
1449 1454 285 80 théologie
1758 1453 415 81 bouddhiste.)
2209 1481 32 33 »

383 1557 147 55 Sont
600 1547 82 58 les
726 1544 378 83 principales
1152 1565 243 40 sources
1439 1544 363 83 auxquelles
1851 1566 153 39 nous
2054 1566 191 61 ayons

304 1637 198 83 puisé.

473 1726 66 60 E
548 1725 255 60 autorité
804 1722 28 61 de
1484 1721 38 61 V
1250 1743 341 61 ouvrage
1592 1725 188 60 recommandé
1781 1744 70 61 par
1896 1724 54 61 le
2001 1725 198 81 grand-

303 1819 208 79 prêtre
543 1811 383 81 Sumangala
959 1823 87 48 est
1076 1814 339 76 puissante.
1451 1814 184 59 Aussi
1679 1834 388 41 avons-nous
2112 1824 99 53 tou-

291 1906 184 79 jours
508 1904 207 58 inscrit
750 1912 370 50 excatement
1157 1901 59 61 la
1246 1905 269 59 mention
1550 1905 691 84 (OLCOTT-SUMANGALA)

303 2013 163 64 pour
497 1993 231 58 retenir
1240 1990 37 59 l
1284 1992 305 59 attention
1142 1992 83 59 du
1258 1992 228 60 lecteur
1515 2014 108 38 sur
1655 1995 36 59 V

309 2082 212 59 lement
557 2086 351 76 approuvée
938 2099 122 60 par
1089 2080 157 60 celui
1282 2086 183 77 qu'on
1495 2087 192 57 serait
1720 2092 162 53 tenté
1915 2086 330 83 d'appeler

308 2169 52 61 le
385 2190 172 62 pape
599 2171 81 58 du
729 2169 442 73 Bouddhisme,
1226 2173 75 73 si,
1349 2171 152 62 dans
1555 2173 54 61 le
2162 2177 80 62 les

305 2263 240 79 prêtres
583 2261 230 58 étaient
853 2258 82 60 les
968 2260 264 59 vicaires
1265 2262 71 58 de
1368 2263 183 75 Dieu,
1594 2285 59 41 ce
1688 2267 108 81 qui
1828 2266 152 62 n'est
2006 2287 146 61 pas.

1259 2778 23 57 I

807 2934 71 42 LE
908 2934 304 52 POURQUOI
1242 2936 78 45 DU
1352 2938 382 45 BOUDDHISME

384 3073 68 58 D.
518 3070 326 78 Pourquoi
902 3075 211 56 tenter
1170 3071 439 65 d'acclimater
1681 3096 78 43 en
1815 3080 247 65 France
2119 3105 123 45 une

303 3160 296 63 nouvelle
623 3160 315 78 religion?

361 3329 51 47 1.
460 3326 183 59 Quand
684 3342 132 34 nous
854 3329 164 48 citons
1060 3333 82 47 cet
1180 3335 179 46 auteur
1405 3347 136 34 nous
1580 3336 283 64 indiquons
1909 3342 332 63 simplement

301 3399 304 62 (BURNOUF)
642 3414 120 34 sans
788 3401 127 48 faire
946 3404 251 59 précéder
1228 3405 66 47 du
1326 3408 239 58 prénom.

358 3471 144 48 Nous
543 3486 158 35 avons
732 3474 47 48 le
818 3476 113 47 soin
963 3475 290 62 d'indiquer
1291 3479 48 47 le
1388 3481 220 59 prénom
1642 3485 173 60 quand
1846 3486 34 49 il
1927 3486 151 64 s'agit
2121 3491 118 51 d'un

298 3545 140 47 autre
472 3547 181 46 savant
675 3547 336 63 orientaliste,
1044 3549 170 49 Emile
1246 3550 257 53 Burnouf.
1541 3554 151 50 Ainsi
1716 3557 37 49 il
1778 3573 65 35 ne
1874 3565 123 60 peut
2030 3579 32 48 y
2093 3566 145 50 avoir

300 3615 283 49 confusion.
