2532 4071
1349 458 0 0 120

311 562 296 80 agréable
641 555 445 63 combinaison
1120 551 453 76 d'incroyance
1608 548 59 59 et
1702 546 76 59 de
1811 544 226 79 pieuse
2076 544 122 61 dou-

312 671 170 44 ceur.
518 650 48 58 Il
621 649 103 57 n'a
777 645 188 79 point
1018 641 238 61 vilaine
1316 654 361 63 apparence
1740 652 111 42 car
1910 635 58 59 le
2024 635 172 58 Boud-

311 743 229 66 dhiste,
578 736 97 60 s'il
716 739 94 56 est
849 731 318 80 persuadé
1215 746 122 61 que
1379 730 144 56 tout
1561 730 96 54 est
1697 724 175 74 vain,
1915 725 165 58 croit
2117 743 121 59 que

311 848 69 43 ce
414 828 108 78 qui
550 828 142 57 l'est
724 839 227 45 encore
984 820 58 60 le
1077 819 240 72 moins,
1349 817 153 60 c'est
1531 815 66 60 la
1623 815 198 58 bonté
1858 812 108 82 (1).

386 920 68 58 D.
487 918 89 58 En
611 915 271 66 résumé,
915 909 305 79 qu'est-ce
1246 927 120 58 que
1393 908 66 58 la
1481 905 279 78 religion
1799 903 441 61 bouddhiste?

388 1009 72 57 R.
495 1027 32 34 «
561 1005 163 58 C'est
774 998 547 62 essentiellement
1369 1014 123 42 une
1544 995 277 78 religion
1868 994 368 60 d'amour...

307 1101 88 57 La
434 1094 252 60 science
730 1094 58 57 et
829 1091 274 58 l'amour
1140 1092 168 62 sont,
1349 1088 157 60 dans
1545 1085 58 60 le
1647 1084 466 73 Bouddhisme,
2149 1084 97 60 les

310 1187 165 58 deux
523 1185 281 58 facteurs
852 1178 335 62 essentiels
1236 1178 74 60 de
1365 1177 377 60 l'univers...
1804 1178 88 56 La
1938 1177 265 58 connais-

310 1291 189 43 sance
522 1273 10 58 !
578 1271 111 60 Tel
726 1275 97 54 est
862 1270 60 58 le
965 1268 112 59 but
1119 1267 298 76 suprême
1459 1270 58 54 et
1548 1265 66 58 la
1656 1266 301 76 suprême
1991 1265 217 77 aspira-

306 1364 137 59 tion
482 1362 85 59 du
603 1359 412 60 Bouddhiste.
1063 1376 33 36 »
1133 1355 92 78 (L.
1267 1356 75 57 de
1394 1352 272 80 Rosny.)
1705 1389 79 6 —
1826 1372 34 40 «
1909 1353 167 60 C'est
2116 1370 125 42 une

308 1454 272 75 religion
613 1447 522 78 contemplative,
1171 1446 228 69 douce,
1436 1463 88 39 un
1561 1460 124 60 peu
1713 1444 185 58 triste
1949 1446 60 57 et
2041 1442 170 61 éclec-

305 1543 200 75 tique.
550 1535 512 79 Propagandiste
1105 1552 115 59 par
1263 1550 286 54 essence,
1597 1532 120 60 elle
1764 1534 321 58 convertit
2128 1552 116 58 par

306 1630 58 60 le
393 1629 475 58 raisonnement
904 1625 58 59 et
1001 1623 360 77 l'exemple,
1394 1621 240 78 jamais
1672 1640 120 60 par
1822 1621 66 60 la
1919 1621 178 61 force
2126 1623 112 78 (2).

387 1719 71 60 D.
496 1718 58 58 Y
594 1714 170 60 a-t-il
804 1713 456 61 actuellement
1304 1713 343 76 beaucoup
1694 1713 75 58 de
1812 1712 432 63 Bouddhistes

307 1808 158 61 dans
495 1807 59 58 le
581 1804 277 61 monde?

386 1900 74 57 R.
520 1897 121 58 Sur
696 1896 91 58 les
849 1893 192 60 treize
1106 1897 180 56 cents
1336 1892 288 61 millions
1676 1892 396 61 d'habitants
2121 1911 122 61 que

306 1992 184 74 porte
517 1986 63 58 la
609 1990 195 66 terre,
843 2000 79 42 on
954 1999 77 43 ne
1062 2000 196 60 songe
1294 2000 115 60 pas
1453 1987 147 53 tous
1632 1982 92 60 les
1755 1983 183 77 jours
1981 1990 36 52 à
2058 1985 185 58 Paris

307 2076 155 78 qu'il
499 2095 39 57 y
570 2093 38 40 a
646 2076 150 74 près
838 2072 75 59 de
948 2072 150 76 cinq
1142 2077 176 54 cents
1357 2072 291 59 millions
1691 2072 77 59 de
1811 2074 430 59 Bouddhistes

307 2169 60 56 et
418 2183 144 59 que,
617 2165 52 57 si
717 2162 89 59 les
857 2161 311 78 religions
1218 2161 237 59 étaient
1506 2161 197 60 mises
1755 2179 81 42 au
1897 2180 341 52 concours,

307 2256 161 58 cette
523 2253 276 76 religion
842 2269 80 41 on
971 2250 215 78 plutôt
1229 2253 161 57 cette
1434 2251 246 60 morale
1727 2251 514 80 philosophique

303 2340 463 80 l'emporterait
797 2358 82 41 au
907 2340 275 76 suffrage
1216 2340 326 60 universel
1575 2340 104 79 (3).
1731 2363 33 34 »

382 2434 67 57 D.
493 2433 50 56 Y
574 2429 175 61 a-t-il
783 2429 144 78 plus
969 2429 76 59 de
1082 2430 438 60 Bouddhistes
1549 2449 108 41 sur
1689 2437 170 54 terre
1898 2449 124 61 que
2060 2430 148 61 d'au-

301 2527 128 55 tres
460 2521 529 77 religionnaires?

378 2612 73 57 R.
514 2609 141 60 Oui.
693 2608 178 80 (Voir
907 2626 165 61 page
1101 2607 105 80 Y.)
1253 2609 174 60 Cette
1472 2609 283 78 religion
1799 2617 262 71 compte
2102 2612 143 77 plus

305 2698 410 61 d'adhérents
745 2697 361 78 qu'aucune
1142 2703 181 55 autre
1363 2717 107 41 sur
1502 2698 65 61 la
1606 2700 256 61 surface
1905 2702 85 59 du
2031 2702 214 79 globe.

301 2790 119 58 Pas
449 2794 141 54 tout
623 2794 36 54 à
686 2789 118 58 fait
833 2787 65 60 la
924 2789 223 59 moitié
1181 2790 76 59 de
1286 2790 63 59 la
1379 2796 170 53 terre
1585 2796 94 53 est
1709 2791 426 62 bouddhiste.
2171 2827 79 11 —

300 2879 204 58 Avant
537 2879 76 57 de
649 2877 137 59 dire
816 2877 182 78 quels
1031 2881 342 74 préceptes
1407 2880 119 60 elle
1575 2883 325 76 enseigne,
1940 2888 60 57 et
2038 2884 212 77 quelle

302 2965 415 79 propagande
752 2965 116 58 elle
900 2965 118 58 fait
1051 2968 454 61 actuellement
1530 2987 76 42 en
1638 2973 281 76 Europe,
1952 2992 167 42 nous
2145 2974 72 60 de-

296 3073 161 43 vons
495 3059 297 56 raconter
824 3054 65 58 la
919 3054 101 61 vie
1053 3055 76 60 de
1167 3076 115 40 son
1317 3058 367 60 fondateur.

359 3313 43 50 1.
439 3314 131 49 Paul
601 3314 322 63 Desjardins,
943 3314 324 51 Conférence
1291 3332 87 33 sur
1406 3317 76 48 les
1512 3317 493 53 Néo-bouddhistes
2037 3321 80 63 (14
2137 3323 117 60 juin

305 3384 162 64 1891.)

355 3457 47 48 2.
440 3458 73 48 De
545 3458 232 60 Milloué,
809 3459 325 48 Conférence
1168 3474 88 35 sur
1288 3460 48 49 le
1368 3462 364 50 Bouddhisme
1757 3463 121 49 faite
1906 3467 28 45 à
1967 3464 47 48 la
2048 3464 209 51 Société

293 3528 470 64 d'anthropologie,
797 3533 27 45 à
857 3535 161 59 Lyon,
1056 3533 49 47 le
1138 3533 29 47 2
1197 3545 140 35 mars
1371 3533 141 52 1882.

355 3600 47 48 3.
438 3604 60 46 R.
534 3603 63 47 de
627 3603 309 61 Bonnières,
971 3604 277 49 Mé7noires
1277 3605 430 63 d'aujourd'hui.
