2532 4071
1225 379 115 60 105

305 538 188 60 Ibsen
530 537 147 61 s'est
709 536 127 61 mis
872 553 81 42 au
976 534 261 74 travail,
1277 534 129 61 afin
1441 533 292 62 d'édifier
1763 537 57 62 le
1857 538 301 66 bonheur
2177 546 79 62 de

305 646 101 43 ses
451 627 414 61 semblables.
917 627 46 57 Il
1010 626 230 61 voulut
1283 625 142 61 leur
1475 628 180 59 créer
1709 646 86 42 un
1829 631 170 62 idéal
2050 636 76 60 de
2176 636 55 61 li-

301 717 209 75 berté,
547 717 76 60 de
656 717 242 78 justice
938 720 61 56 et
1025 716 77 60 de
1138 716 225 78 vérité,
1402 716 49 58 il
1485 715 141 61 leur
1664 727 259 55 montra
1956 743 120 59 que
2109 730 144 58 tout

304 827 71 44 ce
403 809 191 78 qu'ils
640 809 257 58 avaient
943 807 167 60 aimé
1156 811 65 56 et
1268 807 226 60 estimé
1542 807 338 80 jusqu'ici,
1910 813 141 62 leur
2093 818 127 61 reli-

301 900 179 79 gion,
515 898 142 59 leur
679 898 276 71 morale,
982 895 142 61 leur
1152 896 264 72 société,
1443 896 142 61 leur
1615 901 311 79 mariage,
1963 924 123 60 que
2109 912 142 58 tout

301 990 141 61 cela
468 988 226 60 n'était
728 1004 122 60 que
882 987 387 59 convention
1303 992 63 54 et
1397 1006 375 62 mensonge.
1810 995 114 58 Les
1951 995 297 65 hommes

301 1097 65 42 se
397 1082 147 56 sont
568 1077 123 59 mis
717 1079 37 56 à
783 1075 207 59 croire
1032 1092 78 42 en
1137 1074 173 62 lui...
1339 1081 62 54 et
1433 1082 257 56 surtout
1711 1079 92 61 les
1830 1082 293 72 femmes,
2158 1088 63 60 là-

296 1168 163 61 haut
491 1168 59 60 le
585 1167 195 61 Nord.
820 1166 167 59 Elles
1021 1182 65 43 se
1119 1169 149 55 sont
1314 1166 285 77 imaginé
1639 1169 270 77 qu'elles
1951 1176 297 62 devaient

296 1266 215 55 toutes
545 1257 135 61 être
718 1257 109 60 des
859 1258 192 59 Nora.
1091 1255 164 60 Elles
1301 1261 114 54 ont
1447 1256 279 62 délaissé
1759 1258 59 61 le
1851 1261 184 80 foyer
2086 1285 122 42 con-

295 1349 206 80 jugal,
536 1366 168 61 pour
734 1346 163 61 aller
933 1346 273 77 prêcher
1236 1346 530 79 l'émancipation
1801 1355 63 54 et
1905 1351 93 60 les
2041 1354 207 62 droits

299 1440 77 61 de
408 1440 67 60 la
515 1439 263 61 femme.
818 1440 49 57 A
906 1439 278 71 Genève,
1229 1442 36 55 à
1307 1437 259 70 Zurich,
1606 1437 158 61 elles
1822 1448 148 54 sont
2010 1462 242 44 venues

295 1531 165 61 faire
515 1530 110 60 des
676 1529 225 58 études
950 1528 75 59 de
1071 1528 255 59 science
1373 1545 172 60 pour
1599 1531 278 74 pouvoir
1938 1533 310 63 défendre

294 1619 179 62 leurs
520 1639 35 41 «
581 1618 527 59 revendications
1137 1638 56 37 ».
1253 1618 82 59 Ce
1375 1619 221 58 furent
1645 1619 174 61 alors
1857 1622 92 61 les
1993 1624 253 62 vieilles

295 1712 165 59 filles
494 1728 83 42 au
610 1727 149 42 sexe
793 1708 253 61 indécis
1081 1726 122 59 que
1237 1708 134 60 l'on
1394 1714 345 55 rencontre
1783 1717 73 71 çà
1890 1718 62 55 et
1980 1713 64 60 là
2084 1714 161 61 dans

295 1803 65 61 la
393 1801 241 61 société
670 1797 452 79 cosmopolite,
1159 1797 92 60 les
1274 1797 325 61 solitaires
1632 1799 267 61 femmes
1935 1804 110 78 qui
2078 1804 134 61 s'en-

293 1892 354 79 veloppent
717 1888 160 60 dans
953 1887 142 60 leur
1169 1887 287 79 rigidité,
1521 1906 165 42 vous
1752 1891 263 76 parlent
2092 1912 151 44 avec

296 1985 259 77 aigreur
590 1982 76 60 de
700 1980 175 61 leurs
911 2001 32 33 «
985 1976 471 62 douloureuses
1491 1980 417 77 expériences
1942 2004 33 35 »
2012 1990 61 53 et
2102 1985 143 61 font

293 2074 245 81 parade
588 2072 78 60 de
727 2070 142 61 leur
922 2069 299 61 stérilité.
1287 2069 168 61 Elles
1509 2070 338 62 voulaient
1898 2076 347 76 régénérer

293 2165 303 69 l'amour,
637 2161 153 61 elles
822 2160 182 60 n'ont
1035 2159 117 59 fait
1187 2159 400 77 quedétruir
1616 2160 277 62 l'amour
1927 2163 105 80 (1).

375 2257 189 59 Alors
607 2254 60 60 le
704 2250 204 75 grand
953 2255 452 55 constructeur
1439 2268 65 42 se
1547 2251 234 60 ravisa.
1828 2255 202 75 Après
2071 2257 170 59 Nora

296 2351 30 77 (.
341 2345 235 61 Maison
708 2342 227 61 de
936 2339 74 81 Poupée),
1047 2339 48 59 il
1136 2340 72 60 fit
1254 2343 56 57 M
1315 2340 65 25 me
1420 2340 234 78 Alving
1848 2343 385 81 Revenants),

295 2442 193 74 après
522 2438 59 57 M
583 2434 65 26 m0
682 2432 258 76 Alving,
975 2432 160 58 Gina
1166 2434 64 55 et
1274 2429 308 78 Hedwige
1620 2429 15 78 (
1773 2431 258 62 Canard

295 2545 150 60 vage
454 2526 38 79 ),
519 2523 149 76 puis
695 2519 310 60 Rebekka
1039 2517 16 81 (
1062 2516 452 64 Rosmersholm
1523 2517 17 77 )
1576 2525 63 53 et
1670 2519 210 60 Ellida
1905 2518 115 81 (La
2044 2522 195 61 Dame

296 2619 74 59 de
406 2615 61 58 la
496 2611 185 80 Mer),
718 2607 203 62 Ellida
964 2608 132 78 qui,
1140 2608 141 73 elle,
1319 2626 78 41 ne
1433 2608 131 60 s'en
1613 2627 80 41 va
1743 2610 166 77 plus,
1951 2615 184 68 mais,
2157 2615 76 59 de

295 2726 119 45 son
444 2705 163 60 libre
640 2701 216 69 choix,
893 2705 174 53 reste
1110 2716 154 42 avec
1306 2718 117 40 son
1471 2700 191 61 mari.
1697 2700 161 59 C'est
1881 2701 64 60 la
1994 2704 237 72 baisse,

294 2796 302 78 toujours
628 2791 65 59 la
724 2790 238 70 baisse,
999 2786 266 79 jusqu'à
1306 2787 63 60 la
1405 2787 459 79 banqueroute
1916 2790 83 60 du
2051 2792 148 60 fémi-

293 2888 232 68 nisme,
564 2879 229 62 Hedda
823 2878 253 71 Gabier,
1112 2879 161 60 cette
1311 2878 413 62 malfaisante
1757 2880 200 78 petite
1991 2881 243 64 femme

291 2997 154 44 sans
506 2972 291 71 cervelle,
830 2968 378 81 hystérique
1273 2974 63 55 et
1377 2987 326 61 perverse.
1743 2970 175 61 Dans
1978 2973 222 62 l'inter-

289 3067 191 72 valle,
517 3066 188 61 Ibsen
770 3062 170 59 avait
982 3060 117 60 fait
1147 3060 57 60 le
1263 3058 256 62 Canard
1862 3113 10 24 ,
1912 3081 68 42 ce
2029 3066 204 73 grand

289 3156 410 68 revirement,
740 3158 81 52 où
856 3151 47 58 il
935 3152 346 58 reconnait
1315 3168 143 61 que,
1481 3151 159 59 dans
1676 3151 59 61 le
1777 3153 339 76 quotidien
2152 3153 77 60 de

286 3255 189 57 notre
516 3246 122 71 vie,
676 3243 57 60 le
766 3260 325 61 mensonge
1126 3238 155 61 vital
1320 3241 202 59 valait
1565 3241 216 59 mieux
1814 3259 121 61 que
1997 3241 91 59 les
2129 3260 66 40 re-

286 3337 419 65 vendications
737 3331 248 62 idéales.

346 3479 45 46 1.
424 3479 59 46 Je
522 3487 66 34 ne
626 3472 115 61 puis
795 3470 329 60 qu'indiquer
1163 3467 67 48 ici
1267 3465 291 50 l'influence
1599 3465 217 57 d'Ibsen,
1853 3479 60 33 en
1969 3467 108 47 tant
2126 3479 100 48 que

280 3571 31 24 «
341 3547 203 49 célèbre
577 3543 347 48 bas-bleuiste
956 3538 289 62 »;j'espère
1277 3538 220 62 pouvoir
1527 3539 47 46 la
1609 3536 282 63 reprendre
1922 3538 275 61 prochaine-

278 3623 146 48 ment
443 3620 115 60 plus
591 3618 28 47 à
641 3616 122 47 fond
796 3616 127 47 dans
956 3628 100 33 une
1089 3613 151 48 étude
1265 3625 87 33 sur
1384 3610 79 47 les
1496 3609 221 49 femmes
1747 3609 222 49 d'Ibsen.
