<?xml version="1.0" encoding="UTF-8"?>
<alto xmlns:xsi="http://www.w3.org/2001/XMLSchema-instance" xmlns="http://www.loc.gov/standards/alto/ns-v2#" xsi:schemaLocation="http://www.loc.gov/standards/alto/ns-v2# http://www.loc.gov/standards/alto/alto-v2.0.xsd" xmlns:xlink="http://www.w3.org/1999/xlink">
	<Description>
		<MeasurementUnit>mm10</MeasurementUnit>
		<sourceImageInformation>
			<fileName>//fileserver7/IN2-2/Princeton/Batch7/bmtnaas/1893/08/10_01/00000149.tif</fileName>
		</sourceImageInformation>
		<OCRProcessing ID="OCRPROCESSING_1">
			<preProcessingStep>
				<processingSoftware>
					<softwareCreator>CCS Content Conversion Specialists GmbH, Germany</softwareCreator>
					<softwareName>CCS docWorks</softwareName>
					<softwareVersion>6.7-1.24</softwareVersion>
				</processingSoftware>
			</preProcessingStep>
			<ocrProcessingStep>
				<processingSoftware>
					<softwareCreator>ABBYY (BIT Software), Russia</softwareCreator>
					<softwareName>FineReader</softwareName>
					<softwareVersion>10.0</softwareVersion>
				</processingSoftware>
			</ocrProcessingStep>
		</OCRProcessing>
	</Description>
	<Styles>
		<TextStyle ID="TXT_0" FONTSIZE="23" FONTFAMILY="Times New Roman"/>
		<ParagraphStyle ID="PAR_CENTER" ALIGN="Center"/>
		<ParagraphStyle ID="PAR_BLOCK" ALIGN="Block"/>
	</Styles>
	<Layout>
		<Page ID="P38" PHYSICAL_IMG_NR="38" HEIGHT="4071" WIDTH="2532" PRINTED_IMG_NR="132" PC="0.932">
			<TopMargin ID="P38_TM00001" HPOS="0" VPOS="0" WIDTH="2532" HEIGHT="440">
				<TextBlock ID="P38_TB00001" HPOS="1200" VPOS="378" WIDTH="116" HEIGHT="60" STYLEREFS="TXT_0 PAR_CENTER">
					<TextLine ID="P38_TL00001" HPOS="1200" VPOS="380" WIDTH="116" HEIGHT="57">
						<String ID="P38_ST00001" HPOS="1200" VPOS="380" WIDTH="116" HEIGHT="57" CONTENT="132" WC="0.40" CC="737"/>
					</TextLine>
				</TextBlock>
			</TopMargin>
			<LeftMargin ID="P38_LM00001" HPOS="0" VPOS="440" WIDTH="258" HEIGHT="3255"/>
			<RightMargin ID="P38_RM00001" HPOS="2269" VPOS="440" WIDTH="263" HEIGHT="3255"/>
			<BottomMargin ID="P38_BM00001" HPOS="0" VPOS="3695" WIDTH="2532" HEIGHT="376"/>
			<PrintSpace ID="P38_PS00001" HPOS="258" VPOS="440" WIDTH="2011" HEIGHT="3255">
				<TextBlock ID="P38_TB00002" HPOS="258" VPOS="798" WIDTH="2011" HEIGHT="2897" STYLEREFS="TXT_0 PAR_BLOCK">
					<TextLine ID="P38_TL00002" HPOS="375" VPOS="798" WIDTH="1892" HEIGHT="84">
						<String ID="P38_ST00002" HPOS="375" VPOS="808" WIDTH="127" HEIGHT="57" CONTENT="Dût" WC="0.98" CC="120"/>
						<SP ID="P38_SP00001" HPOS="502" VPOS="865" WIDTH="28"/>
						<String ID="P38_ST00003" HPOS="530" VPOS="822" WIDTH="69" HEIGHT="43" CONTENT="ce" WC="0.91" CC="01"/>
						<SP ID="P38_SP00002" HPOS="599" VPOS="865" WIDTH="57"/>
						<String ID="P38_ST00004" HPOS="656" VPOS="803" WIDTH="331" HEIGHT="79" CONTENT="paradoxe" WC="0.98" CC="76545605"/>
						<SP ID="P38_SP00003" HPOS="987" VPOS="882" WIDTH="53"/>
						<String ID="P38_ST00005" HPOS="1040" VPOS="800" WIDTH="133" HEIGHT="61" CONTENT="être" WC="0.97" CC="7040"/>
						<SP ID="P38_SP00004" HPOS="1173" VPOS="882" WIDTH="47"/>
						<String ID="P38_ST00006" HPOS="1220" VPOS="800" WIDTH="421" HEIGHT="61" CONTENT="violemment" WC="0.99" CC="6351570160"/>
						<SP ID="P38_SP00005" HPOS="1641" VPOS="882" WIDTH="37"/>
						<String ID="P38_ST00007" HPOS="1678" VPOS="802" WIDTH="315" HEIGHT="71" CONTENT="contesté," WC="0.99" CC="062000044"/>
						<SP ID="P38_SP00006" HPOS="1993" VPOS="882" WIDTH="33"/>
						<String ID="P38_ST00008" HPOS="2026" VPOS="798" WIDTH="47" HEIGHT="60" CONTENT="il" WC="1.00" CC="00"/>
						<SP ID="P38_SP00007" HPOS="2073" VPOS="882" WIDTH="32"/>
						<String ID="P38_ST00009" HPOS="2105" VPOS="819" WIDTH="162" HEIGHT="44" CONTENT="nous" WC="0.97" CC="3520"/>
					</TextLine>
					<TextLine ID="P38_TL00003" HPOS="291" VPOS="891" WIDTH="1974" HEIGHT="89">
						<String ID="P38_ST00010" HPOS="291" VPOS="899" WIDTH="215" HEIGHT="81" CONTENT="paraît" WC="0.98" CC="605750"/>
						<SP ID="P38_SP00008" HPOS="506" VPOS="980" WIDTH="32"/>
						<String ID="P38_ST00011" HPOS="538" VPOS="912" WIDTH="120" HEIGHT="61" CONTENT="que" WC="0.95" CC="461"/>
						<SP ID="P38_SP00009" HPOS="658" VPOS="980" WIDTH="41"/>
						<String ID="P38_ST00012" HPOS="699" VPOS="893" WIDTH="395" HEIGHT="60" CONTENT="l'éducation" WC="0.99" CC="00160300035"/>
						<SP ID="P38_SP00010" HPOS="1094" VPOS="980" WIDTH="43"/>
						<String ID="P38_ST00013" HPOS="1137" VPOS="892" WIDTH="340" HEIGHT="79" CONTENT="artistique" WC="0.99" CC="6500000960"/>
						<SP ID="P38_SP00011" HPOS="1477" VPOS="980" WIDTH="44"/>
						<String ID="P38_ST00014" HPOS="1521" VPOS="891" WIDTH="257" HEIGHT="61" CONTENT="devrait" WC="0.99" CC="0216900"/>
						<SP ID="P38_SP00012" HPOS="1778" VPOS="980" WIDTH="49"/>
						<String ID="P38_ST00015" HPOS="1827" VPOS="894" WIDTH="247" HEIGHT="75" CONTENT="porter," WC="1.00" CC="0150100"/>
						<SP ID="P38_SP00013" HPOS="2074" VPOS="980" WIDTH="61"/>
						<String ID="P38_ST00016" HPOS="2135" VPOS="910" WIDTH="130" HEIGHT="43" CONTENT="non" WC="0.96" CC="027"/>
					</TextLine>
					<TextLine ID="P38_TL00004" HPOS="291" VPOS="981" WIDTH="1971" HEIGHT="81">
						<String ID="P38_ST00017" HPOS="291" VPOS="1006" WIDTH="109" HEIGHT="43" CONTENT="sur" WC="0.94" CC="564"/>
						<SP ID="P38_SP00014" HPOS="400" VPOS="1049" WIDTH="22"/>
						<String ID="P38_ST00018" HPOS="422" VPOS="986" WIDTH="63" HEIGHT="60" CONTENT="la" WC="0.96" CC="00"/>
						<SP ID="P38_SP00015" HPOS="485" VPOS="1049" WIDTH="34"/>
						<String ID="P38_ST00019" HPOS="519" VPOS="985" WIDTH="302" HEIGHT="59" CONTENT="vocation" WC="0.99" CC="03300042"/>
						<SP ID="P38_SP00016" HPOS="821" VPOS="1049" WIDTH="29"/>
						<String ID="P38_ST00020" HPOS="850" VPOS="983" WIDTH="386" HEIGHT="60" CONTENT="manifestée" WC="1.00" CC="0303400000"/>
						<SP ID="P38_SP00017" HPOS="1236" VPOS="1049" WIDTH="34"/>
						<String ID="P38_ST00021" HPOS="1270" VPOS="1001" WIDTH="121" HEIGHT="61" CONTENT="par" WC="0.98" CC="005"/>
						<SP ID="P38_SP00018" HPOS="1391" VPOS="1062" WIDTH="20"/>
						<String ID="P38_ST00022" HPOS="1411" VPOS="981" WIDTH="639" HEIGHT="71" CONTENT="l'individu-enfant," WC="1.00" CC="541002000504050011"/>
						<SP ID="P38_SP00019" HPOS="2050" VPOS="1062" WIDTH="26"/>
						<String ID="P38_ST00023" HPOS="2076" VPOS="983" WIDTH="186" HEIGHT="75" CONTENT="mais," WC="0.98" CC="60004"/>
					</TextLine>
					<TextLine ID="P38_TL00005" HPOS="287" VPOS="1072" WIDTH="1975" HEIGHT="85">
						<String ID="P38_ST00024" HPOS="287" VPOS="1076" WIDTH="452" HEIGHT="81" CONTENT="précisément," WC="1.00" CC="050220001024"/>
						<SP ID="P38_SP00020" HPOS="739" VPOS="1157" WIDTH="39"/>
						<String ID="P38_ST00025" HPOS="778" VPOS="1093" WIDTH="106" HEIGHT="40" CONTENT="sur" WC="0.96" CC="064"/>
						<SP ID="P38_SP00021" HPOS="884" VPOS="1157" WIDTH="32"/>
						<String ID="P38_ST00026" HPOS="916" VPOS="1073" WIDTH="94" HEIGHT="61" CONTENT="les" WC="0.98" CC="303"/>
						<SP ID="P38_SP00022" HPOS="1010" VPOS="1157" WIDTH="33"/>
						<String ID="P38_ST00027" HPOS="1043" VPOS="1075" WIDTH="224" HEIGHT="78" CONTENT="points" WC="0.99" CC="042400"/>
						<SP ID="P38_SP00023" HPOS="1267" VPOS="1157" WIDTH="33"/>
						<String ID="P38_ST00028" HPOS="1300" VPOS="1073" WIDTH="76" HEIGHT="60" CONTENT="de" WC="1.00" CC="00"/>
						<SP ID="P38_SP00024" HPOS="1376" VPOS="1157" WIDTH="52"/>
						<String ID="P38_ST00029" HPOS="1428" VPOS="1073" WIDTH="66" HEIGHT="60" CONTENT="la" WC="0.71" CC="04"/>
						<SP ID="P38_SP00025" HPOS="1494" VPOS="1157" WIDTH="30"/>
						<String ID="P38_ST00030" HPOS="1524" VPOS="1073" WIDTH="218" HEIGHT="60" CONTENT="vision" WC="0.99" CC="003300"/>
						<SP ID="P38_SP00026" HPOS="1742" VPOS="1157" WIDTH="34"/>
						<String ID="P38_ST00031" HPOS="1776" VPOS="1072" WIDTH="345" HEIGHT="81" CONTENT="artistique" WC="0.99" CC="5600011053"/>
						<SP ID="P38_SP00027" HPOS="2121" VPOS="1157" WIDTH="32"/>
						<String ID="P38_ST00032" HPOS="2153" VPOS="1075" WIDTH="109" HEIGHT="77" CONTENT="qui" WC="1.00" CC="000"/>
					</TextLine>
					<TextLine ID="P38_TL00006" HPOS="290" VPOS="1164" WIDTH="1975" HEIGHT="80">
						<String ID="P38_ST00033" HPOS="290" VPOS="1166" WIDTH="94" HEIGHT="61" CONTENT="lui" WC="0.99" CC="100"/>
						<SP ID="P38_SP00028" HPOS="384" VPOS="1227" WIDTH="27"/>
						<String ID="P38_ST00034" HPOS="411" VPOS="1165" WIDTH="328" HEIGHT="79" CONTENT="inspirent" WC="0.99" CC="060036200"/>
						<SP ID="P38_SP00029" HPOS="739" VPOS="1244" WIDTH="41"/>
						<String ID="P38_ST00035" HPOS="780" VPOS="1164" WIDTH="59" HEIGHT="59" CONTENT="le" WC="0.64" CC="07"/>
						<SP ID="P38_SP00030" HPOS="839" VPOS="1244" WIDTH="50"/>
						<String ID="P38_ST00036" HPOS="889" VPOS="1165" WIDTH="146" HEIGHT="79" CONTENT="plus" WC="0.98" CC="0360"/>
						<SP ID="P38_SP00031" HPOS="1035" VPOS="1244" WIDTH="61"/>
						<String ID="P38_ST00037" HPOS="1096" VPOS="1165" WIDTH="77" HEIGHT="58" CONTENT="de" WC="0.77" CC="04"/>
						<SP ID="P38_SP00032" HPOS="1173" VPOS="1244" WIDTH="57"/>
						<String ID="P38_ST00038" HPOS="1230" VPOS="1167" WIDTH="459" HEIGHT="75" CONTENT="répugnance;" WC="1.00" CC="40007004001"/>
						<SP ID="P38_SP00033" HPOS="1689" VPOS="1244" WIDTH="39"/>
						<String ID="P38_ST00039" HPOS="1728" VPOS="1181" WIDTH="113" HEIGHT="44" CONTENT="car" WC="0.98" CC="004"/>
						<SP ID="P38_SP00034" HPOS="1841" VPOS="1244" WIDTH="52"/>
						<String ID="P38_ST00040" HPOS="1893" VPOS="1181" WIDTH="104" HEIGHT="42" CONTENT="ces" WC="0.99" CC="300"/>
						<SP ID="P38_SP00035" HPOS="1997" VPOS="1244" WIDTH="61"/>
						<String ID="P38_ST00041" HPOS="2058" VPOS="1166" WIDTH="166" HEIGHT="75" CONTENT="répu" SUBS_TYPE="HypPart1" SUBS_CONTENT="répugnances" WC="0.98" CC="4007"/>
						<HYP HPOS="2224" VPOS="1166" WIDTH="41" CONTENT="-"/>
					</TextLine>
					<TextLine ID="P38_TL00007" HPOS="291" VPOS="1254" WIDTH="1975" HEIGHT="82">
						<String ID="P38_ST00042" HPOS="291" VPOS="1275" WIDTH="286" HEIGHT="61" CONTENT="gnances" SUBS_TYPE="HypPart2" SUBS_CONTENT="répugnances" WC="0.99" CC="6000024"/>
						<SP ID="P38_SP00036" HPOS="577" VPOS="1336" WIDTH="44"/>
						<String ID="P38_ST00043" HPOS="621" VPOS="1256" WIDTH="207" HEIGHT="59" CONTENT="même" WC="0.98" CC="0702"/>
						<SP ID="P38_SP00037" HPOS="828" VPOS="1336" WIDTH="49"/>
						<String ID="P38_ST00044" HPOS="877" VPOS="1260" WIDTH="148" HEIGHT="55" CONTENT="sont" WC="0.99" CC="0400"/>
						<SP ID="P38_SP00038" HPOS="1025" VPOS="1336" WIDTH="41"/>
						<String ID="P38_ST00045" HPOS="1066" VPOS="1255" WIDTH="264" HEIGHT="60" CONTENT="l'indice" WC="1.00" CC="20000104"/>
						<SP ID="P38_SP00039" HPOS="1330" VPOS="1336" WIDTH="60"/>
						<String ID="P38_ST00046" HPOS="1390" VPOS="1256" WIDTH="86" HEIGHT="58" CONTENT="du" WC="0.67" CC="06"/>
						<SP ID="P38_SP00040" HPOS="1476" VPOS="1336" WIDTH="45"/>
						<String ID="P38_ST00047" HPOS="1521" VPOS="1273" WIDTH="285" HEIGHT="60" CONTENT="manque" WC="1.00" CC="000000"/>
						<SP ID="P38_SP00041" HPOS="1806" VPOS="1336" WIDTH="64"/>
						<String ID="P38_ST00048" HPOS="1870" VPOS="1254" WIDTH="396" HEIGHT="80" CONTENT="d'équilibre" WC="0.99" CC="03000233640"/>
					</TextLine>
					<TextLine ID="P38_TL00008" HPOS="290" VPOS="1344" WIDTH="1979" HEIGHT="77">
						<String ID="P38_ST00049" HPOS="290" VPOS="1353" WIDTH="178" HEIGHT="56" CONTENT="entre" WC="0.98" CC="06160"/>
						<SP ID="P38_SP00042" HPOS="468" VPOS="1409" WIDTH="51"/>
						<String ID="P38_ST00050" HPOS="519" VPOS="1366" WIDTH="97" HEIGHT="40" CONTENT="ses" WC="0.99" CC="010"/>
						<SP ID="P38_SP00043" HPOS="616" VPOS="1409" WIDTH="41"/>
						<String ID="P38_ST00051" HPOS="657" VPOS="1345" WIDTH="297" HEIGHT="70" CONTENT="facultés," WC="0.99" CC="204650143"/>
						<SP ID="P38_SP00044" HPOS="954" VPOS="1415" WIDTH="27"/>
						<String ID="P38_ST00052" HPOS="981" VPOS="1366" WIDTH="76" HEIGHT="40" CONTENT="en" WC="0.78" CC="04"/>
						<SP ID="P38_SP00045" HPOS="1057" VPOS="1415" WIDTH="39"/>
						<String ID="P38_ST00053" HPOS="1096" VPOS="1347" WIDTH="210" HEIGHT="57" CONTENT="même" WC="0.99" CC="0400"/>
						<SP ID="P38_SP00046" HPOS="1306" VPOS="1415" WIDTH="51"/>
						<String ID="P38_ST00054" HPOS="1357" VPOS="1349" WIDTH="216" HEIGHT="72" CONTENT="temps" WC="1.00" CC="00000"/>
						<SP ID="P38_SP00047" HPOS="1573" VPOS="1421" WIDTH="55"/>
						<String ID="P38_ST00055" HPOS="1628" VPOS="1344" WIDTH="274" HEIGHT="77" CONTENT="qu'elles" WC="0.99" CC="06002420"/>
						<SP ID="P38_SP00048" HPOS="1902" VPOS="1421" WIDTH="52"/>
						<String ID="P38_ST00056" HPOS="1954" VPOS="1345" WIDTH="276" HEIGHT="76" CONTENT="diagnos" SUBS_TYPE="HypPart1" SUBS_CONTENT="diagnostiquent" WC="0.98" CC="0289360"/>
						<HYP HPOS="2230" VPOS="1345" WIDTH="39" CONTENT="-"/>
					</TextLine>
					<TextLine ID="P38_TL00009" HPOS="285" VPOS="1434" WIDTH="1981" HEIGHT="80">
						<String ID="P38_ST00057" HPOS="285" VPOS="1438" WIDTH="260" HEIGHT="76" CONTENT="tiquent" SUBS_TYPE="HypPart2" SUBS_CONTENT="diagnostiquent" WC="1.00" CC="0100005"/>
						<SP ID="P38_SP00049" HPOS="545" VPOS="1514" WIDTH="31"/>
						<String ID="P38_ST00058" HPOS="576" VPOS="1437" WIDTH="92" HEIGHT="58" CONTENT="les" WC="0.99" CC="300"/>
						<SP ID="P38_SP00050" HPOS="668" VPOS="1514" WIDTH="41"/>
						<String ID="P38_ST00059" HPOS="709" VPOS="1437" WIDTH="221" HEIGHT="76" CONTENT="points" WC="1.00" CC="000000"/>
						<SP ID="P38_SP00051" HPOS="930" VPOS="1514" WIDTH="56"/>
						<String ID="P38_ST00060" HPOS="986" VPOS="1453" WIDTH="109" HEIGHT="41" CONTENT="sur" WC="0.98" CC="004"/>
						<SP ID="P38_SP00052" HPOS="1095" VPOS="1514" WIDTH="46"/>
						<String ID="P38_ST00061" HPOS="1141" VPOS="1435" WIDTH="282" HEIGHT="78" CONTENT="lesquels" WC="0.99" CC="10000362"/>
						<SP ID="P38_SP00053" HPOS="1423" VPOS="1514" WIDTH="49"/>
						<String ID="P38_ST00062" HPOS="1472" VPOS="1439" WIDTH="190" HEIGHT="73" CONTENT="porte" WC="0.98" CC="06404"/>
						<SP ID="P38_SP00054" HPOS="1662" VPOS="1514" WIDTH="53"/>
						<String ID="P38_ST00063" HPOS="1715" VPOS="1434" WIDTH="349" HEIGHT="78" CONTENT="l'atrophie" WC="0.99" CC="1370000402"/>
						<SP ID="P38_SP00055" HPOS="2064" VPOS="1514" WIDTH="43"/>
						<String ID="P38_ST00064" HPOS="2107" VPOS="1435" WIDTH="159" HEIGHT="78" CONTENT="qu'il" WC="1.00" CC="00030"/>
					</TextLine>
					<TextLine ID="P38_TL00010" HPOS="285" VPOS="1523" WIDTH="1975" HEIGHT="80">
						<String ID="P38_ST00065" HPOS="285" VPOS="1526" WIDTH="294" HEIGHT="77" CONTENT="s'agirait" WC="0.98" CC="449906041"/>
						<SP ID="P38_SP00056" HPOS="579" VPOS="1603" WIDTH="32"/>
						<String ID="P38_ST00066" HPOS="611" VPOS="1524" WIDTH="76" HEIGHT="59" CONTENT="de" WC="1.00" CC="00"/>
						<SP ID="P38_SP00057" HPOS="687" VPOS="1603" WIDTH="23"/>
						<String ID="P38_ST00067" HPOS="710" VPOS="1524" WIDTH="364" HEIGHT="59" CONTENT="combattre" WC="0.99" CC="040600060"/>
						<SP ID="P38_SP00058" HPOS="1074" VPOS="1603" WIDTH="30"/>
						<String ID="P38_ST00068" HPOS="1104" VPOS="1524" WIDTH="130" HEIGHT="59" CONTENT="afin" WC="0.95" CC="7706"/>
						<SP ID="P38_SP00059" HPOS="1234" VPOS="1603" WIDTH="26"/>
						<String ID="P38_ST00069" HPOS="1260" VPOS="1524" WIDTH="330" HEIGHT="78" CONTENT="d'essayer" WC="0.99" CC="021005556"/>
						<SP ID="P38_SP00060" HPOS="1590" VPOS="1603" WIDTH="26"/>
						<String ID="P38_ST00070" HPOS="1616" VPOS="1523" WIDTH="77" HEIGHT="60" CONTENT="de" WC="1.00" CC="00"/>
						<SP ID="P38_SP00061" HPOS="1693" VPOS="1603" WIDTH="24"/>
						<String ID="P38_ST00071" HPOS="1717" VPOS="1523" WIDTH="233" HEIGHT="61" CONTENT="rendre" WC="0.99" CC="010060"/>
						<SP ID="P38_SP00062" HPOS="1950" VPOS="1603" WIDTH="26"/>
						<String ID="P38_ST00072" HPOS="1976" VPOS="1529" WIDTH="39" HEIGHT="55" CONTENT="à" WC="0.31" CC="6"/>
						<SP ID="P38_SP00063" HPOS="2015" VPOS="1603" WIDTH="30"/>
						<String ID="P38_ST00073" HPOS="2045" VPOS="1524" WIDTH="185" HEIGHT="63" CONTENT="l'indi" SUBS_TYPE="HypPart1" SUBS_CONTENT="l'individu" WC="0.99" CC="103003"/>
						<HYP HPOS="2230" VPOS="1524" WIDTH="30" CONTENT="-"/>
					</TextLine>
					<TextLine ID="P38_TL00011" HPOS="281" VPOS="1613" WIDTH="1560" HEIGHT="80">
						<String ID="P38_ST00074" HPOS="281" VPOS="1615" WIDTH="158" HEIGHT="60" CONTENT="vidu" SUBS_TYPE="HypPart2" SUBS_CONTENT="l'individu" WC="0.98" CC="0106"/>
						<SP ID="P38_SP00064" HPOS="439" VPOS="1675" WIDTH="29"/>
						<String ID="P38_ST00075" HPOS="468" VPOS="1616" WIDTH="240" HEIGHT="76" CONTENT="l'usage" WC="0.98" CC="4071490"/>
						<SP ID="P38_SP00065" HPOS="708" VPOS="1692" WIDTH="38"/>
						<String ID="P38_ST00076" HPOS="746" VPOS="1613" WIDTH="287" HEIGHT="79" CONTENT="complet" WC="0.99" CC="5300000"/>
						<SP ID="P38_SP00066" HPOS="1033" VPOS="1692" WIDTH="32"/>
						<String ID="P38_ST00077" HPOS="1065" VPOS="1615" WIDTH="77" HEIGHT="58" CONTENT="de" WC="1.00" CC="00"/>
						<SP ID="P38_SP00067" HPOS="1142" VPOS="1692" WIDTH="31"/>
						<String ID="P38_ST00078" HPOS="1173" VPOS="1632" WIDTH="100" HEIGHT="42" CONTENT="ses" WC="1.00" CC="000"/>
						<SP ID="P38_SP00068" HPOS="1273" VPOS="1692" WIDTH="30"/>
						<String ID="P38_ST00079" HPOS="1303" VPOS="1616" WIDTH="165" HEIGHT="58" CONTENT="dons" WC="0.98" CC="0520"/>
						<SP ID="P38_SP00069" HPOS="1468" VPOS="1692" WIDTH="35"/>
						<String ID="P38_ST00080" HPOS="1503" VPOS="1613" WIDTH="338" HEIGHT="80" CONTENT="originels." WC="0.99" CC="3600101203"/>
					</TextLine>
					<TextLine ID="P38_TL00012" HPOS="364" VPOS="1705" WIDTH="1897" HEIGHT="78">
						<String ID="P38_ST00081" HPOS="364" VPOS="1706" WIDTH="161" HEIGHT="58" CONTENT="Loin" WC="0.97" CC="0570"/>
						<SP ID="P38_SP00070" HPOS="525" VPOS="1764" WIDTH="33"/>
						<String ID="P38_ST00082" HPOS="558" VPOS="1705" WIDTH="76" HEIGHT="59" CONTENT="de" WC="0.84" CC="03"/>
						<SP ID="P38_SP00071" HPOS="634" VPOS="1764" WIDTH="33"/>
						<String ID="P38_ST00083" HPOS="667" VPOS="1706" WIDTH="81" HEIGHT="58" CONTENT="là." WC="0.95" CC="163"/>
						<SP ID="P38_SP00072" HPOS="748" VPOS="1764" WIDTH="41"/>
						<String ID="P38_ST00084" HPOS="789" VPOS="1707" WIDTH="50" HEIGHT="56" CONTENT="A" WC="0.18" CC="8"/>
						<SP ID="P38_SP00073" HPOS="839" VPOS="1764" WIDTH="31"/>
						<String ID="P38_ST00085" HPOS="870" VPOS="1705" WIDTH="192" HEIGHT="78" CONTENT="peine" WC="1.00" CC="01002"/>
						<SP ID="P38_SP00074" HPOS="1062" VPOS="1783" WIDTH="52"/>
						<String ID="P38_ST00086" HPOS="1114" VPOS="1705" WIDTH="290" HEIGHT="73" CONTENT="l'enfant," WC="0.99" CC="703005010"/>
						<SP ID="P38_SP00075" HPOS="1404" VPOS="1783" WIDTH="40"/>
						<String ID="P38_ST00087" HPOS="1444" VPOS="1705" WIDTH="162" HEIGHT="61" CONTENT="dont" WC="0.98" CC="0024"/>
						<SP ID="P38_SP00076" HPOS="1606" VPOS="1783" WIDTH="40"/>
						<String ID="P38_ST00088" HPOS="1646" VPOS="1705" WIDTH="64" HEIGHT="59" CONTENT="la" WC="1.00" CC="00"/>
						<SP ID="P38_SP00077" HPOS="1710" VPOS="1783" WIDTH="43"/>
						<String ID="P38_ST00089" HPOS="1753" VPOS="1705" WIDTH="363" HEIGHT="62" CONTENT="formation" WC="0.99" CC="036000140"/>
						<SP ID="P38_SP00078" HPOS="2116" VPOS="1783" WIDTH="54"/>
						<String ID="P38_ST00090" HPOS="2170" VPOS="1711" WIDTH="91" HEIGHT="58" CONTENT="est" WC="0.96" CC="603"/>
					</TextLine>
					<TextLine ID="P38_TL00013" HPOS="281" VPOS="1795" WIDTH="1974" HEIGHT="81">
						<String ID="P38_ST00091" HPOS="281" VPOS="1795" WIDTH="380" HEIGHT="76" CONTENT="inachevée," WC="0.99" CC="6704610564"/>
						<SP ID="P38_SP00079" HPOS="661" VPOS="1871" WIDTH="20"/>
						<String ID="P38_ST00092" HPOS="681" VPOS="1795" WIDTH="184" HEIGHT="60" CONTENT="a-t-il" WC="0.76" CC="433110"/>
						<SP ID="P38_SP00080" HPOS="865" VPOS="1871" WIDTH="38"/>
						<String ID="P38_ST00093" HPOS="903" VPOS="1795" WIDTH="217" HEIGHT="61" CONTENT="donné" WC="0.99" CC="05004"/>
						<SP ID="P38_SP00081" HPOS="1120" VPOS="1871" WIDTH="32"/>
						<String ID="P38_ST00094" HPOS="1152" VPOS="1796" WIDTH="281" HEIGHT="79" CONTENT="quelque" WC="0.99" CC="0601060"/>
						<SP ID="P38_SP00082" HPOS="1433" VPOS="1875" WIDTH="35"/>
						<String ID="P38_ST00095" HPOS="1468" VPOS="1796" WIDTH="181" HEIGHT="80" CONTENT="signe" WC="0.99" CC="05000"/>
						<SP ID="P38_SP00083" HPOS="1649" VPOS="1876" WIDTH="38"/>
						<String ID="P38_ST00096" HPOS="1687" VPOS="1795" WIDTH="76" HEIGHT="61" CONTENT="de" WC="1.00" CC="00"/>
						<SP ID="P38_SP00084" HPOS="1763" VPOS="1876" WIDTH="36"/>
						<String ID="P38_ST00097" HPOS="1799" VPOS="1797" WIDTH="456" HEIGHT="79" CONTENT="prédilection," WC="0.99" CC="0700015042571"/>
					</TextLine>
					<TextLine ID="P38_TL00014" HPOS="282" VPOS="1885" WIDTH="1974" HEIGHT="81">
						<String ID="P38_ST00098" HPOS="282" VPOS="1904" WIDTH="122" HEIGHT="61" CONTENT="que" WC="0.97" CC="061"/>
						<SP ID="P38_SP00085" HPOS="404" VPOS="1965" WIDTH="45"/>
						<String ID="P38_ST00099" HPOS="449" VPOS="1886" WIDTH="64" HEIGHT="60" CONTENT="la" WC="0.57" CC="16"/>
						<SP ID="P38_SP00086" HPOS="513" VPOS="1965" WIDTH="46"/>
						<String ID="P38_ST00100" HPOS="559" VPOS="1908" WIDTH="33" HEIGHT="35" CONTENT="«" WC="1.00" CC="0"/>
						<SP ID="P38_SP00087" HPOS="592" VPOS="1965" WIDTH="48"/>
						<String ID="P38_ST00101" HPOS="640" VPOS="1885" WIDTH="342" HEIGHT="79" CONTENT="spécialité" WC="1.00" CC="0000440120"/>
						<SP ID="P38_SP00088" HPOS="982" VPOS="1965" WIDTH="46"/>
						<String ID="P38_ST00102" HPOS="1028" VPOS="1908" WIDTH="34" HEIGHT="35" CONTENT="»" WC="0.45" CC="5"/>
						<SP ID="P38_SP00089" HPOS="1062" VPOS="1965" WIDTH="48"/>
						<String ID="P38_ST00103" HPOS="1110" VPOS="1888" WIDTH="136" HEIGHT="59" CONTENT="s'en" WC="0.97" CC="5036"/>
						<SP ID="P38_SP00090" HPOS="1246" VPOS="1965" WIDTH="52"/>
						<String ID="P38_ST00104" HPOS="1298" VPOS="1905" WIDTH="261" HEIGHT="61" CONTENT="empare" WC="0.99" CC="000060"/>
						<SP ID="P38_SP00091" HPOS="1559" VPOS="1966" WIDTH="58"/>
						<String ID="P38_ST00105" HPOS="1617" VPOS="1889" WIDTH="84" HEIGHT="68" CONTENT="et," WC="0.96" CC="063"/>
						<SP ID="P38_SP00092" HPOS="1701" VPOS="1966" WIDTH="63"/>
						<String ID="P38_ST00106" HPOS="1764" VPOS="1888" WIDTH="492" HEIGHT="74" CONTENT="barbarement," WC="0.72" CC="706705200004"/>
					</TextLine>
					<TextLine ID="P38_TL00015" HPOS="282" VPOS="1975" WIDTH="1979" HEIGHT="88">
						<String ID="P38_ST00107" HPOS="282" VPOS="1978" WIDTH="239" HEIGHT="59" CONTENT="achève" WC="0.98" CC="446500"/>
						<SP ID="P38_SP00093" HPOS="521" VPOS="2037" WIDTH="56"/>
						<String ID="P38_ST00108" HPOS="577" VPOS="1996" WIDTH="110" HEIGHT="40" CONTENT="sur" WC="0.95" CC="066"/>
						<SP ID="P38_SP00094" HPOS="687" VPOS="2037" WIDTH="44"/>
						<String ID="P38_ST00109" HPOS="731" VPOS="1975" WIDTH="92" HEIGHT="61" CONTENT="lui" WC="0.99" CC="100"/>
						<SP ID="P38_SP00095" HPOS="823" VPOS="2037" WIDTH="40"/>
						<String ID="P38_ST00110" HPOS="863" VPOS="1976" WIDTH="265" HEIGHT="61" CONTENT="l'œuvre" WC="0.99" CC="0000062"/>
						<SP ID="P38_SP00096" HPOS="1128" VPOS="2037" WIDTH="64"/>
						<String ID="P38_ST00111" HPOS="1192" VPOS="1978" WIDTH="144" HEIGHT="78" CONTENT="déjà" WC="0.99" CC="0022"/>
						<SP ID="P38_SP00097" HPOS="1336" VPOS="2056" WIDTH="60"/>
						<String ID="P38_ST00112" HPOS="1396" VPOS="1982" WIDTH="424" HEIGHT="58" CONTENT="commencée" WC="0.99" CC="050026000"/>
						<SP ID="P38_SP00098" HPOS="1820" VPOS="2056" WIDTH="59"/>
						<String ID="P38_ST00113" HPOS="1879" VPOS="1998" WIDTH="78" HEIGHT="42" CONTENT="en" WC="0.83" CC="30"/>
						<SP ID="P38_SP00099" HPOS="1957" VPOS="2056" WIDTH="51"/>
						<String ID="P38_ST00114" HPOS="2008" VPOS="1980" WIDTH="94" HEIGHT="60" CONTENT="lui" WC="0.97" CC="060"/>
						<SP ID="P38_SP00100" HPOS="2102" VPOS="2056" WIDTH="41"/>
						<String ID="P38_ST00115" HPOS="2143" VPOS="2002" WIDTH="118" HEIGHT="61" CONTENT="par" WC="0.98" CC="005"/>
					</TextLine>
					<TextLine ID="P38_TL00016" HPOS="280" VPOS="2067" WIDTH="368" HEIGHT="61">
						<String ID="P38_ST00116" HPOS="280" VPOS="2067" WIDTH="368" HEIGHT="61" CONTENT="l'hérédité." WC="1.00" CC="70004000003"/>
					</TextLine>
					<TextLine ID="P38_TL00017" HPOS="361" VPOS="2157" WIDTH="1895" HEIGHT="85">
						<String ID="P38_ST00117" HPOS="361" VPOS="2158" WIDTH="94" HEIGHT="60" CONTENT="On" WC="0.42" CC="46"/>
						<SP ID="P38_SP00101" HPOS="455" VPOS="2218" WIDTH="30"/>
						<String ID="P38_ST00118" HPOS="485" VPOS="2157" WIDTH="340" HEIGHT="61" CONTENT="l'enferme" WC="0.99" CC="735004000"/>
						<SP ID="P38_SP00102" HPOS="825" VPOS="2218" WIDTH="33"/>
						<String ID="P38_ST00119" HPOS="858" VPOS="2157" WIDTH="175" HEIGHT="62" CONTENT="alors" WC="0.97" CC="70650"/>
						<SP ID="P38_SP00103" HPOS="1033" VPOS="2219" WIDTH="48"/>
						<String ID="P38_ST00120" HPOS="1081" VPOS="2159" WIDTH="161" HEIGHT="61" CONTENT="dans" WC="1.00" CC="0000"/>
						<SP ID="P38_SP00104" HPOS="1242" VPOS="2220" WIDTH="56"/>
						<String ID="P38_ST00121" HPOS="1298" VPOS="2161" WIDTH="130" HEIGHT="59" CONTENT="l'un" WC="0.96" CC="6464"/>
						<SP ID="P38_SP00105" HPOS="1428" VPOS="2220" WIDTH="60"/>
						<String ID="P38_ST00122" HPOS="1488" VPOS="2161" WIDTH="77" HEIGHT="61" CONTENT="de" WC="1.00" CC="00"/>
						<SP ID="P38_SP00106" HPOS="1565" VPOS="2222" WIDTH="47"/>
						<String ID="P38_ST00123" HPOS="1612" VPOS="2180" WIDTH="104" HEIGHT="43" CONTENT="ces" WC="0.98" CC="050"/>
						<SP ID="P38_SP00107" HPOS="1716" VPOS="2223" WIDTH="41"/>
						<String ID="P38_ST00124" HPOS="1757" VPOS="2163" WIDTH="363" HEIGHT="79" CONTENT="ergastules" WC="0.83" CC="0600006300"/>
						<SP ID="P38_SP00108" HPOS="2120" VPOS="2242" WIDTH="30"/>
						<String ID="P38_ST00125" HPOS="2150" VPOS="2171" WIDTH="106" HEIGHT="71" CONTENT="où," WC="0.94" CC="484"/>
					</TextLine>
					<TextLine ID="P38_TL00018" HPOS="278" VPOS="2248" WIDTH="1980" HEIGHT="82">
						<String ID="P38_ST00126" HPOS="278" VPOS="2248" WIDTH="289" HEIGHT="80" CONTENT="pendant" WC="1.00" CC="0300000"/>
						<SP ID="P38_SP00109" HPOS="567" VPOS="2328" WIDTH="32"/>
						<String ID="P38_ST00127" HPOS="599" VPOS="2248" WIDTH="110" HEIGHT="60" CONTENT="des" WC="1.00" CC="000"/>
						<SP ID="P38_SP00110" HPOS="709" VPOS="2328" WIDTH="33"/>
						<String ID="P38_ST00128" HPOS="742" VPOS="2253" WIDTH="264" HEIGHT="70" CONTENT="années," WC="0.99" CC="4000004"/>
						<SP ID="P38_SP00111" HPOS="1006" VPOS="2328" WIDTH="55"/>
						<String ID="P38_ST00129" HPOS="1061" VPOS="2269" WIDTH="85" HEIGHT="41" CONTENT="on" WC="0.95" CC="00"/>
						<SP ID="P38_SP00112" HPOS="1146" VPOS="2328" WIDTH="28"/>
						<String ID="P38_ST00130" HPOS="1174" VPOS="2252" WIDTH="58" HEIGHT="61" CONTENT="le" WC="0.79" CC="40"/>
						<SP ID="P38_SP00113" HPOS="1232" VPOS="2328" WIDTH="49"/>
						<String ID="P38_ST00131" HPOS="1281" VPOS="2270" WIDTH="318" HEIGHT="60" CONTENT="poussera" WC="0.99" CC="00630055"/>
						<SP ID="P38_SP00114" HPOS="1599" VPOS="2330" WIDTH="35"/>
						<String ID="P38_ST00132" HPOS="1634" VPOS="2258" WIDTH="35" HEIGHT="55" CONTENT="à" WC="1.00" CC="9"/>
						<SP ID="P38_SP00115" HPOS="1669" VPOS="2330" WIDTH="33"/>
						<String ID="P38_ST00133" HPOS="1702" VPOS="2255" WIDTH="556" HEIGHT="63" CONTENT="l'accroissement" WC="1.00" CC="620336600000350"/>
					</TextLine>
					<TextLine ID="P38_TL00019" HPOS="278" VPOS="2338" WIDTH="1982" HEIGHT="89">
						<String ID="P38_ST00134" HPOS="278" VPOS="2338" WIDTH="300" HEIGHT="61" CONTENT="difforme" WC="0.99" CC="00605500"/>
						<SP ID="P38_SP00116" HPOS="578" VPOS="2399" WIDTH="62"/>
						<String ID="P38_ST00135" HPOS="640" VPOS="2340" WIDTH="153" HEIGHT="58" CONTENT="d'un" WC="0.97" CC="5251"/>
						<SP ID="P38_SP00117" HPOS="793" VPOS="2399" WIDTH="61"/>
						<String ID="P38_ST00136" HPOS="854" VPOS="2357" WIDTH="173" HEIGHT="58" CONTENT="sens," WC="0.99" CC="00003"/>
						<SP ID="P38_SP00118" HPOS="1027" VPOS="2415" WIDTH="49"/>
						<String ID="P38_ST00137" HPOS="1076" VPOS="2359" WIDTH="83" HEIGHT="43" CONTENT="au" WC="0.40" CC="56"/>
						<SP ID="P38_SP00119" HPOS="1159" VPOS="2415" WIDTH="49"/>
						<String ID="P38_ST00138" HPOS="1208" VPOS="2342" WIDTH="549" HEIGHT="81" CONTENT="développement" WC="1.00" CC="0002230000050"/>
						<SP ID="P38_SP00120" HPOS="1757" VPOS="2423" WIDTH="56"/>
						<String ID="P38_ST00139" HPOS="1813" VPOS="2346" WIDTH="156" HEIGHT="60" CONTENT="d'un" WC="0.97" CC="5340"/>
						<SP ID="P38_SP00121" HPOS="1969" VPOS="2423" WIDTH="54"/>
						<String ID="P38_ST00140" HPOS="2023" VPOS="2365" WIDTH="237" HEIGHT="62" CONTENT="moyen" WC="0.99" CC="01700"/>
					</TextLine>
					<TextLine ID="P38_TL00020" HPOS="276" VPOS="2429" WIDTH="1979" HEIGHT="82">
						<String ID="P38_ST00141" HPOS="276" VPOS="2429" WIDTH="281" HEIGHT="61" CONTENT="d'action" WC="0.99" CC="04003060"/>
						<SP ID="P38_SP00122" HPOS="557" VPOS="2490" WIDTH="34"/>
						<String ID="P38_ST00142" HPOS="591" VPOS="2430" WIDTH="270" HEIGHT="79" CONTENT="spécial," WC="0.99" CC="30020333"/>
						<SP ID="P38_SP00123" HPOS="861" VPOS="2509" WIDTH="40"/>
						<String ID="P38_ST00143" HPOS="901" VPOS="2449" WIDTH="79" HEIGHT="43" CONTENT="en" WC="1.00" CC="00"/>
						<SP ID="P38_SP00124" HPOS="980" VPOS="2509" WIDTH="48"/>
						<String ID="P38_ST00144" HPOS="1028" VPOS="2436" WIDTH="250" HEIGHT="70" CONTENT="tenant," WC="1.00" CC="0000004"/>
						<SP ID="P38_SP00125" HPOS="1278" VPOS="2509" WIDTH="37"/>
						<String ID="P38_ST00145" HPOS="1315" VPOS="2434" WIDTH="153" HEIGHT="63" CONTENT="bien" WC="0.96" CC="7067"/>
						<SP ID="P38_SP00126" HPOS="1468" VPOS="2509" WIDTH="72"/>
						<String ID="P38_ST00146" HPOS="1540" VPOS="2437" WIDTH="309" HEIGHT="74" CONTENT="entendu," WC="0.99" CC="50001062"/>
						<SP ID="P38_SP00127" HPOS="1849" VPOS="2511" WIDTH="30"/>
						<String ID="P38_ST00147" HPOS="1879" VPOS="2457" WIDTH="104" HEIGHT="41" CONTENT="ses" WC="1.00" CC="000"/>
						<SP ID="P38_SP00128" HPOS="1983" VPOS="2511" WIDTH="53"/>
						<String ID="P38_ST00148" HPOS="2036" VPOS="2444" WIDTH="219" HEIGHT="57" CONTENT="autres" WC="1.00" CC="000500"/>
					</TextLine>
					<TextLine ID="P38_TL00021" HPOS="273" VPOS="2520" WIDTH="1982" HEIGHT="81">
						<String ID="P38_ST00149" HPOS="273" VPOS="2538" WIDTH="145" HEIGHT="42" CONTENT="sens" WC="0.98" CC="0250"/>
						<SP ID="P38_SP00129" HPOS="418" VPOS="2580" WIDTH="33"/>
						<String ID="P38_ST00150" HPOS="451" VPOS="2520" WIDTH="377" HEIGHT="80" CONTENT="artistiques" WC="0.99" CC="45040010600"/>
						<SP ID="P38_SP00130" HPOS="828" VPOS="2600" WIDTH="47"/>
						<String ID="P38_ST00151" HPOS="875" VPOS="2523" WIDTH="530" HEIGHT="78" CONTENT="rudimentaires," WC="0.77" CC="60000450405003"/>
						<SP ID="P38_SP00131" HPOS="1405" VPOS="2601" WIDTH="50"/>
						<String ID="P38_ST00152" HPOS="1455" VPOS="2525" WIDTH="162" HEIGHT="62" CONTENT="dans" WC="1.00" CC="0200"/>
						<SP ID="P38_SP00132" HPOS="1617" VPOS="2601" WIDTH="61"/>
						<String ID="P38_ST00153" HPOS="1678" VPOS="2547" WIDTH="128" HEIGHT="43" CONTENT="une" WC="0.98" CC="400"/>
						<SP ID="P38_SP00133" HPOS="1806" VPOS="2601" WIDTH="49"/>
						<String ID="P38_ST00154" HPOS="1855" VPOS="2530" WIDTH="400" HEIGHT="64" CONTENT="immobilité" WC="1.00" CC="0000032303"/>
					</TextLine>
					<TextLine ID="P38_TL00022" HPOS="272" VPOS="2610" WIDTH="641" HEIGHT="65">
						<String ID="P38_ST00155" HPOS="272" VPOS="2610" WIDTH="641" HEIGHT="65" CONTENT="d'anéantissement." WC="1.00" CC="00250000200303004"/>
					</TextLine>
					<TextLine ID="P38_TL00023" HPOS="350" VPOS="2702" WIDTH="1903" HEIGHT="92">
						<String ID="P38_ST00156" HPOS="350" VPOS="2702" WIDTH="96" HEIGHT="58" CONTENT="Au" WC="0.25" CC="77"/>
						<SP ID="P38_SP00134" HPOS="446" VPOS="2760" WIDTH="50"/>
						<String ID="P38_ST00157" HPOS="496" VPOS="2702" WIDTH="163" HEIGHT="61" CONTENT="bout" WC="0.99" CC="0300"/>
						<SP ID="P38_SP00135" HPOS="659" VPOS="2763" WIDTH="55"/>
						<String ID="P38_ST00158" HPOS="714" VPOS="2703" WIDTH="154" HEIGHT="61" CONTENT="d'un" WC="0.99" CC="0005"/>
						<SP ID="P38_SP00136" HPOS="868" VPOS="2764" WIDTH="66"/>
						<String ID="P38_ST00159" HPOS="934" VPOS="2708" WIDTH="235" HEIGHT="76" CONTENT="temps," WC="1.00" CC="010000"/>
						<SP ID="P38_SP00137" HPOS="1169" VPOS="2784" WIDTH="80"/>
						<String ID="P38_ST00160" HPOS="1249" VPOS="2709" WIDTH="194" HEIGHT="75" CONTENT="guère" WC="0.98" CC="05360"/>
						<SP ID="P38_SP00138" HPOS="1443" VPOS="2784" WIDTH="56"/>
						<String ID="P38_ST00161" HPOS="1499" VPOS="2709" WIDTH="220" HEIGHT="62" CONTENT="moins" WC="0.99" CC="00510"/>
						<SP ID="P38_SP00139" HPOS="1719" VPOS="2784" WIDTH="64"/>
						<String ID="P38_ST00162" HPOS="1783" VPOS="2711" WIDTH="162" HEIGHT="81" CONTENT="long" WC="1.00" CC="0100"/>
						<SP ID="P38_SP00140" HPOS="1945" VPOS="2792" WIDTH="71"/>
						<String ID="P38_ST00163" HPOS="2016" VPOS="2714" WIDTH="237" HEIGHT="80" CONTENT="qu'une" WC="0.98" CC="060670"/>
					</TextLine>
					<TextLine ID="P38_TL00024" HPOS="272" VPOS="2791" WIDTH="1975" HEIGHT="94">
						<String ID="P38_ST00164" HPOS="272" VPOS="2791" WIDTH="245" HEIGHT="60" CONTENT="dizaine" WC="0.99" CC="0006444"/>
						<SP ID="P38_SP00141" HPOS="517" VPOS="2851" WIDTH="35"/>
						<String ID="P38_ST00165" HPOS="552" VPOS="2792" WIDTH="328" HEIGHT="79" CONTENT="d'années," WC="0.99" CC="006513000"/>
						<SP ID="P38_SP00142" HPOS="880" VPOS="2871" WIDTH="33"/>
						<String ID="P38_ST00166" HPOS="913" VPOS="2796" WIDTH="293" HEIGHT="73" CONTENT="l'enfant," WC="1.00" CC="210000003"/>
						<SP ID="P38_SP00143" HPOS="1206" VPOS="2871" WIDTH="39"/>
						<String ID="P38_ST00167" HPOS="1245" VPOS="2798" WIDTH="258" HEIGHT="61" CONTENT="devenu" WC="0.99" CC="000006"/>
						<SP ID="P38_SP00144" HPOS="1503" VPOS="2871" WIDTH="26"/>
						<String ID="P38_ST00168" HPOS="1529" VPOS="2801" WIDTH="296" HEIGHT="76" CONTENT="homme," WC="0.99" CC="650000"/>
						<SP ID="P38_SP00145" HPOS="1825" VPOS="2877" WIDTH="33"/>
						<String ID="P38_ST00169" HPOS="1858" VPOS="2812" WIDTH="60" HEIGHT="53" CONTENT="et" WC="0.93" CC="10"/>
						<SP ID="P38_SP00146" HPOS="1918" VPOS="2877" WIDTH="36"/>
						<String ID="P38_ST00170" HPOS="1954" VPOS="2810" WIDTH="293" HEIGHT="75" CONTENT="portant," WC="1.00" CC="01600000"/>
					</TextLine>
					<TextLine ID="P38_TL00025" HPOS="270" VPOS="2886" WIDTH="1978" HEIGHT="90">
						<String ID="P38_ST00171" HPOS="270" VPOS="2900" WIDTH="250" HEIGHT="43" CONTENT="comme" WC="1.00" CC="03000"/>
						<SP ID="P38_SP00147" HPOS="520" VPOS="2943" WIDTH="33"/>
						<String ID="P38_ST00172" HPOS="553" VPOS="2902" WIDTH="87" HEIGHT="40" CONTENT="un" WC="0.65" CC="70"/>
						<SP ID="P38_SP00148" HPOS="640" VPOS="2943" WIDTH="31"/>
						<String ID="P38_ST00173" HPOS="671" VPOS="2886" WIDTH="328" HEIGHT="77" CONTENT="stigmate," WC="0.99" CC="004080002"/>
						<SP ID="P38_SP00149" HPOS="999" VPOS="2963" WIDTH="35"/>
						<String ID="P38_ST00174" HPOS="1034" VPOS="2906" WIDTH="74" HEIGHT="42" CONTENT="sa" WC="0.75" CC="04"/>
						<SP ID="P38_SP00150" HPOS="1108" VPOS="2963" WIDTH="30"/>
						<String ID="P38_ST00175" HPOS="1138" VPOS="2906" WIDTH="272" HEIGHT="62" CONTENT="marque" WC="0.98" CC="056060"/>
						<SP ID="P38_SP00151" HPOS="1410" VPOS="2968" WIDTH="45"/>
						<String ID="P38_ST00176" HPOS="1455" VPOS="2891" WIDTH="77" HEIGHT="61" CONTENT="de" WC="1.00" CC="00"/>
						<SP ID="P38_SP00152" HPOS="1532" VPOS="2968" WIDTH="33"/>
						<String ID="P38_ST00177" HPOS="1565" VPOS="2892" WIDTH="306" HEIGHT="81" CONTENT="fabrique" WC="0.99" CC="20560000"/>
						<SP ID="P38_SP00153" HPOS="1871" VPOS="2973" WIDTH="60"/>
						<String ID="P38_ST00178" HPOS="1931" VPOS="2900" WIDTH="317" HEIGHT="76" CONTENT="spéciale," WC="0.99" CC="000300737"/>
					</TextLine>
					<TextLine ID="P38_TL00026" HPOS="268" VPOS="2975" WIDTH="1980" HEIGHT="96">
						<String ID="P38_ST00179" HPOS="268" VPOS="2991" WIDTH="144" HEIGHT="43" CONTENT="sera" WC="0.96" CC="1773"/>
						<SP ID="P38_SP00154" HPOS="412" VPOS="3034" WIDTH="20"/>
						<String ID="P38_ST00180" HPOS="432" VPOS="2975" WIDTH="183" HEIGHT="58" CONTENT="lâché" WC="0.97" CC="08270"/>
						<SP ID="P38_SP00155" HPOS="615" VPOS="3034" WIDTH="39"/>
						<String ID="P38_ST00181" HPOS="654" VPOS="2975" WIDTH="162" HEIGHT="61" CONTENT="dans" WC="0.98" CC="6020"/>
						<SP ID="P38_SP00156" HPOS="816" VPOS="3036" WIDTH="29"/>
						<String ID="P38_ST00182" HPOS="845" VPOS="2977" WIDTH="66" HEIGHT="59" CONTENT="la" WC="0.41" CC="29"/>
						<SP ID="P38_SP00157" HPOS="911" VPOS="3036" WIDTH="30"/>
						<String ID="P38_ST00183" HPOS="941" VPOS="2978" WIDTH="103" HEIGHT="60" CONTENT="vie" WC="0.98" CC="006"/>
						<SP ID="P38_SP00158" HPOS="1044" VPOS="3038" WIDTH="47"/>
						<String ID="P38_ST00184" HPOS="1091" VPOS="2980" WIDTH="393" HEIGHT="77" CONTENT="productive" WC="0.99" CC="0650601096"/>
						<SP ID="P38_SP00159" HPOS="1484" VPOS="3057" WIDTH="58"/>
						<String ID="P38_ST00185" HPOS="1542" VPOS="3001" WIDTH="155" HEIGHT="45" CONTENT="avec" WC="0.96" CC="9070"/>
						<SP ID="P38_SP00160" HPOS="1697" VPOS="3057" WIDTH="52"/>
						<String ID="P38_ST00186" HPOS="1749" VPOS="3005" WIDTH="106" HEIGHT="43" CONTENT="ces" WC="0.97" CC="270"/>
						<SP ID="P38_SP00161" HPOS="1855" VPOS="3057" WIDTH="47"/>
						<String ID="P38_ST00187" HPOS="1902" VPOS="2995" WIDTH="174" HEIGHT="56" CONTENT="mots" WC="0.99" CC="0400"/>
						<SP ID="P38_SP00162" HPOS="2076" VPOS="3057" WIDTH="62"/>
						<String ID="P38_ST00188" HPOS="2138" VPOS="2992" WIDTH="110" HEIGHT="79" CONTENT="qui" WC="1.00" CC="000"/>
					</TextLine>
					<TextLine ID="P38_TL00027" HPOS="265" VPOS="3065" WIDTH="1986" HEIGHT="86">
						<String ID="P38_ST00189" HPOS="265" VPOS="3065" WIDTH="335" HEIGHT="60" CONTENT="résument" WC="1.00" CC="50000100"/>
						<SP ID="P38_SP00163" HPOS="600" VPOS="3125" WIDTH="26"/>
						<String ID="P38_ST00190" HPOS="626" VPOS="3065" WIDTH="58" HEIGHT="61" CONTENT="le" WC="0.76" CC="40"/>
						<SP ID="P38_SP00164" HPOS="684" VPOS="3126" WIDTH="33"/>
						<String ID="P38_ST00191" HPOS="717" VPOS="3067" WIDTH="245" HEIGHT="61" CONTENT="mobile" WC="0.98" CC="025055"/>
						<SP ID="P38_SP00165" HPOS="962" VPOS="3128" WIDTH="30"/>
						<String ID="P38_ST00192" HPOS="992" VPOS="3069" WIDTH="76" HEIGHT="61" CONTENT="de" WC="1.00" CC="00"/>
						<SP ID="P38_SP00166" HPOS="1068" VPOS="3130" WIDTH="36"/>
						<String ID="P38_ST00193" HPOS="1104" VPOS="3070" WIDTH="425" HEIGHT="65" CONTENT="l'institution" WC="1.00" CC="4000000061050"/>
						<SP ID="P38_SP00167" HPOS="1529" VPOS="3135" WIDTH="37"/>
						<String ID="P38_ST00194" HPOS="1566" VPOS="3095" WIDTH="13" HEIGHT="41" CONTENT=":" WC="0.36" CC="6"/>
						<SP ID="P38_SP00168" HPOS="1579" VPOS="3136" WIDTH="41"/>
						<String ID="P38_ST00195" HPOS="1620" VPOS="3098" WIDTH="34" HEIGHT="37" CONTENT="«" WC="1.00" CC="0"/>
						<SP ID="P38_SP00169" HPOS="1654" VPOS="3136" WIDTH="49"/>
						<String ID="P38_ST00196" HPOS="1703" VPOS="3080" WIDTH="116" HEIGHT="71" CONTENT="Va," WC="0.95" CC="732"/>
						<SP ID="P38_SP00170" HPOS="1819" VPOS="3151" WIDTH="60"/>
						<String ID="P38_ST00197" HPOS="1879" VPOS="3085" WIDTH="72" HEIGHT="57" CONTENT="tu" WC="0.56" CC="26"/>
						<SP ID="P38_SP00171" HPOS="1951" VPOS="3151" WIDTH="27"/>
						<String ID="P38_ST00198" HPOS="1978" VPOS="3083" WIDTH="132" HEIGHT="62" CONTENT="sais" WC="1.00" CC="0000"/>
						<SP ID="P38_SP00172" HPOS="2110" VPOS="3151" WIDTH="26"/>
						<String ID="P38_ST00199" HPOS="2136" VPOS="3089" WIDTH="115" HEIGHT="56" CONTENT="ton" WC="0.96" CC="047"/>
					</TextLine>
					<TextLine ID="P38_TL00028" HPOS="265" VPOS="3155" WIDTH="1181" HEIGHT="79">
						<String ID="P38_ST00200" HPOS="265" VPOS="3175" WIDTH="34" HEIGHT="36" CONTENT="«" WC="1.00" CC="0"/>
						<SP ID="P38_SP00173" HPOS="299" VPOS="3211" WIDTH="47"/>
						<String ID="P38_ST00201" HPOS="346" VPOS="3155" WIDTH="254" HEIGHT="75" CONTENT="métier," WC="1.00" CC="0000060"/>
						<SP ID="P38_SP00174" HPOS="600" VPOS="3230" WIDTH="35"/>
						<String ID="P38_ST00202" HPOS="635" VPOS="3158" WIDTH="271" HEIGHT="76" CONTENT="produis" WC="0.98" CC="6640600"/>
						<SP ID="P38_SP00175" HPOS="906" VPOS="3234" WIDTH="34"/>
						<String ID="P38_ST00203" HPOS="940" VPOS="3161" WIDTH="60" HEIGHT="59" CONTENT="et" WC="0.98" CC="00"/>
						<SP ID="P38_SP00176" HPOS="1000" VPOS="3234" WIDTH="29"/>
						<String ID="P38_ST00204" HPOS="1029" VPOS="3161" WIDTH="133" HEIGHT="60" CONTENT="sois" WC="0.98" CC="0540"/>
						<SP ID="P38_SP00177" HPOS="1162" VPOS="3234" WIDTH="32"/>
						<String ID="P38_ST00205" HPOS="1194" VPOS="3161" WIDTH="117" HEIGHT="61" CONTENT="fier" WC="0.97" CC="8005"/>
						<SP ID="P38_SP00178" HPOS="1311" VPOS="3234" WIDTH="34"/>
						<String ID="P38_ST00206" HPOS="1345" VPOS="3164" WIDTH="10" HEIGHT="58" CONTENT="!" WC="0.44" CC="5"/>
						<SP ID="P38_SP00179" HPOS="1355" VPOS="3234" WIDTH="55"/>
						<String ID="P38_ST00207" HPOS="1410" VPOS="3183" WIDTH="36" HEIGHT="43" CONTENT="»" WC="0.52" CC="4"/>
					</TextLine>
					<TextLine ID="P38_TL00029" HPOS="339" VPOS="3246" WIDTH="1899" HEIGHT="84">
						<String ID="P38_ST00208" HPOS="339" VPOS="3249" WIDTH="73" HEIGHT="57" CONTENT="Et" WC="1.00" CC="00"/>
						<SP ID="P38_SP00180" HPOS="412" VPOS="3306" WIDTH="48"/>
						<String ID="P38_ST00209" HPOS="460" VPOS="3246" WIDTH="61" HEIGHT="61" CONTENT="le" WC="0.77" CC="04"/>
						<SP ID="P38_SP00181" HPOS="521" VPOS="3307" WIDTH="56"/>
						<String ID="P38_ST00210" HPOS="577" VPOS="3248" WIDTH="427" HEIGHT="62" CONTENT="malheureux" WC="1.00" CC="0007000000"/>
						<SP ID="P38_SP00182" HPOS="1004" VPOS="3310" WIDTH="52"/>
						<String ID="P38_ST00211" HPOS="1056" VPOS="3252" WIDTH="261" HEIGHT="63" CONTENT="infirme" WC="0.99" CC="0004600"/>
						<SP ID="P38_SP00183" HPOS="1317" VPOS="3315" WIDTH="52"/>
						<String ID="P38_ST00212" HPOS="1369" VPOS="3274" WIDTH="65" HEIGHT="42" CONTENT="se" WC="0.63" CC="25"/>
						<SP ID="P38_SP00184" HPOS="1434" VPOS="3316" WIDTH="33"/>
						<String ID="P38_ST00213" HPOS="1467" VPOS="3260" WIDTH="131" HEIGHT="58" CONTENT="met" WC="0.99" CC="030"/>
						<SP ID="P38_SP00185" HPOS="1598" VPOS="3318" WIDTH="56"/>
						<String ID="P38_ST00214" HPOS="1654" VPOS="3260" WIDTH="175" HEIGHT="64" CONTENT="alors" WC="0.98" CC="13650"/>
						<SP ID="P38_SP00186" HPOS="1829" VPOS="3324" WIDTH="59"/>
						<String ID="P38_ST00215" HPOS="1888" VPOS="3282" WIDTH="78" HEIGHT="42" CONTENT="en" WC="0.78" CC="04"/>
						<SP ID="P38_SP00187" HPOS="1966" VPOS="3324" WIDTH="83"/>
						<String ID="P38_ST00216" HPOS="2049" VPOS="3273" WIDTH="189" HEIGHT="57" CONTENT="route" WC="0.98" CC="65500"/>
					</TextLine>
					<TextLine ID="P38_TL00030" HPOS="259" VPOS="3337" WIDTH="1992" HEIGHT="95">
						<String ID="P38_ST00217" HPOS="259" VPOS="3337" WIDTH="312" HEIGHT="75" CONTENT="honteux," WC="1.00" CC="04000002"/>
						<SP ID="P38_SP00188" HPOS="571" VPOS="3412" WIDTH="45"/>
						<String ID="P38_ST00218" HPOS="616" VPOS="3356" WIDTH="116" HEIGHT="61" CONTENT="pas" WC="0.97" CC="070"/>
						<SP ID="P38_SP00189" HPOS="732" VPOS="3417" WIDTH="44"/>
						<String ID="P38_ST00219" HPOS="776" VPOS="3340" WIDTH="237" HEIGHT="75" CONTENT="même," WC="0.98" CC="07073"/>
						<SP ID="P38_SP00190" HPOS="1013" VPOS="3417" WIDTH="50"/>
						<String ID="P38_ST00220" HPOS="1063" VPOS="3342" WIDTH="78" HEIGHT="61" CONTENT="de" WC="1.00" CC="00"/>
						<SP ID="P38_SP00191" HPOS="1141" VPOS="3417" WIDTH="56"/>
						<String ID="P38_ST00221" HPOS="1197" VPOS="3362" WIDTH="118" HEIGHT="43" CONTENT="son" WC="0.97" CC="052"/>
						<SP ID="P38_SP00192" HPOS="1315" VPOS="3417" WIDTH="53"/>
						<String ID="P38_ST00222" HPOS="1368" VPOS="3348" WIDTH="371" HEIGHT="64" CONTENT="anesthésie" WC="0.83" CC="3000504003"/>
						<SP ID="P38_SP00193" HPOS="1739" VPOS="3417" WIDTH="62"/>
						<String ID="P38_ST00223" HPOS="1801" VPOS="3354" WIDTH="329" HEIGHT="78" CONTENT="partielle," WC="1.00" CC="0400000300"/>
						<SP ID="P38_SP00194" HPOS="2130" VPOS="3432" WIDTH="61"/>
						<String ID="P38_ST00224" HPOS="2191" VPOS="3362" WIDTH="60" HEIGHT="58" CONTENT="et" WC="0.91" CC="10"/>
					</TextLine>
					<TextLine ID="P38_TL00031" HPOS="258" VPOS="3428" WIDTH="1997" HEIGHT="100">
						<String ID="P38_ST00225" HPOS="258" VPOS="3428" WIDTH="385" HEIGHT="79" CONTENT="méprisant," WC="1.00" CC="0405000031"/>
						<SP ID="P38_SP00195" HPOS="643" VPOS="3507" WIDTH="36"/>
						<String ID="P38_ST00226" HPOS="679" VPOS="3431" WIDTH="113" HEIGHT="78" CONTENT="qui" WC="0.97" CC="070"/>
						<SP ID="P38_SP00196" HPOS="792" VPOS="3509" WIDTH="55"/>
						<String ID="P38_ST00227" HPOS="847" VPOS="3432" WIDTH="127" HEIGHT="62" CONTENT="sait" WC="0.99" CC="0020"/>
						<SP ID="P38_SP00197" HPOS="974" VPOS="3509" WIDTH="31"/>
						<String ID="P38_ST00228" HPOS="1005" VPOS="3432" WIDTH="24" HEIGHT="62" CONTENT="?" WC="0.39" CC="6"/>
						<SP ID="P38_SP00198" HPOS="1029" VPOS="3509" WIDTH="55"/>
						<String ID="P38_ST00229" HPOS="1084" VPOS="3434" WIDTH="110" HEIGHT="63" CONTENT="des" WC="0.98" CC="040"/>
						<SP ID="P38_SP00199" HPOS="1194" VPOS="3509" WIDTH="36"/>
						<String ID="P38_ST00230" HPOS="1230" VPOS="3442" WIDTH="217" HEIGHT="57" CONTENT="autres" WC="1.00" CC="000000"/>
						<SP ID="P38_SP00200" HPOS="1447" VPOS="3509" WIDTH="53"/>
						<String ID="P38_ST00231" HPOS="1500" VPOS="3461" WIDTH="35" HEIGHT="37" CONTENT="«" WC="1.00" CC="0"/>
						<SP ID="P38_SP00201" HPOS="1535" VPOS="3509" WIDTH="48"/>
						<String ID="P38_ST00232" HPOS="1583" VPOS="3443" WIDTH="269" HEIGHT="63" CONTENT="métiers" WC="0.99" CC="0005040"/>
						<SP ID="P38_SP00202" HPOS="1852" VPOS="3509" WIDTH="47"/>
						<String ID="P38_ST00233" HPOS="1899" VPOS="3469" WIDTH="34" HEIGHT="35" CONTENT="»" WC="0.46" CC="5"/>
						<SP ID="P38_SP00203" HPOS="1933" VPOS="3509" WIDTH="60"/>
						<String ID="P38_ST00234" HPOS="1993" VPOS="3450" WIDTH="114" HEIGHT="78" CONTENT="qui" WC="1.00" CC="000"/>
						<SP ID="P38_SP00204" HPOS="2107" VPOS="3528" WIDTH="54"/>
						<String ID="P38_ST00235" HPOS="2161" VPOS="3450" WIDTH="94" HEIGHT="62" CONTENT="lui" WC="1.00" CC="000"/>
					</TextLine>
					<TextLine ID="P38_TL00032" HPOS="258" VPOS="3520" WIDTH="513" HEIGHT="63">
						<String ID="P38_ST00236" HPOS="258" VPOS="3525" WIDTH="147" HEIGHT="54" CONTENT="sont" WC="0.98" CC="0512"/>
						<SP ID="P38_SP00205" HPOS="405" VPOS="3579" WIDTH="28"/>
						<String ID="P38_ST00237" HPOS="433" VPOS="3520" WIDTH="338" HEIGHT="63" CONTENT="interdits." WC="0.99" CC="3030503014"/>
					</TextLine>
					<TextLine ID="P38_TL00033" HPOS="338" VPOS="3611" WIDTH="1913" HEIGHT="84">
						<String ID="P38_ST00238" HPOS="338" VPOS="3611" WIDTH="156" HEIGHT="62" CONTENT="Bien" WC="0.97" CC="5006"/>
						<SP ID="P38_SP00206" HPOS="494" VPOS="3673" WIDTH="47"/>
						<String ID="P38_ST00239" HPOS="541" VPOS="3613" WIDTH="239" HEIGHT="75" CONTENT="mieux," WC="0.99" CC="004501"/>
						<SP ID="P38_SP00207" HPOS="780" VPOS="3688" WIDTH="52"/>
						<String ID="P38_ST00240" HPOS="832" VPOS="3613" WIDTH="48" HEIGHT="63" CONTENT="il" WC="1.00" CC="00"/>
						<SP ID="P38_SP00208" HPOS="880" VPOS="3688" WIDTH="55"/>
						<String ID="P38_ST00241" HPOS="935" VPOS="3617" WIDTH="382" HEIGHT="65" CONTENT="renchérira" WC="1.00" CC="4000004150"/>
						<SP ID="P38_SP00209" HPOS="1317" VPOS="3688" WIDTH="59"/>
						<String ID="P38_ST00242" HPOS="1376" VPOS="3640" WIDTH="237" HEIGHT="48" CONTENT="encore" WC="0.99" CC="070440"/>
						<SP ID="P38_SP00210" HPOS="1613" VPOS="3688" WIDTH="64"/>
						<String ID="P38_ST00243" HPOS="1677" VPOS="3647" WIDTH="112" HEIGHT="43" CONTENT="sur" WC="0.95" CC="155"/>
						<SP ID="P38_SP00211" HPOS="1789" VPOS="3690" WIDTH="57"/>
						<String ID="P38_ST00244" HPOS="1846" VPOS="3629" WIDTH="405" HEIGHT="66" CONTENT="l'éducation" WC="0.99" CC="03000082264"/>
					</TextLine>
				</TextBlock>
			</PrintSpace>
		</Page>
	</Layout>
</alto>
