2532 4071
1099 450 113 56 143

176 572 174 61 vierge
383 572 277 63 jusqu'aux
701 574 226 49 conseils
961 574 253 50 sublimes
1252 577 204 48 donnés
1491 592 64 35 au
1588 580 103 48 roi!
1733 599 27 24 »
1781 580 140 50 J'ose
1950 585 185 49 douter

179 646 63 47 de
264 644 425 50 l'enthousiasme
716 648 66 46 du
811 649 253 60 parterre,
1079 649 28 46 à
1127 662 59 36 ce
1210 649 270 64 satisfecit
1513 665 100 47 que
1640 652 46 47 le
1709 653 149 62 poète
1884 670 55 34 se
1962 657 143 50 décer-

179 719 167 48 nerait
376 719 374 50 lui-même.Eh
782 720 146 49 bien!
964 720 210 50 écoutez
1206 723 47 47 le
1286 723 214 50 docteur
1529 724 186 50 Pascal
1747 728 202 61 parlant
1981 731 63 48 de
2077 746 58 33 sa

180 792 216 59 famille,
424 794 61 47 de
513 794 133 47 cette
680 793 195 48 famille
900 795 177 61 quiest
1106 795 47 49 le
1188 797 149 47 fonds
1369 798 170 48 même
1568 800 62 47 de
1661 798 211 52 l'œuvre
1901 803 63 46 du
1996 803 100 50 Maî-

180 869 95 46 tre.
315 886 21 24 «
372 865 99 50 Oui
496 870 146 45 notre
677 865 193 50 famille
903 869 250 60 pourrait,
1187 870 352 60 aujourd'hui,
1576 873 176 49 suffire
1787 875 287 63 d'exemple
2105 879 27 47 à

181 939 50 48 la
263 939 266 48 science...
564 938 66 48 Et
661 939 99 48 elle
793 943 79 44 est
904 940 142 47 aussi
1072 955 64 33 un
1167 943 282 48 document
1475 944 285 62 d'histoire,
1789 948 98 48 elle
1920 955 208 45 raconte

181 1014 49 46 le
260 1011 193 49 second
487 1011 226 61 Empire,
748 1011 66 47 du
848 1027 130 45 coup
1002 1013 169 48 d'Etat
1192 1018 28 43 à
1253 1015 231 50 Sedan...
1511 1018 183 56 Quelle
1726 1034 171 34 masse
1925 1024 182 62 effroya-

183 1085 83 48 ble
299 1082 229 59 remuée,
565 1096 98 47 que
706 1082 327 50 d'aventures
1075 1086 195 49 douces
1313 1101 65 34 ou
1409 1089 258 61 terribles,
1705 1105 98 46 que
1856 1094 60 47 de
1974 1096 150 60 joies,

185 1171 99 47 que
327 1157 61 46 de
433 1156 318 47 souffrances
793 1156 169 60 jetées
1005 1160 27 44 à
1085 1157 49 49 la
1172 1160 155 60 pelle,
1371 1162 129 46 dans
1534 1165 82 46 cet
1642 1178 142 34 amas
1811 1168 224 48 colossal
2070 1171 62 47 de

183 1228 143 49 faits!
363 1228 39 47 Il
434 1241 33 48 y
492 1241 27 33 a
547 1228 60 46 de
640 1226 249 49 l'histoire
920 1244 146 45 pure,
1099 1228 229 64 l'empire
1359 1231 151 48 fondé
1555 1234 127 48 dans
1723 1236 47 47 le
1803 1251 191 47 sang...
2032 1240 39 47 Il
2104 1256 29 46 y

183 1316 27 33 a
245 1302 91 47 des
365 1301 182 47 études
589 1300 232 58 sociales,
853 1301 47 47 le
933 1303 127 59 petit
1093 1303 50 47 et
1173 1303 46 47 le
1251 1305 162 58 grand
1447 1319 315 45 commerce,
1797 1308 49 47 la
1892 1314 214 57 prostitu-

188 1376 124 56 tion,
350 1373 47 47 le
423 1373 179 59 crime,
640 1372 48 48 la
715 1375 152 57 terre,
901 1373 242 60 l'argent,
1177 1375 48 48 la
1256 1376 351 62 bourgeoisie,
1643 1380 47 47 le
1722 1382 223 60 peuple..
1977 1383 39 47 Il
2044 1400 32 46 y
2105 1401 30 33 a

185 1448 62 46 de
280 1446 214 61 simples
523 1443 183 51 études
738 1446 287 62 humaines,
1060 1449 92 47 des
1176 1462 158 47 pages
1366 1449 332 50 intimes...Il
1727 1455 171 58 yade
1925 1457 47 46 la
2013 1458 89 49 fan-

185 1519 170 60 taisie,
384 1518 253 48 l'envolée
668 1519 62 47 de
759 1518 373 61 l'imagination
1168 1522 123 47 hors
1326 1523 66 46 du
1428 1523 124 47 réel.
1599 1523 40 47 Il
1672 1538 29 49 y
1742 1540 27 33 a
1809 1527 63 47 de
1907 1532 128 58 tout,
2071 1533 62 46 de

184 1590 293 50 l'excellent
504 1592 49 47 et
580 1592 66 45 du
675 1592 125 61 pire,
838 1592 67 47 du
948 1592 235 61 vulgaire
1224 1594 49 47 et
1329 1594 68 46 du
1447 1594 238 60 sublime,
1738 1601 74 44 les
1860 1601 173 62 fleurs,
2085 1603 51 50 la

189 1664 148 60 boue,
370 1664 75 47 les
478 1663 249 61 sanglots,
758 1664 76 46 les
866 1664 150 61 rires,
1051 1665 46 47 le
1130 1668 196 46 torrent
1355 1664 171 51 même
1560 1668 63 47 de
1663 1668 51 48 la
1757 1672 78 47 vie
1873 1674 262 51 charriant

184 1752 119 34 sans
355 1736 65 46 fin
461 1735 326 48 l'humanité!
825 1756 24 21 »
892 1736 65 47 Et
1016 1752 63 33 ne
1122 1752 188 48 croyez
1355 1753 91 46 pas
1501 1753 98 47 que
1643 1743 108 60 j'en
1785 1745 195 61 ajoute,
2034 1749 97 59 j'en

185 1808 290 48 retranche.
511 1805 276 50 Gomment
812 1809 267 60 expliquer
1110 1811 134 46 cette
1271 1810 217 48 envolée
1520 1810 220 62 lyrique,
1781 1819 82 44 cet
1905 1820 199 49 enthou-

184 1880 189 47 siasme
416 1879 315 47 débordant?
773 1877 179 50 Est-ce
995 1880 47 47 le
1085 1881 73 46 cri
1199 1883 62 47 de
1305 1883 266 48 confiance
1610 1898 62 33 en
1714 1900 95 33 son
1842 1903 193 42 œuvre,
2071 1894 64 47 de

183 1952 199 47 révolte
405 1951 115 47 d'un
552 1950 225 48 écrivain
810 1952 296 49 méconnu?
1129 1954 129 48 Mais
1284 1954 124 47 Zola
1440 1957 80 45 est
1549 1957 207 49 comblé
1784 1959 337 66 d'honneurs,

183 2024 227 48 acclamé
438 2037 90 47 par
560 2022 48 48 la
638 2036 199 47 presse,
871 2024 52 48 lu
956 2026 49 46 et
1032 2026 198 47 admiré
1263 2029 129 45 dans
1423 2027 47 47 le
1503 2030 192 47 monde
1729 2034 183 48 entier.
1945 2036 188 51 Est-ce

176 2096 346 49 l'infaluation
552 2096 118 47 d'un
702 2096 212 47 homme
947 2097 111 48 ivre
1105 2097 273 60 d'orgueil,
1435 2098 89 49 lier
1563 2100 215 51 d'étaler
1820 2120 95 34 son
1957 2111 143 47 omni-

180 2171 210 47 science
421 2170 51 48 et
497 2182 96 36 son
627 2170 325 48 universalité
978 2172 20 45 ?
1030 2171 134 48 Mais
1192 2172 36 46 il
1270 2186 26 33 a
1343 2185 172 35 connu
1543 2176 171 47 toutes
1745 2177 76 48 les
1854 2178 272 65 louanges,

183 2243 74 47 les
293 2243 116 60 plus
421 2241 291 62 grossières
729 2255 208 35 comme
965 2243 73 48 les
1054 2247 115 57 plus
1183 2243 244 50 raffinées
1447 2261 11 42 ;
1484 2246 36 47 il
1543 2260 63 34 ne
1628 2253 126 55 peut
1778 2265 90 46 pas
1884 2252 252 61 éprouver

184 2316 47 45 le
263 2314 185 49 besoin
476 2314 61 47 de
571 2314 297 47 s'encenser
896 2313 290 61 lui-même,
1215 2318 67 55 et,
1301 2317 281 60 d'ailleurs,
1619 2327 264 43 comment
1916 2338 55 35 se
2015 2342 91 32 van-

184 2387 211 48 terait-il
434 2387 63 47 de
538 2399 59 35 ce
633 2387 275 59 pêle-mêle
951 2387 61 48 de
1046 2388 399 48 connaissances
1478 2391 263 48 diverses?
1781 2392 68 49 Ce
1896 2399 153 46 serait
2081 2413 55 35 se

186 2459 258 47 rabaisser
473 2473 63 32 au
567 2458 108 48 rôle
708 2460 63 46 de
802 2459 394 60 vulgarisateur,
1225 2474 55 33 se
1309 2476 152 44 poser
1482 2476 61 33 en
1571 2463 110 60 égal
1713 2467 63 45 de
1804 2465 239 53 J.Verne
2067 2487 68 32 ou

190 2533 62 45 de
283 2530 160 47 Louis
476 2532 225 58 Figuier.
731 2530 78 47 Ne
843 2532 232 48 serait-ce
1108 2547 91 45 pas
1242 2533 167 59 plutôt
1444 2534 48 46 la
1533 2539 337 56 protestation
1914 2543 62 46 de
2016 2543 96 48 l'ar-

189 2604 118 47 tiste
345 2604 86 61 qui
473 2603 107 47 voit
612 2617 94 34 son
736 2603 116 47 idée
885 2603 225 59 faussée,
1143 2604 73 47 les
1263 2605 263 48 honneurs
1564 2608 220 48 officiels
1817 2612 174 62 allant,
2032 2631 104 33 non

190 2689 66 34 au
279 2674 457 58 romancier,mais
771 2688 72 33 au
871 2675 223 47 courtier
1126 2674 241 49 électoral
1388 2679 85 60 qui
1505 2693 26 32 a
1566 2694 57 31 su
1660 2681 198 49 décrier
1887 2685 246 64 l'empire,

193 2760 57 34 sa
279 2745 285 61 popularité
602 2744 194 48 formée
831 2745 305 48 d'éléments
1173 2747 274 60 grossiers,
1489 2750 63 47 de
1586 2750 49 48 la
1677 2752 332 61 dépravation
2046 2760 90 47 des

191 2817 286 60 collégiens
515 2817 85 61 qui
638 2816 153 48 Usent
1488 2820 155 47 Nana
1019 2832 63 34 en
1117 2820 252 57 cachette,
1409 2821 61 48 de
1513 2822 46 47 la
1606 2825 175 48 sottise
1818 2830 63 46 de
1911 2831 118 47 tous
2061 2832 75 49 les

190 2891 215 48 Homais
439 2891 85 61 qui
542 2890 188 58 voient,
760 2892 127 46 dans
901 2895 132 43 cette
1049 2891 194 48 théorie
1258 2893 62 47 de
1337 2892 287 62 l'hérédité,
1642 2896 273 53 l'occasion
1930 2904 62 48 de
2009 2905 126 49 faire

190 2976 194 48 preuve
426 2962 314 60 d'irréligion
777 2966 49 43 et
865 2963 59 47 de
957 2977 222 46 manger
1221 2966 63 46 du
1327 2966 209 61 prêtre?
1572 2968 226 54 N'est-ce
1828 2989 92 45 pas
1958 2976 123 62 qu'il
2110 2994 27 33 a

190 3034 158 49 voulu
379 3033 226 48 affirmer
637 3034 46 47 le
712 3032 113 49 côté
857 3040 275 54 purement
1173 3037 272 62 artistique
1482 3040 61 46 de
1592 3057 94 35 son
1729 3059 196 47 œuvre,
1971 3062 59 35 en
2071 3065 62 33 en

189 3108 189 47 faisant
406 3107 108 47 voir
541 3106 304 49 l'ensemble
873 3111 49 44 et
953 3108 345 50 l'harmonie?
1322 3111 146 48 Nous
1507 3116 221 48 voulons
1761 3117 263 63 l'espérer.
2057 3123 78 47 En

188 3182 116 48 tout
331 3193 107 46 cas,
464 3178 36 47 il
528 3182 80 44 est
635 3179 331 61 regrettable,
1004 3196 130 45 pour
1159 3182 175 48 l'unité
1362 3184 68 47 du
1463 3186 150 59 livre,
1658 3203 99 45 que
1794 3206 85 33 ces
1915 3208 159 46 pages
2108 3211 29 44 y

185 3253 169 47 soient
386 3252 357 61 incorporées,
777 3267 62 33 au
868 3252 104 48 lieu
1000 3254 160 48 d'être
1192 3255 227 61 rejetées
1445 3271 62 34 en
1539 3260 225 63 préface,
1809 3264 44 46 si
1884 3266 245 49 toutefois

188 3325 116 47 leur
341 3324 257 48 nécessité
627 3338 55 33 se
710 3325 172 47 faisait
914 3327 178 48 sentir.

251 3396 136 50 Mais
425 3412 59 34 ce
514 3396 130 50 n'est
677 3413 90 46 pas
800 3398 48 48 là
871 3400 47 47 le
945 3400 175 48 défaut
1152 3414 171 47 grave,
1359 3404 47 47 le
1440 3404 174 48 défaut
1646 3408 102 59 qui,
1811 3410 261 59 pourtant,
2108 3415 25 44 à

189 3473 145 44 notre
367 3471 123 57 avis,
524 3473 79 45 est
635 3471 45 46 le
711 3471 115 60 plus
859 3471 88 47 sûr
970 3476 184 55 garant
1195 3474 62 47 de
1289 3474 47 48 la
1359 3475 165 59 gloire
1557 3478 64 45 du
1649 3476 207 63 Maître,
1887 3481 66 45 du
1986 3483 118 47 chef-

189 3541 223 48 d'œuvre
445 3544 136 47 futur
612 3544 124 59 qu'il
768 3558 135 34 nous
939 3545 125 47 doit.
1098 3544 276 62 Jusqu'ici,
1419 3563 122 33 sous
1586 3550 91 46 des
1703 3564 153 34 noms
1897 3553 210 59 quelcon-

190 3626 146 49 ques,
362 3628 59 34 ce
450 3615 173 47 n'était
651 3629 90 46 pas
767 3616 91 47 des
892 3616 238 47 hommes
1165 3619 129 47 mais
1336 3620 92 47 des
1464 3620 267 47 machines
1748 3621 124 61 qu'il
1889 3624 243 61 peignait,

189 3686 98 49 Ses
326 3701 361 47 personnages
724 3688 200 47 avaient
971 3690 62 47 de
1074 3690 48 47 la
1165 3691 239 48 machine
1444 3691 416 65 l'inconscience,
1902 3699 230 49 esclaves
