5039 7107
124 6997 54 40 36

270 77 64 86 À
334 77 449 86 I'Automobile
841 75 103 88 de
1002 99 288 62 course

232 279 138 54 Dieu
421 279 288 56 vehement
756 279 164 54 d'une
968 293 118 38 race
1138 276 205 65 d'acier,

165 364 353 55 Automobile
555 366 105 52 ivre
698 364 245 68 d'espace

165 448 94 70 qui
306 450 222 68 pietines
574 448 317 68 d'angoisse,
941 447 44 53 le
1034 460 144 37 mors
1221 459 107 41 aux
1374 441 155 55 dents

1127 527 309 56 stridentes!

167 616 52 54 O
249 618 322 53 formidabie
601 618 238 51 monstre
870 613 258 68 japonais,
1159 628 105 36 aux
1294 627 140 52 yeux
1463 609 68 54 de

1130 696 156 66 forge

164 786 189 54 inourri
397 785 66 53 de
504 784 217 53 flamme
767 785 50 49 et
860 780 229 53 d'huiles
1131 779 292 62 minerales,

166 868 80 54 äff
247 884 85 38 am
340 885 27 36 e
406 867 308 55 d'horizons
749 869 54 50 et
842 865 66 52 de
949 863 177 70 proies
1163 863 264 64 siderales,

169 952 51 68 je
246 952 260 53 dechaine
534 955 92 49 ton
651 965 167 40 coeur
841 965 106 43 aux
973 947 255 54 teuf-teuf
1253 947 350 70 diaboliques,

166 1041 56 49 et
260 1040 78 50 tes
374 1038 218 65 geantes
633 1032 427 69 pneumatiques,
1104 1048 141 52 pour
1283 1032 49 52 la
1369 1032 165 53 danse

171 1135 108 53 que
303 1122 55 50 tu
383 1134 182 37 menes
587 1132 94 38 sur
705 1116 73 55 les
803 1116 255 54 blanches
1081 1121 183 49 routes
1285 1116 76 54 du
1383 1132 130 37 mon
1521 1115 99 55 de/'

169 1205 57 67 Je
273 1202 146 53 lache
460 1201 149 53 enfin
658 1206 80 49 tes
780 1199 180 56 brides
1006 1201 335 69 metalliques
1382 1203 55 50 et
1479 1203 55 50 tu

1133 1282 260 66 t'elances,

169 1385 131 38 avec
346 1369 205 63 ivresse,
597 1369 137 53 dans
784 1369 195 53 l'Infini
1030 1369 389 55 liberateur!...

244 1538 87 52 Au
369 1537 170 54 fracas
575 1538 97 52 des
710 1537 151 53 abois
902 1537 66 52 de
1009 1542 52 49 ta
1099 1537 227 52 voix—

173 1622 136 52 voilä
339 1638 106 51 que
477 1622 46 51 le
555 1620 158 54 Solei!
743 1621 272 54 couchant
1042 1619 236 54 emboite

175 1709 92 50 ton
314 1722 94 51 pas
451 1706 183 52 veloce
674 1706 297 52 accelerant
1012 1714 60 43 sä
1114 1701 310 69 palpiitätion

173 1790 414 66 sanguinolente
620 1805 70 36 au
727 1805 81 36 ras
846 1790 66 51 de
951 1787 310 53 rhorizon...

178 1873 37 53 II
240 1874 195 67 galope
461 1872 179 62 lä-bas,
668 1888 65 37 au
757 1871 137 54 fond
920 1871 93 54 des
1037 1870 168 52 bois...
1229 1867 303 67 regardeL.

243 2040 324 68 N'importe,
592 2040 136 53 beau
747 2037 219 62 öemon,
990 2036 183 67 jatsuis
1192 2037 26 48 ä
1322 2032 211 52 merci...

1140 2114 359 71 prends-moi!

178 2207 106 52 Sur
314 2208 46 51 la
393 2212 133 48 terre
557 2205 275 53 assourdie
866 2205 199 64 malgre
1098 2207 120 46 tous
1247 2214 83 38 ses
1359 2199 175 59 echos,

176 2305 133 39 sous
350 2291 44 52 le
436 2291 93 52 ciel
568 2289 226 67 aveugle
836 2287 200 66 malgre
1077 2300 81 37 ses
1198 2288 163 48 astres
1401 2281 133 53 d'or.

178 2374 52 67 je
274 2374 109 52 vais
425 2376 334 64 eperonnant
802 2387 86 36 ma
929 2370 162 52 fievre
1133 2371 54 49 et
1225 2383 129 35 mon
1398 2364 139 53 desir

179 2460 27 47 ä
238 2473 176 55 coups
447 2457 66 51 de
547 2457 170 66 glaive
750 2471 66 36 en
855 2452 168 69 pleins
1054 2453 312 51 naseauxL.

183 2541 65 54 Et
281 2540 255 54 d'instant
571 2555 63 37 en
674 2540 208 60 instant,
918 2537 51 66 je
1005 2535 237 54 redresse
1280 2549 87 36 ma
1399 2530 138 54 taille

182 2638 144 55 pour
366 2624 165 54 sentir
573 2639 93 36 sur
712 2637 127 36 mon
891 2636 102 36 cou
1042 2618 95 69 qui,
1181 2616 248 54 tressaille

180 2707 295 54 s'enrouler
512 2707 73 52 les
622 2705 120 53 bras
779 2705 122 53 frais
937 2707 54 50 et
1028 2703 220 52 duvetes
1287 2700 72 54 du
1396 2700 139 51 vent.

372 2850 11 9 *
386 2853 28 6 -17»
419 2849 28 10 .'-«i
1110 2848 6 12 \
1203 2843 2 17 '
1239 2843 10 6 '*
1256 2846 10 6 •*'
1529 2849 8 6 -

254 2873 77 53 Ce
356 2877 126 49 'sont
511 2876 74 49 tes
615 2871 119 53 bras
764 2870 306 53 charmeurs
1097 2871 53 50 et
1178 2866 244 55 lointains
1447 2862 93 70 qui

1142 2949 365 55 m'attirentL.

181 3039 78 54 Ce
294 3043 138 59 vent,
469 3040 127 52 c'est
630 3042 92 48 ton
761 3036 204 55 haieine
999 3033 436 68 engloü'tissante,

184 3121 321 54 Insondable
534 3120 156 54 Infini
718 3120 95 67 qui
840 3117 331 54 m'absorbes
1198 3131 129 38 avec
1352 3114 186 69 joie!...

185 3206 111 52 Ah!
339 3203 166 56 Ah'!...
547 3203 93 55 des
681 3202 232 55 moulins
955 3202 156 61 noirs,
1153 3199 384 69 degingandes,

1033 3289 100 50 ont
1181 3286 117 51 tout
1342 3285 28 50 ä
1402 3298 143 52 coup

184 3372 109 53 l'air
317 3372 69 54 de
415 3373 176 52 oöurir
617 3385 94 38 sur
739 3370 138 54 Ieurs
904 3368 125 55 alles
1058 3368 66 53 de
1152 3368 123 54 toile
1303 3366 236 53 baleinee

184 3469 210 41 comme
419 3470 91 38 sur
538 3455 93 53 des
657 3453 208 69 jambes
894 3451 387 55 demesurees...

749 3523 1 63 ,
1277 3539 13 47 ;
1374 3523 3 63 '
1400 3523 97 42 jjT
1525 3530 9 4 -
1565 3527 7 20 '•
1634 3523 3 63 ■

254 3623 151 54 Voilä
433 3639 106 52 que
569 3624 75 52 les
671 3624 324 64 Montagnes
1379 3618 30 53 ä
1437 3618 175 54 lancer

184 3722 94 38 sur
314 3722 88 38 ma
437 3706 132 54 fuite
607 3706 96 54 des
743 3710 283 49 manteaux
1066 3704 67 53 de
1153 3699 287 69 Jfäicheur

1191 3786 356 55 somnolente.
1589 3786 3 62 .

185 3875 99 52 La!
322 3874 97 52 La!
455 3871 334 69 regardezL.
828 3871 30 53 ä
889 3887 61 39 ce
983 3865 257 61 tournant
1274 3870 266 53 sinistreL

184 3959 338 66 Montagnes,
551 3974 33 35 o
614 3956 166 54 Betail
809 3957 376 52 monstrueux!
1218 3970 32 36 o
1278 3954 129 52 Mam-

1184 4036 252 59 mouthsf

189 4124 93 68 qui
346 4126 189 53 trottez
599 4123 351 62 lourdement,
1015 4124 232 67 arquant
1294 4136 102 38 vos
1441 4119 104 53 dos

1258 4207 299 60 immenses,

188 4306 140 37 vous
362 4290 138 53 voilä
537 4290 329 67 depassees...
910 4304 248 56 noyees...

188 4373 149 53 dans*
363 4373 299 54 l'echeveau
702 4373 94 54 des
835 4373 297 53 brumesL.
1178 4373 64 54 Et
1278 4371 267 68 j'entends

1235 4461 326 60 vaguement

191 4540 47 52 le
266 4539 172 54 fracas
466 4544 335 49 ronronnant
830 4555 108 53 que
970 4540 258 67 plaquent
1256 4553 94 38 sur
1379 4539 73 51 les

1286 4628 185 49 routes

192 4721 100 38 vos
324 4705 205 67 jambes
538 4704 309 58 /kolossales
880 4721 105 37 aux
1022 4704 174 55 bottes
1229 4703 68 55 de
1330 4709 120 63 sept

1319 4788 163 55 Heues
1494 4791 65 50 L.

263 4957 327 65 Montagnes
630 4953 109 54 auk
781 4955 125 53 frais
954 4958 282 50 manteaux
1283 4953 264 53 d'azurL.

195 5039 180 52 Beaux
414 5039 206 53 fleuves
656 5040 264 65 respirant
958 5052 68 38 au
1071 5037 121 53 clair
1233 5037 67 52 de
1344 5038 203 53 luneL.

195 5124 207 52 Piaines
429 5122 368 55 tenebreuses!
844 5122 57 66 Je
933 5136 134 37 vous
1096 5119 224 69 depasse
1350 5137 68 35 au
1447 5119 171 67 grand

1313 5204 161 67 galop

193 5289 69 53 de
302 5306 56 35 ce
399 5294 237 49 monstre
675 5288 216 53 affole...
937 5287 209 62 Etoiles,
1190 5302 111 37 mes
1343 5287 206 62 Etoiles,

187 5372 304 53 entendenz
518 5404 63 4 —
608 5388 138 37 vous
769 5388 84 36 ses
880 5387 108 53 pas,
1018 5372 46 51 le
1088 5370 169 53 fracas
1282 5370 92 53 des
1399 5369 151 53 abois

198 5459 50 49 et
289 5472 82 36 ses
417 5472 272 50 poumons
731 5456 218 53 d'airain
999 5454 243 53 croulant
1285 5455 131 55 inter-

1139 5538 384 52 minablement
1536 5539 25 49 ?

199 5622 260 65 J'accepte
485 5621 48 52 la
554 5637 284 51 gageure...
864 5638 128 37 avec
1016 5623 165 60 Vous,
1209 5637 111 36 mes
1347 5621 273 52 Etoiles!...

200 5704 126 52 Plus
362 5704 180 54 vite!...
580 5720 164 37 enoor
783 5707 119 65 plus
938 5706 182 53 viteL.
1159 5709 53 49 et
1247 5720 121 37 sans
1402 5705 150 65 repit,

1086 5794 53 49 et
1168 5804 123 38 sans
1319 5790 239 65 repos!...

198 5870 203 53 Lächez
444 5871 74 51 les
555 5870 242 55 freinsL.
842 5873 151 51 Vous
1036 5888 64 35 ne
1145 5874 299 65 pouvez?...

1030 5955 274 53 Brisez-les
1336 5956 223 51 doncL.

198 6036 125 61 Que
358 6037 44 52 le
437 6038 159 69 pouls
631 6037 72 52 du
740 6042 212 48 moteur
985 6039 247 66 centuple
1265 6055 82 36 ses
1380 6039 171 51 elans!

201 6204 243 53 Hurrah!
482 6204 126 52 Plus
640 6206 66 50 de
742 6208 210 49 contact
982 6222 127 35 avec
1145 6206 47 50 la
1225 6210 132 48 terre

1116 6289 355 53 immondeL.

201 6371 173 63 Enfin,
408 6371 50 67 je
492 6387 85 36 me
612 6370 221 54 detache
864 6374 54 48 et
950 6370 49 66 je
1034 6372 116 51 vole
1179 6388 66 36 en
1278 6372 275 69 souplesse

196 6471 94 37 sur
325 6456 48 52 la
405 6456 231 65 grisante
673 6454 270 67 plenitude

198 6540 95 53 des
329 6540 181 52 Astres
543 6536 280 54 ruisselant
859 6537 132 52 dans
1031 6538 43 51 le
1111 6539 169 65 grand
1320 6539 52 51 lit
1404 6538 75 53 du
1514 6538 112 54 ciel.

1107 6682 61 53 F,
1210 6683 68 53 T.
1317 6685 308 51 Marinetti

1728 68 378 86 Cézanne

1731 224 129 52 Von
1898 224 282 68 Jacques.

1874 342 254 56 Cezanne
2184 351 113 44 War
2363 336 146 66 nfch.t
2572 337 111 56 deß
2705 332 390 70 Ungeschickte
3144 329 62 68 Er-

1737 427 222 63 habene,
1981 427 78 54 als
2081 427 106 54 den
2211 427 90 52 ihn
2301 437 6 20 1
2323 424 223 69 gewisse
2567 417 296 69 Legenden,
2882 415 355 56 darzustellen

1735 512 312 56 versuchen.
2099 513 75 51 Im
2213 507 313 69 Degenteil;
2555 505 144 52 seine
2736 502 289 67 Aquarelle
3051 502 183 66 zeigen
3278 512 22 44 .?

1732 596 120 53 eine
1893 612 62 37 so
1996 590 406 59 schwindelnde
2440 581 497 64 Geschicklichkeit;
2983 578 95 57 der
3119 581 96 54 viel-

1735 681 159 54 leicht
1906 696 107 37 nur
2025 679 89 56 die
2130 669 313 63 Virtuosität
2455 673 98 52 der
2578 673 236 67 Japaner
2824 667 415 68 gleichkommt:

1733 764 97 54 auf
1876 762 122 54 dem
2045 761 205 54 Weißen
2296 757 186 66 Bogen
2531 747 127 59 wird
2700 752 100 53 das
2848 750 203 56 Gerüst
3093 750 146 53 einer

1735 845 329 56 Landschaft
2109 842 173 56 durch
2331 838 176 67 einige
2556 835 370 56 Pinselstriche
2975 833 264 70 gegeben,

1735 932 88 55 die
1862 932 95 57 mit
1991 930 147 56 einer
2172 921 361 70 Genauigkeit
2567 920 201 67 gemalt
2800 916 137 65 sind,
2976 918 87 54 die
3105 918 134 53 leere

1737 1015 467 54 Zwischenräume
2252 1006 279 70 sprechen,
2585 999 112 56 und
2922 1001 313 68 Schweigen

1735 1099 147 53 eines
1932 1096 157 66 jeden
2147 1091 326 64 Bedeutung
2519 1086 357 67 abgewinnen
2934 1086 185 52 lassen.
3219 1114 20 6 -

1739 1182 132 53 Malt
1910 1181 252 52 Cezanne
2199 1175 49 53 in
2289 1174 117 61 Oel,
2445 1187 62 38 so
2545 1165 157 58 zuckt
2738 1170 145 53 seine
2924 1186 105 35 von
3066 1169 176 52 dieser

1735 1258 481 61 Geschicklichkeit
2267 1255 460 66 durchdrungene
2780 1253 178 61 Hand,
3007 1252 130 54 aber
3185 1267 56 37 er

1739 1345 313 57 beherrscht
2091 1341 142 61 sich;
2274 1355 59 37 er
2370 1340 68 51 ist
2479 1335 372 62 mißtrauisch;
2890 1352 58 35 er
2990 1335 251 62 fürchtet,

1735 1431 154 54 sich
1915 1445 67 37 an
2013 1428 83 52 die
2120 1424 159 55 Stelle
2302 1424 180 53 seiner
2499 1419 416 68 Aufrichtigkeit
2941 1436 64 36 zu
3031 1423 208 57 setzen;

1899 1494 11 7 ~r

1736 1531 58 37 er
1838 1514 170 65 erlegt
2051 1511 201 51 seinem
2302 1507 174 52 Pinsel
2521 1507 118 51 eine
2683 1508 221 63 getreue
2952 1504 253 65 Langsam-

1739 1598 104 53 keit
2008 1595 117 53 Der
2146 1591 147 69 Fleißj
2311 1589 316 54 beherrscht
2646 1588 90 51 ihn
2759 1588 99 51 wie
2878 1587 130 74 einej
3020 1586 191 52 Leiden-

1735 1679 203 54 schaft:
1991 1694 58 37 er
2101 1676 168 65 beugt
2316 1673 113 54 sich
2484 1672 177 61 devot,
2710 1687 58 37 er
2818 1670 274 66 schweigt,
3147 1685 91 36 um

1739 1764 181 54 besser
1951 1778 64 36 zu
2046 1760 194 61 sehen;
2269 1774 59 36 er
2356 1755 226 55 schließt
2609 1755 82 53 die
2724 1771 105 35 von
2865 1755 107 51 ihm
3004 1754 238 66 kopierte

1740 1848 157 51 Form
1932 1846 50 51 in
2019 1843 102 52 den
2155 1843 150 52 Bann
2336 1840 178 53 seiner!
2541 1837 515 62 Aufmerksamkeit;
3091 1836 153 52 rührt

1736 1931 76 54 sie
1833 1928 111 53 sich
1972 1926 268 61 dennoch,
2263 1930 73 71 so)
2352 1925 66 51 ist
2440 1923 108 53 ihm
2574 1923 150 52 nicht
2744 1922 133 65 eher;
2894 1921 162 60 wohl,
3084 1920 79 52 bis
3185 1935 59 35 er

1736 2015 76 52 sie
1850 2010 306 55 schließlich
2198 2008 176 53 erfaßt
2415 2008 103 52 hat.
2582 2008 55 50 In
2680 2006 176 66 jedem
2904 2003 340 68 Augenblick

1737 2097 106 53 will
1931 2095 95 52 der
2114 2092 336 53 Pinselstrich
2536 2091 223 67 hüpfen,
2845 2088 110 53 sich
3042 2087 199 53 seinem

1737 2180 313 66 (Schwünge
2101 2176 287 67 hingeben.
2457 2175 145 52 Aber
2650 2174 251 51 Cezanne
2951 2171 154 53 führt
3151 2170 90 53 ihn

1740 2264 195 65 trotzig
1960 2261 201 52 zurück
2189 2260 113 53 und
2325 2260 203 66 zwingt
2552 2258 111 62 ihn,
2685 2257 111 52 sich
2830 2288 61 4 —
2919 2272 166 52 wennj
3102 2253 139 54 auch

1738 2347 167 53 wider
1939 2345 192 56 Willen
2172 2376 62 4 —
2268 2360 65 36 zu
2371 2342 195 53 halten.
2613 2342 176 51 Wenn
2828 2356 123 40 man
2989 2341 49 50 in
3074 2339 172 52 dieser

1740 2429 100 55 Art
1879 2429 216 54 Malerei
2135 2429 84 51 ein
2261 2422 237 72 Zögern.
2520 2442 64 36 zu
2622 2425 271 53 erkennen
2936 2422 205 68 glaubt,
3182 2437 64 38 so

1740 2515 129 58 läßt,
1914 2513 112 53 dies
2092 2511 148 53 nicht
2285 2511 94 52 auf
2433 2511 82 51 die
2567 2502 317 59 Ohnmacht
2933 2507 145 53 einer
3130 2521 86 36 ver-

1739 2599 261 51 witterten
2037 2595 112 52 und
2184 2595 48 51 in
2266 2594 94 52 der
2393 2592 298 69 peinlichen
2725 2590 394 66 Beobachtung
3151 2589 97 52 der

1744 2681 242 53 Umrisse
2016 2678 315 67 ungeübten
2368 2675 160 54 Hand
2556 2675 285 62 schließen,
2871 2674 236 52 sondern
3136 2673 84 51 ein-

1743 2766 84 66 zig
1872 2764 113 52 und
2028 2763 155 53 allein
2224 2761 99 64 (auf
2367 2760 84 53 die
2495 2757 563 67 Gewissenhaftigkeit
3100 2756 150 54 einer

1739 2848 241 61 Geduld,
2025 2847 87 52 die
2158 2845 310 65 unablässig
2507 2843 86 52 die
2639 2843 420 66 Seitensprünge
3103 2839 147 53 einer

1740 2931 374 55 rauschenden
2163 2927 484 54 Geschicklichkeit
2690 2942 65 36 zu
2799 2924 227 53 mildern
3073 2923 173 52 sucht.

1882 3042 242 55 Niemals
2160 3043 163 52 etwas
2360 3040 88 51 für
2482 3040 105 52 den
2628 3037 318 52 Beschauer.
2999 3036 251 51 Cezanne

1744 3127 144 65 l|adet
1951 3127 108 52 den
2115 3124 147 54 Blick
2310 3124 150 53 nicht
2509 3123 96 53 auf
2654 3123 140 61 sich;
2848 3137 58 36 er
2958 3119 117 68 gibt
3126 3119 116 52 kein

1741 3207 261 66 Zeichen;
2039 3226 60 36 er
2120 3222 8 9 v
2134 3208 221 59 wendet,
2384 3204 110 56 sich
2531 3223 68 37 an
2634 3205 355 62 niemanden;
3028 3218 58 38 er
3121 3202 131 52 malt

1741 3290 202 60 einsam
1976 3294 114 52 und
2119 3293 269 53 kümmert
2410 3289 118 63 sich)
2547 3290 188 72 wenig)
2749 3289 213 61 darum,
2992 3286 102 54 daß
3125 3301 129 43 man,

1744 3395 106 37 von
1885 3379 184 52 seinen
2108 3377 215 55 Bildern
2353 3376 170 60 ;Notiz
2553 3375 209 61 nimmt,
2792 3373 89 52 die
2915 3388 58 36 er
3007 3372 49 51 in
3090 3369 121 54 Müh-

1742 3463 76 53 sal
1863 3461 112 54 und
2021 3461 300 66 Anbetung
2357 3458 304 55 erschaffen
2708 3458 103 51 hat.
2872 3457 68 50 Er
2981 3456 274 51 kümmert

1742 3546 113 53 sich
1906 3562 103 36 nur
2058 3561 89 36 um
2197 3544 180 67 Dinge
2428 3542 111 53 und
2584 3543 68 53 ist
2701 3540 310 65 unablässig
3056 3535 198 55 darauf

1745 3630 248 62 bedacht,
2026 3630 73 52 sie
2132 3628 194 66 richtig
2352 3643 66 37 zu
2450 3642 183 51 sagen.
2681 3625 155 52 Seine
2870 3622 158 53 Liebe
3060 3622 89 52 für
3176 3621 79 52 sie

1746 3715 64 51 ist
1838 3730 62 36 so
1935 3713 184 67 heftig,
2149 3711 102 54 daß
2280 3722 62 51 er|
2368 3726 97 37 vor
2465 3757 5 26 (
2499 3708 293 53 Ehrfurcht
2822 3707 198 62 zittert;
3048 3721 59 37 er
3138 3721 86 36 ver-

1742 3798 123 54 ehrt
1893 3798 74 51 sie
2003 3796 113 52 und
2147 3795 201 53 beseelt
2379 3810 105 37 von
2487 3789 3 63 1
2517 3792 344 55 brennender
2896 3789 324 54 Bescheiden-

1748 3881 107 55 heit
1883 3880 229 54 bemüht
2136 3896 60 35 er
2218 3879 128 63 sich,
2373 3879 78 53 sie
2473 3875 467 68 wiederzugeben.
2974 3905 64 5 —
3068 3872 185 53 Dahter

1747 3964 142 54 diese
1927 3964 274 53 rührende
2241 3963 254 66 Strenge:
2534 3960 242 67 Strenge,
2813 3959 87 53 die
2939 3958 135 52 über
3109 3957 143 62 alles,

1744 4064 111 37 was
1882 4064 60 38 er
1968 4047 201 63 anfaßt,
2199 4047 103 52 den
2335 4044 304 55 Glanzider
2665 4043 160 53 Liebe
2855 4042 203 54 breitet.
3091 4041 161 52 Diese
3252 4041 3 69 l

1749 4132 178 53 Bilder
2008 4131 172 54 haben
2246 4131 118 52 eine
2425 4129 322 67 eingeengte
2828 4124 422 68 Geräumigkeit.

1746 4217 126 50 Man
1918 4215 157 63 fühlt,
2120 4214 143 53 diese
2305 4213 178 52 Bilder
2523 4212 121 53 sind
2687 4212 49 51 in
2785 4209 308 69 hupfender
3139 4208 76 53 Un-

1749 4298 405 68 beweglichkeit
2181 4297 114 53 und
2324 4298 95 52 mit
2440 4297 149 53 einer
2612 4295 149 53 Seele
2785 4293 203 68 gemalt
3009 4291 243 64 worden,

1749 4383 86 54 die
1871 4383 98 52 der
2009 4382 278 67 Schwung
2324 4380 138 53 ihrer
2502 4380 390 66 Begeisterung
2926 4376 326 54 schüchtern

1746 4466 256 68 gemacht
2026 4466 104 52 hat.
2291 4466 4 68 (

1704 4577 670 12 •'
2769 4577 2 12 .
2793 4577 15 10 v

2225 4600 27 31 *
2746 4598 29 31 *

2086 4652 5 35 ;
2127 4641 9 11 '
2493 4647 29 31 *

1893 4759 57 51 In
1990 4759 145 53 einer
2173 4758 328 53 Landschaft
2534 4757 280 52 Cezannes
2853 4753 243 54 bemerkt
3130 4767 124 37 man

1752 4846 176 49 zuerst
1966 4842 83 52 die
2087 4841 313 56 senkrechte
2437 4842 204 60 Achse;
2679 4840 98 51 das
2814 4839 116 52 Bild
2974 4837 89 52 hat
3097 4838 156 51 einen

1752 4927 121 65 Zug
1907 4925 134 54 nach
2079 4929 180 59 unten,
2291 4924 149 67 jeder
2472 4922 355 69 Gegenstand
2859 4923 67 51 ist
2956 4936 65 37 zu
3053 4920 201 53 seinem

1750 5008 181 55 Platze
1979 5009 470 67 hinabgestiegen;
2499 5024 124 35 man
2674 5007 91 52 hat
2813 5005 89 52 ihn
2951 5004 96 52 mit
3093 5003 131 66 Sorg-

1753 5093 96 52 falt
1899 5093 126 52 dort
2078 5093 390 67 niedergelegt;
2520 5107 58 36 er
2632 5090 193 51 nimmt
2871 5089 182 51 seinen
3112 5086 148 52 Platz

1751 5177 114 61 ein;
1902 5176 100 56 imlit
2034 5192 202 51 ganzer
2270 5176 153 57 Kraft
2458 5175 283 53 klammert
2768 5189 62 35 er
2864 5171 110 53 sich
3009 5186 68 37 an
3111 5171 151 63 seine,

1752 5260 157 66 Lage.
1977 5258 250 53 Cezanne
2269 5260 143 51 hatte
2448 5260 94 51 das
2578 5257 190 56 feinste
2804 5256 206 52 Gefühl
3047 5255 89 51 für
3172 5254 85 51 die

1754 5343 525 62 Oertlichkeit,
2319 5358 61 37 er
2422 5341 213 68 begriff,
2676 5341 96 52 mit
2812 5339 260 53 welchem
3119 5338 142 52 Eifer

1755 5427 85 51 die
1894 5427 178 68 Dinge
2126 5427 104 51 den
2285 5427 160 51 ihnen
2500 5425 318 68 gegebenen
2873 5423 103 52 Ort
3031 5439 65 35 zu
3165 5421 61 53 be-

1758 5508 236 69 haupten
2037 5510 232 62 suchen;
2316 5510 112 51 und
2465 5525 59 36 er
2561 5507 263 68 empfand
2864 5508 141 51 beim
3053 5505 171 53 Ueber-

1757 5596 184 63 tragen
1966 5594 96 51 des
2089 5593 206 52 Platzes
2313 5594 150 53 einesl
2484 5593 170 65 jeden*
2669 5593 121 64 jene
2816 5590 248 63 Wollust,
3091 5590 170 52 deren

1755 5676 144 67 Spur
1963 5693 123 36 man
2154 5678 49 51 in
2253 5677 125 53 dem
2434 5675 329 53 unmerklich
2815 5675 289 65 voreiligen
3160 5673 65 52 Be-

1754 5761 200 55 rühren
2006 5762 98 52 des
2156 5763 381 61 Pinselstrichs,
2587 5763 110 61 der,
2752 5762 167 51 bevor
2966 5775 58 37 er
3075 5760 181 52 seinen

1753 5842 312 55 definitiven
2103 5846 146 52 Platz
2280 5844 269 64 ausfüllte,
2583 5845 105 51 voll
2725 5844 206 52 Freude
2960 5845 84 51 ein
3081 5844 181 66 wenig

1758 5926 395 55 umhertastete.
2230 5929 335 53 Souveränes
2626 5927 459 68 Sich-behaupten
3146 5928 111 51 und

1759 6011 368 68 hartnäckiges
2169 6013 299 52 Festhalten
2509 6029 86 38 am
2639 6012 190 61 Platze,
2869 6010 227 55 erkennt
3134 6028 123 35 man

1755 6110 67 36 an
1873 6095 108 51 den
2033 6095 96 57 auf
2180 6097 122 53 dem
2357 6097 156 52 Tisch
2568 6096 281 67 liegenden
2906 6094 202 53 Armen
3162 6095 100 52 des

1760 6178 194 55 Karten
1988 6179 309 66 spielenden
2335 6180 226 52 Bauern.
2596 6211 60 5 —
2691 6181 127 50 Man
2848 6178 150 64 weiß,
3031 6179 86 54 die
3150 6180 74 51 An-

1754 6261 262 66 ordnung
2060 6262 138 52 kann
2244 6265 226 54 [niemals
2508 6262 314 54 willkürlich
2867 6265 129 51 sein.
3058 6264 57 52 In
3162 6263 98 53 der

1757 6345 111 61 Tat,
1916 6345 77 51 sie
2037 6346 65 51 ist
2146 6347 147 52 nicht
2335 6348 284 62 erfunden,
2661 6348 240 51 sondern
2949 6347 175 52 durch
3174 6347 85 52 die

1756 6431 220 62 getreue
2023 6430 314 67 Verteilung
2385 6432 95 51 der
2523 6431 275 53 einzelnen
2849 6432 140 51 Teile
3038 6431 225 52 bewirkt

1755 6511 252 52 worden:
2042 6511 347 70 Ehrfürchtig
2415 6515 65 51 ist
2503 6516 83 51 ein
2619 6515 297 52 Farbstrich
2946 6515 174 51 neben
3152 6515 105 52 den

1755 6594 235 53 anderen
2029 6598 206 63 gesetzt
2272 6598 251 51 worden:
2564 6598 112 52 und
2716 6598 140 53 beim
2897 6598 190 52 letzten
3130 6598 132 51 bebt

1755 6678 99 52 das
1920 6677 170 53 durch
2143 6680 88 50 die
2279 6680 260 67 peinliche
2593 6680 417 68 Nachgibigkeit
3058 6697 168 51 gegen-

1761 6760 133 54 über
1944 6760 150 67 jeder
2148 6763 291 52 Einzelheit
2490 6763 517 68 hervorgezauberte
3061 6763 201 53 Antlitz

1758 6845 96 52 des
1902 6843 202 64 Bildes;
2156 6846 48 51 in
2252 6846 107 51 ihm
2408 6846 186 53 finden
2639 6848 97 50 wir
2781 6846 97 54 das
2925 6847 195 61 Leben,
3164 6848 99 51 wir

3381 65 174 54 haben
3590 66 120 52 eine
3746 64 274 53 durchaus
4052 63 146 53 nicht
4229 62 260 68 gesuchte
4523 58 363 66 Anordnung,

3377 148 90 55 die
3511 148 207 53 Striche
3768 147 298 53 verbinden
4110 147 110 52 sich
4273 146 113 52 und
4436 143 225 54 beleben
4713 141 173 53 durch

3379 231 111 55 ihre
3536 231 411 54 Gemeinschaft
3987 231 87 53 die
4113 230 240 53 einzelne
4397 242 211 54 genaue
4652 226 207 52 Darstel-

3379 317 134 58 lung
3557 315 93 54 der
3667 314 320 58 ..Elemente.

4463 558 288 52 Fortsetzung
4779 554 112 55 folgt

3377 871 359 84 Berliner
3799 864 384 112 Frühling

3377 1024 121 52 Der
3523 1022 216 54 Albert
3765 1019 270 68 Traeger
4070 1020 84 51 ist
4187 1020 158 53 noch
4377 1018 180 69 lange
4592 1018 172 52 nicht
4795 1022 98 46 tot

3521 1142 101 51 Die
3687 1140 228 52 Früchte
3978 1138 339 66 jahrelanger
4378 1135 392 61 Frauenarbeit,
4835 1134 51 51 in

3376 1228 146 52 einer
3582 1222 537 66 Aster-Ausstellung
4175 1221 225 67 gezeigt,
4458 1235 177 37 waren
4696 1216 190 64 unreif,

3377 1311 130 52 aber
3548 1308 96 55 der
3688 1307 227 61 Unsinn,
3957 1305 95 52 mit
4094 1305 122 52 dem
4257 1320 125 36 man
4425 1304 76 51 sie
4539 1301 347 53 anhimmelte

3382 1394 113 52 und
3538 1393 151 67 pries,
3731 1391 132 53 wird
3902 1388 333 54 fortblühen.
4310 1388 169 52 Eine
4520 1385 328 54 Friedens-

3379 1478 292 52 fanfare
3715 1475 88 52 für
3847 1474 84 52 die
3974 1472 192 53 beiden
4212 1470 205 68 großen
4463 1468 426 66 Arbeitsgebiete

3382 1562 95 52 der
3505 1562 149 60 Frau,
3688 1560 152 51 Haus
3864 1557 112 52 und
4006 1556 179 61 Beruf,
4212 1556 87 52 die
4323 1554 111 52 sich
4466 1569 111 37 nun
4603 1556 284 62 ergänzen,

3382 1646 91 52 hat
3524 1646 133 50 Frau
3713 1643 141 52 Hedi
3906 1641 137 68 Heyl
4097 1639 83 52 die
4232 1638 351 65 Ausstellung
4632 1638 256 64 genannt,

3384 1728 111 53 und
3546 1744 55 38 es
3649 1729 65 51 ist
3755 1724 140 55 auch
3947 1722 307 55 tatsächlich
4301 1722 123 57 sehr
4474 1721 99 51 viel
4625 1718 161 54 Blech
4835 1718 51 54 in

3383 1813 147 52 ihren
3575 1812 241 59 Räumen
3859 1808 223 68 geredet
4119 1806 241 54 worden.

3451 1896 233 52 Tastend
3732 1895 89 52 hat
3866 1894 85 52 die
3994 1893 135 51 Frau
4174 1889 281 67 jahrelang
4495 1888 141 52 nach
4681 1887 208 65 Wegen

3449 1996 99 35 aus
3588 1979 94 52 der
3723 1977 256 54 Halbheit
4017 1976 191 54 heraus
4247 1972 229 69 gesucht
4513 1970 114 53 und
4666 1970 73 52 sie
4778 1969 112 52 sich

3453 2063 169 51 durch
3668 2062 138 53 Fleiß
3851 2060 113 54 und
4003 2059 237 67 Sorgfalt
4279 2057 256 68 gebahnt,
4577 2054 110 53 und
4732 2053 163 53 heute

3450 2147 210 51 fordert
3694 2147 75 51 sie
3807 2146 90 51 für
3923 2145 118 52 sich
4084 2142 112 54 und
4234 2142 83 55 ihr
4356 2137 329 56 Geschlecht
4724 2136 140 68 quali-

3450 2230 204 52 fizierte
3695 2229 198 62 Arbeit,
3936 2228 111 53 sich
4087 2226 165 54 selbst
4295 2224 113 53 und
4448 2222 200 54 andere
4692 2236 67 37 zu
4803 2220 60 52 be-

3450 2313 279 67 friedigen.

3524 2397 112 52 Auf
3677 2396 94 53 der
3810 2396 176 52 Suche
4025 2394 134 53 nach
4202 2394 208 65 Wegen
4449 2406 100 37 aus
4587 2388 95 53 der
4725 2386 134 54 Halb-

3386 2481 106 53 heit
3529 2481 64 53 ist
3626 2480 81 52 ihr
3742 2480 95 53 der
3869 2478 364 66 schlechtweg
4267 2490 199 54 „ganze
4705 2471 189 52 Albert

3384 2566 232 65 Traeger
3652 2565 85 52 ein
3781 2560 572 62 bramarbasierender,
4392 2554 504 57 scherwenzelnder

3386 2647 264 67 Begleiter
3710 2661 267 56 gewesen.
4076 2644 217 53 Freilich
4357 2659 110 36 war
4530 2640 139 53 auch
4720 2638 172 53 dieses

3385 2732 435 52 Schwerenöters
3876 2729 141 53 Ideal
4069 2728 149 53 nicht
4268 2727 121 67 jene
4444 2727 151 60 Frau,
4650 2722 86 54 die
4789 2738 103 39 nur

3380 2815 136 62 „das
3563 2813 291 52 Erwachen
3903 2813 217 66 eigener
4167 2810 152 59 Kraft
4366 2826 140 50 ganz

3389 2898 111 52 und
3533 2898 190 52 darum
3754 2896 148 52 wohl
3927 2896 137 52 auch
4098 2895 92 52 hat
4211 2895 98 52 der
4337 2891 389 66 Volkszeitung
4753 2893 116 49 stän-

3388 2981 151 66 diger
3584 2981 59 57 R.
3694 2981 109 61 K-r,
3846 2979 216 68 Lyriker
4107 2977 113 53 und
4265 2975 260 62 Satiriker,
4571 2990 140 51 ganz
4758 2973 135 52 nach

3390 3064 211 62 Bedarf,
3628 3064 187 52 Worte
3843 3063 98 52 des
3960 3061 301 53 Abschieds
4284 3060 96 52 der
4405 3060 205 51 Frauen
4636 3065 113 43 von!
4770 3056 124 52 dem

3390 3146 470 69 Dichterpolitiker
3902 3147 147 52 einer
4095 3146 51 51 in
4195 3144 102 52 den
4346 3142 176 54 Mund
4568 3141 194 67 gelegt,
4811 3141 86 51 die

3390 3232 95 53 des
3530 3234 297 51 Mannes
3876 3229 304 66 „freudiges
4544 3225 171 53 höher
4758 3224 141 52 stellt

3390 3318 77 50 als
3496 3315 128 52 aller
3657 3316 203 51 Frauen
3891 3313 289 60 Versuche,
4210 3310 199 53 andere
4440 3310 112 52 und
4584 3308 109 54 sich
4726 3307 174 54 selber

3392 3416 66 36 zu
3501 3398 348 67 befriedigen.
3922 3396 84 53 Sie
4043 3398 150 65 sagte

3463 3525 100 52 Die
3605 3523 458 70 Frühlingssonne
4102 3521 189 53 sandte
4328 3519 115 53 ihre
4479 3517 245 54 Strahlen

3532 3651 117 52 Wie
3693 3649 154 53 sollte
3892 3649 72 52 sie
4008 3648 161 52 nicht.

3458 3777 102 52 Mit
3610 3776 188 53 müder
3849 3776 215 51 Wärme
4112 3773 95 53 auf
4257 3771 104 53 den
4413 3769 366 61 Gottesacker,

3462 3861 85 51 Da
3590 3860 175 66 legten
3807 3859 74 52 sie
3920 3858 122 52 dich
4086 3858 50 51 in
4179 3856 121 52 dein
4347 3856 180 52 letztes
4571 3853 152 51 Haus

3469 3943 130 53 Und
3627 3945 334 65 jammerten,
3990 3942 73 51 du
4088 3942 124 51 seist
4239 3939 147 53 nicht
4408 3938 167 53 mehr.

3470 4024 87 56 Ich
3594 4027 130 53 aber
3764 4058 62 5 —
3859 4027 117 53 eine
4014 4024 259 53 deutsche
4308 4024 134 50 Frau
4482 4052 78 31 —,

3468 4112 87 52 Ich
3588 4111 172 52 fühlte
3793 4110 186 52 keinen
4009 4108 253 53 Schmerz
4294 4107 111 51 und
4436 4105 148 52 keine
4616 4105 214 51 Trauer.

3467 4194 306 68 Dugroß
3795 4211 25 35 e
3838 4210 25 35 r
3887 4193 41 51 B
3945 4209 69 36 ar
4030 4192 139 57 deib
4190 4192 11 51 i
4218 4207 27 36 s
4262 4194 18 48 t
4304 4206 105 36 uns,
4427 4189 145 54 nicht
4592 4186 310 69 gestorben.

3466 4279 106 62 Du,
3619 4278 96 52 der
3754 4294 62 36 so
3858 4277 82 52 oft
3984 4276 95 52 der
4121 4276 204 51 Frauen
4371 4273 118 52 Lob
4533 4284 298 54 gesungen,

3466 4363 188 53 Beim
3694 4359 541 55 schäumenden
4279 4356 220 53 Pokal
4534 4356 124 52 des

3567 4447 297 52 Geistes
3902 4436 322 61 Schwert
4256 4441 576 67 geschwungen,

3464 4531 101 51 Mit
3604 4529 137 53 allen
3790 4529 203 52 Frauen
4038 4526 136 52 lebst
4217 4526 73 51 du
4332 4524 139 66 ewig
4512 4522 137 53 fort!

3465 4614 138 51 Dein
3637 4613 251 52 Leitwort
3918 4626 134 38 war:
4085 4610 100 51 Die
4219 4609 204 51 Frauen
4453 4606 168 53 sollen
4657 4604 173 53 leben.

3467 4697 129 52 Und
3634 4695 144 53 siehe
3818 4694 95 54 da:
3950 4695 72 52 da
4056 4693 74 52 du
4168 4708 105 36 von
4317 4692 198 51 hinnen
4555 4689 172 68 gehst,

3464 4780 306 53 Bekränzen
3818 4777 245 54 lächelnd
4107 4777 73 52 sie
4221 4775 123 53 dein
4389 4774 332 66 Ruhelager:

3466 4864 154 63 „Seid
3649 4863 117 61 still,
3798 4878 57 38 er
3879 4861 194 52 schläft
4102 4860 113 53 und
4244 4862 201 51 träumt
4472 4858 106 53 den
4610 4857 291 53 schönsten

4602 4941 229 52 Traum:

3466 5031 100 53 Die
3617 5031 203 51 Frauen
3874 5032 184 63 tragen
4108 5027 89 52 ihn
4249 5043 123 36 zum

3537 5115 112 52 Das
3677 5116 63 50 ist
3767 5114 84 52 die
3875 5112 489 66 reizendkitschige,
4391 5110 256 52 schlichte
4674 5107 197 54 Phanta-

3392 5200 72 53 sie
3502 5201 146 52 einer
3687 5198 408 53 fühlenden
4141 5198 163 61 Frau;
4350 5197 84 52 die
4477 5194 283 54 denkende
4800 5193 106 52 will

3464 5287 81 61 „in
3597 5285 156 52 allem
3805 5284 105 52 den
3967 5282 428 55 Dilettantismus
4445 5279 355 61 ausschalten,
4853 5278 53 66 ja

3465 5368 138 52 auch
3645 5368 69 51 im
3757 5365 198 54 Genuß
3994 5364 410 55 beschaulichen
4444 5361 209 54 Lebens
4687 5359 218 53 möchte

3463 5453 74 51 sie
3575 5467 106 36 von
3721 5450 393 67 Schöpfungen
4150 5451 212 50 ernsten
4402 5444 296 61 Schaffens,
4732 5443 139 52 wahr-

3466 5536 171 53 hafter
3686 5537 176 56 Kunst
3909 5533 270 69 umgeben

3539 5619 99 52 Mit
3677 5617 80 53 ihr
3797 5618 138 52 kann
3973 5620 231 62 Traeger
4243 5615 145 52 nicht
4422 5611 284 54 fortleben.
4748 5610 156 63 Nein,

3393 5703 144 53 nein.

3392 5879 250 53 Welche
3669 5879 391 65 Verwirrung

3610 5999 111 51 Der
3769 5996 190 53 Verein
4014 5994 235 52 Berliner
4298 5991 184 52 Presse
4533 5989 372 53 veranstaltete

3467 6099 83 35 am
3592 6082 246 64 Sonntag
3876 6081 68 49 im
4391 6074 118 54 eine
4542 6074 173 52 seiner
4751 6074 152 52 rasch

3467 6165 198 53 beliebt
3691 6162 362 68 gewordenen
4083 6159 290 68 geselligen
4400 6158 505 67 Veranstaltungen,

3463 6249 89 52 die
3587 6248 137 51 auch
3765 6245 220 54 diesmal
4017 6244 198 52 wieder
4251 6258 90 36 um
4378 6245 30 49 4
4444 6242 119 52 Uhr
4600 6242 96 52 mit
4730 6241 173 53 einem

3466 6327 564 72 gemeinschaftlichen
4072 6326 367 67 Mittagsmahl
4481 6327 234 66 begann.
4771 6326 135 51 Frau

3469 6415 165 52 Grete
3676 6413 174 69 Jolles,
3890 6412 118 51 eine
4046 6411 288 65 ungemein
4375 6410 401 69 sympathische
4817 6410 60 51 Er-

3465 6498 316 64 scheinung,
3822 6496 236 52 erfreute
4091 6538 8 10 .
4136 6537 9 9 .
4183 6537 8 8 .

3608 6595 101 51 Die
3756 6593 232 55 heiteren
4036 6594 265 64 Vorträge
4345 6608 106 36 von
4500 6592 188 53 Guido
4732 6591 145 51 Thiel-

3465 6680 155 52 scher
3652 6679 102 65 (ein
3788 6675 540 68 Wohltätigkeitsfest
4356 6675 112 54 und
4501 6677 83 51 ein
4618 6674 252 54 Himmels-

3468 6763 196 65 traum)
3703 6760 222 53 wurden
3969 6775 105 38 von
4112 6760 105 52 den
4260 6761 377 52 Anwesenden
4676 6760 100 51 mit
4809 6774 65 36 un-

3468 6844 468 55 unterbrochenen
4009 6844 324 53 Lachsalven
4405 6849 379 61 entgegengen
4793 6858 88 38 om
4892 6872 14 7 -
