3449 4386
1680 143 53 49 8

456 281 180 60 Tages-
666 281 90 60 und
786 281 598 60 Unterhaltungs-Blatt.

239 413 207 38 jflaißiz.
474 411 67 36 Ich
569 410 98 36 habe
693 410 118 35 Ihnen
841 420 71 24 von
938 407 121 35 einem
1079 404 182 37 Concerte
1281 417 48 23 zu
1349 404 208 44 berichten,
1586 401 69 36 wel-

169 475 88 36 ches
299 472 105 35 nicht
443 484 72 23 nur
554 482 130 33 wegen
726 470 122 35 seiner
884 467 238 46 gelungenen
1159 465 317 45 Durchführung,
1521 462 162 38 sondern

165 535 101 35 auch
310 533 64 34 des
418 532 164 34 schönen
611 530 179 34 Zweckes
827 538 127 34 wegen
981 526 61 33 für
1069 526 153 35 weitere
1250 526 133 34 Kreise
1413 536 68 23 zur
1507 521 150 38 Nachah-

167 606 118 33 mung
313 591 169 36 erwähnt
510 602 48 23 zu
586 589 148 35 werden
761 586 178 36 verdient.
995 585 79 35 Der
1107 585 139 45 Ertrag
1288 596 78 23 war
1404 583 167 35 nämlich
1612 581 71 34 den

166 655 234 35 entlassenen
438 644 517 51 schleswig-holsteinischen
994 644 177 35 Beamten
1211 644 201 37 bestimmt.
1459 644 51 33 Es
1554 640 129 36 wurde

165 726 59 23 am
257 712 56 36 17.
344 711 205 36 December
578 722 35 23 v.
641 709 37 36 J.
707 709 108 32 unter
842 705 166 46 Leitung
1046 705 65 35 des
1145 705 124 34 Herrn
1308 703 303 47 Capellmeisters
1639 701 42 36 F.

170 774 105 34 Lux
312 784 86 23 vom
428 771 164 34 mainzer
617 766 631 45 Männer-Gesangvereine
1287 763 259 36 veranstaltet.
1604 762 78 33 Das

164 833 218 45 Programm
409 829 155 36 brachte
590 825 251 37 Beethoven's
872 825 214 36 Ouvertüre
1126 837 48 22 zu
1201 825 164 46 Egmont
1392 823 77 34 und
1496 820 164 35 Mendels-

165 892 128 36 sohn's
323 891 210 35 Ouvertüre
572 898 48 23 zu
656 885 211 46 Ruy-Blas.
924 886 82 34 Von
1051 884 164 35 anderen
1255 879 428 39 Instrumentalwerken

164 952 135 34 kamen
341 961 66 22 zur
446 945 245 45 Aufführung
730 943 304 37 Mendelssohn's
1070 941 367 46 Clavier-Capriccio
1472 941 38 32 in
1539 938 144 35 11-moll

163 1010 117 36 durch
308 1010 122 33 Herrn
460 1006 40 37 C.
533 1005 167 34 Pallat
741 1016 69 22 aus
839 1003 229 36 Wiesbaden
1107 1001 78 35 und
1223 1002 80 33 eine
1339 1011 99 24 neue
1467 998 214 36 effectvolle

162 1069 251 46 Composition
444 1065 64 35 des
531 1065 123 35 Herrn
675 1065 125 33 Lux:
1296 1061 61 34 für
1377 1060 203 35 Orchester
1603 1058 76 35 und

161 1129 108 35 Chor.
322 1128 78 33 Der
428 1125 159 36 Schluss
628 1124 198 36 desselben
868 1124 105 33 leitet
1009 1121 167 35 nämlich
1213 1121 94 35 über
1349 1131 46 23 zu
1430 1119 84 35 dem
1542 1119 139 34 Arndt-

158 1187 337 36 Reichardt'schen
523 1185 137 35 Liede:
691 1184 115 42 „Was
834 1184 50 34 ist
912 1182 63 35 des
1006 1181 218 36 Deutschen
1599 1180 82 35 Von

156 1248 299 35 Männerchören
492 1246 95 33 ohne
616 1244 227 45 Begleitung
887 1241 153 35 wurden
1084 1252 215 35 gesungen:
1333 1240 155 44 „Haltet

157 1308 77 34 und
266 1307 100 42 „Das
387 1310 104 30 treue
514 1303 181 36 deutsche
863 1314 73 22 von
955 1300 153 35 Zöllner
1136 1300 76 35 und

159 1380 74 23 von
261 1368 129 41 Stern;
429 1368 97 33 dann
555 1364 121 34 ferner
703 1363 68 33 mit
797 1359 618 46 Blasinstrumenten-Begleitung
1443 1360 59 33 die
1529 1360 152 45 Hymne

158 1428 67 36 des
252 1428 170 44 Herzogs
454 1437 72 23 von
552 1425 149 42 Coburg
728 1421 76 35 und
834 1421 66 34 das
930 1420 183 35 deutsche
1128 1420 93 35 Lied
1237 1432 74 23 von
1328 1420 43 38 P*
1383 1420 62 37 Fr.
1463 1420 214 34 Schneider.

233 1532 71 34 Am
333 1530 58 36 23.
413 1528 206 36 December
646 1538 34 23 v.
705 1525 36 39 J.
774 1526 112 36 sollte
913 1527 38 32 in
983 1524 285 37 Darmstadt
1297 1524 58 35 die
1385 1524 116 35 schon
1530 1524 51 33 im
1611 1535 45 23 vo-

155 1592 105 44 rigen
287 1591 119 34 Jahre
435 1600 68 24 zur
529 1587 247 46 Aufführung
803 1586 177 46 gelangte
1009 1585 101 46 Oper
1138 1585 64 35 des
1225 1585 171 45 Herzogs
1420 1596 73 23 von
1512 1584 164 45 Coburg,

153 1650 135 45 „Santa
512 1648 139 34 wieder
678 1646 169 45 gegeben
877 1645 160 36 werden.
1072 1644 61 36 Da
1155 1644 138 46 jedoch
1322 1648 98 31 etwa
1448 1643 74 37 200
1553 1643 107 35 Offen-

152 1711 142 34 bacher
321 1711 79 33 sich
430 1708 118 36 durch
580 1708 67 34 den
672 1707 262 46 Telegraphen
963 1707 63 33 für
1054 1705 100 35 diese
1183 1705 102 46 Oper
1312 1704 132 34 Plätze
1472 1704 208 35 reserviren

154 1773 149 44 liessen,
333 1784 40 22 so
403 1770 128 35 wurde
557 1768 183 47 plötzlich
771 1768 58 35 die
857 1767 246 44 Aufführung
1131 1765 316 36 zurückbestellt,
1479 1765 85 34 weil
1594 1776 84 23 man

155 1845 75 23 von
275 1833 69 34 den
390 1843 125 34 wegen
553 1830 268 46 Betheiligung
860 1841 59 22 am
973 1827 334 36 National-Verein
1350 1826 214 46 verfolgten
1606 1824 74 38 200

155 1893 276 36 Offenbachern
460 1893 355 34 Demonstrationen
843 1889 248 36 befürchtete.

929 1949 185 45 (Mainzer
1143 1948 165 44 Zeitung
1343 1959 34 24 v.
1408 1945 59 38 25.
1495 1946 108 46 Dec)

233 2057 70 34 Die
344 2056 53 34 Nr
437 2053 47 37 51
523 2053 65 36 der
628 2053 130 36 Neuen
789 2052 150 34 Wiener
965 2051 316 45 Musik-Zeitung
1317 2050 148 35 enthält
1503 2050 178 45 folgende

153 2116 186 45 Anzeige:
381 2118 98 42 „Der
506 2112 315 37 Unterzeichnete
858 2111 127 45 bringt
1012 2111 150 34 hiermit
1190 2121 68 25 zur
1284 2111 210 33 Kenntniss
1524 2110 65 34 der
1619 2122 42 32 ge-

155 2176 128 35 ehrten
313 2175 246 35 Abonnenten
604 2173 122 33 dieser
768 2173 131 33 Neuen
931 2172 148 33 Wiener
1107 2170 325 45 Musik-Zeitung,
1477 2170 88 34 dass
1604 2170 58 34 die-

155 2236 102 36 selbe
298 2237 68 33 mit
407 2235 83 34 dem
519 2233 181 35 Schlüsse
740 2231 64 35 des
831 2230 138 35 Jahres
1001 2229 98 37 1860
1138 2240 50 24 zu
1229 2229 219 35 erscheinen
1492 2230 189 34 aufhören

157 2295 106 37 wird.
317 2295 66 35 Als
426 2307 39 23 er
502 2293 121 35 dieses
653 2293 103 33 Blatt
781 2292 51 34 im
858 2290 120 35 Jahre
1007 2287 98 39 1852
1142 2290 59 33 ins
1230 2289 127 34 Leben
1394 2290 82 42 rief,
1514 2301 78 24 war
1621 2289 60 34 die

157 2356 235 47 Hauptstadt
428 2356 65 33 des
534 2365 156 35 grossen
726 2350 335 37 österreichischen
1089 2350 300 45 Kaiserreiches,
1433 2349 58 35 die
1520 2351 160 45 einstige

155 2418 153 34 Heimat
348 2415 244 46 Haydn's,
632 2413 229 35 Mozart's
900 2412 78 34 und
1018 2410 348 47 Beethoven's,
1415 2410 143 35 welche
1586 2415 95 31 stets

159 2478 57 35 als
244 2476 261 47 tonangebend
544 2476 39 33 in
611 2474 145 35 Sachen
788 2474 63 35 des
889 2473 293 35 musicalischen
1212 2471 263 35 Geschmacks
1505 2471 77 34 und
1611 2471 47 35 Ur-

157 2539 112 34 theils
289 2539 92 45 galt,
411 2537 117 35 ohne
556 2536 325 44 Musik-Zeitung.
911 2535 77 33 Der
1008 2533 316 35 Unterzeichnete
1344 2532 90 34 liess
1455 2532 81 33 sich
1561 2532 120 34 durch

158 2600 70 34 den
256 2598 297 46 naheliegenden
583 2596 217 44 Gedanken,
844 2595 89 34 dass
962 2600 110 30 unter
1101 2595 70 34 den
1201 2593 215 45 damaligen
1445 2593 213 36 Verhältnis-

153 2671 78 31 sen,
259 2671 56 23 wo
343 2660 38 33 in
409 2658 117 46 Folge
555 2658 65 34 der
649 2657 193 34 schweren
870 2655 225 47 politischen
1115 2655 218 44 Ereignisse
1362 2652 99 35 noch
1495 2652 65 35 der
1589 2654 92 33 Sinn

155 2720 62 34 für
243 2720 128 34 Kunst
399 2720 75 33 und
496 2718 281 36 Wissenschaft
800 2728 98 34 ganz
929 2716 250 45 daniederlag,
1211 2714 64 33 das
1296 2713 261 34 Hervorrufen
1578 2714 101 33 eines

156 2780 103 36 Fach
280 2780 148 46 Organs
458 2780 95 35 ohne
582 2779 269 35 ökonomische
880 2777 114 47 Opfer
1021 2777 104 34 nicht
1154 2774 162 47 möglich
1349 2774 64 45 sei,
1443 2774 236 45 keineswegs

158 2839 265 44 abschrecken,
462 2839 104 35 diese
595 2840 102 33 Neue
728 2839 149 34 Wiener
904 2838 314 42 Musik-Zeitung
1251 2845 48 23 zu
1328 2834 186 47 gründen,
1553 2835 126 34 indem

159 2911 38 23 er
224 2911 37 23 es
289 2900 54 33 als
371 2902 57 32 ein
456 2899 200 35 Verdienst
686 2899 132 42 ansah,
860 2899 58 34 die
945 2899 214 34 Interessen
1200 2895 64 34 der
1301 2895 108 35 edeln
1436 2897 140 42 Kunst,
1620 2897 59 33 die

161 2960 106 33 einen
308 2970 40 24 so
389 2971 151 33 grossen
568 2959 168 34 Einfluss
779 2960 72 33 auf
887 2959 60 34 die
988 2959 282 34 menschlichen
1300 2958 191 35 Zustände
1520 2957 79 43 übt,
1641 2959 38 32 in

162 3020 118 34 einem
304 3020 166 46 eigenen,
500 3019 199 35 denselben
718 3019 251 46 gewidmeten
991 3019 151 47 Organe
1164 3031 47 23 zu
1232 3026 200 29 vertreten.
1462 3019 71 34 Die
1552 3018 106 34 Theil-

160 3078 146 47 nahme,
352 3078 58 35 die
438 3080 138 33 seinem
607 3078 279 36 Unternehmen
914 3091 74 25 von
1017 3081 121 34 vielen
1169 3081 139 43 Seiten,
1352 3079 232 35 namentlich
1614 3079 67 34 des

160 3139 227 43 Auslandes,
428 3138 288 47 entgegenkam,
758 3140 126 34 lohnte
914 3141 101 34 seine
1042 3141 290 46 Bemühungen,
1378 3140 90 44 und,
1498 3139 180 35 während

160 3200 65 35 der
251 3200 262 45 Fortführung
555 3200 63 34 des
646 3200 144 35 Blattes
831 3201 116 35 durch
990 3202 99 34 volle
1131 3214 102 22 neun
1268 3201 121 35 Jahre
1430 3201 77 35 und
1549 3201 128 46 Opfer,

165 3261 105 34 seine
297 3261 260 42 Abonnenten,
589 3261 120 33 denen
733 3271 39 23 er
800 3259 121 36 hiefür
948 3261 70 35 den
1046 3262 250 37 herzlichsten
1324 3262 116 35 Dank
1469 3264 97 44 sagt,
1596 3261 83 34 sind

157 3320 80 35 ihm
263 3322 97 33 auch
388 3321 97 34 dann
513 3325 84 30 treu
623 3320 206 45 geblieben,
872 3321 59 34 als
966 3323 36 32 in
1030 3322 70 34 den
1127 3323 181 35 letzteren
1336 3323 143 34 Jahren
1509 3323 170 33 mehrere

157 3381 359 45 Musik-Zeitungen
545 3381 95 33 nach
669 3380 177 35 einander
886 3381 259 40 auftauchten.
1199 3385 61 33 Da
1302 3395 80 22 nun
1422 3382 90 36 aber
1557 3381 120 36 durch

158 3442 102 35 diese
289 3442 145 34 Blätter
463 3441 59 34 die
550 3440 291 35 musicalischen
868 3440 211 36 Interessen
1106 3444 39 33 in
1165 3445 105 44 jeder
1291 3443 193 47 Richtung
1514 3444 71 34 auf
1608 3443 68 35 das

155 3503 327 45 mannigfaltigste
509 3502 78 34 und
615 3502 243 34 reichlichste
886 3508 184 30 vertreten
1102 3505 95 46 sind,
1239 3518 40 23 so
1315 3506 104 35 kann
1448 3506 65 34 der
1542 3506 112 35 Unter-

158 3563 199 44 zeichnete,
391 3563 133 33 dessen
555 3562 259 34 umfassendes
837 3563 177 46 Verlags-
1035 3564 76 34 und
1132 3565 545 36 Musicalien-Leih-Geschäft

161 3624 100 33 seine
287 3624 99 35 volle
414 3624 85 33 Zeit
526 3622 77 34 und
630 3622 112 34 Kraft
777 3624 37 33 in
842 3623 200 47 Anspruch
1081 3626 142 44 nimmt,
1265 3627 135 35 keinen
1425 3626 124 35 Beruf
1571 3626 106 35 mehr

160 3683 143 44 fühlen,
326 3685 107 44 jenes
466 3684 275 34 Unternehmen
770 3684 68 33 auf
862 3685 144 34 Kosten
1034 3686 123 34 seiner
1184 3686 300 45 geschäftlichen
1512 3687 146 36 Interes-

165 3753 66 24 sen
258 3744 66 33 mit
351 3744 292 35 ökonomischen
674 3743 142 46 Opfern
857 3746 126 34 weiter
1025 3746 271 47 fortzuführen,
1334 3749 76 34 und
1436 3761 40 23 er
1501 3750 85 35 tritt
1613 3748 42 35 da-

164 3802 66 35 her
258 3804 68 33 mit
354 3803 81 34 dem
470 3806 170 44 einzigen
671 3803 194 36 Wunsche
905 3816 73 24 von
1020 3806 212 35 demselben
1272 3809 156 44 zurück,
1467 3809 86 36 dass
1595 3810 82 33 sein

162 3863 217 47 Bestreben,
409 3864 68 34 den
505 3866 90 34 Sinn
624 3865 61 34 für
714 3865 107 34 echte
849 3866 132 35 Musik
1009 3878 47 23 zu
1083 3867 161 46 fördern,
1279 3868 108 35 nicht
1415 3882 93 33 ganz
1536 3870 121 46 erfolg-

163 3924 56 34 los
262 3924 196 45 geblieben
498 3926 67 36 sei.
619 3926 42 34 F.
705 3925 202 47 Glöggl,
950 3927 215 37 Redacteur
1204 3929 77 35 und
1310 3929 263 49 Herausgeber
1611 3931 66 36 der

162 3984 129 34 Neuen
319 3984 150 35 Wiener
496 3984 347 48 Musik-Zeitung.*

2114 3547 71 51 £>ie

1747 3609 187 36 erscheint
1965 3608 116 46 jeden
2119 3609 172 46 Samstag
2332 3610 41 33 in
2415 3610 123 33 einem
2580 3620 148 35 ganzen
2763 3608 130 45 Bogen
2937 3606 69 34 mit
3041 3603 243 48 zwanglosen

1748 3660 195 47 Beilagen.
1974 3680 47 5 —
2050 3661 78 33 Der
2149 3660 386 46 Abonnementspreis
2556 3659 149 47 beträgt
2738 3660 61 33 für
2827 3659 66 34 das
2914 3657 188 44 Halbjahr
3130 3654 22 36 2
3168 3655 117 43 Thlr.,

1747 3713 62 35 bei
1836 3712 72 34 den
1929 3712 47 34 K.
2005 3722 142 36 preuss.
2170 3711 311 35 Post-Anstalten
2509 3709 24 39 2
2548 3709 104 37 Thlr.
2677 3709 23 38 5
2719 3708 82 48 Sgr.
2856 3709 96 35 Eine
2981 3706 171 36 einzelne
3171 3707 85 35 Num-

1748 3775 79 23 mer
1853 3761 25 37 4
1907 3762 81 47 Sgr.

1851 3815 127 34 Briefe
2004 3814 80 35 und
2102 3813 278 48 Zusendungen
2413 3812 94 36 aller
2524 3813 72 35 Art
2622 3810 153 37 werden
2802 3814 112 32 unter
2942 3810 64 35 der
3030 3808 166 37 Adresse
3225 3808 61 36 der

1749 3867 52 35 M.
1831 3864 542 49 DuMont-Schauberg'sehen
2401 3864 308 47 Buchhandlung
2734 3864 39 33 in
2803 3863 102 35 Köln
2935 3863 163 35 erbeten.

1754 3935 24 6 —
1813 3931 3 11 ■
1828 3935 72 6 ■■■■■■■■
1910 3935 79 6 ■■■■■I.Iii
2006 3935 31 6 !«■
2046 3934 21 7 m
2081 3934 144 8 ■■■iwh.i.muiuh
2232 3934 14 7 !■
2265 3934 10 7 ■
2352 3931 2 11 I
2369 3931 1 11 I
2389 3934 47 6 Ii—n«
2442 3933 28 7 im
2482 3933 49 7 imjM
2536 3932 67 8 ■iiauiJ
2608 3932 523 8 iiu—ew—«jjum.»
3135 3931 149 9 .J/MM—OT

1867 3983 358 34 Verantwortlicher
2253 3982 286 47 Herausgeber:
2570 3981 101 36 Prof.
2703 3979 36 36 L
2743 4005 11 12 ♦
2783 3979 176 46 Btschoff
2982 3981 39 33 in
3049 3979 115 38 Köln.

1824 4035 197 47 Verleger:
2053 4034 53 36 M.
2136 4032 430 48 DuMont-Schauberg'
2571 4033 90 35 sehe
2688 4031 304 47 Buchhandlung
3022 4033 40 33 in
3090 4032 116 36 Köln.

1783 4086 191 39 Drucker:
2006 4086 53 36 M.
2089 4085 418 48 DuMont-Schauberg
2535 4086 40 35 in
2602 4083 114 47 Köln,
2754 4084 245 36 Breitstrasse
3028 4083 49 39 76
3102 4096 35 24 u.
3170 4083 62 38 78.

2290 293 451 75 3tu!tnnbipnigett.

1858 464 43 35 In
1927 474 169 25 unserem
2122 461 147 46 Verlage
2291 461 84 35 sind
2400 474 39 23 so
2468 461 85 35 eben
2580 461 210 37 erschienen
2819 464 77 36 und
2923 464 115 36 durch
3067 464 71 36 alle
3159 464 125 37 Buch-

1752 516 79 34 und
1858 514 454 44 Musicalienhandlungen
2340 525 46 22 zu
2414 514 187 34 beziehen:

2161 571 344 73 äkobemifdje
2544 569 328 77 itorleftuujett

2474 658 89 36 über

2248 715 440 73 Wfaeorie
3219 724 66 64 d

2484 829 72 24 von

2127 875 100 35 Dr.
2257 874 309 39 Mermaiin
2594 877 315 47 Oesterley.

2298 935 63 38 Gr.
2385 935 35 38 8.
2449 937 106 35 Preis
2585 936 19 37 1
2636 938 106 35 Thlr.

1859 997 92 35 Eine
1980 996 234 45 Darstellung
2243 995 64 35 der
2333 996 282 36 musicalischen
2649 998 159 43 Theorie,
2838 997 56 35 die
2921 1010 36 22 es
2982 998 77 35 sich
3087 1009 67 23 zur
3181 999 102 45 Auf-

1749 1051 90 45 gabe
1878 1051 165 45 gemacht
2088 1049 75 42 hat,
2206 1048 40 34 in
2284 1048 101 34 einer
2419 1049 97 33 auch
2554 1049 81 33 dem
2672 1048 274 36 Nichtmusiker
2987 1050 296 35 verständlichen

1752 1103 110 34 Form
1891 1102 56 34 die
1975 1101 236 46 allgemeinen
2241 1098 143 35 Gesetze
2420 1100 63 34 der
2515 1100 186 35 Tonkunst
2728 1101 232 46 darzulegen,
3001 1103 78 33 und
3106 1114 69 22 aus
3203 1103 79 35 die-

1750 1167 62 22 sen
1844 1153 166 35 Gesetzen
2039 1154 56 33 die
2123 1150 137 46 Regeln
2286 1150 212 44 abzuleiten,
2542 1152 58 34 die
2638 1153 65 43 für
2728 1173 10 26 s
2741 1152 56 35 die
2833 1153 210 47 'praktische
3081 1154 202 45 Ausübung

1752 1206 63 35 der
1841 1204 122 37 Musik
1989 1216 69 23 von
2088 1203 209 45 Bedeutung
2324 1202 94 38 sind,

1853 1258 160 47 Leipzig,
2044 1255 195 36 December
2268 1253 116 36 1860.

2496 1303 348 49 Breitteopf
2861 1305 51 50 &
2941 1303 238 42 Hikrtei.

2165 1428 150 53 Für
2349 1429 512 51 Uedertafelai.

1860 1507 127 34 Durch
2016 1506 72 35 alle
2117 1505 127 35 Buch-
2271 1505 79 35 und
2376 1505 457 46 Musicalienhandlungen
2859 1505 46 34 ist
2931 1516 46 23 zu
3005 1503 184 35 beziehen:

2235 1562 86 94 ¥.
2367 1562 76 94 IL
2489 1562 297 112 Becker,

2039 1695 300 72 (öcfiiitijc
2391 1695 109 71 für
2552 1693 447 73 Jtännerdjoj

1752 1787 69 33 mit
1849 1783 228 47 Begleitung
2104 1794 72 23 von
2206 1781 415 35 Blech-Instrumenten
2651 1780 78 35 und
2757 1779 173 39 Pauken.
2966 1781 66 35 Nr.
3064 1778 34 49 1,
3128 1781 156 47 Festge-

1908 1848 108 34 sang,
2046 1835 71 46 Op.
2147 1832 61 38 25.
2235 1834 173 34 Partitur
2436 1830 48 38 20
2512 1834 98 45 Sgr.,
2641 1832 60 35 die
2728 1831 26 37 4
2780 1832 183 35 Stimmen
2992 1830 23 38 6
3044 1832 82 47 Sgr.

1858 1897 273 45 Schleusingen,
2159 1894 63 39 30.
2251 1893 94 38 Nov.
2377 1893 100 36 1860
2480 1922 8 9 .
2691 1892 233 37 Conrad
2954 1893 223 36 Glaser.

2165 2004 150 54 Für
2349 2007 511 51 Uetlcrtafelii.

1858 2084 43 37 In
1930 2084 151 34 meinem
2118 2082 147 47 Verlage
2295 2084 48 33 ist
2371 2083 230 34 erschienen:

1755 2147 153 34 Franz
1938 2145 108 42 Abt,
2089 2143 300 46 Frühlingsfeier.
2419 2143 135 47 Cyklus
2580 2154 70 23 von
2683 2142 45 34 12
2760 2141 188 46 Gesängen
2976 2141 64 34 mit
3066 2140 219 35 verbinden-

2065 2196 63 34 der
2155 2196 131 34 kurzer
2315 2196 267 36 Declamation.
2630 2194 167 35 Partitur
2828 2194 16 34 1
2882 2193 112 43 Thlr.,
3033 2192 57 36 die
3116 2194 26 33 4
3170 2193 116 36 Stim-

2062 2259 81 22 men
2173 2247 18 34 1
2228 2247 93 36 Th'r.
2350 2247 26 32 2
2403 2246 95 46 Sgr.,
2534 2247 67 33 das
2636 2245 177 35 Textbuch
2843 2245 19 34 1
2894 2245 81 44 Sgr.

1751 2299 52 37 JB..
1835 2299 61 36 Kr
1907 2311 55 24 an
1972 2312 44 22 er
2027 2306 30 36 t,
2090 2298 66 35 Die
2186 2298 98 36 1857
2288 2311 39 22 er
2364 2298 221 47 Weinprobe.
2618 2296 322 46 Ciavier-Auszug
2970 2295 48 35 18
3047 2295 95 47 Sgr.,
3173 2295 56 35 die
3260 2296 23 34 4

2065 2354 12 29 (
2096 2351 66 34 hör
2165 2352 165 33 stimmen
2357 2349 27 34 8
2411 2350 94 46 Sgr.,
2534 2350 55 34 die
2615 2350 77 35 vier
2719 2349 256 35 Solostimmdn
3006 2348 47 34 12
3082 2348 69 46 Sgr
3170 2374 8 18 ,
3216 2347 67 35 In-

2061 2401 403 43 strumental-Quintett
2491 2402 51 34 20
2571 2401 81 46 Sgr.

1753 2453 118 37 Karl
1901 2454 211 43 Zöllner,
2148 2454 194 37 Trinklied.
2371 2454 77 34 Für
2471 2453 203 36 Bass-Solo
2703 2453 63 35 mit
2791 2452 108 36 Chor.
2931 2452 166 34 Partitur
3123 2452 45 35 12
3191 2452 93 45 Sgr.,

2062 2507 57 34 die
2147 2508 24 32 4
2202 2507 264 34 Chorstimmen
2494 2506 51 34 20
2573 2505 81 46 Sgr.

1752 2558 116 36 Emst
1894 2558 79 35 und
1999 2559 144 35 Scherz.
2175 2557 217 47 Herausgeg.
2421 2570 70 22 von
2512 2558 76 34 Jul.
2613 2557 91 37 Otto.
2733 2556 63 35 61.
2820 2556 93 45 Heft.
2944 2555 173 35 Partitur
3145 2556 24 34 9
3190 2557 94 45 Sgr.,

2063 2611 56 34 die
2145 2611 24 33 4
2199 2611 176 35 Stimmen
2409 2610 45 34 10
2481 2611 94 46 Sgr.,
2604 2610 22 33 5
2663 2610 293 47 Composilionen
2985 2608 218 37 enthaltend.

1755 2662 40 36 C.
1825 2662 203 43 Kuntze,
2059 2663 113 35 Hecht
2198 2664 50 33 im
2277 2662 277 47 Karpfenteich.
2584 2661 289 34 Humoristische
2895 2660 122 36 Fabel.
3044 2660 175 35 Partitur
3246 2672 39 22 u.

2062 2715 253 35 Solostimmen
2345 2715 47 34 15
2423 2714 95 46 Sgr.,
2549 2715 55 34 die
2632 2714 24 34 4
2687 2712 263 36 Chorstimmen
2982 2712 48 33 12
3058 2712 82 46 Sgr.

1854 2765 65 36 Ich
1971 2768 173 47 empfehle
2198 2767 95 35 diese
2335 2767 254 46 vorzüglichen
2631 2765 295 49 Compositionen
2971 2764 99 35 allen
3119 2764 166 46 Gesang-

1761 2817 184 36 Vereinen.

1854 2871 273 46 Schleusingen,
2156 2870 63 35 30.
2250 2870 89 37 Nov.
2369 2868 116 40 1860.
2689 2867 234 38 Conrad
2954 2867 224 37 Glaser.

1832 3081 114 35 Acht
1986 3081 339 47 eigenhändige
2362 3079 392 36 Skizzenbücher
2790 3078 195 46 Ludwig
3021 3090 91 23 van
3145 3078 139 36 Beet-

1750 3133 206 45 hovens,
1986 3135 51 33 im
2056 3133 148 35 Garnen
2235 3133 98 35 1005
2357 3133 121 35 Seiten
2507 3131 226 46 umfassend,
2763 3131 121 35 stehen
2913 3131 263 46 (ungetrennt)
3204 3143 82 23 zum

1759 3185 171 46 Verkauf.
1988 3187 53 34 Es
2077 3186 184 34 enthalten
2285 3185 176 35 dieselben
2489 3185 152 34 Skizzen
2670 3196 66 23 zur
2760 3183 130 43 23.,
2919 3183 51 42 4.,
3000 3184 51 45 5.,
3078 3184 36 36 6.
3144 3184 78 34 und
3248 3183 37 36 9.

1750 3238 230 48 Symphonie,
2022 3251 82 22 zum
2133 3238 138 34 Fidelio
2300 3238 78 34 und
2406 3238 167 45 Egmont,
2616 3248 46 23 zu
2703 3236 67 34 den
2801 3234 209 44 Quartetten
3048 3236 80 35 und
3159 3236 127 42 Trio's,

1749 3303 45 22 zu
1823 3292 67 34 den
1921 3293 160 33 Sonaten
2105 3291 66 44 für
2199 3290 120 35 Piano
2320 3292 96 43 forte
2444 3289 77 35 und
2557 3288 150 42 Violine,
2746 3287 67 34 den
2844 3286 376 37 Clavier-Concerten
3247 3288 39 33 in

1752 3343 61 43 Es,
1845 3344 30 35 G
1903 3356 36 23 u.
1968 3356 28 24 s.
2025 3356 41 23 w.
2096 3355 37 24 u.
2163 3355 26 24 s.
2218 3355 45 27 w„
2291 3342 138 35 Ferner
2456 3341 85 35 acht
2569 3340 258 47 eigenhändige
2857 3339 122 45 Briefe
3007 3340 39 38 L.
3077 3352 74 23 van
3182 3340 104 35 Beet-

1748 3395 112 36 hoven
1877 3410 26 22 s.
2018 3396 66 34 Die
2126 3394 267 36 Redaction
2434 3394 34 35 d.
2499 3393 55 35 81.
2593 3392 139 36 ertheilt
2773 3392 73 45 auf
2877 3392 187 45 frankirte
3091 3392 193 47 Anfragen

1747 3448 136 36 nähere
1910 3448 199 44 Auskunft,
