3449 4386
1698 87 32 48 4

168 237 177 58 „Meine
602 232 209 48 —heisst
837 248 45 32 es
911 230 147 49 ferner
1088 230 43 47 S.
1150 228 70 49 35
1231 256 62 7 —
1314 228 81 57 „ist
1416 229 86 48 fast
1523 226 144 50 nichts

159 313 207 49 Anderes
406 312 62 48 als
510 310 70 49 ein
620 309 252 48 abstracter
907 305 219 50 Abdruck
1162 304 80 49 des
1269 305 43 47 in
1349 306 85 47 mir
1462 305 90 47 sich
1585 303 62 47 bil-

159 389 178 50 denden
376 384 614 66 künstlerisch-productiven
1033 384 251 46 Processes.
1338 383 120 47 Mein
1499 381 149 63 eigent-

159 466 175 49 lichstes
362 465 172 64 System
566 460 110 66 (also
708 459 291 51 Unterschied
1025 459 223 47 zwischen
1277 460 193 64 System,
1500 459 146 62 eigent-

158 543 160 47 lichem
342 540 91 47 und
458 539 353 65 eigentlichstem
836 535 232 66 System!),
1099 553 133 30 wenn
1255 536 74 47 Sie
1353 552 46 31 es
1422 552 48 30 so
1494 549 178 33 nennen

162 619 177 53 wollen,
381 615 143 50 findet
563 615 141 48 daher
743 615 44 47 in
827 613 87 47 den
950 619 149 41 ersten
1140 611 94 49 drei
1263 613 293 63 Dichtungen
1587 625 86 32 nur

160 703 91 39 erst
279 694 97 47 eine
404 693 104 47 sehr
538 691 210 64 bedingte

279 769 217 49 Welches
522 769 129 63 Opus
693 767 53 46 ist
787 765 118 48 denn
948 783 91 30 nun
1080 765 112 48 aber
1228 765 80 48 das
1349 764 324 64 eigentlichste,

159 847 114 49 nach
319 845 102 48 dem
463 861 143 31 neuen
649 844 337 48 Kunst-Canon
1027 842 287 65 geschaffene
1342 844 194 45 Muster-
1582 839 90 48 und

159 920 348 51 Meisterstück?
539 919 104 48 Wir
672 920 144 47 lassen
849 920 213 63 Wagner
1090 919 137 48 selbst
1256 925 280 41 antworten:

285 996 201 58 „Anders
529 996 171 48 verhält
741 1013 46 31 es
830 997 90 46 sich
955 996 166 65 jedoch
1162 996 79 47 mit
1269 995 102 47 dem
1402 996 162 46 letzten
1594 992 80 50 der

160 1075 230 54 Gedichte,
416 1074 194 47 welches
630 1074 70 47 ich
724 1074 141 47 Ihnen
889 1074 197 63 vorlege,
1126 1072 208 56 „Tristan
1361 1071 88 48 und

157 1151 156 46 Dieses
343 1150 196 47 entwarf
564 1150 69 47 ich
665 1150 90 47 und
788 1150 152 47 führte
969 1165 46 32 es
1046 1165 95 41 aus,
1165 1148 222 49 nachdem
1411 1147 70 48 ich
1508 1147 165 48 bereits

158 1227 86 48 den
270 1231 205 61 grössten
491 1227 128 47 Theil
643 1227 80 47 der
746 1226 448 65 Nibelungenstücke
1217 1226 264 63 vollständig
1505 1225 42 48 in
1573 1226 66 47 Mu-

157 1303 64 49 sik
252 1310 166 58 gesetzt
446 1303 137 49 hatte.
639 1303 85 47 Die
764 1303 270 47 äusserliche
1081 1303 335 64 Veranlassung
1446 1320 52 29 zu
1528 1301 146 48 dieser

158 1381 382 63 Unterbrechung
569 1381 42 47 in
634 1381 131 63 jener
793 1396 185 47 grossen
1009 1380 162 47 Arbeit
1207 1396 98 32 war
1333 1380 81 48 der
1447 1380 227 57 Wunsch,

155 1458 71 47 ein
266 1457 187 47 leichter
497 1456 90 48 und
629 1456 108 48 eher
776 1456 327 48 aufführbares
1136 1457 148 48 Werk
1314 1474 52 30 zu
1397 1457 176 56 liefern,
1602 1457 70 47 ein

160 1535 223 55 Wunsch,
423 1551 52 29 zu
506 1533 100 47 dem
638 1533 118 49 mich
793 1533 230 49 einerseits
1066 1533 79 49 das
1174 1533 279 59 Bedürfniss,
1496 1533 176 49 endlich

153 1609 167 49 wieder
342 1617 140 41 etwas
505 1626 83 30 von
616 1611 84 47 mir
723 1611 114 47 auch
869 1611 142 48 hören
1041 1629 53 29 zu
1126 1611 196 57 können,
1350 1611 135 56 trieb,
1514 1627 48 31 so
1589 1611 84 48 wie

152 1687 299 48 andererseits
480 1686 70 48 die
592 1703 135 32 zuvor
755 1688 142 47 Ihnen
936 1688 317 48 bezeichneten
1293 1687 379 65 ermuthigenderi

153 1763 91 48 und
259 1763 341 48 versöhnenden
618 1764 326 65 Erfahrungen
969 1781 84 33 von
1070 1764 85 49 den
1169 1766 362 63 Aufführungen
1564 1766 81 47 mei-

150 1858 83 31 ner
277 1842 169 47 älteren
479 1841 175 48 Werke
701 1842 44 48 in
789 1842 309 48 Deutschland
1142 1843 85 47 mir
1269 1842 151 48 diesen
1461 1843 211 48 Wunsch

146 1921 108 62 jetzt
284 1918 246 48 wiederum
560 1921 64 45 als
654 1919 263 50 erreichbar
947 1919 275 50 darstellten.
1251 1922 73 46 An
1354 1921 144 47 dieses
1526 1921 146 48 Werk

152 2013 93 31 nun
275 1996 188 48 erlaube
492 1996 67 48 ich
605 1996 84 48 die
731 2004 349 58 strengsten,
1124 2015 80 31 aus
1235 1998 178 47 meinen
1441 1998 198 48 theore-

150 2073 220 48 tischen
400 2073 468 65 Behauptungen
898 2074 264 49 fliessenden
1192 2074 478 66 Anforderungen

149 2168 52 29 zu
226 2150 174 54 stellen,
431 2149 150 48 nicht
611 2152 98 45 weil
738 2150 69 49 ich
840 2168 44 29 es
915 2153 134 47 nach
1081 2153 234 46 meinem
1344 2153 220 64 System
1594 2170 52 47 ge-

154 2228 137 47 formt
319 2227 137 56 hätte,
498 2225 118 49 denn
660 2227 83 48 alle
773 2228 196 47 Theorie
1013 2244 96 32 war
1150 2228 266 63 vollständig
1458 2246 84 30 von
1587 2230 85 46 mir

150 2318 258 48 vergessen,
450 2302 194 48 sondern
677 2304 97 47 weil
816 2304 68 48 ich
926 2304 95 47 hier
1061 2304 176 48 endlich
1269 2304 80 48 mit
1376 2304 80 47 der
1485 2305 184 47 vollsten

152 2380 204 49 Freiheit
379 2379 90 50 und
492 2380 80 49 mit
595 2380 78 49 der
699 2382 300 64 gänzlichsten
1024 2382 478 64 Rücksichtslosigkeit
1523 2399 147 49 gegen

146 2457 127 64 jedes
301 2457 303 48 theoretische
624 2458 244 48 Bedenken
893 2459 40 47 in
958 2459 126 48 einer
1109 2459 156 48 Weise
1296 2459 117 47 mich
1446 2459 224 66 bewegte,

153 2534 101 48 dass
282 2534 70 48 ich
383 2534 216 48 während
626 2535 82 47 der
734 2537 308 63 Ausführung
1079 2535 138 50 selbst
1254 2537 104 47 inne
1386 2537 142 58 ward,
1573 2538 97 48 wie

152 2613 88 47 ich
285 2613 143 47 mein
469 2613 211 65 System
723 2614 128 47 weit

272 2689 117 48 Wer
435 2689 120 47 diese
602 2690 295 65 Darstellung
949 2692 119 46 eines
1119 2692 360 48 künstlerischen
1528 2692 116 49 Schö-

155 2766 427 65 pfungs-Processes
610 2769 211 55 versteht,
851 2769 101 47 dem
983 2770 244 47 wünschen
1258 2770 84 47 wir
1371 2770 160 49 Glück.
1562 2772 108 48 Wir

154 2843 149 48 haben
341 2843 172 48 danach
557 2844 59 47 im
953 2846 70 47 ein
1067 2846 207 58 Gedicht,
1317 2846 79 49 das
1447 2854 223 57 „strengst

154 2920 116 48 nach
298 2919 100 48 dem
666 2939 54 31 zu
751 2939 174 32 messen
968 2923 92 48 und
1099 2942 53 29 zu
1195 2924 238 65 würdigen
1476 2925 70 57 ist,
1589 2924 80 49 das

155 2996 112 49 aber
306 2996 181 56 „nicht
513 2998 112 48 nach
654 2998 102 49 dem
1032 3001 212 64 gemacht
1270 3001 72 58 ist,
1369 3001 197 50 sondern
1598 3001 70 50 bei

155 3074 103 48 dem
300 3074 97 57 „die
419 3075 194 48 Theorie
642 3093 109 48 ganz
1080 3079 91 48 und
1203 3079 105 57 „das
1331 3080 174 65 System
1532 3080 109 48 über-

365 3151 184 49 worden
566 3153 73 47 ist!
668 3154 41 47 0
733 3154 184 66 Lessing
940 3155 92 48 und
1056 3156 374 57 Winckelmann,
1455 3159 86 46 wie
1565 3159 105 47 weit

157 3227 96 49 seid
281 3227 69 49 ihr
374 3229 114 48 noch
517 3230 167 47 zurück
712 3233 229 62 gewesen!
969 3234 41 47 0
1042 3234 190 48 Schiller
1260 3234 93 48 und
1383 3235 168 52 Göthe,
1584 3235 86 48 wie

157 3305 115 49 habt
313 3306 71 47 ihr
426 3307 113 47 euch
583 3307 43 47 in
668 3324 157 32 eurem
855 3310 313 50 Briefwechsel
1198 3314 353 63 compromittirt
1590 3314 80 48 mit

155 3399 143 32 euren
320 3382 176 65 ewigen
520 3384 330 49 theoretischen
870 3385 267 49 Bedenken!
1165 3390 75 46 Ihr
1264 3390 144 48 hattet
1437 3390 84 47 alle
1551 3391 116 47 noch

158 3460 128 48 keine
312 3460 288 66 Vorstellung
621 3478 84 31 von
728 3462 146 49 einem
897 3461 177 52 Artiste
1100 3464 268 58 convaincu;
1399 3467 115 47 euch
1541 3467 128 49 ward

158 3537 115 49 noch
300 3537 123 49 nicht
469 3539 107 55 „das
616 3542 174 60 grösste
820 3540 323 66 Wohlgefühl,
1187 3542 68 49 die
1295 3545 374 49 vollkommenste

160 3614 437 49 Unbedenklichkeit
646 3616 77 48 des
770 3617 236 49 Künstlers
1068 3619 117 48 beim
1613 3640 54 32 zu

162 3691 67 47 Th
237 3692 68 59 eil,
337 3692 82 49 wie
449 3710 44 31 es
517 3695 55 48 R.
600 3694 209 64 Wagner
842 3695 98 57 „bei
964 3696 80 48 der
1065 3697 306 66 Ausführung
1399 3702 143 47 seines
1566 3702 76 47 Tri-

162 3775 97 40 stan
587 3770 64 67 (S.
684 3770 87 67 35)
884 3774 125 48 nicht
1047 3775 121 48 seine
1221 3777 448 68 „Selbstständigkeit

164 3845 92 47 und
637 3848 128 49 Habt
792 3850 69 47 ihr
883 3850 47 65 je
953 3851 105 64 jene
1086 3852 330 65 schöpferische
1447 3856 193 50 Gottähn-

165 3921 178 48 lichkeit
370 3923 287 64 empfunden,
699 3926 86 48 wie
821 3927 54 47 R.
910 3927 226 65 Wagner,
1184 3928 80 49 der
1297 3946 84 32 von
1410 3931 90 48 sich
1529 3935 139 48 selbst

164 4006 122 57 sagt:
326 4000 107 55 „Mit
470 4002 136 48 voller
633 4005 260 49 Zuversicht
933 4006 235 51 versenkte
1208 4007 70 48 ich
1319 4008 115 50 mich
1466 4010 67 49 bei
1564 4012 101 50 dem

1745 226 179 49 Tristan
1949 244 87 31 nur
2059 226 117 49 noch
2200 226 46 49 in
2270 225 72 50 die
2365 225 158 48 Tiefen
2553 225 80 48 der
2664 225 186 48 inneren
2876 225 398 66 Seelenvorgänge

1747 303 89 48 und
1886 304 322 63 gestaltete
2256 304 151 65 zaglos
2455 300 98 66 {sie)
2599 319 93 31 aus
2733 303 207 47 diesem
2984 303 292 48 intimsten

1748 380 270 47 Centrum
2062 380 99 47 der
2206 381 152 47 Welt
2398 380 123 47 ihre
2559 383 237 43 äussere
2840 380 180 47 Form.
3034 408 60 5 —
3116 380 158 48 Leben

1745 455 92 48 und
1869 456 116 55 Tod,
2016 456 71 47 die
2117 472 141 48 ganze
2288 456 274 64 Bedeutung
2590 454 94 48 und
2705 455 214 48 Existenz
2948 454 83 48 der
3059 459 215 44 äusseren

1745 533 146 57 Welt,
1932 534 141 63 hängt
2116 533 98 48 hier
2243 534 132 47 allein
2406 550 84 31 von
2520 533 81 46 der
2629 533 188 46 inneren
2846 533 431 64 Seelenbewegung

1745 609 74 48 ab.
1850 610 86 47 Die
1965 625 142 48 ganze
2138 609 287 63 ergreifende
2449 605 57 68 (?)
2528 607 254 65 Handlung
2811 607 211 50 kommt
3050 625 99 32 nur
3178 607 64 50 da-

1747 685 176 48 durch
1951 703 118 30 zum
2100 685 346 57 Vorschein,
2476 686 101 47 weil
2608 685 87 48 die
2725 685 252 47 innerste
3006 686 163 48 Seele
3198 685 76 48 sie

1748 762 249 58 fordert,
2030 762 90 49 und
2149 764 62 47 sie
2242 764 95 47 tritt
2366 779 49 32 so
2444 780 58 31 an
2531 762 81 49 das
2638 762 150 58 Licht,
2821 762 85 47 wie
2934 762 64 49 sie
3026 780 83 32 von
3141 762 133 49 innen

1747 856 81 31 aus
1856 839 287 64 vorgebildet
2308 837 63 66 (S.
2403 837 106 66 39.)

1863 934 110 47 Wir
1996 933 199 63 glauben
2218 933 138 54 nicht,
2380 933 103 48 dass
2514 949 45 31 es
2582 933 164 64 jemals
2777 933 71 48 bei
2877 933 146 48 einem
3047 933 201 48 schaffen-

1747 1010 86 48 den
1862 1011 220 47 Künstler
2119 1010 161 65 irgend
2323 1011 126 47 einer
2477 1011 88 46 Art
2603 1011 100 47 eine
2737 1027 50 31 so
2829 1010 246 50 fanatische
3103 1010 149 48 Selbst-

1745 1086 315 64 verblendung
2102 1086 210 65 gegeben
2355 1086 140 48 habe!
2548 1086 88 48 Die
2665 1086 253 65 Handlung
2947 1087 44 47 in
3023 1086 251 64 Wagner's

1747 1164 199 56 Tristan,
1987 1164 71 47 die
2086 1180 85 32 von
2203 1164 81 48 der
2312 1165 228 47 innersten
2572 1165 130 46 Seele
2732 1164 248 63 gefordert,
3023 1181 84 31 von
3139 1165 134 47 innen

1747 1256 81 32 aus
1856 1240 283 63 vorgebildet
2167 1241 94 47 sein
2289 1241 80 47 soll
2393 1240 268 48 —worauf
2694 1240 170 48 beruht
2897 1240 64 48 sie
2990 1240 151 48 denn?
3183 1241 99 47 Auf

1747 1326 141 41 etwas
1928 1319 141 47 durch
2104 1317 92 49 und
2225 1317 143 49 durch
2415 1317 487 58 Aeusserlichem,
2944 1317 83 49 auf
3051 1317 102 49 dem
3187 1319 60 47 Ge-

1747 1411 133 32 nüsse
1910 1396 121 47 eines
2059 1395 460 57 Liebestrankes,
2549 1395 122 48 eines
2699 1395 371 56 Zaubermittels,
3100 1394 79 49 das
3203 1395 71 48 die

1748 1472 287 49 handelnden
2077 1474 230 47 Personen
2349 1490 54 31 zu
2449 1472 278 49 willenlosen
2768 1472 287 65 Geschöpfen
3098 1472 175 49 macht!

1747 1550 179 47 Tristan
1959 1549 89 48 und
2078 1550 147 47 Isolde
2256 1554 231 43 müssen
2531 1565 50 32 so
2613 1549 176 57 fühlen,
2819 1550 86 47 wie
2933 1550 63 47 sie
3026 1565 45 30 es
3099 1549 174 64 zeigen,

1747 1627 99 47 eine
1875 1626 162 48 Arznei
2068 1627 56 47 ist
2152 1627 80 47 das
2261 1627 137 49 Motiv
2427 1627 124 47 ihrer
2580 1626 269 65 Handlung,
2891 1626 142 48 nichts
3064 1626 179 48 Mensch-

1747 1705 384 56 lich-Seelisches;
2182 1705 144 48 daher
2365 1705 97 47 sind
2498 1705 63 47 sie
2599 1705 77 47 für
2718 1720 83 32 uns
2844 1705 124 47 nicht
3009 1705 265 54 Menschen,

1745 1781 197 48 sondern
1973 1782 317 48 Marionetten.
2349 1782 119 48 Wer
2497 1781 79 48 das
2608 1781 193 48 Gedicht
2836 1781 123 47 nicht
2990 1781 154 55 kennt,
3187 1780 87 48 den

1745 1860 245 47 verweisen
2035 1860 82 47 wir
2147 1860 82 47 auf
2252 1861 80 46 Nr.
2365 1860 71 47 24
2468 1858 77 47 des
2573 1858 187 64 vorigen
2787 1858 263 65 Jahrgangs
3080 1853 192 71 (1859)

1747 1936 142 48 dieses
1918 1937 184 47 Blattes.
2150 1938 116 46 Zum
2298 1936 264 49 Ueberfluss
2604 1943 147 40 setzen
2784 1936 82 47 wir
2895 1936 115 48 noch
3042 1935 71 48 die
3147 1936 95 47 Wir-

1748 2013 124 65 kung
1916 2013 77 47 des
2037 2013 224 57 Trankes,
2305 2015 87 47 wie
2417 2012 145 48 Beide
2603 2013 82 47 auf
2719 2012 82 48 der
2829 2013 144 47 Scene
3017 2012 62 47 sie
3121 2012 152 47 nach

1749 2092 299 64 Wagner's
2088 2091 333 48 Vorschrift
2463 2090 289 49 ausdrücken
2782 2091 158 53 sollen,
2972 2090 184 47 hieher:

1872 2194 202 64 „(Beide,
2117 2211 83 32 von
2232 2195 206 48 Schauer
2468 2195 175 55 erfasst,
2688 2194 178 48 blicken
2897 2194 90 47 sich
3022 2192 80 49 mit
3132 2192 112 49 höch-

1743 2279 91 39 ster
1863 2271 289 65 Aufregung,
2184 2271 115 48 doch
2332 2271 80 48 mit
2440 2279 172 40 starrer
2639 2271 224 64 Haltung,
2904 2270 298 48 unverwandt
3230 2271 44 47 in

1745 2349 70 47 die
1846 2350 181 63 Augen,
2076 2349 44 47 in
2161 2347 139 50 deren
2338 2347 244 50 Ausdruck
2625 2347 82 49 der
2736 2347 268 49 Todestrotz
3050 2346 105 50 bald
3196 2346 81 50 der

1743 2426 298 66 Liebesgluth
2074 2426 177 50 weicht.
2270 2455 62 7 —
2358 2427 171 47 Zittern
2561 2426 188 65 ergreift
2777 2426 76 48 sie.
2901 2427 76 47 Sie
3008 2425 145 49 fassen
3182 2426 92 47 sich

1745 2504 285 66 krampfhaft
2058 2521 54 31 an
2144 2504 79 48 das
2251 2505 122 47 Herz
2488 2504 89 48 und
2623 2504 168 48 führen
2830 2504 71 48 die
2930 2502 139 50 Hand
3106 2502 171 50 wieder

1745 2599 55 30 an
1824 2581 71 48 die
1919 2582 136 47 Stirn.
2086 2584 134 45 Dann
2252 2582 170 47 suchen
2451 2582 64 47 sie
2544 2581 92 48 sich
2669 2581 170 48 wieder
2869 2581 80 48 mit
2977 2581 102 47 dem
3107 2581 169 57 Blicke,

1743 2658 167 49 senken
1943 2660 74 47 ihn
2049 2660 208 48 verwirrt
2297 2658 91 49 und
2432 2660 153 47 heften
2623 2658 76 49 ihn
2741 2675 84 32 von
2854 2660 179 47 Neuem
3066 2658 79 47 mit
3173 2658 84 49 stei-

1743 2735 174 66 gender
1947 2736 259 48 Sehnsucht
2244 2737 82 47 auf
2359 2735 251 66 einander.)
2667 2735 186 49 Isolde
2905 2733 99 65 (mit
3041 2735 236 48 bebender

1743 2812 230 66 Stimme):
2004 2813 205 50 Tristan!
2316 2815 227 47 Tristan
2576 2812 411 66 (überströmend):
3018 2812 173 48 Isolde!

1743 2892 91 47 Sie
1867 2890 71 66 (an
1964 2892 123 47 seine
2109 2893 137 46 Brust
2269 2890 231 66 sinkend):
2531 2891 247 48 Treuloser
2802 2890 198 49 Holder!
3013 2892 141 46 —Er
3178 2888 99 66 (mit

1744 2968 139 49 Gluth
1913 2970 62 47 sie
2006 2967 305 67 umfassend):
2340 2970 193 64 Seligste
2563 2967 55 66 (?)
2642 2968 149 49 Frau!
2821 2967 93 66 (Sie
2942 2967 261 50 verbleiben
3233 2968 44 49 in

1742 3053 222 41 stummer

1858 3140 273 68 Spectatimi
2172 3139 194 52 admissi
2401 3139 147 52 risum
2587 3139 207 63 teneatis,
2830 3139 168 53 amicii
3117 3142 159 50 Wenn

1743 3217 140 50 Beide
1924 3217 72 50 die
2037 3217 444 66 vorgeschriebenen
2520 3220 329 63 Bewegungen
2891 3220 129 47 recht

1743 3297 272 56 ausführen,
2057 3315 48 31 so
2145 3296 115 48 wird
2298 3296 122 50 diese
2460 3301 210 53 „äussere
2909 3297 91 49 sich
3039 3299 238 48 sicherlich

1743 3375 63 45 als
1855 3391 108 40 „aus
2001 3373 103 50 dem
2144 3375 227 48 intimsten
2403 3375 220 48 Centrum
2662 3373 83 50 der
2774 3376 54 47 W
2829 3375 11 16 T
2845 3375 60 48 elt
3213 3377 44 47 of-

1744 3450 231 49 fenbaren.

1858 3547 102 47 Nur
1988 3547 140 49 Eines
2167 3547 55 47 ist
2265 3547 129 49 wahr
2435 3547 44 47 in
2512 3546 251 65 Wagner's
2801 3547 289 49 Selbstkritik
3133 3549 145 48 seines

1743 3624 181 49 Tristan
2010 3625 78 48 das
2111 3625 301 48 Bekenntniss
2435 3625 81 48 der
2549 3625 291 65 „gänzlichen
2864 3625 389 66 Rücksichtslosig-

1744 3702 92 49 keit
1863 3719 148 48 gegen
2036 3702 128 65 jedes
2195 3704 302 48 theoretische
2869 3702 120 50 denn
3013 3705 124 47 nicht
3159 3704 119 49 bloss

1743 3780 71 48 die
1830 3781 256 57 Aesthetik,
2104 3781 196 48 sondern
2317 3781 71 48 die
2403 3781 603 59 Elementar-Grammatik,
3024 3781 73 48 die
3116 3782 130 50 Wort-

1744 3857 408 65 bildungs-Lehre,
2175 3859 71 48 die
2270 3860 176 56 Poetik,
2471 3859 71 48 die
2563 3859 149 64 Logik
2722 3859 201 57 —kurz,
2947 3860 109 48 alles
3073 3860 176 49 Theore-

1743 3935 159 57 tische,
1945 3953 94 31 was
2082 3954 104 32 man
2227 3936 66 50 bis
2317 3937 110 65 jetzt
2467 3954 80 30 zur
2577 3936 295 66 Vollendung
2901 3937 81 49 der
3012 3939 141 47 Form
3187 3939 93 48 und

1743 4011 77 50 des
1853 4014 367 49 Verständnisses
2248 4015 122 49 eines
2408 4014 404 66 sprachlichen
2841 4015 332 49 Kunstwerkes
3201 4016 80 48 für
