3698 4485
773 433 198 91 für
1022 430 892 94 Kunstfreunde
1964 433 247 86 und
2264 428 607 91 Künstler.

209 635 457 86 Herausgegeben
710 654 104 38 von
862 633 276 58 Professor
1181 633 59 54 L.
1276 631 248 76 Bischoff.
1698 628 203 88 Verlag
1945 627 93 57 der
2077 631 66 54 M.
2178 632 574 71 DuMmil-Seltauberg
2769 627 166 58 sehen
2979 628 442 88 Buchhandlung.

1441 825 176 89 KÖLN,
1660 839 47 59 2.
1750 835 291 79 September
2082 834 146 60 1854.

242 840 85 61 Nr.
364 842 79 59 35.

3003 835 59 60 11.
3103 833 290 77 Jahrgang.

577 1063 89 60 Die
707 1063 169 60 Musik
914 1063 66 61 im
1018 1063 152 62 Jahre
1210 1066 145 58 1853.

734 1200 94 40 Von
871 1200 45 40 P.
961 1201 172 39 Scudo

1152 1199 46 53 *).

298 1310 90 52 Die
418 1312 127 67 Tage
576 1310 153 69 folgen
761 1310 83 50 auf
882 1309 233 62 einander,
1162 1309 145 70 pflegt
1353 1327 107 33 man
1507 1328 57 32 zu
1607 1327 158 51 sagen,

171 1395 97 52 und
300 1395 156 51 keiner
497 1397 168 67 gleicht
706 1394 105 52 dem
851 1394 220 52 anderen.
1115 1395 97 50 Das
1251 1394 178 52 scheint
1461 1412 85 33 uns
1578 1393 111 52 aber
1721 1394 43 50 in

168 1482 163 67 Bezug
374 1483 82 50 auf
491 1482 80 51 das
614 1480 193 69 geistige
837 1479 162 52 Leben
1042 1480 284 69 wenigstens
1369 1480 232 51 durchaus
1634 1479 130 51 keine

171 1567 328 68 ausgemachte
534 1566 249 53 Wahrheit
814 1585 55 31 zu
903 1566 121 58 sein;
1071 1566 121 50 denn
1222 1566 45 50 in
1298 1566 172 50 diesem
1496 1566 153 68 folgen
1681 1564 84 51 seit

169 1652 182 69 einigen
369 1652 172 51 Jahren
576 1652 71 51 die
671 1653 128 66 Tage
830 1652 82 51 auf
936 1651 219 50 einander
1178 1651 94 50 und
1296 1651 141 50 sehen
1462 1668 88 33 nur
1575 1670 56 30 zu
1658 1649 107 51 sehr

168 1737 127 51 einer
325 1737 107 51 dem
464 1737 202 51 anderen
698 1736 195 52 ähnlich.
925 1737 52 50 In
1009 1736 82 51 der
1110 1736 121 51 Thal
1261 1736 122 67 zeigt
1414 1736 94 51 sich
1540 1737 86 48 seit
1655 1733 88 51 eini-

168 1839 84 49 ger
281 1822 102 50 Zeit
412 1821 61 51 im
503 1821 173 52 Reiche
709 1821 83 49 der
818 1820 245 50 Phantasie
1105 1820 102 50 eine
1237 1820 92 50 Art
1358 1820 225 50 Reaction
1615 1836 149 51 gegen

168 1907 72 50 die
272 1906 432 69 Ursprünglichkeit
733 1906 94 49 und
860 1905 73 50 die
963 1903 135 51 Kraft
1129 1905 82 49 des
1242 1903 295 52 schaffenden
1570 1905 195 49 Geistes.

168 1991 98 50 Soll
296 2009 107 32 man
446 1991 89 50 den
577 1990 283 67 grämlichen
893 1987 297 52 Pessimisten
1234 1988 309 60 beistimmen,
1590 1987 175 52 welche

167 2075 285 70 behaupten,
485 2076 105 51 dass
623 2094 48 32 es
705 2076 79 50 mit
816 2075 83 51 der
931 2074 372 69 schöpferischen
1330 2075 248 51 Phantasie
1607 2074 158 50 vorbei

172 2160 82 62 sei,
287 2161 104 50 dass
423 2161 87 50 alie
540 2160 163 51 Poesie
736 2161 89 50 den
855 2160 239 51 Kreislauf
1127 2160 124 49 ihrer
1293 2160 254 67 göttlichen
1585 2160 148 49 Bezau-

165 2244 249 68 berungen
444 2245 232 51 vollendet
708 2244 133 61 habe,
889 2245 103 50 dass
1034 2244 45 51 in
1122 2244 82 51 der
1234 2245 156 50 Kunst
1432 2244 92 51 und
1557 2244 204 51 schönen

164 2329 240 52 Literatur
433 2348 91 33 nur
554 2330 122 51 noch
705 2348 89 33 von
826 2329 132 51 mehr
982 2329 114 51 oder
1120 2329 205 68 weniger
1349 2329 296 68 geschickten
1668 2329 95 51 und

239 2484 29 52 *)
299 2486 44 40 P.
373 2486 171 40 Scudo
583 2486 143 52 gehört
755 2499 47 27 zu
832 2486 78 40 den
941 2487 140 39 besten
1112 2487 308 40 musicalischen
1451 2488 311 40 Schriftstellern

302 2548 289 48 Frankreichs;
635 2562 50 27 an
714 2549 313 52 Aufrichtigkeit
1056 2549 84 39 und
1172 2549 342 40 Wahrheitsliebe
1547 2549 144 40 nimmt
1721 2563 42 26 er

300 2611 107 40 ohne
436 2611 161 42 Zweifel
627 2613 78 38 den
736 2617 131 34 ersten
898 2612 118 51 Rang
1046 2616 118 35 unter
1194 2613 106 38 allen
1331 2613 64 39 ein
1427 2613 83 39 und
1541 2612 149 52 spricht
1722 2625 40 28 es

300 2674 307 40 unumwunden
640 2688 83 34 aus,
767 2675 90 39 dass
896 2674 72 40 der
1007 2674 178 40 Einfluss
1225 2675 71 39 der
1335 2676 152 50 pariser
1516 2676 144 39 Presse
1698 2676 68 38 auf

303 2735 66 41 die
398 2737 134 40 Kunst
562 2738 40 40 in
632 2739 78 39 den
742 2740 144 40 letzten
917 2738 309 40 Jahrzehenden
1267 2738 64 40 ein
1362 2738 308 40 abscheulicher
1699 2752 44 38 ge-

302 2813 137 27 wesen
469 2801 70 47 sei,
578 2803 83 38 und
693 2803 90 39 dass
825 2813 40 28 es
905 2802 130 39 nichts
1066 2802 363 40 Verderblicheres
1460 2802 40 39 in
1531 2802 72 40 der
1634 2803 131 39 Kritik

303 2864 114 50 gebe,
448 2865 56 39 als
529 2865 114 51 jenes
665 2865 158 51 System
853 2876 78 28 von
955 2864 219 40 Nachsicht
1202 2865 83 39 und
1316 2865 171 40 falscher
1507 2865 235 51 Gutmiithig-

301 2925 93 48 keit,
425 2927 191 39 wodurch
648 2941 93 26 man
772 2928 65 39 die
863 2928 155 51 jungen
1038 2928 166 39 Talente
1235 2928 256 51 ermuthigen
1522 2941 47 25 zu
1601 2931 163 36 müssen

304 2989 187 51 vorgebe.
522 2990 55 39 Er
607 2991 49 39 ist
684 3004 47 26 zu
762 2991 148 40 höflich
941 3004 129 39 gegen
1102 2991 110 40 seine
1242 2991 205 52 Collegen,
1482 3003 69 28 um
1582 2991 102 39 auch
1716 3004 48 26 zu

303 3063 145 41 sagen:
479 3053 69 39 das
578 3054 157 51 System
766 3056 71 37 der
868 3054 158 42 Coterie
1056 3055 83 38 und
1169 3053 256 52 Corruption.
1465 3055 100 38 Dass
1596 3067 43 26 er
1668 3055 98 39 aber

304 3114 102 40 auch
437 3128 127 39 gegen
596 3116 130 40 dieses
757 3117 124 42 eifert,
924 3118 95 50 geht
1059 3129 69 27 aus
1168 3117 139 39 seinen
1348 3117 218 39 Aufsätzen
1609 3118 155 39 überall

302 3177 161 48 hervor,
494 3179 80 38 und
606 3180 91 39 dass
727 3193 95 26 man
854 3180 82 39 ihm
967 3180 70 38 das
1054 3179 131 39 Recht
1213 3179 102 39 dazu
1345 3179 202 39 einräumt
1576 3181 82 38 und
1689 3193 77 27 nur

303 3239 88 42 hier
419 3242 84 38 und
534 3242 49 37 da
624 3243 72 38 mit
732 3244 95 38 übel
875 3243 243 38 verstelltem
1148 3241 159 52 Aerger
1350 3241 64 40 die
1453 3243 101 38 allzu
1594 3242 172 41 schroffe

304 3304 134 47 Form,
469 3304 41 40 in
541 3305 174 40 welcher
741 3319 44 26 er
814 3318 41 27 es
886 3305 100 46 thut,
1017 3305 133 47 tadelt,
1180 3305 51 40 ist
1260 3304 66 40 ein
1356 3305 252 39 ehrenvolles
1637 3306 130 53 Zeug,

301 3367 84 39 niss
415 3368 63 39 für
508 3368 110 40 seine
651 3368 187 40 Reinheit
868 3368 82 39 und
980 3368 64 39 die
1065 3368 177 39 Freiheit
1271 3368 131 39 seines
1428 3368 187 40 Urtheils.
1645 3370 122 40 Auch

1618 3414 2 10 •
1629 3414 12 8 v

302 3430 87 41 sein
419 3431 71 38 Stil
522 3431 179 40 zeichnet
740 3431 84 40 sich
865 3431 254 39 vortheilhaft
1160 3431 128 39 durch
1329 3430 90 40 eine
1460 3431 146 47 edlere,
1651 3434 116 40 mehr

303 3493 278 40 sentimentale
601 3494 130 40 Farbe
761 3505 70 28 vor
855 3494 71 38 der
946 3493 256 51 Coquetterie
1233 3493 72 40 der
1334 3493 185 52 witzigen
1550 3496 83 39 und
1663 3497 103 40 nach

304 3556 79 40 den
452 3556 256 40 Reizmitteln
778 3556 261 52 geistreicher
1106 3556 399 53 Schwatzhaftigkeit
1566 3559 200 52 jagenden

303 3620 329 40 Feuilletonisten
678 3632 82 27 aus.
819 3620 82 40 Der
945 3620 120 51 obige
1106 3620 166 39 Aufsatz
1310 3620 49 40 ist
1402 3634 72 27 aus
1521 3622 71 40 der
1633 3636 133 27 neuen

304 3683 239 52 Sammluug
569 3696 257 39 genommen,
859 3683 155 40 welche
1037 3684 133 39 Scudo
1200 3688 119 35 unter
1336 3685 92 39 dem
1460 3685 152 40 freilich
1644 3691 122 35 etwas

304 3759 47 27 zu
370 3747 76 39 viel
466 3746 346 52 versprechenden
827 3746 103 39 Titel
946 3748 56 35 La
1015 3748 173 48 Musique
1209 3750 186 36 ancienne
1425 3757 32 28 et
1485 3751 175 36 moderne
1688 3762 78 27 von

303 3810 141 39 seinen
477 3809 305 40 musicalischen
801 3808 198 40 Schriften
1030 3810 185 50 gemacht
1247 3811 81 38 und
1359 3811 40 39 in
1424 3812 114 40 Paris
1570 3812 62 40 bei
1665 3812 75 40 Gar-

303 3872 89 39 nier
422 3885 44 27 so
497 3874 104 39 eben
630 3872 331 51 herausgegeben
992 3871 79 40 hat.
1102 3873 82 38 Der
1214 3874 119 51 obige
1356 3874 156 41 Artikel
1544 3876 221 40 betrachtet

303 3935 111 40 nicht
443 3936 155 39 sowohl
628 3935 64 40 die
720 3934 134 41 Musik
884 3934 240 53 überhaupt,
1164 3937 55 38 als
1249 3937 197 42 vielmehr
1475 3951 77 28 nur
1581 3940 65 39 die
1676 3939 66 40 dra-

301 3998 207 49 matische,
552 4000 77 38 wie
668 3998 84 41 dies
791 3998 64 41 bei
886 3998 77 40 den
1003 3999 227 40 Franzosen
1274 4002 256 50 gewöhnlich
1570 4003 71 40 der
1679 4004 84 39 Fall

301 4061 61 46 ist,
392 4061 51 39 da
471 4062 67 40 bei
569 4062 124 40 ihnen
722 4062 66 41 die
819 4062 110 52 Oper
967 4062 65 40 die
1062 4063 154 52 einzige
1247 4064 303 55 Kunstgattung
1580 4067 59 47 ist,
1669 4068 71 39 wel-

301 4123 74 41 che
418 4136 78 28 von
536 4125 79 40 den
646 4126 289 53 Componisten
981 4126 173 41 cultivirt
1195 4127 84 41 und
1317 4141 92 29 vom
1439 4130 217 43 Publicum
1694 4132 46 40 be-

304 4187 130 41 achtet
465 4187 117 41 wird.

1864 1029 304 69 geistreichen
2202 1029 367 69 Verbindungen
2618 1030 257 50 bekannter
2905 1032 202 50 Formen
3152 1031 95 51 und
3276 1030 156 52 Gedan-

1863 1119 89 50 ken
1986 1116 70 51 die
2087 1117 130 50 Rede
2249 1116 95 51 sein
2380 1116 167 60 könne,
2580 1116 106 51 dass
2717 1116 72 51 die
2819 1116 290 51 Menschheit
3140 1117 113 50 oder
3284 1116 149 69 wenig-

1861 1213 127 43 stens
2021 1202 72 51 die
2126 1201 276 51 Civilisation
2438 1220 88 32 von
2559 1202 191 68 Europa
2783 1200 42 51 in
2857 1202 71 49 ein
2959 1219 143 32 neues
3135 1201 210 51 Stadium
3378 1219 54 51 ge-

1860 1296 168 50 treten,
2075 1289 43 49 in
2151 1289 80 49 das
2264 1287 133 50 Alter
2430 1287 82 51 der
2543 1286 129 50 Reife
2716 1286 94 50 und
2853 1286 83 50 der
2966 1286 257 60 Reflexion,
3269 1286 45 51 in
3347 1286 84 51 wel-

1860 1376 132 51 chem
2035 1375 72 50 die
2156 1373 342 69 schöpferische
2529 1373 136 50 Kraft
2714 1373 81 49 des
2838 1371 183 51 Geistes
3067 1389 89 33 nur
3200 1371 121 51 noch
3369 1370 91 52 den

1860 1460 196 52 zweiten
2086 1463 137 64 Rang
2254 1458 272 50 einnimmt?
2587 1459 130 49 Oder
2758 1458 60 49 ist
2862 1475 48 33 es
2943 1456 124 51 nicht
3097 1456 235 68 richtiger,
3375 1456 87 51 mit

1860 1547 222 50 Anderen
2127 1544 336 58 anzunehmen,
2517 1543 104 51 dass
2668 1543 82 49 der
2794 1541 194 51 Mensch
3032 1541 164 51 immer
3243 1541 216 51 derselbe

1860 1630 158 60 bleibt,
2061 1632 104 49 dass
2213 1629 97 51 sein
2345 1629 127 50 Herz
2514 1628 102 49 eine
2648 1627 345 50 fortwährende
3023 1627 96 49 und
3152 1627 278 68 unerschöpf-

1860 1717 116 49 liche
2011 1717 168 59 Quelle
2220 1732 88 32 von
2354 1712 253 68 göttlichen
2636 1710 344 68 Eingebungen
3007 1709 74 60 ist,
3128 1710 105 50 dass
3265 1712 71 49 die
3368 1710 61 51 Ge-

1863 1799 258 51 schlechter
2164 1798 147 51 altern
2345 1797 98 49 und
2485 1795 206 59 sterben,
2735 1794 71 51 die
2847 1794 292 50 Menschheit
3187 1793 112 51 aber
3342 1794 122 67 ewig

1863 1884 72 59 ist,
1967 1884 89 51 wie
2087 1884 72 50 die
2190 1881 144 53 Liebe
2364 1881 96 49 und
2490 1881 72 50 die
2593 1879 180 60 Poesie,
2823 1879 176 50 welche
3031 1878 84 50 mit
3147 1878 81 51 der
3253 1877 180 52 Lebens-

1863 1969 143 51 fackel
2039 1987 82 33 aus
2155 1968 126 51 einer
2310 1964 139 52 Hand
2481 1964 45 51 in
2556 1964 73 51 die
2660 1963 174 51 andere
2863 1963 261 51 wandern?

2000 2055 118 59 „Die
2147 2055 150 50 Natur
2343 2049 270 53 verwendet
2644 2068 57 32 zu
2734 2049 118 50 allen
2884 2048 161 51 Zeiten
3079 2047 204 51 dieselbe
3313 2047 150 60 Kraft,

1859 2140 80 50 das
1972 2141 204 67 Geistige
2220 2138 88 52 wie
2350 2137 80 50 das
2461 2135 307 69 Körperliche
2814 2152 56 32 zu
2903 2133 232 60 schaffen;
3175 2133 72 50 ihr
3279 2135 184 50 Wesen

1856 2225 59 50 ist
1945 2222 398 59 unveränderlich,
2383 2221 97 49 und
2521 2220 71 49 ihr
2626 2221 283 65 Vermögen,
2956 2218 128 50 Alles
3116 2236 57 32 zu
3205 2235 253 49 erzeugen,

1856 2311 121 50 kann
2010 2311 93 51 sich
2133 2310 126 51 nicht
2667 2306 64 50 So
2776 2303 284 69 behauptete
3100 2303 146 51 schon
3276 2303 61 50 im
3370 2303 66 51 sie-

1856 2395 292 51 benzehnten
2179 2391 319 55 Jahrhundert
2529 2390 83 51 der
2644 2389 369 69 philosophische
3044 2387 197 51 Dichter
3266 2387 193 51 Charles

1859 2481 213 51 Perrault
2103 2496 84 35 zur
2216 2479 101 49 Zeit
2345 2477 80 50 des
2460 2475 323 67 berüchtigten
2815 2472 211 60 Streites,
3073 2472 89 51 den
3195 2472 72 51 die
3298 2472 130 51 Preis-

1859 2566 126 54 frage
2016 2566 83 50 der
2132 2563 338 52 französischen
2493 2560 256 51 Akademie
2773 2559 229 51 zwischen
3034 2559 89 49 den
3154 2559 276 51 ausschiiess-

1859 2650 147 51 liehen
2038 2649 352 52 Bewunderern
2422 2646 80 51 des
2535 2644 293 52 Alterthums
2869 2643 96 50 und
3004 2643 89 50 den
3139 2643 118 50 eben
3290 2660 52 33 so
3374 2641 61 52 lei-

1860 2735 390 52 denschaftlichen
2279 2730 360 67 Vertheidigern
2670 2730 83 50 der
2767 2729 217 51 Neueren
3016 2728 260 50 entflammt
3309 2728 145 50 hatte.

1987 2822 54 49 In
2086 2820 82 51 der
2198 2819 122 50 That
2364 2818 58 49 ist
2461 2817 71 48 die
2562 2815 150 68 Frage
2761 2814 189 50 leichter
2994 2830 56 32 zu
3098 2813 164 51 stellen
3297 2813 64 51 als
3394 2832 60 32 zu

1860 2905 159 59 lösen;
2043 2905 121 50 denn
2197 2903 120 52 ohne
2349 2921 57 31 zu
2437 2902 217 66 läugnen,
2686 2899 105 51 dass
2822 2898 71 51 die
2924 2897 291 52 Menschheit
3247 2897 119 52 eben
3399 2916 54 33 so

1860 2989 121 69 ewig
2011 2989 82 60 sei,
2123 2989 88 51 wie
2242 2988 72 51 die
2330 2987 164 59 Natur,
2527 2985 93 51 und
2648 2984 94 51 sich
2761 3002 82 32 aus
2861 2983 121 49 ihrer
3004 2983 157 51 Asche
3194 2989 117 45 stets
3342 2983 87 51 wie-

1861 3074 82 51 der
1973 3092 215 51 erzeuge,
2220 3073 86 50 wie
2338 3072 82 51 der
2449 3069 310 51 wunderbare
2791 3068 149 67 Vogel
2982 3067 82 51 der
3093 3068 178 69 Mythe,
3318 3068 59 50 ist
3408 3086 51 33 es

1861 3159 120 51 doch
2027 3161 82 49 auf
2148 3159 83 51 der
2270 3157 201 52 anderen
2505 3156 125 50 Seite
2669 3154 118 51 eben
2820 3172 51 32 so
2903 3153 319 67 ausgemacht,
3267 3153 107 51 dass
3408 3171 50 34 es

1860 3245 261 67 Bildungen
2179 3242 94 52 und
2319 3243 204 48 Formen
2583 3239 81 51 des
2717 3237 341 52 menschlichen
3105 3237 181 51 Geistes
3342 3238 116 67 gibt,

1863 3330 176 50 welche
2081 3330 93 50 sich
2221 3327 272 69 erschöpfen
2538 3326 97 49 und
2676 3342 72 32 am
2780 3323 133 51 Ende
2954 3341 116 50 ganz
3114 3323 95 51 und
3241 3341 82 50 gar
3355 3341 78 33 ver-

1864 3413 281 52 schwinden.
2175 3412 86 51 Die
2293 3410 338 71 schöpferische
2656 3410 138 49 Kraft
2824 3410 81 49 des
2938 3407 182 51 Geistes
3152 3407 136 51 stirbt
3314 3408 145 60 nicht,

1863 3499 111 50 aber
2004 3499 63 50 sie
2099 3497 221 51 wechselt
2352 3497 87 50 den
2471 3496 127 49 Platz
2639 3495 96 49 und
2768 3499 195 62 erzeugt
3001 3493 82 50 auf
3106 3492 221 52 anderem
3361 3495 65 49 Bo-

1864 3584 89 50 den
1981 3601 119 32 neue
2129 3582 220 52 Früchte.
2391 3580 193 51 Anstalt
2626 3580 93 49 sich
2752 3579 44 50 in
2828 3580 82 49 der
2941 3577 180 50 Gestalt
3152 3577 128 52 eines
3311 3580 149 68 Epos,

1863 3669 114 50 oder
2007 3667 125 52 eines
2162 3665 366 71 Raphael'schen
2554 3665 264 60 Gemäldes,
2848 3664 113 52 oder
2992 3661 127 51 einer
3148 3664 314 52 Beethoven'-

1861 3754 141 51 schen
2034 3753 202 50 Sinfonie
2269 3772 57 30 zu
2358 3750 286 58 offenbaren,
2683 3750 116 52 wird
2830 3750 64 51 sie
2926 3749 71 49 die
3030 3749 128 50 Stirn
3190 3749 127 52 eines
3346 3751 86 51 Buf-

1861 3839 77 51 fon
1985 3838 113 50 oder
2126 3838 229 50 Herschel
2402 3836 312 59 umstrahlen;
2759 3835 122 52 denn
2924 3833 73 52 die
3029 3834 250 52 Phantasie
3326 3836 137 69 spielt

1861 3921 145 52 selbst
2035 3921 45 51 in
2112 3921 89 51 den
2234 3921 224 70 positiven
2489 3919 404 54 Wissenschaften
2924 3920 102 50 eine
3059 3923 220 64 grössere
3311 3921 154 61 Rolle,

1860 4007 66 53 als
1957 4026 109 33 man
2099 4007 176 68 glaubt.

1987 4092 88 52 Die
2099 4093 154 51 Musik
2287 4092 104 50 darf
2414 4090 94 51 sich
2533 4090 170 68 jedoch
2734 4090 119 52 über
2884 4093 82 52 das
2996 4093 301 52 neunzehnte
3327 4094 111 52 Jahr-

1861 4177 205 53 hundert
2096 4178 127 52 nicht
2250 4177 244 68 beklagen.
2524 4177 88 52 Die
2642 4177 319 54 verflossenen
2994 4180 172 68 (ünfzig
3189 4180 146 53 Jahre
3368 4180 100 53 sind

2677 4260 68 54 35
