3698 4485
1821 122 95 55 278

247 268 85 47 fest
359 263 83 51 auf
465 262 88 51 den
583 262 378 71 Wasserspiegel
995 266 240 68 gerichtet,
1275 266 81 49 auf
1387 264 102 51 dem
1533 263 71 51 ein
1636 263 187 61 kleines,

245 347 265 70 mystisches
532 347 162 51 Etwas
727 366 56 32 an
816 348 150 68 jedem
985 351 111 51 Ufer
1125 351 136 66 ruhig
1290 348 410 51 daherschwamm.
1733 350 99 49 Auf

246 431 161 52 einmal
438 432 179 50 rucken
646 433 144 51 Beide
821 435 207 68 zugleich
1060 435 88 49 den
1177 433 192 49 rechten
1399 433 116 49 Arm
1547 432 43 51 in
1623 433 71 51 die
1716 435 111 49 Luft

242 516 96 52 und
369 516 204 51 schauen
604 517 83 52 mit
717 520 294 51 funkelndem
1046 518 127 50 Blick
1202 517 44 50 in
1277 517 70 51 die
1370 517 164 60 Höhe;
1567 518 63 50 sie
1665 518 161 51 hatten

244 602 141 50 Jeder
416 602 134 51 einen
583 621 194 51 grossen
810 604 264 57 Gedanken,
1120 601 132 51 einen
1281 601 154 61 Fisch,
1481 602 142 51 wollt'
1655 604 69 50 ich
1755 621 46 33 sa-

244 704 104 51 gen,
379 687 257 69 gefangen!
680 689 139 49 Diese
849 686 265 69 Sympathie
1144 686 218 70 frappirte
1394 687 80 60 sie,
1507 687 62 50 sie
1602 689 224 50 schauten

244 771 219 52 einander
495 790 142 33 an—
970 770 89 51 rief
1081 772 219 58 Barnum,
1679 772 147 51 schrie

245 855 184 61 Jullien,
476 856 93 51 und
599 874 95 31 nun
724 855 174 50 konnte
936 854 125 52 nicht
1102 855 132 51 mehr
1266 855 149 52 davon
1448 855 72 51 die
1550 858 133 49 Rede
1713 858 113 58 sein,

245 959 99 33 wer
377 946 155 45 zuerst
562 940 87 51 den
670 939 214 52 Rubicon
913 940 350 52 überschreiten
1289 941 157 60 sollte;
1477 941 122 60 nein,

246 1025 186 50 stachen
475 1042 90 33 von
604 1023 154 68 jedem
792 1024 109 51 Ufer
946 1043 82 33 aus
1072 1025 113 52 zwei
1229 1043 189 34 enorme
1444 1026 383 51 Wasserstiefeln

242 1108 80 49 mit
366 1108 130 51 ihren
527 1109 301 69 Passagieren
872 1110 69 50 ins
978 1110 134 62 Nass,
1157 1110 95 51 und
1281 1109 168 52 Jullien
1492 1112 98 49 und
1620 1112 206 49 Barnum

241 1199 263 46 umarmten
551 1194 95 51 sich
689 1197 82 49 auf
806 1195 81 52 der
918 1197 136 58 Insel,
1100 1197 68 50 die
1211 1195 64 51 sie
1312 1195 143 52 selbst
1495 1195 219 61 bildeten,
1761 1197 65 49 als

241 1278 260 52 Duumviri
531 1280 271 66 reipublicae
830 1280 197 53 musicae
1054 1282 348 49 conslituendcie.

371 1363 75 50 Sie
491 1363 310 62 beschlossen,
846 1366 129 48 ihren
1020 1364 478 69 gemeinschaftlichen
1542 1366 182 67 Einzug
1782 1366 44 50 in

241 1448 272 50 New-York
545 1466 57 32 zu
631 1449 170 60 halten,
833 1449 472 69 Proscriptionslisten
1338 1468 57 32 zu
1427 1452 271 60 entwerfen,
1731 1451 69 50 die-

242 1531 157 50 selben
430 1531 111 50 aber
571 1532 104 51 dem
706 1533 234 51 humanen
971 1536 157 51 Geiste
1169 1536 82 51 der
1281 1536 101 49 Zeit
1411 1540 183 64 gemäss
1624 1536 45 51 in
1700 1536 92 51 Sub-

240 1614 380 70 scriptionslisten
651 1637 54 31 zu
739 1618 293 52 verwandeln
1081 1620 82 52 auf
1197 1620 71 50 ein
1300 1620 525 69 Concert-Ungeheuer,

239 1700 88 50 wie
359 1701 295 68 dergleichen
697 1705 122 49 noch
860 1705 72 49 nie
965 1706 55 49 da
1053 1722 229 52 gewesen.
1343 1705 153 52 Allein
1528 1706 69 49 die
1628 1705 169 52 Herbei-

242 1783 240 70 schaflung
513 1786 80 51 des
620 1788 326 53 verheissenen
978 1788 303 69 Ungeheuers
1322 1807 99 34 war
1460 1790 132 51 keine
1624 1791 177 67 Kleinig-

241 1868 107 53 keit.
396 1870 183 61 Jullien,
611 1871 147 51 durch
790 1874 327 68 anderweitige
1147 1875 392 66 Musikgeschäfte
1571 1875 256 67 gehindert,

241 1954 174 50 konnte
448 1964 95 42 erst
575 1975 72 32 am
683 1957 51 52 6.
764 1960 106 49 Juni
901 1960 82 49 mit
1012 1961 207 50 Barnum
1261 1959 324 61 abschliessen,
1629 1961 95 50 und
1754 1978 73 33 am

249 2037 90 51 15.
373 2039 133 50 sollte
536 2040 171 51 bereits
740 2042 81 50 der
853 2061 163 50 grosse
1048 2042 246 53 Wallfisch
1326 2060 82 33 aus
1437 2044 158 49 seinen
1623 2044 204 49 Nüstern

240 2122 71 50 die
343 2122 349 53 musicalischen
725 2126 236 54 Cascaden
993 2128 174 49 blasen.
1224 2128 116 49 Hier
1380 2129 121 49 hiess
1544 2145 48 32 es
1625 2129 96 49 also
1752 2128 74 50 bei

237 2206 83 49 der
348 2208 139 49 Hand
518 2210 109 48 sein.

362 2291 172 50 Treten
566 2293 83 49 wir
679 2293 45 49 in
753 2293 79 50 das
848 2295 187 51 Bureau
1063 2295 80 51 des
1167 2293 305 53 elektrischen
1489 2295 336 70 Telegraphen,

239 2390 76 33 wo
348 2375 71 51 die
449 2376 259 51 Duumvirn
739 2378 239 53 berathen.

367 2460 245 52 Jullien.
654 2463 80 49 Ich
763 2482 128 32 muss
922 2465 186 50 Massen
1140 2464 165 61 haben,
1338 2465 311 51 zweitausend
1684 2467 141 50 Mann

241 2543 287 68 wenigstens
560 2547 81 49 auf
667 2547 102 50 dem
802 2548 270 51 Orchester.

362 2629 274 54 Barnum.
659 2632 255 51 Schreiben
932 2633 84 51 wir
1032 2632 159 53 3000
1213 2634 95 51 und
1326 2633 198 52 nehmen
1542 2634 86 51 wir
1648 2636 173 50 1500.

1264 2698 12 11 \

364 2713 41 50 J.
440 2714 121 60 Gut;
594 2714 112 51 aber
738 2735 75 31 wo
844 2717 162 51 stellen
1037 2718 85 50 wir
1154 2718 64 50 sie
1248 2719 109 49 auf?

362 2798 52 50 B.
447 2798 207 69 Nirgend
687 2801 166 50 anders
886 2802 64 49 als
980 2802 61 49 im
1072 2802 400 68 Krystall-Palast.

364 2882 41 51 J.
439 2883 94 50 Das
551 2883 156 69 bringt
722 2884 149 53 nichts
896 2886 85 51 ein.
1013 2887 97 50 Das
1136 2888 158 49 Statut
1326 2886 242 51 desselben
1599 2887 224 52 verbietet

237 2982 102 42 uns,
369 2967 131 50 mehr
531 2970 63 49 als
626 2970 132 50 einen
788 2970 167 52 halben
987 2972 160 50 Dollar
1162 2972 324 67 Eintrittsgeld
1520 2991 53 31 zu
1606 2973 215 51 nehmen.

363 3051 51 49 B.
444 3052 96 50 Das
580 3053 59 50 ist
686 3055 312 50 vollkommen
1042 3074 157 49 genug
1241 3056 71 49 für
1359 3056 80 49 das
1487 3056 335 52 dilettantische

237 3133 301 64 Proletariat;
583 3138 85 50 wir
697 3140 178 51 richten
919 3140 112 49 aber
1065 3140 159 52 5000
1261 3141 254 51 numerirte
1547 3142 157 50 Plätze
1735 3142 86 60 ein,

237 3235 170 33 wovon
442 3220 105 51 kein
576 3224 264 50 Buchstabe
871 3227 58 47 im
964 3226 158 50 Statut
1153 3226 138 58 steht,
1323 3225 97 51 und
1449 3226 151 50 lassen
1630 3244 88 33 uns
1749 3227 74 50 für

232 3301 108 67 jede
385 3304 226 52 Nummer
663 3300 85 61 1V
749 3337 17 29 2
813 3309 161 50 Dollar
1030 3310 80 49 auf
1161 3310 80 52 das
1284 3310 324 68 Eintrittsgeld
1663 3311 167 51 darauf

235 3386 175 53 zahlen.

360 3472 42 51 J.
463 3474 296 70 (ergreift
819 3476 90 50 ein
966 3479 135 49 Glas
1158 3478 457 71 Champagner).
1679 3480 143 51 Edler

235 3556 156 60 Mann,
438 3558 89 50 lass
573 3577 90 33 uns
710 3560 330 50 Brüderschaft
1083 3563 206 50 trinken!
1359 3564 113 68 (Sie
1515 3582 307 33 umarmen

236 3639 156 68 sich.)
437 3643 129 50 Aber
594 3644 133 51 wirst
759 3644 61 51 du
852 3644 82 51 mit
966 3644 83 49 der
1078 3645 300 52 Architektur
1409 3648 82 51 des
1524 3648 296 61 Orchesters,

235 3724 84 48 mit
349 3724 81 51 der
458 3728 305 68 Einrichtung
794 3729 266 67 überhaupt
1091 3729 166 67 fertig?

359 3809 55 50 B.
447 3812 77 49 Du
553 3813 214 49 zweifelst
782 3814 22 50 ?
848 3813 179 52 Binnen
1073 3813 112 49 zwei
1218 3815 157 65 Tagen
1408 3815 196 51 säubere
1633 3817 71 49 ich
1735 3817 83 50 mit

240 3892 114 50 500
376 3894 250 52 Arbeitern
658 3898 86 49 den
763 3898 279 52 Fussboden
1073 3916 89 33 von
1194 3898 115 49 allen
1343 3898 347 53 Unebenheiten
1721 3903 95 51 und

236 3974 119 51 baue
387 3977 69 49 dir
486 3979 131 51 einen
649 3980 341 61 Chimborasso,
1026 3983 91 50 den
1148 3982 65 51 du
1242 3980 68 53 bis
1343 4000 56 31 an
1432 3982 69 51 die
1534 3984 284 52 Schneelinie

236 4059 81 50 mit
346 4062 289 53 Musicanten
665 4063 249 53 bevölkern
943 4066 182 52 kannst.

362 4147 39 51 J.
435 4148 318 52 Vortrefflich!
805 4151 450 50 Instrumentalisten
1298 4157 193 62 getraue
1531 4151 71 50 ich
1644 4151 87 52 mir
1761 4171 55 34 an

1928 266 116 54 300
2081 289 264 33 zusammen
2377 289 56 31 zu
2464 270 210 68 bringen,
2720 270 112 53 aber
2861 273 194 70 Sänger,
3101 275 296 68 Chorsänger

1926 352 70 51 die
2027 355 419 68 hiesigen'reichen
2476 356 126 49 nicht
2632 372 97 35 aus.

2050 440 245 68 B.'(tritt
2340 459 66 33 zu
2448 441 121 49 dem
2601 440 424 70 Expedieilten
3073 445 100 51 des
3218 446 248 67 Telegra-

1925 522 165 68 phen.
2136 526 180 51 ZuJu
2335 526 37 48 11
2386 526 12 50 i
2413 544 23 32 e
2448 526 73 69 n:)
2566 526 163 50 Mache
2762 525 61 51 du
2855 525 213 53 indessen
3101 530 79 49 das
3213 532 291 66 Programm.

1925 606 93 67 (Er
2048 607 247 71 dictirt.)
2325 611 127 51 Nach
2475 612 179 50 Boston
2683 610 96 51 und
2798 610 336 71 Philadelphia:
3176 615 201 58 „Jullien
3407 633 75 33 ver-

1924 691 127 69 langt
2081 694 351 67 Sing-Vereine,
2475 715 80 32 um
2585 695 221 52 Händers
2836 698 191 49 Messias
3076 715 71 33 am
3201 699 87 52 15.
3323 700 44 51 d.
3397 703 110 49 Mts.

1921 774 123 51 beim
2074 778 346 52 musicalischen
2447 780 234 69 Congress
2712 799 55 32 zu
2800 780 174 70 singen.
3005 783 219 59 Barnum,

2050 863 41 48 J.
2122 863 104 49 Den
2258 864 227 51 Messias?

2048 945 54 52 B.
2135 946 287 68 Allerdings;
2469 948 101 50 der
2610 967 128 33 muss
2782 953 98 49 aufs
2921 953 291 67 Programm,
3267 953 120 51 dann
3435 954 71 51 ein

1924 1030 145 51 Stück
2099 1032 144 49 Lärm
2286 1049 89 33 von
2415 1034 267 50 Beethoven
2729 1035 95 50 und
2870 1037 131 50 deine
3033 1038 443 61 Feuermanns-Qua-

1924 1114 142 60 drille,
2112 1133 89 33 von
2245 1114 83 52 der
2373 1115 59 51 du
2479 1117 86 49 mir
2610 1117 179 50 erzählt
2930 1120 80 50 das
3059 1120 203 70 Uebrige
3316 1123 57 49 ist
3422 1123 85 49 mir

1924 1199 310 70 gleichgültig.

2051 1287 120 48 Der
2201 1286 344 68 Expedient
2575 1287 101 52 des
2707 1286 455 68 Telegraphen:
3203 1291 115 49 Hier
3349 1292 56 49 ist
3436 1292 71 51 die

1928 1369 222 52 Antwort
2173 1390 87 30 von
2282 1372 202 51 Boston.
2527 1373 144 59 „Wie
2700 1371 84 52 viel
2804 1372 182 67 Sänger
3016 1372 168 51 wollen
3215 1374 77 50 Sie
3321 1376 186 50 haben?

1923 1454 110 51 Wir
2071 1453 188 52 können
2290 1454 144 52 Ihnen
2472 1456 157 52 1000
2678 1457 69 49 bis
2785 1454 157 52 1200
2979 1456 145 49 Stück

2020 1540 309 68 Philadelphia
2361 1541 200 51 schreibt
2593 1542 60 69 (d.
2677 1542 43 51 h.
2754 1541 70 51 die
2843 1541 150 59 Stadt,
3024 1541 124 51 nicht
3173 1542 83 51 der
3273 1543 203 51 Taschen-

1923 1623 213 69 spieler):
2179 1625 109 59 „Sie
2319 1625 186 50 können
2540 1626 117 51 500
2693 1625 247 50 Choristen

2050 1710 143 58 Kurz,
2226 1726 72 34 am
2337 1710 88 50 15.
2457 1711 107 49 Juni
2596 1729 97 31 war
2724 1710 128 50 Alles
2881 1710 134 67 fertig
3057 1710 95 50 und
3182 1711 44 49 in
3259 1712 247 69 Ordnung,

1921 1814 78 32 um
2030 1794 94 52 vier
2154 1795 99 49 Uhr
2283 1796 196 51 wurden
2512 1796 72 51 die
2615 1796 189 51 Thüren
2834 1795 80 51 des
2946 1796 433 52 Krvstall-Palastes
3426 1816 52 50 ge-

1923 1880 157 60 öffnet,
2112 1898 79 31 um
2225 1879 155 52 sieben
2411 1881 98 50 Uhr
2538 1881 183 69 begann
2753 1880 80 51 das
2866 1880 216 61 Concert,
3113 1881 273 67 ausgeführt
3416 1901 89 33 von

1923 1974 120 39 etwa
2081 1962 155 51 1500
2272 1965 211 61 Sängern
2523 1965 97 51 und
2649 1965 465 58 Instrumentalisten,
3156 1965 191 52 letztere
3383 1966 117 52 250

2135 2028 6 16 '
2156 2034 5 5 '

1921 2065 57 33 an
2011 2048 126 59 Zahl,
2169 2048 95 50 und
2295 2049 195 52 besucht
2519 2068 89 33 von
2639 2050 132 50 mehr
2800 2049 65 51 als
2899 2048 217 59 20,000
3151 2050 268 52 Menschen.

2046 2133 96 49 Das
2173 2134 275 66 Programm
2480 2135 221 66 kündigte
2734 2134 70 49 die
2834 2133 301 67 Mitwirkung
3177 2153 89 32 von
3300 2135 73 51 29
3411 2136 61 50 Or-

1921 2215 214 50 chestern
2164 2215 95 51 und
2293 2218 439 67 Gesang-Vereinen
2765 2234 72 41 an,
2884 2216 222 51 darunter
3138 2219 84 49 fast
3255 2219 85 49 alle
3369 2222 99 49 Män-

1919 2302 484 66 nergesang-Vereine
2434 2304 83 50 der
2545 2302 270 50 Deutschen
2846 2302 43 49 in
2919 2302 288 60 New-York,
3236 2304 266 60 Baltimore,

1920 2384 325 69 Philadelphia,
2290 2387 151 50 ferner
2471 2407 89 32 von
2597 2387 70 50 16
2701 2385 418 52 Kirchen-Chören
3148 2406 45 31 u.
3227 2406 34 33 s.
3293 2407 75 42 w.,
3407 2389 97 51 und

1919 2469 246 69 versprach
2207 2487 83 34 aus
2320 2470 118 52 allen
2481 2470 383 52 Meisterwerken
2893 2488 89 33 von
3013 2470 182 51 Händel
3229 2472 66 50 bis
3327 2474 81 50 auf
3431 2473 74 51 die

1919 2554 186 50 Herren
2136 2554 203 52 Bristow
2368 2557 96 51 und
2493 2558 94 67 Fry
2617 2557 89 67 (die
2723 2556 384 50 americanischen
3125 2558 348 51 National-Com-

1920 2638 229 69 ponisten)
2179 2641 94 49 und
2306 2642 89 49 den
2418 2643 157 48 Herrn
2599 2641 167 50 Jullien
2794 2641 143 50 herab
2968 2639 101 52 eine
3099 2642 254 67 glänzende
3377 2643 93 50 Aus-

1920 2722 135 51 wahl.
2085 2724 108 50 Von
2225 2726 192 49 alledem
2448 2726 163 50 wurde
2641 2724 205 51 wirklich
2875 2724 287 69 aufgeführt:

2047 2808 32 51 I.
2114 2808 144 51 Theil.
2284 2810 89 50 Ein
2405 2811 263 49 Stückchen
2697 2810 207 59 Messias,
2935 2810 71 49 die
3039 2811 283 61 Ouvertüre,
3353 2812 148 69 einige

1920 2888 141 54 Arien
2108 2910 83 32 aus
2222 2892 103 51 dem
2357 2902 155 42 ersten
2542 2893 172 59 Theile,
2761 2893 78 50 das
2870 2893 277 69 Hallelujah,
3204 2895 109 58 „Ich
3347 2896 153 58 weiss,

1919 2975 104 52 dass
2053 2977 121 50 mein
2204 2978 191 51 Erlöser
2592 2980 95 49 und
2729 2978 239 68 „Würdig
2997 2980 57 49 ist
3086 2980 79 49 das

2043 3062 59 50 11.
2133 3062 144 52 Theil.
2309 3065 221 49 Rossini's
2561 3064 407 49 Tell-Ouverture.
2999 3064 304 50 Flöten-Solo
3323 3065 63 68 (!),
3411 3083 89 33 von

1917 3145 183 49 Drouet
2124 3146 233 66 geblasen.
2415 3149 322 66 Wagner's
2768 3147 400 50 Tannhäuser
3185 3149 316 59 -Ouvertüre,

1917 3246 88 32 von
2048 3229 82 50 der
2171 3230 256 52 deutschen
2456 3231 484 51 Musik-Gesellschaft
2980 3231 45 51 in
3062 3232 270 51 New-York
3364 3240 137 43 unter

1916 3314 235 51 Direction
2184 3315 79 52 des
2281 3318 157 49 Herrn
2455 3318 265 67 Bergmann
2751 3316 276 68 aufgeführt.
3059 3318 305 59 Violin-Solo,
3396 3337 104 33 vom

1917 3396 180 52 kleinen
2128 3400 112 50 Paul
2271 3401 170 51 Jullien
2472 3400 209 70 gespielt.
2742 3399 217 52 Andante
3005 3401 125 50 einer
3168 3401 202 51 Sinfonie
3414 3419 86 32 von

1916 3483 216 50 Bristow.
2175 3485 118 57 „Die
2323 3486 202 50 Himmel
2845 3504 88 32 von
2965 3486 179 69 Haydn.
3184 3485 311 51 Blechmusik.

1915 3566 108 51 Duo
2071 3566 73 50 für
2189 3569 113 50 zwei
2351 3570 265 50 Pianoforte
2654 3587 89 33 von
2772 3570 159 50 Herrn
2974 3570 97 50 und
3114 3570 123 51 Mad.
3270 3569 227 51 Wallace.

1921 3652 92 50 The
2036 3653 254 49 Fircmaris
2326 3655 257 60 Quadrille,
2615 3671 92 33 neu
2739 3654 260 69 componirt
3029 3673 87 32 von
3148 3653 182 51 Jullien.

2042 3737 79 49 111.
2155 3737 142 50 Theil.
2328 3739 307 51 Beethoven's
2659 3740 189 51 C-moll-
2855 3739 202 51 Sinfonie
3087 3739 131 66 (N.B.
3250 3738 81 49 der
3361 3738 139 51 letzte

1915 3819 503 69 Satz!).Harfen-Solo.
2442 3823 317 51 Dramatische
2779 3823 228 51 Sinfonie:
3050 3823 127 57 „Das
3208 3820 291 68 gebrochene

2128 3923 89 32 von
2241 3907 104 68 Fry.
2380 3906 151 52 Gebet
2561 3926 83 32 aus
2673 3909 156 50 Moses
2861 3926 89 32 von
2979 3907 197 51 Rossini.
3210 3907 98 49 Der
3336 3907 128 52 Hoch-

1915 3987 297 51 zeitsmarsch
2243 4007 88 34 von
2363 3992 343 52 Mendelssohn.

2043 4073 98 48 Der
2170 4073 200 52 Anblick
2401 4076 80 51 des
2512 4076 82 49 mit
2612 4077 196 48 Statuen
2833 4073 95 51 und
2947 4074 216 51 Kränzen
3195 4076 271 68 geschmück-

1916 4162 80 45 ten
2028 4157 295 65 Orchesters,
2368 4160 168 50 dessen
2568 4157 322 70 Hintergrund
2936 4158 72 51 ein
3050 4177 186 50 grosses
3276 4160 220 52 Gemälde
