3502 4450
1665 176 110 51 229

108 331 168 51 Bühne
306 345 262 52 gewonnen
598 325 135 59 wird,
779 323 101 51 sind
920 322 246 51 sicherlich
1203 323 117 50 zehn
1364 322 69 51 bis
1476 325 203 67 zwanzig

108 429 56 30 zu
193 410 223 58 rechnen,
447 407 74 50 die
553 406 157 50 besser
739 401 313 52 Seifensieder
1082 401 115 51 oder
1226 402 327 59 Drahtzieher,
1584 405 63 48 Nä-

109 491 229 50 herinnen
386 489 115 49 oder
544 482 517 55 Wirtschafterinnen
1105 482 249 66 geblieben
1395 487 176 56 wären,
1616 485 64 49 als

111 570 86 49 auf
219 569 81 50 das
330 569 207 48 Theater
565 584 55 30 zu
652 561 198 70 gehen!]

1424 563 53 50 L.
1508 563 53 50 B.

186 834 354 75 Gleichzeitige
569 833 228 60 Berichte
836 833 125 58 über
1001 833 75 60 die
1119 839 182 54 erste
1340 832 271 61 Jubelfeier

360 926 52 58 G.
451 926 46 57 F.
538 923 306 60 Händel’s
883 941 62 41 zu
982 923 200 61 London
1220 923 131 60 1784

235 1065 220 58 London,
486 1062 89 50 den
612 1062 84 50 11.
726 1063 110 68 May
871 1063 161 50 1784.
1064 1065 179 49 Unsere
1274 1063 409 50 einsichtsvollsten

114 1143 398 52 Concertmeister
541 1141 288 67 behaupten,
860 1142 71 50 die
961 1142 376 67 Aufführungen
1365 1141 193 51 werden
1589 1159 63 31 we-

114 1242 94 50 gen
244 1223 84 50 der
354 1223 173 64 Menge
569 1221 181 49 schwer
791 1240 55 32 zu
888 1221 304 67 regierender
1220 1221 256 67 Mitspieler
1516 1221 168 49 immer

113 1311 146 42 etwas
291 1300 324 50 Fehlerhaftes
656 1301 96 49 und
782 1302 443 50 Unvollkommenes
1257 1301 174 57 haben,
1474 1300 209 50 obschon

117 1399 110 33 man
250 1382 102 50 eine
376 1381 180 51 Guinee
582 1381 80 48 für
683 1381 80 49 das
786 1382 136 48 Bidet
950 1381 161 49 zahlen
1143 1397 140 33 muss.
1305 1381 197 49 —Was
1533 1381 45 48 in
1601 1380 83 50 der

117 1458 514 68 Westminster-Abtey
662 1460 95 49 und
786 1461 60 48 im
872 1461 245 48 Pantheon
1145 1477 56 31 zu
1230 1460 176 49 diesem
1435 1461 138 48 Feste
1603 1477 54 49 ge-

118 1541 116 51 baut
263 1541 72 58 ist,
380 1540 151 49 kostet
573 1540 116 49 über
726 1540 145 50 1600
904 1541 67 48 Pf.
1003 1541 65 48 St.
1258 1540 134 66 jeder
1434 1540 124 49 Seite
1603 1540 82 49 der

119 1621 149 67 Orgel
291 1620 122 49 steht
434 1620 73 48 ein
528 1620 125 48 Paar
668 1620 212 58 Pauken,
912 1618 80 50 das
1023 1618 102 49 eine
1156 1636 115 48 ganz
1300 1636 89 32 neu
1413 1636 89 32 von
1526 1620 159 48 Herrn

121 1701 57 49 A.
211 1700 84 50 auf
317 1700 127 49 seine
474 1700 180 48 Kosten
679 1717 56 31 zu
764 1698 152 50 dieser
937 1698 259 50 Jubelfeier
1218 1698 241 66 gemacht;
1491 1697 81 51 das
1603 1715 54 33 an-

122 1778 112 50 dere
263 1778 57 50 ist
349 1777 89 50 den
470 1778 266 50 Franzosen
767 1777 75 50 bei
869 1777 290 67 Malplaquet
1200 1776 149 51 durch
1379 1776 89 51 den
1496 1778 190 65 Herzog

118 1875 90 33 von
237 1856 346 66 Marlborough
613 1857 347 66 abgenommen
990 1856 96 49 und
1115 1872 82 33 aus
1227 1856 103 49 dem
1364 1858 171 47 Tower
1563 1856 120 49 nach

119 1937 84 50 der
231 1937 175 50 Kirche
435 1937 241 66 gebracht.
707 1938 99 49 Der
829 1937 127 50 Chor
985 1936 185 49 besteht
1199 1954 81 31 aus
1303 1935 91 50 den
1418 1936 236 49 Chorschü-

121 2017 99 48 lern
250 2016 83 49 der
361 2015 170 49 beiden
561 2013 320 52 Kathedralen
923 2015 95 49 und
1060 2013 84 50 der
1173 2015 295 66 königlichen
1497 2015 186 49 Schule.

121 2097 88 48 Die
240 2095 287 58 Liebhaber,
557 2096 178 48 welche
764 2096 83 48 mit
875 2095 190 67 spielen,
1109 2095 213 49 erhalten
1350 2095 218 58 silberne,
1613 2093 72 51 die

119 2175 158 49 Leiter
307 2173 95 50 und
432 2175 190 49 Ordner
653 2173 196 68 goldene
879 2173 264 50 Medaillen.

239 2256 108 47 Den
377 2255 88 49 29.
495 2255 109 66 May
635 2253 161 51 1784.
828 2255 112 48 Man
968 2253 208 58 rechnet,
1206 2251 105 51 dass
1340 2260 269 58 vorgestern
1641 2252 45 48 in

121 2332 82 51 der
220 2332 522 67 Westminster-Abtey
758 2333 279 66 wenigstens
1062 2331 152 51 4500
1239 2333 239 47 Personen
1509 2347 147 51 gegen-

122 2412 167 66 wärtig
329 2429 174 33 waren.
560 2413 126 47 Zwei
716 2412 169 48 Drittel
913 2411 245 49 derselben
1189 2427 160 32 waren
1377 2412 200 47 Damen.

121 2493 101 49 Der
244 2492 157 66 König
430 2492 127 50 hatte
587 2492 73 48 ein
691 2491 272 58 hellblaues,
993 2491 83 48 mit
1097 2490 154 49 Silber
1280 2490 244 66 gesticktes
1548 2488 138 51 Kleid

123 2587 58 33 an
211 2570 97 49 und
336 2570 102 49 eine
468 2570 262 66 blassgelbe
758 2571 187 57 Weste,
989 2568 73 50 die
1090 2568 240 66 Königinn
1357 2568 74 50 ein
1459 2567 200 67 blassgel-

122 2650 82 49 bes
232 2650 209 49 seidenes
470 2650 151 49 Kleid.
762 2651 94 47 Für
898 2648 89 50 den
1037 2647 169 50 dritten
1250 2650 102 62 Tag
1402 2645 194 68 (wieder
1637 2647 46 48 in

122 2731 70 49 W
195 2728 279 69 estminster)
504 2728 197 50 wurden
730 2730 205 48 einzelne
957 2730 158 48 Billets
1145 2727 83 50 mit
1258 2728 33 47 4
1317 2727 68 50 bis
1412 2727 29 50 5
1469 2727 214 50 Guineen

124 2808 197 50 bezahlt.
364 2810 101 47 Der
493 2808 172 66 König,
697 2807 72 50 die
799 2807 238 66 Königinn
1068 2806 99 49 und
1196 2806 73 49 die
1297 2806 266 66 königliche
1591 2807 62 47 Fa-

123 2890 123 48 milie
289 2905 162 33 waren
493 2888 257 50 wiederum
795 2888 81 49 mit
918 2887 89 50 den
1043 2886 346 49 Vornehmsten
1431 2885 79 49 des
1540 2885 146 49 Hofes

123 2967 97 50 und
249 2967 90 50 den
371 2968 202 49 Grossen
603 2967 79 48 des
711 2966 198 49 Reiches
952 2965 338 68 gegenwärtig,
1337 2963 98 51 und
1463 2963 222 50 HändePs

123 3047 348 48 Meisterstück:
502 3048 99 47 Der
621 3046 208 60 Messias,
861 3046 131 49 ward
1022 3064 50 31 so
1101 3045 309 59 vortrefflich,
1440 3062 50 32 so
1520 3061 138 32 unver-

124 3126 242 65 gleichlich
396 3126 293 66 aufgeführt,
733 3126 104 48 dass
875 3125 81 49 der
985 3125 168 57 Effect,
1194 3125 209 49 welchen
1434 3122 254 51 besonders

123 3205 75 48 die
228 3205 157 49 Chöre
415 3205 233 57 machten,
681 3221 115 48 ganz
825 3203 405 50 unbeschreiblich
1262 3203 69 50 ist.
1375 3205 89 47 Die
1493 3202 169 50 zahlrei-

123 3283 118 50 chen
272 3283 180 65 Spieler
493 3282 92 48 und
616 3283 181 65 Sänger
839 3299 160 31 waren
1043 3282 87 48 fast
1171 3282 87 48 alle
1288 3282 189 48 Meister
1518 3282 47 47 in
1606 3280 82 49 der

124 3363 168 56 Kunst,
324 3361 94 49 und
447 3380 96 30 nun
573 3361 149 49 denke
753 3377 109 33 man
891 3361 96 49 sich
1012 3361 72 48 die
1110 3361 258 65 Wirkung,
1398 3361 178 48 welche
1606 3360 82 49 das

126 3441 152 49 Chor:
310 3441 251 65 Ilalleluja,
592 3440 84 48 der
700 3441 124 47 Herr
852 3438 118 50 wird
993 3438 159 66 König
1180 3438 123 50 sein!
1335 3438 351 50 hevorbrachte.

124 3521 82 49 Als
249 3520 198 66 selbiges
491 3520 294 64 angefangen
828 3517 148 58 ward,
1021 3517 133 50 stand
1185 3517 84 48 der
1297 3517 158 67 König
1488 3516 98 49 und
1617 3516 71 49 die

124 3616 144 50 ganze
297 3598 366 66 Versammlung
692 3597 90 50 auf.
838 3597 92 48 Die
960 3596 202 51 Worte:
1213 3597 128 48 Herr
1370 3596 84 51 der
1482 3597 204 57 Herren,

124 3680 84 48 der
239 3680 163 48 Götter
432 3678 133 50 Gott!
595 3695 87 32 von
706 3676 211 67 beynahe
942 3675 112 50 300
1072 3677 213 65 Sängern
1313 3676 95 48 und
1435 3676 223 66 Sängerin-

124 3775 92 33 nen
254 3774 256 52 gesungen,
561 3756 95 48 und
701 3756 89 49 fast
833 3753 121 50 eben
996 3771 48 32 so
1087 3755 85 48 viel
1217 3755 466 57 Instrumentalisten,

126 3837 224 51 darunter
399 3838 66 49 14
498 3838 302 64 Trompeten,
842 3835 61 48 im
947 3833 207 50 Unisono
1197 3833 238 68 begleitet,
1488 3833 84 49 riss
1615 3832 73 50 die

126 3932 144 49 ganze
286 3916 362 65 Versammlung
676 3934 55 29 zu
754 3915 151 48 einem
930 3930 49 33 so
1003 3912 267 50 sichtbaren
1293 3912 270 51 Entzücken
1592 3912 96 58 hin,

187 4042 41 50 *)
258 4045 129 49 Vergl.
416 4042 361 40 Niederrheinische
794 4040 332 47 Musik-Zeitung,
1156 4039 68 38 IV.
1252 4038 158 48 Jahrg.,
1440 4040 65 35 Nr.
1534 4039 62 46 35,
1629 4050 61 25 wo

255 4106 61 36 die
344 4108 224 47 gegebenen
583 4102 288 49 Musikstücke,
904 4102 60 36 die
987 4102 219 46 Besetzung
1229 4100 66 37 des
1322 4100 174 48 Gesang-
1521 4100 79 37 und
1620 4100 68 37 des

258 4167 434 38 Orchester-Personals
720 4177 39 27 u.
778 4177 28 27 s.
828 4177 44 25 w.
894 4163 103 37 nach
1025 4165 192 45 Burney
1246 4162 225 48 angegeben
1488 4161 99 39 sind.
1615 4162 75 37 Die

256 4228 141 49 obigen
424 4231 147 37 Stellen
601 4229 87 39 sind
717 4240 72 26 aus
816 4227 187 39 londoner
1030 4227 178 38 Blättern
1237 4238 76 26 von
1345 4227 110 37 1784.

1755 324 105 50 Dass
1888 322 144 51 Jeder
2062 320 87 51 fast
2177 319 81 51 das
2286 323 311 50 Bewusstsein
2626 323 155 51 seiner
2819 319 144 51 selbst
3005 337 56 32 zu
3102 319 225 51 verlieren

1755 403 171 50 schien.
1979 400 106 51 Und
2116 418 96 31 nun
2244 399 165 51 flössen
2438 402 187 67 häufige
2655 402 220 49 Thränen
2915 416 83 34 aus
3029 398 91 49 den
3149 398 174 67 Augen

1756 483 85 50 der
1863 487 203 46 äusserst
2088 479 258 69 gerührten
2362 480 229 60 Zuhörer,
2622 483 65 48 als
2710 479 189 52 Madam
2925 480 137 50 Mara
3091 478 74 51 die
3188 478 139 49 Aria:

1756 563 80 48 Ich
1865 562 152 58 weiss,
2059 559 105 51 dass
2207 558 126 51 mein
2361 560 192 49 Erlöser
2581 560 120 50 lebt!
2752 560 85 50 auf
2879 559 102 50 eine
3031 558 295 49 himmlische

1758 646 104 55 Art,
1886 660 115 49 ganz
2026 640 82 50 mit
2131 639 84 51 der
2238 639 116 50 dazu
2380 639 273 66 gehörigen,
2681 638 405 51 unbeschreiblich
3116 639 210 48 schönen

1759 722 273 66 Simplicität
2051 737 131 50 sang.
2211 719 110 48 Ihre
2337 718 275 67 Majestäten
2636 718 94 48 und
2753 717 71 49 die
2846 718 196 48 Prinzen
3072 717 94 49 und
3190 718 108 48 Prin-

1758 802 237 48 zessinnen
2024 817 163 32 waren
2216 797 427 52 ausserordentlich
2667 797 207 67 gerührt.
2906 799 99 46 Der
3026 814 159 50 grosse
3209 799 87 47 Sän-

1760 897 83 50 ger
1872 881 150 48 Tasca
2051 896 115 49 sang
2197 878 72 49 die
2299 878 137 49 Arie:
2480 878 78 48 Sie
2588 877 180 56 schallt,
2800 875 73 49 die
2901 877 208 48 Posaun!
3149 875 178 50 welche

1760 959 230 66 Serjeant,
2033 958 226 50 vielleicht
2287 958 84 50 der
2400 964 122 44 erste
2554 958 282 65 Trompeter
2865 955 46 47 in
2940 954 82 48 der
3052 954 151 60 Welt,
3243 955 86 50 mit

1759 1038 84 50 der
1859 1041 253 63 Trompete
2135 1037 260 67 begleitete.
2427 1039 98 47 Das
2550 1037 152 49 Chor:
2737 1033 209 67 Würdig
2975 1034 56 48 ist
3059 1033 82 49 das
3161 1034 169 48 Lamm

1759 1136 43 32 u.
1832 1136 35 32 s.
1900 1136 75 40 w.,
2004 1117 84 49 der
2109 1117 251 49 Ausdruck
2390 1117 84 49 der
2502 1117 181 49 tiefsten
2708 1114 278 66 Anbetung,
3017 1113 187 67 endigte
3227 1113 74 49 die-

1758 1213 71 33 ses
1859 1197 277 49 Oratorium
2166 1197 83 48 mit
2278 1195 84 50 der
2391 1195 267 50 bekannten
2690 1211 194 51 grossen
2916 1194 134 65 Fuge

1759 1277 178 49 welche
1953 1277 187 48 letztere
2158 1277 82 48 mit
2262 1275 82 50 der
2363 1279 211 64 grössten
2593 1274 316 66 Genauigkeit
2932 1272 231 50 executirt
3184 1270 147 51 ward.

1876 1357 285 48 Interessant
2203 1355 56 49 ist
2301 1354 74 50 die
2414 1357 483 63 Zusammensetzung
2940 1352 81 49 des
3064 1350 268 68 damaligen

1759 1435 303 50 Orchesters:
2108 1434 107 51 100
2248 1434 231 59 Violinen,
2527 1433 69 51 32
2631 1433 273 60 Bratschen,
2951 1432 73 49 26
3058 1430 189 60 Oboen,
3297 1429 28 50 7

1772 1516 473 55 „Flöten-Virtuosen
2267 1531 162 33 ausser
2457 1513 90 49 den
2577 1513 198 67 übrigen
2798 1512 285 58 Flötisten'",
3110 1509 72 51 30
3214 1509 87 51 Vio-

1759 1594 204 57 loncells,
2003 1593 71 50 26
2106 1594 218 57 Bassons,
2375 1592 66 51 18
2476 1592 327 59 Contrabässe,
2852 1593 68 48 14
2953 1593 372 63 Trompeten,

1765 1673 67 50 12
1867 1674 246 59 Hörner,
2146 1672 31 51 3
2210 1674 325 57 Posaunen,
2567 1673 33 48 4
2631 1672 209 49 Pauken.

1879 1778 159 52 Ucber
2073 1778 73 50 die
2179 1778 299 50 Einnahmen
2502 1777 118 50 wird
2643 1776 265 67 Folgendes
2942 1775 253 49 berichtet:
3227 1777 98 48 Das

1759 1858 321 50 musicalische
2106 1858 241 50 Jubiläum
2389 1876 105 31 zum
2526 1856 263 51 Andenken
2819 1855 223 49 Händers
3083 1855 56 49 ist
3180 1872 115 49 geen-

1759 1936 110 68 digt.
1899 1938 64 49 Es
1994 1937 80 50 hat
2102 1937 117 50 nach
2250 1936 84 49 der
2363 1943 286 60 genauesten
2677 1936 264 65 Rechnung
2970 1932 329 69 eingebracht:

1759 2048 75 31 am
1863 2036 154 43 ersten
2041 2031 131 65 Tage
2194 2030 46 48 in
2263 2029 84 49 der
2363 2027 516 68 Westminster-Abtey
2925 2026 151 51 2825
3096 2026 229 51 Guineen.

1760 2125 76 32 am
1867 2107 178 51 andern
2089 2111 9 43 S
2119 2125 86 48 age
2234 2109 63 48 im
2327 2107 247 51 Pantheon
2925 2106 146 50 1619
3180 2144 18 19 „

1761 2205 75 32 am
1860 2187 172 49 dritten
2048 2189 130 64 Tage
2200 2187 45 49 in
2262 2186 84 50 der
2360 2184 518 67 Westminster-Abtey
2922 2184 151 50 3049
3182 2223 17 19 „

1760 2284 76 32 am
1865 2266 177 50 vierten
2071 2267 132 65 Tage
2233 2266 45 50 in
2309 2265 82 49 der
2419 2265 156 68 Abtey
2644 2303 123 20 ..,
2812 2303 10 10 .
2866 2303 10 10 .
2927 2262 145 50 1547
3182 2302 18 19 „

1761 2364 75 32 am
1868 2346 184 50 fünften
2083 2347 129 65 Tage
2241 2346 46 48 in
2321 2345 83 51 der
2432 2346 156 66 Abtey
2921 2342 152 51 2002
3185 2382 18 19 „

1760 2425 89 49 wie
1874 2426 131 48 2mal
2036 2425 308 49 Probemusic
2373 2425 277 68 aufgeführt
2678 2422 132 51 ward
2868 2462 10 10 .
2964 2421 112 51 800
3184 2460 18 19 „

1761 2505 75 48 Se.
1867 2504 216 67 Majestät
2109 2504 256 49 schenkten
2967 2500 113 49 500
3186 2539 18 19 „

2593 2648 236 47 Summa.
2894 2643 186 54 12342
3099 2645 230 50 Guineer).

1881 2758 175 49 Hierzu
2083 2756 183 51 kommt
2292 2756 140 60 noch,
2470 2772 98 34 was
2611 2772 84 33 aus
2724 2754 90 49 den
2843 2754 273 51 verkauften
3141 2745 163 58 IVlusik-

1759 2836 213 51 büchern
2001 2838 178 64 gelöset
2215 2835 212 58 worden,
2466 2834 98 51 und
2602 2834 239 67 ungefähr
2883 2852 56 30 zu
2969 2834 112 49 400
3115 2834 214 49 Guineen

1763 2916 345 68 angeschlagen
2150 2915 192 50 werden
2377 2915 140 50 kann.
2572 2914 136 49 Nach
2749 2913 169 67 Abzug
2960 2913 85 49 der
3086 2913 244 49 Unkosten

1761 2996 98 50 und
1895 2995 146 50 1412
2073 2995 68 50 Pf.
2174 2995 135 50 Sterl.
2340 2995 80 48 für
2450 2994 81 49 das
2561 2993 577 66 Westminster-llospital
3161 2993 57 48 ist
3247 2991 85 50 der

1761 3074 256 51 Ueberrest
2046 3075 44 47 in
2121 3074 134 49 einen
2283 3073 159 49 Fonds
2462 3090 83 31 zur
2567 3071 349 66 Unterhaltung
2937 3078 261 42 verarmter
3226 3069 97 49 und

1760 3153 262 50 verdienter
2051 3153 209 48 Musiker
2301 3158 136 42 unter
2466 3151 107 49 dem
2611 3153 257 45 Patronate
2903 3149 79 49 des
3014 3150 179 66 Königs
3222 3165 76 33 ver-

1760 3231 159 51 wandt
1947 3230 209 58 worden,
2202 3230 95 48 und
2333 3247 81 31 zur
2447 3230 131 48 Ehre
2607 3227 150 50 dieses
2788 3229 355 49 musicalischen
3166 3230 160 47 Festes

1761 3313 56 48 ist
1845 3311 101 49 eine
1976 3310 161 50 weisse
2166 3309 323 51 Marmortafel
2534 3309 83 49 mit
2668 3307 240 68 folgender
2950 3307 217 51 Inschrift
3210 3307 119 50 über

2005 3389 280 48 Monument
2306 3389 47 48 in
2377 3387 83 50 der
2478 3386 515 68 Westminster-Abtey
3016 3386 311 66 aufgehängt:

1891 3467 281 60 „Innerhalb
2208 3467 152 50 dieser
2390 3470 202 48 Mauern
2633 3466 134 50 ward
2803 3466 222 50 Händel's
3063 3465 267 49 Andenken

1761 3554 136 42 unter
1933 3546 108 50 dem
2071 3548 170 49 Schutz
2273 3549 196 65 Georg's
2498 3549 79 47 111.
2621 3545 90 49 den
2754 3544 88 49 26.
2887 3544 94 49 und
3014 3544 176 49 2Osten
3219 3545 112 66 May

1764 3626 95 50 und
1905 3626 115 51 3ten
2059 3628 96 49 und
2193 3628 114 50 sten
2335 3628 126 48 Junii
2508 3625 145 51 1784
2683 3624 205 66 gefeiert.
2945 3622 89 50 Die
3076 3641 56 31 zu
3176 3624 154 51 dieser

1763 3706 331 51 Feierlichkeit
2137 3708 303 66 aufgeführte
2475 3705 149 50 Music
2661 3720 99 32 war
2801 3719 83 33 aus
2928 3702 161 50 seinen
3132 3704 200 67 eigenen

1763 3785 221 52 Werken
2034 3788 218 66 gewählt,
2302 3793 135 42 unter
2485 3782 240 50 Direction
2774 3780 83 49 der
2906 3782 177 50 Grafen
3133 3784 196 58 Exeter,

1763 3865 270 61 Sandwich,
2083 3864 259 67 Uxbridge,
2399 3862 72 50 Sir
2508 3860 201 53 Watkin
2741 3861 208 66 Wynne,
3007 3862 75 49 Sir
3122 3861 210 51 Richard

1761 3945 144 60 Jebb,
1949 3945 97 51 und
2084 3953 135 42 unter
2260 3941 343 51 musicalischer
2633 3940 203 67 Leitung
2879 3940 80 51 des
3001 3942 143 50 Jones
3172 3944 159 58 Bates,

1365 928 66 71 *)•
