2542 3977
255 356 451 70 cinématographe
731 363 77 46 est
833 356 340 70 l'épithalame
1199 356 172 53 vivant
1397 358 70 51 du
1492 358 224 67 mariage
1742 356 64 53 de
1837 362 168 47 toutes
2029 356 74 51 les
2128 355 164 54 forces

255 436 271 51 humaines
545 453 119 36 avec
683 436 74 51 les
783 443 187 44 autres.
995 438 136 51 Cette
1150 436 276 53 exaltation
1443 438 62 49 de
1523 436 298 51 l'humanité
1837 453 64 34 ne
1919 440 123 65 peut
2067 435 228 69 déplaire

255 519 188 66 qu'aux
481 516 396 69 misanthropes,
913 533 98 34 aux
1042 516 233 53 ennemis
1317 518 62 51 de
1409 516 49 53 la
1496 516 225 53 création
1756 516 64 51 de
1850 516 126 51 Dieu
1996 533 13 44 ;
2044 532 131 34 nous
2212 519 84 65 n'y

254 610 195 54 voyons
485 613 99 52 que
620 596 63 51 Sa
725 596 262 68 Louange.
1028 596 68 50 La
1139 596 370 53 connaissance
1558 596 62 51 de
1661 600 146 47 notre
1843 595 259 69 grandeur
2147 599 49 47 et
2231 595 65 51 de

255 676 321 50 nous-même
602 679 268 64 augmente
903 679 145 47 notre
1074 675 159 69 esprit
1271 692 198 35 comme
1501 674 47 52 le
1583 675 239 51 Créateur
1848 674 166 52 désire
2039 690 99 53 que
2164 689 132 36 nous

253 754 47 51 le
324 754 219 52 fassions
569 770 92 53 par
691 754 73 52 les
797 770 212 54 moyens
1036 755 131 69 qu'il
1192 754 149 53 offre.

392 834 68 51 Le
491 833 450 68 cinématographe
971 838 78 47 est
1078 834 301 52 réalisateur
1413 834 216 53 d'irréel.
1662 835 68 51 Le
1765 833 180 52 besoin
1987 833 63 50 de
2090 833 115 50 rêve
2241 849 54 34 se

256 913 257 70 distingue
555 914 63 51 de
654 913 131 52 celui
824 913 221 52 d'irréel.
1098 915 68 50 La
1208 914 176 69 poésie
1429 914 200 69 répond
1670 915 29 50 à
1741 914 124 61 l'un,
1910 913 49 50 la
1994 913 237 68 musique
2267 913 29 50 à

253 991 196 53 l'autre.
486 994 68 51 Le
579 993 215 51 ridicule
816 993 88 51 des
932 993 262 52 machines
1224 995 62 49 de
1318 994 50 50 la
1396 993 154 51 féerie
1586 994 89 67 qui
1708 991 281 70 n'échappe
2014 1008 90 52 pas
2128 993 165 49 même

254 1087 98 35 aux
388 1071 200 51 enfants
618 1070 244 69 empêche
896 1088 98 51 que
1020 1071 47 51 le
1092 1071 197 51 théâtre
1317 1073 228 67 réponde
1575 1073 29 49 à
1623 1071 126 61 l'un,
1779 1071 52 50 ni
1858 1073 28 48 à
1905 1070 179 51 l'autre
2108 1087 11 33 :
2145 1070 35 50 il
2205 1070 91 51 fait

254 1151 226 53 obstacle
517 1153 28 49 à
587 1150 153 52 l'effet
777 1151 62 51 de
876 1151 216 68 l'Opéra.
1135 1153 67 49 Le
1239 1153 117 51 rêve
1401 1158 76 44 est
1523 1151 238 53 l'activité
1804 1151 89 51 des
1933 1150 185 69 esprits
2154 1167 139 34 assez

255 1229 127 52 forts
414 1245 132 54 pour
576 1229 143 52 avoir
749 1229 207 52 celle-là
993 1235 48 46 et
1072 1235 117 64 trop
1224 1230 180 52 faibles
1440 1247 133 52 pour
1610 1247 62 34 en
1718 1229 140 52 avoir
1884 1245 100 35 une
2025 1235 173 46 autre:
2224 1229 71 51 les

253 1311 177 68 poètes
457 1314 117 48 sont
608 1311 224 50 rêveurs.
858 1311 68 50 Le
951 1309 182 52 besoin
1154 1311 62 50 de
1243 1310 249 51 certitude
1520 1327 67 35 ou
1618 1310 63 51 de
1703 1310 178 51 réalité
1917 1309 64 51 de
2010 1309 187 51 l'irréel
2222 1314 76 46 est

255 1389 131 52 celui
427 1389 63 51 de
526 1389 50 51 la
602 1388 70 52 foi
697 1405 11 33 :
739 1404 67 36 on
833 1405 63 35 ne
917 1389 45 51 le
981 1394 180 47 trouve
1187 1405 99 53 que
1307 1389 122 52 chez
1456 1390 65 50 de
1545 1389 134 52 bons
1705 1390 185 66 esprits
1923 1407 12 34 :
1972 1388 326 52 d'excellents

255 1473 203 47 savants
484 1484 92 52 par
594 1468 231 68 exemple
853 1473 116 47 sont
988 1469 250 67 religieux
1263 1485 66 35 ou
1357 1469 281 51 musiciens
1666 1484 13 34 :
1730 1469 48 49 la
1810 1468 234 68 musique
2085 1473 76 47 est
2197 1484 100 34 une

254 1548 294 50 réalisation
570 1546 251 69 complète
843 1546 62 51 de
923 1546 187 52 l'irréel
1130 1564 92 52 par
1246 1548 47 50 le
1307 1548 214 50 nombre
1544 1564 13 43 ;
1578 1548 50 50 la
1647 1548 217 67 religion
1893 1553 77 45 est
1987 1546 50 51 la
2051 1546 246 52 certitude

255 1626 62 51 de
344 1626 49 51 la
419 1625 176 52 réalité
617 1626 70 51 du
706 1626 220 68 mystère
952 1626 160 69 parla
1136 1626 280 53 révélation
1443 1643 66 36 ou
1534 1626 328 53 l'éducation.
1888 1628 104 49 Peu
2031 1626 62 51 de
2122 1628 176 67 poètes

253 1710 90 46 ont
368 1705 48 51 la
440 1705 219 69 religion
681 1705 62 51 de
768 1705 50 51 la
843 1705 235 69 musique
1105 1712 48 45 et
1181 1706 126 51 celle
1333 1706 151 69 qu'ils
1511 1712 89 45 ont
1638 1706 64 51 de
1740 1706 125 51 Dieu
1898 1706 129 51 n'est
2051 1705 119 52 faite
2197 1722 100 52 que

254 1784 362 68 d'aspirations
647 1800 209 52 vagues.
888 1784 132 51 L'art
1058 1785 70 51 du
1154 1785 451 69 cinématographe
1634 1785 88 69 qui
1759 1786 113 50 crée
1906 1786 62 50 de
2004 1785 291 51 l'existence

251 1882 121 35 avec
396 1864 65 52 de
480 1864 48 49 la
548 1864 215 51 lumière
781 1882 53 33 se
852 1865 287 68 rapproche
1162 1866 63 50 de
1249 1865 113 51 l'art
1388 1866 68 50 du
1489 1865 249 51 musicien
1771 1869 49 48 et
1843 1882 102 34 non
1980 1866 62 50 de
2079 1865 114 51 l'art
2226 1865 70 51 du

250 1944 169 69 poète.
449 1943 70 49 La
557 1944 164 49 même
764 1944 201 67 époque
994 1944 88 67 qui
1108 1944 70 52 vit
1218 1944 47 51 le
1303 1945 174 50 succès
1520 1945 90 50 des
1637 1944 277 51 musiciens
1952 1944 72 51 vit
2061 1944 131 51 celui
2226 1945 69 50 du

250 2021 450 69 cinématographe
719 2038 12 44 ;
755 2021 41 52 si
823 2028 175 45 courte
1025 2039 99 52 que
1144 2025 99 50 soit
1263 2024 49 49 la
1332 2024 211 51 créance
1562 2024 202 51 donnée
1784 2040 99 33 aux
1909 2023 386 68 impossibilités

251 2103 125 68 qu'il
400 2103 183 50 réalise
603 2103 95 50 elle
722 2101 138 52 suffit
884 2104 29 48 à
938 2104 140 51 créer
1103 2119 101 34 une
1230 2103 261 50 sensation
1523 2119 161 36 neuve
1713 2108 50 45 et
1796 2119 67 33 un
1904 2108 77 44 art
2017 2118 233 37 nouveau
2279 2119 12 33 :

251 2199 62 34 ne
330 2183 220 52 laissons
570 2183 135 50 donc
726 2198 92 52 pas
837 2183 110 50 dire
976 2200 99 51 que
1100 2183 111 50 l'art
1232 2183 545 68 cinématographique
1813 2188 77 44 est
1916 2183 228 67 possible
2168 2184 128 49 mais

250 2261 123 68 qu'il
395 2261 211 51 n'existe
632 2278 92 52 pas
750 2277 204 35 encore.
994 2261 313 51 L'immortel
1347 2261 226 61 Chariot,
1604 2278 93 51 par
1722 2260 246 69 exemple,
2003 2261 86 68 qui
2131 2267 138 45 trans-

249 2341 161 51 forme
437 2341 48 51 la
512 2341 176 51 réalité
722 2358 60 34 en
810 2341 207 51 miracle
1056 2347 50 45 et
1144 2358 64 34 ne
1244 2341 46 51 le
1328 2341 233 69 pourrait
1603 2341 125 50 faire
1770 2358 99 51 que
1912 2358 88 33 sur
2025 2341 64 50 de
2128 2341 167 68 larges

250 2419 222 53 surfaces
491 2437 121 35 avec
636 2420 48 51 la
703 2420 372 52 collaboration
1103 2421 63 50 de
1192 2420 145 52 villes
1368 2421 219 51 entières
1614 2437 194 52 prouve
1829 2421 26 49 à
1874 2419 73 51 lui
1970 2420 109 51 seul
2098 2437 99 52 que
2217 2425 78 46 cet

249 2504 77 46 art
350 2499 177 52 existe.
564 2500 136 50 Pour
724 2499 47 51 le
805 2499 100 51 rire
946 2515 66 36 ou
1048 2515 130 53 pour
1210 2499 48 51 la
1298 2499 199 62 beauté,
1540 2499 73 51 les
1656 2499 188 51 limites
1883 2498 276 52 naturelles
2197 2515 98 35 aux

246 2578 165 52 forces
449 2584 118 46 sont
603 2578 213 52 effacées
866 2595 196 35 comme
1105 2579 73 52 les
1216 2579 277 61 distances,
1536 2579 74 51 les
1648 2578 248 50 ridicules
1933 2583 51 45 et
2011 2583 167 45 toutes
2220 2579 73 51 les

249 2656 303 69 splendeurs
569 2658 68 50 du
653 2658 188 50 monde
857 2663 117 45 sont
990 2658 312 68 rapprochés
1323 2674 62 34 en
1406 2674 96 34 vue
1523 2658 198 50 d'effets
1737 2656 278 69 puissants.
2031 2656 261 52 L'homme

249 2741 75 46 est
368 2738 215 67 agrandi
627 2754 93 52 par
743 2741 77 47 cet
852 2741 79 47 art
962 2739 136 51 alors
1136 2755 99 51 que
1265 2743 110 45 tant
1409 2738 221 50 d'autres
1670 2740 197 48 tentent
1904 2753 62 33 en
2005 2736 116 51 vain
2159 2738 62 49 de
2246 2738 46 50 le

246 2814 144 52 faire.

385 2896 133 51 L'art
547 2895 214 52 théâtral
795 2900 49 46 et
868 2896 47 51 le
945 2895 543 70 cinématographique
1515 2900 117 47 sont
1663 2894 284 62 différents,
1976 2894 102 51 l'un
2121 2895 71 51 vit
2227 2896 63 50 de

249 2973 240 69 prestige,
517 2975 177 51 l'auttre
725 2975 63 51 de
814 2975 250 54 certitude
1081 2993 12 44 ;
1131 2976 104 50 l'un
1269 2982 76 44 est
1373 2992 95 34 une
1501 2975 303 67 occupation
1840 2989 132 52 pour
2009 2974 74 51 les
2119 2989 138 36 roma-

247 3069 238 52 nesques,
518 3054 178 51 l'autre
731 3070 99 35 une
868 3054 265 68 puissante
1164 3054 299 52 distraction
1502 3069 132 52 pour
1666 3053 75 50 les
1766 3051 186 69 esprits
1997 3051 291 54 estimables

249 3139 48 44 et
319 3150 97 33 une
447 3149 179 36 source
659 3134 62 51 de
753 3133 246 52 réflexion
1026 3150 132 54 pour
1195 3152 126 33 ceux
1352 3134 89 69 qui
1482 3138 218 63 songent
1732 3134 29 48 à
1790 3131 227 54 l'avenir.
2046 3133 141 50 Nous
2224 3149 63 36 ne

249 3211 207 69 parlons
493 3213 63 50 ici
580 3230 98 51 que
705 3214 69 49 du
795 3213 194 52 théâtre
1011 3214 245 51 moderne
1275 3229 13 45 ;
1313 3229 65 34 on
1401 3216 122 65 peut
1549 3228 62 34 en
1638 3211 231 51 attendre
1893 3228 69 34 un
1986 3215 161 46 autre.

1668 3453 133 50 MAX
1829 3452 185 51 JACOB
