2542 3977
936 329 606 120 THÉATRE

1198 593 96 61 ET

1002 751 498 119 CINÉMA

372 1032 73 49 Un
473 1029 199 52 cinéma
699 1046 234 35 annonce
962 1047 68 33 un
1061 1029 106 51 film
1196 1047 61 34 en
1290 1030 47 51 le
1370 1030 185 53 faisant
1595 1033 68 50 du
1701 1032 224 68 mariage
1953 1033 62 50 de
2041 1032 222 53 l'actrice

237 1109 123 51 dont
382 1127 65 33 on
470 1126 28 34 a
511 1109 379 69 photographié
913 1109 72 52 les
1006 1114 184 64 gestes.
1219 1131 23 26 «
1266 1110 137 51 Cette
1418 1113 195 66 grande
1634 1112 193 61 artiste,
1846 1112 75 51 dit
1940 1128 101 35 une
2060 1110 202 64 affiche,

236 1192 84 45 n'a
341 1204 92 52 pas
458 1204 188 52 reparu
674 1206 86 33 sur
787 1189 187 51 l'écran
1003 1188 183 68 depuis
1219 1204 94 36 son
1341 1190 225 69 mariage
1592 1207 121 34 avec
1755 1207 67 34 un
1855 1190 198 51 célèbre
2090 1197 177 46 avocat

237 1268 219 51 romain.
484 1291 17 23 »
555 1268 200 51 Grande
783 1268 203 52 artiste!
1028 1268 254 52 l'autorité
1322 1270 67 50 du
1427 1269 151 52 choix
1610 1270 121 50 d'un
1769 1276 178 47 avocat
1983 1269 199 52 célèbre
2220 1273 45 50 le

237 1364 193 51 prouve
470 1349 276 68 peut-être.
790 1350 186 50 Beauté
1021 1354 48 46 et
1102 1349 182 68 esprit!
1328 1354 161 46 certes
1544 1349 271 69 puisqu'ils
1865 1350 70 50 lui
1981 1349 170 52 valent
2199 1368 65 33 un

241 1427 225 68 mariage
504 1443 119 34 avec
660 1428 92 51 des
788 1428 187 51 talents
1013 1429 271 50 consacrés
1328 1444 94 53 par
1446 1428 48 51 la
1531 1428 258 52 célébrité.
1826 1429 41 50 11
1903 1434 75 46 est
2019 1429 248 68 probable

241 1507 138 50 aussi
401 1524 99 51 que
525 1507 46 50 le
595 1508 113 67 prix
734 1508 67 51 du
832 1508 241 69 précieux
1096 1508 181 51 travail
1304 1508 62 51 de
1399 1508 50 51 la
1474 1508 149 51 dame
1652 1508 72 51 lui
1755 1514 195 63 permet
1983 1509 64 50 de
2076 1509 166 51 l'aban-

240 1585 202 51 donner
481 1585 309 69 longtemps.
829 1588 74 49 Au
942 1587 90 49 fait
1074 1603 55 34 ce
1169 1587 127 50 bout
1334 1587 285 50 d'annonce
1654 1604 64 33 ne
1756 1604 130 35 nous
1920 1588 350 52 intéresserait

241 1667 154 66 guère
429 1665 76 51 s'il
529 1682 62 34 ne
613 1665 311 51 manifestait
950 1667 153 67 qu'on
1125 1667 226 51 assimile
1379 1667 46 51 le
1442 1667 221 67 prestige
1691 1668 63 50 de
1776 1667 206 51 l'acteur
2002 1668 26 50 à
2051 1668 128 51 celui
2201 1669 68 50 du

242 1743 126 62 film,
414 1744 48 51 la
503 1747 148 49 scène
696 1747 29 48 à
764 1745 203 61 l'écran,
1018 1751 48 45 et
1108 1745 74 51 les
1218 1762 190 34 mœurs
1446 1747 271 49 théâtrales
1760 1763 98 33 aux
1903 1747 337 68 cinématogra-

242 1822 238 68 phiques.
522 1824 66 50 Or
623 1824 220 51 l'intérêt
881 1824 89 67 qui
1009 1824 242 51 s'attache
1284 1825 28 50 à
1351 1824 47 50 la
1431 1841 255 50 personne
1724 1825 242 69 scénique
1999 1831 73 45 est
2108 1827 161 68 perdu

242 1918 196 34 comme
466 1902 95 52 elle
583 1921 86 33 sur
688 1903 188 51 l'écran
904 1908 48 46 et
971 1903 37 49 il
1028 1908 75 46 est
1131 1904 115 50 vain
1273 1904 63 50 de
1370 1903 246 51 chercher
1642 1905 28 50 à
1693 1904 44 51 le
1769 1909 279 47 retrouver.
2090 1907 179 57 Quand

244 1997 96 35 nos
383 1982 188 67 gloires
607 1983 348 69 dramatiques
993 1988 115 46 sont
1158 1983 195 65 privées
1407 1999 89 53 par
1538 1984 47 50 la
1632 1983 379 69 photographie
2055 1985 63 51 de
2160 1985 112 51 leur

245 2067 371 62 rayonnement
650 2063 286 51 individuel
961 2067 50 47 et
1046 2063 69 49 du
1149 2062 204 52 charme
1395 2063 64 51 de
1486 2063 135 51 leurs
1647 2063 138 62 voix,
1816 2064 150 69 qu'en
1994 2065 278 51 reste-t-il?

245 2140 115 69 plus
396 2140 74 51 les
515 2145 200 47 acteurs
753 2145 90 47 ont
887 2142 171 49 étudié
1099 2158 63 33 en
1196 2158 95 36 vue
1322 2142 62 50 de
1416 2142 48 49 la
1494 2158 177 52 rampe
1704 2143 136 51 leurs
1873 2148 166 61 gestes
2076 2147 116 65 plus
2225 2144 49 50 la

246 2219 221 52 fausseté
487 2223 218 65 gênante
721 2222 62 49 de
811 2220 196 52 ceux-ci
1031 2237 112 34 sera
1169 2220 265 69 soulignée
1455 2238 93 51 par
1573 2222 112 50 leur
1710 2222 397 68 photographie,
2150 2223 124 51 celle

249 2300 87 50 des
363 2300 201 51 réalités
589 2300 323 69 prochaines,
941 2300 124 51 celle
1098 2302 70 49 du
1195 2302 263 67 voisinage
1482 2302 89 51 des
1605 2302 273 52 excellents
1920 2303 260 69 employés
2212 2303 62 52 de

249 2379 268 62 Gaumont,
539 2382 173 59 Pathé,
736 2379 243 52 etc...Ces
999 2379 281 69 employés,
1303 2380 73 51 les
1393 2397 123 51 gens
1538 2382 62 49 de
1615 2380 193 51 théâtre
1830 2398 62 33 ne
1910 2383 367 67 parviendront

250 2460 27 49 à
297 2459 74 51 les
396 2459 170 67 égaler
590 2476 99 52 que
716 2459 104 51 s'ils
844 2464 372 62 comprennent
1238 2459 152 67 qu'ils
1416 2459 208 51 doivent
1638 2478 30 48 y
1698 2460 197 51 tendre.
1925 2460 39 50 Il
1985 2478 61 35 va
2079 2478 117 35 sans
2223 2478 53 35 se

251 2539 109 51 dire
381 2540 153 67 qu'on
558 2556 65 34 ne
647 2539 143 68 parle
816 2539 145 68 point
988 2538 63 51 ici
1084 2538 89 51 des
1209 2538 232 52 hommes
1467 2539 210 68 d'esprit
1704 2539 86 69 qui
1818 2546 117 45 sont
1975 2540 111 68 plus
2114 2543 28 48 à
2168 2542 110 51 leur

251 2618 145 69 place
430 2636 88 33 sur
551 2619 185 50 l'écran
777 2618 165 67 précis
974 2634 99 51 que
1117 2618 127 49 dans
1286 2618 73 49 les
1393 2618 311 51 brouillards
1742 2619 150 51 dorés
1929 2620 62 50 de
2032 2620 49 50 la
2107 2622 165 51 scène.

254 2698 287 51 L'annonce
572 2713 63 36 en
682 2695 236 70 question
964 2695 207 51 attirera
1207 2695 285 51 l'attention
1536 2697 89 50 des
1663 2702 256 47 amateurs
1957 2699 62 50 de
2056 2699 223 52 théâtres

252 2793 103 36 non
382 2794 126 35 ceux
534 2778 63 49 de
622 2778 243 49 cinémas.
890 2777 66 50 Ils
981 2793 64 33 ne
1068 2774 331 52 s'identifient
1423 2782 49 44 et
1493 2793 61 33 ne
1576 2793 52 34 se
1648 2777 316 52 confondent
1986 2778 163 69 point.
2176 2780 103 59 Que

254 2857 404 52 demandent-ils
684 2858 28 49 à
738 2857 135 50 leurs
896 2855 277 68 spectacles
1195 2854 223 52 favoris?

390 2935 49 51 Si
471 2937 267 51 l'amateur
768 2935 90 51 des
896 2935 220 51 théâtres
1159 2952 32 49 y
1228 2934 169 51 venait
1431 2934 245 51 chercher
1713 2935 62 51 de
1808 2935 47 50 la
1900 2935 200 64 beauté,
2142 2938 139 52 leurs

252 3021 211 45 recettes
495 3015 370 69 dépendraient
894 3015 63 50 de
994 3013 126 52 celle
1148 3014 87 51 des
1268 3029 197 36 œuvres
1502 3014 313 67 présentées,
1853 3032 57 36 or
1947 3017 335 68 l'expérience

255 3112 192 52 prouve
472 3097 46 51 le
541 3097 271 51 contraire.
845 3094 86 52 S'il
960 3113 32 50 y
1009 3094 173 51 venait
1207 3093 246 52 chercher
1470 3093 46 51 le
1538 3094 101 51 rire
1672 3111 66 35 ou
1773 3094 73 52 les
1870 3095 206 61 larmes,
2110 3113 66 36 on
2201 3098 80 69 n'y

249 3175 221 67 jouerait
489 3193 97 51 que
612 3175 72 51 les
706 3175 166 68 pièces
894 3175 87 68 qui
1002 3174 320 68 engendrent
1352 3173 262 51 l'émotion
1651 3189 59 35 or
1745 3173 45 51 la
1825 3174 204 69 plupart
2060 3179 85 64 n'y
2173 3178 84 67 pré-

255 3255 211 50 tendent
485 3255 161 51 même
665 3272 108 51 pas.
801 3253 265 52 D'ailleurs
1094 3253 263 51 l'amateur
1376 3268 54 34 se
1455 3253 184 63 réjouit
1660 3253 62 51 de
1747 3254 221 68 prévoir,
2001 3255 183 53 devant
2215 3273 67 35 un

270 3356 19 23 «
316 3333 143 52 billet
489 3334 61 51 de
575 3334 174 52 faveur
778 3356 51 39 »,
867 3333 216 52 satisfait
1115 3349 94 35 son
1252 3333 123 66 goût,
1417 3348 132 51 pour
1591 3333 72 51 les
1700 3334 276 68 spectacles
2010 3335 271 69 scéniques

257 3418 150 46 avant
435 3413 63 51 de
518 3413 167 51 savoir
707 3429 93 53 par
824 3412 221 68 lesquels
1074 3412 34 49 il
1138 3412 45 49 le
1207 3427 130 34 sera.
1369 3410 129 51 C'est
1529 3412 45 49 le
1615 3413 123 66 goût
1780 3414 62 50 de
1878 3431 126 34 ceux
2048 3415 126 50 dont
2209 3417 73 51 les

259 3508 188 51 vagues
481 3493 274 52 tendances
795 3493 292 66 artistiques
1130 3492 142 49 n'ont
1314 3507 90 52 pas
1447 3490 49 51 la
1553 3492 137 52 force
1734 3493 63 52 de
1846 3493 266 52 s'affirmer
2162 3512 119 37 sans
