2705 3718
1304 306 67 30 367

861 391 919 104 Promenade

298 654 127 55 Rue
471 649 225 65 Pascal,
744 647 98 72 j'ai
881 662 137 46 reçu
1046 660 117 36 une
1205 638 245 75 planche
1488 637 146 54 dans
1675 637 52 53 le
1770 637 105 53 dos
1921 637 196 53 lancée
2156 653 103 55 par
2300 634 153 55 deux

223 747 149 55 filles
412 743 101 74 qui
561 740 281 55 n'étaient
890 755 104 56 pas
1047 750 211 38 encore
1314 729 313 73 majeures.

279 834 53 53 A
368 836 135 48 tous
537 827 84 55 les
663 823 327 56 carrefours
1027 818 191 74 j'étais
1261 821 99 51 tué
1426 834 103 54 par
1569 817 312 72 n'importe
1925 815 117 72 qui.

228 925 85 56 La
355 939 195 39 crasse
618 919 71 53 de
738 916 123 55 cuir
912 912 243 57 chevelu
1201 910 252 54 émanait
1488 908 70 54 de
1607 914 257 67 partout,
1922 912 190 49 même
2170 905 78 53 du
2295 907 166 69 pavé,

223 1020 300 73 peut-être
569 1011 105 56 des
716 1008 260 57 bouches
1025 1005 97 72 qui
1162 1022 62 35 se
1267 1001 293 55 tordaient
1605 1000 256 74 pendant
1903 1016 111 55 que
2055 999 82 52 les
2182 1005 153 62 yèux
2363 1013 92 35 me

228 1109 266 74 fuyaient
531 1123 72 38 en
651 1102 316 57 sautillant.

288 1203 55 53 A
384 1198 224 75 l'église
663 1194 71 56 de
793 1193 68 56 St
903 1189 265 66 Médard,
1234 1187 136 54 saisi
1428 1204 103 55 par
1587 1202 114 37 une
1737 1183 230 54 trombe
2018 1183 71 52 de
2133 1184 310 69 puanteur,

231 1296 98 72 j'ai
374 1295 254 69 manqué
673 1288 54 56 la
768 1301 281 57 syncope.

282 1386 106 56 Cet
428 1381 273 58 abandon
740 1378 105 54 des
891 1377 158 52 lieux
1092 1373 72 55 de
1212 1373 211 73 prière,
1477 1373 142 51 c'est
1674 1369 52 54 la
1784 1367 246 72 religion
2072 1364 103 74 qui
2236 1362 195 54 décam-

232 1499 71 56 pe
340 1480 141 52 hors
524 1475 74 55 de
632 1474 55 53 la
730 1475 146 51 zône
920 1472 298 60 terrestre,
1265 1466 52 52 là
1369 1471 76 47 où
1493 1462 440 74 s'improvisent
1972 1460 221 71 malgré
2237 1456 51 53 le
2326 1455 96 53 voi-

233 1574 202 71 sinage
476 1569 104 54 des
635 1583 172 56 corps
856 1561 157 56 aussi
1060 1557 466 75 transportables
1576 1574 111 55 que
1755 1555 82 53 les
1883 1557 221 61 vôtres,
2155 1546 308 57 d'inédites

237 1663 386 76 applications
666 1654 364 76 d'équilibre.

297 1756 235 57 Penché
566 1770 100 38 sur
693 1752 56 52 la
774 1766 221 54 rampe,
1036 1745 123 55 face
1205 1752 30 45 à
1289 1743 279 54 l'escalier
1607 1742 98 71 qui
1750 1739 213 72 portait
2009 1738 82 52 les
2141 1753 143 55 gens
2324 1750 103 36 rou-

235 1853 123 54 lant
412 1867 135 37 vers
593 1847 53 53 le
684 1847 210 61 métro,
946 1839 96 73 j'ai
1074 1857 78 36 vu
1191 1837 104 54 des
1338 1834 272 56 cascades
1658 1832 337 54 nouvelles:
2048 1833 151 50 cette
2237 1825 232 55 illusion

238 1945 91 54 fut
363 1942 49 55 si
445 1940 267 75 parfaite,
758 1935 174 75 qu'en
981 1936 191 49 même
1220 1936 191 66 temps
1466 1945 112 54 que
1634 1922 421 57 m'éblouissait
2104 1922 53 53 le
2202 1917 277 56 souvenir

240 2038 73 53 de
350 2032 294 58 fontaines
679 2027 314 65 romaines,
1042 2024 98 72 j'ai
1192 2021 151 56 senti
1392 2020 167 56 venir
1599 2020 53 53 le
1700 2016 226 74 vertige
1977 2030 226 38 comme
2265 2029 71 36 en
2390 2027 58 36 re-

251 2126 253 78 gardant
533 2125 86 55 les
668 2119 354 58 tourbillons
1064 2116 104 55 des
1199 2115 204 55 chûtes
1440 2112 79 55 du
1559 2111 174 55 Rhin.

302 2220 122 58 Des
463 2214 282 78 légendes
800 2210 313 56 littéraires
1164 2206 130 73 déjà
1339 2204 379 72 historiques,
1775 2200 266 55 habitent
2100 2198 83 53 les
2231 2212 243 57 parages

243 2321 77 51 où
353 2307 376 78 aujourd'hui
767 2305 100 74 j'ai
912 2307 191 71 passé.

313 2406 66 56 Je
414 2419 254 59 propose
712 2406 32 48 à
777 2397 146 56 celui
975 2396 99 73 qui
1129 2394 53 54 le
1223 2391 226 55 voudra
1492 2389 72 55 de
1605 2389 276 54 l'amener
1916 2392 32 48 à
1995 2383 199 55 l'hôtel
2230 2383 236 52 nommé

249 2506 11 27 4
273 2507 11 23 4
339 2502 251 69 Agneau
636 2491 206 58 Pascal
975 2490 36 52 il
1055 2486 123 56 doit
1234 2490 122 49 être
1417 2482 227 56 comblé
1701 2479 412 55 d'étonnantes
2154 2473 287 56 chimères
2467 2488 14 36 :

243 2591 55 57 le
332 2587 351 79 philosophe
711 2603 74 36 en
820 2587 119 50 tête
975 2582 267 71 l'agneau
1286 2577 253 55 fermant
1567 2576 52 52 le
1665 2577 256 68 cortège.

384 2681 111 56 Fin
555 2679 80 54 du
670 2676 335 77 pélérinage
1059 2674 53 53 la
1153 2671 260 55 fontaine
1461 2669 72 53 de
1590 2666 303 74 Carpeaux
1931 2662 131 73 déjà
2105 2660 374 71 décortiquée

249 2778 72 55 de
368 2794 65 37 sa
487 2774 257 55 cuirasse
785 2769 72 55 de
910 2784 231 56 guerre,
1190 2766 260 70 apparaît
1488 2760 426 73 brusquement
1933 2756 102 70 -je
2077 2772 74 35 ne
2180 2753 113 53 sais
2340 2750 134 72 quel

249 2866 382 59 malentendu
669 2863 72 55 de
778 2862 210 54 choses
1026 2864 133 67 trop
1210 2859 254 62 courtes,
1507 2872 100 37 sur
1648 2869 80 37 un
1762 2850 229 74 plateau
2032 2845 155 74 plein
2237 2841 185 55 d'eau.

1749 2998 187 56 Roch
2014 2993 240 57 GREY.
