<?xml version="1.0" encoding="UTF-8"?>
<alto xmlns:xsi="http://www.w3.org/2001/XMLSchema-instance" xmlns="http://www.loc.gov/standards/alto/ns-v2#" xsi:schemaLocation="http://www.loc.gov/standards/alto/ns-v2# http://www.loc.gov/standards/alto/alto-v2.0.xsd" xmlns:xlink="http://www.w3.org/1999/xlink">
	<Description>
		<MeasurementUnit>mm10</MeasurementUnit>
		<sourceImageInformation>
			<fileName>//fileserver7/IN2-2/Princeton/bmtnaaz/1919/06/15_01/00000017.tif</fileName>
		</sourceImageInformation>
		<OCRProcessing ID="OCRPROCESSING_1">
			<preProcessingStep>
				<processingSoftware>
					<softwareCreator>CCS Content Conversion Specialists GmbH, Germany</softwareCreator>
					<softwareName>CCS docWorks</softwareName>
					<softwareVersion>6.7-1.24</softwareVersion>
				</processingSoftware>
			</preProcessingStep>
			<ocrProcessingStep>
				<processingSoftware>
					<softwareCreator>ABBYY (BIT Software), Russia</softwareCreator>
					<softwareName>FineReader</softwareName>
					<softwareVersion>10.0</softwareVersion>
				</processingSoftware>
			</ocrProcessingStep>
		</OCRProcessing>
	</Description>
	<Styles>
		<TextStyle ID="TXT_0" FONTSIZE="38" FONTFAMILY="Times New Roman"/>
		<TextStyle ID="TXT_1" FONTSIZE="62" FONTFAMILY="Times New Roman"/>
		<TextStyle ID="TXT_2" FONTSIZE="35" FONTFAMILY="Times New Roman" FONTSTYLE="bold"/>
		<TextStyle ID="TXT_3" FONTSIZE="17" FONTFAMILY="Times New Roman"/>
		<TextStyle ID="TXT_4" FONTSIZE="14" FONTFAMILY="Times New Roman" FONTSTYLE="bold"/>
		<TextStyle ID="TXT_5" FONTSIZE="16" FONTFAMILY="Times New Roman" FONTSTYLE="italics"/>
		<TextStyle ID="TXT_6" FONTSIZE="11" FONTFAMILY="Times New Roman" FONTSTYLE="bold"/>
		<TextStyle ID="TXT_7" FONTSIZE="18" FONTFAMILY="Times New Roman"/>
		<TextStyle ID="TXT_8" FONTSIZE="5" FONTFAMILY="Times New Roman" FONTSTYLE="italics"/>
		<TextStyle ID="TXT_9" FONTSIZE="18" FONTFAMILY="Times New Roman" FONTSTYLE="italics"/>
		<TextStyle ID="TXT_10" FONTSIZE="19" FONTFAMILY="Times New Roman" FONTSTYLE="bold"/>
		<ParagraphStyle ID="PAR_LEFT" ALIGN="Left"/>
	</Styles>
	<Layout>
		<Page ID="P17" PHYSICAL_IMG_NR="17" HEIGHT="3718" WIDTH="2705" PRINTED_IMG_NR="379" PC="0.876">
			<TopMargin ID="P17_TM00001" HPOS="0" VPOS="0" WIDTH="2705" HEIGHT="157">
				<TextBlock ID="P17_TB00001" HPOS="1226" VPOS="124" WIDTH="74" HEIGHT="31" STYLEREFS="TXT_0 PAR_LEFT">
					<TextLine ID="P17_TL00001" HPOS="1226" VPOS="124" WIDTH="74" HEIGHT="31">
						<String ID="P17_ST00001" HPOS="1226" VPOS="124" WIDTH="74" HEIGHT="31" CONTENT="379" WC="1.00" CC="000"/>
					</TextLine>
				</TextBlock>
			</TopMargin>
			<LeftMargin ID="P17_LM00001" HPOS="0" VPOS="157" WIDTH="181" HEIGHT="3431"/>
			<RightMargin ID="P17_RM00001" HPOS="2444" VPOS="157" WIDTH="261" HEIGHT="3431"/>
			<BottomMargin ID="P17_BM00001" HPOS="0" VPOS="3588" WIDTH="2705" HEIGHT="130"/>
			<PrintSpace ID="P17_PS00001" HPOS="181" VPOS="157" WIDTH="2263" HEIGHT="3431">
				<TextBlock ID="P17_TB00002" HPOS="478" VPOS="202" WIDTH="1682" HEIGHT="538" STYLEREFS="TXT_1 PAR_LEFT">
					<TextLine ID="P17_TL00002" HPOS="479" VPOS="202" WIDTH="1681" HEIGHT="198">
						<String ID="P17_ST00002" HPOS="479" VPOS="202" WIDTH="676" HEIGHT="178" CONTENT="Matoum" WC="0.89" CC="200300"/>
						<SP ID="P17_SP00001" HPOS="1155" VPOS="380" WIDTH="96"/>
						<String ID="P17_ST00003" HPOS="1251" VPOS="217" WIDTH="173" HEIGHT="168" CONTENT="et" WC="0.82" CC="30"/>
						<SP ID="P17_SP00002" HPOS="1424" VPOS="385" WIDTH="86"/>
						<String ID="P17_ST00004" HPOS="1510" VPOS="217" WIDTH="650" HEIGHT="183" CONTENT="Tévibar" WC="0.91" CC="0300100"/>
					</TextLine>
					<TextLine ID="P17_TL00003" HPOS="1289" VPOS="449" WIDTH="56" HEIGHT="88">
						<String ID="P17_ST00005" HPOS="1289" VPOS="449" WIDTH="56" HEIGHT="88" CONTENT="à" WC="1.00" CC="0" STYLEREFS="TXT_2"/>
					</TextLine>
					<TextLine ID="P17_TL00004" HPOS="1079" VPOS="568" WIDTH="472" HEIGHT="172">
						<String ID="P17_ST00006" HPOS="1079" VPOS="568" WIDTH="472" HEIGHT="172" CONTENT="Rome" WC="0.98" CC="5040"/>
					</TextLine>
				</TextBlock>
				<TextBlock ID="P17_TB00003" HPOS="181" VPOS="851" WIDTH="2250" HEIGHT="1131" STYLEREFS="TXT_3 PAR_LEFT">
					<TextLine ID="P17_TL00005" HPOS="191" VPOS="851" WIDTH="2076" HEIGHT="89">
						<String ID="P17_ST00007" HPOS="191" VPOS="910" WIDTH="68" HEIGHT="30" CONTENT="m" WC="0.26" CC="7"/>
						<SP ID="P17_SP00003" HPOS="259" VPOS="940" WIDTH="38"/>
						<String ID="P17_ST00008" HPOS="297" VPOS="913" WIDTH="12" HEIGHT="27" CONTENT="i" WC="0.92" CC="0"/>
						<SP ID="P17_SP00004" HPOS="309" VPOS="940" WIDTH="44"/>
						<String ID="P17_ST00009" HPOS="353" VPOS="911" WIDTH="28" HEIGHT="29" CONTENT="k" WC="0.24" CC="7"/>
						<SP ID="P17_SP00005" HPOS="381" VPOS="940" WIDTH="101"/>
						<String ID="P17_ST00010" HPOS="482" VPOS="851" WIDTH="117" HEIGHT="89" CONTENT="IOÎC" WC="0.26" CC="5787" STYLEREFS="TXT_4"/>
						<SP ID="P17_SP00006" HPOS="599" VPOS="940" WIDTH="75"/>
						<String ID="P17_ST00011" HPOS="674" VPOS="868" WIDTH="29" HEIGHT="47" CONTENT="q" STYLE="superscript" WC="0.62" CC="3"/>
						<String ID="P17_ST00012" HPOS="704" VPOS="913" WIDTH="7" HEIGHT="27" CONTENT="." WC="0.55" CC="4"/>
						<SP ID="P17_SP00007" HPOS="711" VPOS="940" WIDTH="225"/>
						<String ID="P17_ST00013" HPOS="936" VPOS="871" WIDTH="270" HEIGHT="46" CONTENT="premières" WC="0.99" CC="060563710"/>
						<SP ID="P17_SP00008" HPOS="1206" VPOS="940" WIDTH="58"/>
						<String ID="P17_ST00014" HPOS="1264" VPOS="877" WIDTH="155" HEIGHT="47" CONTENT="pages" WC="0.97" CC="04644"/>
						<SP ID="P17_SP00009" HPOS="1419" VPOS="940" WIDTH="59"/>
						<String ID="P17_ST00015" HPOS="1478" VPOS="864" WIDTH="61" HEIGHT="47" CONTENT="de" WC="1.00" CC="00"/>
						<SP ID="P17_SP00010" HPOS="1539" VPOS="940" WIDTH="58"/>
						<String ID="P17_ST00016" HPOS="1597" VPOS="865" WIDTH="219" HEIGHT="51" CONTENT="Matoum" WC="0.59" CC="947100"/>
						<SP ID="P17_SP00011" HPOS="1816" VPOS="940" WIDTH="44"/>
						<String ID="P17_ST00017" HPOS="1860" VPOS="879" WIDTH="234" HEIGHT="53" CONTENT="parurent" WC="0.98" CC="06306570"/>
						<SP ID="P17_SP00012" HPOS="2094" VPOS="940" WIDTH="49"/>
						<String ID="P17_ST00018" HPOS="2143" VPOS="877" WIDTH="124" HEIGHT="48" CONTENT="dans" WC="0.96" CC="4365"/>
					</TextLine>
					<TextLine ID="P17_TL00006" HPOS="190" VPOS="912" WIDTH="2231" HEIGHT="76">
						<String ID="P17_ST00019" HPOS="190" VPOS="912" WIDTH="246" HEIGHT="57" CONTENT="(Octobre" WC="0.98" CC="87054331"/>
						<SP ID="P17_SP00013" HPOS="436" VPOS="969" WIDTH="46"/>
						<String ID="P17_ST00020" HPOS="482" VPOS="912" WIDTH="118" HEIGHT="47" CONTENT="1918" WC="0.66" CC="2603"/>
						<SP ID="P17_SP00014" HPOS="600" VPOS="969" WIDTH="18"/>
						<String ID="P17_ST00021" HPOS="618" VPOS="913" WIDTH="13" HEIGHT="61" CONTENT=")" WC="0.64" CC="3"/>
						<SP ID="P17_SP00015" HPOS="631" VPOS="974" WIDTH="71"/>
						<String ID="P17_ST00022" HPOS="702" VPOS="913" WIDTH="43" HEIGHT="47" CONTENT="le" WC="0.59" CC="80"/>
						<SP ID="P17_SP00016" HPOS="745" VPOS="974" WIDTH="29"/>
						<String ID="P17_ST00023" HPOS="774" VPOS="920" WIDTH="193" HEIGHT="57" CONTENT="peintre" WC="0.99" CC="0145420"/>
						<SP ID="P17_SP00017" HPOS="967" VPOS="977" WIDTH="32"/>
						<String ID="P17_ST00024" HPOS="999" VPOS="918" WIDTH="307" HEIGHT="64" CONTENT="Prampohni" WC="0.71" CC="601300706"/>
						<SP ID="P17_SP00018" HPOS="1306" VPOS="982" WIDTH="41"/>
						<String ID="P17_ST00025" HPOS="1347" VPOS="925" WIDTH="243" HEIGHT="47" CONTENT="m'écrivit" WC="0.99" CC="101034060"/>
						<SP ID="P17_SP00019" HPOS="1590" VPOS="982" WIDTH="45"/>
						<String ID="P17_ST00026" HPOS="1635" VPOS="944" WIDTH="126" HEIGHT="44" CONTENT="pour" WC="1.00" CC="0020"/>
						<SP ID="P17_SP00020" HPOS="1761" VPOS="988" WIDTH="34"/>
						<String ID="P17_ST00027" HPOS="1795" VPOS="946" WIDTH="79" HEIGHT="32" CONTENT="me" WC="0.75" CC="40"/>
						<SP ID="P17_SP00021" HPOS="1874" VPOS="988" WIDTH="45"/>
						<String ID="P17_ST00028" HPOS="1919" VPOS="934" WIDTH="270" HEIGHT="49" CONTENT="demander" WC="0.99" CC="02216003"/>
						<SP ID="P17_SP00022" HPOS="2189" VPOS="988" WIDTH="29"/>
						<String ID="P17_ST00029" HPOS="2218" VPOS="939" WIDTH="45" HEIGHT="47" CONTENT="le" WC="0.92" CC="01"/>
						<SP ID="P17_SP00023" HPOS="2263" VPOS="988" WIDTH="29"/>
						<String ID="P17_ST00030" HPOS="2292" VPOS="940" WIDTH="129" HEIGHT="48" CONTENT="droit" WC="0.98" CC="00565"/>
					</TextLine>
					<TextLine ID="P17_TL00007" HPOS="186" VPOS="974" WIDTH="2235" HEIGHT="80">
						<String ID="P17_ST00031" HPOS="186" VPOS="974" WIDTH="62" HEIGHT="42" CONTENT="de" WC="0.56" CC="70"/>
						<SP ID="P17_SP00024" HPOS="248" VPOS="1016" WIDTH="23"/>
						<String ID="P17_ST00032" HPOS="271" VPOS="974" WIDTH="220" HEIGHT="45" CONTENT="traduire" WC="0.98" CC="50676451"/>
						<SP ID="P17_SP00025" HPOS="491" VPOS="1019" WIDTH="31"/>
						<String ID="P17_ST00033" HPOS="522" VPOS="977" WIDTH="48" HEIGHT="42" CONTENT="et" WC="0.70" CC="05"/>
						<SP ID="P17_SP00026" HPOS="570" VPOS="1019" WIDTH="20"/>
						<String ID="P17_ST00034" HPOS="590" VPOS="974" WIDTH="61" HEIGHT="46" CONTENT="de" WC="0.77" CC="04"/>
						<SP ID="P17_SP00027" HPOS="651" VPOS="1020" WIDTH="28"/>
						<String ID="P17_ST00035" HPOS="679" VPOS="978" WIDTH="315" HEIGHT="59" CONTENT="représenter" WC="0.99" CC="12033505403"/>
						<SP ID="P17_SP00028" HPOS="994" VPOS="1037" WIDTH="22"/>
						<String ID="P17_ST00036" HPOS="1016" VPOS="996" WIDTH="57" HEIGHT="30" CONTENT="ce" WC="1.00" CC="00"/>
						<SP ID="P17_SP00029" HPOS="1073" VPOS="1037" WIDTH="29"/>
						<String ID="P17_ST00037" HPOS="1102" VPOS="981" WIDTH="171" HEIGHT="48" CONTENT="drame" WC="1.00" CC="02000"/>
						<SP ID="P17_SP00030" HPOS="1273" VPOS="1037" WIDTH="30"/>
						<String ID="P17_ST00038" HPOS="1303" VPOS="986" WIDTH="25" HEIGHT="44" CONTENT="à" WC="0.61" CC="3"/>
						<SP ID="P17_SP00031" HPOS="1328" VPOS="1037" WIDTH="32"/>
						<String ID="P17_ST00039" HPOS="1360" VPOS="985" WIDTH="157" HEIGHT="48" CONTENT="Home" WC="0.97" CC="7500"/>
						<SP ID="P17_SP00032" HPOS="1517" VPOS="1037" WIDTH="29"/>
						<String ID="P17_ST00040" HPOS="1546" VPOS="1024" WIDTH="75" HEIGHT="9" CONTENT="...." WC="0.97" CC="2450"/>
						<SP ID="P17_SP00033" HPOS="1621" VPOS="1037" WIDTH="33"/>
						<String ID="P17_ST00041" HPOS="1654" VPOS="990" WIDTH="111" HEIGHT="61" CONTENT="puis" WC="0.98" CC="0035"/>
						<SP ID="P17_SP00034" HPOS="1765" VPOS="1051" WIDTH="29"/>
						<String ID="P17_ST00042" HPOS="1794" VPOS="992" WIDTH="89" HEIGHT="47" CONTENT="des" WC="0.99" CC="030"/>
						<SP ID="P17_SP00035" HPOS="1883" VPOS="1051" WIDTH="24"/>
						<String ID="P17_ST00043" HPOS="1907" VPOS="996" WIDTH="382" HEIGHT="58" CONTENT="complications" WC="1.00" CC="0240700000063"/>
						<SP ID="P17_SP00036" HPOS="2289" VPOS="1054" WIDTH="28"/>
						<String ID="P17_ST00044" HPOS="2317" VPOS="1016" WIDTH="78" HEIGHT="32" CONTENT="sur" SUBS_TYPE="HypPart1" SUBS_CONTENT="surgirent" WC="0.98" CC="005"/>
						<HYP HPOS="2395" VPOS="1016" WIDTH="26" CONTENT="-"/>
					</TextLine>
					<TextLine ID="P17_TL00008" HPOS="186" VPOS="1037" WIDTH="2235" HEIGHT="78">
						<String ID="P17_ST00045" HPOS="186" VPOS="1038" WIDTH="167" HEIGHT="57" CONTENT="girent" SUBS_TYPE="HypPart2" SUBS_CONTENT="surgirent" WC="0.98" CC="631065"/>
						<SP ID="P17_SP00037" HPOS="353" VPOS="1095" WIDTH="29"/>
						<String ID="P17_ST00046" HPOS="382" VPOS="1072" WIDTH="9" HEIGHT="8" CONTENT="." WC="0.67" CC="3"/>
						<SP ID="P17_SP00038" HPOS="391" VPOS="1095" WIDTH="53"/>
						<String ID="P17_ST00047" HPOS="444" VPOS="1072" WIDTH="9" HEIGHT="9" CONTENT="." WC="0.93" CC="0"/>
						<SP ID="P17_SP00039" HPOS="453" VPOS="1095" WIDTH="18"/>
						<String ID="P17_ST00048" HPOS="471" VPOS="1072" WIDTH="9" HEIGHT="8" CONTENT="." WC="1.00" CC="0"/>
						<SP ID="P17_SP00040" HPOS="480" VPOS="1095" WIDTH="33"/>
						<String ID="P17_ST00049" HPOS="513" VPOS="1037" WIDTH="90" HEIGHT="45" CONTENT="des" WC="1.00" CC="000"/>
						<SP ID="P17_SP00041" HPOS="603" VPOS="1095" WIDTH="38"/>
						<String ID="P17_ST00050" HPOS="641" VPOS="1037" WIDTH="171" HEIGHT="48" CONTENT="lettres" WC="0.98" CC="6056403"/>
						<SP ID="P17_SP00042" HPOS="812" VPOS="1095" WIDTH="47"/>
						<String ID="P17_ST00051" HPOS="859" VPOS="1040" WIDTH="325" HEIGHT="50" CONTENT="n'arrivèrent" WC="0.99" CC="630335404030"/>
						<SP ID="P17_SP00043" HPOS="1184" VPOS="1095" WIDTH="28"/>
						<String ID="P17_ST00052" HPOS="1212" VPOS="1061" WIDTH="91" HEIGHT="45" CONTENT="pas" WC="0.98" CC="014"/>
						<SP ID="P17_SP00044" HPOS="1303" VPOS="1106" WIDTH="48"/>
						<String ID="P17_ST00053" HPOS="1351" VPOS="1049" WIDTH="27" HEIGHT="43" CONTENT="à" WC="0.32" CC="6"/>
						<SP ID="P17_SP00045" HPOS="1378" VPOS="1106" WIDTH="30"/>
						<String ID="P17_ST00054" HPOS="1408" VPOS="1048" WIDTH="304" HEIGHT="50" CONTENT="destination" WC="0.99" CC="00055614058"/>
						<SP ID="P17_SP00046" HPOS="1712" VPOS="1106" WIDTH="180"/>
						<String ID="P17_ST00055" HPOS="1892" VPOS="1057" WIDTH="42" HEIGHT="58" CONTENT="je" WC="0.88" CC="02"/>
						<SP ID="P17_SP00047" HPOS="1934" VPOS="1115" WIDTH="51"/>
						<String ID="P17_ST00056" HPOS="1985" VPOS="1058" WIDTH="280" HEIGHT="50" CONTENT="n'entendis" WC="0.99" CC="7206500050"/>
						<SP ID="P17_SP00048" HPOS="2265" VPOS="1115" WIDTH="46"/>
						<String ID="P17_ST00057" HPOS="2311" VPOS="1063" WIDTH="110" HEIGHT="52" CONTENT="plus" WC="0.96" CC="6534"/>
					</TextLine>
					<TextLine ID="P17_TL00009" HPOS="186" VPOS="1098" WIDTH="2237" HEIGHT="73">
						<String ID="P17_ST00058" HPOS="186" VPOS="1098" WIDTH="167" HEIGHT="59" CONTENT="parler" WC="0.97" CC="252646"/>
						<SP ID="P17_SP00049" HPOS="353" VPOS="1157" WIDTH="28"/>
						<String ID="P17_ST00059" HPOS="381" VPOS="1098" WIDTH="61" HEIGHT="44" CONTENT="de" WC="1.00" CC="00"/>
						<SP ID="P17_SP00050" HPOS="442" VPOS="1157" WIDTH="29"/>
						<String ID="P17_ST00060" HPOS="471" VPOS="1098" WIDTH="225" HEIGHT="47" CONTENT="Matoum" WC="0.74" CC="034700"/>
						<SP ID="P17_SP00051" HPOS="696" VPOS="1157" WIDTH="29"/>
						<String ID="P17_ST00061" HPOS="725" VPOS="1101" WIDTH="25" HEIGHT="44" CONTENT="à" WC="0.47" CC="5"/>
						<SP ID="P17_SP00052" HPOS="750" VPOS="1157" WIDTH="38"/>
						<String ID="P17_ST00062" HPOS="788" VPOS="1100" WIDTH="174" HEIGHT="47" CONTENT="Rome." WC="0.98" CC="52720"/>
						<SP ID="P17_SP00053" HPOS="962" VPOS="1157" WIDTH="73"/>
						<String ID="P17_ST00063" HPOS="1035" VPOS="1104" WIDTH="120" HEIGHT="47" CONTENT="Puis" WC="0.98" CC="1501"/>
						<SP ID="P17_SP00054" HPOS="1155" VPOS="1157" WIDTH="29"/>
						<String ID="P17_ST00064" HPOS="1184" VPOS="1122" WIDTH="112" HEIGHT="31" CONTENT="vers" WC="0.98" CC="0036"/>
						<SP ID="P17_SP00055" HPOS="1296" VPOS="1157" WIDTH="32"/>
						<String ID="P17_ST00065" HPOS="1328" VPOS="1108" WIDTH="44" HEIGHT="47" CONTENT="la" WC="0.47" CC="55"/>
						<SP ID="P17_SP00056" HPOS="1372" VPOS="1157" WIDTH="31"/>
						<String ID="P17_ST00066" HPOS="1403" VPOS="1110" WIDTH="66" HEIGHT="45" CONTENT="fin" WC="0.95" CC="650"/>
						<SP ID="P17_SP00057" HPOS="1469" VPOS="1157" WIDTH="29"/>
						<String ID="P17_ST00067" HPOS="1498" VPOS="1110" WIDTH="100" HEIGHT="47" CONTENT="Mai" WC="0.97" CC="043"/>
						<SP ID="P17_SP00058" HPOS="1598" VPOS="1157" WIDTH="31"/>
						<String ID="P17_ST00068" HPOS="1629" VPOS="1128" WIDTH="96" HEIGHT="32" CONTENT="une" WC="0.97" CC="051"/>
						<SP ID="P17_SP00059" HPOS="1725" VPOS="1160" WIDTH="28"/>
						<String ID="P17_ST00069" HPOS="1753" VPOS="1119" WIDTH="135" HEIGHT="43" CONTENT="carte" WC="0.99" CC="02030"/>
						<SP ID="P17_SP00060" HPOS="1888" VPOS="1162" WIDTH="23"/>
						<String ID="P17_ST00070" HPOS="1911" VPOS="1119" WIDTH="206" HEIGHT="47" CONTENT="arrivait" WC="0.99" CC="52320003"/>
						<SP ID="P17_SP00061" HPOS="2117" VPOS="1166" WIDTH="33"/>
						<String ID="P17_ST00071" HPOS="2150" VPOS="1137" WIDTH="78" HEIGHT="32" CONTENT="me" WC="0.54" CC="62"/>
						<SP ID="P17_SP00062" HPOS="2228" VPOS="1169" WIDTH="30"/>
						<String ID="P17_ST00072" HPOS="2258" VPOS="1123" WIDTH="165" HEIGHT="48" CONTENT="disant" WC="0.99" CC="020066"/>
					</TextLine>
					<TextLine ID="P17_TL00010" HPOS="184" VPOS="1160" WIDTH="2235" HEIGHT="79">
						<String ID="P17_ST00073" HPOS="184" VPOS="1171" WIDTH="66" HEIGHT="47" CONTENT="qu" WC="0.61" CC="33"/>
						<SP ID="P17_SP00063" HPOS="250" VPOS="1218" WIDTH="20"/>
						<String ID="P17_ST00074" HPOS="270" VPOS="1171" WIDTH="64" HEIGHT="31" CONTENT="on" WC="0.53" CC="45"/>
						<SP ID="P17_SP00064" HPOS="334" VPOS="1218" WIDTH="30"/>
						<String ID="P17_ST00075" HPOS="364" VPOS="1160" WIDTH="286" HEIGHT="54" CONTENT="travaillait," WC="0.99" CC="444044504050"/>
						<SP ID="P17_SP00065" HPOS="650" VPOS="1218" WIDTH="49"/>
						<String ID="P17_ST00076" HPOS="699" VPOS="1160" WIDTH="45" HEIGHT="45" CONTENT="le" WC="0.56" CC="16"/>
						<SP ID="P17_SP00066" HPOS="744" VPOS="1218" WIDTH="39"/>
						<String ID="P17_ST00077" HPOS="783" VPOS="1161" WIDTH="64" HEIGHT="47" CONTENT="20" WC="0.36" CC="48"/>
						<SP ID="P17_SP00067" HPOS="847" VPOS="1218" WIDTH="39"/>
						<String ID="P17_ST00078" HPOS="886" VPOS="1162" WIDTH="117" HEIGHT="47" CONTENT="Juin" WC="0.96" CC="7350"/>
						<SP ID="P17_SP00068" HPOS="1003" VPOS="1218" WIDTH="32"/>
						<String ID="P17_ST00079" HPOS="1035" VPOS="1166" WIDTH="44" HEIGHT="60" CONTENT="je" WC="0.96" CC="00"/>
						<SP ID="P17_SP00069" HPOS="1079" VPOS="1226" WIDTH="34"/>
						<String ID="P17_ST00080" HPOS="1113" VPOS="1169" WIDTH="228" HEIGHT="45" CONTENT="recevais" WC="0.99" CC="40000105"/>
						<SP ID="P17_SP00070" HPOS="1341" VPOS="1226" WIDTH="49"/>
						<String ID="P17_ST00081" HPOS="1390" VPOS="1186" WIDTH="95" HEIGHT="32" CONTENT="une" WC="0.99" CC="020"/>
						<SP ID="P17_SP00071" HPOS="1485" VPOS="1226" WIDTH="28"/>
						<String ID="P17_ST00082" HPOS="1513" VPOS="1176" WIDTH="140" HEIGHT="43" CONTENT="autre" WC="0.99" CC="40600"/>
						<SP ID="P17_SP00072" HPOS="1653" VPOS="1226" WIDTH="38"/>
						<String ID="P17_ST00083" HPOS="1691" VPOS="1180" WIDTH="135" HEIGHT="43" CONTENT="carte" WC="0.97" CC="04575"/>
						<SP ID="P17_SP00073" HPOS="1826" VPOS="1226" WIDTH="29"/>
						<String ID="P17_ST00084" HPOS="1855" VPOS="1178" WIDTH="351" HEIGHT="61" CONTENT="m'annonçant" WC="0.61" CC="03267405066"/>
						<SP ID="P17_SP00074" HPOS="2206" VPOS="1239" WIDTH="26"/>
						<String ID="P17_ST00085" HPOS="2232" VPOS="1199" WIDTH="97" HEIGHT="40" CONTENT="que" WC="0.99" CC="001"/>
						<SP ID="P17_SP00075" HPOS="2329" VPOS="1239" WIDTH="47"/>
						<String ID="P17_ST00086" HPOS="2376" VPOS="1185" WIDTH="43" HEIGHT="47" CONTENT="la" WC="0.46" CC="64"/>
					</TextLine>
					<TextLine ID="P17_TL00011" HPOS="182" VPOS="1222" WIDTH="2237" HEIGHT="72">
						<String ID="P17_ST00087" HPOS="182" VPOS="1222" WIDTH="248" HEIGHT="58" CONTENT="première" WC="0.98" CC="64055440"/>
						<SP ID="P17_SP00076" HPOS="430" VPOS="1280" WIDTH="29"/>
						<String ID="P17_ST00088" HPOS="459" VPOS="1225" WIDTH="135" HEIGHT="41" CONTENT="avait" WC="0.98" CC="30165"/>
						<SP ID="P17_SP00077" HPOS="594" VPOS="1280" WIDTH="34"/>
						<String ID="P17_ST00089" HPOS="628" VPOS="1237" WIDTH="61" HEIGHT="31" CONTENT="eu" WC="0.65" CC="06"/>
						<SP ID="P17_SP00078" HPOS="689" VPOS="1280" WIDTH="43"/>
						<String ID="P17_ST00090" HPOS="732" VPOS="1223" WIDTH="97" HEIGHT="47" CONTENT="lieu" WC="0.98" CC="6200"/>
						<SP ID="P17_SP00079" HPOS="829" VPOS="1280" WIDTH="42"/>
						<String ID="P17_ST00091" HPOS="871" VPOS="1230" WIDTH="48" HEIGHT="42" CONTENT="et" WC="0.74" CC="05"/>
						<SP ID="P17_SP00080" HPOS="919" VPOS="1280" WIDTH="29"/>
						<String ID="P17_ST00092" HPOS="948" VPOS="1226" WIDTH="51" HEIGHT="61" CONTENT="je" WC="0.55" CC="53"/>
						<SP ID="P17_SP00081" HPOS="999" VPOS="1287" WIDTH="28"/>
						<String ID="P17_ST00093" HPOS="1027" VPOS="1228" WIDTH="142" HEIGHT="47" CONTENT="viens" WC="0.98" CC="05050"/>
						<SP ID="P17_SP00082" HPOS="1169" VPOS="1287" WIDTH="31"/>
						<String ID="P17_ST00094" HPOS="1200" VPOS="1231" WIDTH="129" HEIGHT="46" CONTENT="enfin" WC="0.97" CC="06663"/>
						<SP ID="P17_SP00083" HPOS="1329" VPOS="1287" WIDTH="41"/>
						<String ID="P17_ST00095" HPOS="1370" VPOS="1232" WIDTH="61" HEIGHT="47" CONTENT="de" WC="0.81" CC="03"/>
						<SP ID="P17_SP00084" HPOS="1431" VPOS="1287" WIDTH="33"/>
						<String ID="P17_ST00096" HPOS="1464" VPOS="1236" WIDTH="225" HEIGHT="47" CONTENT="recevoir" WC="0.99" CC="00000567"/>
						<SP ID="P17_SP00085" HPOS="1689" VPOS="1287" WIDTH="38"/>
						<String ID="P17_ST00097" HPOS="1727" VPOS="1254" WIDTH="96" HEIGHT="32" CONTENT="une" WC="0.96" CC="360"/>
						<SP ID="P17_SP00086" HPOS="1823" VPOS="1287" WIDTH="29"/>
						<String ID="P17_ST00098" HPOS="1852" VPOS="1239" WIDTH="144" HEIGHT="49" CONTENT="lettre" WC="0.98" CC="006351"/>
						<SP ID="P17_SP00087" HPOS="1996" VPOS="1288" WIDTH="28"/>
						<String ID="P17_ST00099" HPOS="2024" VPOS="1259" WIDTH="122" HEIGHT="32" CONTENT="avec" WC="0.99" CC="0030"/>
						<SP ID="P17_SP00088" HPOS="2146" VPOS="1291" WIDTH="28"/>
						<String ID="P17_ST00100" HPOS="2174" VPOS="1246" WIDTH="134" HEIGHT="48" CONTENT="force" WC="0.98" CC="60240"/>
						<SP ID="P17_SP00089" HPOS="2308" VPOS="1294" WIDTH="30"/>
						<String ID="P17_ST00101" HPOS="2338" VPOS="1247" WIDTH="54" HEIGHT="47" CONTENT="dé" SUBS_TYPE="HypPart1" SUBS_CONTENT="détails." WC="0.98" CC="00"/>
						<HYP HPOS="2392" VPOS="1247" WIDTH="27" CONTENT="-"/>
					</TextLine>
					<TextLine ID="P17_TL00012" HPOS="185" VPOS="1283" WIDTH="2235" HEIGHT="80">
						<String ID="P17_ST00102" HPOS="185" VPOS="1283" WIDTH="137" HEIGHT="43" CONTENT="tails." SUBS_TYPE="HypPart2" SUBS_CONTENT="détails." WC="0.97" CC="888800"/>
						<SP ID="P17_SP00090" HPOS="322" VPOS="1326" WIDTH="47"/>
						<String ID="P17_ST00103" HPOS="369" VPOS="1283" WIDTH="38" HEIGHT="46" CONTENT="G" WC="0.29" CC="7"/>
						<SP ID="P17_SP00091" HPOS="407" VPOS="1329" WIDTH="23"/>
						<String ID="P17_ST00104" HPOS="430" VPOS="1286" WIDTH="78" HEIGHT="41" CONTENT="est" WC="0.92" CC="766"/>
						<SP ID="P17_SP00092" HPOS="508" VPOS="1329" WIDTH="26"/>
						<String ID="P17_ST00105" HPOS="534" VPOS="1286" WIDTH="131" HEIGHT="44" CONTENT="cette" WC="0.98" CC="00535"/>
						<SP ID="P17_SP00093" HPOS="665" VPOS="1330" WIDTH="28"/>
						<String ID="P17_ST00106" HPOS="693" VPOS="1284" WIDTH="225" HEIGHT="48" CONTENT="dernière" WC="0.98" CC="05756002"/>
						<SP ID="P17_SP00094" HPOS="918" VPOS="1332" WIDTH="28"/>
						<String ID="P17_ST00107" HPOS="946" VPOS="1283" WIDTH="144" HEIGHT="53" CONTENT="lettre" WC="0.97" CC="665635"/>
						<SP ID="P17_SP00095" HPOS="1090" VPOS="1336" WIDTH="28"/>
						<String ID="P17_ST00108" HPOS="1118" VPOS="1306" WIDTH="99" HEIGHT="47" CONTENT="que" WC="0.97" CC="205"/>
						<SP ID="P17_SP00096" HPOS="1217" VPOS="1353" WIDTH="41"/>
						<String ID="P17_ST00109" HPOS="1258" VPOS="1292" WIDTH="52" HEIGHT="62" CONTENT="je" WC="0.71" CC="23"/>
						<SP ID="P17_SP00097" HPOS="1310" VPOS="1354" WIDTH="29"/>
						<String ID="P17_ST00110" HPOS="1339" VPOS="1294" WIDTH="186" HEIGHT="61" CONTENT="publie," WC="0.99" CC="0362013"/>
						<SP ID="P17_SP00098" HPOS="1525" VPOS="1355" WIDTH="42"/>
						<String ID="P17_ST00111" HPOS="1567" VPOS="1301" WIDTH="131" HEIGHT="44" CONTENT="cette" WC="0.97" CC="06666"/>
						<SP ID="P17_SP00099" HPOS="1698" VPOS="1355" WIDTH="49"/>
						<String ID="P17_ST00112" HPOS="1747" VPOS="1298" WIDTH="142" HEIGHT="50" CONTENT="lettre" WC="0.98" CC="006661"/>
						<SP ID="P17_SP00100" HPOS="1889" VPOS="1355" WIDTH="35"/>
						<String ID="P17_ST00113" HPOS="1924" VPOS="1302" WIDTH="210" HEIGHT="60" CONTENT="chaude," WC="0.99" CC="0053060"/>
						<SP ID="P17_SP00101" HPOS="2134" VPOS="1362" WIDTH="39"/>
						<String ID="P17_ST00114" HPOS="2173" VPOS="1308" WIDTH="217" HEIGHT="55" CONTENT="emprein" SUBS_TYPE="HypPart1" SUBS_CONTENT="empreinte" WC="0.98" CC="1808737"/>
						<HYP HPOS="2390" VPOS="1308" WIDTH="30" CONTENT="-"/>
					</TextLine>
					<TextLine ID="P17_TL00013" HPOS="188" VPOS="1346" WIDTH="2236" HEIGHT="78">
						<String ID="P17_ST00115" HPOS="188" VPOS="1346" WIDTH="49" HEIGHT="42" CONTENT="te" SUBS_TYPE="HypPart2" SUBS_CONTENT="empreinte" WC="0.60" CC="07"/>
						<SP ID="P17_SP00102" HPOS="237" VPOS="1388" WIDTH="28"/>
						<String ID="P17_ST00116" HPOS="265" VPOS="1346" WIDTH="62" HEIGHT="44" CONTENT="de" WC="0.86" CC="02"/>
						<SP ID="P17_SP00103" HPOS="327" VPOS="1390" WIDTH="24"/>
						<String ID="P17_ST00117" HPOS="351" VPOS="1346" WIDTH="13" HEIGHT="42" CONTENT="1" WC="0.45" CC="5"/>
						<SP ID="P17_SP00104" HPOS="364" VPOS="1390" WIDTH="22"/>
						<String ID="P17_ST00118" HPOS="386" VPOS="1346" WIDTH="378" HEIGHT="47" CONTENT="enthousiasme" WC="0.99" CC="115753643013"/>
						<SP ID="P17_SP00105" HPOS="764" VPOS="1393" WIDTH="28"/>
						<String ID="P17_ST00119" HPOS="792" VPOS="1348" WIDTH="61" HEIGHT="47" CONTENT="de" WC="1.00" CC="00"/>
						<SP ID="P17_SP00106" HPOS="853" VPOS="1395" WIDTH="29"/>
						<String ID="P17_ST00120" HPOS="882" VPOS="1349" WIDTH="130" HEIGHT="47" CONTENT="celui" WC="1.00" CC="00010"/>
						<SP ID="P17_SP00107" HPOS="1012" VPOS="1396" WIDTH="28"/>
						<String ID="P17_ST00121" HPOS="1040" VPOS="1353" WIDTH="85" HEIGHT="60" CONTENT="qui" WC="0.98" CC="004"/>
						<SP ID="P17_SP00108" HPOS="1125" VPOS="1413" WIDTH="30"/>
						<String ID="P17_ST00122" HPOS="1155" VPOS="1354" WIDTH="136" HEIGHT="47" CONTENT="vient" WC="0.99" CC="00016"/>
						<SP ID="P17_SP00109" HPOS="1291" VPOS="1413" WIDTH="46"/>
						<String ID="P17_ST00123" HPOS="1337" VPOS="1357" WIDTH="160" HEIGHT="59" CONTENT="d'agir" WC="0.99" CC="000660"/>
						<SP ID="P17_SP00110" HPOS="1497" VPOS="1416" WIDTH="43"/>
						<String ID="P17_ST00124" HPOS="1540" VPOS="1363" WIDTH="50" HEIGHT="42" CONTENT="et" WC="0.61" CC="15"/>
						<SP ID="P17_SP00111" HPOS="1590" VPOS="1416" WIDTH="26"/>
						<String ID="P17_ST00125" HPOS="1616" VPOS="1359" WIDTH="61" HEIGHT="47" CONTENT="de" WC="1.00" CC="00"/>
						<SP ID="P17_SP00112" HPOS="1677" VPOS="1416" WIDTH="31"/>
						<String ID="P17_ST00126" HPOS="1708" VPOS="1362" WIDTH="123" HEIGHT="57" CONTENT="voir," WC="0.99" CC="00120"/>
						<SP ID="P17_SP00113" HPOS="1831" VPOS="1419" WIDTH="33"/>
						<String ID="P17_ST00127" HPOS="1864" VPOS="1371" WIDTH="212" HEIGHT="53" CONTENT="pensant" WC="0.99" CC="0004330"/>
						<SP ID="P17_SP00114" HPOS="2076" VPOS="1424" WIDTH="25"/>
						<String ID="P17_ST00128" HPOS="2101" VPOS="1383" WIDTH="98" HEIGHT="41" CONTENT="que" WC="0.98" CC="600"/>
						<SP ID="P17_SP00115" HPOS="2199" VPOS="1424" WIDTH="28"/>
						<String ID="P17_ST00129" HPOS="2227" VPOS="1369" WIDTH="169" HEIGHT="49" CONTENT="l'admi" SUBS_TYPE="HypPart1" SUBS_CONTENT="l'admirable" WC="0.99" CC="030061"/>
						<HYP HPOS="2396" VPOS="1369" WIDTH="28" CONTENT="-"/>
					</TextLine>
					<TextLine ID="P17_TL00014" HPOS="188" VPOS="1406" WIDTH="2241" HEIGHT="80">
						<String ID="P17_ST00130" HPOS="188" VPOS="1406" WIDTH="139" HEIGHT="45" CONTENT="rable" SUBS_TYPE="HypPart2" SUBS_CONTENT="l'admirable" WC="0.98" CC="40650"/>
						<SP ID="P17_SP00116" HPOS="327" VPOS="1451" WIDTH="37"/>
						<String ID="P17_ST00131" HPOS="364" VPOS="1406" WIDTH="306" HEIGHT="47" CONTENT="dévoûment" WC="0.68" CC="020355055"/>
						<SP ID="P17_SP00117" HPOS="670" VPOS="1453" WIDTH="45"/>
						<String ID="P17_ST00132" HPOS="715" VPOS="1407" WIDTH="62" HEIGHT="49" CONTENT="de" WC="0.65" CC="70"/>
						<SP ID="P17_SP00118" HPOS="777" VPOS="1456" WIDTH="43"/>
						<String ID="P17_ST00133" HPOS="820" VPOS="1424" WIDTH="124" HEIGHT="33" CONTENT="ceux" WC="1.00" CC="0000"/>
						<SP ID="P17_SP00119" HPOS="944" VPOS="1457" WIDTH="33"/>
						<String ID="P17_ST00134" HPOS="977" VPOS="1411" WIDTH="86" HEIGHT="62" CONTENT="qui" WC="0.99" CC="003"/>
						<SP ID="P17_SP00120" HPOS="1063" VPOS="1473" WIDTH="27"/>
						<String ID="P17_ST00135" HPOS="1090" VPOS="1428" WIDTH="55" HEIGHT="33" CONTENT="se" WC="0.96" CC="00"/>
						<SP ID="P17_SP00121" HPOS="1145" VPOS="1473" WIDTH="46"/>
						<String ID="P17_ST00136" HPOS="1191" VPOS="1415" WIDTH="192" HEIGHT="48" CONTENT="battent" WC="0.98" CC="6165046"/>
						<SP ID="P17_SP00122" HPOS="1383" VPOS="1473" WIDTH="47"/>
						<String ID="P17_ST00137" HPOS="1430" VPOS="1419" WIDTH="166" HEIGHT="48" CONTENT="là-bas" WC="0.98" CC="061054"/>
						<SP ID="P17_SP00123" HPOS="1596" VPOS="1473" WIDTH="28"/>
						<String ID="P17_ST00138" HPOS="1624" VPOS="1437" WIDTH="127" HEIGHT="45" CONTENT="pour" WC="0.98" CC="0442"/>
						<SP ID="P17_SP00124" HPOS="1751" VPOS="1482" WIDTH="24"/>
						<String ID="P17_ST00139" HPOS="1775" VPOS="1451" WIDTH="10" HEIGHT="7" CONTENT="-" WC="0.54" CC="4"/>
						<SP ID="P17_SP00125" HPOS="1785" VPOS="1482" WIDTH="17"/>
						<String ID="P17_ST00140" HPOS="1802" VPOS="1423" WIDTH="109" HEIGHT="48" CONTENT="l'art" WC="0.99" CC="00033"/>
						<SP ID="P17_SP00126" HPOS="1911" VPOS="1482" WIDTH="34"/>
						<String ID="P17_ST00141" HPOS="1945" VPOS="1440" WIDTH="61" HEIGHT="33" CONTENT="ne" WC="0.66" CC="60"/>
						<SP ID="P17_SP00127" HPOS="2006" VPOS="1482" WIDTH="46"/>
						<String ID="P17_ST00142" HPOS="2052" VPOS="1428" WIDTH="108" HEIGHT="47" CONTENT="doit" WC="0.98" CC="0135"/>
						<SP ID="P17_SP00128" HPOS="2160" VPOS="1482" WIDTH="35"/>
						<String ID="P17_ST00143" HPOS="2195" VPOS="1444" WIDTH="91" HEIGHT="42" CONTENT="pas" WC="0.97" CC="502"/>
						<SP ID="P17_SP00129" HPOS="2286" VPOS="1486" WIDTH="40"/>
						<String ID="P17_ST00144" HPOS="2326" VPOS="1435" WIDTH="103" HEIGHT="44" CONTENT="être" WC="0.97" CC="7420"/>
					</TextLine>
					<TextLine ID="P17_TL00015" HPOS="190" VPOS="1468" WIDTH="2141" HEIGHT="82">
						<String ID="P17_ST00145" HPOS="190" VPOS="1480" WIDTH="175" HEIGHT="48" CONTENT="ignore" WC="0.98" CC="264340"/>
						<SP ID="P17_SP00130" HPOS="365" VPOS="1528" WIDTH="35"/>
						<String ID="P17_ST00146" HPOS="400" VPOS="1468" WIDTH="90" HEIGHT="46" CONTENT="des" WC="0.98" CC="005"/>
						<SP ID="P17_SP00131" HPOS="490" VPOS="1528" WIDTH="37"/>
						<String ID="P17_ST00147" HPOS="527" VPOS="1468" WIDTH="214" HEIGHT="49" CONTENT="lecteurs" WC="0.99" CC="56060300"/>
						<SP ID="P17_SP00132" HPOS="741" VPOS="1528" WIDTH="28"/>
						<String ID="P17_ST00148" HPOS="769" VPOS="1471" WIDTH="62" HEIGHT="47" CONTENT="de" WC="1.00" CC="00"/>
						<SP ID="P17_SP00133" HPOS="831" VPOS="1528" WIDTH="710"/>
						<String ID="P17_ST00149" HPOS="1541" VPOS="1472" WIDTH="88" HEIGHT="46" CONTENT="Sic" WC="0.98" CC="401" STYLEREFS="TXT_5"/>
						<SP ID="P17_SP00134" HPOS="1629" VPOS="1528" WIDTH="-652"/>
						<String ID="P17_ST00150" HPOS="977" VPOS="1479" WIDTH="366" HEIGHT="68" CONTENT="sous-prétexte" WC="1.00" CC="3006070000054"/>
						<SP ID="P17_SP00135" HPOS="1629" VPOS="1547" WIDTH="-263"/>
						<String ID="P17_ST00151" HPOS="1366" VPOS="1480" WIDTH="118" HEIGHT="70" CONTENT="qu'il" WC="0.98" CC="00065"/>
						<SP ID="P17_SP00136" HPOS="1629" VPOS="1550" WIDTH="-107"/>
						<String ID="P17_ST00152" HPOS="1522" VPOS="1481" WIDTH="150" HEIGHT="64" CONTENT="s'agit" WC="0.98" CC="505026"/>
						<SP ID="P17_SP00137" HPOS="1672" VPOS="1550" WIDTH="27"/>
						<String ID="P17_ST00153" HPOS="1699" VPOS="1484" WIDTH="148" HEIGHT="49" CONTENT="d'une" WC="0.99" CC="00050"/>
						<SP ID="P17_SP00138" HPOS="1847" VPOS="1550" WIDTH="28"/>
						<String ID="P17_ST00154" HPOS="1875" VPOS="1487" WIDTH="61" HEIGHT="47" CONTENT="de" WC="1.00" CC="00"/>
						<SP ID="P17_SP00139" HPOS="1936" VPOS="1550" WIDTH="31"/>
						<String ID="P17_ST00155" HPOS="1967" VPOS="1504" WIDTH="106" HEIGHT="32" CONTENT="mes" WC="1.00" CC="000"/>
						<SP ID="P17_SP00140" HPOS="2073" VPOS="1550" WIDTH="40"/>
						<String ID="P17_ST00156" HPOS="2113" VPOS="1505" WIDTH="218" HEIGHT="35" CONTENT="œuvres." WC="1.00" CC="0000002"/>
					</TextLine>
					<TextLine ID="P17_TL00016" HPOS="255" VPOS="1528" WIDTH="2173" HEIGHT="81">
						<String ID="P17_ST00157" HPOS="255" VPOS="1531" WIDTH="62" HEIGHT="44" CONTENT="Et" WC="0.84" CC="30"/>
						<SP ID="P17_SP00141" HPOS="317" VPOS="1575" WIDTH="20"/>
						<String ID="P17_ST00158" HPOS="337" VPOS="1528" WIDTH="54" HEIGHT="62" CONTENT="je" WC="0.92" CC="00"/>
						<SP ID="P17_SP00142" HPOS="391" VPOS="1590" WIDTH="25"/>
						<String ID="P17_ST00159" HPOS="416" VPOS="1545" WIDTH="179" HEIGHT="47" CONTENT="pense," WC="0.98" CC="903040"/>
						<SP ID="P17_SP00143" HPOS="595" VPOS="1592" WIDTH="42"/>
						<String ID="P17_ST00160" HPOS="637" VPOS="1547" WIDTH="57" HEIGHT="32" CONTENT="ce" WC="0.79" CC="04"/>
						<SP ID="P17_SP00144" HPOS="694" VPOS="1592" WIDTH="28"/>
						<String ID="P17_ST00161" HPOS="722" VPOS="1533" WIDTH="198" HEIGHT="59" CONTENT="faisant," WC="0.99" CC="37405140"/>
						<SP ID="P17_SP00145" HPOS="920" VPOS="1592" WIDTH="26"/>
						<String ID="P17_ST00162" HPOS="946" VPOS="1538" WIDTH="268" HEIGHT="46" CONTENT="remercier" WC="0.99" CC="220450510"/>
						<SP ID="P17_SP00146" HPOS="1214" VPOS="1592" WIDTH="26"/>
						<String ID="P17_ST00163" HPOS="1240" VPOS="1540" WIDTH="394" HEIGHT="63" CONTENT="publiquement," WC="1.00" CC="0000606504051"/>
						<SP ID="P17_SP00147" HPOS="1634" VPOS="1603" WIDTH="33"/>
						<String ID="P17_ST00164" HPOS="1667" VPOS="1561" WIDTH="197" HEIGHT="34" CONTENT="comme" WC="0.97" CC="03692"/>
						<SP ID="P17_SP00148" HPOS="1864" VPOS="1603" WIDTH="28"/>
						<String ID="P17_ST00165" HPOS="1892" VPOS="1550" WIDTH="33" HEIGHT="45" CONTENT="il" WC="0.49" CC="27"/>
						<SP ID="P17_SP00149" HPOS="1925" VPOS="1603" WIDTH="41"/>
						<String ID="P17_ST00166" HPOS="1966" VPOS="1552" WIDTH="250" HEIGHT="57" CONTENT="convient," WC="0.99" CC="027050033"/>
						<SP ID="P17_SP00150" HPOS="2216" VPOS="1609" WIDTH="30"/>
						<String ID="P17_ST00167" HPOS="2246" VPOS="1553" WIDTH="182" HEIGHT="50" CONTENT="Enrico" WC="0.64" CC="136206"/>
					</TextLine>
					<TextLine ID="P17_TL00017" HPOS="194" VPOS="1593" WIDTH="2233" HEIGHT="79">
						<String ID="P17_ST00168" HPOS="194" VPOS="1593" WIDTH="305" HEIGHT="58" CONTENT="Prampolini" WC="0.62" CC="0540055456"/>
						<SP ID="P17_SP00151" HPOS="499" VPOS="1651" WIDTH="57"/>
						<String ID="P17_ST00169" HPOS="556" VPOS="1595" WIDTH="347" HEIGHT="59" CONTENT="organisateur" WC="0.99" CC="400701570720"/>
						<SP ID="P17_SP00152" HPOS="903" VPOS="1654" WIDTH="47"/>
						<String ID="P17_ST00170" HPOS="950" VPOS="1598" WIDTH="60" HEIGHT="46" CONTENT="de" WC="0.62" CC="07"/>
						<SP ID="P17_SP00153" HPOS="1010" VPOS="1654" WIDTH="44"/>
						<String ID="P17_ST00171" HPOS="1054" VPOS="1603" WIDTH="129" HEIGHT="43" CONTENT="cette" WC="0.96" CC="17457"/>
						<SP ID="P17_SP00154" HPOS="1183" VPOS="1654" WIDTH="29"/>
						<String ID="P17_ST00172" HPOS="1212" VPOS="1602" WIDTH="390" HEIGHT="61" CONTENT="manifestation," WC="0.99" CC="07722705765274"/>
						<SP ID="P17_SP00155" HPOS="1602" VPOS="1663" WIDTH="33"/>
						<String ID="P17_ST00173" HPOS="1635" VPOS="1607" WIDTH="219" HEIGHT="49" CONTENT="Vittorio" WC="0.83" CC="04020032"/>
						<SP ID="P17_SP00156" HPOS="1854" VPOS="1663" WIDTH="48"/>
						<String ID="P17_ST00174" HPOS="1902" VPOS="1611" WIDTH="165" HEIGHT="59" CONTENT="Orazi," WC="0.73" CC="400144"/>
						<SP ID="P17_SP00157" HPOS="2067" VPOS="1670" WIDTH="34"/>
						<String ID="P17_ST00175" HPOS="2101" VPOS="1614" WIDTH="84" HEIGHT="58" CONTENT="qui" WC="0.94" CC="905"/>
						<SP ID="P17_SP00158" HPOS="2185" VPOS="1672" WIDTH="38"/>
						<String ID="P17_ST00176" HPOS="2223" VPOS="1617" WIDTH="75" HEIGHT="46" CONTENT="n'a" WC="0.94" CC="707"/>
						<SP ID="P17_SP00159" HPOS="2298" VPOS="1672" WIDTH="37"/>
						<String ID="P17_ST00177" HPOS="2335" VPOS="1632" WIDTH="92" HEIGHT="40" CONTENT="pas" WC="0.94" CC="970"/>
					</TextLine>
					<TextLine ID="P17_TL00018" HPOS="190" VPOS="1653" WIDTH="2241" HEIGHT="72">
						<String ID="P17_ST00178" HPOS="190" VPOS="1653" WIDTH="161" HEIGHT="45" CONTENT="craint" WC="0.99" CC="014000"/>
						<SP ID="P17_SP00160" HPOS="351" VPOS="1698" WIDTH="33"/>
						<String ID="P17_ST00179" HPOS="384" VPOS="1653" WIDTH="407" HEIGHT="63" CONTENT="d'entreprendre" WC="1.00" CC="93033400000050"/>
						<SP ID="P17_SP00161" HPOS="791" VPOS="1716" WIDTH="30"/>
						<String ID="P17_ST00180" HPOS="821" VPOS="1656" WIDTH="45" HEIGHT="49" CONTENT="la" WC="1.00" CC="00"/>
						<SP ID="P17_SP00162" HPOS="866" VPOS="1716" WIDTH="38"/>
						<String ID="P17_ST00181" HPOS="904" VPOS="1659" WIDTH="280" HEIGHT="48" CONTENT="traduction" WC="0.99" CC="4000408330"/>
						<SP ID="P17_SP00163" HPOS="1184" VPOS="1716" WIDTH="30"/>
						<String ID="P17_ST00182" HPOS="1214" VPOS="1661" WIDTH="205" HEIGHT="50" CONTENT="difficile" WC="0.99" CC="013650000"/>
						<SP ID="P17_SP00164" HPOS="1419" VPOS="1716" WIDTH="28"/>
						<String ID="P17_ST00183" HPOS="1447" VPOS="1665" WIDTH="63" HEIGHT="48" CONTENT="de" WC="1.00" CC="00"/>
						<SP ID="P17_SP00165" HPOS="1510" VPOS="1716" WIDTH="28"/>
						<String ID="P17_ST00184" HPOS="1538" VPOS="1683" WIDTH="57" HEIGHT="32" CONTENT="ce" WC="1.00" CC="00"/>
						<SP ID="P17_SP00166" HPOS="1595" VPOS="1716" WIDTH="19"/>
						<String ID="P17_ST00185" HPOS="1614" VPOS="1668" WIDTH="170" HEIGHT="48" CONTENT="drame" WC="0.98" CC="03351"/>
						<SP ID="P17_SP00167" HPOS="1784" VPOS="1716" WIDTH="28"/>
						<String ID="P17_ST00186" HPOS="1812" VPOS="1675" WIDTH="49" HEIGHT="42" CONTENT="et" WC="0.71" CC="50"/>
						<SP ID="P17_SP00168" HPOS="1861" VPOS="1717" WIDTH="22"/>
						<String ID="P17_ST00187" HPOS="1883" VPOS="1672" WIDTH="157" HEIGHT="48" CONTENT="Mario" WC="0.98" CC="05430"/>
						<SP ID="P17_SP00169" HPOS="2040" VPOS="1720" WIDTH="49"/>
						<String ID="P17_ST00188" HPOS="2089" VPOS="1674" WIDTH="184" HEIGHT="50" CONTENT="Recchi" WC="0.67" CC="800064"/>
						<SP ID="P17_SP00170" HPOS="2273" VPOS="1724" WIDTH="44"/>
						<String ID="P17_ST00189" HPOS="2317" VPOS="1677" WIDTH="13" HEIGHT="47" CONTENT="1" WC="1.00" CC="0"/>
						<SP ID="P17_SP00171" HPOS="2330" VPOS="1724" WIDTH="22"/>
						<String ID="P17_ST00190" HPOS="2352" VPOS="1694" WIDTH="53" HEIGHT="31" CONTENT="ac" SUBS_TYPE="HypPart1" SUBS_CONTENT="actif" WC="0.97" CC="40"/>
						<HYP HPOS="2405" VPOS="1694" WIDTH="26" CONTENT="-"/>
					</TextLine>
					<TextLine ID="P17_TL00019" HPOS="190" VPOS="1713" WIDTH="653" HEIGHT="67">
						<String ID="P17_ST00191" HPOS="190" VPOS="1713" WIDTH="64" HEIGHT="46" CONTENT="tif" SUBS_TYPE="HypPart2" SUBS_CONTENT="actif" WC="0.98" CC="014"/>
						<SP ID="P17_SP00172" HPOS="254" VPOS="1759" WIDTH="39"/>
						<String ID="P17_ST00192" HPOS="293" VPOS="1715" WIDTH="98" HEIGHT="45" CONTENT="ami" WC="0.94" CC="590"/>
						<SP ID="P17_SP00173" HPOS="391" VPOS="1760" WIDTH="30"/>
						<String ID="P17_ST00193" HPOS="421" VPOS="1715" WIDTH="61" HEIGHT="48" CONTENT="de" WC="1.00" CC="00"/>
						<SP ID="P17_SP00174" HPOS="482" VPOS="1763" WIDTH="29"/>
						<String ID="P17_ST00194" HPOS="511" VPOS="1716" WIDTH="332" HEIGHT="64" CONTENT="Prampolini." WC="0.73" CC="04130425520"/>
					</TextLine>
					<TextLine ID="P17_TL00020" HPOS="289" VPOS="1788" WIDTH="2142" HEIGHT="60">
						<String ID="P17_ST00195" HPOS="289" VPOS="1788" WIDTH="43" HEIGHT="30" CONTENT="Je" WC="0.43" CC="55" STYLEREFS="TXT_6"/>
						<SP ID="P17_SP00175" HPOS="332" VPOS="1818" WIDTH="24"/>
						<String ID="P17_ST00196" HPOS="356" VPOS="1789" WIDTH="76" HEIGHT="30" CONTENT="dois" WC="0.98" CC="0700" STYLEREFS="TXT_6"/>
						<SP ID="P17_SP00176" HPOS="432" VPOS="1819" WIDTH="20"/>
						<String ID="P17_ST00197" HPOS="452" VPOS="1790" WIDTH="139" HEIGHT="38" CONTENT="ajouter" WC="0.98" CC="5535503" STYLEREFS="TXT_6"/>
						<SP ID="P17_SP00177" HPOS="591" VPOS="1828" WIDTH="19"/>
						<String ID="P17_ST00198" HPOS="610" VPOS="1799" WIDTH="65" HEIGHT="29" CONTENT="que" WC="0.97" CC="322" STYLEREFS="TXT_6"/>
						<SP ID="P17_SP00178" HPOS="675" VPOS="1828" WIDTH="19"/>
						<String ID="P17_ST00199" HPOS="694" VPOS="1792" WIDTH="49" HEIGHT="29" CONTENT="M." WC="0.64" CC="07" STYLEREFS="TXT_6"/>
						<SP ID="P17_SP00179" HPOS="743" VPOS="1828" WIDTH="25"/>
						<String ID="P17_ST00200" HPOS="768" VPOS="1793" WIDTH="121" HEIGHT="30" CONTENT="Carlos" WC="0.98" CC="564130" STYLEREFS="TXT_6"/>
						<SP ID="P17_SP00180" HPOS="889" VPOS="1828" WIDTH="36"/>
						<String ID="P17_ST00201" HPOS="925" VPOS="1795" WIDTH="177" HEIGHT="31" CONTENT="Larronde" WC="0.70" CC="06650400" STYLEREFS="TXT_6"/>
						<SP ID="P17_SP00181" HPOS="1102" VPOS="1828" WIDTH="18"/>
						<String ID="P17_ST00202" HPOS="1120" VPOS="1798" WIDTH="140" HEIGHT="29" CONTENT="m'avait" WC="0.98" CC="5466005" STYLEREFS="TXT_6"/>
						<SP ID="P17_SP00182" HPOS="1260" VPOS="1828" WIDTH="37"/>
						<String ID="P17_ST00203" HPOS="1297" VPOS="1799" WIDTH="171" HEIGHT="31" CONTENT="demandé" WC="0.98" CC="0894606" STYLEREFS="TXT_6"/>
						<SP ID="P17_SP00183" HPOS="1468" VPOS="1830" WIDTH="28"/>
						<String ID="P17_ST00204" HPOS="1496" VPOS="1802" WIDTH="154" HEIGHT="30" CONTENT="Matoum" WC="0.60" CC="579001" STYLEREFS="TXT_6"/>
						<SP ID="P17_SP00184" HPOS="1650" VPOS="1832" WIDTH="30"/>
						<String ID="P17_ST00205" HPOS="1680" VPOS="1806" WIDTH="34" HEIGHT="28" CONTENT="et" WC="0.59" CC="08" STYLEREFS="TXT_6"/>
						<SP ID="P17_SP00185" HPOS="1714" VPOS="1834" WIDTH="19"/>
						<String ID="P17_ST00206" HPOS="1733" VPOS="1804" WIDTH="151" HEIGHT="32" CONTENT="Tévibar" WC="0.58" CC="0702675" STYLEREFS="TXT_6"/>
						<SP ID="P17_SP00186" HPOS="1884" VPOS="1836" WIDTH="29"/>
						<String ID="P17_ST00207" HPOS="1913" VPOS="1816" WIDTH="86" HEIGHT="28" CONTENT="pour" WC="0.98" CC="0603" STYLEREFS="TXT_6"/>
						<SP ID="P17_SP00187" HPOS="1999" VPOS="1844" WIDTH="17"/>
						<String ID="P17_ST00208" HPOS="2016" VPOS="1809" WIDTH="31" HEIGHT="29" CONTENT="le" WC="0.72" CC="23" STYLEREFS="TXT_6"/>
						<SP ID="P17_SP00188" HPOS="2047" VPOS="1844" WIDTH="18"/>
						<String ID="P17_ST00209" HPOS="2065" VPOS="1811" WIDTH="141" HEIGHT="37" CONTENT="guiguol" WC="0.61" CC="7550430" STYLEREFS="TXT_6"/>
						<SP ID="P17_SP00189" HPOS="2206" VPOS="1848" WIDTH="20"/>
						<String ID="P17_ST00210" HPOS="2226" VPOS="1812" WIDTH="41" HEIGHT="29" CONTENT="de" WC="0.69" CC="06" STYLEREFS="TXT_6"/>
						<SP ID="P17_SP00190" HPOS="2267" VPOS="1848" WIDTH="22"/>
						<String ID="P17_ST00211" HPOS="2289" VPOS="1813" WIDTH="142" HEIGHT="31" CONTENT="l'Altran" WC="0.97" CC="53688538" STYLEREFS="TXT_6"/>
					</TextLine>
					<TextLine ID="P17_TL00021" HPOS="196" VPOS="1837" WIDTH="2235" HEIGHT="61">
						<String ID="P17_ST00212" HPOS="196" VPOS="1837" WIDTH="68" HEIGHT="35" CONTENT="chi," WC="0.40" CC="7564" STYLEREFS="TXT_6"/>
						<SP ID="P17_SP00191" HPOS="264" VPOS="1872" WIDTH="22"/>
						<String ID="P17_ST00213" HPOS="286" VPOS="1837" WIDTH="30" HEIGHT="30" CONTENT="la" WC="0.38" CC="66" STYLEREFS="TXT_6"/>
						<SP ID="P17_SP00192" HPOS="316" VPOS="1872" WIDTH="23"/>
						<String ID="P17_ST00214" HPOS="339" VPOS="1841" WIDTH="283" HEIGHT="36" CONTENT="représentation" WC="0.99" CC="40261004760604" STYLEREFS="TXT_6"/>
						<SP ID="P17_SP00193" HPOS="622" VPOS="1877" WIDTH="23"/>
						<String ID="P17_ST00215" HPOS="645" VPOS="1842" WIDTH="111" HEIGHT="29" CONTENT="aurait" WC="0.98" CC="603403" STYLEREFS="TXT_6"/>
						<SP ID="P17_SP00194" HPOS="756" VPOS="1877" WIDTH="20"/>
						<String ID="P17_ST00216" HPOS="776" VPOS="1843" WIDTH="129" HEIGHT="30" CONTENT="eu-lieu" WC="0.98" CC="0434415" STYLEREFS="TXT_6"/>
						<SP ID="P17_SP00195" HPOS="905" VPOS="1877" WIDTH="20"/>
						<String ID="P17_ST00217" HPOS="925" VPOS="1843" WIDTH="198" HEIGHT="39" CONTENT="également" WC="0.99" CC="565630020" STYLEREFS="TXT_6"/>
						<SP ID="P17_SP00196" HPOS="1123" VPOS="1882" WIDTH="32"/>
						<String ID="P17_ST00218" HPOS="1155" VPOS="1855" WIDTH="41" HEIGHT="21" CONTENT="en" WC="0.71" CC="05" STYLEREFS="TXT_6"/>
						<SP ID="P17_SP00197" HPOS="1196" VPOS="1882" WIDTH="21"/>
						<String ID="P17_ST00219" HPOS="1217" VPOS="1847" WIDTH="96" HEIGHT="35" CONTENT="Juin," WC="0.98" CC="06080" STYLEREFS="TXT_6"/>
						<SP ID="P17_SP00198" HPOS="1313" VPOS="1882" WIDTH="21"/>
						<String ID="P17_ST00220" HPOS="1334" VPOS="1849" WIDTH="30" HEIGHT="29" CONTENT="si" WC="0.98" CC="00" STYLEREFS="TXT_6"/>
						<SP ID="P17_SP00199" HPOS="1364" VPOS="1882" WIDTH="35"/>
						<String ID="P17_ST00221" HPOS="1399" VPOS="1858" WIDTH="62" HEIGHT="28" CONTENT="par" WC="0.98" CC="006" STYLEREFS="TXT_6"/>
						<SP ID="P17_SP00200" HPOS="1461" VPOS="1886" WIDTH="21"/>
						<String ID="P17_ST00222" HPOS="1482" VPOS="1852" WIDTH="90" HEIGHT="29" CONTENT="suite" WC="0.98" CC="04051" STYLEREFS="TXT_6"/>
						<SP ID="P17_SP00201" HPOS="1572" VPOS="1886" WIDTH="28"/>
						<String ID="P17_ST00223" HPOS="1600" VPOS="1853" WIDTH="42" HEIGHT="29" CONTENT="de" WC="0.67" CC="06" STYLEREFS="TXT_6"/>
						<SP ID="P17_SP00202" HPOS="1642" VPOS="1886" WIDTH="34"/>
						<String ID="P17_ST00224" HPOS="1676" VPOS="1862" WIDTH="79" HEIGHT="21" CONTENT="mon" WC="0.96" CC="225" STYLEREFS="TXT_6"/>
						<SP ID="P17_SP00203" HPOS="1755" VPOS="1886" WIDTH="20"/>
						<String ID="P17_ST00225" HPOS="1775" VPOS="1853" WIDTH="236" HEIGHT="40" CONTENT="éloignement" WC="0.70" CC="53009420500" STYLEREFS="TXT_6"/>
						<SP ID="P17_SP00204" HPOS="2011" VPOS="1893" WIDTH="21"/>
						<String ID="P17_ST00226" HPOS="2032" VPOS="1859" WIDTH="42" HEIGHT="30" CONTENT="de" WC="0.90" CC="01" STYLEREFS="TXT_6"/>
						<SP ID="P17_SP00205" HPOS="2074" VPOS="1893" WIDTH="35"/>
						<String ID="P17_ST00227" HPOS="2109" VPOS="1860" WIDTH="111" HEIGHT="34" CONTENT="Paris," WC="0.98" CC="066503" STYLEREFS="TXT_6"/>
						<SP ID="P17_SP00206" HPOS="2220" VPOS="1894" WIDTH="25"/>
						<String ID="P17_ST00228" HPOS="2245" VPOS="1861" WIDTH="35" HEIGHT="37" CONTENT="je" WC="0.54" CC="26" STYLEREFS="TXT_6"/>
						<SP ID="P17_SP00207" HPOS="2280" VPOS="1898" WIDTH="19"/>
						<String ID="P17_ST00229" HPOS="2299" VPOS="1863" WIDTH="132" HEIGHT="30" CONTENT="n'avais" WC="0.97" CC="6046748" STYLEREFS="TXT_6"/>
					</TextLine>
					<TextLine ID="P17_TL00022" HPOS="196" VPOS="1886" WIDTH="1469" HEIGHT="51">
						<String ID="P17_ST00230" HPOS="196" VPOS="1886" WIDTH="171" HEIGHT="31" CONTENT="demandé" WC="0.99" CC="0315004" STYLEREFS="TXT_6"/>
						<SP ID="P17_SP00208" HPOS="367" VPOS="1917" WIDTH="19"/>
						<String ID="P17_ST00231" HPOS="386" VPOS="1889" WIDTH="194" HEIGHT="31" CONTENT="moi-même" WC="0.99" CC="34040233" STYLEREFS="TXT_6"/>
						<SP ID="P17_SP00209" HPOS="580" VPOS="1920" WIDTH="22"/>
						<String ID="P17_ST00232" HPOS="602" VPOS="1898" WIDTH="66" HEIGHT="29" CONTENT="que" WC="0.98" CC="140" STYLEREFS="TXT_6"/>
						<SP ID="P17_SP00210" HPOS="668" VPOS="1927" WIDTH="24"/>
						<String ID="P17_ST00233" HPOS="692" VPOS="1892" WIDTH="92" HEIGHT="29" CONTENT="cette" WC="0.98" CC="08005" STYLEREFS="TXT_6"/>
						<SP ID="P17_SP00211" HPOS="784" VPOS="1927" WIDTH="19"/>
						<String ID="P17_ST00234" HPOS="803" VPOS="1892" WIDTH="263" HEIGHT="32" CONTENT="manifestation" WC="0.99" CC="3362301000354" STYLEREFS="TXT_6"/>
						<SP ID="P17_SP00212" HPOS="1066" VPOS="1927" WIDTH="20"/>
						<String ID="P17_ST00235" HPOS="1086" VPOS="1895" WIDTH="51" HEIGHT="30" CONTENT="fut" WC="0.98" CC="120" STYLEREFS="TXT_6"/>
						<SP ID="P17_SP00213" HPOS="1137" VPOS="1927" WIDTH="21"/>
						<String ID="P17_ST00236" HPOS="1158" VPOS="1896" WIDTH="127" HEIGHT="30" CONTENT="remise" WC="0.98" CC="330145" STYLEREFS="TXT_6"/>
						<SP ID="P17_SP00214" HPOS="1285" VPOS="1927" WIDTH="23"/>
						<String ID="P17_ST00237" HPOS="1308" VPOS="1898" WIDTH="17" HEIGHT="29" CONTENT="à" WC="0.85" CC="1" STYLEREFS="TXT_6"/>
						<SP ID="P17_SP00215" HPOS="1325" VPOS="1927" WIDTH="23"/>
						<String ID="P17_ST00238" HPOS="1348" VPOS="1898" WIDTH="122" HEIGHT="31" CONTENT="l'hiver" WC="0.98" CC="6130509" STYLEREFS="TXT_6"/>
						<SP ID="P17_SP00216" HPOS="1470" VPOS="1929" WIDTH="17"/>
						<String ID="P17_ST00239" HPOS="1487" VPOS="1901" WIDTH="178" HEIGHT="36" CONTENT="prochain." WC="0.99" CC="050010066" STYLEREFS="TXT_6"/>
					</TextLine>
					<TextLine ID="P17_TL00023" HPOS="1675" VPOS="1952" WIDTH="148" HEIGHT="30">
						<String ID="P17_ST00240" HPOS="1675" VPOS="1952" WIDTH="37" HEIGHT="29" CONTENT="P." WC="0.79" CC="04" STYLEREFS="TXT_6"/>
						<SP ID="P17_SP00217" HPOS="1712" VPOS="1981" WIDTH="22"/>
						<String ID="P17_ST00241" HPOS="1734" VPOS="1954" WIDTH="89" HEIGHT="28" CONTENT="A-B." WC="0.61" CC="3434" STYLEREFS="TXT_6"/>
					</TextLine>
				</TextBlock>
				<TextBlock ID="P17_TB00004" HPOS="188" VPOS="2084" WIDTH="2256" HEIGHT="1504" STYLEREFS="TXT_7 PAR_LEFT">
					<TextLine ID="P17_TL00024" HPOS="1413" VPOS="2084" WIDTH="596" HEIGHT="55">
						<String ID="P17_ST00242" HPOS="1413" VPOS="2084" WIDTH="158" HEIGHT="49" CONTENT="Rome" WC="0.97" CC="2035"/>
						<SP ID="P17_SP00218" HPOS="1571" VPOS="2133" WIDTH="47"/>
						<String ID="P17_ST00243" HPOS="1618" VPOS="2087" WIDTH="55" HEIGHT="47" CONTENT="18" WC="0.50" CC="45"/>
						<SP ID="P17_SP00219" HPOS="1673" VPOS="2134" WIDTH="52"/>
						<String ID="P17_ST00244" HPOS="1725" VPOS="2088" WIDTH="117" HEIGHT="47" CONTENT="Juin" WC="0.98" CC="0340"/>
						<SP ID="P17_SP00220" HPOS="1842" VPOS="2135" WIDTH="49"/>
						<String ID="P17_ST00245" HPOS="1891" VPOS="2091" WIDTH="118" HEIGHT="48" CONTENT="1919" WC="0.74" CC="0404"/>
					</TextLine>
					<TextLine ID="P17_TL00025" HPOS="1957" VPOS="2190" WIDTH="6" HEIGHT="9">
						<String ID="P17_ST00246" HPOS="1957" VPOS="2190" WIDTH="6" HEIGHT="9" CONTENT="r" WC="0.17" CC="8" STYLEREFS="TXT_8"/>
					</TextLine>
					<TextLine ID="P17_TL00026" HPOS="417" VPOS="2206" WIDTH="911" HEIGHT="52">
						<String ID="P17_ST00247" HPOS="417" VPOS="2206" WIDTH="121" HEIGHT="46" CONTENT="Mon" WC="0.96" CC="404"/>
						<SP ID="P17_SP00221" HPOS="538" VPOS="2252" WIDTH="58"/>
						<String ID="P17_ST00248" HPOS="596" VPOS="2206" WIDTH="120" HEIGHT="47" CONTENT="cher" WC="0.96" CC="0645"/>
						<SP ID="P17_SP00222" HPOS="716" VPOS="2253" WIDTH="43"/>
						<String ID="P17_ST00249" HPOS="759" VPOS="2208" WIDTH="170" HEIGHT="48" CONTENT="Pierre" WC="0.98" CC="036421"/>
						<SP ID="P17_SP00223" HPOS="929" VPOS="2256" WIDTH="55"/>
						<String ID="P17_ST00250" HPOS="984" VPOS="2210" WIDTH="344" HEIGHT="48" CONTENT="Albert-Birot" WC="0.68" CC="407000483503"/>
					</TextLine>
					<TextLine ID="P17_TL00027" HPOS="370" VPOS="2354" WIDTH="2068" HEIGHT="69">
						<String ID="P17_ST00251" HPOS="370" VPOS="2355" WIDTH="210" HEIGHT="46" CONTENT="Comme" WC="0.95" CC="74997"/>
						<SP ID="P17_SP00224" HPOS="580" VPOS="2401" WIDTH="30"/>
						<String ID="P17_ST00252" HPOS="610" VPOS="2354" WIDTH="130" HEIGHT="48" CONTENT="suite" WC="0.97" CC="04267"/>
						<SP ID="P17_SP00225" HPOS="740" VPOS="2402" WIDTH="29"/>
						<String ID="P17_ST00253" HPOS="769" VPOS="2373" WIDTH="26" HEIGHT="29" CONTENT="a" WC="0.29" CC="7"/>
						<SP ID="P17_SP00226" HPOS="795" VPOS="2402" WIDTH="31"/>
						<String ID="P17_ST00254" HPOS="826" VPOS="2373" WIDTH="115" HEIGHT="30" CONTENT="mon" WC="0.97" CC="007"/>
						<SP ID="P17_SP00227" HPOS="941" VPOS="2403" WIDTH="66"/>
						<String ID="P17_ST00255" HPOS="1007" VPOS="2362" WIDTH="30" HEIGHT="22" CONTENT='"' WC="0.24" CC="7"/>
						<SP ID="P17_SP00228" HPOS="1037" VPOS="2403" WIDTH="33"/>
						<String ID="P17_ST00256" HPOS="1070" VPOS="2374" WIDTH="200" HEIGHT="47" CONTENT="espress" WC="0.74" CC="7400410"/>
						<SP ID="P17_SP00229" HPOS="1270" VPOS="2421" WIDTH="49"/>
						<String ID="P17_ST00257" HPOS="1319" VPOS="2362" WIDTH="13" HEIGHT="17" CONTENT="'" WC="0.24" CC="7"/>
						<SP ID="P17_SP00230" HPOS="1332" VPOS="2421" WIDTH="48"/>
						<String ID="P17_ST00258" HPOS="1380" VPOS="2362" WIDTH="44" HEIGHT="61" CONTENT="je" WC="0.68" CC="24"/>
						<SP ID="P17_SP00231" HPOS="1424" VPOS="2423" WIDTH="50"/>
						<String ID="P17_ST00259" HPOS="1474" VPOS="2364" WIDTH="108" HEIGHT="47" CONTENT="vais" WC="0.98" CC="0701"/>
						<SP ID="P17_SP00232" HPOS="1582" VPOS="2423" WIDTH="28"/>
						<String ID="P17_ST00260" HPOS="1610" VPOS="2380" WIDTH="127" HEIGHT="33" CONTENT="vous" WC="1.00" CC="0000"/>
						<SP ID="P17_SP00233" HPOS="1737" VPOS="2423" WIDTH="29"/>
						<String ID="P17_ST00261" HPOS="1766" VPOS="2368" WIDTH="122" HEIGHT="47" CONTENT="faire" WC="0.96" CC="77066"/>
						<SP ID="P17_SP00234" HPOS="1888" VPOS="2423" WIDTH="38"/>
						<String ID="P17_ST00262" HPOS="1926" VPOS="2385" WIDTH="95" HEIGHT="32" CONTENT="une" WC="0.94" CC="077"/>
						<SP ID="P17_SP00235" HPOS="2021" VPOS="2423" WIDTH="36"/>
						<String ID="P17_ST00263" HPOS="2057" VPOS="2371" WIDTH="212" HEIGHT="47" CONTENT="relation" WC="0.98" CC="95086056" STYLEREFS="TXT_9"/>
						<SP ID="P17_SP00236" HPOS="2269" VPOS="2423" WIDTH="31"/>
						<String ID="P17_ST00264" HPOS="2300" VPOS="2373" WIDTH="60" HEIGHT="48" CONTENT="de" WC="0.63" CC="07"/>
						<SP ID="P17_SP00237" HPOS="2360" VPOS="2423" WIDTH="34"/>
						<String ID="P17_ST00265" HPOS="2394" VPOS="2374" WIDTH="44" HEIGHT="47" CONTENT="la" WC="0.47" CC="28"/>
					</TextLine>
					<TextLine ID="P17_TL00028" HPOS="190" VPOS="2413" WIDTH="1171" HEIGHT="59">
						<String ID="P17_ST00266" HPOS="190" VPOS="2413" WIDTH="404" HEIGHT="59" CONTENT="représentation" WC="1.00" CC="35560000006006"/>
						<SP ID="P17_SP00238" HPOS="594" VPOS="2472" WIDTH="30"/>
						<String ID="P17_ST00267" HPOS="624" VPOS="2416" WIDTH="63" HEIGHT="48" CONTENT="de" WC="0.76" CC="40"/>
						<SP ID="P17_SP00239" HPOS="687" VPOS="2472" WIDTH="34"/>
						<String ID="P17_ST00268" HPOS="721" VPOS="2418" WIDTH="245" HEIGHT="49" CONTENT="Matoum" WC="0.47" CC="558048" STYLEREFS="TXT_10"/>
						<SP ID="P17_SP00240" HPOS="966" VPOS="2472" WIDTH="46"/>
						<String ID="P17_ST00269" HPOS="1012" VPOS="2425" WIDTH="53" HEIGHT="42" CONTENT="et" WC="0.73" CC="50" STYLEREFS="TXT_10"/>
						<SP ID="P17_SP00241" HPOS="1065" VPOS="2472" WIDTH="42"/>
						<String ID="P17_ST00270" HPOS="1107" VPOS="2421" WIDTH="254" HEIGHT="48" CONTENT="Tévibar." WC="0.56" CC="02703766" STYLEREFS="TXT_10"/>
					</TextLine>
					<TextLine ID="P17_TL00029" HPOS="188" VPOS="2473" WIDTH="2249" HEIGHT="80">
						<String ID="P17_ST00271" HPOS="188" VPOS="2473" WIDTH="62" HEIGHT="47" CONTENT="Je" WC="0.69" CC="41"/>
						<SP ID="P17_SP00242" HPOS="250" VPOS="2520" WIDTH="29"/>
						<String ID="P17_ST00272" HPOS="279" VPOS="2491" WIDTH="129" HEIGHT="33" CONTENT="vous" WC="0.99" CC="0500"/>
						<SP ID="P17_SP00243" HPOS="408" VPOS="2524" WIDTH="39"/>
						<String ID="P17_ST00273" HPOS="447" VPOS="2479" WIDTH="221" HEIGHT="61" CONTENT="épargne" WC="0.99" CC="2030420"/>
						<SP ID="P17_SP00244" HPOS="668" VPOS="2540" WIDTH="30"/>
						<String ID="P17_ST00274" HPOS="698" VPOS="2479" WIDTH="46" HEIGHT="47" CONTENT="le" WC="0.81" CC="30"/>
						<SP ID="P17_SP00245" HPOS="744" VPOS="2540" WIDTH="30"/>
						<String ID="P17_ST00275" HPOS="774" VPOS="2486" WIDTH="32" HEIGHT="20" CONTENT='"' WC="0.24" CC="7"/>
						<SP ID="P17_SP00246" HPOS="806" VPOS="2540" WIDTH="32"/>
						<String ID="P17_ST00276" HPOS="838" VPOS="2484" WIDTH="286" HEIGHT="45" CONTENT="retroscena" WC="0.83" CC="0054000015"/>
						<SP ID="P17_SP00247" HPOS="1124" VPOS="2540" WIDTH="26"/>
						<String ID="P17_ST00277" HPOS="1150" VPOS="2483" WIDTH="24" HEIGHT="18" CONTENT='"' WC="0.94" CC="0"/>
						<SP ID="P17_SP00248" HPOS="1174" VPOS="2540" WIDTH="31"/>
						<String ID="P17_ST00278" HPOS="1205" VPOS="2483" WIDTH="258" HEIGHT="65" CONTENT="héroïque." WC="1.00" CC="600010001"/>
						<SP ID="P17_SP00249" HPOS="1463" VPOS="2548" WIDTH="43"/>
						<String ID="P17_ST00279" HPOS="1506" VPOS="2487" WIDTH="142" HEIGHT="48" CONTENT="Deux" WC="0.98" CC="4040"/>
						<SP ID="P17_SP00250" HPOS="1648" VPOS="2548" WIDTH="28"/>
						<String ID="P17_ST00280" HPOS="1676" VPOS="2491" WIDTH="250" HEIGHT="48" CONTENT="semaines" WC="1.00" CC="00000306"/>
						<SP ID="P17_SP00251" HPOS="1926" VPOS="2548" WIDTH="29"/>
						<String ID="P17_ST00281" HPOS="1955" VPOS="2493" WIDTH="251" HEIGHT="49" CONTENT="d'activité" WC="0.99" CC="0000560610"/>
						<SP ID="P17_SP00252" HPOS="2206" VPOS="2548" WIDTH="39"/>
						<String ID="P17_ST00282" HPOS="2245" VPOS="2496" WIDTH="192" HEIGHT="57" CONTENT="fébrile," WC="0.98" CC="20756427"/>
					</TextLine>
					<TextLine ID="P17_TL00030" HPOS="191" VPOS="2535" WIDTH="2248" HEIGHT="81">
						<String ID="P17_ST00283" HPOS="191" VPOS="2535" WIDTH="61" HEIGHT="46" CONTENT="de" WC="1.00" CC="00"/>
						<SP ID="P17_SP00253" HPOS="252" VPOS="2581" WIDTH="41"/>
						<String ID="P17_ST00284" HPOS="293" VPOS="2535" WIDTH="179" HEIGHT="51" CONTENT="débats" WC="0.98" CC="920601"/>
						<SP ID="P17_SP00254" HPOS="472" VPOS="2586" WIDTH="32"/>
						<String ID="P17_ST00285" HPOS="504" VPOS="2556" WIDTH="123" HEIGHT="30" CONTENT="avec" WC="0.99" CC="5000"/>
						<SP ID="P17_SP00255" HPOS="627" VPOS="2586" WIDTH="44"/>
						<String ID="P17_ST00286" HPOS="671" VPOS="2540" WIDTH="75" HEIGHT="47" CONTENT="les" WC="0.97" CC="501"/>
						<SP ID="P17_SP00256" HPOS="746" VPOS="2587" WIDTH="31"/>
						<String ID="P17_ST00287" HPOS="777" VPOS="2542" WIDTH="448" HEIGHT="59" CONTENT="marionnettistes," WC="1.00" CC="0340000044124044"/>
						<SP ID="P17_SP00257" HPOS="1225" VPOS="2601" WIDTH="57"/>
						<String ID="P17_ST00288" HPOS="1282" VPOS="2544" WIDTH="333" HEIGHT="65" CONTENT="l'imprésario" WC="1.00" CC="000603006402"/>
						<SP ID="P17_SP00258" HPOS="1615" VPOS="2609" WIDTH="50"/>
						<String ID="P17_ST00289" HPOS="1665" VPOS="2549" WIDTH="72" HEIGHT="48" CONTENT="les" WC="1.00" CC="000"/>
						<SP ID="P17_SP00259" HPOS="1737" VPOS="2609" WIDTH="35"/>
						<String ID="P17_ST00290" HPOS="1772" VPOS="2553" WIDTH="279" HEIGHT="61" CONTENT="tapissiers," WC="1.00" CC="05000030700"/>
						<SP ID="P17_SP00260" HPOS="2051" VPOS="2614" WIDTH="43"/>
						<String ID="P17_ST00291" HPOS="2094" VPOS="2554" WIDTH="84" HEIGHT="62" CONTENT="qui" WC="0.96" CC="604"/>
						<SP ID="P17_SP00261" HPOS="2178" VPOS="2616" WIDTH="45"/>
						<String ID="P17_ST00292" HPOS="2223" VPOS="2571" WIDTH="54" HEIGHT="31" CONTENT="se" WC="1.00" CC="00"/>
						<SP ID="P17_SP00262" HPOS="2277" VPOS="2616" WIDTH="29"/>
						<String ID="P17_ST00293" HPOS="2306" VPOS="2557" WIDTH="107" HEIGHT="47" CONTENT="refu" SUBS_TYPE="HypPart1" SUBS_CONTENT="refusèrent" WC="0.98" CC="3034"/>
						<HYP HPOS="2413" VPOS="2557" WIDTH="26" CONTENT="-"/>
					</TextLine>
					<TextLine ID="P17_TL00031" HPOS="191" VPOS="2599" WIDTH="2248" HEIGHT="81">
						<String ID="P17_ST00294" HPOS="191" VPOS="2599" WIDTH="168" HEIGHT="48" CONTENT="sèrent" SUBS_TYPE="HypPart2" SUBS_CONTENT="refusèrent" WC="0.98" CC="205026"/>
						<SP ID="P17_SP00263" HPOS="359" VPOS="2647" WIDTH="42"/>
						<String ID="P17_ST00295" HPOS="401" VPOS="2601" WIDTH="251" HEIGHT="61" CONTENT="plusieurs" WC="1.00" CC="042020120"/>
						<SP ID="P17_SP00264" HPOS="652" VPOS="2662" WIDTH="31"/>
						<String ID="P17_ST00296" HPOS="683" VPOS="2602" WIDTH="98" HEIGHT="47" CONTENT="fois" WC="0.99" CC="0004"/>
						<SP ID="P17_SP00265" HPOS="781" VPOS="2662" WIDTH="47"/>
						<String ID="P17_ST00297" HPOS="828" VPOS="2606" WIDTH="25" HEIGHT="43" CONTENT="à" WC="0.34" CC="6"/>
						<SP ID="P17_SP00266" HPOS="853" VPOS="2662" WIDTH="30"/>
						<String ID="P17_ST00298" HPOS="883" VPOS="2606" WIDTH="230" HEIGHT="45" CONTENT="exécuter" WC="1.00" CC="00100502"/>
						<SP ID="P17_SP00267" HPOS="1113" VPOS="2662" WIDTH="28"/>
						<String ID="P17_ST00299" HPOS="1141" VPOS="2623" WIDTH="97" HEIGHT="30" CONTENT="une" WC="0.97" CC="170"/>
						<SP ID="P17_SP00268" HPOS="1238" VPOS="2662" WIDTH="47"/>
						<String ID="P17_ST00300" HPOS="1285" VPOS="2609" WIDTH="127" HEIGHT="47" CONTENT="mise" WC="0.98" CC="4420"/>
						<SP ID="P17_SP00269" HPOS="1412" VPOS="2662" WIDTH="35"/>
						<String ID="P17_ST00301" HPOS="1447" VPOS="2625" WIDTH="60" HEIGHT="32" CONTENT="en" WC="1.00" CC="00"/>
						<SP ID="P17_SP00270" HPOS="1507" VPOS="2662" WIDTH="31"/>
						<String ID="P17_ST00302" HPOS="1538" VPOS="2614" WIDTH="148" HEIGHT="44" CONTENT="scène" WC="0.99" CC="00060"/>
						<SP ID="P17_SP00271" HPOS="1686" VPOS="2662" WIDTH="66"/>
						<String ID="P17_ST00303" HPOS="1752" VPOS="2619" WIDTH="31" HEIGHT="20" CONTENT='"' WC="0.39" CC="6"/>
						<SP ID="P17_SP00272" HPOS="1783" VPOS="2662" WIDTH="25"/>
						<String ID="P17_ST00304" HPOS="1808" VPOS="2616" WIDTH="372" HEIGHT="60" CONTENT='avant-garde"' WC="0.99" CC="005460756017"/>
						<SP ID="P17_SP00273" HPOS="2180" VPOS="2676" WIDTH="62"/>
						<String ID="P17_ST00305" HPOS="2242" VPOS="2622" WIDTH="47" HEIGHT="43" CONTENT="et" WC="0.68" CC="06"/>
						<SP ID="P17_SP00274" HPOS="2289" VPOS="2676" WIDTH="42"/>
						<String ID="P17_ST00306" HPOS="2331" VPOS="2620" WIDTH="81" HEIGHT="60" CONTENT="jus" SUBS_TYPE="HypPart1" SUBS_CONTENT="jusqu'au" WC="0.97" CC="133"/>
						<HYP HPOS="2412" VPOS="2620" WIDTH="27" CONTENT="-"/>
					</TextLine>
					<TextLine ID="P17_TL00032" HPOS="191" VPOS="2662" WIDTH="2248" HEIGHT="79">
						<String ID="P17_ST00307" HPOS="191" VPOS="2662" WIDTH="149" HEIGHT="61" CONTENT="qu'au" SUBS_TYPE="HypPart2" SUBS_CONTENT="jusqu'au" WC="0.98" CC="04047"/>
						<SP ID="P17_SP00275" HPOS="340" VPOS="2723" WIDTH="41"/>
						<String ID="P17_ST00308" HPOS="381" VPOS="2663" WIDTH="198" HEIGHT="49" CONTENT="dernier" WC="0.98" CC="0055516"/>
						<SP ID="P17_SP00276" HPOS="579" VPOS="2723" WIDTH="23"/>
						<String ID="P17_ST00309" HPOS="602" VPOS="2665" WIDTH="118" HEIGHT="62" CONTENT="jour" WC="0.98" CC="6200"/>
						<SP ID="P17_SP00277" HPOS="720" VPOS="2727" WIDTH="29"/>
						<String ID="P17_ST00310" HPOS="749" VPOS="2669" WIDTH="87" HEIGHT="43" CONTENT="ont" WC="0.95" CC="264"/>
						<SP ID="P17_SP00278" HPOS="836" VPOS="2727" WIDTH="28"/>
						<String ID="P17_ST00311" HPOS="864" VPOS="2669" WIDTH="207" HEIGHT="44" CONTENT="menacé" WC="1.00" CC="000300"/>
						<SP ID="P17_SP00279" HPOS="1071" VPOS="2727" WIDTH="35"/>
						<String ID="P17_ST00312" HPOS="1106" VPOS="2667" WIDTH="62" HEIGHT="47" CONTENT="de" WC="1.00" CC="00"/>
						<SP ID="P17_SP00280" HPOS="1168" VPOS="2727" WIDTH="30"/>
						<String ID="P17_ST00313" HPOS="1198" VPOS="2672" WIDTH="107" HEIGHT="44" CONTENT="tout" WC="0.97" CC="5225"/>
						<SP ID="P17_SP00281" HPOS="1305" VPOS="2727" WIDTH="41"/>
						<String ID="P17_ST00314" HPOS="1346" VPOS="2670" WIDTH="272" HEIGHT="49" CONTENT="laisser-là." WC="0.68" CC="46500040643"/>
						<SP ID="P17_SP00282" HPOS="1618" VPOS="2727" WIDTH="45"/>
						<String ID="P17_ST00315" HPOS="1663" VPOS="2674" WIDTH="127" HEIGHT="48" CONTENT="Mais" WC="0.99" CC="3030"/>
						<SP ID="P17_SP00283" HPOS="1790" VPOS="2727" WIDTH="28"/>
						<String ID="P17_ST00316" HPOS="1818" VPOS="2690" WIDTH="122" HEIGHT="32" CONTENT="avec" WC="1.00" CC="0000"/>
						<SP ID="P17_SP00284" HPOS="1940" VPOS="2727" WIDTH="45"/>
						<String ID="P17_ST00317" HPOS="1985" VPOS="2677" WIDTH="221" HEIGHT="47" CONTENT="d'autant" WC="0.99" CC="00027064"/>
						<SP ID="P17_SP00285" HPOS="2206" VPOS="2727" WIDTH="35"/>
						<String ID="P17_ST00318" HPOS="2241" VPOS="2679" WIDTH="113" HEIGHT="62" CONTENT="plus" WC="0.99" CC="0110"/>
						<SP ID="P17_SP00286" HPOS="2354" VPOS="2741" WIDTH="24"/>
						<String ID="P17_ST00319" HPOS="2378" VPOS="2680" WIDTH="61" HEIGHT="46" CONTENT="de" WC="0.93" CC="01"/>
					</TextLine>
					<TextLine ID="P17_TL00033" HPOS="193" VPOS="2723" WIDTH="2247" HEIGHT="80">
						<String ID="P17_ST00320" HPOS="193" VPOS="2723" WIDTH="259" HEIGHT="48" CONTENT="confiance" WC="0.99" CC="042500400"/>
						<SP ID="P17_SP00287" HPOS="452" VPOS="2771" WIDTH="29"/>
						<String ID="P17_ST00321" HPOS="481" VPOS="2740" WIDTH="62" HEIGHT="33" CONTENT="en" WC="1.00" CC="00"/>
						<SP ID="P17_SP00288" HPOS="543" VPOS="2773" WIDTH="34"/>
						<String ID="P17_ST00322" HPOS="577" VPOS="2726" WIDTH="102" HEIGHT="45" CONTENT="moi" WC="0.98" CC="030"/>
						<SP ID="P17_SP00289" HPOS="679" VPOS="2773" WIDTH="56"/>
						<String ID="P17_ST00323" HPOS="735" VPOS="2742" WIDTH="95" HEIGHT="46" CONTENT="que" WC="0.98" CC="060"/>
						<SP ID="P17_SP00290" HPOS="830" VPOS="2788" WIDTH="47"/>
						<String ID="P17_ST00324" HPOS="877" VPOS="2727" WIDTH="113" HEIGHT="62" CONTENT="plus" WC="1.00" CC="0200"/>
						<SP ID="P17_SP00291" HPOS="990" VPOS="2789" WIDTH="28"/>
						<String ID="P17_ST00325" HPOS="1018" VPOS="2727" WIDTH="64" HEIGHT="47" CONTENT="de" WC="1.00" CC="00"/>
						<SP ID="P17_SP00292" HPOS="1082" VPOS="2789" WIDTH="42"/>
						<String ID="P17_ST00326" HPOS="1124" VPOS="2728" WIDTH="269" HEIGHT="50" CONTENT="difficultés" WC="1.00" CC="00000007520"/>
						<SP ID="P17_SP00293" HPOS="1393" VPOS="2789" WIDTH="28"/>
						<String ID="P17_ST00327" HPOS="1421" VPOS="2747" WIDTH="57" HEIGHT="33" CONTENT="se" WC="0.95" CC="00"/>
						<SP ID="P17_SP00294" HPOS="1478" VPOS="2789" WIDTH="33"/>
						<String ID="P17_ST00328" HPOS="1511" VPOS="2736" WIDTH="350" HEIGHT="60" CONTENT="présentaient," WC="1.00" CC="0032025223400"/>
						<SP ID="P17_SP00295" HPOS="1861" VPOS="2796" WIDTH="33"/>
						<String ID="P17_ST00329" HPOS="1894" VPOS="2741" WIDTH="47" HEIGHT="42" CONTENT="et" WC="0.90" CC="01"/>
						<SP ID="P17_SP00296" HPOS="1941" VPOS="2796" WIDTH="46"/>
						<String ID="P17_ST00330" HPOS="1987" VPOS="2752" WIDTH="121" HEIGHT="32" CONTENT="avec" WC="0.97" CC="0816"/>
						<SP ID="P17_SP00297" HPOS="2108" VPOS="2796" WIDTH="47"/>
						<String ID="P17_ST00331" HPOS="2155" VPOS="2738" WIDTH="146" HEIGHT="49" CONTENT="l'aide" WC="1.00" CC="000400"/>
						<SP ID="P17_SP00298" HPOS="2301" VPOS="2796" WIDTH="25"/>
						<String ID="P17_ST00332" HPOS="2326" VPOS="2742" WIDTH="86" HEIGHT="61" CONTENT="pré" SUBS_TYPE="HypPart1" SUBS_CONTENT="précieuse" WC="0.96" CC="671"/>
						<HYP HPOS="2412" VPOS="2742" WIDTH="28" CONTENT="-"/>
					</TextLine>
					<TextLine ID="P17_TL00034" HPOS="191" VPOS="2785" WIDTH="2247" HEIGHT="70">
						<String ID="P17_ST00333" HPOS="191" VPOS="2785" WIDTH="171" HEIGHT="47" CONTENT="cieuse" SUBS_TYPE="HypPart2" SUBS_CONTENT="précieuse" WC="0.98" CC="460440"/>
						<SP ID="P17_SP00299" HPOS="362" VPOS="2832" WIDTH="27"/>
						<String ID="P17_ST00334" HPOS="389" VPOS="2785" WIDTH="61" HEIGHT="47" CONTENT="de" WC="1.00" CC="00"/>
						<SP ID="P17_SP00300" HPOS="450" VPOS="2832" WIDTH="28"/>
						<String ID="P17_ST00335" HPOS="478" VPOS="2802" WIDTH="118" HEIGHT="32" CONTENT="mon" WC="0.97" CC="205"/>
						<SP ID="P17_SP00301" HPOS="596" VPOS="2834" WIDTH="37"/>
						<String ID="P17_ST00336" HPOS="633" VPOS="2788" WIDTH="197" HEIGHT="47" CONTENT="associé" WC="1.00" CC="3400000"/>
						<SP ID="P17_SP00302" HPOS="830" VPOS="2835" WIDTH="47"/>
						<String ID="P17_ST00337" HPOS="877" VPOS="2789" WIDTH="62" HEIGHT="46" CONTENT="de" WC="0.67" CC="60"/>
						<SP ID="P17_SP00303" HPOS="939" VPOS="2835" WIDTH="36"/>
						<String ID="P17_ST00338" HPOS="975" VPOS="2789" WIDTH="44" HEIGHT="46" CONTENT="la" WC="0.74" CC="05"/>
						<SP ID="P17_SP00304" HPOS="1019" VPOS="2835" WIDTH="60"/>
						<String ID="P17_ST00339" HPOS="1079" VPOS="2789" WIDTH="135" HEIGHT="47" CONTENT="Casa" WC="0.98" CC="3340" STYLEREFS="TXT_9"/>
						<SP ID="P17_SP00305" HPOS="1214" VPOS="2836" WIDTH="38"/>
						<String ID="P17_ST00340" HPOS="1252" VPOS="2793" WIDTH="178" HEIGHT="47" CONTENT="d'Arte" WC="0.78" CC="030602" STYLEREFS="TXT_9"/>
						<SP ID="P17_SP00306" HPOS="1430" VPOS="2840" WIDTH="33"/>
						<String ID="P17_ST00341" HPOS="1463" VPOS="2794" WIDTH="240" HEIGHT="59" CONTENT="Italiana," WC="0.86" CC="310041010" STYLEREFS="TXT_9"/>
						<SP ID="P17_SP00307" HPOS="1703" VPOS="2853" WIDTH="48"/>
						<String ID="P17_ST00342" HPOS="1751" VPOS="2797" WIDTH="156" HEIGHT="47" CONTENT="Mario" WC="0.98" CC="05523"/>
						<SP ID="P17_SP00308" HPOS="1907" VPOS="2853" WIDTH="37"/>
						<String ID="P17_ST00343" HPOS="1944" VPOS="2798" WIDTH="201" HEIGHT="57" CONTENT="Recchi," WC="0.78" CC="0000661"/>
						<SP ID="P17_SP00309" HPOS="2145" VPOS="2855" WIDTH="39"/>
						<String ID="P17_ST00344" HPOS="2184" VPOS="2801" WIDTH="61" HEIGHT="47" CONTENT="de" WC="1.00" CC="00"/>
						<SP ID="P17_SP00310" HPOS="2245" VPOS="2855" WIDTH="28"/>
						<String ID="P17_ST00345" HPOS="2273" VPOS="2801" WIDTH="132" HEIGHT="47" CONTENT="Vuto" SUBS_TYPE="HypPart1" SUBS_CONTENT="Vutorio" WC="0.56" CC="0854"/>
						<HYP HPOS="2405" VPOS="2801" WIDTH="33" CONTENT="-"/>
					</TextLine>
					<TextLine ID="P17_TL00035" HPOS="190" VPOS="2848" WIDTH="2248" HEIGHT="68">
						<String ID="P17_ST00346" HPOS="190" VPOS="2848" WIDTH="76" HEIGHT="45" CONTENT="rio" SUBS_TYPE="HypPart2" SUBS_CONTENT="Vutorio" WC="0.78" CC="600"/>
						<SP ID="P17_SP00311" HPOS="266" VPOS="2893" WIDTH="36"/>
						<String ID="P17_ST00347" HPOS="302" VPOS="2848" WIDTH="145" HEIGHT="47" CONTENT="Orazi" WC="0.60" CC="60454"/>
						<SP ID="P17_SP00312" HPOS="447" VPOS="2895" WIDTH="28"/>
						<String ID="P17_ST00348" HPOS="475" VPOS="2850" WIDTH="14" HEIGHT="60" CONTENT="(" WC="0.65" CC="3"/>
						<SP ID="P17_SP00313" HPOS="489" VPOS="2910" WIDTH="33"/>
						<String ID="P17_ST00349" HPOS="522" VPOS="2849" WIDTH="288" HEIGHT="48" CONTENT="fraduoteur" WC="0.67" CC="8201556001"/>
						<SP ID="P17_SP00314" HPOS="810" VPOS="2910" WIDTH="28"/>
						<String ID="P17_ST00350" HPOS="838" VPOS="2850" WIDTH="61" HEIGHT="47" CONTENT="de" WC="0.64" CC="51"/>
						<SP ID="P17_SP00315" HPOS="899" VPOS="2910" WIDTH="56"/>
						<String ID="P17_ST00351" HPOS="955" VPOS="2854" WIDTH="141" HEIGHT="43" CONTENT="votre" WC="0.99" CC="00600"/>
						<SP ID="P17_SP00316" HPOS="1096" VPOS="2910" WIDTH="38"/>
						<String ID="P17_ST00352" HPOS="1134" VPOS="2851" WIDTH="172" HEIGHT="49" CONTENT="drame" WC="0.98" CC="60060"/>
						<SP ID="P17_SP00317" HPOS="1306" VPOS="2910" WIDTH="25"/>
						<String ID="P17_ST00353" HPOS="1331" VPOS="2854" WIDTH="13" HEIGHT="62" CONTENT=")" WC="0.45" CC="5"/>
						<SP ID="P17_SP00318" HPOS="1344" VPOS="2916" WIDTH="41"/>
						<String ID="P17_ST00354" HPOS="1385" VPOS="2859" WIDTH="165" HEIGHT="44" CONTENT="toutes" WC="0.98" CC="270620"/>
						<SP ID="P17_SP00319" HPOS="1550" VPOS="2916" WIDTH="43"/>
						<String ID="P17_ST00355" HPOS="1593" VPOS="2856" WIDTH="72" HEIGHT="47" CONTENT="les" WC="0.96" CC="406"/>
						<SP ID="P17_SP00320" HPOS="1665" VPOS="2916" WIDTH="41"/>
						<String ID="P17_ST00356" HPOS="1706" VPOS="2859" WIDTH="324" HEIGHT="47" CONTENT="contrariétés" WC="0.99" CC="006304110623"/>
						<SP ID="P17_SP00321" HPOS="2030" VPOS="2916" WIDTH="60"/>
						<String ID="P17_ST00357" HPOS="2090" VPOS="2862" WIDTH="163" HEIGHT="47" CONTENT="furent" WC="0.99" CC="100004"/>
						<SP ID="P17_SP00322" HPOS="2253" VPOS="2916" WIDTH="49"/>
						<String ID="P17_ST00358" HPOS="2302" VPOS="2863" WIDTH="109" HEIGHT="47" CONTENT="vain" SUBS_TYPE="HypPart1" SUBS_CONTENT="vaincues." WC="0.98" CC="0630"/>
						<HYP HPOS="2411" VPOS="2863" WIDTH="27" CONTENT="-"/>
					</TextLine>
					<TextLine ID="P17_TL00036" HPOS="195" VPOS="2925" WIDTH="141" HEIGHT="32">
						<String ID="P17_ST00359" HPOS="195" VPOS="2925" WIDTH="141" HEIGHT="32" CONTENT="cues." SUBS_TYPE="HypPart2" SUBS_CONTENT="vaincues." WC="1.00" CC="00000"/>
					</TextLine>
					<TextLine ID="P17_TL00037" HPOS="255" VPOS="2972" WIDTH="2183" HEIGHT="61">
						<String ID="P17_ST00360" HPOS="255" VPOS="2972" WIDTH="71" HEIGHT="46" CONTENT="La" WC="1.00" CC="00"/>
						<SP ID="P17_SP00323" HPOS="326" VPOS="3018" WIDTH="33"/>
						<String ID="P17_ST00361" HPOS="359" VPOS="2977" WIDTH="30" HEIGHT="20" CONTENT='"' WC="0.56" CC="4"/>
						<SP ID="P17_SP00324" HPOS="389" VPOS="3018" WIDTH="50"/>
						<String ID="P17_ST00362" HPOS="439" VPOS="2972" WIDTH="257" HEIGHT="47" CONTENT="Première" WC="1.00" CC="04000000"/>
						<SP ID="P17_SP00325" HPOS="696" VPOS="3019" WIDTH="24"/>
						<String ID="P17_ST00363" HPOS="720" VPOS="2975" WIDTH="24" HEIGHT="16" CONTENT='"' WC="0.49" CC="5"/>
						<SP ID="P17_SP00326" HPOS="744" VPOS="3019" WIDTH="40"/>
						<String ID="P17_ST00364" HPOS="784" VPOS="2978" WIDTH="84" HEIGHT="42" CONTENT="eut" WC="0.97" CC="054"/>
						<SP ID="P17_SP00327" HPOS="868" VPOS="3020" WIDTH="38"/>
						<String ID="P17_ST00365" HPOS="906" VPOS="2973" WIDTH="99" HEIGHT="49" CONTENT="lieu" WC="0.99" CC="5000"/>
						<SP ID="P17_SP00328" HPOS="1005" VPOS="3022" WIDTH="42"/>
						<String ID="P17_ST00366" HPOS="1047" VPOS="2975" WIDTH="202" HEIGHT="47" CONTENT="Samedi" WC="0.99" CC="010060"/>
						<SP ID="P17_SP00329" HPOS="1249" VPOS="3022" WIDTH="43"/>
						<String ID="P17_ST00367" HPOS="1292" VPOS="2978" WIDTH="75" HEIGHT="46" CONTENT="14." WC="0.97" CC="000"/>
						<SP ID="P17_SP00330" HPOS="1367" VPOS="3024" WIDTH="78"/>
						<String ID="P17_ST00368" HPOS="1445" VPOS="2981" WIDTH="70" HEIGHT="46" CONTENT="La" WC="0.54" CC="63"/>
						<SP ID="P17_SP00331" HPOS="1515" VPOS="3027" WIDTH="43"/>
						<String ID="P17_ST00369" HPOS="1558" VPOS="2980" WIDTH="122" HEIGHT="47" CONTENT="salle" WC="0.99" CC="10300"/>
						<SP ID="P17_SP00332" HPOS="1680" VPOS="3027" WIDTH="35"/>
						<String ID="P17_ST00370" HPOS="1715" VPOS="2981" WIDTH="65" HEIGHT="46" CONTENT="du" WC="0.71" CC="50"/>
						<SP ID="P17_SP00333" HPOS="1780" VPOS="3027" WIDTH="32"/>
						<String ID="P17_ST00371" HPOS="1812" VPOS="2987" WIDTH="27" HEIGHT="21" CONTENT="•'" WC="0.41" CC="74"/>
						<SP ID="P17_SP00334" HPOS="1839" VPOS="3027" WIDTH="25"/>
						<String ID="P17_ST00372" HPOS="1864" VPOS="2982" WIDTH="176" HEIGHT="48" CONTENT="Teatro" WC="0.67" CC="002645"/>
						<SP ID="P17_SP00335" HPOS="2040" VPOS="3030" WIDTH="45"/>
						<String ID="P17_ST00373" HPOS="2085" VPOS="2985" WIDTH="80" HEIGHT="45" CONTENT="dei" WC="0.99" CC="000"/>
						<SP ID="P17_SP00336" HPOS="2165" VPOS="3030" WIDTH="30"/>
						<String ID="P17_ST00374" HPOS="2195" VPOS="2985" WIDTH="190" HEIGHT="48" CONTENT="Piccoli" WC="0.90" CC="0200022"/>
						<SP ID="P17_SP00337" HPOS="2385" VPOS="3033" WIDTH="29"/>
						<String ID="P17_ST00375" HPOS="2414" VPOS="2986" WIDTH="24" HEIGHT="18" CONTENT='"' WC="0.70" CC="2"/>
					</TextLine>
					<TextLine ID="P17_TL00038" HPOS="193" VPOS="3033" WIDTH="2246" HEIGHT="75">
						<String ID="P17_ST00376" HPOS="193" VPOS="3033" WIDTH="122" HEIGHT="46" CONTENT="était" WC="0.97" CC="43706"/>
						<SP ID="P17_SP00338" HPOS="315" VPOS="3079" WIDTH="27"/>
						<String ID="P17_ST00377" HPOS="342" VPOS="3033" WIDTH="327" HEIGHT="64" CONTENT="magnifique;" WC="0.99" CC="07072110055"/>
						<SP ID="P17_SP00339" HPOS="669" VPOS="3097" WIDTH="32"/>
						<String ID="P17_ST00378" HPOS="701" VPOS="3051" WIDTH="31" HEIGHT="46" CONTENT="y" WC="0.73" CC="2"/>
						<SP ID="P17_SP00340" HPOS="732" VPOS="3097" WIDTH="31"/>
						<String ID="P17_ST00379" HPOS="763" VPOS="3036" WIDTH="185" HEIGHT="45" CONTENT="étaient" WC="0.97" CC="1675664"/>
						<SP ID="P17_SP00341" HPOS="948" VPOS="3097" WIDTH="33"/>
						<String ID="P17_ST00380" HPOS="981" VPOS="3034" WIDTH="73" HEIGHT="49" CONTENT="les" WC="0.95" CC="660"/>
						<SP ID="P17_SP00342" HPOS="1054" VPOS="3097" WIDTH="42"/>
						<String ID="P17_ST00381" HPOS="1096" VPOS="3037" WIDTH="334" HEIGHT="49" CONTENT="intellectuels" WC="0.99" CC="0035701061421"/>
						<SP ID="P17_SP00343" HPOS="1430" VPOS="3097" WIDTH="24"/>
						<String ID="P17_ST00382" HPOS="1454" VPOS="3041" WIDTH="59" HEIGHT="45" CONTENT="de" WC="0.71" CC="05"/>
						<SP ID="P17_SP00344" HPOS="1513" VPOS="3097" WIDTH="26"/>
						<String ID="P17_ST00383" HPOS="1539" VPOS="3041" WIDTH="347" HEIGHT="49" CONTENT="l'aristocratie" WC="0.99" CC="00600203067375"/>
						<SP ID="P17_SP00345" HPOS="1886" VPOS="3097" WIDTH="30"/>
						<String ID="P17_ST00384" HPOS="1916" VPOS="3044" WIDTH="239" HEIGHT="58" CONTENT="romaine," WC="0.98" CC="74065530"/>
						<SP ID="P17_SP00346" HPOS="2155" VPOS="3102" WIDTH="34"/>
						<String ID="P17_ST00385" HPOS="2189" VPOS="3046" WIDTH="250" HEIGHT="62" CONTENT="plusieurs" WC="0.98" CC="047045166"/>
					</TextLine>
					<TextLine ID="P17_TL00039" HPOS="193" VPOS="3095" WIDTH="2244" HEIGHT="75">
						<String ID="P17_ST00386" HPOS="193" VPOS="3095" WIDTH="214" HEIGHT="57" CONTENT="artistes," WC="0.99" CC="632605000"/>
						<SP ID="P17_SP00347" HPOS="407" VPOS="3152" WIDTH="32"/>
						<String ID="P17_ST00387" HPOS="439" VPOS="3095" WIDTH="90" HEIGHT="47" CONTENT="des" WC="0.99" CC="002"/>
						<SP ID="P17_SP00348" HPOS="529" VPOS="3152" WIDTH="29"/>
						<String ID="P17_ST00388" HPOS="558" VPOS="3099" WIDTH="116" HEIGHT="43" CONTENT="faux" WC="0.97" CC="0409"/>
						<SP ID="P17_SP00349" HPOS="674" VPOS="3152" WIDTH="28"/>
						<String ID="P17_ST00389" HPOS="702" VPOS="3098" WIDTH="192" HEIGHT="59" CONTENT="poètes," WC="1.00" CC="0000043"/>
						<SP ID="P17_SP00350" HPOS="894" VPOS="3157" WIDTH="25"/>
						<String ID="P17_ST00390" HPOS="919" VPOS="3097" WIDTH="90" HEIGHT="47" CONTENT="des" WC="1.00" CC="000"/>
						<SP ID="P17_SP00351" HPOS="1009" VPOS="3157" WIDTH="34"/>
						<String ID="P17_ST00391" HPOS="1043" VPOS="3098" WIDTH="135" HEIGHT="47" CONTENT="vrais" WC="0.99" CC="00070"/>
						<SP ID="P17_SP00352" HPOS="1178" VPOS="3157" WIDTH="42"/>
						<String ID="P17_ST00392" HPOS="1220" VPOS="3102" WIDTH="173" HEIGHT="59" CONTENT="poètes" WC="0.98" CC="033703"/>
						<SP ID="P17_SP00353" HPOS="1393" VPOS="3161" WIDTH="29"/>
						<String ID="P17_ST00393" HPOS="1422" VPOS="3128" WIDTH="22" HEIGHT="8" CONTENT="-" WC="0.64" CC="3"/>
						<SP ID="P17_SP00354" HPOS="1444" VPOS="3161" WIDTH="22"/>
						<String ID="P17_ST00394" HPOS="1466" VPOS="3102" WIDTH="272" HEIGHT="48" CONTENT="musiciens" WC="0.99" CC="003402252"/>
						<SP ID="P17_SP00355" HPOS="1738" VPOS="3161" WIDTH="40"/>
						<String ID="P17_ST00395" HPOS="1778" VPOS="3108" WIDTH="49" HEIGHT="43" CONTENT="et" WC="0.69" CC="41"/>
						<SP ID="P17_SP00356" HPOS="1827" VPOS="3161" WIDTH="33"/>
						<String ID="P17_ST00396" HPOS="1860" VPOS="3105" WIDTH="220" HEIGHT="61" CONTENT="peintres" WC="0.99" CC="00467200"/>
						<SP ID="P17_SP00357" HPOS="2080" VPOS="3166" WIDTH="28"/>
						<String ID="P17_ST00397" HPOS="2108" VPOS="3107" WIDTH="302" HEIGHT="63" CONTENT="d'avant-gar" SUBS_TYPE="HypPart1" SUBS_CONTENT="d'avant-garde," WC="1.00" CC="00322032030"/>
						<HYP HPOS="2410" VPOS="3107" WIDTH="27" CONTENT="-"/>
					</TextLine>
					<TextLine ID="P17_TL00040" HPOS="193" VPOS="3156" WIDTH="1242" HEIGHT="61">
						<String ID="P17_ST00398" HPOS="193" VPOS="3157" WIDTH="80" HEIGHT="56" CONTENT="de," SUBS_TYPE="HypPart2" SUBS_CONTENT="d'avant-garde," WC="0.99" CC="003"/>
						<SP ID="P17_SP00358" HPOS="273" VPOS="3213" WIDTH="39"/>
						<String ID="P17_ST00399" HPOS="312" VPOS="3156" WIDTH="90" HEIGHT="48" CONTENT="des" WC="0.97" CC="051"/>
						<SP ID="P17_SP00359" HPOS="402" VPOS="3213" WIDTH="29"/>
						<String ID="P17_ST00400" HPOS="431" VPOS="3157" WIDTH="240" HEIGHT="58" CONTENT="officiers," WC="0.99" CC="4400040464"/>
						<SP ID="P17_SP00360" HPOS="671" VPOS="3215" WIDTH="49"/>
						<String ID="P17_ST00401" HPOS="720" VPOS="3157" WIDTH="90" HEIGHT="49" CONTENT="des" WC="0.99" CC="003"/>
						<SP ID="P17_SP00361" HPOS="810" VPOS="3215" WIDTH="42"/>
						<String ID="P17_ST00402" HPOS="852" VPOS="3160" WIDTH="242" HEIGHT="47" CONTENT="autorités" WC="0.99" CC="045370500"/>
						<SP ID="P17_SP00362" HPOS="1094" VPOS="3215" WIDTH="38"/>
						<String ID="P17_ST00403" HPOS="1132" VPOS="3164" WIDTH="94" HEIGHT="53" CONTENT="etc," WC="0.80" CC="0610"/>
						<SP ID="P17_SP00363" HPOS="1226" VPOS="3217" WIDTH="71"/>
						<String ID="P17_ST00404" HPOS="1297" VPOS="3166" WIDTH="138" HEIGHT="44" CONTENT="etc.." WC="0.99" CC="00000"/>
					</TextLine>
					<TextLine ID="P17_TL00041" HPOS="257" VPOS="3218" WIDTH="2183" HEIGHT="74">
						<String ID="P17_ST00405" HPOS="257" VPOS="3218" WIDTH="38" HEIGHT="46" CONTENT="L" WC="1.00" CC="0"/>
						<SP ID="P17_SP00364" HPOS="295" VPOS="3264" WIDTH="17"/>
						<String ID="P17_ST00406" HPOS="312" VPOS="3232" WIDTH="25" HEIGHT="32" CONTENT="a" WC="0.60" CC="3"/>
						<SP ID="P17_SP00365" HPOS="337" VPOS="3264" WIDTH="42"/>
						<String ID="P17_ST00407" HPOS="379" VPOS="3220" WIDTH="162" HEIGHT="61" CONTENT="pièce," WC="0.98" CC="770031"/>
						<SP ID="P17_SP00366" HPOS="541" VPOS="3281" WIDTH="33"/>
						<String ID="P17_ST00408" HPOS="574" VPOS="3218" WIDTH="149" HEIGHT="47" CONTENT="d'une" WC="0.99" CC="00123"/>
						<SP ID="P17_SP00367" HPOS="723" VPOS="3281" WIDTH="51"/>
						<String ID="P17_ST00409" HPOS="774" VPOS="3218" WIDTH="115" HEIGHT="59" CONTENT="fine," WC="0.98" CC="22053"/>
						<SP ID="P17_SP00368" HPOS="889" VPOS="3281" WIDTH="44"/>
						<String ID="P17_ST00410" HPOS="933" VPOS="3220" WIDTH="180" HEIGHT="63" CONTENT="simple" WC="0.98" CC="440062"/>
						<SP ID="P17_SP00369" HPOS="1113" VPOS="3283" WIDTH="55"/>
						<String ID="P17_ST00411" HPOS="1168" VPOS="3225" WIDTH="48" HEIGHT="43" CONTENT="et" WC="0.56" CC="62"/>
						<SP ID="P17_SP00370" HPOS="1216" VPOS="3283" WIDTH="33"/>
						<String ID="P17_ST00412" HPOS="1249" VPOS="3222" WIDTH="275" HEIGHT="50" CONTENT="admirable" WC="0.99" CC="600563703"/>
						<SP ID="P17_SP00371" HPOS="1524" VPOS="3283" WIDTH="47"/>
						<String ID="P17_ST00413" HPOS="1571" VPOS="3226" WIDTH="174" HEIGHT="56" CONTENT="ironie," WC="0.98" CC="0746140"/>
						<SP ID="P17_SP00372" HPOS="1745" VPOS="3283" WIDTH="31"/>
						<String ID="P17_ST00414" HPOS="1776" VPOS="3243" WIDTH="61" HEIGHT="30" CONTENT="ne" WC="0.81" CC="30"/>
						<SP ID="P17_SP00373" HPOS="1837" VPOS="3283" WIDTH="38"/>
						<String ID="P17_ST00415" HPOS="1875" VPOS="3229" WIDTH="73" HEIGHT="45" CONTENT="fut" WC="0.97" CC="015"/>
						<SP ID="P17_SP00374" HPOS="1948" VPOS="3283" WIDTH="28"/>
						<String ID="P17_ST00416" HPOS="1976" VPOS="3244" WIDTH="89" HEIGHT="46" CONTENT="pas" WC="1.00" CC="000"/>
						<SP ID="P17_SP00375" HPOS="2065" VPOS="3290" WIDTH="28"/>
						<String ID="P17_ST00417" HPOS="2093" VPOS="3231" WIDTH="247" HEIGHT="61" CONTENT="comprise" WC="1.00" CC="00000151"/>
						<SP ID="P17_SP00376" HPOS="2340" VPOS="3292" WIDTH="40"/>
						<String ID="P17_ST00418" HPOS="2380" VPOS="3231" WIDTH="60" HEIGHT="47" CONTENT="de" WC="0.82" CC="03"/>
					</TextLine>
					<TextLine ID="P17_TL00042" HPOS="193" VPOS="3279" WIDTH="2251" HEIGHT="75">
						<String ID="P17_ST00419" HPOS="193" VPOS="3284" WIDTH="115" HEIGHT="42" CONTENT="tous" WC="0.98" CC="5100"/>
						<SP ID="P17_SP00377" HPOS="308" VPOS="3326" WIDTH="32"/>
						<String ID="P17_ST00420" HPOS="340" VPOS="3279" WIDTH="74" HEIGHT="49" CONTENT="les" WC="1.00" CC="000"/>
						<SP ID="P17_SP00378" HPOS="414" VPOS="3328" WIDTH="49"/>
						<String ID="P17_ST00421" HPOS="463" VPOS="3284" WIDTH="332" HEIGHT="58" CONTENT="spectateurs," WC="1.00" CC="000047500700"/>
						<SP ID="P17_SP00379" HPOS="795" VPOS="3342" WIDTH="43"/>
						<String ID="P17_ST00422" HPOS="838" VPOS="3281" WIDTH="73" HEIGHT="48" CONTENT="les" WC="0.97" CC="601"/>
						<SP ID="P17_SP00380" HPOS="911" VPOS="3342" WIDTH="32"/>
						<String ID="P17_ST00423" HPOS="943" VPOS="3297" WIDTH="113" HEIGHT="32" CONTENT="vers" WC="1.00" CC="0011"/>
						<SP ID="P17_SP00381" HPOS="1056" VPOS="3342" WIDTH="43"/>
						<String ID="P17_ST00424" HPOS="1099" VPOS="3283" WIDTH="346" HEIGHT="64" CONTENT="symboliques" WC="1.00" CC="12000620000"/>
						<SP ID="P17_SP00382" HPOS="1445" VPOS="3347" WIDTH="34"/>
						<String ID="P17_ST00425" HPOS="1479" VPOS="3286" WIDTH="66" HEIGHT="47" CONTENT="du" WC="0.99" CC="00"/>
						<SP ID="P17_SP00383" HPOS="1545" VPOS="3347" WIDTH="50"/>
						<String ID="P17_ST00426" HPOS="1595" VPOS="3292" WIDTH="30" HEIGHT="20" CONTENT='"' WC="0.41" CC="5"/>
						<SP ID="P17_SP00384" HPOS="1625" VPOS="3347" WIDTH="36"/>
						<String ID="P17_ST00427" HPOS="1661" VPOS="3287" WIDTH="103" HEIGHT="47" CONTENT="vrai" WC="0.99" CC="0003"/>
						<SP ID="P17_SP00385" HPOS="1764" VPOS="3347" WIDTH="30"/>
						<String ID="P17_ST00428" HPOS="1794" VPOS="3288" WIDTH="154" HEIGHT="49" CONTENT="Poète" WC="0.99" CC="03060"/>
						<SP ID="P17_SP00386" HPOS="1948" VPOS="3347" WIDTH="30"/>
						<String ID="P17_ST00429" HPOS="1978" VPOS="3291" WIDTH="24" HEIGHT="16" CONTENT='"' WC="0.92" CC="0"/>
						<SP ID="P17_SP00387" HPOS="2002" VPOS="3347" WIDTH="55"/>
						<String ID="P17_ST00430" HPOS="2057" VPOS="3305" WIDTH="61" HEIGHT="32" CONTENT="ne" WC="0.89" CC="20"/>
						<SP ID="P17_SP00388" HPOS="2118" VPOS="3347" WIDTH="38"/>
						<String ID="P17_ST00431" HPOS="2156" VPOS="3292" WIDTH="288" HEIGHT="62" CONTENT="parvinrent" WC="0.99" CC="0560305116"/>
					</TextLine>
					<TextLine ID="P17_TL00043" HPOS="191" VPOS="3342" WIDTH="2249" HEIGHT="75">
						<String ID="P17_ST00432" HPOS="191" VPOS="3357" WIDTH="92" HEIGHT="48" CONTENT="pas" WC="1.00" CC="000"/>
						<SP ID="P17_SP00389" HPOS="283" VPOS="3405" WIDTH="44"/>
						<String ID="P17_ST00433" HPOS="327" VPOS="3342" WIDTH="200" HEIGHT="62" CONTENT="jusqu'à" WC="0.99" CC="3100226"/>
						<SP ID="P17_SP00390" HPOS="527" VPOS="3405" WIDTH="50"/>
						<String ID="P17_ST00434" HPOS="577" VPOS="3343" WIDTH="46" HEIGHT="46" CONTENT="la" WC="0.78" CC="40"/>
						<SP ID="P17_SP00391" HPOS="623" VPOS="3405" WIDTH="46"/>
						<String ID="P17_ST00435" HPOS="669" VPOS="3357" WIDTH="183" HEIGHT="43" CONTENT="masse," WC="0.99" CC="020201"/>
						<SP ID="P17_SP00392" HPOS="852" VPOS="3405" WIDTH="51"/>
						<String ID="P17_ST00436" HPOS="903" VPOS="3343" WIDTH="127" HEIGHT="47" CONTENT="mais" WC="0.99" CC="3300"/>
						<SP ID="P17_SP00393" HPOS="1030" VPOS="3405" WIDTH="54"/>
						<String ID="P17_ST00437" HPOS="1084" VPOS="3344" WIDTH="73" HEIGHT="47" CONTENT="les" WC="0.96" CC="603"/>
						<SP ID="P17_SP00394" HPOS="1157" VPOS="3405" WIDTH="30"/>
						<String ID="P17_ST00438" HPOS="1187" VPOS="3345" WIDTH="335" HEIGHT="49" CONTENT="intellectuels" WC="0.99" CC="4252400073031"/>
						<SP ID="P17_SP00395" HPOS="1522" VPOS="3405" WIDTH="36"/>
						<String ID="P17_ST00439" HPOS="1558" VPOS="3352" WIDTH="49" HEIGHT="42" CONTENT="et" WC="0.66" CC="06"/>
						<SP ID="P17_SP00396" HPOS="1607" VPOS="3405" WIDTH="41"/>
						<String ID="P17_ST00440" HPOS="1648" VPOS="3348" WIDTH="71" HEIGHT="47" CONTENT="les" WC="1.00" CC="000"/>
						<SP ID="P17_SP00397" HPOS="1719" VPOS="3405" WIDTH="34"/>
						<String ID="P17_ST00441" HPOS="1753" VPOS="3351" WIDTH="423" HEIGHT="62" CONTENT="avant-gardistes" WC="0.82" CC="004460002020600"/>
						<SP ID="P17_SP00398" HPOS="2176" VPOS="3413" WIDTH="33"/>
						<String ID="P17_ST00442" HPOS="2209" VPOS="3354" WIDTH="203" HEIGHT="63" CONTENT="pénétrè" SUBS_TYPE="HypPart1" SUBS_CONTENT="pénétrèrent" WC="0.99" CC="0075621"/>
						<HYP HPOS="2412" VPOS="3354" WIDTH="28" CONTENT="-"/>
					</TextLine>
					<TextLine ID="P17_TL00044" HPOS="189" VPOS="3404" WIDTH="2251" HEIGHT="70">
						<String ID="P17_ST00443" HPOS="189" VPOS="3408" WIDTH="113" HEIGHT="43" CONTENT="rent" SUBS_TYPE="HypPart2" SUBS_CONTENT="pénétrèrent" WC="0.97" CC="7060"/>
						<SP ID="P17_SP00399" HPOS="302" VPOS="3451" WIDTH="46"/>
						<String ID="P17_ST00444" HPOS="348" VPOS="3404" WIDTH="44" HEIGHT="47" CONTENT="le" WC="0.89" CC="20"/>
						<SP ID="P17_SP00400" HPOS="392" VPOS="3451" WIDTH="47"/>
						<String ID="P17_ST00445" HPOS="439" VPOS="3419" WIDTH="117" HEIGHT="32" CONTENT="sens" WC="0.97" CC="6502"/>
						<SP ID="P17_SP00401" HPOS="556" VPOS="3451" WIDTH="54"/>
						<String ID="P17_ST00446" HPOS="610" VPOS="3404" WIDTH="181" HEIGHT="63" CONTENT="simple" WC="0.99" CC="600002"/>
						<SP ID="P17_SP00402" HPOS="791" VPOS="3467" WIDTH="37"/>
						<String ID="P17_ST00447" HPOS="828" VPOS="3409" WIDTH="49" HEIGHT="43" CONTENT="et" WC="0.66" CC="06"/>
						<SP ID="P17_SP00403" HPOS="877" VPOS="3467" WIDTH="46"/>
						<String ID="P17_ST00448" HPOS="923" VPOS="3406" WIDTH="212" HEIGHT="63" CONTENT="profond" WC="1.00" CC="0000000"/>
						<SP ID="P17_SP00404" HPOS="1135" VPOS="3469" WIDTH="43"/>
						<String ID="P17_ST00449" HPOS="1178" VPOS="3406" WIDTH="66" HEIGHT="47" CONTENT="du" WC="1.00" CC="00"/>
						<SP ID="P17_SP00405" HPOS="1244" VPOS="3469" WIDTH="61"/>
						<String ID="P17_ST00450" HPOS="1305" VPOS="3409" WIDTH="170" HEIGHT="47" CONTENT="drame" WC="0.99" CC="00530"/>
						<SP ID="P17_SP00406" HPOS="1475" VPOS="3469" WIDTH="35"/>
						<String ID="P17_ST00451" HPOS="1510" VPOS="3409" WIDTH="358" HEIGHT="65" CONTENT="birotinesque," WC="0.65" CC="7545541000414"/>
						<SP ID="P17_SP00407" HPOS="1868" VPOS="3474" WIDTH="33"/>
						<String ID="P17_ST00452" HPOS="1901" VPOS="3415" WIDTH="113" HEIGHT="45" CONTENT="tous" WC="0.98" CC="0610"/>
						<SP ID="P17_SP00408" HPOS="2014" VPOS="3474" WIDTH="65"/>
						<String ID="P17_ST00453" HPOS="2079" VPOS="3415" WIDTH="130" HEIGHT="47" CONTENT="enfin" WC="0.97" CC="34335"/>
						<SP ID="P17_SP00409" HPOS="2209" VPOS="3474" WIDTH="42"/>
						<String ID="P17_ST00454" HPOS="2251" VPOS="3415" WIDTH="189" HEIGHT="49" CONTENT="hormis" WC="0.99" CC="702020"/>
					</TextLine>
					<TextLine ID="P17_TL00045" HPOS="195" VPOS="3464" WIDTH="2244" HEIGHT="71">
						<String ID="P17_ST00455" HPOS="195" VPOS="3464" WIDTH="247" HEIGHT="63" CONTENT="quelques" WC="1.00" CC="02030200"/>
						<SP ID="P17_SP00410" HPOS="442" VPOS="3527" WIDTH="38"/>
						<String ID="P17_ST00456" HPOS="480" VPOS="3471" WIDTH="30" HEIGHT="19" CONTENT='"' WC="0.30" CC="6"/>
						<SP ID="P17_SP00411" HPOS="510" VPOS="3527" WIDTH="28"/>
						<String ID="P17_ST00457" HPOS="538" VPOS="3466" WIDTH="276" HEIGHT="61" CONTENT="passéistes" WC="1.00" CC="0000011002"/>
						<SP ID="P17_SP00412" HPOS="814" VPOS="3527" WIDTH="40"/>
						<String ID="P17_ST00458" HPOS="854" VPOS="3467" WIDTH="24" HEIGHT="18" CONTENT='"' WC="0.51" CC="4"/>
						<SP ID="P17_SP00413" HPOS="878" VPOS="3527" WIDTH="40"/>
						<String ID="P17_ST00459" HPOS="918" VPOS="3466" WIDTH="301" HEIGHT="48" CONTENT="admirèrent" WC="0.99" CC="2064150003"/>
						<SP ID="P17_SP00414" HPOS="1219" VPOS="3527" WIDTH="23"/>
						<String ID="P17_ST00460" HPOS="1242" VPOS="3467" WIDTH="71" HEIGHT="49" CONTENT="les" WC="0.97" CC="600"/>
						<SP ID="P17_SP00415" HPOS="1313" VPOS="3527" WIDTH="30"/>
						<String ID="P17_ST00461" HPOS="1343" VPOS="3470" WIDTH="267" HEIGHT="48" CONTENT="situations" WC="0.99" CC="4454346120"/>
						<SP ID="P17_SP00416" HPOS="1610" VPOS="3527" WIDTH="30"/>
						<String ID="P17_ST00462" HPOS="1640" VPOS="3471" WIDTH="275" HEIGHT="64" CONTENT="comiques," WC="1.00" CC="002300002"/>
						<SP ID="P17_SP00417" HPOS="1915" VPOS="3535" WIDTH="33"/>
						<String ID="P17_ST00463" HPOS="1948" VPOS="3474" WIDTH="44" HEIGHT="47" CONTENT="la" WC="0.75" CC="05"/>
						<SP ID="P17_SP00418" HPOS="1992" VPOS="3535" WIDTH="42"/>
						<String ID="P17_ST00464" HPOS="2034" VPOS="3475" WIDTH="168" HEIGHT="58" CONTENT="satire," WC="0.99" CC="2300302"/>
						<SP ID="P17_SP00419" HPOS="2202" VPOS="3535" WIDTH="42"/>
						<String ID="P17_ST00465" HPOS="2244" VPOS="3476" WIDTH="44" HEIGHT="47" CONTENT="la" WC="0.46" CC="45"/>
						<SP ID="P17_SP00420" HPOS="2288" VPOS="3535" WIDTH="41"/>
						<String ID="P17_ST00466" HPOS="2329" VPOS="3493" WIDTH="83" HEIGHT="32" CONTENT="ver" SUBS_TYPE="HypPart1" SUBS_CONTENT="verve" WC="0.97" CC="133"/>
						<HYP HPOS="2412" VPOS="3493" WIDTH="27" CONTENT="-"/>
					</TextLine>
					<TextLine ID="P17_TL00046" HPOS="194" VPOS="3527" WIDTH="472" HEIGHT="61">
						<String ID="P17_ST00467" HPOS="194" VPOS="3542" WIDTH="61" HEIGHT="32" CONTENT="ve" SUBS_TYPE="HypPart2" SUBS_CONTENT="verve" WC="0.70" CC="50"/>
						<SP ID="P17_SP00421" HPOS="255" VPOS="3574" WIDTH="47"/>
						<String ID="P17_ST00468" HPOS="302" VPOS="3527" WIDTH="66" HEIGHT="47" CONTENT="du" WC="0.68" CC="60"/>
						<SP ID="P17_SP00422" HPOS="368" VPOS="3574" WIDTH="39"/>
						<String ID="P17_ST00469" HPOS="407" VPOS="3527" WIDTH="259" HEIGHT="61" CONTENT="dialogue." WC="0.99" CC="727100120"/>
					</TextLine>
				</TextBlock>
			</PrintSpace>
		</Page>
	</Layout>
</alto>
