3634 4447
1828 136 92 53 262

339 269 99 69 (Mit
467 268 89 52 den
588 268 317 70 Ergebnissen
947 272 83 52 der
1056 275 264 67 Prüfungen
1355 276 80 49 auf
1469 276 86 51 den
1586 277 182 51 Rias-In-

209 361 290 46 strumenten
530 353 59 51 ist
618 372 145 35 unser
796 356 180 52 Censor
1021 360 254 58 zufrieden;
1320 358 112 51 aber
1474 377 50 33 er
1569 360 226 53 bedauert

209 438 70 51 die
303 437 179 70 jungen
513 438 270 61 Virtuosen,
824 443 103 50 weil
960 443 78 51 das
1070 445 262 49 Pianoforte
1362 445 188 50 niemals
1583 446 211 67 zugeben

209 522 130 60 wird,
384 525 105 49 dass
532 525 100 51 eine
664 526 137 52 Oboe
843 529 112 49 oder
997 529 97 48 eine
1127 527 251 52 Clarinette
1411 549 104 32 zum
1546 531 248 53 Auftreten

207 609 45 50 in
283 609 150 50 einem
467 610 329 52 Concertsaale
828 611 269 67 zugelassen
1127 614 191 68 werde.)

332 695 94 51 Am
459 695 164 51 achten
655 697 126 66 Tage
823 697 245 66 gelangten
1116 697 84 50 wir
1244 716 103 33 zum
1381 701 210 51 Concurs
1623 704 71 51 lür
1726 703 69 50 die

208 796 164 50 grosse
392 780 145 69 Oper.
567 781 64 49 Es
663 780 55 50 ist
750 780 130 50 dabei
913 780 101 50 kein
1047 790 149 42 erster
1225 784 130 51 Preis
1388 786 254 56 zuerkannt
1673 805 91 33 wor-

721 845 7 21 )
806 848 15 19 C
837 840 8 25 J
864 856 24 8 r.
926 844 22 20 !)
957 842 5 22 5
977 840 6 24 5
991 840 4 27 %
1004 843 7 11 k
1017 840 69 24 wll)-
1151 840 75 25 JSJVJI
1277 849 13 13 •
1303 840 43 20 Ol-
1357 840 52 21 /II
1419 840 30 18 Mi
1458 840 39 17 «K
1507 840 55 18 •*.**
1573 840 3 27 •

211 865 105 53 den.
369 865 105 51 Und
520 864 116 51 doch
682 866 158 50 Ihaten
887 866 72 50 die
989 868 182 50 Damen
1214 872 275 50 namentlich
1532 873 79 49 das
1643 874 151 56 Ihrige

209 949 97 52 und
336 948 231 50 bewiesen
599 948 132 50 mehr
763 950 63 50 als
859 968 55 32 zu
947 950 83 51 viel
1064 951 145 52 durch
1243 954 71 51 die
1329 957 158 49 Macht
1510 957 122 49 ihrer
1656 958 110 51 Stim-

208 1049 122 43 men,
360 1031 104 51 dass
496 1033 64 49 sie
591 1033 124 68 fähig
745 1039 177 56 wären,
952 1035 46 51 in
1030 1037 83 52 der
1145 1057 192 49 grossen
1370 1042 131 67 Oper
1530 1061 56 30 zu
1619 1042 174 67 singen.

208 1117 132 53 Noch
378 1117 75 52 nie
482 1118 151 53 haben
665 1117 103 64 wir,
814 1120 146 51 selbst
1009 1123 125 51 nicht
1174 1124 80 50 auf
1290 1125 82 50 der
1413 1127 178 59 Bühne,
1638 1128 155 51 solche

208 1202 562 69 Kraft-Anstrengungen
812 1205 179 68 gehört.
1036 1207 65 49 Es
1146 1226 97 31 war
1285 1208 203 51 wirklich
1521 1211 100 49 eine
1653 1211 137 60 Qual,

209 1287 83 52 das
321 1288 84 51 mit
435 1289 283 61 anzuhören,
762 1291 94 50 und
903 1291 185 50 solchen
1122 1291 186 52 Proben
1355 1312 86 32 von
1488 1294 104 51 dem
1623 1294 140 52 Unter-

208 1372 148 52 richte
387 1372 60 51 im
480 1373 350 52 Conservatoire
861 1374 268 68 gegenüber
1159 1393 98 33 war
1287 1395 49 33 es
1370 1379 279 66 unmöglich,
1695 1381 94 50 sich

210 1456 84 52 der
326 1456 278 68 traurigsten
633 1457 379 68 Betrachtungen
1054 1477 56 33 zu
1153 1459 249 52 enthalten.
1450 1462 123 53 Wer
1604 1463 43 51 in
1680 1462 112 55 aller

205 1539 137 54 Welt
370 1539 174 51 konnte
576 1541 70 51 die
675 1543 181 50 Damen
887 1542 154 52 diesen
1069 1545 99 60 Stil,
1200 1545 123 52 diese
1345 1547 237 61 Methode,
1614 1550 175 52 welche

204 1623 72 52 die
307 1623 281 54 einfachsten
619 1626 300 68 Grundlagen
951 1628 80 52 des
1064 1630 236 68 Gesanges
1336 1631 116 51 über
1484 1632 88 52 den
1604 1635 182 52 Haufen

202 1707 140 62 wirft,
374 1708 182 70 gelehrt
585 1710 188 52 haben?
831 1712 134 51 Doch
1013 1715 166 67 gewiss
1220 1715 126 52 nicht
1385 1717 71 51 die
1485 1720 301 51 Professoren

207 1795 82 51 des
320 1793 398 55 Conservatoires!
764 1797 106 51 Ihre
914 1799 163 68 heilige
1118 1800 153 52 Scheu
1303 1820 82 32 vor
1416 1801 374 72 Uebertreibung

204 1879 98 53 und
330 1879 98 50 ihre
457 1879 143 53 Liebe
632 1900 53 32 zu
720 1880 87 52 den
837 1881 222 53 Nuancen
1089 1885 93 49 und
1215 1904 56 32 zu
1304 1886 104 51 dem
1440 1886 348 55 akademischen

205 1964 87 50 Stil
323 1964 59 52 ist
410 1964 206 53 bekannt
650 1985 167 50 genug.
859 1966 105 52 Und
995 1970 229 51 trotzdem
1257 1989 245 50 vergessen
1540 1974 71 51 die
1642 1975 117 52 Schü-

204 2047 207 51 lerinnen
442 2049 45 51 in
519 2050 104 50 dem
656 2050 388 53 entscheidenden
1065 2053 320 68 Augenblicke
1409 2055 108 67 jene
1539 2056 249 54 heilsamen

202 2133 200 59 Lehren,
444 2134 232 51 verlassen
711 2135 73 50 die
815 2135 263 52 Fiorituren
1120 2139 95 49 und
1247 2139 87 51 den
1366 2148 286 59 getragenen
1684 2145 102 48 Ton

198 2216 96 52 und
325 2224 183 44 stossen
539 2218 341 68 phantastische
911 2221 145 60 Töne,
1098 2221 104 54 bald
1235 2223 43 50 in
1310 2224 83 49 der
1423 2224 140 62 Tiefe,
1606 2225 106 54 bald
1743 2228 41 51 in

200 2301 83 51 der
312 2301 141 51 Höhe
483 2320 98 37 aus,
612 2305 82 50 auf
718 2303 117 51 allen
864 2304 169 61 Noten,
1075 2307 45 50 in
1151 2308 115 51 allen
1300 2309 222 60 Octaven,
1555 2312 82 49 mit
1667 2314 88 50 Ver-

199 2387 206 68 achtung
434 2387 110 52 aller
576 2388 239 67 gesunden
831 2388 384 72 Ueberlieferung
1244 2393 95 51 und
1365 2393 110 51 aller
1493 2394 291 53 Elementar-

195 2470 181 69 Regeln
407 2472 80 50 des
520 2473 250 68 Gesanges.

323 2555 112 51 Man
466 2555 113 53 wird
612 2557 237 67 gestehen,
896 2558 104 53 dass
1032 2558 80 52 das
1145 2559 71 52 ein
1261 2561 284 54 besonderes
1571 2564 213 69 Unglück

195 2639 74 50 lür
299 2639 71 51 die
393 2639 190 52 Anstalt
613 2658 113 36 war.
757 2643 121 51 Was
910 2643 163 52 würde
1103 2662 107 34 man
1239 2663 89 35 von
1361 2648 86 50 den
1477 2649 210 52 Lehrern
1712 2668 48 39 sa-

198 2741 104 51 gen,
346 2741 139 34 wenn
515 2743 106 33 man
654 2727 63 49 sie
746 2726 125 52 nicht
901 2746 52 33 so
985 2735 84 59 gut
1108 2728 170 53 kännte
1315 2732 94 51 und
1438 2732 126 52 nicht
1596 2738 187 59 wüsste,

198 2808 104 52 dass
332 2808 65 51 sie
429 2827 114 50 ganz
576 2811 172 52 andere
770 2811 192 70 Erfolge
993 2812 145 51 durch
1169 2813 130 54 ihren
1331 2815 265 54 Unterricht
1625 2820 158 50 erzielt

196 2892 150 52 haben
364 2895 10 49 !
417 2895 111 50 Man
557 2895 177 52 könnte
763 2895 275 71 wahrhaftig
1069 2897 135 52 dahin
1234 2900 232 62 kommen,
1512 2902 136 52 ihnen
1680 2922 78 33 vor-

200 2978 248 60 zuwerfen,
478 2997 97 33 was
608 2981 62 49 sie
702 2980 126 52 einer
858 2982 203 51 anderen
1093 2983 170 51 Schule
1303 2989 271 58 vorwerfen,
1607 2987 177 52 welche

200 3062 66 51 sie
295 3062 216 69 übrigens
544 3082 83 50 gar
657 3066 124 51 nicht
811 3067 197 56 kennen,
1040 3069 95 50 und
1154 3086 97 35 was
1278 3070 188 52 wollten
1489 3074 64 49 sie
1578 3081 176 43 antwor-

200 3152 94 54 ten,
326 3164 136 33 wenn
490 3149 136 50 ihnen
655 3150 124 52 einer
811 3169 114 49 ganz
957 3151 126 51 frech
1113 3154 69 50 ins
1218 3155 186 51 Gesicht
1431 3165 152 60 sagte:
1626 3157 158 60 „Eure

199 3231 339 52 Schülerinnen
569 3234 273 52 schreien
872 3254 80 34 um
984 3237 72 51 die
1088 3237 183 64 Wette,
1301 3240 96 51 und
1430 3241 81 51 das
1540 3250 146 42 nennt
1714 3243 70 50 ihr

198 3314 183 52 breiten
411 3315 98 51 und
539 3316 332 54 dramatischen

325 3401 71 50 Im
419 3400 144 51 Ernst
594 3404 300 66 gesprochen,
924 3423 107 33 man
1061 3410 176 48 müsste
1266 3408 70 54 bis
1367 3428 58 32 zu
1456 3410 89 53 den
1576 3410 180 51 schlech-

195 3493 155 44 testen
379 3485 164 51 Zeiten
588 3486 83 50 der
703 3489 316 52 Vocal-Musik
1063 3493 339 68 zurückgehen,
1445 3513 80 33 um
1555 3495 226 69 Beispiele

198 3570 123 50 eines
353 3569 396 68 mangelhafteren
778 3570 518 74 Unterrichts-Systems
1328 3596 56 33 zu
1417 3578 170 61 finden,
1635 3580 64 50 als
1731 3598 49 33 es

200 3654 80 51 das
312 3654 320 70 gegenwärtig
675 3657 61 50 im
769 3657 352 52 Conservatoire
1162 3660 351 68 gebräuchliche
1555 3664 74 51 ist.
1673 3664 80 52 Fal-

202 3738 109 51 sche
350 3739 235 61 Nuancen,
637 3740 315 69 ungehöriges
994 3742 220 52 Schreien
1259 3747 96 49 und
1394 3748 385 70 Herausplatzen,

202 3822 292 52 fehlerhaftes
537 3824 327 62 Athemholen,
911 3825 82 51 das
1038 3827 72 51 die
1154 3827 174 52 Phrase
1372 3832 290 61 zerstückelt,
1708 3834 72 51 ein

203 3905 338 72 übermässiges
558 3908 257 53 Aushalten
843 3911 81 52 des
942 3912 171 61 Tones,
1145 3911 81 52 das
1251 3911 157 69 bringt
1430 3914 146 52 dieses
1596 3918 185 67 System

204 3989 180 62 hervor,
415 3992 95 52 und
541 3992 80 53 das
651 3993 154 52 haben
835 4013 87 33 uns
952 3996 72 50 die
1054 3997 195 52 meisten
1278 3997 395 54 Bewerberinnen
1701 4020 80 33 um

205 4073 90 52 den
323 4076 127 52 Preis
496 4078 73 50 für
605 4079 73 51 die
723 4097 162 50 grosse
930 4082 133 69 Oper
1108 4082 291 69 aufgetischt.
1458 4083 172 51 Nimmt
1676 4104 107 33 man

203 4158 119 52 dazu
351 4159 98 51 eine
482 4161 266 54 fehlerhafte
773 4165 312 69 Aussprache,
1115 4167 169 62 ferner,
1315 4167 106 52 dass
1455 4167 72 52 die
1558 4168 226 55 Stimmen

1892 279 94 51 sich
2016 281 121 52 noch
2167 282 136 51 kaum
2324 290 177 59 gesetzt
2528 283 164 61 haben,
2725 287 104 51 dass
2862 288 62 51 sie
2956 290 212 68 Ungleich
3200 292 94 50 lind
3327 295 152 68 wenig

1892 366 211 65 geschult
2134 368 115 59 sind,
2282 386 49 33 so
2364 368 104 51 dass
2496 370 70 49 die
2598 372 356 52 verschiedenen
2978 377 216 66 Register
3216 376 70 51 die
3314 379 136 52 wider-

1891 450 191 52 lichsten
2117 452 244 52 Contrasie
2392 454 379 69 hervorbringen,
2818 475 51 33 so
2922 461 113 50 wird
3081 479 105 33 man
3228 462 250 69 begreifen,

1892 534 104 52 dass
2028 535 71 51 die
2129 537 116 69 Jury
2275 539 163 50 keinen
2467 548 153 43 ersten
2650 541 128 50 Preis
2811 542 295 53 zuerkennen
3139 546 185 52 konnte.
3369 550 110 50 Wir

1892 620 184 51 können
2109 621 64 50 sie
2206 640 163 50 wegen
2401 624 149 51 dieser
2570 625 253 69 Festigkeit
2853 645 89 32 nur
2974 628 136 52 loben
3126 649 12 40 ;
3170 631 63 51 sie
3266 633 77 49 hat
3366 634 88 49 voll-

1891 704 216 52 kommen
2138 708 150 49 Recht
2320 710 185 65 gehabt,
2541 713 178 49 Lehrer
2750 713 92 50 und
2875 713 195 52 Schüler
3101 714 67 52 bis
3201 734 103 32 zum
3337 720 112 50 näch-

1891 796 101 42 sten
2023 789 141 51 Jahre
2198 791 171 51 wieder
2401 794 42 49 in
2476 795 71 51 die
2579 798 168 49 Schule
2780 817 52 30 zu
2869 798 224 52 schicken.

2020 862 3 19 _
2651 867 7 6 f.
2698 862 3 19 i
2858 866 9 14 |
2900 864 9 9 •
3013 864 7 7 <*
3030 865 23 13 f.
3093 862 10 10 g

2020 874 69 49 Zu
2136 874 150 51 dieser
2329 885 219 60 strengen
2575 883 341 67 Beurtheilung
2957 884 154 51 macht
3157 885 82 51 der
3267 888 180 51 Heraus-

1891 957 142 68 geber
2063 958 82 51 des
2174 959 175 51 Blattes
2380 963 119 48 noch
2533 964 214 67 folgende
2777 968 385 70 Bemerkungen:

2015 1044 99 50 Der
2156 1043 93 52 alte
2294 1044 249 53 Cherubini
2587 1050 176 58 würde,
2809 1053 87 48 wie
2936 1054 156 51 früher
3131 1056 182 59 einmal,
3356 1057 117 51 nach

1891 1128 180 49 solcher
2127 1130 209 68 Prüfung
2391 1139 164 60 gesagt
2613 1133 176 52 haben:
2857 1176 18 18 „
2889 1139 114 59 Mal,
3053 1152 91 39 tres

1888 1213 94 51 und
2015 1213 260 53 hinterher:
2325 1254 18 21 „
2359 1218 59 50 Ze
2448 1219 104 50 zuis
2575 1219 182 60 Ilalien,
2783 1238 52 33 ze
2866 1240 56 31 ne
2954 1223 91 50 sais
3068 1242 89 49 pas
3189 1228 40 49 si
3261 1245 112 33 vous
3404 1246 69 32 me

2014 1383 101 52 Wo
2161 1383 98 52 sind
2306 1386 119 52 denn
2481 1387 123 51 diese
2658 1388 194 51 Schüler
2910 1391 93 51 und
3050 1391 255 53 besonders
3352 1396 124 51 diese

1887 1466 348 62 Schülerinnen,
2264 1470 71 50 die
2366 1489 104 31 man
2498 1490 85 32 uns
2608 1475 268 64 vorgeführt
2907 1475 91 61 hat,
3030 1476 42 51 in
3100 1477 71 51 die
3194 1478 169 51 Schule
3396 1498 52 49 ge-

1888 1553 220 66 gangen?
2160 1555 199 50 Können
2405 1556 62 49 sie
2512 1557 115 50 auch
2659 1575 89 32 nur
2780 1558 96 51 ihre
2908 1560 409 72 Muttersprache?
3374 1565 100 51 Vor

1887 1636 151 51 Allem
2057 1637 126 69 frage
2202 1656 104 33 man
2320 1640 140 67 jeden
2476 1641 429 55 aufzunehmenden
2918 1646 198 69 Zögling
3133 1647 109 51 alles
3260 1649 210 54 Ernstes,

1888 1720 60 51 ob
1980 1739 50 32 er
2061 1721 124 51 lesen
2216 1722 167 54 könne.
2418 1724 103 52 Und
2555 1726 118 51 dann
2703 1727 216 68 verlange
2943 1739 106 42 män
3074 1749 162 33 ausser
3260 1731 82 52 der
3364 1732 80 51 Ele-

1887 1807 406 70 menlar-Rildung
2321 1810 100 49 eine
2452 1812 270 67 anständige
2753 1814 290 68 Erziehung;
3076 1816 69 51 die
3175 1818 171 62 Kunst,
3378 1819 92 51 und

1888 1890 205 51 vollends
2124 1891 71 51 die
2226 1892 190 53 idealste
2446 1912 89 33 von
2566 1896 131 57 allen,
2745 1898 70 50 die
2846 1899 167 60 Musik,
3056 1909 205 58 gewinnt
3291 1903 149 52 unend-

1888 1975 85 50 lich
2006 1975 144 51 durch
2180 1978 201 67 Bildung
2409 1979 92 51 und
2537 1980 113 50 feine
2679 1981 117 52 Sitte
2828 1983 123 49 ihrer
2982 1985 191 68 Träger.

2013 2060 191 51 Anstatt
2247 2063 83 49 der
2362 2061 115 51 863
2514 2065 210 60 Schüler,
2769 2068 176 49 welche
2994 2068 80 51 das
3117 2069 353 53 Conservatoire

1882 2144 117 67 jetzt
2029 2145 136 59 zählt,
2208 2150 177 47 müsste
2424 2149 71 50 die
2528 2149 109 50 Zahl
2682 2153 82 48 auf
2801 2152 116 52 500
2952 2152 281 53 beschränkt
3263 2157 205 50 werden.

1886 2228 193 52 Anstatt
2126 2228 116 52 392
2287 2249 105 32 zum
2437 2232 208 52 Concors
2692 2235 269 52 zuzulassen
2994 2237 61 70 (!),
3103 2239 87 51 wie
3222 2239 43 51 in
3298 2239 170 52 diesem

1886 2313 156 58 Jahre,
2072 2318 127 46 wäre
2231 2332 48 33 es
2311 2315 80 51 mit
2430 2317 113 50 150
2585 2336 158 51 genug
2780 2320 92 50 und
2907 2320 139 53 schon
3084 2341 55 32 zu
3180 2323 97 51 viel.

2006 2398 164 52 Wenn
2200 2399 145 51 durch
2380 2408 241 61 strengere
2650 2404 210 68 Prüfung
2890 2404 71 52 bei
2993 2407 83 51 der
3105 2407 261 53 Aufnahme
3398 2409 71 51 die

1887 2481 294 53 Schülerzahl
2212 2484 281 52 vermindert
2531 2487 129 61 wird,
2703 2506 52 33 so
2789 2488 165 52 bedarf
2978 2508 104 33 man
3115 2493 114 50 auch
3261 2493 123 51 nicht
3415 2514 52 31 so

1886 2566 138 50 vieler
2053 2567 192 53 Lehrer.

2011 2652 112 52 Wir
2152 2652 150 52 haben
2326 2653 117 69 jetzt

1929 2736 34 49 4
1996 2736 301 53 Professoren
2327 2740 74 49 für
2433 2740 330 68 Composition,
2796 2741 324 71 Contrapunkt
3152 2745 94 52 und
3276 2746 148 69 Fuge,

1930 2820 32 50 2
2148 2862 18 20 „
2358 2864 19 19 „
2432 2825 397 61 Harmonielehre,

1926 2905 36 49 4
2147 2945 19 22 „
2357 2948 17 20 „
2434 2910 306 52 Generalbass
2771 2911 94 51 und
2896 2911 473 71 Accompagnement,

1889 2989 69 49 16
2145 3030 19 21 ,
2357 3033 17 9 „
2429 2994 279 68 Solfeggien,
2763 3010 6 19 1

1925 3074 32 50 8
2147 3114 18 22 „
2358 3118 18 19 „
2433 3080 187 66 Gesang
2649 3080 110 69 (und
2792 3080 118 51 eben
2942 3099 51 33 so
3025 3081 81 51 viel
3139 3085 324 51 verschiedene

2425 3162 309 69 Methoden!),
2931 3176 7 21 '

1886 3243 62 49 11
2142 3286 18 20 „
2353 3287 18 19 „
2427 3248 262 50 Pianoforte
2728 3248 62 69 (!),

1921 3328 34 49 4
2140 3370 19 19 „
2350 3371 19 20 „
2427 3331 71 51 die
2529 3333 146 68 Oper,

1929 3410 19 51 1
2141 3453 19 19 »
2353 3455 19 20 »
2428 3419 189 47 äussere
2636 3418 211 66 Haltung
2877 3418 119 70 (Wo
3029 3420 55 51 ist
3116 3422 83 49 der
3220 3422 43 50 in
3289 3422 170 50 diesem

2427 3500 141 51 Jahre
2598 3505 286 68 gewesen?),

1920 3578 32 52 3
2405 3622 18 19 „
2425 3584 421 64 „Rollen-Studium,
2890 3589 333 60 Declamation,
3288 3590 141 53 Fecht-

2424 3668 156 62 kunst,

1925 3749 23 51 1
2141 3790 18 19 »
2352 3792 17 21 „
2425 3753 89 51 den
2548 3756 333 68 Volksgesang,
2922 3757 255 52 besonders
3209 3758 86 51 den
3327 3761 98 52 Män-

2423 3855 275 52 nergesang,

1921 3918 32 51 2
2141 3959 19 20 „
2423 3922 430 61 Ensemblestücke,

1883 4002 71 52 18
2141 4044 19 19 „
2352 4046 17 19 „
2425 4006 197 62 Violine,
2651 4008 159 59 Harfe,
2839 4007 270 64 Violoncell,
3140 4011 162 62 Orgel,
3333 4013 121 52 Con-

2011 4074 28 19 Si
2142 4085 11 8 /
2173 4072 2 31 '
2209 4072 19 21 »1
2270 4081 43 20 et'
2347 4079 8 24 i
2387 4078 9 25 t
2422 4072 4 31 '
2468 4084 9 9 *
2640 4072 17 31 4
2674 4072 118 31 ■<'•}"»
2841 4072 2 31 ;

2425 4090 195 61 trabass,
2644 4092 153 57 Flöte,
2818 4091 152 61 Oboe,
2989 4092 266 65 Clarinette,
3270 4098 185 69 Fagott,

2423 4177 151 59 Horn,
2592 4177 86 50 Cor
2696 4175 30 52 ä
2738 4176 191 69 pistons,
2947 4178 267 71 Trompete,
3227 4184 228 58 Posaune,
