<?xml version="1.0" encoding="UTF-8"?>
<alto xmlns:xsi="http://www.w3.org/2001/XMLSchema-instance" xmlns="http://www.loc.gov/standards/alto/ns-v2#" xsi:schemaLocation="http://www.loc.gov/standards/alto/ns-v2# http://www.loc.gov/standards/alto/alto-v2.0.xsd" xmlns:xlink="http://www.w3.org/1999/xlink">
	<Description>
		<MeasurementUnit>mm10</MeasurementUnit>
		<sourceImageInformation>
			<fileName>//fileserver7/IN2/Princeton/Batch5/bmtnabi/1853/07/30_01/00000053.tif</fileName>
		</sourceImageInformation>
		<OCRProcessing ID="OCRPROCESSING_1">
			<preProcessingStep>
				<processingSoftware>
					<softwareCreator>CCS Content Conversion Specialists GmbH, Germany</softwareCreator>
					<softwareName>CCS docWORKS</softwareName>
					<softwareVersion>6.6-1.18</softwareVersion>
				</processingSoftware>
			</preProcessingStep>
			<ocrProcessingStep>
				<processingSoftware>
					<softwareCreator>ABBYY (BIT Software), Russia</softwareCreator>
					<softwareName>FineReader</softwareName>
					<softwareVersion>10.0</softwareVersion>
				</processingSoftware>
			</ocrProcessingStep>
		</OCRProcessing>
		<OCRProcessing ID="OCRPROCESSING_2">
			<preProcessingStep>
				<processingSoftware>
					<softwareCreator>CCS Content Conversion Specialists GmbH, Germany</softwareCreator>
					<softwareName>CCS docWORKS</softwareName>
					<softwareVersion>6.6-1.18</softwareVersion>
				</processingSoftware>
			</preProcessingStep>
			<ocrProcessingStep>
				<processingSoftware>
					<softwareCreator>ABBYY (BIT Software), Russia</softwareCreator>
					<softwareName>NA</softwareName>
				</processingSoftware>
			</ocrProcessingStep>
		</OCRProcessing>
	</Description>
	<Styles>
		<TextStyle ID="TXT_0" FONTSIZE="19" FONTFAMILY="Times New Roman"/>
		<TextStyle ID="TXT_1" FONTSIZE="14" FONTFAMILY="Times New Roman"/>
		<TextStyle ID="TXT_2" FONTSIZE="13" FONTFAMILY="Times New Roman"/>
		<TextStyle ID="TXT_3" FONTSIZE="19" FONTFAMILY="Courier New" FONTSTYLE="bold"/>
		<TextStyle ID="TXT_4" FONTSIZE="5" FONTFAMILY="Times New Roman" FONTSTYLE="bold italics"/>
		<TextStyle ID="TXT_5" FONTSIZE="6" FONTFAMILY="Unknown" FONTSTYLE="bold"/>
		<ParagraphStyle ID="PAR_LEFT" ALIGN="Left"/>
		<ParagraphStyle ID="PAR_BLOCK" ALIGN="Block"/>
	</Styles>
	<Layout>
		<Page ID="P7" PHYSICAL_IMG_NR="7" HEIGHT="4468" WIDTH="3573" PRINTED_IMG_NR="39" PC="0.913">
			<TopMargin ID="P7_TM00001" HPOS="0" VPOS="0" WIDTH="3573" HEIGHT="181">
				<TextBlock ID="P7_TB00001" HPOS="1695" VPOS="123" WIDTH="61" HEIGHT="55" STYLEREFS="TXT_0 PAR_LEFT">
					<TextLine ID="P7_TL00001" HPOS="1696" VPOS="124" WIDTH="60" HEIGHT="54">
						<String ID="P7_ST00001" HPOS="1696" VPOS="124" WIDTH="60" HEIGHT="54" CONTENT="39" WC="0.25" CC="86"/>
					</TextLine>
				</TextBlock>
			</TopMargin>
			<LeftMargin ID="P7_LM00001" HPOS="0" VPOS="181" WIDTH="86" HEIGHT="4030"/>
			<RightMargin ID="P7_RM00001" HPOS="3364" VPOS="181" WIDTH="209" HEIGHT="4030"/>
			<BottomMargin ID="P7_BM00001" HPOS="0" VPOS="4211" WIDTH="3573" HEIGHT="257"/>
			<PrintSpace ID="P7_PS00001" HPOS="86" VPOS="181" WIDTH="3278" HEIGHT="4030">
				<TextBlock ID="P7_TB00002" HPOS="91" VPOS="259" WIDTH="1595" HEIGHT="1436" STYLEREFS="TXT_1 PAR_BLOCK">
					<TextLine ID="P7_TL00002" HPOS="93" VPOS="259" WIDTH="1583" HEIGHT="58">
						<String ID="P7_ST00002" HPOS="93" VPOS="259" WIDTH="298" HEIGHT="58" CONTENT="xorgefündene" WC="0.23" CC="893986589876"/>
						<SP ID="P7_SP00001" HPOS="391" VPOS="317" WIDTH="30"/>
						<String ID="P7_ST00003" HPOS="421" VPOS="259" WIDTH="224" HEIGHT="44" CONTENT="Thatsache" WC="0.54" CC="770400596"/>
						<SP ID="P7_SP00002" HPOS="645" VPOS="317" WIDTH="30"/>
						<String ID="P7_ST00004" HPOS="675" VPOS="261" WIDTH="115" HEIGHT="42" CONTENT="ihren" WC="0.99" CC="00230"/>
						<SP ID="P7_SP00003" HPOS="790" VPOS="317" WIDTH="29"/>
						<String ID="P7_ST00005" HPOS="819" VPOS="263" WIDTH="196" HEIGHT="42" CONTENT="Zwecken" WC="0.97" CC="0567668"/>
						<SP ID="P7_SP00004" HPOS="1015" VPOS="317" WIDTH="39"/>
						<String ID="P7_ST00006" HPOS="1054" VPOS="263" WIDTH="246" HEIGHT="47" CONTENT="einverleibt," WC="0.99" CC="600055550144"/>
						<SP ID="P7_SP00005" HPOS="1300" VPOS="317" WIDTH="43"/>
						<String ID="P7_ST00007" HPOS="1343" VPOS="261" WIDTH="123" HEIGHT="40" CONTENT="findet" WC="0.98" CC="338009"/>
						<SP ID="P7_SP00006" HPOS="1466" VPOS="317" WIDTH="42"/>
						<String ID="P7_ST00008" HPOS="1508" VPOS="261" WIDTH="82" HEIGHT="40" CONTENT="sich" WC="0.98" CC="0037"/>
						<SP ID="P7_SP00007" HPOS="1590" VPOS="317" WIDTH="31"/>
						<String ID="P7_ST00009" HPOS="1621" VPOS="261" WIDTH="55" HEIGHT="40" CONTENT="im" WC="0.66" CC="60"/>
					</TextLine>
					<TextLine ID="P7_TL00003" HPOS="93" VPOS="324" WIDTH="1584" HEIGHT="54">
						<String ID="P7_ST00010" HPOS="93" VPOS="327" WIDTH="168" HEIGHT="40" CONTENT="zweiten" WC="0.98" CC="4070047"/>
						<SP ID="P7_SP00008" HPOS="261" VPOS="367" WIDTH="26"/>
						<String ID="P7_ST00011" HPOS="287" VPOS="326" WIDTH="160" HEIGHT="52" CONTENT="Aufzug" WC="0.97" CC="714459"/>
						<SP ID="P7_SP00009" HPOS="447" VPOS="378" WIDTH="29"/>
						<String ID="P7_ST00012" HPOS="476" VPOS="326" WIDTH="70" HEIGHT="39" CONTENT="des" WC="0.99" CC="030"/>
						<SP ID="P7_SP00010" HPOS="546" VPOS="378" WIDTH="30"/>
						<String ID="P7_ST00013" HPOS="576" VPOS="326" WIDTH="243" HEIGHT="51" CONTENT="Propheten." WC="0.98" CC="6057373604"/>
						<SP ID="P7_SP00011" HPOS="819" VPOS="378" WIDTH="32"/>
						<String ID="P7_ST00014" HPOS="851" VPOS="328" WIDTH="102" HEIGHT="40" CONTENT="Dem" WC="0.94" CC="546"/>
						<SP ID="P7_SP00012" HPOS="953" VPOS="378" WIDTH="23"/>
						<String ID="P7_ST00015" HPOS="976" VPOS="328" WIDTH="111" HEIGHT="39" CONTENT="Sohn" WC="0.95" CC="6564"/>
						<SP ID="P7_SP00013" HPOS="1087" VPOS="378" WIDTH="29"/>
						<String ID="P7_ST00016" HPOS="1116" VPOS="326" WIDTH="84" HEIGHT="39" CONTENT="und" WC="0.94" CC="780"/>
						<SP ID="P7_SP00014" HPOS="1200" VPOS="378" WIDTH="17"/>
						<String ID="P7_ST00017" HPOS="1217" VPOS="324" WIDTH="235" HEIGHT="51" CONTENT="Bräutigam" WC="0.98" CC="788500970"/>
						<SP ID="P7_SP00015" HPOS="1452" VPOS="378" WIDTH="30"/>
						<String ID="P7_ST00018" HPOS="1482" VPOS="324" WIDTH="101" HEIGHT="40" CONTENT="wird" WC="1.00" CC="0000"/>
						<SP ID="P7_SP00016" HPOS="1583" VPOS="378" WIDTH="29"/>
						<String ID="P7_ST00019" HPOS="1612" VPOS="324" WIDTH="65" HEIGHT="39" CONTENT="die" WC="0.98" CC="006"/>
					</TextLine>
					<TextLine ID="P7_TL00004" HPOS="96" VPOS="386" WIDTH="1582" HEIGHT="52">
						<String ID="P7_ST00020" HPOS="96" VPOS="390" WIDTH="124" HEIGHT="39" CONTENT="Wahl" WC="0.96" CC="8063"/>
						<SP ID="P7_SP00017" HPOS="220" VPOS="429" WIDTH="30"/>
						<String ID="P7_ST00021" HPOS="250" VPOS="388" WIDTH="202" HEIGHT="41" CONTENT="zwischen" WC="0.99" CC="00205606"/>
						<SP ID="P7_SP00018" HPOS="452" VPOS="429" WIDTH="45"/>
						<String ID="P7_ST00022" HPOS="497" VPOS="389" WIDTH="92" HEIGHT="39" CONTENT="dem" WC="0.95" CC="066"/>
						<SP ID="P7_SP00019" HPOS="589" VPOS="429" WIDTH="32"/>
						<String ID="P7_ST00023" HPOS="621" VPOS="389" WIDTH="110" HEIGHT="39" CONTENT="Tode" WC="0.96" CC="6505"/>
						<SP ID="P7_SP00020" HPOS="731" VPOS="429" WIDTH="31"/>
						<String ID="P7_ST00024" HPOS="762" VPOS="389" WIDTH="71" HEIGHT="40" CONTENT="der" WC="0.96" CC="055"/>
						<SP ID="P7_SP00021" HPOS="833" VPOS="429" WIDTH="29"/>
						<String ID="P7_ST00025" HPOS="862" VPOS="390" WIDTH="150" HEIGHT="40" CONTENT="Mutter" WC="0.97" CC="567134"/>
						<SP ID="P7_SP00022" HPOS="1012" VPOS="430" WIDTH="44"/>
						<String ID="P7_ST00026" HPOS="1056" VPOS="388" WIDTH="97" HEIGHT="40" CONTENT="oder" WC="0.97" CC="0066"/>
						<SP ID="P7_SP00023" HPOS="1153" VPOS="430" WIDTH="45"/>
						<String ID="P7_ST00027" HPOS="1198" VPOS="388" WIDTH="70" HEIGHT="37" CONTENT="der" WC="0.98" CC="050"/>
						<SP ID="P7_SP00024" HPOS="1268" VPOS="430" WIDTH="45"/>
						<String ID="P7_ST00028" HPOS="1313" VPOS="386" WIDTH="190" HEIGHT="52" CONTENT="Hingabe" WC="0.98" CC="3069047"/>
						<SP ID="P7_SP00025" HPOS="1503" VPOS="438" WIDTH="43"/>
						<String ID="P7_ST00029" HPOS="1546" VPOS="386" WIDTH="132" HEIGHT="40" CONTENT="seiner" WC="0.98" CC="070665"/>
					</TextLine>
					<TextLine ID="P7_TL00005" HPOS="93" VPOS="447" WIDTH="1585" HEIGHT="57">
						<String ID="P7_ST00030" HPOS="93" VPOS="452" WIDTH="126" HEIGHT="40" CONTENT="Braut" WC="0.97" CC="66070"/>
						<SP ID="P7_SP00026" HPOS="219" VPOS="492" WIDTH="30"/>
						<String ID="P7_ST00031" HPOS="249" VPOS="465" WIDTH="50" HEIGHT="26" CONTENT="an" WC="0.69" CC="06"/>
						<SP ID="P7_SP00027" HPOS="299" VPOS="492" WIDTH="21"/>
						<String ID="P7_ST00032" HPOS="320" VPOS="449" WIDTH="117" HEIGHT="42" CONTENT="einen" WC="0.97" CC="60563"/>
						<SP ID="P7_SP00028" HPOS="437" VPOS="492" WIDTH="19"/>
						<String ID="P7_ST00033" HPOS="456" VPOS="451" WIDTH="204" HEIGHT="53" CONTENT="Wüstling" WC="0.99" CC="00303079"/>
						<SP ID="P7_SP00029" HPOS="660" VPOS="504" WIDTH="29"/>
						<String ID="P7_ST00034" HPOS="689" VPOS="452" WIDTH="192" HEIGHT="52" CONTENT="gelassen." WC="0.99" CC="074000735"/>
						<SP ID="P7_SP00030" HPOS="881" VPOS="504" WIDTH="30"/>
						<String ID="P7_ST00035" HPOS="911" VPOS="452" WIDTH="56" HEIGHT="39" CONTENT="Er" WC="0.38" CC="65"/>
						<SP ID="P7_SP00031" HPOS="967" VPOS="504" WIDTH="30"/>
						<String ID="P7_ST00036" HPOS="997" VPOS="448" WIDTH="246" HEIGHT="42" CONTENT="entscheidet" WC="0.99" CC="55023621000"/>
						<SP ID="P7_SP00032" HPOS="1243" VPOS="504" WIDTH="30"/>
						<String ID="P7_ST00037" HPOS="1273" VPOS="447" WIDTH="83" HEIGHT="40" CONTENT="sich" WC="0.97" CC="0355"/>
						<SP ID="P7_SP00033" HPOS="1356" VPOS="504" WIDTH="31"/>
						<String ID="P7_ST00038" HPOS="1387" VPOS="449" WIDTH="64" HEIGHT="38" CONTENT="für" WC="0.96" CC="431"/>
						<SP ID="P7_SP00034" HPOS="1451" VPOS="504" WIDTH="28"/>
						<String ID="P7_ST00039" HPOS="1479" VPOS="449" WIDTH="69" HEIGHT="38" CONTENT="das" WC="1.00" CC="000"/>
						<SP ID="P7_SP00035" HPOS="1548" VPOS="504" WIDTH="19"/>
						<String ID="P7_ST00040" HPOS="1567" VPOS="449" WIDTH="89" HEIGHT="39" CONTENT="Letz" SUBS_TYPE="HypPart1" SUBS_CONTENT="Letztere." WC="0.96" CC="9094"/>
						<HYP HPOS="1656" VPOS="449" WIDTH="22" CONTENT="-"/>
					</TextLine>
					<TextLine ID="P7_TL00006" HPOS="93" VPOS="512" WIDTH="1586" HEIGHT="50">
						<String ID="P7_ST00041" HPOS="93" VPOS="521" WIDTH="95" HEIGHT="33" CONTENT="tere." SUBS_TYPE="HypPart2" SUBS_CONTENT="Letztere." WC="0.97" CC="94064"/>
						<SP ID="P7_SP00036" HPOS="188" VPOS="554" WIDTH="30"/>
						<String ID="P7_ST00042" HPOS="218" VPOS="515" WIDTH="96" HEIGHT="39" CONTENT="Man" WC="0.93" CC="944"/>
						<SP ID="P7_SP00037" HPOS="314" VPOS="554" WIDTH="29"/>
						<String ID="P7_ST00043" HPOS="343" VPOS="513" WIDTH="149" HEIGHT="40" CONTENT="konnte" WC="0.97" CC="796007"/>
						<SP ID="P7_SP00038" HPOS="492" VPOS="554" WIDTH="30"/>
						<String ID="P7_ST00044" HPOS="522" VPOS="514" WIDTH="95" HEIGHT="39" CONTENT="aber" WC="0.97" CC="0725"/>
						<SP ID="P7_SP00039" HPOS="617" VPOS="554" WIDTH="28"/>
						<String ID="P7_ST00045" HPOS="645" VPOS="515" WIDTH="101" HEIGHT="39" CONTENT="über" WC="0.97" CC="1760"/>
						<SP ID="P7_SP00040" HPOS="746" VPOS="554" WIDTH="29"/>
						<String ID="P7_ST00046" HPOS="775" VPOS="516" WIDTH="71" HEIGHT="39" CONTENT="der" WC="0.97" CC="070"/>
						<SP ID="P7_SP00041" HPOS="846" VPOS="555" WIDTH="37"/>
						<String ID="P7_ST00047" HPOS="883" VPOS="512" WIDTH="307" HEIGHT="41" CONTENT="hinreissenden" WC="0.99" CC="6170367178066"/>
						<SP ID="P7_SP00042" HPOS="1190" VPOS="555" WIDTH="39"/>
						<String ID="P7_ST00048" HPOS="1229" VPOS="512" WIDTH="255" HEIGHT="50" CONTENT="Darstellung" WC="0.99" CC="00520032889"/>
						<SP ID="P7_SP00043" HPOS="1484" VPOS="562" WIDTH="29"/>
						<String ID="P7_ST00049" HPOS="1513" VPOS="512" WIDTH="166" HEIGHT="50" CONTENT="Bogers" WC="0.97" CC="850661"/>
					</TextLine>
					<TextLine ID="P7_TL00007" HPOS="93" VPOS="573" WIDTH="1584" HEIGHT="48">
						<String ID="P7_ST00050" HPOS="93" VPOS="577" WIDTH="64" HEIGHT="40" CONTENT="die" WC="0.97" CC="006"/>
						<SP ID="P7_SP00044" HPOS="157" VPOS="617" WIDTH="30"/>
						<String ID="P7_ST00051" HPOS="187" VPOS="576" WIDTH="336" HEIGHT="40" CONTENT="Scheusslichkeit" WC="0.79" CC="630213060230000"/>
						<SP ID="P7_SP00045" HPOS="523" VPOS="617" WIDTH="29"/>
						<String ID="P7_ST00052" HPOS="552" VPOS="577" WIDTH="129" HEIGHT="40" CONTENT="dieses" WC="0.99" CC="000070"/>
						<SP ID="P7_SP00046" HPOS="681" VPOS="617" WIDTH="30"/>
						<String ID="P7_ST00053" HPOS="711" VPOS="578" WIDTH="226" HEIGHT="43" CONTENT="Confiictes," WC="0.52" CC="72866700524"/>
						<SP ID="P7_SP00047" HPOS="937" VPOS="621" WIDTH="30"/>
						<String ID="P7_ST00054" HPOS="967" VPOS="575" WIDTH="71" HEIGHT="39" CONTENT="der" WC="0.97" CC="070"/>
						<SP ID="P7_SP00048" HPOS="1038" VPOS="621" WIDTH="20"/>
						<String ID="P7_ST00055" HPOS="1058" VPOS="586" WIDTH="77" HEIGHT="28" CONTENT="nur" WC="0.98" CC="050"/>
						<SP ID="P7_SP00049" HPOS="1135" VPOS="621" WIDTH="29"/>
						<String ID="P7_ST00056" HPOS="1164" VPOS="574" WIDTH="100" HEIGHT="38" CONTENT="dazu" WC="0.99" CC="0006"/>
						<SP ID="P7_SP00050" HPOS="1264" VPOS="621" WIDTH="30"/>
						<String ID="P7_ST00057" HPOS="1294" VPOS="573" WIDTH="121" HEIGHT="48" CONTENT="dient," WC="0.98" CC="003714"/>
						<SP ID="P7_SP00051" HPOS="1415" VPOS="621" WIDTH="30"/>
						<String ID="P7_ST00058" HPOS="1445" VPOS="586" WIDTH="70" HEIGHT="26" CONTENT="aus" WC="0.99" CC="030"/>
						<SP ID="P7_SP00052" HPOS="1515" VPOS="621" WIDTH="30"/>
						<String ID="P7_ST00059" HPOS="1545" VPOS="574" WIDTH="132" HEIGHT="40" CONTENT="einem" WC="0.97" CC="06864"/>
					</TextLine>
					<TextLine ID="P7_TL00008" HPOS="93" VPOS="637" WIDTH="1586" HEIGHT="55">
						<String ID="P7_ST00060" HPOS="93" VPOS="640" WIDTH="298" HEIGHT="51" CONTENT="Schwachkopf" WC="0.99" CC="52390340540"/>
						<SP ID="P7_SP00053" HPOS="391" VPOS="691" WIDTH="25"/>
						<String ID="P7_ST00061" HPOS="416" VPOS="640" WIDTH="116" HEIGHT="42" CONTENT="einen" WC="0.96" CC="65744"/>
						<SP ID="P7_SP00054" HPOS="532" VPOS="691" WIDTH="30"/>
						<String ID="P7_ST00062" HPOS="562" VPOS="641" WIDTH="231" HEIGHT="51" CONTENT="Propheten" WC="0.99" CC="045075045"/>
						<SP ID="P7_SP00055" HPOS="793" VPOS="692" WIDTH="30"/>
						<String ID="P7_ST00063" HPOS="823" VPOS="652" WIDTH="48" HEIGHT="26" CONTENT="zu" WC="0.60" CC="07"/>
						<SP ID="P7_SP00056" HPOS="871" VPOS="692" WIDTH="30"/>
						<String ID="P7_ST00064" HPOS="901" VPOS="637" WIDTH="183" HEIGHT="45" CONTENT="erzielen," WC="0.98" CC="603515674"/>
						<SP ID="P7_SP00057" HPOS="1084" VPOS="692" WIDTH="31"/>
						<String ID="P7_ST00065" HPOS="1115" VPOS="637" WIDTH="62" HEIGHT="39" CONTENT="für" WC="0.95" CC="580"/>
						<SP ID="P7_SP00058" HPOS="1177" VPOS="692" WIDTH="30"/>
						<String ID="P7_ST00066" HPOS="1207" VPOS="637" WIDTH="78" HEIGHT="38" CONTENT="den" WC="0.95" CC="066"/>
						<SP ID="P7_SP00059" HPOS="1285" VPOS="692" WIDTH="26"/>
						<String ID="P7_ST00067" HPOS="1311" VPOS="637" WIDTH="254" HEIGHT="51" CONTENT="Augenblick" WC="0.98" CC="8706775048"/>
						<SP ID="P7_SP00060" HPOS="1565" VPOS="692" WIDTH="30"/>
						<String ID="P7_ST00068" HPOS="1595" VPOS="649" WIDTH="63" HEIGHT="28" CONTENT="ver" SUBS_TYPE="HypPart1" SUBS_CONTENT="vergessen." WC="0.97" CC="065"/>
						<HYP HPOS="1658" VPOS="649" WIDTH="21" CONTENT="-"/>
					</TextLine>
					<TextLine ID="P7_TL00009" HPOS="92" VPOS="698" WIDTH="1589" HEIGHT="56">
						<String ID="P7_ST00069" HPOS="92" VPOS="714" WIDTH="155" HEIGHT="40" CONTENT="gessen." SUBS_TYPE="HypPart2" SUBS_CONTENT="vergessen." WC="0.98" CC="7260772"/>
						<SP ID="P7_SP00061" HPOS="247" VPOS="754" WIDTH="29"/>
						<String ID="P7_ST00070" HPOS="276" VPOS="702" WIDTH="132" HEIGHT="41" CONTENT="Einen" WC="0.97" CC="00866"/>
						<SP ID="P7_SP00062" HPOS="408" VPOS="754" WIDTH="30"/>
						<String ID="P7_ST00071" HPOS="438" VPOS="705" WIDTH="177" HEIGHT="40" CONTENT="seltenen" WC="0.98" CC="05205745"/>
						<SP ID="P7_SP00063" HPOS="615" VPOS="754" WIDTH="23"/>
						<String ID="P7_ST00072" HPOS="638" VPOS="701" WIDTH="199" HEIGHT="51" CONTENT="Triumph" WC="0.99" CC="0147005"/>
						<SP ID="P7_SP00064" HPOS="837" VPOS="754" WIDTH="30"/>
						<String ID="P7_ST00073" HPOS="867" VPOS="699" WIDTH="138" HEIGHT="42" CONTENT="feierte" WC="0.99" CC="0406106"/>
						<SP ID="P7_SP00065" HPOS="1005" VPOS="754" WIDTH="30"/>
						<String ID="P7_ST00074" HPOS="1035" VPOS="698" WIDTH="111" HEIGHT="40" CONTENT="seine" WC="0.98" CC="06052"/>
						<SP ID="P7_SP00066" HPOS="1146" VPOS="754" WIDTH="18"/>
						<String ID="P7_ST00075" HPOS="1164" VPOS="698" WIDTH="357" HEIGHT="52" CONTENT="Schauspielkunst" WC="0.99" CC="667240006402600"/>
						<SP ID="P7_SP00067" HPOS="1521" VPOS="754" WIDTH="29"/>
						<String ID="P7_ST00076" HPOS="1550" VPOS="698" WIDTH="39" HEIGHT="40" CONTENT="in" WC="0.64" CC="07"/>
						<SP ID="P7_SP00068" HPOS="1589" VPOS="754" WIDTH="21"/>
						<String ID="P7_ST00077" HPOS="1610" VPOS="699" WIDTH="71" HEIGHT="39" CONTENT="der" WC="0.96" CC="064"/>
					</TextLine>
					<TextLine ID="P7_TL00010" HPOS="94" VPOS="761" WIDTH="1585" HEIGHT="52">
						<String ID="P7_ST00078" HPOS="94" VPOS="766" WIDTH="237" HEIGHT="47" CONTENT="Domsecnc," WC="0.46" CC="906077474"/>
						<SP ID="P7_SP00069" HPOS="331" VPOS="813" WIDTH="29"/>
						<String ID="P7_ST00079" HPOS="360" VPOS="766" WIDTH="76" HEIGHT="41" CONTENT="wie" WC="0.98" CC="006"/>
						<SP ID="P7_SP00070" HPOS="436" VPOS="813" WIDTH="30"/>
						<String ID="P7_ST00080" HPOS="466" VPOS="780" WIDTH="42" HEIGHT="26" CONTENT="er" WC="0.35" CC="66"/>
						<SP ID="P7_SP00071" HPOS="508" VPOS="813" WIDTH="38"/>
						<String ID="P7_ST00081" HPOS="546" VPOS="767" WIDTH="57" HEIGHT="38" CONTENT="als" WC="0.98" CC="040"/>
						<SP ID="P7_SP00072" HPOS="603" VPOS="813" WIDTH="32"/>
						<String ID="P7_ST00082" HPOS="635" VPOS="765" WIDTH="211" HEIGHT="41" CONTENT="Gesalbter" WC="0.98" CC="670047534"/>
						<SP ID="P7_SP00073" HPOS="846" VPOS="813" WIDTH="43"/>
						<String ID="P7_ST00083" HPOS="889" VPOS="764" WIDTH="70" HEIGHT="38" CONTENT="des" WC="1.00" CC="000"/>
						<SP ID="P7_SP00074" HPOS="959" VPOS="813" WIDTH="30"/>
						<String ID="P7_ST00084" HPOS="989" VPOS="762" WIDTH="136" HEIGHT="39" CONTENT="Herrn" WC="0.96" CC="56565"/>
						<SP ID="P7_SP00075" HPOS="1125" VPOS="813" WIDTH="44"/>
						<String ID="P7_ST00085" HPOS="1169" VPOS="761" WIDTH="109" HEIGHT="39" CONTENT="seine" WC="0.98" CC="06034"/>
						<SP ID="P7_SP00076" HPOS="1278" VPOS="813" WIDTH="30"/>
						<String ID="P7_ST00086" HPOS="1308" VPOS="762" WIDTH="148" HEIGHT="40" CONTENT="Mutter" WC="0.98" CC="084760"/>
						<SP ID="P7_SP00077" HPOS="1456" VPOS="813" WIDTH="43"/>
						<String ID="P7_ST00087" HPOS="1499" VPOS="762" WIDTH="158" HEIGHT="51" CONTENT="verleug" SUBS_TYPE="HypPart1" SUBS_CONTENT="verleugnet" WC="0.97" CC="8783869"/>
						<HYP HPOS="1657" VPOS="762" WIDTH="22" CONTENT="-"/>
					</TextLine>
					<TextLine ID="P7_TL00011" HPOS="94" VPOS="823" WIDTH="1586" HEIGHT="57">
						<String ID="P7_ST00088" HPOS="94" VPOS="833" WIDTH="66" HEIGHT="35" CONTENT="net" SUBS_TYPE="HypPart2" SUBS_CONTENT="verleugnet" WC="0.91" CC="877"/>
						<SP ID="P7_SP00078" HPOS="160" VPOS="868" WIDTH="27"/>
						<String ID="P7_ST00089" HPOS="187" VPOS="828" WIDTH="84" HEIGHT="40" CONTENT="und" WC="0.97" CC="070"/>
						<SP ID="P7_SP00079" HPOS="271" VPOS="868" WIDTH="30"/>
						<String ID="P7_ST00090" HPOS="301" VPOS="829" WIDTH="56" HEIGHT="40" CONTENT="sie" WC="0.97" CC="026"/>
						<SP ID="P7_SP00080" HPOS="357" VPOS="869" WIDTH="30"/>
						<String ID="P7_ST00091" HPOS="387" VPOS="830" WIDTH="157" HEIGHT="50" CONTENT="zwingt," WC="0.99" CC="0004004"/>
						<SP ID="P7_SP00081" HPOS="544" VPOS="880" WIDTH="30"/>
						<String ID="P7_ST00092" HPOS="574" VPOS="840" WIDTH="71" HEIGHT="26" CONTENT="vor" WC="0.98" CC="040"/>
						<SP ID="P7_SP00082" HPOS="645" VPOS="880" WIDTH="29"/>
						<String ID="P7_ST00093" HPOS="674" VPOS="827" WIDTH="83" HEIGHT="39" CONTENT="ihm" WC="0.97" CC="440"/>
						<SP ID="P7_SP00083" HPOS="757" VPOS="880" WIDTH="31"/>
						<String ID="P7_ST00094" HPOS="788" VPOS="826" WIDTH="71" HEIGHT="39" CONTENT="auf" WC="0.97" CC="080"/>
						<SP ID="P7_SP00084" HPOS="859" VPOS="880" WIDTH="24"/>
						<String ID="P7_ST00095" HPOS="883" VPOS="826" WIDTH="64" HEIGHT="39" CONTENT="die" WC="0.97" CC="016"/>
						<SP ID="P7_SP00085" HPOS="947" VPOS="880" WIDTH="18"/>
						<String ID="P7_ST00096" HPOS="965" VPOS="825" WIDTH="131" HEIGHT="39" CONTENT="Kniee" WC="0.74" CC="14023"/>
						<SP ID="P7_SP00086" HPOS="1096" VPOS="880" WIDTH="31"/>
						<String ID="P7_ST00097" HPOS="1127" VPOS="837" WIDTH="47" HEIGHT="26" CONTENT="zu" WC="0.52" CC="27"/>
						<SP ID="P7_SP00087" HPOS="1174" VPOS="880" WIDTH="31"/>
						<String ID="P7_ST00098" HPOS="1205" VPOS="824" WIDTH="132" HEIGHT="40" CONTENT="fallen." WC="0.98" CC="4730644"/>
						<SP ID="P7_SP00088" HPOS="1337" VPOS="880" WIDTH="30"/>
						<String ID="P7_ST00099" HPOS="1367" VPOS="823" WIDTH="196" HEIGHT="53" CONTENT="Obgleich" WC="0.98" CC="67950356"/>
						<SP ID="P7_SP00089" HPOS="1563" VPOS="880" WIDTH="30"/>
						<String ID="P7_ST00100" HPOS="1593" VPOS="824" WIDTH="87" HEIGHT="39" CONTENT="hier" WC="0.98" CC="3060"/>
					</TextLine>
					<TextLine ID="P7_TL00012" HPOS="94" VPOS="887" WIDTH="1585" HEIGHT="55">
						<String ID="P7_ST00101" HPOS="94" VPOS="891" WIDTH="93" HEIGHT="40" CONTENT="kein" WC="0.95" CC="9708"/>
						<SP ID="P7_SP00090" HPOS="187" VPOS="931" WIDTH="30"/>
						<String ID="P7_ST00102" HPOS="217" VPOS="893" WIDTH="89" HEIGHT="38" CONTENT="Ton" WC="0.96" CC="047"/>
						<SP ID="P7_SP00091" HPOS="306" VPOS="931" WIDTH="29"/>
						<String ID="P7_ST00103" HPOS="335" VPOS="905" WIDTH="47" HEIGHT="26" CONTENT="zu" WC="0.51" CC="45"/>
						<SP ID="P7_SP00092" HPOS="382" VPOS="931" WIDTH="32"/>
						<String ID="P7_ST00104" HPOS="414" VPOS="891" WIDTH="152" HEIGHT="51" CONTENT="singen," WC="0.98" CC="0060783"/>
						<SP ID="P7_SP00093" HPOS="566" VPOS="942" WIDTH="30"/>
						<String ID="P7_ST00105" HPOS="596" VPOS="889" WIDTH="120" HEIGHT="52" CONTENT="folgte" WC="0.97" CC="096074"/>
						<SP ID="P7_SP00094" HPOS="716" VPOS="942" WIDTH="31"/>
						<String ID="P7_ST00106" HPOS="747" VPOS="888" WIDTH="103" HEIGHT="39" CONTENT="doch" WC="0.97" CC="0146"/>
						<SP ID="P7_SP00095" HPOS="850" VPOS="942" WIDTH="42"/>
						<String ID="P7_ST00107" HPOS="892" VPOS="887" WIDTH="92" HEIGHT="40" CONTENT="dem" WC="0.98" CC="060"/>
						<SP ID="P7_SP00096" HPOS="984" VPOS="942" WIDTH="40"/>
						<String ID="P7_ST00108" HPOS="1024" VPOS="887" WIDTH="279" HEIGHT="52" CONTENT="Augenblicke" WC="0.99" CC="06946700703"/>
						<SP ID="P7_SP00097" HPOS="1303" VPOS="942" WIDTH="54"/>
						<String ID="P7_ST00109" HPOS="1357" VPOS="887" WIDTH="71" HEIGHT="39" CONTENT="der" WC="0.97" CC="070"/>
						<SP ID="P7_SP00098" HPOS="1428" VPOS="942" WIDTH="46"/>
						<String ID="P7_ST00110" HPOS="1474" VPOS="887" WIDTH="180" HEIGHT="40" CONTENT="Kniebeu" SUBS_TYPE="HypPart1" SUBS_CONTENT="Kniebeugung" WC="0.98" CC="5806763"/>
						<HYP HPOS="1654" VPOS="887" WIDTH="25" CONTENT="-"/>
					</TextLine>
					<TextLine ID="P7_TL00013" HPOS="93" VPOS="948" WIDTH="1585" HEIGHT="58">
						<String ID="P7_ST00111" HPOS="93" VPOS="967" WIDTH="110" HEIGHT="39" CONTENT="gung" SUBS_TYPE="HypPart2" SUBS_CONTENT="Kniebeugung" WC="0.93" CC="9689"/>
						<SP ID="P7_SP00099" HPOS="203" VPOS="1006" WIDTH="28"/>
						<String ID="P7_ST00112" HPOS="231" VPOS="954" WIDTH="72" HEIGHT="39" CONTENT="der" WC="0.97" CC="060"/>
						<SP ID="P7_SP00100" HPOS="303" VPOS="1006" WIDTH="24"/>
						<String ID="P7_ST00113" HPOS="327" VPOS="953" WIDTH="250" HEIGHT="52" CONTENT="jauchzende" WC="0.99" CC="0067507605"/>
						<SP ID="P7_SP00101" HPOS="577" VPOS="1006" WIDTH="31"/>
						<String ID="P7_ST00114" HPOS="608" VPOS="952" WIDTH="139" HEIGHT="39" CONTENT="Beifall" WC="0.98" CC="6410045"/>
						<SP ID="P7_SP00102" HPOS="747" VPOS="1006" WIDTH="30"/>
						<String ID="P7_ST00115" HPOS="777" VPOS="951" WIDTH="69" HEIGHT="38" CONTENT="des" WC="0.97" CC="070"/>
						<SP ID="P7_SP00103" HPOS="846" VPOS="1006" WIDTH="30"/>
						<String ID="P7_ST00116" HPOS="876" VPOS="948" WIDTH="246" HEIGHT="41" CONTENT="Publicums." WC="0.51" CC="9776066004"/>
						<SP ID="P7_SP00104" HPOS="1122" VPOS="1006" WIDTH="30"/>
						<String ID="P7_ST00117" HPOS="1152" VPOS="950" WIDTH="55" HEIGHT="38" CONTENT="Es" WC="0.75" CC="05"/>
						<SP ID="P7_SP00105" HPOS="1207" VPOS="1006" WIDTH="36"/>
						<String ID="P7_ST00118" HPOS="1243" VPOS="961" WIDTH="83" HEIGHT="27" CONTENT="war" WC="0.98" CC="005"/>
						<SP ID="P7_SP00106" HPOS="1326" VPOS="1006" WIDTH="30"/>
						<String ID="P7_ST00119" HPOS="1356" VPOS="950" WIDTH="96" HEIGHT="38" CONTENT="aber" WC="0.95" CC="8715"/>
						<SP ID="P7_SP00107" HPOS="1452" VPOS="1006" WIDTH="29"/>
						<String ID="P7_ST00120" HPOS="1481" VPOS="949" WIDTH="102" HEIGHT="39" CONTENT="auch" WC="0.97" CC="0644"/>
						<SP ID="P7_SP00108" HPOS="1583" VPOS="1006" WIDTH="30"/>
						<String ID="P7_ST00121" HPOS="1613" VPOS="949" WIDTH="65" HEIGHT="39" CONTENT="ein" WC="0.94" CC="536"/>
					</TextLine>
					<TextLine ID="P7_TL00014" HPOS="94" VPOS="1012" WIDTH="1584" HEIGHT="54">
						<String ID="P7_ST00122" HPOS="94" VPOS="1016" WIDTH="285" HEIGHT="39" CONTENT="wunderbares" WC="0.99" CC="94702060760"/>
						<SP ID="P7_SP00109" HPOS="379" VPOS="1055" WIDTH="17"/>
						<String ID="P7_ST00123" HPOS="396" VPOS="1013" WIDTH="397" HEIGHT="53" CONTENT="Doppelschauspiel," WC="1.00" CC="02006504505000354"/>
						<SP ID="P7_SP00110" HPOS="793" VPOS="1066" WIDTH="30"/>
						<String ID="P7_ST00124" HPOS="823" VPOS="1013" WIDTH="76" HEIGHT="39" CONTENT="wie" WC="0.98" CC="006"/>
						<SP ID="P7_SP00111" HPOS="899" VPOS="1066" WIDTH="22"/>
						<String ID="P7_ST00125" HPOS="921" VPOS="1013" WIDTH="135" HEIGHT="51" CONTENT="Boger" WC="0.98" CC="90060"/>
						<SP ID="P7_SP00112" HPOS="1056" VPOS="1066" WIDTH="12"/>
						<String ID="P7_ST00126" HPOS="1068" VPOS="1025" WIDTH="127" HEIGHT="39" CONTENT="gegen" WC="0.97" CC="96033"/>
						<SP ID="P7_SP00113" HPOS="1195" VPOS="1066" WIDTH="17"/>
						<String ID="P7_ST00127" HPOS="1212" VPOS="1013" WIDTH="69" HEIGHT="38" CONTENT="das" WC="0.98" CC="004"/>
						<SP ID="P7_SP00114" HPOS="1281" VPOS="1066" WIDTH="23"/>
						<String ID="P7_ST00128" HPOS="1304" VPOS="1013" WIDTH="103" HEIGHT="38" CONTENT="Volk" WC="0.96" CC="6470"/>
						<SP ID="P7_SP00115" HPOS="1407" VPOS="1066" WIDTH="30"/>
						<String ID="P7_ST00129" HPOS="1437" VPOS="1012" WIDTH="54" HEIGHT="39" CONTENT="im" WC="1.00" CC="00"/>
						<SP ID="P7_SP00116" HPOS="1491" VPOS="1066" WIDTH="19"/>
						<String ID="P7_ST00130" HPOS="1510" VPOS="1012" WIDTH="168" HEIGHT="40" CONTENT="Bücken" WC="0.97" CC="994042"/>
					</TextLine>
					<TextLine ID="P7_TL00015" HPOS="94" VPOS="1074" WIDTH="1586" HEIGHT="55">
						<String ID="P7_ST00131" HPOS="94" VPOS="1079" WIDTH="80" HEIGHT="39" CONTENT="den" WC="0.97" CC="007"/>
						<SP ID="P7_SP00117" HPOS="174" VPOS="1118" WIDTH="28"/>
						<String ID="P7_ST00132" HPOS="202" VPOS="1077" WIDTH="351" HEIGHT="52" CONTENT="wunderthätigen" WC="0.67" CC="03800604080067"/>
						<SP ID="P7_SP00118" HPOS="553" VPOS="1129" WIDTH="29"/>
						<String ID="P7_ST00133" HPOS="582" VPOS="1077" WIDTH="233" HEIGHT="50" CONTENT="Propheten" WC="0.99" CC="065060068"/>
						<SP ID="P7_SP00119" HPOS="815" VPOS="1129" WIDTH="25"/>
						<String ID="P7_ST00134" HPOS="840" VPOS="1075" WIDTH="156" HEIGHT="52" CONTENT='"spielte,' WC="0.99" CC="700460044"/>
						<SP ID="P7_SP00120" HPOS="996" VPOS="1129" WIDTH="30"/>
						<String ID="P7_ST00135" HPOS="1026" VPOS="1076" WIDTH="84" HEIGHT="38" CONTENT="und" WC="0.97" CC="260"/>
						<SP ID="P7_SP00121" HPOS="1110" VPOS="1129" WIDTH="30"/>
						<String ID="P7_ST00136" HPOS="1140" VPOS="1074" WIDTH="109" HEIGHT="41" CONTENT="seine" WC="0.98" CC="05161"/>
						<SP ID="P7_SP00122" HPOS="1249" VPOS="1129" WIDTH="29"/>
						<String ID="P7_ST00137" HPOS="1278" VPOS="1075" WIDTH="163" HEIGHT="47" CONTENT="Mutter," WC="0.99" CC="0700044"/>
						<SP ID="P7_SP00123" HPOS="1441" VPOS="1129" WIDTH="30"/>
						<String ID="P7_ST00138" HPOS="1471" VPOS="1075" WIDTH="135" HEIGHT="39" CONTENT="indem" WC="0.98" CC="03047"/>
						<SP ID="P7_SP00124" HPOS="1606" VPOS="1129" WIDTH="31"/>
						<String ID="P7_ST00139" HPOS="1637" VPOS="1088" WIDTH="43" HEIGHT="26" CONTENT="er" WC="0.39" CC="56"/>
					</TextLine>
					<TextLine ID="P7_TL00016" HPOS="94" VPOS="1138" WIDTH="1586" HEIGHT="47">
						<String ID="P7_ST00140" HPOS="94" VPOS="1141" WIDTH="57" HEIGHT="40" CONTENT="sie" WC="0.97" CC="006"/>
						<SP ID="P7_SP00125" HPOS="151" VPOS="1181" WIDTH="29"/>
						<String ID="P7_ST00141" HPOS="180" VPOS="1141" WIDTH="72" HEIGHT="40" CONTENT="mit" WC="0.97" CC="009"/>
						<SP ID="P7_SP00126" HPOS="252" VPOS="1181" WIDTH="28"/>
						<String ID="P7_ST00142" HPOS="280" VPOS="1141" WIDTH="285" HEIGHT="40" CONTENT="unendlichem" WC="0.99" CC="47600456570"/>
						<SP ID="P7_SP00127" HPOS="565" VPOS="1181" WIDTH="22"/>
						<String ID="P7_ST00143" HPOS="587" VPOS="1141" WIDTH="131" HEIGHT="39" CONTENT="Elend" WC="0.98" CC="03370"/>
						<SP ID="P7_SP00128" HPOS="718" VPOS="1181" WIDTH="29"/>
						<String ID="P7_ST00144" HPOS="747" VPOS="1141" WIDTH="55" HEIGHT="39" CONTENT="im" WC="0.88" CC="20"/>
						<SP ID="P7_SP00129" HPOS="802" VPOS="1181" WIDTH="29"/>
						<String ID="P7_ST00145" HPOS="831" VPOS="1140" WIDTH="151" HEIGHT="39" CONTENT="Antlitz" WC="0.99" CC="0056000"/>
						<SP ID="P7_SP00130" HPOS="982" VPOS="1181" WIDTH="31"/>
						<String ID="P7_ST00146" HPOS="1013" VPOS="1140" WIDTH="158" HEIGHT="39" CONTENT="flehend" WC="0.98" CC="4475480"/>
						<SP ID="P7_SP00131" HPOS="1171" VPOS="1181" WIDTH="32"/>
						<String ID="P7_ST00147" HPOS="1203" VPOS="1138" WIDTH="211" HEIGHT="47" CONTENT="anblickte," WC="0.99" CC="0875060074"/>
						<SP ID="P7_SP00132" HPOS="1414" VPOS="1185" WIDTH="39"/>
						<String ID="P7_ST00148" HPOS="1453" VPOS="1138" WIDTH="128" HEIGHT="40" CONTENT="durch" WC="0.97" CC="16273"/>
						<SP ID="P7_SP00133" HPOS="1581" VPOS="1185" WIDTH="30"/>
						<String ID="P7_ST00149" HPOS="1611" VPOS="1138" WIDTH="69" HEIGHT="39" CONTENT="das" WC="1.00" CC="010"/>
					</TextLine>
					<TextLine ID="P7_TL00017" HPOS="95" VPOS="1200" WIDTH="1586" HEIGHT="54">
						<String ID="P7_ST00150" HPOS="95" VPOS="1204" WIDTH="187" HEIGHT="40" CONTENT="Wunder" WC="0.98" CC="086070"/>
						<SP ID="P7_SP00134" HPOS="282" VPOS="1244" WIDTH="29"/>
						<String ID="P7_ST00151" HPOS="311" VPOS="1204" WIDTH="71" HEIGHT="40" CONTENT="der" WC="0.98" CC="040"/>
						<SP ID="P7_SP00135" HPOS="382" VPOS="1244" WIDTH="30"/>
						<String ID="P7_ST00152" HPOS="412" VPOS="1204" WIDTH="124" HEIGHT="41" CONTENT="Liebe" WC="0.97" CC="73360"/>
						<SP ID="P7_SP00136" HPOS="536" VPOS="1245" WIDTH="29"/>
						<String ID="P7_ST00153" HPOS="565" VPOS="1217" WIDTH="49" HEIGHT="26" CONTENT="zu" WC="0.64" CC="06"/>
						<SP ID="P7_SP00137" HPOS="614" VPOS="1245" WIDTH="29"/>
						<String ID="P7_ST00154" HPOS="643" VPOS="1204" WIDTH="141" HEIGHT="40" CONTENT="Boden" WC="0.97" CC="76006"/>
						<SP ID="P7_SP00138" HPOS="784" VPOS="1245" WIDTH="30"/>
						<String ID="P7_ST00155" HPOS="814" VPOS="1216" WIDTH="151" HEIGHT="38" CONTENT="zwang." WC="0.98" CC="005604"/>
						<SP ID="P7_SP00139" HPOS="965" VPOS="1254" WIDTH="57"/>
						<String ID="P7_ST00156" HPOS="1022" VPOS="1202" WIDTH="75" HEIGHT="42" CONTENT="Die" WC="0.94" CC="906"/>
						<SP ID="P7_SP00140" HPOS="1097" VPOS="1254" WIDTH="30"/>
						<String ID="P7_ST00157" HPOS="1127" VPOS="1201" WIDTH="267" HEIGHT="39" CONTENT="französische" WC="0.99" CC="000707020550"/>
						<SP ID="P7_SP00141" HPOS="1394" VPOS="1254" WIDTH="29"/>
						<String ID="P7_ST00158" HPOS="1423" VPOS="1200" WIDTH="258" HEIGHT="40" CONTENT="Nationalität" WC="0.99" CC="604037040040"/>
					</TextLine>
					<TextLine ID="P7_TL00018" HPOS="94" VPOS="1263" WIDTH="1586" HEIGHT="57">
						<String ID="P7_ST00159" HPOS="94" VPOS="1268" WIDTH="123" HEIGHT="40" CONTENT="haftet" WC="0.98" CC="670740"/>
						<SP ID="P7_SP00142" HPOS="217" VPOS="1308" WIDTH="28"/>
						<String ID="P7_ST00160" HPOS="245" VPOS="1268" WIDTH="56" HEIGHT="39" CONTENT="als" WC="0.96" CC="064"/>
						<SP ID="P7_SP00143" HPOS="301" VPOS="1308" WIDTH="30"/>
						<String ID="P7_ST00161" HPOS="331" VPOS="1268" WIDTH="166" HEIGHT="52" CONTENT="Vorzug" WC="0.99" CC="700070"/>
						<SP ID="P7_SP00144" HPOS="497" VPOS="1320" WIDTH="28"/>
						<String ID="P7_ST00162" HPOS="525" VPOS="1268" WIDTH="83" HEIGHT="39" CONTENT="und" WC="0.96" CC="470"/>
						<SP ID="P7_SP00145" HPOS="608" VPOS="1320" WIDTH="28"/>
						<String ID="P7_ST00163" HPOS="636" VPOS="1267" WIDTH="162" HEIGHT="52" CONTENT="Mangel" WC="0.98" CC="076044"/>
						<SP ID="P7_SP00146" HPOS="798" VPOS="1320" WIDTH="32"/>
						<String ID="P7_ST00164" HPOS="830" VPOS="1279" WIDTH="49" HEIGHT="26" CONTENT="an" WC="0.67" CC="06"/>
						<SP ID="P7_SP00147" HPOS="879" VPOS="1320" WIDTH="23"/>
						<String ID="P7_ST00165" HPOS="902" VPOS="1265" WIDTH="166" HEIGHT="52" CONTENT="Boger's" WC="0.65" CC="0508900"/>
						<SP ID="P7_SP00148" HPOS="1068" VPOS="1320" WIDTH="30"/>
						<String ID="P7_ST00166" HPOS="1098" VPOS="1277" WIDTH="166" HEIGHT="38" CONTENT="ganzem" WC="0.98" CC="907070"/>
						<SP ID="P7_SP00149" HPOS="1264" VPOS="1320" WIDTH="20"/>
						<String ID="P7_ST00167" HPOS="1284" VPOS="1265" WIDTH="153" HEIGHT="40" CONTENT="Wesen" WC="0.97" CC="97004"/>
						<SP ID="P7_SP00150" HPOS="1437" VPOS="1320" WIDTH="31"/>
						<String ID="P7_ST00168" HPOS="1468" VPOS="1263" WIDTH="80" HEIGHT="40" CONTENT="und" WC="0.96" CC="370"/>
						<SP ID="P7_SP00151" HPOS="1548" VPOS="1320" WIDTH="31"/>
						<String ID="P7_ST00169" HPOS="1579" VPOS="1263" WIDTH="101" HEIGHT="52" CONTENT="zeigt" WC="0.99" CC="04000"/>
					</TextLine>
					<TextLine ID="P7_TL00019" HPOS="94" VPOS="1326" WIDTH="1585" HEIGHT="44">
						<String ID="P7_ST00170" HPOS="94" VPOS="1330" WIDTH="85" HEIGHT="39" CONTENT="sich" WC="1.00" CC="0000"/>
						<SP ID="P7_SP00152" HPOS="179" VPOS="1369" WIDTH="29"/>
						<String ID="P7_ST00171" HPOS="208" VPOS="1330" WIDTH="241" HEIGHT="40" CONTENT="namentlich" WC="0.99" CC="8700504354"/>
						<SP ID="P7_SP00153" HPOS="449" VPOS="1370" WIDTH="30"/>
						<String ID="P7_ST00172" HPOS="479" VPOS="1331" WIDTH="41" HEIGHT="38" CONTENT="in" WC="0.39" CC="38"/>
						<SP ID="P7_SP00154" HPOS="520" VPOS="1370" WIDTH="42"/>
						<String ID="P7_ST00173" HPOS="562" VPOS="1329" WIDTH="151" HEIGHT="41" CONTENT="seinem" WC="0.98" CC="011850"/>
						<SP ID="P7_SP00155" HPOS="713" VPOS="1370" WIDTH="31"/>
						<String ID="P7_ST00174" HPOS="744" VPOS="1329" WIDTH="169" HEIGHT="39" CONTENT="Streben" WC="0.98" CC="6006766"/>
						<SP ID="P7_SP00156" HPOS="913" VPOS="1370" WIDTH="43"/>
						<String ID="P7_ST00175" HPOS="956" VPOS="1327" WIDTH="103" HEIGHT="40" CONTENT="nach" WC="0.95" CC="9532"/>
						<SP ID="P7_SP00157" HPOS="1059" VPOS="1370" WIDTH="47"/>
						<String ID="P7_ST00176" HPOS="1106" VPOS="1327" WIDTH="397" HEIGHT="39" CONTENT="interessanter" WC="0.99" CC="3407650008026"/>
						<SP ID="P7_SP00158" HPOS="1503" VPOS="1370" WIDTH="31"/>
						<String ID="P7_ST00177" HPOS="1534" VPOS="1326" WIDTH="116" HEIGHT="38" CONTENT="Wahr" SUBS_TYPE="HypPart1" SUBS_CONTENT="Wahrheit." WC="0.98" CC="0570"/>
						<HYP HPOS="1650" VPOS="1326" WIDTH="29" CONTENT="-"/>
					</TextLine>
					<TextLine ID="P7_TL00020" HPOS="94" VPOS="1388" WIDTH="1584" HEIGHT="58">
						<String ID="P7_ST00178" HPOS="94" VPOS="1394" WIDTH="93" HEIGHT="41" CONTENT="heit." SUBS_TYPE="HypPart2" SUBS_CONTENT="Wahrheit." WC="0.98" CC="02064"/>
						<SP ID="P7_SP00159" HPOS="187" VPOS="1435" WIDTH="31"/>
						<String ID="P7_ST00179" HPOS="218" VPOS="1394" WIDTH="135" HEIGHT="52" CONTENT="Boger" WC="0.98" CC="00066"/>
						<SP ID="P7_SP00160" HPOS="353" VPOS="1446" WIDTH="28"/>
						<String ID="P7_ST00180" HPOS="381" VPOS="1394" WIDTH="49" HEIGHT="39" CONTENT="ist" WC="1.00" CC="000"/>
						<SP ID="P7_SP00161" HPOS="430" VPOS="1446" WIDTH="29"/>
						<String ID="P7_ST00181" HPOS="459" VPOS="1395" WIDTH="209" HEIGHT="46" CONTENT="Franzose," WC="0.99" CC="600833042"/>
						<SP ID="P7_SP00162" HPOS="668" VPOS="1446" WIDTH="39"/>
						<String ID="P7_ST00182" HPOS="707" VPOS="1392" WIDTH="84" HEIGHT="40" CONTENT="und" WC="0.95" CC="760"/>
						<SP ID="P7_SP00163" HPOS="791" VPOS="1446" WIDTH="47"/>
						<String ID="P7_ST00183" HPOS="838" VPOS="1394" WIDTH="56" HEIGHT="37" CONTENT="als" WC="0.97" CC="070"/>
						<SP ID="P7_SP00164" HPOS="894" VPOS="1446" WIDTH="41"/>
						<String ID="P7_ST00184" HPOS="935" VPOS="1390" WIDTH="155" HEIGHT="40" CONTENT="solcher" WC="0.98" CC="0343505"/>
						<SP ID="P7_SP00165" HPOS="1090" VPOS="1446" WIDTH="30"/>
						<String ID="P7_ST00185" HPOS="1120" VPOS="1390" WIDTH="82" HEIGHT="38" CONTENT="will" WC="0.95" CC="9074"/>
						<SP ID="P7_SP00166" HPOS="1202" VPOS="1446" WIDTH="47"/>
						<String ID="P7_ST00186" HPOS="1249" VPOS="1402" WIDTH="43" HEIGHT="27" CONTENT="er" WC="0.64" CC="25"/>
						<SP ID="P7_SP00167" HPOS="1292" VPOS="1446" WIDTH="45"/>
						<String ID="P7_ST00187" HPOS="1337" VPOS="1388" WIDTH="216" HEIGHT="40" CONTENT="beurtheilt" WC="0.63" CC="6523940040"/>
						<SP ID="P7_SP00168" HPOS="1553" VPOS="1446" WIDTH="28"/>
						<String ID="P7_ST00188" HPOS="1581" VPOS="1388" WIDTH="97" HEIGHT="39" CONTENT="sein." WC="0.96" CC="67263"/>
					</TextLine>
					<TextLine ID="P7_TL00021" HPOS="94" VPOS="1451" WIDTH="1592" HEIGHT="54">
						<String ID="P7_ST00189" HPOS="94" VPOS="1457" WIDTH="71" HEIGHT="39" CONTENT="Ich" WC="0.95" CC="642"/>
						<SP ID="P7_SP00169" HPOS="165" VPOS="1496" WIDTH="28"/>
						<String ID="P7_ST00190" HPOS="193" VPOS="1457" WIDTH="109" HEIGHT="40" CONTENT="kann" WC="0.97" CC="0880"/>
						<SP ID="P7_SP00170" HPOS="302" VPOS="1497" WIDTH="30"/>
						<String ID="P7_ST00191" HPOS="332" VPOS="1470" WIDTH="76" HEIGHT="27" CONTENT="von" WC="0.94" CC="825"/>
						<SP ID="P7_SP00171" HPOS="408" VPOS="1497" WIDTH="30"/>
						<String ID="P7_ST00192" HPOS="438" VPOS="1456" WIDTH="175" HEIGHT="40" CONTENT="meinem" WC="0.98" CC="743700"/>
						<SP ID="P7_SP00172" HPOS="613" VPOS="1497" WIDTH="18"/>
						<String ID="P7_ST00193" HPOS="631" VPOS="1455" WIDTH="282" HEIGHT="50" CONTENT="Gegenstande" WC="0.99" CC="57650090606"/>
						<SP ID="P7_SP00173" HPOS="913" VPOS="1505" WIDTH="30"/>
						<String ID="P7_ST00194" HPOS="943" VPOS="1453" WIDTH="109" HEIGHT="40" CONTENT="nicht" WC="0.97" CC="72760"/>
						<SP ID="P7_SP00174" HPOS="1052" VPOS="1505" WIDTH="30"/>
						<String ID="P7_ST00195" HPOS="1082" VPOS="1452" WIDTH="201" HEIGHT="47" CONTENT="scheiden," WC="0.98" CC="065460743"/>
						<SP ID="P7_SP00175" HPOS="1283" VPOS="1505" WIDTH="30"/>
						<String ID="P7_ST00196" HPOS="1313" VPOS="1451" WIDTH="105" HEIGHT="40" CONTENT="ohne" WC="0.95" CC="3785"/>
						<SP ID="P7_SP00176" HPOS="1418" VPOS="1505" WIDTH="30"/>
						<String ID="P7_ST00197" HPOS="1448" VPOS="1451" WIDTH="144" HEIGHT="40" CONTENT="vorher" WC="0.98" CC="051720"/>
						<SP ID="P7_SP00177" HPOS="1592" VPOS="1505" WIDTH="21"/>
						<String ID="P7_ST00198" HPOS="1613" VPOS="1451" WIDTH="73" HEIGHT="39" CONTENT="auf" WC="0.97" CC="060"/>
					</TextLine>
					<TextLine ID="P7_TL00022" HPOS="95" VPOS="1512" WIDTH="1585" HEIGHT="58">
						<String ID="P7_ST00199" HPOS="95" VPOS="1519" WIDTH="67" HEIGHT="40" CONTENT="W." WC="0.80" CC="04"/>
						<SP ID="P7_SP00178" HPOS="162" VPOS="1559" WIDTH="29"/>
						<String ID="P7_ST00200" HPOS="191" VPOS="1519" WIDTH="53" HEIGHT="40" CONTENT="H." WC="0.62" CC="34"/>
						<SP ID="P7_SP00179" HPOS="244" VPOS="1559" WIDTH="30"/>
						<String ID="P7_ST00201" HPOS="274" VPOS="1519" WIDTH="150" HEIGHT="40" CONTENT="Biehl's" WC="0.79" CC="0055400"/>
						<SP ID="P7_SP00180" HPOS="424" VPOS="1559" WIDTH="30"/>
						<String ID="P7_ST00202" HPOS="454" VPOS="1518" WIDTH="204" HEIGHT="52" CONTENT="geistvolle" WC="0.99" CC="0143003032"/>
						<SP ID="P7_SP00181" HPOS="658" VPOS="1570" WIDTH="31"/>
						<String ID="P7_ST00203" HPOS="689" VPOS="1515" WIDTH="313" HEIGHT="44" CONTENT="Charakteristik" WC="1.00" CC="75032005040040"/>
						<SP ID="P7_SP00182" HPOS="1002" VPOS="1570" WIDTH="29"/>
						<String ID="P7_ST00204" HPOS="1031" VPOS="1515" WIDTH="178" HEIGHT="51" CONTENT="Boger's," WC="0.63" CC="05066414"/>
						<SP ID="P7_SP00183" HPOS="1209" VPOS="1570" WIDTH="50"/>
						<String ID="P7_ST00205" HPOS="1259" VPOS="1514" WIDTH="64" HEIGHT="39" CONTENT="die" WC="0.98" CC="004"/>
						<SP ID="P7_SP00184" HPOS="1323" VPOS="1570" WIDTH="40"/>
						<String ID="P7_ST00206" HPOS="1363" VPOS="1513" WIDTH="84" HEIGHT="41" CONTENT="sich" WC="0.98" CC="0072"/>
						<SP ID="P7_SP00185" HPOS="1447" VPOS="1570" WIDTH="23"/>
						<String ID="P7_ST00207" HPOS="1470" VPOS="1514" WIDTH="41" HEIGHT="39" CONTENT="in" WC="0.62" CC="07"/>
						<SP ID="P7_SP00186" HPOS="1511" VPOS="1570" WIDTH="29"/>
						<String ID="P7_ST00208" HPOS="1540" VPOS="1512" WIDTH="140" HEIGHT="41" CONTENT="seinen" WC="0.98" CC="004757"/>
					</TextLine>
					<TextLine ID="P7_TL00023" HPOS="94" VPOS="1576" WIDTH="1585" HEIGHT="56">
						<String ID="P7_ST00209" HPOS="94" VPOS="1581" WIDTH="330" HEIGHT="47" CONTENT="„musicalischen" WC="0.99" CC="70602600037550"/>
						<SP ID="P7_SP00187" HPOS="424" VPOS="1628" WIDTH="33"/>
						<String ID="P7_ST00210" HPOS="457" VPOS="1581" WIDTH="392" HEIGHT="51" CONTENT='Charakterköpfen"' WC="0.99" CC="8067300770803784"/>
						<SP ID="P7_SP00188" HPOS="849" VPOS="1632" WIDTH="29"/>
						<String ID="P7_ST00211" HPOS="878" VPOS="1580" WIDTH="137" HEIGHT="47" CONTENT="findet," WC="0.99" CC="3350600"/>
						<SP ID="P7_SP00189" HPOS="1015" VPOS="1632" WIDTH="30"/>
						<String ID="P7_ST00212" HPOS="1045" VPOS="1578" WIDTH="63" HEIGHT="40" CONTENT="ein" WC="0.93" CC="638"/>
						<SP ID="P7_SP00190" HPOS="1108" VPOS="1632" WIDTH="24"/>
						<String ID="P7_ST00213" HPOS="1132" VPOS="1576" WIDTH="313" HEIGHT="53" CONTENT="musiksinniges" WC="0.99" CC="6702043600926"/>
						<SP ID="P7_SP00191" HPOS="1445" VPOS="1632" WIDTH="26"/>
						<String ID="P7_ST00214" HPOS="1471" VPOS="1578" WIDTH="84" HEIGHT="39" CONTENT="und" WC="0.95" CC="371"/>
						<SP ID="P7_SP00192" HPOS="1555" VPOS="1632" WIDTH="29"/>
						<String ID="P7_ST00215" HPOS="1584" VPOS="1578" WIDTH="72" HEIGHT="39" CONTENT="den" SUBS_TYPE="HypPart1" SUBS_CONTENT="denkendes" WC="0.99" CC="000"/>
						<HYP HPOS="1656" VPOS="1578" WIDTH="23" CONTENT="-"/>
					</TextLine>
					<TextLine ID="P7_TL00024" HPOS="94" VPOS="1642" WIDTH="1156" HEIGHT="53">
						<String ID="P7_ST00216" HPOS="94" VPOS="1646" WIDTH="149" HEIGHT="41" CONTENT="kendes" SUBS_TYPE="HypPart2" SUBS_CONTENT="denkendes" WC="0.98" CC="718000"/>
						<SP ID="P7_SP00193" HPOS="243" VPOS="1687" WIDTH="30"/>
						<String ID="P7_ST00217" HPOS="273" VPOS="1645" WIDTH="214" HEIGHT="41" CONTENT="Publicum" WC="0.99" CC="51734030"/>
						<SP ID="P7_SP00194" HPOS="487" VPOS="1687" WIDTH="29"/>
						<String ID="P7_ST00218" HPOS="516" VPOS="1645" WIDTH="268" HEIGHT="40" CONTENT="aufmerksam" WC="0.99" CC="0600260010"/>
						<SP ID="P7_SP00195" HPOS="784" VPOS="1687" WIDTH="29"/>
						<String ID="P7_ST00219" HPOS="813" VPOS="1642" WIDTH="186" HEIGHT="53" CONTENT="gemacht" WC="0.99" CC="0600040"/>
						<SP ID="P7_SP00196" HPOS="999" VPOS="1695" WIDTH="28"/>
						<String ID="P7_ST00220" HPOS="1027" VPOS="1654" WIDTH="48" HEIGHT="27" CONTENT="zu" WC="0.60" CC="43"/>
						<SP ID="P7_SP00197" HPOS="1075" VPOS="1695" WIDTH="31"/>
						<String ID="P7_ST00221" HPOS="1106" VPOS="1642" WIDTH="144" HEIGHT="39" CONTENT="haben." WC="0.97" CC="637053"/>
					</TextLine>
				</TextBlock>
				<TextBlock ID="P7_TB00003" HPOS="1449" VPOS="1702" WIDTH="121" HEIGHT="40" STYLEREFS="TXT_2 PAR_LEFT">
					<TextLine ID="P7_TL00025" HPOS="1449" VPOS="1702" WIDTH="121" HEIGHT="40">
						<String ID="P7_ST00222" HPOS="1449" VPOS="1702" WIDTH="50" HEIGHT="40" CONTENT="A." WC="0.60" CC="52"/>
						<SP ID="P7_SP00198" HPOS="1499" VPOS="1742" WIDTH="30"/>
						<String ID="P7_ST00223" HPOS="1529" VPOS="1702" WIDTH="41" HEIGHT="40" CONTENT="Z." WC="0.96" CC="00"/>
					</TextLine>
				</TextBlock>
				<TextBlock ID="P7_TB00004" HPOS="271" VPOS="1824" WIDTH="1221" HEIGHT="63" STYLEREFS="TXT_3 PAR_LEFT">
					<TextLine ID="P7_TL00026" HPOS="272" VPOS="1825" WIDTH="1220" HEIGHT="62">
						<String ID="P7_ST00224" HPOS="272" VPOS="1830" WIDTH="244" HEIGHT="57" CONTENT="Tages-" WC="0.96" CC="688886"/>
						<SP ID="P7_SP00199" HPOS="516" VPOS="1887" WIDTH="35"/>
						<String ID="P7_ST00225" HPOS="551" VPOS="1830" WIDTH="142" HEIGHT="44" CONTENT="und" WC="0.91" CC="788"/>
						<SP ID="P7_SP00200" HPOS="693" VPOS="1887" WIDTH="32"/>
						<String ID="P7_ST00226" HPOS="725" VPOS="1825" WIDTH="767" HEIGHT="57" CONTENT="Unterhaltungs-Blatt." WC="0.99" CC="88808808858886880877"/>
					</TextLine>
				</TextBlock>
				<TextBlock ID="P7_TB00005" HPOS="91" VPOS="1910" WIDTH="1590" HEIGHT="309" STYLEREFS="TXT_1 PAR_BLOCK">
					<TextLine ID="P7_TL00027" HPOS="162" VPOS="1910" WIDTH="1519" HEIGHT="47">
						<String ID="P7_ST00227" HPOS="162" VPOS="1921" WIDTH="253" HEIGHT="36" CONTENT="Aachen*" WC="0.97" CC="8878682"/>
						<SP ID="P7_SP00201" HPOS="415" VPOS="1957" WIDTH="30"/>
						<String ID="P7_ST00228" HPOS="445" VPOS="1917" WIDTH="107" HEIGHT="39" CONTENT="Frau" WC="0.95" CC="6077"/>
						<SP ID="P7_SP00202" HPOS="552" VPOS="1957" WIDTH="30"/>
						<String ID="P7_ST00229" HPOS="582" VPOS="1912" WIDTH="353" HEIGHT="43" CONTENT="Küchenmeis" WC="0.56" CC="7016672560"/>
						<SP ID="P7_SP00203" HPOS="935" VPOS="1957" WIDTH="14"/>
						<String ID="P7_ST00230" HPOS="949" VPOS="1911" WIDTH="423" HEIGHT="41" CONTENT="ter-Budersdor" WC="0.78" CC="0744060400010"/>
						<SP ID="P7_SP00204" HPOS="1372" VPOS="1957" WIDTH="17"/>
						<String ID="P7_ST00231" HPOS="1389" VPOS="1912" WIDTH="17" HEIGHT="38" CONTENT="f" WC="1.00" CC="0"/>
						<SP ID="P7_SP00205" HPOS="1406" VPOS="1957" WIDTH="15"/>
						<String ID="P7_ST00232" HPOS="1421" VPOS="1912" WIDTH="66" HEIGHT="39" CONTENT="hat" WC="0.97" CC="700"/>
						<SP ID="P7_SP00206" HPOS="1487" VPOS="1957" WIDTH="29"/>
						<String ID="P7_ST00233" HPOS="1516" VPOS="1911" WIDTH="68" HEIGHT="39" CONTENT="das" WC="0.96" CC="900"/>
						<SP ID="P7_SP00207" HPOS="1584" VPOS="1957" WIDTH="16"/>
						<String ID="P7_ST00234" HPOS="1600" VPOS="1910" WIDTH="54" HEIGHT="40" CONTENT="En" SUBS_TYPE="HypPart1" SUBS_CONTENT="Engagement" WC="0.96" CC="07"/>
						<HYP HPOS="1654" VPOS="1910" WIDTH="27" CONTENT="-"/>
					</TextLine>
					<TextLine ID="P7_TL00028" HPOS="92" VPOS="1973" WIDTH="1589" HEIGHT="60">
						<String ID="P7_ST00235" HPOS="92" VPOS="1985" WIDTH="214" HEIGHT="48" CONTENT="gagement" SUBS_TYPE="HypPart2" SUBS_CONTENT="Engagement" WC="0.99" CC="80060710"/>
						<SP ID="P7_SP00208" HPOS="306" VPOS="2033" WIDTH="38"/>
						<String ID="P7_ST00236" HPOS="344" VPOS="1979" WIDTH="107" HEIGHT="41" CONTENT="beim" WC="0.98" CC="7200"/>
						<SP ID="P7_SP00209" HPOS="451" VPOS="2033" WIDTH="39"/>
						<String ID="P7_ST00237" HPOS="490" VPOS="1973" WIDTH="671" HEIGHT="47" CONTENT="Friedrich-Wilhelmstädtischen" WC="1.00" CC="5656003234065312300044104700"/>
						<SP ID="P7_SP00210" HPOS="1161" VPOS="2033" WIDTH="38"/>
						<String ID="P7_ST00238" HPOS="1199" VPOS="1974" WIDTH="173" HEIGHT="40" CONTENT="Theater" WC="0.98" CC="0561706"/>
						<SP ID="P7_SP00211" HPOS="1372" VPOS="2033" WIDTH="42"/>
						<String ID="P7_ST00239" HPOS="1414" VPOS="1975" WIDTH="42" HEIGHT="40" CONTENT="in" WC="0.52" CC="17"/>
						<SP ID="P7_SP00212" HPOS="1456" VPOS="2033" WIDTH="42"/>
						<String ID="P7_ST00240" HPOS="1498" VPOS="1973" WIDTH="183" HEIGHT="41" CONTENT="Berlin" WC="0.96" CC="973557"/>
					</TextLine>
					<TextLine ID="P7_TL00029" HPOS="92" VPOS="2036" WIDTH="1589" HEIGHT="59">
						<String ID="P7_ST00241" HPOS="92" VPOS="2043" WIDTH="151" HEIGHT="40" CONTENT="wieder" WC="0.97" CC="926066"/>
						<SP ID="P7_SP00213" HPOS="243" VPOS="2083" WIDTH="29"/>
						<String ID="P7_ST00242" HPOS="272" VPOS="2054" WIDTH="296" HEIGHT="41" CONTENT="angenommen" WC="0.99" CC="0603050075"/>
						<SP ID="P7_SP00214" HPOS="568" VPOS="2095" WIDTH="40"/>
						<String ID="P7_ST00243" HPOS="608" VPOS="2041" WIDTH="85" HEIGHT="39" CONTENT="und" WC="0.95" CC="570"/>
						<SP ID="P7_SP00215" HPOS="693" VPOS="2095" WIDTH="29"/>
						<String ID="P7_ST00244" HPOS="722" VPOS="2040" WIDTH="101" HEIGHT="39" CONTENT="wird" WC="0.97" CC="9400"/>
						<SP ID="P7_SP00216" HPOS="823" VPOS="2095" WIDTH="32"/>
						<String ID="P7_ST00245" HPOS="855" VPOS="2052" WIDTH="41" HEIGHT="27" CONTENT="es" WC="0.64" CC="70"/>
						<SP ID="P7_SP00217" HPOS="896" VPOS="2095" WIDTH="30"/>
						<String ID="P7_ST00246" HPOS="926" VPOS="2039" WIDTH="74" HEIGHT="40" CONTENT="mit" WC="0.97" CC="008"/>
						<SP ID="P7_SP00218" HPOS="1000" VPOS="2095" WIDTH="29"/>
						<String ID="P7_ST00247" HPOS="1029" VPOS="2039" WIDTH="91" HEIGHT="38" CONTENT="dem" WC="0.99" CC="020"/>
						<SP ID="P7_SP00219" HPOS="1120" VPOS="2095" WIDTH="35"/>
						<String ID="P7_ST00248" HPOS="1155" VPOS="2038" WIDTH="32" HEIGHT="39" CONTENT="1." WC="0.60" CC="34"/>
						<SP ID="P7_SP00220" HPOS="1187" VPOS="2095" WIDTH="30"/>
						<String ID="P7_ST00249" HPOS="1217" VPOS="2037" WIDTH="107" HEIGHT="51" CONTENT="Sept." WC="0.97" CC="60474"/>
						<SP ID="P7_SP00221" HPOS="1324" VPOS="2095" WIDTH="31"/>
						<String ID="P7_ST00250" HPOS="1355" VPOS="2040" WIDTH="192" HEIGHT="36" CONTENT="antreten." WC="0.99" CC="000565364"/>
						<SP ID="P7_SP00222" HPOS="1547" VPOS="2095" WIDTH="55"/>
						<String ID="P7_ST00251" HPOS="1602" VPOS="2036" WIDTH="79" HEIGHT="40" CONTENT="Frl." WC="0.96" CC="1473"/>
					</TextLine>
					<TextLine ID="P7_TL00030" HPOS="92" VPOS="2098" WIDTH="1587" HEIGHT="59">
						<String ID="P7_ST00252" HPOS="92" VPOS="2105" WIDTH="111" HEIGHT="41" CONTENT="Joh." WC="0.80" CC="0304"/>
						<SP ID="P7_SP00223" HPOS="203" VPOS="2146" WIDTH="31"/>
						<String ID="P7_ST00253" HPOS="234" VPOS="2105" WIDTH="226" HEIGHT="52" CONTENT="Wagner" WC="0.99" CC="000553"/>
						<SP ID="P7_SP00224" HPOS="460" VPOS="2157" WIDTH="29"/>
						<String ID="P7_ST00254" HPOS="489" VPOS="2105" WIDTH="166" HEIGHT="40" CONTENT="verlässt" WC="0.86" CC="03050020"/>
						<SP ID="P7_SP00225" HPOS="655" VPOS="2157" WIDTH="27"/>
						<String ID="P7_ST00255" HPOS="682" VPOS="2116" WIDTH="75" HEIGHT="27" CONTENT="uns" WC="0.95" CC="680"/>
						<SP ID="P7_SP00226" HPOS="757" VPOS="2157" WIDTH="31"/>
						<String ID="P7_ST00256" HPOS="788" VPOS="2115" WIDTH="64" HEIGHT="28" CONTENT="am" WC="0.87" CC="02"/>
						<SP ID="P7_SP00227" HPOS="852" VPOS="2157" WIDTH="30"/>
						<String ID="P7_ST00257" HPOS="882" VPOS="2103" WIDTH="76" HEIGHT="47" CONTENT="31.," WC="0.50" CC="5643"/>
						<SP ID="P7_SP00228" HPOS="958" VPOS="2157" WIDTH="39"/>
						<String ID="P7_ST00258" HPOS="997" VPOS="2114" WIDTH="69" HEIGHT="27" CONTENT="um" WC="0.67" CC="60"/>
						<SP ID="P7_SP00229" HPOS="1066" VPOS="2157" WIDTH="31"/>
						<String ID="P7_ST00259" HPOS="1097" VPOS="2099" WIDTH="191" HEIGHT="41" CONTENT="zunächst" WC="0.99" CC="01801713"/>
						<SP ID="P7_SP00230" HPOS="1288" VPOS="2157" WIDTH="28"/>
						<String ID="P7_ST00260" HPOS="1316" VPOS="2099" WIDTH="103" HEIGHT="40" CONTENT="nach" WC="0.95" CC="9057"/>
						<SP ID="P7_SP00231" HPOS="1419" VPOS="2157" WIDTH="32"/>
						<String ID="P7_ST00261" HPOS="1451" VPOS="2098" WIDTH="100" HEIGHT="41" CONTENT="Cob" WC="0.38" CC="647"/>
						<SP ID="P7_SP00232" HPOS="1551" VPOS="2157" WIDTH="13"/>
						<String ID="P7_ST00262" HPOS="1564" VPOS="2098" WIDTH="115" HEIGHT="40" CONTENT="lenz" WC="0.96" CC="4681"/>
					</TextLine>
					<TextLine ID="P7_TL00031" HPOS="95" VPOS="2167" WIDTH="221" HEIGHT="52">
						<String ID="P7_ST00263" HPOS="95" VPOS="2180" WIDTH="47" HEIGHT="28" CONTENT="zu" WC="0.41" CC="38"/>
						<SP ID="P7_SP00233" HPOS="142" VPOS="2208" WIDTH="30"/>
						<String ID="P7_ST00264" HPOS="172" VPOS="2167" WIDTH="144" HEIGHT="52" CONTENT="gehen." WC="0.98" CC="087004"/>
					</TextLine>
				</TextBlock>
				<TextBlock ID="P7_TB00006" HPOS="86" VPOS="2271" WIDTH="1594" HEIGHT="1940" STYLEREFS="TXT_1 PAR_BLOCK">
					<TextLine ID="P7_TL00032" HPOS="173" VPOS="2272" WIDTH="1505" HEIGHT="51">
						<String ID="P7_ST00265" HPOS="173" VPOS="2277" WIDTH="82" HEIGHT="40" CONTENT="Am" WC="1.00" CC="00"/>
						<SP ID="P7_SP00234" HPOS="255" VPOS="2317" WIDTH="28"/>
						<String ID="P7_ST00266" HPOS="283" VPOS="2277" WIDTH="65" HEIGHT="40" CONTENT="26." WC="0.47" CC="644"/>
						<SP ID="P7_SP00235" HPOS="348" VPOS="2317" WIDTH="31"/>
						<String ID="P7_ST00267" HPOS="379" VPOS="2277" WIDTH="80" HEIGHT="40" CONTENT="Juli" WC="0.97" CC="0533"/>
						<SP ID="P7_SP00236" HPOS="459" VPOS="2317" WIDTH="33"/>
						<String ID="P7_ST00268" HPOS="492" VPOS="2277" WIDTH="101" HEIGHT="40" CONTENT="1783" WC="0.52" CC="3636"/>
						<SP ID="P7_SP00237" HPOS="593" VPOS="2317" WIDTH="31"/>
						<String ID="P7_ST00269" HPOS="624" VPOS="2278" WIDTH="106" HEIGHT="39" CONTENT="starb" WC="0.98" CC="01037"/>
						<SP ID="P7_SP00238" HPOS="730" VPOS="2317" WIDTH="30"/>
						<String ID="P7_ST00270" HPOS="760" VPOS="2290" WIDTH="49" HEIGHT="26" CONTENT="zu" WC="0.76" CC="04"/>
						<SP ID="P7_SP00239" HPOS="809" VPOS="2317" WIDTH="29"/>
						<String ID="P7_ST00271" HPOS="838" VPOS="2276" WIDTH="138" HEIGHT="41" CONTENT="Berlin" WC="0.97" CC="739527"/>
						<SP ID="P7_SP00240" HPOS="976" VPOS="2317" WIDTH="97"/>
						<String ID="P7_ST00272" HPOS="1073" VPOS="2275" WIDTH="50" HEIGHT="40" CONTENT="62" WC="0.41" CC="38"/>
						<SP ID="P7_SP00241" HPOS="1123" VPOS="2317" WIDTH="29"/>
						<String ID="P7_ST00273" HPOS="1152" VPOS="2274" WIDTH="121" HEIGHT="40" CONTENT="Jahre" WC="0.98" CC="00606"/>
						<SP ID="P7_SP00242" HPOS="1273" VPOS="2317" WIDTH="30"/>
						<String ID="P7_ST00274" HPOS="1303" VPOS="2274" WIDTH="52" HEIGHT="38" CONTENT="alt" WC="1.00" CC="000"/>
						<SP ID="P7_SP00243" HPOS="1355" VPOS="2317" WIDTH="89"/>
						<String ID="P7_ST00275" HPOS="1444" VPOS="2272" WIDTH="71" HEIGHT="39" CONTENT="der" WC="0.96" CC="074"/>
						<SP ID="P7_SP00244" HPOS="1515" VPOS="2317" WIDTH="28"/>
						<String ID="P7_ST00276" HPOS="1543" VPOS="2284" WIDTH="113" HEIGHT="39" CONTENT="preus" SUBS_TYPE="HypPart1" SUBS_CONTENT="preussische" WC="0.69" CC="00760"/>
						<HYP HPOS="1656" VPOS="2284" WIDTH="22" CONTENT="-"/>
					</TextLine>
					<TextLine ID="P7_TL00033" HPOS="92" VPOS="2335" WIDTH="1588" HEIGHT="55">
						<String ID="P7_ST00277" HPOS="92" VPOS="2339" WIDTH="130" HEIGHT="40" CONTENT="sische" SUBS_TYPE="HypPart2" SUBS_CONTENT="preussische" WC="0.72" CC="400065"/>
						<SP ID="P7_SP00245" HPOS="222" VPOS="2379" WIDTH="29"/>
						<String ID="P7_ST00278" HPOS="251" VPOS="2338" WIDTH="405" HEIGHT="52" CONTENT="Hof-Capellmeislcr" WC="0.65" CC="67057000440252056"/>
						<SP ID="P7_SP00246" HPOS="656" VPOS="2390" WIDTH="29"/>
						<String ID="P7_ST00279" HPOS="685" VPOS="2339" WIDTH="205" HEIGHT="39" CONTENT="Johann" WC="0.98" CC="045056"/>
						<SP ID="P7_SP00247" HPOS="890" VPOS="2390" WIDTH="31"/>
						<String ID="P7_ST00280" HPOS="921" VPOS="2337" WIDTH="129" HEIGHT="40" CONTENT="Phil." WC="0.98" CC="06044"/>
						<SP ID="P7_SP00248" HPOS="1050" VPOS="2390" WIDTH="42"/>
						<String ID="P7_ST00281" HPOS="1092" VPOS="2337" WIDTH="338" HEIGHT="50" CONTENT="Kirnberger," WC="0.56" CC="26077600664"/>
						<SP ID="P7_SP00249" HPOS="1430" VPOS="2390" WIDTH="39"/>
						<String ID="P7_ST00282" HPOS="1469" VPOS="2335" WIDTH="110" HEIGHT="39" CONTENT="einer" WC="0.98" CC="60060"/>
						<SP ID="P7_SP00250" HPOS="1579" VPOS="2390" WIDTH="29"/>
						<String ID="P7_ST00283" HPOS="1608" VPOS="2335" WIDTH="72" HEIGHT="40" CONTENT="der" WC="0.97" CC="024"/>
					</TextLine>
					<TextLine ID="P7_TL00034" HPOS="92" VPOS="2397" WIDTH="1588" HEIGHT="54">
						<String ID="P7_ST00284" HPOS="92" VPOS="2402" WIDTH="301" HEIGHT="39" CONTENT="berühmtesten" WC="0.99" CC="637030880072"/>
						<SP ID="P7_SP00251" HPOS="393" VPOS="2441" WIDTH="31"/>
						<String ID="P7_ST00285" HPOS="424" VPOS="2401" WIDTH="263" HEIGHT="40" CONTENT="Theoretiker" WC="0.99" CC="07650503054"/>
						<SP ID="P7_SP00252" HPOS="687" VPOS="2441" WIDTH="28"/>
						<String ID="P7_ST00286" HPOS="715" VPOS="2401" WIDTH="81" HEIGHT="38" CONTENT="und" WC="0.95" CC="670"/>
						<SP ID="P7_SP00253" HPOS="796" VPOS="2441" WIDTH="24"/>
						<String ID="P7_ST00287" HPOS="820" VPOS="2400" WIDTH="288" HEIGHT="51" CONTENT="Componistcn" WC="0.70" CC="65005610070"/>
						<SP ID="P7_SP00254" HPOS="1108" VPOS="2451" WIDTH="27"/>
						<String ID="P7_ST00288" HPOS="1135" VPOS="2399" WIDTH="57" HEIGHT="39" CONTENT="im" WC="1.00" CC="00"/>
						<SP ID="P7_SP00255" HPOS="1192" VPOS="2451" WIDTH="33"/>
						<String ID="P7_ST00289" HPOS="1225" VPOS="2397" WIDTH="205" HEIGHT="53" CONTENT="gelehrten" WC="0.98" CC="003765368"/>
						<SP ID="P7_SP00256" HPOS="1430" VPOS="2451" WIDTH="30"/>
						<String ID="P7_ST00290" HPOS="1460" VPOS="2397" WIDTH="107" HEIGHT="39" CONTENT="Stile." WC="0.98" CC="020773"/>
						<SP ID="P7_SP00257" HPOS="1567" VPOS="2451" WIDTH="30"/>
						<String ID="P7_ST00291" HPOS="1597" VPOS="2398" WIDTH="83" HEIGHT="38" CONTENT="Der" WC="0.95" CC="076"/>
					</TextLine>
					<TextLine ID="P7_TL00035" HPOS="94" VPOS="2460" WIDTH="1586" HEIGHT="56">
						<String ID="P7_ST00292" HPOS="94" VPOS="2465" WIDTH="189" HEIGHT="51" CONTENT="Organist" WC="0.99" CC="63008100"/>
						<SP ID="P7_SP00258" HPOS="283" VPOS="2516" WIDTH="28"/>
						<String ID="P7_ST00293" HPOS="311" VPOS="2465" WIDTH="179" HEIGHT="47" CONTENT="Kellner," WC="0.99" CC="30737004"/>
						<SP ID="P7_SP00259" HPOS="490" VPOS="2516" WIDTH="28"/>
						<String ID="P7_ST00294" HPOS="518" VPOS="2465" WIDTH="90" HEIGHT="39" CONTENT="Joh." WC="0.60" CC="0564"/>
						<SP ID="P7_SP00260" HPOS="608" VPOS="2516" WIDTH="31"/>
						<String ID="P7_ST00295" HPOS="639" VPOS="2464" WIDTH="65" HEIGHT="40" CONTENT="Fr." WC="0.96" CC="064"/>
						<SP ID="P7_SP00261" HPOS="704" VPOS="2516" WIDTH="29"/>
						<String ID="P7_ST00296" HPOS="733" VPOS="2463" WIDTH="109" HEIGHT="47" CONTENT="Meil," WC="0.66" CC="06063"/>
						<SP ID="P7_SP00262" HPOS="842" VPOS="2516" WIDTH="41"/>
						<String ID="P7_ST00297" HPOS="883" VPOS="2462" WIDTH="158" HEIGHT="41" CONTENT="Gerber" WC="0.97" CC="205539"/>
						<SP ID="P7_SP00263" HPOS="1041" VPOS="2516" WIDTH="37"/>
						<String ID="P7_ST00298" HPOS="1078" VPOS="2462" WIDTH="84" HEIGHT="39" CONTENT="und" WC="0.95" CC="770"/>
						<SP ID="P7_SP00264" HPOS="1162" VPOS="2516" WIDTH="29"/>
						<String ID="P7_ST00299" HPOS="1191" VPOS="2461" WIDTH="91" HEIGHT="39" CONTENT="Joh." WC="0.56" CC="0574"/>
						<SP ID="P7_SP00265" HPOS="1282" VPOS="2516" WIDTH="31"/>
						<String ID="P7_ST00300" HPOS="1313" VPOS="2460" WIDTH="91" HEIGHT="40" CONTENT="Seb." WC="0.58" CC="0474"/>
						<SP ID="P7_SP00266" HPOS="1404" VPOS="2516" WIDTH="31"/>
						<String ID="P7_ST00301" HPOS="1435" VPOS="2460" WIDTH="137" HEIGHT="39" CONTENT="Bach" WC="0.99" CC="0003"/>
						<SP ID="P7_SP00267" HPOS="1572" VPOS="2516" WIDTH="30"/>
						<String ID="P7_ST00302" HPOS="1602" VPOS="2472" WIDTH="52" HEIGHT="27" CONTENT="wa" SUBS_TYPE="HypPart1" SUBS_CONTENT="waren" WC="0.98" CC="10"/>
						<HYP HPOS="1654" VPOS="2472" WIDTH="26" CONTENT="-"/>
					</TextLine>
					<TextLine ID="P7_TL00036" HPOS="92" VPOS="2522" WIDTH="1588" HEIGHT="56">
						<String ID="P7_ST00303" HPOS="92" VPOS="2540" WIDTH="71" HEIGHT="28" CONTENT="ren" SUBS_TYPE="HypPart2" SUBS_CONTENT="waren" WC="0.95" CC="165"/>
						<SP ID="P7_SP00268" HPOS="163" VPOS="2568" WIDTH="30"/>
						<String ID="P7_ST00304" HPOS="193" VPOS="2528" WIDTH="109" HEIGHT="40" CONTENT="seine" WC="0.97" CC="04275"/>
						<SP ID="P7_SP00269" HPOS="302" VPOS="2568" WIDTH="28"/>
						<String ID="P7_ST00305" HPOS="330" VPOS="2529" WIDTH="165" HEIGHT="39" CONTENT="Lehrer." WC="0.99" CC="0530004"/>
						<SP ID="P7_SP00270" HPOS="495" VPOS="2568" WIDTH="30"/>
						<String ID="P7_ST00306" HPOS="525" VPOS="2528" WIDTH="71" HEIGHT="39" CONTENT="Als" WC="0.97" CC="060"/>
						<SP ID="P7_SP00271" HPOS="596" VPOS="2568" WIDTH="30"/>
						<String ID="P7_ST00307" HPOS="626" VPOS="2526" WIDTH="252" HEIGHT="52" CONTENT="Kirnbcrger" WC="0.58" CC="0008777064"/>
						<SP ID="P7_SP00272" HPOS="878" VPOS="2578" WIDTH="38"/>
						<String ID="P7_ST00308" HPOS="916" VPOS="2526" WIDTH="104" HEIGHT="39" CONTENT="noch" WC="0.95" CC="8347"/>
						<SP ID="P7_SP00273" HPOS="1020" VPOS="2578" WIDTH="31"/>
						<String ID="P7_ST00309" HPOS="1051" VPOS="2524" WIDTH="209" HEIGHT="40" CONTENT="Ciavierist" WC="0.99" CC="7200107002"/>
						<SP ID="P7_SP00274" HPOS="1260" VPOS="2578" WIDTH="41"/>
						<String ID="P7_ST00310" HPOS="1301" VPOS="2523" WIDTH="64" HEIGHT="40" CONTENT="bei" WC="0.93" CC="755"/>
						<SP ID="P7_SP00275" HPOS="1365" VPOS="2578" WIDTH="49"/>
						<String ID="P7_ST00311" HPOS="1414" VPOS="2523" WIDTH="110" HEIGHT="39" CONTENT="einer" WC="0.97" CC="00576"/>
						<SP ID="P7_SP00276" HPOS="1524" VPOS="2578" WIDTH="29"/>
						<String ID="P7_ST00312" HPOS="1553" VPOS="2522" WIDTH="106" HEIGHT="51" CONTENT="polni" SUBS_TYPE="HypPart1" SUBS_CONTENT="polnischen" WC="0.98" CC="06572"/>
						<HYP HPOS="1659" VPOS="2522" WIDTH="21" CONTENT="-"/>
					</TextLine>
					<TextLine ID="P7_TL00037" HPOS="90" VPOS="2587" WIDTH="1590" HEIGHT="56">
						<String ID="P7_ST00313" HPOS="90" VPOS="2591" WIDTH="125" HEIGHT="40" CONTENT="schen" SUBS_TYPE="HypPart2" SUBS_CONTENT="polnischen" WC="0.96" CC="66648"/>
						<SP ID="P7_SP00277" HPOS="215" VPOS="2631" WIDTH="32"/>
						<String ID="P7_ST00314" HPOS="247" VPOS="2591" WIDTH="160" HEIGHT="52" CONTENT="Capelle" WC="0.99" CC="6000562"/>
						<SP ID="P7_SP00278" HPOS="407" VPOS="2643" WIDTH="29"/>
						<String ID="P7_ST00315" HPOS="436" VPOS="2604" WIDTH="96" HEIGHT="35" CONTENT="war," WC="0.98" CC="0054"/>
						<SP ID="P7_SP00279" HPOS="532" VPOS="2643" WIDTH="30"/>
						<String ID="P7_ST00316" HPOS="562" VPOS="2590" WIDTH="140" HEIGHT="52" CONTENT="spielte" WC="0.99" CC="0026406"/>
						<SP ID="P7_SP00280" HPOS="702" VPOS="2643" WIDTH="31"/>
						<String ID="P7_ST00317" HPOS="733" VPOS="2590" WIDTH="65" HEIGHT="39" CONTENT="ein" WC="0.94" CC="456"/>
						<SP ID="P7_SP00281" HPOS="798" VPOS="2643" WIDTH="31"/>
						<String ID="P7_ST00318" HPOS="829" VPOS="2589" WIDTH="190" HEIGHT="40" CONTENT="Violinist" WC="0.99" CC="003708010"/>
						<SP ID="P7_SP00282" HPOS="1019" VPOS="2643" WIDTH="29"/>
						<String ID="P7_ST00319" HPOS="1048" VPOS="2588" WIDTH="131" HEIGHT="40" CONTENT="dieser" WC="0.98" CC="046060"/>
						<SP ID="P7_SP00283" HPOS="1179" VPOS="2643" WIDTH="22"/>
						<String ID="P7_ST00320" HPOS="1201" VPOS="2587" WIDTH="174" HEIGHT="52" CONTENT="Capelle," WC="0.98" CC="55050654"/>
						<SP ID="P7_SP00284" HPOS="1375" VPOS="2643" WIDTH="30"/>
						<String ID="P7_ST00321" HPOS="1405" VPOS="2587" WIDTH="176" HEIGHT="38" CONTENT="Namens" WC="0.98" CC="005780"/>
						<SP ID="P7_SP00285" HPOS="1581" VPOS="2643" WIDTH="18"/>
						<String ID="P7_ST00322" HPOS="1599" VPOS="2587" WIDTH="54" HEIGHT="38" CONTENT="Ko" SUBS_TYPE="HypPart1" SUBS_CONTENT="Kosolowsky" WC="0.65" CC="05"/>
						<HYP HPOS="1653" VPOS="2587" WIDTH="27" CONTENT="-"/>
					</TextLine>
					<TextLine ID="P7_TL00038" HPOS="91" VPOS="2649" WIDTH="1589" HEIGHT="56">
						<String ID="P7_ST00323" HPOS="91" VPOS="2654" WIDTH="199" HEIGHT="51" CONTENT="solowsky" SUBS_TYPE="HypPart2" SUBS_CONTENT="Kosolowsky" WC="0.78" CC="49004000"/>
						<SP ID="P7_SP00286" HPOS="290" VPOS="2705" WIDTH="30"/>
						<String ID="P7_ST00324" HPOS="320" VPOS="2653" WIDTH="119" HEIGHT="40" CONTENT="öfters" WC="0.98" CC="705600"/>
						<SP ID="P7_SP00287" HPOS="439" VPOS="2705" WIDTH="30"/>
						<String ID="P7_ST00325" HPOS="469" VPOS="2654" WIDTH="66" HEIGHT="39" CONTENT="ein" WC="0.96" CC="603"/>
						<SP ID="P7_SP00288" HPOS="535" VPOS="2705" WIDTH="30"/>
						<String ID="P7_ST00326" HPOS="565" VPOS="2654" WIDTH="171" HEIGHT="39" CONTENT="Concert" WC="0.58" CC="7505640"/>
						<SP ID="P7_SP00289" HPOS="736" VPOS="2705" WIDTH="38"/>
						<String ID="P7_ST00327" HPOS="774" VPOS="2665" WIDTH="76" HEIGHT="27" CONTENT="von" WC="0.95" CC="048"/>
						<SP ID="P7_SP00290" HPOS="850" VPOS="2705" WIDTH="46"/>
						<String ID="P7_ST00328" HPOS="896" VPOS="2652" WIDTH="161" HEIGHT="52" CONTENT="eigener" WC="0.98" CC="3006866"/>
						<SP ID="P7_SP00291" HPOS="1057" VPOS="2705" WIDTH="30"/>
						<String ID="P7_ST00329" HPOS="1087" VPOS="2650" WIDTH="289" HEIGHT="52" CONTENT="Composition," WC="0.64" CC="510008070783"/>
						<SP ID="P7_SP00292" HPOS="1376" VPOS="2705" WIDTH="43"/>
						<String ID="P7_ST00330" HPOS="1419" VPOS="2649" WIDTH="127" HEIGHT="39" CONTENT="worin" WC="0.98" CC="00636"/>
						<SP ID="P7_SP00293" HPOS="1546" VPOS="2705" WIDTH="45"/>
						<String ID="P7_ST00331" HPOS="1591" VPOS="2650" WIDTH="89" HEIGHT="39" CONTENT="eine" WC="0.98" CC="0064"/>
					</TextLine>
					<TextLine ID="P7_TL00039" HPOS="90" VPOS="2712" WIDTH="1589" HEIGHT="56">
						<String ID="P7_ST00332" HPOS="90" VPOS="2716" WIDTH="174" HEIGHT="52" CONTENT="Passage" WC="0.99" CC="0060604"/>
						<SP ID="P7_SP00294" HPOS="264" VPOS="2768" WIDTH="30"/>
						<String ID="P7_ST00333" HPOS="294" VPOS="2716" WIDTH="177" HEIGHT="47" CONTENT="vorkam," WC="0.99" CC="0570001"/>
						<SP ID="P7_SP00295" HPOS="471" VPOS="2768" WIDTH="29"/>
						<String ID="P7_ST00334" HPOS="500" VPOS="2730" WIDTH="29" HEIGHT="25" CONTENT="w" WC="1.00" CC="0"/>
						<SP ID="P7_SP00296" HPOS="529" VPOS="2768" WIDTH="12"/>
						<String ID="P7_ST00335" HPOS="541" VPOS="2716" WIDTH="111" HEIGHT="40" CONTENT="elche" WC="0.97" CC="54564"/>
						<SP ID="P7_SP00297" HPOS="652" VPOS="2768" WIDTH="26"/>
						<String ID="P7_ST00336" HPOS="678" VPOS="2717" WIDTH="116" HEIGHT="51" CONTENT="jener" WC="0.96" CC="26855"/>
						<SP ID="P7_SP00298" HPOS="794" VPOS="2768" WIDTH="29"/>
						<String ID="P7_ST00337" HPOS="823" VPOS="2715" WIDTH="109" HEIGHT="39" CONTENT="nicht" WC="0.98" CC="00560"/>
						<SP ID="P7_SP00299" HPOS="932" VPOS="2768" WIDTH="31"/>
						<String ID="P7_ST00338" HPOS="963" VPOS="2714" WIDTH="213" HEIGHT="40" CONTENT="ausstehen" WC="0.99" CC="976000073"/>
						<SP ID="P7_SP00300" HPOS="1176" VPOS="2768" WIDTH="14"/>
						<String ID="P7_ST00339" HPOS="1190" VPOS="2713" WIDTH="163" HEIGHT="47" CONTENT="konnte," WC="0.98" CC="0478464"/>
						<SP ID="P7_SP00301" HPOS="1353" VPOS="2768" WIDTH="28"/>
						<String ID="P7_ST00340" HPOS="1381" VPOS="2712" WIDTH="92" HEIGHT="40" CONTENT="weil" WC="0.97" CC="9004"/>
						<SP ID="P7_SP00302" HPOS="1473" VPOS="2768" WIDTH="29"/>
						<String ID="P7_ST00341" HPOS="1502" VPOS="2712" WIDTH="88" HEIGHT="40" CONTENT="eine" WC="0.96" CC="6065"/>
						<SP ID="P7_SP00303" HPOS="1590" VPOS="2768" WIDTH="17"/>
						<String ID="P7_ST00342" HPOS="1607" VPOS="2725" WIDTH="48" HEIGHT="27" CONTENT="un" SUBS_TYPE="HypPart1" SUBS_CONTENT="unharmonische" WC="0.94" CC="84"/>
						<HYP HPOS="1655" VPOS="2725" WIDTH="24" CONTENT="-"/>
					</TextLine>
					<TextLine ID="P7_TL00040" HPOS="92" VPOS="2776" WIDTH="1587" HEIGHT="55">
						<String ID="P7_ST00343" HPOS="92" VPOS="2778" WIDTH="282" HEIGHT="41" CONTENT="harmonische" SUBS_TYPE="HypPart2" SUBS_CONTENT="unharmonische" WC="0.99" CC="60996710630"/>
						<SP ID="P7_SP00304" HPOS="374" VPOS="2819" WIDTH="30"/>
						<String ID="P7_ST00344" HPOS="404" VPOS="2780" WIDTH="222" HEIGHT="51" CONTENT="Wendung" WC="0.98" CC="0650570"/>
						<SP ID="P7_SP00305" HPOS="626" VPOS="2831" WIDTH="29"/>
						<String ID="P7_ST00345" HPOS="655" VPOS="2779" WIDTH="115" HEIGHT="39" CONTENT="darin" WC="0.98" CC="00408"/>
						<SP ID="P7_SP00306" HPOS="770" VPOS="2831" WIDTH="32"/>
						<String ID="P7_ST00346" HPOS="802" VPOS="2779" WIDTH="201" HEIGHT="40" CONTENT="enthalten" WC="0.98" CC="686703777"/>
						<SP ID="P7_SP00307" HPOS="1003" VPOS="2831" WIDTH="30"/>
						<String ID="P7_ST00347" HPOS="1033" VPOS="2791" WIDTH="94" HEIGHT="26" CONTENT="war." WC="0.96" CC="1753"/>
						<SP ID="P7_SP00308" HPOS="1127" VPOS="2831" WIDTH="57"/>
						<String ID="P7_ST00348" HPOS="1184" VPOS="2777" WIDTH="58" HEIGHT="39" CONTENT="Er" WC="0.37" CC="29"/>
						<SP ID="P7_SP00309" HPOS="1242" VPOS="2831" WIDTH="39"/>
						<String ID="P7_ST00349" HPOS="1281" VPOS="2782" WIDTH="118" HEIGHT="34" CONTENT="setzte" WC="0.99" CC="047000"/>
						<SP ID="P7_SP00310" HPOS="1399" VPOS="2831" WIDTH="31"/>
						<String ID="P7_ST00350" HPOS="1430" VPOS="2776" WIDTH="91" HEIGHT="39" CONTENT="dem" WC="1.00" CC="000"/>
						<SP ID="P7_SP00311" HPOS="1521" VPOS="2831" WIDTH="30"/>
						<String ID="P7_ST00351" HPOS="1551" VPOS="2777" WIDTH="103" HEIGHT="38" CONTENT="Koso" SUBS_TYPE="HypPart1" SUBS_CONTENT="Kosolowsky" WC="0.66" CC="0804"/>
						<HYP HPOS="1654" VPOS="2777" WIDTH="25" CONTENT="-"/>
					</TextLine>
					<TextLine ID="P7_TL00041" HPOS="90" VPOS="2839" WIDTH="1588" HEIGHT="56">
						<String ID="P7_ST00352" HPOS="90" VPOS="2842" WIDTH="154" HEIGHT="52" CONTENT="lowsky" SUBS_TYPE="HypPart2" SUBS_CONTENT="Kosolowsky" WC="0.71" CC="159000"/>
						<SP ID="P7_SP00312" HPOS="244" VPOS="2894" WIDTH="29"/>
						<String ID="P7_ST00353" HPOS="273" VPOS="2843" WIDTH="125" HEIGHT="41" CONTENT="daher" WC="0.98" CC="00660"/>
						<SP ID="P7_SP00313" HPOS="398" VPOS="2894" WIDTH="25"/>
						<String ID="P7_ST00354" HPOS="423" VPOS="2843" WIDTH="114" HEIGHT="52" CONTENT="jedes" WC="0.97" CC="05076"/>
						<SP ID="P7_SP00314" HPOS="537" VPOS="2895" WIDTH="16"/>
						<String ID="P7_ST00355" HPOS="553" VPOS="2843" WIDTH="80" HEIGHT="40" CONTENT="Mal" WC="0.98" CC="004"/>
						<SP ID="P7_SP00315" HPOS="633" VPOS="2895" WIDTH="30"/>
						<String ID="P7_ST00356" HPOS="663" VPOS="2842" WIDTH="101" HEIGHT="39" CONTENT="über" WC="0.96" CC="0673"/>
						<SP ID="P7_SP00316" HPOS="764" VPOS="2895" WIDTH="29"/>
						<String ID="P7_ST00357" HPOS="793" VPOS="2841" WIDTH="110" HEIGHT="40" CONTENT="diese" WC="0.96" CC="83707"/>
						<SP ID="P7_SP00317" HPOS="903" VPOS="2895" WIDTH="17"/>
						<String ID="P7_ST00358" HPOS="920" VPOS="2842" WIDTH="172" HEIGHT="50" CONTENT="Passage" WC="0.98" CC="0018705"/>
						<SP ID="P7_SP00318" HPOS="1092" VPOS="2895" WIDTH="30"/>
						<String ID="P7_ST00359" HPOS="1122" VPOS="2853" WIDTH="60" HEIGHT="34" CONTENT="zu," WC="0.96" CC="054"/>
						<SP ID="P7_SP00319" HPOS="1182" VPOS="2895" WIDTH="30"/>
						<String ID="P7_ST00360" HPOS="1212" VPOS="2840" WIDTH="84" HEIGHT="39" CONTENT="und" WC="0.95" CC="670"/>
						<SP ID="P7_SP00320" HPOS="1296" VPOS="2895" WIDTH="29"/>
						<String ID="P7_ST00361" HPOS="1325" VPOS="2841" WIDTH="113" HEIGHT="38" CONTENT="erbot" WC="0.95" CC="79790"/>
						<SP ID="P7_SP00321" HPOS="1438" VPOS="2895" WIDTH="30"/>
						<String ID="P7_ST00362" HPOS="1468" VPOS="2839" WIDTH="96" HEIGHT="47" CONTENT="sich," WC="0.97" CC="04664"/>
						<SP ID="P7_SP00322" HPOS="1564" VPOS="2895" WIDTH="30"/>
						<String ID="P7_ST00363" HPOS="1594" VPOS="2839" WIDTH="84" HEIGHT="40" CONTENT="ihm" WC="0.96" CC="450"/>
					</TextLine>
					<TextLine ID="P7_TL00042" HPOS="91" VPOS="2903" WIDTH="1589" HEIGHT="49">
						<String ID="P7_ST00364" HPOS="91" VPOS="2904" WIDTH="90" HEIGHT="41" CONTENT="eine" WC="0.96" CC="7262"/>
						<SP ID="P7_SP00323" HPOS="181" VPOS="2945" WIDTH="51"/>
						<String ID="P7_ST00365" HPOS="232" VPOS="2907" WIDTH="147" HEIGHT="38" CONTENT="andere" WC="0.98" CC="000665"/>
						<SP ID="P7_SP00324" HPOS="379" VPOS="2945" WIDTH="43"/>
						<String ID="P7_ST00366" HPOS="422" VPOS="2919" WIDTH="47" HEIGHT="26" CONTENT="zu" WC="0.72" CC="05"/>
						<SP ID="P7_SP00325" HPOS="469" VPOS="2945" WIDTH="56"/>
						<String ID="P7_ST00367" HPOS="525" VPOS="2905" WIDTH="224" HEIGHT="47" CONTENT="schreiben," WC="0.99" CC="0600057764"/>
						<SP ID="P7_SP00326" HPOS="749" VPOS="2952" WIDTH="48"/>
						<String ID="P7_ST00368" HPOS="797" VPOS="2917" WIDTH="118" HEIGHT="27" CONTENT="wenn" WC="0.98" CC="0054"/>
						<SP ID="P7_SP00327" HPOS="915" VPOS="2952" WIDTH="44"/>
						<String ID="P7_ST00369" HPOS="959" VPOS="2917" WIDTH="42" HEIGHT="27" CONTENT="er" WC="0.32" CC="67"/>
						<SP ID="P7_SP00328" HPOS="1001" VPOS="2952" WIDTH="43"/>
						<String ID="P7_ST00370" HPOS="1044" VPOS="2904" WIDTH="55" HEIGHT="39" CONTENT="sie" WC="0.97" CC="007"/>
						<SP ID="P7_SP00329" HPOS="1099" VPOS="2952" WIDTH="39"/>
						<String ID="P7_ST00371" HPOS="1138" VPOS="2903" WIDTH="110" HEIGHT="39" CONTENT="nicht" WC="0.99" CC="00170"/>
						<SP ID="P7_SP00330" HPOS="1248" VPOS="2952" WIDTH="42"/>
						<String ID="P7_ST00372" HPOS="1290" VPOS="2904" WIDTH="107" HEIGHT="38" CONTENT="bloss" WC="0.98" CC="73600"/>
						<SP ID="P7_SP00331" HPOS="1397" VPOS="2952" WIDTH="48"/>
						<String ID="P7_ST00373" HPOS="1445" VPOS="2904" WIDTH="235" HEIGHT="39" CONTENT="verbessern" WC="0.99" CC="4007400204"/>
					</TextLine>
					<TextLine ID="P7_TL00043" HPOS="91" VPOS="2965" WIDTH="1589" HEIGHT="55">
						<String ID="P7_ST00374" HPOS="91" VPOS="2970" WIDTH="145" HEIGHT="39" CONTENT="wollte." WC="0.98" CC="0634064"/>
						<SP ID="P7_SP00332" HPOS="236" VPOS="3009" WIDTH="45"/>
						<String ID="P7_ST00375" HPOS="281" VPOS="2969" WIDTH="269" HEIGHT="51" CONTENT="Kosolowsky" WC="0.72" CC="0306656000"/>
						<SP ID="P7_SP00333" HPOS="550" VPOS="3020" WIDTH="29"/>
						<String ID="P7_ST00376" HPOS="579" VPOS="2969" WIDTH="107" HEIGHT="39" CONTENT="hatte" WC="0.98" CC="50471"/>
						<SP ID="P7_SP00334" HPOS="686" VPOS="3020" WIDTH="29"/>
						<String ID="P7_ST00377" HPOS="715" VPOS="2968" WIDTH="118" HEIGHT="40" CONTENT="keine" WC="0.98" CC="06070"/>
						<SP ID="P7_SP00335" HPOS="833" VPOS="3020" WIDTH="23"/>
						<String ID="P7_ST00378" HPOS="856" VPOS="2966" WIDTH="139" HEIGHT="41" CONTENT="Ohren" WC="0.96" CC="75904"/>
						<SP ID="P7_SP00336" HPOS="995" VPOS="3020" WIDTH="30"/>
						<String ID="P7_ST00379" HPOS="1025" VPOS="2967" WIDTH="125" HEIGHT="46" CONTENT="dafür," WC="0.98" CC="008063"/>
						<SP ID="P7_SP00337" HPOS="1150" VPOS="3020" WIDTH="31"/>
						<String ID="P7_ST00380" HPOS="1181" VPOS="2966" WIDTH="83" HEIGHT="39" CONTENT="und" WC="0.94" CC="670"/>
						<SP ID="P7_SP00338" HPOS="1264" VPOS="3020" WIDTH="16"/>
						<String ID="P7_ST00381" HPOS="1280" VPOS="2965" WIDTH="250" HEIGHT="53" CONTENT="Kirnbcrger" WC="0.62" CC="0008671067"/>
						<SP ID="P7_SP00339" HPOS="1530" VPOS="3020" WIDTH="28"/>
						<String ID="P7_ST00382" HPOS="1558" VPOS="2966" WIDTH="122" HEIGHT="39" CONTENT="nahm" WC="0.97" CC="6170"/>
					</TextLine>
					<TextLine ID="P7_TL00044" HPOS="92" VPOS="3028" WIDTH="1588" HEIGHT="51">
						<String ID="P7_ST00383" HPOS="92" VPOS="3031" WIDTH="84" HEIGHT="40" CONTENT="sich" WC="0.97" CC="7026"/>
						<SP ID="P7_SP00340" HPOS="176" VPOS="3071" WIDTH="44"/>
						<String ID="P7_ST00384" HPOS="220" VPOS="3044" WIDTH="81" HEIGHT="35" CONTENT="vor," WC="0.98" CC="0601"/>
						<SP ID="P7_SP00341" HPOS="301" VPOS="3079" WIDTH="51"/>
						<String ID="P7_ST00385" HPOS="352" VPOS="3032" WIDTH="70" HEIGHT="39" CONTENT="ihn" WC="0.94" CC="436"/>
						<SP ID="P7_SP00342" HPOS="422" VPOS="3079" WIDTH="39"/>
						<String ID="P7_ST00386" HPOS="461" VPOS="3031" WIDTH="127" HEIGHT="40" CONTENT="durch" WC="0.98" CC="00534"/>
						<SP ID="P7_SP00343" HPOS="588" VPOS="3079" WIDTH="44"/>
						<String ID="P7_ST00387" HPOS="632" VPOS="3031" WIDTH="65" HEIGHT="39" CONTENT="ein" WC="0.94" CC="637"/>
						<SP ID="P7_SP00344" HPOS="697" VPOS="3079" WIDTH="41"/>
						<String ID="P7_ST00388" HPOS="738" VPOS="3029" WIDTH="166" HEIGHT="40" CONTENT="anderes" WC="0.98" CC="0763500"/>
						<SP ID="P7_SP00345" HPOS="904" VPOS="3079" WIDTH="42"/>
						<String ID="P7_ST00389" HPOS="946" VPOS="3030" WIDTH="129" HEIGHT="40" CONTENT="Mittel" WC="0.98" CC="030525"/>
						<SP ID="P7_SP00346" HPOS="1075" VPOS="3079" WIDTH="45"/>
						<String ID="P7_ST00390" HPOS="1120" VPOS="3028" WIDTH="121" HEIGHT="39" CONTENT="dahin" WC="0.99" CC="00505"/>
						<SP ID="P7_SP00347" HPOS="1241" VPOS="3079" WIDTH="39"/>
						<String ID="P7_ST00391" HPOS="1280" VPOS="3041" WIDTH="48" HEIGHT="26" CONTENT="zu" WC="0.58" CC="34"/>
						<SP ID="P7_SP00348" HPOS="1328" VPOS="3079" WIDTH="41"/>
						<String ID="P7_ST00392" HPOS="1369" VPOS="3028" WIDTH="182" HEIGHT="51" CONTENT="bringen," WC="0.98" CC="79270544"/>
						<SP ID="P7_SP00349" HPOS="1551" VPOS="3079" WIDTH="46"/>
						<String ID="P7_ST00393" HPOS="1597" VPOS="3034" WIDTH="63" HEIGHT="34" CONTENT="ent" SUBS_TYPE="HypPart1" SUBS_CONTENT="entweder" WC="0.96" CC="670"/>
						<HYP HPOS="1660" VPOS="3034" WIDTH="20" CONTENT="-"/>
					</TextLine>
					<TextLine ID="P7_TL00045" HPOS="91" VPOS="3091" WIDTH="1588" HEIGHT="54">
						<String ID="P7_ST00394" HPOS="91" VPOS="3095" WIDTH="135" HEIGHT="40" CONTENT="weder" SUBS_TYPE="HypPart2" SUBS_CONTENT="entweder" WC="0.98" CC="90015"/>
						<SP ID="P7_SP00350" HPOS="226" VPOS="3135" WIDTH="29"/>
						<String ID="P7_ST00395" HPOS="255" VPOS="3095" WIDTH="70" HEIGHT="39" CONTENT="das" WC="1.00" CC="000"/>
						<SP ID="P7_SP00351" HPOS="325" VPOS="3135" WIDTH="30"/>
						<String ID="P7_ST00396" HPOS="355" VPOS="3095" WIDTH="171" HEIGHT="40" CONTENT="Concert" WC="0.85" CC="5000040"/>
						<SP ID="P7_SP00352" HPOS="526" VPOS="3135" WIDTH="29"/>
						<String ID="P7_ST00397" HPOS="555" VPOS="3095" WIDTH="109" HEIGHT="39" CONTENT="nicht" WC="0.97" CC="71460"/>
						<SP ID="P7_SP00353" HPOS="664" VPOS="3135" WIDTH="29"/>
						<String ID="P7_ST00398" HPOS="693" VPOS="3095" WIDTH="116" HEIGHT="40" CONTENT="mehr" WC="0.96" CC="9360"/>
						<SP ID="P7_SP00354" HPOS="809" VPOS="3135" WIDTH="29"/>
						<String ID="P7_ST00399" HPOS="838" VPOS="3106" WIDTH="47" HEIGHT="26" CONTENT="zu" WC="0.75" CC="05"/>
						<SP ID="P7_SP00355" HPOS="885" VPOS="3135" WIDTH="31"/>
						<String ID="P7_ST00400" HPOS="916" VPOS="3093" WIDTH="166" HEIGHT="52" CONTENT="spielen," WC="0.98" CC="20056664"/>
						<SP ID="P7_SP00356" HPOS="1082" VPOS="3145" WIDTH="40"/>
						<String ID="P7_ST00401" HPOS="1122" VPOS="3093" WIDTH="97" HEIGHT="38" CONTENT="oder" WC="0.96" CC="4840"/>
						<SP ID="P7_SP00357" HPOS="1219" VPOS="3145" WIDTH="43"/>
						<String ID="P7_ST00402" HPOS="1262" VPOS="3091" WIDTH="64" HEIGHT="39" CONTENT="die" WC="0.92" CC="946"/>
						<SP ID="P7_SP00358" HPOS="1326" VPOS="3145" WIDTH="31"/>
						<String ID="P7_ST00403" HPOS="1357" VPOS="3092" WIDTH="198" HEIGHT="38" CONTENT="bewusste" WC="0.64" CC="77070006"/>
						<SP ID="P7_SP00359" HPOS="1555" VPOS="3145" WIDTH="30"/>
						<String ID="P7_ST00404" HPOS="1585" VPOS="3092" WIDTH="71" HEIGHT="38" CONTENT="Pas" SUBS_TYPE="HypPart1" SUBS_CONTENT="Passage" WC="0.99" CC="000"/>
						<HYP HPOS="1656" VPOS="3092" WIDTH="23" CONTENT="-"/>
					</TextLine>
					<TextLine ID="P7_TL00046" HPOS="90" VPOS="3154" WIDTH="1590" HEIGHT="56">
						<String ID="P7_ST00405" HPOS="90" VPOS="3170" WIDTH="93" HEIGHT="40" CONTENT="sage" SUBS_TYPE="HypPart2" SUBS_CONTENT="Passage" WC="0.96" CC="3906"/>
						<SP ID="P7_SP00360" HPOS="183" VPOS="3210" WIDTH="30"/>
						<String ID="P7_ST00406" HPOS="213" VPOS="3158" WIDTH="240" HEIGHT="52" CONTENT="wenigstens" WC="0.99" CC="0451030780"/>
						<SP ID="P7_SP00361" HPOS="453" VPOS="3210" WIDTH="30"/>
						<String ID="P7_ST00407" HPOS="483" VPOS="3172" WIDTH="47" HEIGHT="26" CONTENT="zu" WC="0.69" CC="06"/>
						<SP ID="P7_SP00362" HPOS="530" VPOS="3210" WIDTH="30"/>
						<String ID="P7_ST00408" HPOS="560" VPOS="3158" WIDTH="165" HEIGHT="40" CONTENT="ändern." WC="0.98" CC="0707674"/>
						<SP ID="P7_SP00363" HPOS="725" VPOS="3210" WIDTH="38"/>
						<String ID="P7_ST00409" HPOS="763" VPOS="3159" WIDTH="56" HEIGHT="38" CONTENT="Er" WC="0.76" CC="04"/>
						<SP ID="P7_SP00364" HPOS="819" VPOS="3210" WIDTH="30"/>
						<String ID="P7_ST00410" HPOS="849" VPOS="3156" WIDTH="210" HEIGHT="54" CONTENT="gewöhnte" WC="0.98" CC="96006700"/>
						<SP ID="P7_SP00365" HPOS="1059" VPOS="3210" WIDTH="31"/>
						<String ID="P7_ST00411" HPOS="1090" VPOS="3154" WIDTH="119" HEIGHT="42" CONTENT="einen" WC="0.96" CC="51678"/>
						<SP ID="P7_SP00366" HPOS="1209" VPOS="3210" WIDTH="24"/>
						<String ID="P7_ST00412" HPOS="1233" VPOS="3154" WIDTH="127" HEIGHT="39" CONTENT="Hund" WC="0.95" CC="8780"/>
						<SP ID="P7_SP00367" HPOS="1360" VPOS="3210" WIDTH="31"/>
						<String ID="P7_ST00413" HPOS="1391" VPOS="3154" WIDTH="69" HEIGHT="38" CONTENT="des" WC="0.97" CC="060"/>
						<SP ID="P7_SP00368" HPOS="1460" VPOS="3210" WIDTH="31"/>
						<String ID="P7_ST00414" HPOS="1491" VPOS="3154" WIDTH="189" HEIGHT="48" CONTENT="Fürsten," WC="0.99" CC="50500284"/>
					</TextLine>
					<TextLine ID="P7_TL00047" HPOS="89" VPOS="3215" WIDTH="1590" HEIGHT="54">
						<String ID="P7_ST00415" HPOS="89" VPOS="3221" WIDTH="73" HEIGHT="39" CONTENT="auf" WC="0.97" CC="340"/>
						<SP ID="P7_SP00369" HPOS="162" VPOS="3260" WIDTH="22"/>
						<String ID="P7_ST00416" HPOS="184" VPOS="3220" WIDTH="109" HEIGHT="40" CONTENT="seine" WC="0.97" CC="00757"/>
						<SP ID="P7_SP00370" HPOS="293" VPOS="3260" WIDTH="30"/>
						<String ID="P7_ST00417" HPOS="323" VPOS="3220" WIDTH="124" HEIGHT="40" CONTENT="Stube" WC="0.97" CC="50662"/>
						<SP ID="P7_SP00371" HPOS="447" VPOS="3260" WIDTH="30"/>
						<String ID="P7_ST00418" HPOS="477" VPOS="3235" WIDTH="48" HEIGHT="26" CONTENT="zu" WC="0.59" CC="08"/>
						<SP ID="P7_SP00372" HPOS="525" VPOS="3261" WIDTH="30"/>
						<String ID="P7_ST00419" HPOS="555" VPOS="3222" WIDTH="202" HEIGHT="45" CONTENT="kommen," WC="0.98" CC="0569603"/>
						<SP ID="P7_SP00373" HPOS="757" VPOS="3267" WIDTH="31"/>
						<String ID="P7_ST00420" HPOS="788" VPOS="3220" WIDTH="83" HEIGHT="39" CONTENT="und" WC="0.95" CC="760"/>
						<SP ID="P7_SP00374" HPOS="871" VPOS="3267" WIDTH="31"/>
						<String ID="P7_ST00421" HPOS="902" VPOS="3232" WIDTH="42" HEIGHT="27" CONTENT="so" WC="0.81" CC="03"/>
						<SP ID="P7_SP00375" HPOS="944" VPOS="3267" WIDTH="32"/>
						<String ID="P7_ST00422" HPOS="976" VPOS="3220" WIDTH="53" HEIGHT="39" CONTENT="oft" WC="0.97" CC="035"/>
						<SP ID="P7_SP00376" HPOS="1029" VPOS="3267" WIDTH="30"/>
						<String ID="P7_ST00423" HPOS="1059" VPOS="3218" WIDTH="155" HEIGHT="41" CONTENT="solches" WC="0.98" CC="0745660"/>
						<SP ID="P7_SP00377" HPOS="1214" VPOS="3267" WIDTH="37"/>
						<String ID="P7_ST00424" HPOS="1251" VPOS="3215" WIDTH="187" HEIGHT="54" CONTENT="geschah," WC="0.98" CC="90047363"/>
						<SP ID="P7_SP00378" HPOS="1438" VPOS="3269" WIDTH="30"/>
						<String ID="P7_ST00425" HPOS="1468" VPOS="3215" WIDTH="139" HEIGHT="51" CONTENT="spielte" WC="0.98" CC="0046065"/>
						<SP ID="P7_SP00379" HPOS="1607" VPOS="3269" WIDTH="30"/>
						<String ID="P7_ST00426" HPOS="1637" VPOS="3229" WIDTH="42" HEIGHT="26" CONTENT="er" WC="0.78" CC="40"/>
					</TextLine>
					<TextLine ID="P7_TL00048" HPOS="90" VPOS="3277" WIDTH="1588" HEIGHT="60">
						<String ID="P7_ST00427" HPOS="90" VPOS="3284" WIDTH="84" HEIGHT="39" CONTENT="ihm" WC="0.96" CC="630"/>
						<SP ID="P7_SP00380" HPOS="174" VPOS="3323" WIDTH="29"/>
						<String ID="P7_ST00428" HPOS="203" VPOS="3284" WIDTH="71" HEIGHT="39" CONTENT="auf" WC="0.96" CC="064"/>
						<SP ID="P7_SP00381" HPOS="274" VPOS="3323" WIDTH="24"/>
						<String ID="P7_ST00429" HPOS="298" VPOS="3285" WIDTH="71" HEIGHT="38" CONTENT="der" WC="0.99" CC="020"/>
						<SP ID="P7_SP00382" HPOS="369" VPOS="3323" WIDTH="29"/>
						<String ID="P7_ST00430" HPOS="398" VPOS="3283" WIDTH="162" HEIGHT="40" CONTENT="Violine" WC="0.99" CC="0005474"/>
						<SP ID="P7_SP00383" HPOS="560" VPOS="3323" WIDTH="29"/>
						<String ID="P7_ST00431" HPOS="589" VPOS="3283" WIDTH="243" HEIGHT="54" CONTENT="denjenigen" WC="0.99" CC="0703550057"/>
						<SP ID="P7_SP00384" HPOS="832" VPOS="3337" WIDTH="32"/>
						<String ID="P7_ST00432" HPOS="864" VPOS="3282" WIDTH="115" HEIGHT="41" CONTENT="Theil" WC="0.57" CC="76501"/>
						<SP ID="P7_SP00385" HPOS="979" VPOS="3337" WIDTH="30"/>
						<String ID="P7_ST00433" HPOS="1009" VPOS="3295" WIDTH="82" HEIGHT="33" CONTENT="vor," WC="0.98" CC="0604"/>
						<SP ID="P7_SP00386" HPOS="1091" VPOS="3337" WIDTH="31"/>
						<String ID="P7_ST00434" HPOS="1122" VPOS="3281" WIDTH="40" HEIGHT="40" CONTENT="in" WC="0.57" CC="08"/>
						<SP ID="P7_SP00387" HPOS="1162" VPOS="3337" WIDTH="24"/>
						<String ID="P7_ST00435" HPOS="1186" VPOS="3281" WIDTH="195" HEIGHT="39" CONTENT="welchem" WC="0.98" CC="0677750"/>
						<SP ID="P7_SP00388" HPOS="1381" VPOS="3337" WIDTH="30"/>
						<String ID="P7_ST00436" HPOS="1411" VPOS="3278" WIDTH="64" HEIGHT="40" CONTENT="die" WC="1.00" CC="000"/>
						<SP ID="P7_SP00389" HPOS="1475" VPOS="3337" WIDTH="29"/>
						<String ID="P7_ST00437" HPOS="1504" VPOS="3277" WIDTH="174" HEIGHT="51" CONTENT="krätzige" WC="0.99" CC="05000006"/>
					</TextLine>
					<TextLine ID="P7_TL00049" HPOS="91" VPOS="3341" WIDTH="1586" HEIGHT="57">
						<String ID="P7_ST00438" HPOS="91" VPOS="3347" WIDTH="174" HEIGHT="51" CONTENT="Passage" WC="0.99" CC="0020095"/>
						<SP ID="P7_SP00390" HPOS="265" VPOS="3398" WIDTH="28"/>
						<String ID="P7_ST00439" HPOS="293" VPOS="3358" WIDTH="95" HEIGHT="31" CONTENT="war," WC="0.97" CC="9004"/>
						<SP ID="P7_SP00391" HPOS="388" VPOS="3398" WIDTH="29"/>
						<String ID="P7_ST00440" HPOS="417" VPOS="3346" WIDTH="211" HEIGHT="39" CONTENT="unterlicss" WC="0.65" CC="6006445700"/>
						<SP ID="P7_SP00392" HPOS="628" VPOS="3398" WIDTH="29"/>
						<String ID="P7_ST00441" HPOS="657" VPOS="3347" WIDTH="97" HEIGHT="39" CONTENT="aber" WC="0.95" CC="3756"/>
						<SP ID="P7_SP00393" HPOS="754" VPOS="3398" WIDTH="28"/>
						<String ID="P7_ST00442" HPOS="782" VPOS="3346" WIDTH="122" HEIGHT="45" CONTENT="nicht," WC="0.97" CC="801753"/>
						<SP ID="P7_SP00394" HPOS="904" VPOS="3398" WIDTH="30"/>
						<String ID="P7_ST00443" HPOS="934" VPOS="3344" WIDTH="65" HEIGHT="41" CONTENT="bei" WC="0.96" CC="073"/>
						<SP ID="P7_SP00395" HPOS="999" VPOS="3398" WIDTH="22"/>
						<String ID="P7_ST00444" HPOS="1021" VPOS="3345" WIDTH="131" HEIGHT="39" CONTENT="selber" WC="0.97" CC="077761"/>
						<SP ID="P7_SP00396" HPOS="1152" VPOS="3398" WIDTH="25"/>
						<String ID="P7_ST00445" HPOS="1177" VPOS="3343" WIDTH="112" HEIGHT="51" CONTENT="jedes" WC="0.98" CC="06073"/>
						<SP ID="P7_SP00397" HPOS="1289" VPOS="3398" WIDTH="14"/>
						<String ID="P7_ST00446" HPOS="1303" VPOS="3344" WIDTH="81" HEIGHT="39" CONTENT="Mal" WC="0.98" CC="004"/>
						<SP ID="P7_SP00398" HPOS="1384" VPOS="3398" WIDTH="31"/>
						<String ID="P7_ST00447" HPOS="1415" VPOS="3342" WIDTH="90" HEIGHT="38" CONTENT="dem" WC="0.94" CC="970"/>
						<SP ID="P7_SP00399" HPOS="1505" VPOS="3398" WIDTH="23"/>
						<String ID="P7_ST00448" HPOS="1528" VPOS="3341" WIDTH="149" HEIGHT="38" CONTENT="Hunde" WC="0.96" CC="87807"/>
					</TextLine>
					<TextLine ID="P7_TL00050" HPOS="90" VPOS="3404" WIDTH="1587" HEIGHT="56">
						<String ID="P7_ST00449" HPOS="90" VPOS="3408" WIDTH="66" HEIGHT="40" CONTENT="ein" WC="0.96" CC="703"/>
						<SP ID="P7_SP00400" HPOS="156" VPOS="3448" WIDTH="29"/>
						<String ID="P7_ST00450" HPOS="185" VPOS="3421" WIDTH="96" HEIGHT="39" CONTENT="paar" WC="0.99" CC="0003"/>
						<SP ID="P7_SP00401" HPOS="281" VPOS="3460" WIDTH="28"/>
						<String ID="P7_ST00451" HPOS="309" VPOS="3409" WIDTH="133" HEIGHT="39" CONTENT="Hiebe" WC="0.97" CC="10676"/>
						<SP ID="P7_SP00402" HPOS="442" VPOS="3460" WIDTH="30"/>
						<String ID="P7_ST00452" HPOS="472" VPOS="3408" WIDTH="70" HEIGHT="39" CONTENT="mit" WC="1.00" CC="000"/>
						<SP ID="P7_SP00403" HPOS="542" VPOS="3460" WIDTH="31"/>
						<String ID="P7_ST00453" HPOS="573" VPOS="3410" WIDTH="91" HEIGHT="38" CONTENT="dem" WC="0.98" CC="050"/>
						<SP ID="P7_SP00404" HPOS="664" VPOS="3460" WIDTH="31"/>
						<String ID="P7_ST00454" HPOS="695" VPOS="3410" WIDTH="142" HEIGHT="38" CONTENT="Stocke" WC="0.99" CC="004004"/>
						<SP ID="P7_SP00405" HPOS="837" VPOS="3460" WIDTH="32"/>
						<String ID="P7_ST00455" HPOS="869" VPOS="3421" WIDTH="47" HEIGHT="26" CONTENT="zu" WC="0.76" CC="04"/>
						<SP ID="P7_SP00406" HPOS="916" VPOS="3460" WIDTH="30"/>
						<String ID="P7_ST00456" HPOS="946" VPOS="3408" WIDTH="143" HEIGHT="51" CONTENT="geben." WC="0.97" CC="057753"/>
						<SP ID="P7_SP00407" HPOS="1089" VPOS="3460" WIDTH="34"/>
						<String ID="P7_ST00457" HPOS="1123" VPOS="3408" WIDTH="78" HEIGHT="38" CONTENT="Der" WC="0.92" CC="749"/>
						<SP ID="P7_SP00408" HPOS="1201" VPOS="3460" WIDTH="29"/>
						<String ID="P7_ST00458" HPOS="1230" VPOS="3405" WIDTH="292" HEIGHT="41" CONTENT="aufmerksame" WC="0.99" CC="44000990500"/>
						<SP ID="P7_SP00409" HPOS="1522" VPOS="3460" WIDTH="29"/>
						<String ID="P7_ST00459" HPOS="1551" VPOS="3404" WIDTH="126" HEIGHT="38" CONTENT="Hund" WC="0.95" CC="7880"/>
					</TextLine>
					<TextLine ID="P7_TL00051" HPOS="90" VPOS="3466" WIDTH="1587" HEIGHT="56">
						<String ID="P7_ST00460" HPOS="90" VPOS="3472" WIDTH="93" HEIGHT="39" CONTENT="kam" WC="1.00" CC="000"/>
						<SP ID="P7_SP00410" HPOS="183" VPOS="3511" WIDTH="30"/>
						<String ID="P7_ST00461" HPOS="213" VPOS="3471" WIDTH="126" HEIGHT="40" CONTENT="durch" WC="0.98" CC="06050"/>
						<SP ID="P7_SP00411" HPOS="339" VPOS="3511" WIDTH="30"/>
						<String ID="P7_ST00462" HPOS="369" VPOS="3471" WIDTH="108" HEIGHT="39" CONTENT="diese" WC="0.98" CC="00605"/>
						<SP ID="P7_SP00412" HPOS="477" VPOS="3511" WIDTH="30"/>
						<String ID="P7_ST00463" HPOS="507" VPOS="3471" WIDTH="173" HEIGHT="51" CONTENT="Uebung" WC="0.23" CC="477789"/>
						<SP ID="P7_SP00413" HPOS="680" VPOS="3522" WIDTH="29"/>
						<String ID="P7_ST00464" HPOS="709" VPOS="3471" WIDTH="41" HEIGHT="39" CONTENT="in" WC="0.47" CC="28"/>
						<SP ID="P7_SP00414" HPOS="750" VPOS="3522" WIDTH="29"/>
						<String ID="P7_ST00465" HPOS="779" VPOS="3472" WIDTH="179" HEIGHT="38" CONTENT="Kurzem" WC="0.98" CC="449070"/>
						<SP ID="P7_SP00415" HPOS="958" VPOS="3522" WIDTH="43"/>
						<String ID="P7_ST00466" HPOS="1001" VPOS="3482" WIDTH="43" HEIGHT="26" CONTENT="so" WC="0.28" CC="85"/>
						<SP ID="P7_SP00416" HPOS="1044" VPOS="3522" WIDTH="41"/>
						<String ID="P7_ST00467" HPOS="1085" VPOS="3469" WIDTH="102" HEIGHT="46" CONTENT="weit," WC="0.99" CC="03003"/>
						<SP ID="P7_SP00417" HPOS="1187" VPOS="3522" WIDTH="39"/>
						<String ID="P7_ST00468" HPOS="1226" VPOS="3468" WIDTH="90" HEIGHT="39" CONTENT="dass" WC="0.80" CC="0205"/>
						<SP ID="P7_SP00418" HPOS="1316" VPOS="3522" WIDTH="41"/>
						<String ID="P7_ST00469" HPOS="1357" VPOS="3480" WIDTH="42" HEIGHT="27" CONTENT="er" WC="0.81" CC="30"/>
						<SP ID="P7_SP00419" HPOS="1399" VPOS="3522" WIDTH="40"/>
						<String ID="P7_ST00470" HPOS="1439" VPOS="3467" WIDTH="114" HEIGHT="51" CONTENT="jedes" WC="0.99" CC="04050"/>
						<SP ID="P7_SP00420" HPOS="1553" VPOS="3522" WIDTH="28"/>
						<String ID="P7_ST00471" HPOS="1581" VPOS="3466" WIDTH="82" HEIGHT="40" CONTENT="Mal" WC="0.81" CC="050"/>
						<String ID="P7_ST00472" HPOS="1667" VPOS="3506" WIDTH="10" HEIGHT="16" CONTENT="?" STYLE="subscript" WC="0.24" CC="7"/>
					</TextLine>
					<TextLine ID="P7_TL00052" HPOS="89" VPOS="3530" WIDTH="1588" HEIGHT="56">
						<String ID="P7_ST00473" HPOS="89" VPOS="3547" WIDTH="119" HEIGHT="27" CONTENT="wenn" WC="0.94" CC="9565"/>
						<SP ID="P7_SP00421" HPOS="208" VPOS="3574" WIDTH="29"/>
						<String ID="P7_ST00474" HPOS="237" VPOS="3535" WIDTH="64" HEIGHT="39" CONTENT="die" WC="1.00" CC="000"/>
						<SP ID="P7_SP00422" HPOS="301" VPOS="3574" WIDTH="29"/>
						<String ID="P7_ST00475" HPOS="330" VPOS="3535" WIDTH="171" HEIGHT="51" CONTENT="Passage" WC="0.99" CC="0002705"/>
						<SP ID="P7_SP00423" HPOS="501" VPOS="3586" WIDTH="28"/>
						<String ID="P7_ST00476" HPOS="529" VPOS="3533" WIDTH="106" HEIGHT="47" CONTENT="kam," WC="0.98" CC="0504"/>
						<SP ID="P7_SP00424" HPOS="635" VPOS="3586" WIDTH="24"/>
						<String ID="P7_ST00477" HPOS="659" VPOS="3533" WIDTH="254" HEIGHT="51" CONTENT="jämmerlich" WC="0.99" CC="0900415004"/>
						<SP ID="P7_SP00425" HPOS="913" VPOS="3586" WIDTH="30"/>
						<String ID="P7_ST00478" HPOS="943" VPOS="3546" WIDTH="47" HEIGHT="26" CONTENT="zu" WC="0.56" CC="16"/>
						<SP ID="P7_SP00426" HPOS="990" VPOS="3586" WIDTH="24"/>
						<String ID="P7_ST00479" HPOS="1014" VPOS="3532" WIDTH="144" HEIGHT="40" CONTENT="heulen" WC="0.97" CC="566808"/>
						<SP ID="P7_SP00427" HPOS="1158" VPOS="3586" WIDTH="32"/>
						<String ID="P7_ST00480" HPOS="1190" VPOS="3532" WIDTH="147" HEIGHT="50" CONTENT="anfing," WC="0.97" CC="0844794"/>
						<SP ID="P7_SP00428" HPOS="1337" VPOS="3586" WIDTH="30"/>
						<String ID="P7_ST00481" HPOS="1367" VPOS="3530" WIDTH="82" HEIGHT="39" CONTENT="und" WC="0.95" CC="570"/>
						<SP ID="P7_SP00429" HPOS="1449" VPOS="3586" WIDTH="31"/>
						<String ID="P7_ST00482" HPOS="1480" VPOS="3530" WIDTH="84" HEIGHT="38" CONTENT="dies" WC="0.98" CC="0460"/>
						<SP ID="P7_SP00430" HPOS="1564" VPOS="3586" WIDTH="29"/>
						<String ID="P7_ST00483" HPOS="1593" VPOS="3542" WIDTH="84" HEIGHT="26" CONTENT="war" WC="0.96" CC="083"/>
					</TextLine>
					<TextLine ID="P7_TL00053" HPOS="90" VPOS="3592" WIDTH="1581" HEIGHT="56">
						<String ID="P7_ST00484" HPOS="90" VPOS="3609" WIDTH="54" HEIGHT="36" CONTENT="es," WC="0.93" CC="664"/>
						<SP ID="P7_SP00431" HPOS="144" VPOS="3645" WIDTH="30"/>
						<String ID="P7_ST00485" HPOS="174" VPOS="3610" WIDTH="81" HEIGHT="28" CONTENT="was" WC="1.00" CC="000"/>
						<SP ID="P7_SP00432" HPOS="255" VPOS="3645" WIDTH="30"/>
						<String ID="P7_ST00486" HPOS="285" VPOS="3597" WIDTH="248" HEIGHT="51" CONTENT="Kirnberger" WC="0.72" CC="0040755050"/>
						<SP ID="P7_SP00433" HPOS="533" VPOS="3648" WIDTH="29"/>
						<String ID="P7_ST00487" HPOS="562" VPOS="3595" WIDTH="219" HEIGHT="40" CONTENT="wünschte." WC="0.99" CC="007003453"/>
						<SP ID="P7_SP00434" HPOS="781" VPOS="3648" WIDTH="57"/>
						<String ID="P7_ST00488" HPOS="838" VPOS="3596" WIDTH="72" HEIGHT="38" CONTENT="Als" WC="0.97" CC="070"/>
						<SP ID="P7_SP00435" HPOS="910" VPOS="3648" WIDTH="38"/>
						<String ID="P7_ST00489" HPOS="948" VPOS="3595" WIDTH="131" HEIGHT="40" CONTENT="dieser" WC="0.98" CC="000059"/>
						<SP ID="P7_SP00436" HPOS="1079" VPOS="3648" WIDTH="40"/>
						<String ID="P7_ST00490" HPOS="1119" VPOS="3607" WIDTH="84" HEIGHT="26" CONTENT="nun" WC="0.95" CC="058"/>
						<SP ID="P7_SP00437" HPOS="1203" VPOS="3648" WIDTH="46"/>
						<String ID="P7_ST00491" HPOS="1249" VPOS="3593" WIDTH="107" HEIGHT="40" CONTENT="eines" WC="0.97" CC="60860"/>
						<SP ID="P7_SP00438" HPOS="1356" VPOS="3648" WIDTH="31"/>
						<String ID="P7_ST00492" HPOS="1387" VPOS="3593" WIDTH="129" HEIGHT="52" CONTENT="Tages" WC="0.97" CC="95040"/>
						<SP ID="P7_SP00439" HPOS="1516" VPOS="3648" WIDTH="30"/>
						<String ID="P7_ST00493" HPOS="1546" VPOS="3592" WIDTH="125" HEIGHT="39" CONTENT="durch" WC="0.96" CC="08962"/>
					</TextLine>
					<TextLine ID="P7_TL00054" HPOS="90" VPOS="3654" WIDTH="1581" HEIGHT="56">
						<String ID="P7_ST00494" HPOS="90" VPOS="3660" WIDTH="118" HEIGHT="41" CONTENT="einen" WC="0.96" CC="63656"/>
						<SP ID="P7_SP00440" HPOS="208" VPOS="3701" WIDTH="48"/>
						<String ID="P7_ST00495" HPOS="256" VPOS="3660" WIDTH="132" HEIGHT="40" CONTENT="seiner" WC="0.97" CC="074666"/>
						<SP ID="P7_SP00441" HPOS="388" VPOS="3701" WIDTH="38"/>
						<String ID="P7_ST00496" HPOS="426" VPOS="3659" WIDTH="148" HEIGHT="51" CONTENT="Spione" WC="0.98" CC="601087"/>
						<SP ID="P7_SP00442" HPOS="574" VPOS="3710" WIDTH="39"/>
						<String ID="P7_ST00497" HPOS="613" VPOS="3657" WIDTH="149" HEIGHT="47" CONTENT="erfuhr," WC="0.98" CC="7700604"/>
						<SP ID="P7_SP00443" HPOS="762" VPOS="3710" WIDTH="39"/>
						<String ID="P7_ST00498" HPOS="801" VPOS="3658" WIDTH="89" HEIGHT="39" CONTENT="dass" WC="1.00" CC="0000"/>
						<SP ID="P7_SP00444" HPOS="890" VPOS="3710" WIDTH="40"/>
						<String ID="P7_ST00499" HPOS="930" VPOS="3656" WIDTH="267" HEIGHT="51" CONTENT="Kosolowsky" WC="0.72" CC="0305500290"/>
						<SP ID="P7_SP00445" HPOS="1197" VPOS="3710" WIDTH="49"/>
						<String ID="P7_ST00500" HPOS="1246" VPOS="3655" WIDTH="84" HEIGHT="40" CONTENT="sein" WC="0.97" CC="0607"/>
						<SP ID="P7_SP00446" HPOS="1330" VPOS="3710" WIDTH="44"/>
						<String ID="P7_ST00501" HPOS="1374" VPOS="3654" WIDTH="297" HEIGHT="41" CONTENT="verwünschtes" WC="1.00" CC="050007033400"/>
					</TextLine>
					<TextLine ID="P7_TL00055" HPOS="90" VPOS="3718" WIDTH="1580" HEIGHT="57">
						<String ID="P7_ST00502" HPOS="90" VPOS="3723" WIDTH="170" HEIGHT="41" CONTENT="Concert" WC="0.52" CC="5600847"/>
						<SP ID="P7_SP00447" HPOS="260" VPOS="3764" WIDTH="30"/>
						<String ID="P7_ST00503" HPOS="290" VPOS="3723" WIDTH="153" HEIGHT="52" CONTENT="spielen" WC="0.98" CC="0004557"/>
						<SP ID="P7_SP00448" HPOS="443" VPOS="3775" WIDTH="31"/>
						<String ID="P7_ST00504" HPOS="474" VPOS="3722" WIDTH="142" HEIGHT="45" CONTENT="wollte," WC="0.98" CC="0637054"/>
						<SP ID="P7_SP00449" HPOS="616" VPOS="3775" WIDTH="39"/>
						<String ID="P7_ST00505" HPOS="655" VPOS="3732" WIDTH="42" HEIGHT="28" CONTENT="so" WC="0.71" CC="05"/>
						<SP ID="P7_SP00450" HPOS="697" VPOS="3775" WIDTH="30"/>
						<String ID="P7_ST00506" HPOS="727" VPOS="3720" WIDTH="277" HEIGHT="40" CONTENT="veranstaltete" WC="0.99" CC="0530710134495"/>
						<SP ID="P7_SP00451" HPOS="1004" VPOS="3775" WIDTH="45"/>
						<String ID="P7_ST00507" HPOS="1049" VPOS="3734" WIDTH="42" HEIGHT="26" CONTENT="er" WC="0.28" CC="77"/>
						<SP ID="P7_SP00452" HPOS="1091" VPOS="3775" WIDTH="39"/>
						<String ID="P7_ST00508" HPOS="1130" VPOS="3720" WIDTH="126" HEIGHT="39" CONTENT="durch" WC="0.96" CC="97326"/>
						<SP ID="P7_SP00453" HPOS="1256" VPOS="3775" WIDTH="44"/>
						<String ID="P7_ST00509" HPOS="1300" VPOS="3718" WIDTH="119" HEIGHT="40" CONTENT="einen" WC="0.97" CC="00866"/>
						<SP ID="P7_SP00454" HPOS="1419" VPOS="3775" WIDTH="29"/>
						<String ID="P7_ST00510" HPOS="1448" VPOS="3718" WIDTH="222" HEIGHT="40" CONTENT="Bedienten" WC="0.98" CC="930378028"/>
					</TextLine>
					<TextLine ID="P7_TL00056" HPOS="90" VPOS="3780" WIDTH="1581" HEIGHT="54">
						<String ID="P7_ST00511" HPOS="90" VPOS="3787" WIDTH="70" HEIGHT="39" CONTENT="des" WC="0.97" CC="060"/>
						<SP ID="P7_SP00455" HPOS="160" VPOS="3826" WIDTH="29"/>
						<String ID="P7_ST00512" HPOS="189" VPOS="3787" WIDTH="183" HEIGHT="47" CONTENT="Fürsten," WC="0.99" CC="18000061"/>
						<SP ID="P7_SP00456" HPOS="372" VPOS="3834" WIDTH="29"/>
						<String ID="P7_ST00513" HPOS="401" VPOS="3786" WIDTH="90" HEIGHT="39" CONTENT="dass" WC="1.00" CC="0000"/>
						<SP ID="P7_SP00457" HPOS="491" VPOS="3834" WIDTH="18"/>
						<String ID="P7_ST00514" HPOS="509" VPOS="3786" WIDTH="71" HEIGHT="40" CONTENT="der" WC="0.99" CC="030"/>
						<SP ID="P7_SP00458" HPOS="580" VPOS="3834" WIDTH="16"/>
						<String ID="P7_ST00515" HPOS="596" VPOS="3782" WIDTH="126" HEIGHT="40" CONTENT="Hund" WC="0.96" CC="7660"/>
						<SP ID="P7_SP00459" HPOS="722" VPOS="3834" WIDTH="29"/>
						<String ID="P7_ST00516" HPOS="751" VPOS="3782" WIDTH="39" HEIGHT="39" CONTENT="in" WC="0.50" CC="18"/>
						<SP ID="P7_SP00460" HPOS="790" VPOS="3834" WIDTH="31"/>
						<String ID="P7_ST00517" HPOS="821" VPOS="3782" WIDTH="78" HEIGHT="38" CONTENT="den" WC="0.95" CC="067"/>
						<SP ID="P7_SP00461" HPOS="899" VPOS="3834" WIDTH="23"/>
						<String ID="P7_ST00518" HPOS="922" VPOS="3782" WIDTH="255" HEIGHT="39" CONTENT="Concertsaal" WC="0.49" CC="06857780046"/>
						<SP ID="P7_SP00462" HPOS="1177" VPOS="3834" WIDTH="30"/>
						<String ID="P7_ST00519" HPOS="1207" VPOS="3781" WIDTH="323" HEIGHT="52" CONTENT="hineingelassen" WC="0.99" CC="60205704210057"/>
						<SP ID="P7_SP00463" HPOS="1530" VPOS="3834" WIDTH="19"/>
						<String ID="P7_ST00520" HPOS="1549" VPOS="3780" WIDTH="122" HEIGHT="39" CONTENT="ward." WC="0.98" CC="00704"/>
					</TextLine>
					<TextLine ID="P7_TL00057" HPOS="90" VPOS="3843" WIDTH="1581" HEIGHT="49">
						<String ID="P7_ST00521" HPOS="90" VPOS="3849" WIDTH="266" HEIGHT="39" CONTENT="Kosolowskv" WC="0.74" CC="0400650009"/>
						<SP ID="P7_SP00464" HPOS="356" VPOS="3888" WIDTH="28"/>
						<String ID="P7_ST00522" HPOS="384" VPOS="3850" WIDTH="102" HEIGHT="42" CONTENT="legte" WC="0.96" CC="67742"/>
						<SP ID="P7_SP00465" HPOS="486" VPOS="3892" WIDTH="30"/>
						<String ID="P7_ST00523" HPOS="516" VPOS="3847" WIDTH="84" HEIGHT="40" CONTENT="sein" WC="0.97" CC="0705"/>
						<SP ID="P7_SP00466" HPOS="600" VPOS="3892" WIDTH="31"/>
						<String ID="P7_ST00524" HPOS="631" VPOS="3845" WIDTH="169" HEIGHT="41" CONTENT="Concert" WC="0.55" CC="6764600"/>
						<SP ID="P7_SP00467" HPOS="800" VPOS="3892" WIDTH="28"/>
						<String ID="P7_ST00525" HPOS="828" VPOS="3843" WIDTH="78" HEIGHT="46" CONTENT="auf," WC="0.96" CC="4704"/>
						<SP ID="P7_SP00468" HPOS="906" VPOS="3892" WIDTH="43"/>
						<String ID="P7_ST00526" HPOS="949" VPOS="3845" WIDTH="84" HEIGHT="37" CONTENT="und" WC="0.94" CC="770"/>
						<SP ID="P7_SP00469" HPOS="1033" VPOS="3892" WIDTH="30"/>
						<String ID="P7_ST00527" HPOS="1063" VPOS="3845" WIDTH="57" HEIGHT="38" CONTENT="als" WC="0.98" CC="050"/>
						<SP ID="P7_SP00470" HPOS="1120" VPOS="3892" WIDTH="46"/>
						<String ID="P7_ST00528" HPOS="1166" VPOS="3857" WIDTH="42" HEIGHT="27" CONTENT="er" WC="0.72" CC="50"/>
						<SP ID="P7_SP00471" HPOS="1208" VPOS="3892" WIDTH="30"/>
						<String ID="P7_ST00529" HPOS="1238" VPOS="3857" WIDTH="50" HEIGHT="27" CONTENT="an" WC="0.64" CC="07"/>
						<SP ID="P7_SP00472" HPOS="1288" VPOS="3892" WIDTH="29"/>
						<String ID="P7_ST00530" HPOS="1317" VPOS="3845" WIDTH="64" HEIGHT="38" CONTENT="die" WC="0.97" CC="006"/>
						<SP ID="P7_SP00473" HPOS="1381" VPOS="3892" WIDTH="28"/>
						<String ID="P7_ST00531" HPOS="1409" VPOS="3843" WIDTH="262" HEIGHT="40" CONTENT="verzweifelte" WC="1.00" CC="050000007302"/>
					</TextLine>
					<TextLine ID="P7_TL00058" HPOS="333" VPOS="3884" WIDTH="112" HEIGHT="16">
						<String ID="P7_ST00532" HPOS="333" VPOS="3884" WIDTH="13" HEIGHT="16" CONTENT="J" WC="0.02" CC="9" STYLEREFS="TXT_4"/>
						<SP ID="P7_SP00474" HPOS="346" VPOS="3900" WIDTH="76"/>
						<String ID="P7_ST00533" HPOS="422" VPOS="3884" WIDTH="23" HEIGHT="16" CONTENT="O" WC="1.00" CC="9" STYLEREFS="TXT_4"/>
					</TextLine>
					<TextLine ID="P7_TL00059" HPOS="87" VPOS="3904" WIDTH="1584" HEIGHT="59">
						<String ID="P7_ST00534" HPOS="87" VPOS="3910" WIDTH="175" HEIGHT="53" CONTENT="Passage" WC="0.98" CC="7060061"/>
						<SP ID="P7_SP00475" HPOS="262" VPOS="3963" WIDTH="28"/>
						<String ID="P7_ST00535" HPOS="290" VPOS="3911" WIDTH="106" HEIGHT="47" CONTENT="kam," WC="0.98" CC="2050"/>
						<SP ID="P7_SP00476" HPOS="396" VPOS="3963" WIDTH="30"/>
						<String ID="P7_ST00536" HPOS="426" VPOS="3911" WIDTH="125" HEIGHT="40" CONTENT="erhob" WC="0.97" CC="42077"/>
						<SP ID="P7_SP00477" HPOS="551" VPOS="3963" WIDTH="30"/>
						<String ID="P7_ST00537" HPOS="581" VPOS="3910" WIDTH="71" HEIGHT="39" CONTENT="der" WC="0.91" CC="975"/>
						<SP ID="P7_SP00478" HPOS="652" VPOS="3963" WIDTH="16"/>
						<String ID="P7_ST00538" HPOS="668" VPOS="3907" WIDTH="125" HEIGHT="42" CONTENT="Hund" WC="0.98" CC="0503"/>
						<SP ID="P7_SP00479" HPOS="793" VPOS="3963" WIDTH="28"/>
						<String ID="P7_ST00539" HPOS="821" VPOS="3906" WIDTH="71" HEIGHT="41" CONTENT="mit" WC="0.97" CC="430"/>
						<SP ID="P7_SP00480" HPOS="892" VPOS="3963" WIDTH="16"/>
						<String ID="P7_ST00540" HPOS="908" VPOS="3905" WIDTH="146" HEIGHT="41" CONTENT="Einem" WC="0.98" CC="20660"/>
						<SP ID="P7_SP00481" HPOS="1054" VPOS="3963" WIDTH="22"/>
						<String ID="P7_ST00541" HPOS="1076" VPOS="3907" WIDTH="106" HEIGHT="39" CONTENT="Male" WC="0.97" CC="1056"/>
						<SP ID="P7_SP00482" HPOS="1182" VPOS="3963" WIDTH="29"/>
						<String ID="P7_ST00542" HPOS="1211" VPOS="3906" WIDTH="65" HEIGHT="41" CONTENT="ein" WC="0.98" CC="600"/>
						<SP ID="P7_SP00483" HPOS="1276" VPOS="3963" WIDTH="29"/>
						<String ID="P7_ST00543" HPOS="1305" VPOS="3919" WIDTH="43" HEIGHT="27" CONTENT="so" WC="0.69" CC="06"/>
						<SP ID="P7_SP00484" HPOS="1348" VPOS="3963" WIDTH="26"/>
						<String ID="P7_ST00544" HPOS="1374" VPOS="3904" WIDTH="297" HEIGHT="54" CONTENT="jämmerliches" WC="1.00" CC="061100000503"/>
					</TextLine>
					<TextLine ID="P7_TL00060" HPOS="90" VPOS="3966" WIDTH="1577" HEIGHT="60">
						<String ID="P7_ST00545" HPOS="90" VPOS="3974" WIDTH="205" HEIGHT="48" CONTENT="Geschrei," WC="0.99" CC="601007600"/>
						<SP ID="P7_SP00485" HPOS="295" VPOS="4022" WIDTH="31"/>
						<String ID="P7_ST00546" HPOS="326" VPOS="3974" WIDTH="89" HEIGHT="40" CONTENT="dass" WC="0.49" CC="9064"/>
						<SP ID="P7_SP00486" HPOS="415" VPOS="4022" WIDTH="29"/>
						<String ID="P7_ST00547" HPOS="444" VPOS="3974" WIDTH="65" HEIGHT="40" CONTENT="die" WC="0.97" CC="034"/>
						<SP ID="P7_SP00487" HPOS="509" VPOS="4022" WIDTH="29"/>
						<String ID="P7_ST00548" HPOS="538" VPOS="3986" WIDTH="123" HEIGHT="40" CONTENT="ganze" WC="0.96" CC="41777"/>
						<SP ID="P7_SP00488" HPOS="661" VPOS="4026" WIDTH="31"/>
						<String ID="P7_ST00549" HPOS="692" VPOS="3971" WIDTH="160" HEIGHT="52" CONTENT="Capelle" WC="0.97" CC="5677507"/>
						<SP ID="P7_SP00489" HPOS="852" VPOS="4026" WIDTH="37"/>
						<String ID="P7_ST00550" HPOS="889" VPOS="3968" WIDTH="77" HEIGHT="42" CONTENT="irre" WC="0.98" CC="0900"/>
						<SP ID="P7_SP00490" HPOS="966" VPOS="4026" WIDTH="43"/>
						<String ID="P7_ST00551" HPOS="1009" VPOS="3970" WIDTH="184" HEIGHT="49" CONTENT="gemacht" WC="0.99" CC="0790000"/>
						<SP ID="P7_SP00491" HPOS="1193" VPOS="4026" WIDTH="37"/>
						<String ID="P7_ST00552" HPOS="1230" VPOS="3970" WIDTH="112" HEIGHT="39" CONTENT="ward" WC="0.98" CC="4330"/>
						<SP ID="P7_SP00492" HPOS="1342" VPOS="4026" WIDTH="37"/>
						<String ID="P7_ST00553" HPOS="1379" VPOS="3966" WIDTH="85" HEIGHT="42" CONTENT="und" WC="0.94" CC="238"/>
						<SP ID="P7_SP00493" HPOS="1464" VPOS="4026" WIDTH="34"/>
						<String ID="P7_ST00554" HPOS="1498" VPOS="3968" WIDTH="64" HEIGHT="40" CONTENT="die" WC="0.97" CC="053"/>
						<SP ID="P7_SP00494" HPOS="1562" VPOS="4026" WIDTH="42"/>
						<String ID="P7_ST00555" HPOS="1604" VPOS="3968" WIDTH="42" HEIGHT="39" CONTENT="In" SUBS_TYPE="HypPart1" SUBS_CONTENT="Instrumente" WC="0.95" CC="75"/>
						<HYP HPOS="1646" VPOS="3968" WIDTH="21" CONTENT="-"/>
					</TextLine>
					<TextLine ID="P7_TL00061" HPOS="91" VPOS="4031" WIDTH="1579" HEIGHT="57">
						<String ID="P7_ST00556" HPOS="91" VPOS="4042" WIDTH="220" HEIGHT="34" CONTENT="strumente" SUBS_TYPE="HypPart2" SUBS_CONTENT="Instrumente" WC="0.98" CC="060885502"/>
						<SP ID="P7_SP00495" HPOS="311" VPOS="4076" WIDTH="30"/>
						<String ID="P7_ST00557" HPOS="341" VPOS="4037" WIDTH="257" HEIGHT="51" CONTENT="niederlegte." WC="0.99" CC="800044000602"/>
						<SP ID="P7_SP00496" HPOS="598" VPOS="4088" WIDTH="29"/>
						<String ID="P7_ST00558" HPOS="627" VPOS="4036" WIDTH="82" HEIGHT="38" CONTENT="Der" WC="0.93" CC="774"/>
						<SP ID="P7_SP00497" HPOS="709" VPOS="4088" WIDTH="28"/>
						<String ID="P7_ST00559" HPOS="737" VPOS="4034" WIDTH="119" HEIGHT="40" CONTENT="Fürst" WC="0.99" CC="50040"/>
						<SP ID="P7_SP00498" HPOS="856" VPOS="4088" WIDTH="27"/>
						<String ID="P7_ST00560" HPOS="883" VPOS="4031" WIDTH="91" HEIGHT="40" CONTENT="Hess" WC="0.96" CC="8350"/>
						<SP ID="P7_SP00499" HPOS="974" VPOS="4088" WIDTH="30"/>
						<String ID="P7_ST00561" HPOS="1004" VPOS="4031" WIDTH="69" HEIGHT="38" CONTENT="das" WC="0.98" CC="004"/>
						<SP ID="P7_SP00500" HPOS="1073" VPOS="4088" WIDTH="30"/>
						<String ID="P7_ST00562" HPOS="1103" VPOS="4031" WIDTH="170" HEIGHT="39" CONTENT="Concert" WC="0.81" CC="4000504"/>
						<SP ID="P7_SP00501" HPOS="1273" VPOS="4088" WIDTH="38"/>
						<String ID="P7_ST00563" HPOS="1311" VPOS="4043" WIDTH="78" HEIGHT="28" CONTENT="von" WC="0.94" CC="258"/>
						<SP ID="P7_SP00502" HPOS="1389" VPOS="4088" WIDTH="29"/>
						<String ID="P7_ST00564" HPOS="1418" VPOS="4031" WIDTH="154" HEIGHT="39" CONTENT="Neuem" WC="0.96" CC="76770"/>
						<SP ID="P7_SP00503" HPOS="1572" VPOS="4088" WIDTH="30"/>
						<String ID="P7_ST00565" HPOS="1602" VPOS="4031" WIDTH="46" HEIGHT="39" CONTENT="be" SUBS_TYPE="HypPart1" SUBS_CONTENT="beg'nnen" WC="0.49" CC="77"/>
						<HYP HPOS="1648" VPOS="4031" WIDTH="22" CONTENT="-"/>
					</TextLine>
					<TextLine ID="P7_TL00062" HPOS="90" VPOS="4093" WIDTH="1582" HEIGHT="58">
						<String ID="P7_ST00566" HPOS="90" VPOS="4101" WIDTH="151" HEIGHT="50" CONTENT="g'nnen" SUBS_TYPE="HypPart2" SUBS_CONTENT="beg'nnen" WC="0.43" CC="128767"/>
						<SP ID="P7_SP00504" HPOS="241" VPOS="4151" WIDTH="29"/>
						<String ID="P7_ST00567" HPOS="270" VPOS="4101" WIDTH="83" HEIGHT="38" CONTENT="und" WC="0.96" CC="470"/>
						<SP ID="P7_SP00505" HPOS="353" VPOS="4151" WIDTH="30"/>
						<String ID="P7_ST00568" HPOS="383" VPOS="4101" WIDTH="71" HEIGHT="39" CONTENT="der" WC="0.96" CC="054"/>
						<SP ID="P7_SP00506" HPOS="454" VPOS="4151" WIDTH="28"/>
						<String ID="P7_ST00569" HPOS="482" VPOS="4099" WIDTH="126" HEIGHT="40" CONTENT="Hund" WC="0.97" CC="2540"/>
						<SP ID="P7_SP00507" HPOS="608" VPOS="4151" WIDTH="32"/>
						<String ID="P7_ST00570" HPOS="640" VPOS="4099" WIDTH="81" HEIGHT="50" CONTENT="fing" WC="0.99" CC="1130"/>
						<SP ID="P7_SP00508" HPOS="721" VPOS="4151" WIDTH="29"/>
						<String ID="P7_ST00571" HPOS="750" VPOS="4095" WIDTH="65" HEIGHT="42" CONTENT="bei" WC="0.95" CC="750"/>
						<SP ID="P7_SP00509" HPOS="815" VPOS="4151" WIDTH="30"/>
						<String ID="P7_ST00572" HPOS="845" VPOS="4095" WIDTH="70" HEIGHT="40" CONTENT="der" WC="0.98" CC="060"/>
						<SP ID="P7_SP00510" HPOS="915" VPOS="4151" WIDTH="28"/>
						<String ID="P7_ST00573" HPOS="943" VPOS="4094" WIDTH="170" HEIGHT="51" CONTENT="Passage" WC="0.97" CC="7309796"/>
						<SP ID="P7_SP00511" HPOS="1113" VPOS="4151" WIDTH="44"/>
						<String ID="P7_ST00574" HPOS="1157" VPOS="4106" WIDTH="77" HEIGHT="26" CONTENT="von" WC="0.95" CC="607"/>
						<SP ID="P7_SP00512" HPOS="1234" VPOS="4151" WIDTH="29"/>
						<String ID="P7_ST00575" HPOS="1263" VPOS="4093" WIDTH="156" HEIGHT="41" CONTENT="Neuem" WC="0.98" CC="50060"/>
						<SP ID="P7_SP00513" HPOS="1419" VPOS="4151" WIDTH="31"/>
						<String ID="P7_ST00576" HPOS="1450" VPOS="4107" WIDTH="56" HEIGHT="33" CONTENT="zu," WC="0.93" CC="774"/>
						<SP ID="P7_SP00514" HPOS="1506" VPOS="4151" WIDTH="20"/>
						<String ID="P7_ST00577" HPOS="1526" VPOS="4093" WIDTH="146" HEIGHT="41" CONTENT="heulen" WC="0.98" CC="070336"/>
					</TextLine>
					<TextLine ID="P7_TL00063" HPOS="95" VPOS="4154" WIDTH="1576" HEIGHT="57">
						<String ID="P7_ST00578" HPOS="95" VPOS="4154" WIDTH="58" HEIGHT="52" CONTENT="de." WC="0.94" CC="860" STYLEREFS="TXT_3"/>
						<SP ID="P7_SP00515" HPOS="153" VPOS="4206" WIDTH="56"/>
						<String ID="P7_ST00579" HPOS="209" VPOS="4163" WIDTH="118" HEIGHT="48" CONTENT="„Nun" WC="0.97" CC="0056"/>
						<SP ID="P7_SP00516" HPOS="327" VPOS="4211" WIDTH="31"/>
						<String ID="P7_ST00580" HPOS="358" VPOS="4161" WIDTH="162" HEIGHT="41" CONTENT="werden" WC="0.98" CC="731045"/>
						<SP ID="P7_SP00517" HPOS="520" VPOS="4211" WIDTH="29"/>
						<String ID="P7_ST00581" HPOS="549" VPOS="4160" WIDTH="66" HEIGHT="41" CONTENT="Sie" WC="0.95" CC="605"/>
						<SP ID="P7_SP00518" HPOS="615" VPOS="4211" WIDTH="30"/>
						<String ID="P7_ST00582" HPOS="645" VPOS="4172" WIDTH="40" HEIGHT="29" CONTENT="es" WC="0.54" CC="62"/>
						<SP ID="P7_SP00519" HPOS="685" VPOS="4211" WIDTH="31"/>
						<String ID="P7_ST00583" HPOS="716" VPOS="4159" WIDTH="103" HEIGHT="41" CONTENT="doch" WC="0.98" CC="0261"/>
						<SP ID="P7_SP00520" HPOS="819" VPOS="4211" WIDTH="38"/>
						<String ID="P7_ST00584" HPOS="857" VPOS="4156" WIDTH="105" HEIGHT="41" CONTENT="wohl" WC="0.95" CC="4666"/>
						<SP ID="P7_SP00521" HPOS="962" VPOS="4211" WIDTH="43"/>
						<String ID="P7_ST00585" HPOS="1005" VPOS="4154" WIDTH="200" HEIGHT="42" CONTENT='merken."' WC="0.98" CC="04065744"/>
						<SP ID="P7_SP00522" HPOS="1205" VPOS="4211" WIDTH="44"/>
						<String ID="P7_ST00586" HPOS="1249" VPOS="4155" WIDTH="142" HEIGHT="51" CONTENT="sprach" WC="0.98" CC="070702"/>
						<SP ID="P7_SP00523" HPOS="1391" VPOS="4211" WIDTH="31"/>
						<String ID="P7_ST00587" HPOS="1422" VPOS="4155" WIDTH="249" HEIGHT="52" CONTENT="Kirnberger" WC="0.70" CC="2003765040"/>
					</TextLine>
				</TextBlock>
				<TextBlock ID="P7_TB00007" HPOS="1773" VPOS="262" WIDTH="1591" HEIGHT="230" STYLEREFS="TXT_1 PAR_BLOCK">
					<TextLine ID="P7_TL00064" HPOS="1778" VPOS="262" WIDTH="1586" HEIGHT="56">
						<String ID="P7_ST00588" HPOS="1778" VPOS="275" WIDTH="48" HEIGHT="27" CONTENT="zu" WC="0.40" CC="47"/>
						<SP ID="P7_SP00524" HPOS="1826" VPOS="302" WIDTH="39"/>
						<String ID="P7_ST00589" HPOS="1865" VPOS="263" WIDTH="265" HEIGHT="52" CONTENT="Kosolowsky" WC="0.78" CC="0006690000"/>
						<SP ID="P7_SP00525" HPOS="2130" VPOS="315" WIDTH="48"/>
						<String ID="P7_ST00590" HPOS="2178" VPOS="262" WIDTH="73" HEIGHT="41" CONTENT="mit" WC="0.96" CC="604"/>
						<SP ID="P7_SP00526" HPOS="2251" VPOS="315" WIDTH="42"/>
						<String ID="P7_ST00591" HPOS="2293" VPOS="262" WIDTH="215" HEIGHT="41" CONTENT="halbleiser" WC="0.98" CC="6267044455"/>
						<SP ID="P7_SP00527" HPOS="2508" VPOS="315" WIDTH="38"/>
						<String ID="P7_ST00592" HPOS="2546" VPOS="262" WIDTH="178" HEIGHT="50" CONTENT="Stimme," WC="0.98" CC="0652603"/>
						<SP ID="P7_SP00528" HPOS="2724" VPOS="315" WIDTH="37"/>
						<String ID="P7_ST00593" HPOS="2761" VPOS="265" WIDTH="114" HEIGHT="47" CONTENT="„dass" WC="0.46" CC="50884"/>
						<SP ID="P7_SP00529" HPOS="2875" VPOS="315" WIDTH="44"/>
						<String ID="P7_ST00594" HPOS="2919" VPOS="265" WIDTH="65" HEIGHT="40" CONTENT="die" WC="0.96" CC="506"/>
						<SP ID="P7_SP00530" HPOS="2984" VPOS="315" WIDTH="44"/>
						<String ID="P7_ST00595" HPOS="3028" VPOS="265" WIDTH="173" HEIGHT="53" CONTENT="Passage" WC="0.98" CC="5763450"/>
						<SP ID="P7_SP00531" HPOS="3201" VPOS="318" WIDTH="36"/>
						<String ID="P7_ST00596" HPOS="3237" VPOS="264" WIDTH="127" HEIGHT="43" CONTENT="nichts" WC="0.97" CC="862383"/>
					</TextLine>
					<TextLine ID="P7_TL00065" HPOS="1773" VPOS="326" WIDTH="1591" HEIGHT="53">
						<String ID="P7_ST00597" HPOS="1773" VPOS="330" WIDTH="122" HEIGHT="48" CONTENT="taugt," WC="0.98" CC="026633"/>
						<SP ID="P7_SP00532" HPOS="1895" VPOS="378" WIDTH="44"/>
						<String ID="P7_ST00598" HPOS="1939" VPOS="327" WIDTH="51" HEIGHT="38" CONTENT="da" WC="0.50" CC="09"/>
						<SP ID="P7_SP00533" HPOS="1990" VPOS="378" WIDTH="28"/>
						<String ID="P7_ST00599" HPOS="2018" VPOS="327" WIDTH="66" HEIGHT="40" CONTENT="Sic" WC="0.96" CC="406"/>
						<SP ID="P7_SP00534" HPOS="2084" VPOS="378" WIDTH="31"/>
						<String ID="P7_ST00600" HPOS="2115" VPOS="339" WIDTH="117" HEIGHT="40" CONTENT="sogar" WC="0.96" CC="05966"/>
						<SP ID="P7_SP00535" HPOS="2232" VPOS="379" WIDTH="31"/>
						<String ID="P7_ST00601" HPOS="2263" VPOS="327" WIDTH="64" HEIGHT="39" CONTENT="die" WC="0.95" CC="706"/>
						<SP ID="P7_SP00536" HPOS="2327" VPOS="379" WIDTH="44"/>
						<String ID="P7_ST00602" HPOS="2371" VPOS="327" WIDTH="151" HEIGHT="39" CONTENT="Hunde" WC="0.96" CC="74655"/>
						<SP ID="P7_SP00537" HPOS="2522" VPOS="379" WIDTH="40"/>
						<String ID="P7_ST00603" HPOS="2562" VPOS="326" WIDTH="124" HEIGHT="41" CONTENT="damit" WC="0.99" CC="00106"/>
						<SP ID="P7_SP00538" HPOS="2686" VPOS="379" WIDTH="41"/>
						<String ID="P7_ST00604" HPOS="2727" VPOS="328" WIDTH="251" HEIGHT="41" CONTENT="aufrührisch" WC="0.59" CC="06690052246"/>
						<SP ID="P7_SP00539" HPOS="2978" VPOS="379" WIDTH="30"/>
						<String ID="P7_ST00605" HPOS="3008" VPOS="329" WIDTH="207" HEIGHT="41" CONTENT='machen."' WC="0.99" CC="00407743"/>
						<SP ID="P7_SP00540" HPOS="3215" VPOS="379" WIDTH="67"/>
						<String ID="P7_ST00606" HPOS="3282" VPOS="330" WIDTH="82" HEIGHT="39" CONTENT="Der" WC="0.93" CC="675"/>
					</TextLine>
					<TextLine ID="P7_TL00066" HPOS="1773" VPOS="388" WIDTH="1591" HEIGHT="52">
						<String ID="P7_ST00607" HPOS="1773" VPOS="388" WIDTH="119" HEIGHT="39" CONTENT="Fürst" WC="0.98" CC="60500"/>
						<SP ID="P7_SP00541" HPOS="1892" VPOS="427" WIDTH="27"/>
						<String ID="P7_ST00608" HPOS="1919" VPOS="390" WIDTH="128" HEIGHT="39" CONTENT="lachte" WC="0.97" CC="504646"/>
						<SP ID="P7_SP00542" HPOS="2047" VPOS="429" WIDTH="31"/>
						<String ID="P7_ST00609" HPOS="2078" VPOS="390" WIDTH="78" HEIGHT="40" CONTENT="den" WC="0.95" CC="057"/>
						<SP ID="P7_SP00543" HPOS="2156" VPOS="430" WIDTH="30"/>
						<String ID="P7_ST00610" HPOS="2186" VPOS="388" WIDTH="270" HEIGHT="52" CONTENT="Kosolowsky" WC="0.68" CC="3504444005"/>
						<SP ID="P7_SP00544" HPOS="2456" VPOS="440" WIDTH="28"/>
						<String ID="P7_ST00611" HPOS="2484" VPOS="400" WIDTH="83" HEIGHT="36" CONTENT="aus," WC="0.98" CC="0703"/>
						<SP ID="P7_SP00545" HPOS="2567" VPOS="440" WIDTH="31"/>
						<String ID="P7_ST00612" HPOS="2598" VPOS="388" WIDTH="71" HEIGHT="40" CONTENT="der" WC="0.96" CC="055"/>
						<SP ID="P7_SP00546" HPOS="2669" VPOS="440" WIDTH="39"/>
						<String ID="P7_ST00613" HPOS="2708" VPOS="391" WIDTH="102" HEIGHT="39" CONTENT="nach" WC="0.96" CC="8830"/>
						<SP ID="P7_SP00547" HPOS="2810" VPOS="440" WIDTH="46"/>
						<String ID="P7_ST00614" HPOS="2856" VPOS="392" WIDTH="69" HEIGHT="39" CONTENT="der" WC="0.96" CC="046"/>
						<SP ID="P7_SP00548" HPOS="2925" VPOS="440" WIDTH="30"/>
						<String ID="P7_ST00615" HPOS="2955" VPOS="393" WIDTH="83" HEIGHT="40" CONTENT="Zeit" WC="0.96" CC="5056"/>
						<SP ID="P7_SP00549" HPOS="3038" VPOS="440" WIDTH="39"/>
						<String ID="P7_ST00616" HPOS="3077" VPOS="392" WIDTH="111" HEIGHT="41" CONTENT="nicht" WC="0.98" CC="82500"/>
						<SP ID="P7_SP00550" HPOS="3188" VPOS="440" WIDTH="39"/>
						<String ID="P7_ST00617" HPOS="3227" VPOS="390" WIDTH="137" HEIGHT="42" CONTENT="weiter" WC="0.97" CC="720367"/>
					</TextLine>
					<TextLine ID="P7_TL00067" HPOS="1775" VPOS="449" WIDTH="702" HEIGHT="43">
						<String ID="P7_ST00618" HPOS="1775" VPOS="449" WIDTH="72" HEIGHT="38" CONTENT="mit" WC="0.99" CC="030"/>
						<SP ID="P7_SP00551" HPOS="1847" VPOS="487" WIDTH="27"/>
						<String ID="P7_ST00619" HPOS="1874" VPOS="450" WIDTH="151" HEIGHT="40" CONTENT="seinem" WC="0.98" CC="056057"/>
						<SP ID="P7_SP00552" HPOS="2025" VPOS="490" WIDTH="30"/>
						<String ID="P7_ST00620" HPOS="2055" VPOS="451" WIDTH="195" HEIGHT="41" CONTENT="Concerte" WC="0.59" CC="77510261"/>
						<SP ID="P7_SP00553" HPOS="2250" VPOS="492" WIDTH="30"/>
						<String ID="P7_ST00621" HPOS="2280" VPOS="451" WIDTH="197" HEIGHT="41" CONTENT="erschien." WC="0.98" CC="767500664"/>
					</TextLine>
				</TextBlock>
				<TextBlock ID="P7_TB00008" HPOS="1772" VPOS="584" WIDTH="1590" HEIGHT="1624" STYLEREFS="TXT_1 PAR_LEFT">
					<TextLine ID="P7_TL00068" HPOS="1854" VPOS="585" WIDTH="1507" HEIGHT="47">
						<String ID="P7_ST00622" HPOS="1854" VPOS="585" WIDTH="49" HEIGHT="25" CONTENT="**" WC="0.63" CC="33"/>
						<SP ID="P7_SP00554" HPOS="1903" VPOS="610" WIDTH="34"/>
						<String ID="P7_ST00623" HPOS="1937" VPOS="590" WIDTH="42" HEIGHT="31" CONTENT="IS" WC="0.19" CC="78"/>
						<SP ID="P7_SP00555" HPOS="1979" VPOS="621" WIDTH="9"/>
						<String ID="P7_ST00624" HPOS="1988" VPOS="599" WIDTH="85" HEIGHT="24" CONTENT="res" WC="0.90" CC="898"/>
						<SP ID="P7_SP00556" HPOS="2073" VPOS="623" WIDTH="8"/>
						<String ID="P7_ST00625" HPOS="2081" VPOS="591" WIDTH="115" HEIGHT="37" CONTENT="lau," WC="0.94" CC="6887"/>
						<SP ID="P7_SP00557" HPOS="2196" VPOS="628" WIDTH="32"/>
						<String ID="P7_ST00626" HPOS="2228" VPOS="589" WIDTH="64" HEIGHT="40" CONTENT="25." WC="0.48" CC="644"/>
						<SP ID="P7_SP00558" HPOS="2292" VPOS="629" WIDTH="30"/>
						<String ID="P7_ST00627" HPOS="2322" VPOS="589" WIDTH="93" HEIGHT="40" CONTENT="Juli." WC="0.97" CC="37604"/>
						<SP ID="P7_SP00559" HPOS="2415" VPOS="629" WIDTH="57"/>
						<String ID="P7_ST00628" HPOS="2472" VPOS="588" WIDTH="81" HEIGHT="40" CONTENT="Am" WC="1.00" CC="00"/>
						<SP ID="P7_SP00560" HPOS="2553" VPOS="629" WIDTH="31"/>
						<String ID="P7_ST00629" HPOS="2584" VPOS="588" WIDTH="248" HEIGHT="40" CONTENT="Sonnabend" WC="0.98" CC="567757289"/>
						<SP ID="P7_SP00561" HPOS="2832" VPOS="629" WIDTH="44"/>
						<String ID="P7_ST00630" HPOS="2876" VPOS="588" WIDTH="189" HEIGHT="41" CONTENT="eröffnete" WC="0.98" CC="679338647"/>
						<SP ID="P7_SP00562" HPOS="3065" VPOS="629" WIDTH="46"/>
						<String ID="P7_ST00631" HPOS="3111" VPOS="591" WIDTH="79" HEIGHT="40" CONTENT="Frl." WC="0.96" CC="6074"/>
						<SP ID="P7_SP00563" HPOS="3190" VPOS="631" WIDTH="45"/>
						<String ID="P7_ST00632" HPOS="3235" VPOS="591" WIDTH="95" HEIGHT="41" CONTENT="Bab" SUBS_TYPE="HypPart1" SUBS_CONTENT="Babnigg" WC="0.70" CC="107"/>
						<HYP HPOS="3330" VPOS="591" WIDTH="31" CONTENT="-"/>
					</TextLine>
					<TextLine ID="P7_TL00069" HPOS="1776" VPOS="646" WIDTH="1581" HEIGHT="53">
						<String ID="P7_ST00633" HPOS="1776" VPOS="646" WIDTH="121" HEIGHT="52" CONTENT="nigg" SUBS_TYPE="HypPart2" SUBS_CONTENT="Babnigg" WC="0.30" CC="7099"/>
						<SP ID="P7_SP00564" HPOS="1897" VPOS="698" WIDTH="42"/>
						<String ID="P7_ST00634" HPOS="1939" VPOS="646" WIDTH="63" HEIGHT="40" CONTENT="ihr" WC="0.94" CC="249"/>
						<SP ID="P7_SP00565" HPOS="2002" VPOS="698" WIDTH="31"/>
						<String ID="P7_ST00635" HPOS="2033" VPOS="647" WIDTH="195" HEIGHT="52" CONTENT="Gastspiel" WC="0.98" CC="085669174"/>
						<SP ID="P7_SP00566" HPOS="2228" VPOS="699" WIDTH="38"/>
						<String ID="P7_ST00636" HPOS="2266" VPOS="651" WIDTH="72" HEIGHT="40" CONTENT="mit" WC="0.98" CC="060"/>
						<SP ID="P7_SP00567" HPOS="2338" VPOS="699" WIDTH="29"/>
						<String ID="P7_ST00637" HPOS="2367" VPOS="652" WIDTH="71" HEIGHT="39" CONTENT="der" WC="0.98" CC="040"/>
						<SP ID="P7_SP00568" HPOS="2438" VPOS="699" WIDTH="30"/>
						<String ID="P7_ST00638" HPOS="2468" VPOS="652" WIDTH="132" HEIGHT="39" CONTENT="Partie" WC="0.99" CC="000600"/>
						<SP ID="P7_SP00569" HPOS="2600" VPOS="699" WIDTH="31"/>
						<String ID="P7_ST00639" HPOS="2631" VPOS="652" WIDTH="71" HEIGHT="39" CONTENT="der" WC="0.97" CC="070"/>
						<SP ID="P7_SP00570" HPOS="2702" VPOS="699" WIDTH="29"/>
						<String ID="P7_ST00640" HPOS="2731" VPOS="650" WIDTH="152" HEIGHT="41" CONTENT="Bosine" WC="0.82" CC="000180"/>
						<SP ID="P7_SP00571" HPOS="2883" VPOS="699" WIDTH="31"/>
						<String ID="P7_ST00641" HPOS="2914" VPOS="651" WIDTH="52" HEIGHT="38" CONTENT="im" WC="0.79" CC="40"/>
						<SP ID="P7_SP00572" HPOS="2966" VPOS="699" WIDTH="31"/>
						<String ID="P7_ST00642" HPOS="2997" VPOS="651" WIDTH="228" HEIGHT="42" CONTENT="Barbier." WC="0.99" CC="60070540"/>
						<SP ID="P7_SP00573" HPOS="3225" VPOS="699" WIDTH="60"/>
						<String ID="P7_ST00643" HPOS="3285" VPOS="654" WIDTH="72" HEIGHT="42" CONTENT="Die" WC="0.97" CC="053"/>
					</TextLine>
					<TextLine ID="P7_TL00070" HPOS="1779" VPOS="708" WIDTH="1582" HEIGHT="52">
						<String ID="P7_ST00644" HPOS="1779" VPOS="709" WIDTH="18" HEIGHT="37" CONTENT="\" WC="0.24" CC="7"/>
						<SP ID="P7_SP00574" HPOS="1797" VPOS="746" WIDTH="19"/>
						<String ID="P7_ST00645" HPOS="1816" VPOS="708" WIDTH="208" HEIGHT="48" CONTENT="irtuosität," WC="0.62" CC="37855204003"/>
						<SP ID="P7_SP00575" HPOS="2024" VPOS="756" WIDTH="30"/>
						<String ID="P7_ST00646" HPOS="2054" VPOS="710" WIDTH="70" HEIGHT="39" CONTENT="mit" WC="0.94" CC="447"/>
						<SP ID="P7_SP00576" HPOS="2124" VPOS="756" WIDTH="29"/>
						<String ID="P7_ST00647" HPOS="2153" VPOS="712" WIDTH="173" HEIGHT="40" CONTENT="welcher" WC="0.98" CC="0662476"/>
						<SP ID="P7_SP00577" HPOS="2326" VPOS="756" WIDTH="28"/>
						<String ID="P7_ST00648" HPOS="2354" VPOS="714" WIDTH="55" HEIGHT="39" CONTENT="sie" WC="0.95" CC="407"/>
						<SP ID="P7_SP00578" HPOS="2409" VPOS="756" WIDTH="24"/>
						<String ID="P7_ST00649" HPOS="2433" VPOS="715" WIDTH="108" HEIGHT="39" CONTENT="diese" WC="0.98" CC="00703"/>
						<SP ID="P7_SP00579" HPOS="2541" VPOS="756" WIDTH="25"/>
						<String ID="P7_ST00650" HPOS="2566" VPOS="713" WIDTH="131" HEIGHT="41" CONTENT="Partie" WC="0.98" CC="060630"/>
						<SP ID="P7_SP00580" HPOS="2697" VPOS="756" WIDTH="25"/>
						<String ID="P7_ST00651" HPOS="2722" VPOS="713" WIDTH="251" HEIGHT="47" CONTENT="durchführt," WC="0.99" CC="08015006902"/>
						<SP ID="P7_SP00581" HPOS="2973" VPOS="760" WIDTH="29"/>
						<String ID="P7_ST00652" HPOS="3002" VPOS="713" WIDTH="49" HEIGHT="40" CONTENT="ist" WC="1.00" CC="000"/>
						<SP ID="P7_SP00582" HPOS="3051" VPOS="760" WIDTH="30"/>
						<String ID="P7_ST00653" HPOS="3081" VPOS="727" WIDTH="68" HEIGHT="27" CONTENT="aus" WC="0.96" CC="036"/>
						<SP ID="P7_SP00583" HPOS="3149" VPOS="760" WIDTH="33"/>
						<String ID="P7_ST00654" HPOS="3182" VPOS="717" WIDTH="179" HEIGHT="40" CONTENT="früherer" WC="0.97" CC="97975470"/>
					</TextLine>
					<TextLine ID="P7_TL00071" HPOS="1835" VPOS="758" WIDTH="546" HEIGHT="20">
						<String ID="P7_ST00655" HPOS="1835" VPOS="769" WIDTH="7" HEIGHT="8" CONTENT="#" STYLE="subscript" WC="0.28" CC="7" STYLEREFS="TXT_5"/>
						<SP ID="P7_SP00584" HPOS="1842" VPOS="777" WIDTH="180"/>
						<String ID="P7_ST00656" HPOS="2022" VPOS="771" WIDTH="7" HEIGHT="7" CONTENT="#" STYLE="subscript" WC="0.25" CC="7" STYLEREFS="TXT_5"/>
						<SP ID="P7_SP00585" HPOS="2029" VPOS="778" WIDTH="333"/>
						<String ID="P7_ST00657" HPOS="2362" VPOS="758" WIDTH="19" HEIGHT="13" CONTENT="s." WC="0.26" CC="77" STYLEREFS="TXT_5"/>
					</TextLine>
					<TextLine ID="P7_TL00072" HPOS="1775" VPOS="771" WIDTH="1584" HEIGHT="53">
						<String ID="P7_ST00658" HPOS="1775" VPOS="771" WIDTH="85" HEIGHT="39" CONTENT="Zeit" WC="0.97" CC="1640"/>
						<SP ID="P7_SP00586" HPOS="1860" VPOS="810" WIDTH="30"/>
						<String ID="P7_ST00659" HPOS="1890" VPOS="771" WIDTH="72" HEIGHT="40" CONTENT="her" WC="0.96" CC="352"/>
						<SP ID="P7_SP00587" HPOS="1962" VPOS="811" WIDTH="28"/>
						<String ID="P7_ST00660" HPOS="1990" VPOS="772" WIDTH="245" HEIGHT="52" CONTENT="hinlänglich" WC="0.98" CC="63840804776"/>
						<SP ID="P7_SP00588" HPOS="2235" VPOS="824" WIDTH="30"/>
						<String ID="P7_ST00661" HPOS="2265" VPOS="775" WIDTH="188" HEIGHT="41" CONTENT="bekannt." WC="0.98" CC="76007704"/>
						<SP ID="P7_SP00589" HPOS="2453" VPOS="824" WIDTH="56"/>
						<String ID="P7_ST00662" HPOS="2509" VPOS="778" WIDTH="53" HEIGHT="39" CONTENT="Ist" WC="0.96" CC="550"/>
						<SP ID="P7_SP00590" HPOS="2562" VPOS="824" WIDTH="44"/>
						<String ID="P7_ST00663" HPOS="2606" VPOS="778" WIDTH="64" HEIGHT="39" CONTENT="ihr" WC="0.97" CC="062"/>
						<SP ID="P7_SP00591" HPOS="2670" VPOS="824" WIDTH="38"/>
						<String ID="P7_ST00664" HPOS="2708" VPOS="778" WIDTH="98" HEIGHT="40" CONTENT="aber" WC="0.98" CC="5300"/>
						<SP ID="P7_SP00592" HPOS="2806" VPOS="824" WIDTH="43"/>
						<String ID="P7_ST00665" HPOS="2849" VPOS="777" WIDTH="88" HEIGHT="40" CONTENT="hier" WC="0.95" CC="6356"/>
						<SP ID="P7_SP00593" HPOS="2937" VPOS="824" WIDTH="29"/>
						<String ID="P7_ST00666" HPOS="2966" VPOS="778" WIDTH="83" HEIGHT="38" CONTENT="und" WC="0.95" CC="660"/>
						<SP ID="P7_SP00594" HPOS="3049" VPOS="824" WIDTH="30"/>
						<String ID="P7_ST00667" HPOS="3079" VPOS="778" WIDTH="50" HEIGHT="38" CONTENT="da" WC="1.00" CC="00"/>
						<SP ID="P7_SP00595" HPOS="3129" VPOS="824" WIDTH="30"/>
						<String ID="P7_ST00668" HPOS="3159" VPOS="778" WIDTH="70" HEIGHT="39" CONTENT="der" WC="0.95" CC="670"/>
						<SP ID="P7_SP00596" HPOS="3229" VPOS="824" WIDTH="28"/>
						<String ID="P7_ST00669" HPOS="3257" VPOS="779" WIDTH="77" HEIGHT="40" CONTENT="Vor" SUBS_TYPE="HypPart1" SUBS_CONTENT="Vorwurf" WC="0.98" CC="700"/>
						<HYP HPOS="3334" VPOS="779" WIDTH="25" CONTENT="-"/>
					</TextLine>
					<TextLine ID="P7_TL00073" HPOS="1774" VPOS="833" WIDTH="1588" HEIGHT="60">
						<String ID="P7_ST00670" HPOS="1774" VPOS="833" WIDTH="108" HEIGHT="39" CONTENT="wurf" SUBS_TYPE="HypPart2" SUBS_CONTENT="Vorwurf" WC="0.92" CC="9799"/>
						<SP ID="P7_SP00597" HPOS="1882" VPOS="872" WIDTH="22"/>
						<String ID="P7_ST00671" HPOS="1904" VPOS="834" WIDTH="184" HEIGHT="50" CONTENT="gemacht" WC="0.98" CC="9508432"/>
						<SP ID="P7_SP00598" HPOS="2088" VPOS="884" WIDTH="29"/>
						<String ID="P7_ST00672" HPOS="2117" VPOS="836" WIDTH="176" HEIGHT="48" CONTENT="worden," WC="0.98" CC="0088073"/>
						<SP ID="P7_SP00599" HPOS="2293" VPOS="884" WIDTH="47"/>
						<String ID="P7_ST00673" HPOS="2340" VPOS="838" WIDTH="90" HEIGHT="39" CONTENT="dass" WC="0.92" CC="0300"/>
						<SP ID="P7_SP00600" HPOS="2430" VPOS="884" WIDTH="37"/>
						<String ID="P7_ST00674" HPOS="2467" VPOS="839" WIDTH="55" HEIGHT="39" CONTENT="sie" WC="0.96" CC="126"/>
						<SP ID="P7_SP00601" HPOS="2522" VPOS="884" WIDTH="42"/>
						<String ID="P7_ST00675" HPOS="2564" VPOS="840" WIDTH="73" HEIGHT="39" CONTENT="mit" WC="0.99" CC="001"/>
						<SP ID="P7_SP00602" HPOS="2637" VPOS="884" WIDTH="42"/>
						<String ID="P7_ST00676" HPOS="2679" VPOS="841" WIDTH="101" HEIGHT="38" CONTENT="allzu" WC="0.96" CC="07657"/>
						<SP ID="P7_SP00603" HPOS="2780" VPOS="884" WIDTH="41"/>
						<String ID="P7_ST00677" HPOS="2821" VPOS="852" WIDTH="159" HEIGHT="41" CONTENT="grosser" WC="0.99" CC="0900060"/>
						<SP ID="P7_SP00604" HPOS="2980" VPOS="893" WIDTH="29"/>
						<String ID="P7_ST00678" HPOS="3009" VPOS="840" WIDTH="180" HEIGHT="39" CONTENT="Freiheit" WC="0.99" CC="50002750"/>
						<SP ID="P7_SP00605" HPOS="3189" VPOS="893" WIDTH="39"/>
						<String ID="P7_ST00679" HPOS="3228" VPOS="840" WIDTH="40" HEIGHT="39" CONTENT="in" WC="0.59" CC="08"/>
						<SP ID="P7_SP00606" HPOS="3268" VPOS="893" WIDTH="30"/>
						<String ID="P7_ST00680" HPOS="3298" VPOS="842" WIDTH="64" HEIGHT="39" CONTENT="die" WC="0.94" CC="914"/>
					</TextLine>
					<TextLine ID="P7_TL00074" HPOS="1776" VPOS="894" WIDTH="1586" HEIGHT="61">
						<String ID="P7_ST00681" HPOS="1776" VPOS="894" WIDTH="274" HEIGHT="52" CONTENT="Composition" WC="0.60" CC="85304010578"/>
						<SP ID="P7_SP00607" HPOS="2050" VPOS="946" WIDTH="30"/>
						<String ID="P7_ST00682" HPOS="2080" VPOS="898" WIDTH="122" HEIGHT="39" CONTENT="selbst" WC="0.97" CC="052729"/>
						<SP ID="P7_SP00608" HPOS="2202" VPOS="946" WIDTH="30"/>
						<String ID="P7_ST00683" HPOS="2232" VPOS="898" WIDTH="201" HEIGHT="53" CONTENT="eingreife," WC="0.99" CC="5250050002"/>
						<SP ID="P7_SP00609" HPOS="2433" VPOS="951" WIDTH="31"/>
						<String ID="P7_ST00684" HPOS="2464" VPOS="913" WIDTH="43" HEIGHT="27" CONTENT="so" WC="0.47" CC="09"/>
						<SP ID="P7_SP00610" HPOS="2507" VPOS="951" WIDTH="29"/>
						<String ID="P7_ST00685" HPOS="2536" VPOS="900" WIDTH="148" HEIGHT="41" CONTENT="bewies" WC="0.98" CC="750244"/>
						<SP ID="P7_SP00611" HPOS="2684" VPOS="951" WIDTH="30"/>
						<String ID="P7_ST00686" HPOS="2714" VPOS="903" WIDTH="55" HEIGHT="40" CONTENT="sie" WC="0.98" CC="006"/>
						<SP ID="P7_SP00612" HPOS="2769" VPOS="951" WIDTH="30"/>
						<String ID="P7_ST00687" HPOS="2799" VPOS="902" WIDTH="181" HEIGHT="53" CONTENT="zugleich" WC="0.98" CC="21077647"/>
						<SP ID="P7_SP00613" HPOS="2980" VPOS="955" WIDTH="28"/>
						<String ID="P7_ST00688" HPOS="3008" VPOS="902" WIDTH="130" HEIGHT="41" CONTENT="durch" WC="0.96" CC="27655"/>
						<SP ID="P7_SP00614" HPOS="3138" VPOS="955" WIDTH="21"/>
						<String ID="P7_ST00689" HPOS="3159" VPOS="903" WIDTH="78" HEIGHT="40" CONTENT="den" WC="0.97" CC="015"/>
						<SP ID="P7_SP00615" HPOS="3237" VPOS="955" WIDTH="25"/>
						<String ID="P7_ST00690" HPOS="3262" VPOS="903" WIDTH="75" HEIGHT="40" CONTENT="Vor" SUBS_TYPE="HypPart1" SUBS_CONTENT="Vortrag" WC="0.98" CC="020"/>
						<HYP HPOS="3337" VPOS="903" WIDTH="25" CONTENT="-"/>
					</TextLine>
					<TextLine ID="P7_TL00075" HPOS="1774" VPOS="960" WIDTH="1588" HEIGHT="53">
						<String ID="P7_ST00691" HPOS="1774" VPOS="964" WIDTH="87" HEIGHT="47" CONTENT="trag" SUBS_TYPE="HypPart2" SUBS_CONTENT="Vortrag" WC="0.94" CC="0699"/>
						<SP ID="P7_SP00616" HPOS="1861" VPOS="1011" WIDTH="30"/>
						<String ID="P7_ST00692" HPOS="1891" VPOS="960" WIDTH="71" HEIGHT="39" CONTENT="der" WC="0.93" CC="665"/>
						<SP ID="P7_SP00617" HPOS="1962" VPOS="1011" WIDTH="28"/>
						<String ID="P7_ST00693" HPOS="1990" VPOS="960" WIDTH="146" HEIGHT="40" CONTENT="beiden" WC="0.97" CC="761047"/>
						<SP ID="P7_SP00618" HPOS="2136" VPOS="1011" WIDTH="26"/>
						<String ID="P7_ST00694" HPOS="2162" VPOS="961" WIDTH="214" HEIGHT="52" CONTENT="Einlagen," WC="0.98" CC="258500653"/>
						<SP ID="P7_SP00619" HPOS="2376" VPOS="1013" WIDTH="42"/>
						<String ID="P7_ST00695" HPOS="2418" VPOS="964" WIDTH="89" HEIGHT="38" CONTENT="dass" WC="0.71" CC="9001"/>
						<SP ID="P7_SP00620" HPOS="2507" VPOS="1013" WIDTH="45"/>
						<String ID="P7_ST00696" HPOS="2552" VPOS="964" WIDTH="57" HEIGHT="39" CONTENT="sie" WC="0.99" CC="030"/>
						<SP ID="P7_SP00621" HPOS="2609" VPOS="1013" WIDTH="43"/>
						<String ID="P7_ST00697" HPOS="2652" VPOS="966" WIDTH="102" HEIGHT="38" CONTENT="eben" WC="0.96" CC="5508"/>
						<SP ID="P7_SP00622" HPOS="2754" VPOS="1013" WIDTH="41"/>
						<String ID="P7_ST00698" HPOS="2795" VPOS="967" WIDTH="152" HEIGHT="39" CONTENT="sowohl" WC="0.97" CC="068476"/>
						<SP ID="P7_SP00623" HPOS="2947" VPOS="1013" WIDTH="45"/>
						<String ID="P7_ST00699" HPOS="2992" VPOS="967" WIDTH="56" HEIGHT="39" CONTENT="im" WC="0.39" CC="47"/>
						<SP ID="P7_SP00624" HPOS="3048" VPOS="1013" WIDTH="48"/>
						<String ID="P7_ST00700" HPOS="3096" VPOS="966" WIDTH="150" HEIGHT="40" CONTENT="Stande" WC="0.98" CC="940700"/>
						<SP ID="P7_SP00625" HPOS="3246" VPOS="1013" WIDTH="47"/>
						<String ID="P7_ST00701" HPOS="3293" VPOS="966" WIDTH="69" HEIGHT="47" CONTENT="sei," WC="0.98" CC="4004"/>
					</TextLine>
					<TextLine ID="P7_TL00076" HPOS="1774" VPOS="1021" WIDTH="1588" HEIGHT="58">
						<String ID="P7_ST00702" HPOS="1774" VPOS="1021" WIDTH="127" HEIGHT="40" CONTENT="durch" WC="0.99" CC="04020"/>
						<SP ID="P7_SP00626" HPOS="1901" VPOS="1061" WIDTH="31"/>
						<String ID="P7_ST00703" HPOS="1932" VPOS="1023" WIDTH="68" HEIGHT="38" CONTENT="das" WC="1.00" CC="000"/>
						<SP ID="P7_SP00627" HPOS="2000" VPOS="1061" WIDTH="42"/>
						<String ID="P7_ST00704" HPOS="2042" VPOS="1022" WIDTH="181" HEIGHT="41" CONTENT="einfache" WC="0.99" CC="60500364"/>
						<SP ID="P7_SP00628" HPOS="2223" VPOS="1063" WIDTH="30"/>
						<String ID="P7_ST00705" HPOS="2253" VPOS="1025" WIDTH="98" HEIGHT="39" CONTENT="Lied" WC="0.99" CC="0060"/>
						<SP ID="P7_SP00629" HPOS="2351" VPOS="1064" WIDTH="43"/>
						<String ID="P7_ST00706" HPOS="2394" VPOS="1025" WIDTH="64" HEIGHT="40" CONTENT="die" WC="0.95" CC="047"/>
						<SP ID="P7_SP00630" HPOS="2458" VPOS="1065" WIDTH="29"/>
						<String ID="P7_ST00707" HPOS="2487" VPOS="1026" WIDTH="162" HEIGHT="40" CONTENT="Herzen" WC="0.98" CC="333317"/>
						<SP ID="P7_SP00631" HPOS="2649" VPOS="1066" WIDTH="45"/>
						<String ID="P7_ST00708" HPOS="2694" VPOS="1040" WIDTH="47" HEIGHT="26" CONTENT="zu" WC="0.72" CC="05"/>
						<SP ID="P7_SP00632" HPOS="2741" VPOS="1066" WIDTH="39"/>
						<String ID="P7_ST00709" HPOS="2780" VPOS="1030" WIDTH="206" HEIGHT="49" CONTENT="ergreifen," WC="0.98" CC="5096610764"/>
						<SP ID="P7_SP00633" HPOS="2986" VPOS="1079" WIDTH="44"/>
						<String ID="P7_ST00710" HPOS="3030" VPOS="1029" WIDTH="77" HEIGHT="41" CONTENT="wie" WC="0.94" CC="951"/>
						<SP ID="P7_SP00634" HPOS="3107" VPOS="1079" WIDTH="39"/>
						<String ID="P7_ST00711" HPOS="3146" VPOS="1029" WIDTH="57" HEIGHT="40" CONTENT="sie" WC="0.99" CC="002"/>
						<SP ID="P7_SP00635" HPOS="3203" VPOS="1079" WIDTH="30"/>
						<String ID="P7_ST00712" HPOS="3233" VPOS="1028" WIDTH="129" HEIGHT="40" CONTENT="durch" WC="0.97" CC="02755"/>
					</TextLine>
					<TextLine ID="P7_TL00077" HPOS="1774" VPOS="1084" WIDTH="1585" HEIGHT="56">
						<String ID="P7_ST00713" HPOS="1774" VPOS="1084" WIDTH="65" HEIGHT="40" CONTENT="die" WC="0.98" CC="005"/>
						<SP ID="P7_SP00636" HPOS="1839" VPOS="1124" WIDTH="30"/>
						<String ID="P7_ST00714" HPOS="1869" VPOS="1086" WIDTH="387" HEIGHT="40" CONTENT="ausserordentliche" WC="0.99" CC="05004065008353707"/>
						<SP ID="P7_SP00637" HPOS="2256" VPOS="1126" WIDTH="30"/>
						<String ID="P7_ST00715" HPOS="2286" VPOS="1087" WIDTH="363" HEIGHT="53" CONTENT="Kehlcnfertigkeit" WC="0.71" CC="6661680060000300"/>
						<SP ID="P7_SP00638" HPOS="2649" VPOS="1140" WIDTH="26"/>
						<String ID="P7_ST00716" HPOS="2675" VPOS="1090" WIDTH="84" HEIGHT="38" CONTENT="und" WC="0.96" CC="550"/>
						<SP ID="P7_SP00639" HPOS="2759" VPOS="1140" WIDTH="29"/>
						<String ID="P7_ST00717" HPOS="2788" VPOS="1093" WIDTH="220" HEIGHT="39" CONTENT="vollendete" WC="0.99" CC="0816789002"/>
						<SP ID="P7_SP00640" HPOS="3008" VPOS="1140" WIDTH="31"/>
						<String ID="P7_ST00718" HPOS="3039" VPOS="1093" WIDTH="181" HEIGHT="40" CONTENT="Technik" WC="0.98" CC="6664800"/>
						<SP ID="P7_SP00641" HPOS="3220" VPOS="1140" WIDTH="30"/>
						<String ID="P7_ST00719" HPOS="3250" VPOS="1093" WIDTH="109" HEIGHT="40" CONTENT="ihres" WC="0.97" CC="46431"/>
					</TextLine>
					<TextLine ID="P7_TL00078" HPOS="1776" VPOS="1147" WIDTH="1580" HEIGHT="55">
						<String ID="P7_ST00720" HPOS="1776" VPOS="1147" WIDTH="203" HEIGHT="51" CONTENT="Gesanges" WC="0.98" CC="50008670"/>
						<SP ID="P7_SP00642" HPOS="1979" VPOS="1198" WIDTH="30"/>
						<String ID="P7_ST00721" HPOS="2009" VPOS="1161" WIDTH="70" HEIGHT="27" CONTENT="zur" WC="0.96" CC="036"/>
						<SP ID="P7_SP00643" HPOS="2079" VPOS="1198" WIDTH="28"/>
						<String ID="P7_ST00722" HPOS="2107" VPOS="1149" WIDTH="314" HEIGHT="53" CONTENT="Bewunderung" WC="0.99" CC="00616059660"/>
						<SP ID="P7_SP00644" HPOS="2421" VPOS="1202" WIDTH="28"/>
						<String ID="P7_ST00723" HPOS="2449" VPOS="1149" WIDTH="200" HEIGHT="41" CONTENT="hinreisst." WC="0.60" CC="5065640074"/>
						<SP ID="P7_SP00645" HPOS="2649" VPOS="1202" WIDTH="55"/>
						<String ID="P7_ST00724" HPOS="2704" VPOS="1151" WIDTH="143" HEIGHT="40" CONTENT="Indem" WC="0.96" CC="37970"/>
						<SP ID="P7_SP00646" HPOS="2847" VPOS="1202" WIDTH="30"/>
						<String ID="P7_ST00725" HPOS="2877" VPOS="1153" WIDTH="72" HEIGHT="39" CONTENT="wir" WC="0.94" CC="907"/>
						<SP ID="P7_SP00647" HPOS="2949" VPOS="1202" WIDTH="29"/>
						<String ID="P7_ST00726" HPOS="2978" VPOS="1155" WIDTH="244" HEIGHT="40" CONTENT="schliesslich" WC="0.99" CC="026630033156"/>
						<SP ID="P7_SP00648" HPOS="3222" VPOS="1202" WIDTH="29"/>
						<String ID="P7_ST00727" HPOS="3251" VPOS="1155" WIDTH="105" HEIGHT="40" CONTENT="noch" WC="0.96" CC="8360"/>
					</TextLine>
					<TextLine ID="P7_TL00079" HPOS="1774" VPOS="1210" WIDTH="1583" HEIGHT="58">
						<String ID="P7_ST00728" HPOS="1774" VPOS="1210" WIDTH="234" HEIGHT="48" CONTENT="bemerken," WC="0.98" CC="770660064"/>
						<SP ID="P7_SP00649" HPOS="2008" VPOS="1258" WIDTH="30"/>
						<String ID="P7_ST00729" HPOS="2038" VPOS="1211" WIDTH="90" HEIGHT="39" CONTENT="dass" WC="1.00" CC="0000"/>
						<SP ID="P7_SP00650" HPOS="2128" VPOS="1258" WIDTH="31"/>
						<String ID="P7_ST00730" HPOS="2159" VPOS="1211" WIDTH="64" HEIGHT="40" CONTENT="die" WC="0.97" CC="034"/>
						<SP ID="P7_SP00651" HPOS="2223" VPOS="1258" WIDTH="30"/>
						<String ID="P7_ST00731" HPOS="2253" VPOS="1212" WIDTH="95" HEIGHT="47" CONTENT="Zeit," WC="0.99" CC="04004"/>
						<SP ID="P7_SP00652" HPOS="2348" VPOS="1259" WIDTH="30"/>
						<String ID="P7_ST00732" HPOS="2378" VPOS="1212" WIDTH="194" HEIGHT="40" CONTENT="während" WC="0.98" CC="0066760"/>
						<SP ID="P7_SP00653" HPOS="2572" VPOS="1259" WIDTH="28"/>
						<String ID="P7_ST00733" HPOS="2600" VPOS="1213" WIDTH="176" HEIGHT="40" CONTENT="welcher" WC="0.99" CC="0135350"/>
						<SP ID="P7_SP00654" HPOS="2776" VPOS="1259" WIDTH="19"/>
						<String ID="P7_ST00734" HPOS="2795" VPOS="1214" WIDTH="79" HEIGHT="40" CONTENT="Frl." WC="0.97" CC="0354"/>
						<SP ID="P7_SP00655" HPOS="2874" VPOS="1259" WIDTH="22"/>
						<String ID="P7_ST00735" HPOS="2896" VPOS="1215" WIDTH="240" HEIGHT="53" CONTENT="Babnigg" WC="0.91" CC="0060000"/>
						<SP ID="P7_SP00656" HPOS="3136" VPOS="1268" WIDTH="29"/>
						<String ID="P7_ST00736" HPOS="3165" VPOS="1230" WIDTH="74" HEIGHT="26" CONTENT="von" WC="0.95" CC="057"/>
						<SP ID="P7_SP00657" HPOS="3239" VPOS="1268" WIDTH="30"/>
						<String ID="P7_ST00737" HPOS="3269" VPOS="1218" WIDTH="88" HEIGHT="41" CONTENT="hier" WC="0.96" CC="7246"/>
					</TextLine>
					<TextLine ID="P7_TL00080" HPOS="1774" VPOS="1272" WIDTH="1585" HEIGHT="57">
						<String ID="P7_ST00738" HPOS="1774" VPOS="1272" WIDTH="172" HEIGHT="41" CONTENT="entfernt" WC="0.98" CC="08006660"/>
						<SP ID="P7_SP00658" HPOS="1946" VPOS="1313" WIDTH="29"/>
						<String ID="P7_ST00739" HPOS="1975" VPOS="1287" WIDTH="95" HEIGHT="34" CONTENT="war," WC="0.99" CC="0004"/>
						<SP ID="P7_SP00659" HPOS="2070" VPOS="1321" WIDTH="30"/>
						<String ID="P7_ST00740" HPOS="2100" VPOS="1274" WIDTH="117" HEIGHT="41" CONTENT="ihren" WC="0.96" CC="26646"/>
						<SP ID="P7_SP00660" HPOS="2217" VPOS="1321" WIDTH="30"/>
						<String ID="P7_ST00741" HPOS="2247" VPOS="1274" WIDTH="301" HEIGHT="41" CONTENT="Stimmmitteln" WC="0.99" CC="500005400567"/>
						<SP ID="P7_SP00661" HPOS="2548" VPOS="1321" WIDTH="28"/>
						<String ID="P7_ST00742" HPOS="2576" VPOS="1275" WIDTH="148" HEIGHT="41" CONTENT="keinen" WC="0.97" CC="064866"/>
						<SP ID="P7_SP00662" HPOS="2724" VPOS="1321" WIDTH="23"/>
						<String ID="P7_ST00743" HPOS="2747" VPOS="1277" WIDTH="167" HEIGHT="52" CONTENT="Eintrag" WC="0.99" CC="0080030"/>
						<SP ID="P7_SP00663" HPOS="2914" VPOS="1329" WIDTH="32"/>
						<String ID="P7_ST00744" HPOS="2946" VPOS="1278" WIDTH="146" HEIGHT="51" CONTENT="gethan" WC="0.70" CC="040507"/>
						<SP ID="P7_SP00664" HPOS="3092" VPOS="1329" WIDTH="29"/>
						<String ID="P7_ST00745" HPOS="3121" VPOS="1279" WIDTH="78" HEIGHT="47" CONTENT="hat," WC="0.98" CC="5004"/>
						<SP ID="P7_SP00665" HPOS="3199" VPOS="1329" WIDTH="29"/>
						<String ID="P7_ST00746" HPOS="3228" VPOS="1280" WIDTH="131" HEIGHT="41" CONTENT="haben" WC="0.97" CC="60765"/>
					</TextLine>
					<TextLine ID="P7_TL00081" HPOS="1774" VPOS="1334" WIDTH="1587" HEIGHT="50">
						<String ID="P7_ST00747" HPOS="1774" VPOS="1334" WIDTH="75" HEIGHT="41" CONTENT="wir" WC="0.99" CC="020"/>
						<SP ID="P7_SP00666" HPOS="1849" VPOS="1375" WIDTH="42"/>
						<String ID="P7_ST00748" HPOS="1891" VPOS="1336" WIDTH="103" HEIGHT="40" CONTENT="noch" WC="0.96" CC="8542"/>
						<SP ID="P7_SP00667" HPOS="1994" VPOS="1376" WIDTH="41"/>
						<String ID="P7_ST00749" HPOS="2035" VPOS="1350" WIDTH="48" HEIGHT="26" CONTENT="zu" WC="0.64" CC="07"/>
						<SP ID="P7_SP00668" HPOS="2083" VPOS="1376" WIDTH="29"/>
						<String ID="P7_ST00750" HPOS="2112" VPOS="1338" WIDTH="219" HEIGHT="46" CONTENT="berichten," WC="0.98" CC="7705530464"/>
						<SP ID="P7_SP00669" HPOS="2331" VPOS="1384" WIDTH="44"/>
						<String ID="P7_ST00751" HPOS="2375" VPOS="1338" WIDTH="89" HEIGHT="39" CONTENT="dass" WC="0.92" CC="0101"/>
						<SP ID="P7_SP00670" HPOS="2464" VPOS="1384" WIDTH="41"/>
						<String ID="P7_ST00752" HPOS="2505" VPOS="1337" WIDTH="64" HEIGHT="41" CONTENT="die" WC="0.96" CC="063"/>
						<SP ID="P7_SP00671" HPOS="2569" VPOS="1384" WIDTH="30"/>
						<String ID="P7_ST00753" HPOS="2599" VPOS="1339" WIDTH="325" HEIGHT="41" CONTENT="Bückkehrcndc" WC="0.61" CC="002005607896"/>
						<SP ID="P7_SP00672" HPOS="2924" VPOS="1384" WIDTH="30"/>
						<String ID="P7_ST00754" HPOS="2954" VPOS="1340" WIDTH="73" HEIGHT="40" CONTENT="mit" WC="1.00" CC="010"/>
						<SP ID="P7_SP00673" HPOS="3027" VPOS="1384" WIDTH="29"/>
						<String ID="P7_ST00755" HPOS="3056" VPOS="1341" WIDTH="103" HEIGHT="39" CONTENT="allen" WC="0.97" CC="05570"/>
						<SP ID="P7_SP00674" HPOS="3159" VPOS="1384" WIDTH="30"/>
						<String ID="P7_ST00756" HPOS="3189" VPOS="1340" WIDTH="172" HEIGHT="41" CONTENT="Zeichen" WC="0.98" CC="0606460"/>
					</TextLine>
					<TextLine ID="P7_TL00082" HPOS="1774" VPOS="1399" WIDTH="1587" HEIGHT="57">
						<String ID="P7_ST00757" HPOS="1774" VPOS="1399" WIDTH="288" HEIGHT="53" CONTENT="anhänglicher" WC="0.99" CC="077070425306"/>
						<SP ID="P7_SP00675" HPOS="2062" VPOS="1452" WIDTH="45"/>
						<String ID="P7_ST00758" HPOS="2107" VPOS="1401" WIDTH="244" HEIGHT="52" CONTENT="Verehrung" WC="0.98" CC="764473760"/>
						<SP ID="P7_SP00676" HPOS="2351" VPOS="1453" WIDTH="46"/>
						<String ID="P7_ST00759" HPOS="2397" VPOS="1401" WIDTH="83" HEIGHT="39" CONTENT="und" WC="0.95" CC="760"/>
						<SP ID="P7_SP00677" HPOS="2480" VPOS="1453" WIDTH="57"/>
						<String ID="P7_ST00760" HPOS="2537" VPOS="1401" WIDTH="224" HEIGHT="41" CONTENT="herzlicher" WC="0.99" CC="1406535070"/>
						<SP ID="P7_SP00678" HPOS="2761" VPOS="1453" WIDTH="46"/>
						<String ID="P7_ST00761" HPOS="2807" VPOS="1402" WIDTH="265" HEIGHT="40" CONTENT="Thcilnähme" WC="0.56" CC="0651283527"/>
						<SP ID="P7_SP00679" HPOS="3072" VPOS="1453" WIDTH="49"/>
						<String ID="P7_ST00762" HPOS="3121" VPOS="1404" WIDTH="240" HEIGHT="52" CONTENT="empfangen" WC="0.98" CC="290007976"/>
					</TextLine>
					<TextLine ID="P7_TL00083" HPOS="1774" VPOS="1463" WIDTH="1585" HEIGHT="47">
						<String ID="P7_ST00763" HPOS="1774" VPOS="1463" WIDTH="122" HEIGHT="47" CONTENT="ward," WC="0.99" CC="00401"/>
						<SP ID="P7_SP00680" HPOS="1896" VPOS="1510" WIDTH="45"/>
						<String ID="P7_ST00764" HPOS="1941" VPOS="1463" WIDTH="85" HEIGHT="39" CONTENT="und" WC="0.95" CC="770"/>
						<SP ID="P7_SP00681" HPOS="2026" VPOS="1510" WIDTH="38"/>
						<String ID="P7_ST00765" HPOS="2064" VPOS="1464" WIDTH="71" HEIGHT="39" CONTENT="der" WC="1.00" CC="000"/>
						<SP ID="P7_SP00682" HPOS="2135" VPOS="1510" WIDTH="29"/>
						<String ID="P7_ST00766" HPOS="2164" VPOS="1465" WIDTH="140" HEIGHT="40" CONTENT="Beifall" WC="0.98" CC="7706055"/>
						<SP ID="P7_SP00683" HPOS="2304" VPOS="1510" WIDTH="44"/>
						<String ID="P7_ST00767" HPOS="2348" VPOS="1465" WIDTH="68" HEIGHT="39" CONTENT="des" WC="0.98" CC="050"/>
						<SP ID="P7_SP00684" HPOS="2416" VPOS="1510" WIDTH="45"/>
						<String ID="P7_ST00768" HPOS="2461" VPOS="1465" WIDTH="40" HEIGHT="39" CONTENT="in" WC="0.41" CC="46"/>
						<SP ID="P7_SP00685" HPOS="2501" VPOS="1510" WIDTH="30"/>
						<String ID="P7_ST00769" HPOS="2531" VPOS="1464" WIDTH="250" HEIGHT="43" CONTENT="Anbetracht" WC="0.99" CC="0670060465"/>
						<SP ID="P7_SP00686" HPOS="2781" VPOS="1510" WIDTH="35"/>
						<String ID="P7_ST00770" HPOS="2816" VPOS="1467" WIDTH="72" HEIGHT="40" CONTENT="der" WC="0.98" CC="040"/>
						<SP ID="P7_SP00687" HPOS="2888" VPOS="1510" WIDTH="28"/>
						<String ID="P7_ST00771" HPOS="2916" VPOS="1466" WIDTH="221" HEIGHT="41" CONTENT="Jahreszeit" WC="0.99" CC="1662000068"/>
						<SP ID="P7_SP00688" HPOS="3137" VPOS="1510" WIDTH="38"/>
						<String ID="P7_ST00772" HPOS="3175" VPOS="1467" WIDTH="184" HEIGHT="40" CONTENT="ziemlich" WC="0.98" CC="80603081"/>
					</TextLine>
					<TextLine ID="P7_TL00084" HPOS="1775" VPOS="1524" WIDTH="1586" HEIGHT="57">
						<String ID="P7_ST00773" HPOS="1775" VPOS="1524" WIDTH="199" HEIGHT="41" CONTENT="zahlreich" WC="0.99" CC="085400035"/>
						<SP ID="P7_SP00689" HPOS="1974" VPOS="1565" WIDTH="41"/>
						<String ID="P7_ST00774" HPOS="2015" VPOS="1529" WIDTH="307" HEIGHT="38" CONTENT="versammelten" WC="0.99" CC="944006061000"/>
						<SP ID="P7_SP00690" HPOS="2322" VPOS="1567" WIDTH="28"/>
						<String ID="P7_ST00775" HPOS="2350" VPOS="1528" WIDTH="234" HEIGHT="40" CONTENT="Publicums" WC="0.65" CC="057326600"/>
						<SP ID="P7_SP00691" HPOS="2584" VPOS="1568" WIDTH="43"/>
						<String ID="P7_ST00776" HPOS="2627" VPOS="1528" WIDTH="84" HEIGHT="40" CONTENT="sich" WC="0.97" CC="1545"/>
						<SP ID="P7_SP00692" HPOS="2711" VPOS="1568" WIDTH="43"/>
						<String ID="P7_ST00777" HPOS="2754" VPOS="1529" WIDTH="55" HEIGHT="40" CONTENT="im" WC="0.28" CC="77"/>
						<SP ID="P7_SP00693" HPOS="2809" VPOS="1569" WIDTH="40"/>
						<String ID="P7_ST00778" HPOS="2849" VPOS="1529" WIDTH="174" HEIGHT="40" CONTENT="Verlauf" WC="0.99" CC="0215030"/>
						<SP ID="P7_SP00694" HPOS="3023" VPOS="1569" WIDTH="37"/>
						<String ID="P7_ST00779" HPOS="3060" VPOS="1531" WIDTH="71" HEIGHT="38" CONTENT="der" WC="0.96" CC="072"/>
						<SP ID="P7_SP00695" HPOS="3131" VPOS="1569" WIDTH="38"/>
						<String ID="P7_ST00780" HPOS="3169" VPOS="1529" WIDTH="110" HEIGHT="52" CONTENT="Oper" WC="0.97" CC="5060"/>
						<SP ID="P7_SP00696" HPOS="3279" VPOS="1581" WIDTH="42"/>
						<String ID="P7_ST00781" HPOS="3321" VPOS="1530" WIDTH="40" HEIGHT="51" CONTENT="je" WC="0.70" CC="05"/>
					</TextLine>
					<TextLine ID="P7_TL00085" HPOS="1774" VPOS="1586" WIDTH="1585" HEIGHT="58">
						<String ID="P7_ST00782" HPOS="1774" VPOS="1586" WIDTH="115" HEIGHT="39" CONTENT="mehr" WC="0.95" CC="0776"/>
						<SP ID="P7_SP00697" HPOS="1889" VPOS="1625" WIDTH="30"/>
						<String ID="P7_ST00783" HPOS="1919" VPOS="1587" WIDTH="82" HEIGHT="39" CONTENT="und" WC="0.97" CC="260"/>
						<SP ID="P7_SP00698" HPOS="2001" VPOS="1626" WIDTH="29"/>
						<String ID="P7_ST00784" HPOS="2030" VPOS="1588" WIDTH="116" HEIGHT="40" CONTENT="mehr" WC="0.98" CC="0630"/>
						<SP ID="P7_SP00699" HPOS="2146" VPOS="1628" WIDTH="30"/>
						<String ID="P7_ST00785" HPOS="2176" VPOS="1590" WIDTH="197" HEIGHT="51" CONTENT="steigerte." WC="0.98" CC="0065970464"/>
						<SP ID="P7_SP00700" HPOS="2373" VPOS="1641" WIDTH="109"/>
						<String ID="P7_ST00786" HPOS="2482" VPOS="1591" WIDTH="73" HEIGHT="39" CONTENT="Hr." WC="0.92" CC="894"/>
						<SP ID="P7_SP00701" HPOS="2555" VPOS="1641" WIDTH="30"/>
						<String ID="P7_ST00787" HPOS="2585" VPOS="1592" WIDTH="87" HEIGHT="38" CONTENT="Erl" WC="0.95" CC="093"/>
						<SP ID="P7_SP00702" HPOS="2672" VPOS="1641" WIDTH="40"/>
						<String ID="P7_ST00788" HPOS="2712" VPOS="1604" WIDTH="96" HEIGHT="40" CONTENT="sang" WC="0.98" CC="0270"/>
						<SP ID="P7_SP00703" HPOS="2808" VPOS="1644" WIDTH="39"/>
						<String ID="P7_ST00789" HPOS="2847" VPOS="1593" WIDTH="77" HEIGHT="39" CONTENT="den" WC="0.96" CC="074"/>
						<SP ID="P7_SP00704" HPOS="2924" VPOS="1644" WIDTH="29"/>
						<String ID="P7_ST00790" HPOS="2953" VPOS="1592" WIDTH="210" HEIGHT="40" CONTENT="Almavivä" WC="0.72" CC="01007508"/>
						<SP ID="P7_SP00705" HPOS="3163" VPOS="1644" WIDTH="30"/>
						<String ID="P7_ST00791" HPOS="3193" VPOS="1596" WIDTH="143" HEIGHT="48" CONTENT="vorzüg" SUBS_TYPE="HypPart1" SUBS_CONTENT="vorzüglich," WC="0.98" CC="060009"/>
						<HYP HPOS="3336" VPOS="1596" WIDTH="23" CONTENT="-"/>
					</TextLine>
					<TextLine ID="P7_TL00086" HPOS="1776" VPOS="1648" WIDTH="1582" HEIGHT="59">
						<String ID="P7_ST00792" HPOS="1776" VPOS="1648" WIDTH="91" HEIGHT="48" CONTENT="lich," SUBS_TYPE="HypPart2" SUBS_CONTENT="vorzüglich," WC="0.97" CC="40464"/>
						<SP ID="P7_SP00706" HPOS="1867" VPOS="1696" WIDTH="44"/>
						<String ID="P7_ST00793" HPOS="1911" VPOS="1651" WIDTH="84" HEIGHT="38" CONTENT="und" WC="0.96" CC="460"/>
						<SP ID="P7_SP00707" HPOS="1995" VPOS="1696" WIDTH="39"/>
						<String ID="P7_ST00794" HPOS="2034" VPOS="1651" WIDTH="109" HEIGHT="40" CONTENT="seine" WC="0.97" CC="06084"/>
						<SP ID="P7_SP00708" HPOS="2143" VPOS="1696" WIDTH="35"/>
						<String ID="P7_ST00795" HPOS="2178" VPOS="1653" WIDTH="147" HEIGHT="50" CONTENT="gerade" WC="0.96" CC="979307"/>
						<SP ID="P7_SP00709" HPOS="2325" VPOS="1703" WIDTH="42"/>
						<String ID="P7_ST00796" HPOS="2367" VPOS="1652" WIDTH="42" HEIGHT="40" CONTENT="in" WC="0.28" CC="58"/>
						<SP ID="P7_SP00710" HPOS="2409" VPOS="1703" WIDTH="29"/>
						<String ID="P7_ST00797" HPOS="2438" VPOS="1653" WIDTH="79" HEIGHT="40" CONTENT="den" WC="0.95" CC="056"/>
						<SP ID="P7_SP00711" HPOS="2517" VPOS="1703" WIDTH="28"/>
						<String ID="P7_ST00798" HPOS="2545" VPOS="1653" WIDTH="180" HEIGHT="41" CONTENT="höheren" WC="0.98" CC="7004524"/>
						<SP ID="P7_SP00712" HPOS="2725" VPOS="1703" WIDTH="29"/>
						<String ID="P7_ST00799" HPOS="2754" VPOS="1656" WIDTH="135" HEIGHT="51" CONTENT="Lagen" WC="0.97" CC="00966"/>
						<SP ID="P7_SP00713" HPOS="2889" VPOS="1707" WIDTH="30"/>
						<String ID="P7_ST00800" HPOS="2919" VPOS="1668" WIDTH="42" HEIGHT="27" CONTENT="so" WC="0.77" CC="04"/>
						<SP ID="P7_SP00714" HPOS="2961" VPOS="1707" WIDTH="31"/>
						<String ID="P7_ST00801" HPOS="2992" VPOS="1656" WIDTH="366" HEIGHT="41" CONTENT="ausserordentlich" WC="0.99" CC="0200566005545036"/>
					</TextLine>
					<TextLine ID="P7_TL00087" HPOS="1777" VPOS="1712" WIDTH="1582" HEIGHT="58">
						<String ID="P7_ST00802" HPOS="1777" VPOS="1712" WIDTH="147" HEIGHT="40" CONTENT="schöne" WC="0.98" CC="035047"/>
						<SP ID="P7_SP00715" HPOS="1924" VPOS="1752" WIDTH="30"/>
						<String ID="P7_ST00803" HPOS="1954" VPOS="1714" WIDTH="167" HEIGHT="40" CONTENT="Stimme" WC="0.98" CC="453002"/>
						<SP ID="P7_SP00716" HPOS="2121" VPOS="1754" WIDTH="29"/>
						<String ID="P7_ST00804" HPOS="2150" VPOS="1715" WIDTH="158" HEIGHT="40" CONTENT="machte" WC="0.98" CC="004690"/>
						<SP ID="P7_SP00717" HPOS="2308" VPOS="1755" WIDTH="29"/>
						<String ID="P7_ST00805" HPOS="2337" VPOS="1715" WIDTH="84" HEIGHT="40" CONTENT="sich" WC="0.97" CC="0056"/>
						<SP ID="P7_SP00718" HPOS="2421" VPOS="1755" WIDTH="30"/>
						<String ID="P7_ST00806" HPOS="2451" VPOS="1717" WIDTH="84" HEIGHT="38" CONTENT="aufs" WC="0.97" CC="2720"/>
						<SP ID="P7_SP00719" HPOS="2535" VPOS="1755" WIDTH="31"/>
						<String ID="P7_ST00807" HPOS="2566" VPOS="1717" WIDTH="109" HEIGHT="39" CONTENT="beste" WC="0.98" CC="76000"/>
						<SP ID="P7_SP00720" HPOS="2675" VPOS="1756" WIDTH="30"/>
						<String ID="P7_ST00808" HPOS="2705" VPOS="1718" WIDTH="172" HEIGHT="51" CONTENT="geltend." WC="0.99" CC="05500003"/>
						<SP ID="P7_SP00721" HPOS="2877" VPOS="1769" WIDTH="84"/>
						<String ID="P7_ST00809" HPOS="2961" VPOS="1719" WIDTH="161" HEIGHT="50" CONTENT="Anfang" WC="0.97" CC="080969"/>
						<SP ID="P7_SP00722" HPOS="3122" VPOS="1769" WIDTH="27"/>
						<String ID="P7_ST00810" HPOS="3149" VPOS="1717" WIDTH="210" HEIGHT="53" CONTENT="künftigen" WC="0.99" CC="004190070"/>
					</TextLine>
					<TextLine ID="P7_TL00088" HPOS="1776" VPOS="1774" WIDTH="1583" HEIGHT="56">
						<String ID="P7_ST00811" HPOS="1776" VPOS="1774" WIDTH="159" HEIGHT="41" CONTENT="Monats" WC="0.99" CC="054005"/>
						<SP ID="P7_SP00723" HPOS="1935" VPOS="1815" WIDTH="30"/>
						<String ID="P7_ST00812" HPOS="1965" VPOS="1776" WIDTH="95" HEIGHT="40" CONTENT="trifft" WC="0.97" CC="760446"/>
						<SP ID="P7_SP00724" HPOS="2060" VPOS="1816" WIDTH="28"/>
						<String ID="P7_ST00813" HPOS="2088" VPOS="1778" WIDTH="107" HEIGHT="39" CONTENT="Frau" WC="0.98" CC="0505"/>
						<SP ID="P7_SP00725" HPOS="2195" VPOS="1817" WIDTH="30"/>
						<String ID="P7_ST00814" HPOS="2225" VPOS="1777" WIDTH="186" HEIGHT="53" CONTENT="Gundy" WC="0.70" CC="07700"/>
						<SP ID="P7_SP00726" HPOS="2411" VPOS="1830" WIDTH="38"/>
						<String ID="P7_ST00815" HPOS="2449" VPOS="1792" WIDTH="91" HEIGHT="27" CONTENT="zum" WC="0.98" CC="040"/>
						<SP ID="P7_SP00727" HPOS="2540" VPOS="1830" WIDTH="33"/>
						<String ID="P7_ST00816" HPOS="2573" VPOS="1778" WIDTH="196" HEIGHT="52" CONTENT="Gastspiel" WC="0.99" CC="600000272"/>
						<SP ID="P7_SP00728" HPOS="2769" VPOS="1830" WIDTH="38"/>
						<String ID="P7_ST00817" HPOS="2807" VPOS="1780" WIDTH="77" HEIGHT="40" CONTENT="ein." WC="0.97" CC="1063"/>
						<SP ID="P7_SP00729" HPOS="2884" VPOS="1830" WIDTH="56"/>
						<String ID="P7_ST00818" HPOS="2940" VPOS="1780" WIDTH="188" HEIGHT="40" CONTENT="Dieselbe" WC="0.98" CC="73407365"/>
						<SP ID="P7_SP00730" HPOS="3128" VPOS="1830" WIDTH="48"/>
						<String ID="P7_ST00819" HPOS="3176" VPOS="1780" WIDTH="50" HEIGHT="39" CONTENT="ist" WC="0.99" CC="300"/>
						<SP ID="P7_SP00731" HPOS="3226" VPOS="1830" WIDTH="42"/>
						<String ID="P7_ST00820" HPOS="3268" VPOS="1781" WIDTH="91" HEIGHT="39" CONTENT="dem" WC="0.97" CC="070"/>
					</TextLine>
					<TextLine ID="P7_TL00089" HPOS="1776" VPOS="1837" WIDTH="1585" HEIGHT="57">
						<String ID="P7_ST00821" HPOS="1776" VPOS="1837" WIDTH="181" HEIGHT="54" CONTENT="hiesigen" WC="0.98" CC="53800065"/>
						<SP ID="P7_SP00732" HPOS="1957" VPOS="1891" WIDTH="29"/>
						<String ID="P7_ST00822" HPOS="1986" VPOS="1840" WIDTH="213" HEIGHT="40" CONTENT="Publicum" WC="0.98" CC="08750548"/>
						<SP ID="P7_SP00733" HPOS="2199" VPOS="1891" WIDTH="43"/>
						<String ID="P7_ST00823" HPOS="2242" VPOS="1841" WIDTH="106" HEIGHT="40" CONTENT="wohl" WC="0.97" CC="0661"/>
						<SP ID="P7_SP00734" HPOS="2348" VPOS="1891" WIDTH="45"/>
						<String ID="P7_ST00824" HPOS="2393" VPOS="1842" WIDTH="106" HEIGHT="39" CONTENT="noch" WC="0.95" CC="8556"/>
						<SP ID="P7_SP00735" HPOS="2499" VPOS="1891" WIDTH="40"/>
						<String ID="P7_ST00825" HPOS="2539" VPOS="1842" WIDTH="41" HEIGHT="39" CONTENT="in" WC="0.64" CC="07"/>
						<SP ID="P7_SP00736" HPOS="2580" VPOS="1891" WIDTH="39"/>
						<String ID="P7_ST00826" HPOS="2619" VPOS="1847" WIDTH="136" HEIGHT="47" CONTENT="gutem" WC="0.98" CC="05360"/>
						<SP ID="P7_SP00737" HPOS="2755" VPOS="1894" WIDTH="37"/>
						<String ID="P7_ST00827" HPOS="2792" VPOS="1842" WIDTH="240" HEIGHT="41" CONTENT="Andenken." WC="0.98" CC="080680483"/>
						<SP ID="P7_SP00738" HPOS="3032" VPOS="1894" WIDTH="59"/>
						<String ID="P7_ST00828" HPOS="3091" VPOS="1844" WIDTH="45" HEIGHT="38" CONTENT="In" WC="0.29" CC="67"/>
						<SP ID="P7_SP00739" HPOS="3136" VPOS="1894" WIDTH="43"/>
						<String ID="P7_ST00829" HPOS="3179" VPOS="1842" WIDTH="63" HEIGHT="40" CONTENT="die" WC="0.96" CC="054"/>
						<SP ID="P7_SP00740" HPOS="3242" VPOS="1894" WIDTH="34"/>
						<String ID="P7_ST00830" HPOS="3276" VPOS="1843" WIDTH="85" HEIGHT="39" CONTENT="Zeit" WC="0.98" CC="0540"/>
					</TextLine>
					<TextLine ID="P7_TL00090" HPOS="1776" VPOS="1902" WIDTH="1585" HEIGHT="55">
						<String ID="P7_ST00831" HPOS="1776" VPOS="1902" WIDTH="106" HEIGHT="40" CONTENT="ihres" WC="1.00" CC="20000"/>
						<SP ID="P7_SP00741" HPOS="1882" VPOS="1942" WIDTH="30"/>
						<String ID="P7_ST00832" HPOS="1912" VPOS="1903" WIDTH="297" HEIGHT="52" CONTENT="Engagements" WC="0.99" CC="05000607840"/>
						<SP ID="P7_SP00742" HPOS="2209" VPOS="1955" WIDTH="31"/>
						<String ID="P7_ST00833" HPOS="2240" VPOS="1905" WIDTH="66" HEIGHT="39" CONTENT="fiel" WC="0.99" CC="1104"/>
						<SP ID="P7_SP00743" HPOS="2306" VPOS="1955" WIDTH="33"/>
						<String ID="P7_ST00834" HPOS="2339" VPOS="1905" WIDTH="63" HEIGHT="39" CONTENT="die" WC="0.95" CC="076"/>
						<SP ID="P7_SP00744" HPOS="2402" VPOS="1955" WIDTH="39"/>
						<String ID="P7_ST00835" HPOS="2441" VPOS="1909" WIDTH="103" HEIGHT="36" CONTENT="erste" WC="0.98" CC="26304"/>
						<SP ID="P7_SP00745" HPOS="2544" VPOS="1955" WIDTH="29"/>
						<String ID="P7_ST00836" HPOS="2573" VPOS="1905" WIDTH="261" HEIGHT="52" CONTENT="Aufführung" WC="0.99" CC="0800068880"/>
						<SP ID="P7_SP00746" HPOS="2834" VPOS="1957" WIDTH="29"/>
						<String ID="P7_ST00837" HPOS="2863" VPOS="1907" WIDTH="69" HEIGHT="39" CONTENT="des" WC="0.97" CC="070"/>
						<SP ID="P7_SP00747" HPOS="2932" VPOS="1957" WIDTH="30"/>
						<String ID="P7_ST00838" HPOS="2962" VPOS="1906" WIDTH="300" HEIGHT="51" CONTENT='„Propheten";' WC="1.00" CC="000406000531"/>
						<SP ID="P7_SP00748" HPOS="3262" VPOS="1957" WIDTH="43"/>
						<String ID="P7_ST00839" HPOS="3305" VPOS="1905" WIDTH="56" HEIGHT="42" CONTENT="sie" WC="0.97" CC="007"/>
					</TextLine>
					<TextLine ID="P7_TL00091" HPOS="1776" VPOS="1964" WIDTH="1585" HEIGHT="51">
						<String ID="P7_ST00840" HPOS="1776" VPOS="1964" WIDTH="71" HEIGHT="40" CONTENT="mit" WC="0.99" CC="020"/>
						<SP ID="P7_SP00749" HPOS="1847" VPOS="2004" WIDTH="44"/>
						<String ID="P7_ST00841" HPOS="1891" VPOS="1965" WIDTH="116" HEIGHT="41" CONTENT="ihren" WC="0.97" CC="34067"/>
						<SP ID="P7_SP00750" HPOS="2007" VPOS="2006" WIDTH="45"/>
						<String ID="P7_ST00842" HPOS="2052" VPOS="1967" WIDTH="227" HEIGHT="39" CONTENT="herrlichen" WC="0.98" CC="6625007567"/>
						<SP ID="P7_SP00751" HPOS="2279" VPOS="2006" WIDTH="45"/>
						<String ID="P7_ST00843" HPOS="2324" VPOS="1968" WIDTH="158" HEIGHT="40" CONTENT="Mitteln" WC="0.97" CC="9495740"/>
						<SP ID="P7_SP00752" HPOS="2482" VPOS="2008" WIDTH="45"/>
						<String ID="P7_ST00844" HPOS="2527" VPOS="1980" WIDTH="83" HEIGHT="27" CONTENT="war" WC="0.98" CC="005"/>
						<SP ID="P7_SP00753" HPOS="2610" VPOS="2008" WIDTH="37"/>
						<String ID="P7_ST00845" HPOS="2647" VPOS="1980" WIDTH="145" HEIGHT="28" CONTENT="unsere" WC="0.97" CC="680760"/>
						<SP ID="P7_SP00754" HPOS="2792" VPOS="2008" WIDTH="40"/>
						<String ID="P7_ST00846" HPOS="2832" VPOS="1974" WIDTH="102" HEIGHT="35" CONTENT="erste" WC="0.97" CC="60093"/>
						<SP ID="P7_SP00755" HPOS="2934" VPOS="2009" WIDTH="45"/>
						<String ID="P7_ST00847" HPOS="2979" VPOS="1968" WIDTH="131" HEIGHT="47" CONTENT="Fides," WC="0.99" CC="040604"/>
						<SP ID="P7_SP00756" HPOS="3110" VPOS="2015" WIDTH="55"/>
						<String ID="P7_ST00848" HPOS="3165" VPOS="1968" WIDTH="84" HEIGHT="40" CONTENT="und" WC="0.95" CC="660"/>
						<SP ID="P7_SP00757" HPOS="3249" VPOS="2015" WIDTH="42"/>
						<String ID="P7_ST00849" HPOS="3291" VPOS="1969" WIDTH="47" HEIGHT="39" CONTENT="ob" SUBS_TYPE="HypPart1" SUBS_CONTENT="obwohl" WC="0.93" CC="67"/>
						<HYP HPOS="3338" VPOS="1969" WIDTH="23" CONTENT="-"/>
					</TextLine>
					<TextLine ID="P7_TL00092" HPOS="1774" VPOS="2028" WIDTH="1585" HEIGHT="55">
						<String ID="P7_ST00850" HPOS="1774" VPOS="2028" WIDTH="106" HEIGHT="39" CONTENT="wohl" SUBS_TYPE="HypPart2" SUBS_CONTENT="obwohl" WC="0.98" CC="0064"/>
						<SP ID="P7_SP00758" HPOS="1880" VPOS="2067" WIDTH="44"/>
						<String ID="P7_ST00851" HPOS="1924" VPOS="2029" WIDTH="74" HEIGHT="40" CONTENT="wir" WC="0.98" CC="050"/>
						<SP ID="P7_SP00759" HPOS="1998" VPOS="2069" WIDTH="43"/>
						<String ID="P7_ST00852" HPOS="2041" VPOS="2029" WIDTH="168" HEIGHT="40" CONTENT="seitdem" WC="0.99" CC="0533070"/>
						<SP ID="P7_SP00760" HPOS="2209" VPOS="2069" WIDTH="29"/>
						<String ID="P7_ST00853" HPOS="2238" VPOS="2029" WIDTH="318" HEIGHT="41" CONTENT="Künstlerinnen" WC="1.00" CC="5000010020006"/>
						<SP ID="P7_SP00761" HPOS="2556" VPOS="2070" WIDTH="48"/>
						<String ID="P7_ST00854" HPOS="2604" VPOS="2035" WIDTH="130" HEIGHT="36" CONTENT="ersten" WC="0.98" CC="500077"/>
						<SP ID="P7_SP00762" HPOS="2734" VPOS="2071" WIDTH="42"/>
						<String ID="P7_ST00855" HPOS="2776" VPOS="2031" WIDTH="161" HEIGHT="52" CONTENT="Banges" WC="0.98" CC="907070"/>
						<SP ID="P7_SP00763" HPOS="2937" VPOS="2083" WIDTH="44"/>
						<String ID="P7_ST00856" HPOS="2981" VPOS="2032" WIDTH="40" HEIGHT="38" CONTENT="in" WC="0.38" CC="48"/>
						<SP ID="P7_SP00764" HPOS="3021" VPOS="2083" WIDTH="47"/>
						<String ID="P7_ST00857" HPOS="3068" VPOS="2031" WIDTH="129" HEIGHT="39" CONTENT="dieser" WC="0.98" CC="067083"/>
						<SP ID="P7_SP00765" HPOS="3197" VPOS="2083" WIDTH="30"/>
						<String ID="P7_ST00858" HPOS="3227" VPOS="2030" WIDTH="132" HEIGHT="41" CONTENT="Partie" WC="0.99" CC="000436"/>
					</TextLine>
					<TextLine ID="P7_TL00093" HPOS="1773" VPOS="2090" WIDTH="1584" HEIGHT="49">
						<String ID="P7_ST00859" HPOS="1773" VPOS="2090" WIDTH="160" HEIGHT="41" CONTENT="kennen" WC="0.97" CC="068676"/>
						<SP ID="P7_SP00766" HPOS="1933" VPOS="2131" WIDTH="29"/>
						<String ID="P7_ST00860" HPOS="1962" VPOS="2091" WIDTH="84" HEIGHT="38" CONTENT="und" WC="0.95" CC="680"/>
						<SP ID="P7_SP00767" HPOS="2046" VPOS="2131" WIDTH="30"/>
						<String ID="P7_ST00861" HPOS="2076" VPOS="2092" WIDTH="249" HEIGHT="39" CONTENT="bewundern" WC="0.98" CC="700380568"/>
						<SP ID="P7_SP00768" HPOS="2325" VPOS="2131" WIDTH="29"/>
						<String ID="P7_ST00862" HPOS="2354" VPOS="2093" WIDTH="168" HEIGHT="46" CONTENT="lernten," WC="0.98" CC="30927354"/>
						<SP ID="P7_SP00769" HPOS="2522" VPOS="2139" WIDTH="41"/>
						<String ID="P7_ST00863" HPOS="2563" VPOS="2092" WIDTH="102" HEIGHT="39" CONTENT="wird" WC="0.95" CC="9390"/>
						<SP ID="P7_SP00770" HPOS="2665" VPOS="2139" WIDTH="38"/>
						<String ID="P7_ST00864" HPOS="2703" VPOS="2106" WIDTH="93" HEIGHT="26" CONTENT="man" WC="0.97" CC="007"/>
						<SP ID="P7_SP00771" HPOS="2796" VPOS="2139" WIDTH="43"/>
						<String ID="P7_ST00865" HPOS="2839" VPOS="2094" WIDTH="84" HEIGHT="39" CONTENT="sich" WC="0.96" CC="0635"/>
						<SP ID="P7_SP00772" HPOS="2923" VPOS="2139" WIDTH="45"/>
						<String ID="P7_ST00866" HPOS="2968" VPOS="2093" WIDTH="102" HEIGHT="40" CONTENT="doch" WC="0.97" CC="0527"/>
						<SP ID="P7_SP00773" HPOS="3070" VPOS="2139" WIDTH="45"/>
						<String ID="P7_ST00867" HPOS="3115" VPOS="2093" WIDTH="107" HEIGHT="40" CONTENT="wohl" WC="0.96" CC="0905"/>
						<SP ID="P7_SP00774" HPOS="3222" VPOS="2139" WIDTH="31"/>
						<String ID="P7_ST00868" HPOS="3253" VPOS="2093" WIDTH="104" HEIGHT="40" CONTENT="noch" WC="0.96" CC="8152"/>
					</TextLine>
					<TextLine ID="P7_TL00094" HPOS="1773" VPOS="2154" WIDTH="1350" HEIGHT="54">
						<String ID="P7_ST00869" HPOS="1773" VPOS="2154" WIDTH="72" HEIGHT="39" CONTENT="mit" WC="0.94" CC="059"/>
						<SP ID="P7_SP00775" HPOS="1845" VPOS="2193" WIDTH="28"/>
						<String ID="P7_ST00870" HPOS="1873" VPOS="2154" WIDTH="247" HEIGHT="52" CONTENT="Vergnügen" WC="0.99" CC="000070955"/>
						<SP ID="P7_SP00776" HPOS="2120" VPOS="2206" WIDTH="30"/>
						<String ID="P7_ST00871" HPOS="2150" VPOS="2155" WIDTH="101" HEIGHT="39" CONTENT="auch" WC="0.96" CC="0767"/>
						<SP ID="P7_SP00777" HPOS="2251" VPOS="2206" WIDTH="28"/>
						<String ID="P7_ST00872" HPOS="2279" VPOS="2156" WIDTH="113" HEIGHT="50" CONTENT="jener" WC="0.96" CC="60866"/>
						<SP ID="P7_SP00778" HPOS="2392" VPOS="2206" WIDTH="29"/>
						<String ID="P7_ST00873" HPOS="2421" VPOS="2159" WIDTH="131" HEIGHT="36" CONTENT="ersten" WC="0.96" CC="756868"/>
						<SP ID="P7_SP00779" HPOS="2552" VPOS="2206" WIDTH="28"/>
						<String ID="P7_ST00874" HPOS="2580" VPOS="2156" WIDTH="314" HEIGHT="52" CONTENT="Aufführungen" WC="0.99" CC="040306948964"/>
						<SP ID="P7_SP00780" HPOS="2894" VPOS="2208" WIDTH="30"/>
						<String ID="P7_ST00875" HPOS="2924" VPOS="2157" WIDTH="199" HEIGHT="40" CONTENT="erinnern." WC="0.98" CC="005886954"/>
					</TextLine>
				</TextBlock>
				<TextBlock ID="P7_TB00009" HPOS="1772" VPOS="2299" WIDTH="1584" HEIGHT="996" STYLEREFS="TXT_1 PAR_BLOCK">
					<TextLine ID="P7_TL00095" HPOS="1854" VPOS="2300" WIDTH="1502" HEIGHT="52">
						<String ID="P7_ST00876" HPOS="1854" VPOS="2303" WIDTH="264" HEIGHT="35" CONTENT="Breslau." WC="0.97" CC="78037887"/>
						<SP ID="P7_SP00781" HPOS="2118" VPOS="2338" WIDTH="56"/>
						<String ID="P7_ST00877" HPOS="2174" VPOS="2301" WIDTH="188" HEIGHT="51" CONTENT="Boger," WC="0.98" CC="050554"/>
						<SP ID="P7_SP00782" HPOS="2362" VPOS="2352" WIDTH="30"/>
						<String ID="P7_ST00878" HPOS="2392" VPOS="2301" WIDTH="174" HEIGHT="40" CONTENT="welcher" WC="0.99" CC="0405000"/>
						<SP ID="P7_SP00783" HPOS="2566" VPOS="2352" WIDTH="28"/>
						<String ID="P7_ST00879" HPOS="2594" VPOS="2301" WIDTH="88" HEIGHT="40" CONTENT="hier" WC="0.95" CC="6456"/>
						<SP ID="P7_SP00784" HPOS="2682" VPOS="2352" WIDTH="28"/>
						<String ID="P7_ST00880" HPOS="2710" VPOS="2302" WIDTH="77" HEIGHT="39" CONTENT="wie" WC="0.92" CC="946"/>
						<SP ID="P7_SP00785" HPOS="2787" VPOS="2352" WIDTH="29"/>
						<String ID="P7_ST00881" HPOS="2816" VPOS="2301" WIDTH="155" HEIGHT="39" CONTENT="überall" WC="0.99" CC="0014044"/>
						<SP ID="P7_SP00786" HPOS="2971" VPOS="2352" WIDTH="30"/>
						<String ID="P7_ST00882" HPOS="3001" VPOS="2300" WIDTH="64" HEIGHT="40" CONTENT="die" WC="0.96" CC="054"/>
						<SP ID="P7_SP00787" HPOS="3065" VPOS="2352" WIDTH="29"/>
						<String ID="P7_ST00883" HPOS="3094" VPOS="2301" WIDTH="162" HEIGHT="39" CONTENT="Herzen" WC="0.96" CC="769378"/>
						<SP ID="P7_SP00788" HPOS="3256" VPOS="2352" WIDTH="30"/>
						<String ID="P7_ST00884" HPOS="3286" VPOS="2302" WIDTH="70" HEIGHT="38" CONTENT="der" WC="0.93" CC="909"/>
					</TextLine>
					<TextLine ID="P7_TL00096" HPOS="1773" VPOS="2363" WIDTH="1583" HEIGHT="52">
						<String ID="P7_ST00885" HPOS="1773" VPOS="2365" WIDTH="158" HEIGHT="39" CONTENT="Frauen" WC="0.98" CC="000768"/>
						<SP ID="P7_SP00789" HPOS="1931" VPOS="2404" WIDTH="28"/>
						<String ID="P7_ST00886" HPOS="1959" VPOS="2365" WIDTH="217" HEIGHT="38" CONTENT="bezaubert" WC="0.98" CC="752980860"/>
						<SP ID="P7_SP00790" HPOS="2176" VPOS="2404" WIDTH="49"/>
						<String ID="P7_ST00887" HPOS="2225" VPOS="2364" WIDTH="82" HEIGHT="39" CONTENT="und" WC="0.95" CC="380"/>
						<SP ID="P7_SP00791" HPOS="2307" VPOS="2404" WIDTH="41"/>
						<String ID="P7_ST00888" HPOS="2348" VPOS="2364" WIDTH="123" HEIGHT="39" CONTENT="deren" WC="0.97" CC="06067"/>
						<SP ID="P7_SP00792" HPOS="2471" VPOS="2404" WIDTH="39"/>
						<String ID="P7_ST00889" HPOS="2510" VPOS="2364" WIDTH="412" HEIGHT="40" CONTENT="schmeichelhafteste" WC="0.99" CC="036642666060005005"/>
						<SP ID="P7_SP00793" HPOS="2922" VPOS="2404" WIDTH="29"/>
						<String ID="P7_ST00890" HPOS="2951" VPOS="2363" WIDTH="293" HEIGHT="52" CONTENT="Huldigungen" WC="0.99" CC="65060078077"/>
						<SP ID="P7_SP00794" HPOS="3244" VPOS="2415" WIDTH="29"/>
						<String ID="P7_ST00891" HPOS="3273" VPOS="2363" WIDTH="83" HEIGHT="40" CONTENT="sich" WC="0.96" CC="3156"/>
					</TextLine>
					<TextLine ID="P7_TL00097" HPOS="1774" VPOS="2425" WIDTH="1582" HEIGHT="54">
						<String ID="P7_ST00892" HPOS="1774" VPOS="2438" WIDTH="181" HEIGHT="41" CONTENT="gewann," WC="0.99" CC="0000764"/>
						<SP ID="P7_SP00795" HPOS="1955" VPOS="2479" WIDTH="30"/>
						<String ID="P7_ST00893" HPOS="1985" VPOS="2426" WIDTH="67" HEIGHT="39" CONTENT="hat" WC="0.97" CC="600"/>
						<SP ID="P7_SP00796" HPOS="2052" VPOS="2479" WIDTH="29"/>
						<String ID="P7_ST00894" HPOS="2081" VPOS="2425" WIDTH="110" HEIGHT="40" CONTENT="nicht" WC="0.98" CC="50550"/>
						<SP ID="P7_SP00797" HPOS="2191" VPOS="2479" WIDTH="28"/>
						<String ID="P7_ST00895" HPOS="2219" VPOS="2438" WIDTH="29" HEIGHT="26" CONTENT="w" WC="1.00" CC="9"/>
						<String ID="P7_ST00896" HPOS="2248" VPOS="2439" WIDTH="6" HEIGHT="12" CONTENT="r" STYLE="superscript" WC="0.23" CC="7"/>
						<String ID="P7_ST00897" HPOS="2259" VPOS="2426" WIDTH="106" HEIGHT="39" CONTENT="ollen" WC="0.47" CC="52367"/>
						<SP ID="P7_SP00798" HPOS="2365" VPOS="2479" WIDTH="29"/>
						<String ID="P7_ST00898" HPOS="2394" VPOS="2437" WIDTH="78" HEIGHT="28" CONTENT="von" WC="0.96" CC="037"/>
						<SP ID="P7_SP00799" HPOS="2472" VPOS="2479" WIDTH="31"/>
						<String ID="P7_ST00899" HPOS="2503" VPOS="2425" WIDTH="86" HEIGHT="40" CONTENT="hier" WC="0.96" CC="0655"/>
						<SP ID="P7_SP00800" HPOS="2589" VPOS="2479" WIDTH="29"/>
						<String ID="P7_ST00900" HPOS="2618" VPOS="2426" WIDTH="202" HEIGHT="46" CONTENT="scheiden," WC="0.99" CC="063330783"/>
						<SP ID="P7_SP00801" HPOS="2820" VPOS="2479" WIDTH="38"/>
						<String ID="P7_ST00901" HPOS="2858" VPOS="2426" WIDTH="106" HEIGHT="39" CONTENT="ohne" WC="0.96" CC="0673"/>
						<SP ID="P7_SP00802" HPOS="2964" VPOS="2479" WIDTH="28"/>
						<String ID="P7_ST00902" HPOS="2992" VPOS="2426" WIDTH="64" HEIGHT="39" CONTENT="ein" WC="0.96" CC="036"/>
						<SP ID="P7_SP00803" HPOS="3056" VPOS="2479" WIDTH="30"/>
						<String ID="P7_ST00903" HPOS="3086" VPOS="2426" WIDTH="173" HEIGHT="39" CONTENT="Zeichen" WC="0.98" CC="0214574"/>
						<SP ID="P7_SP00804" HPOS="3259" VPOS="2479" WIDTH="30"/>
						<String ID="P7_ST00904" HPOS="3289" VPOS="2427" WIDTH="67" HEIGHT="40" CONTENT="des" WC="1.00" CC="000"/>
					</TextLine>
					<TextLine ID="P7_TL00098" HPOS="1774" VPOS="2488" WIDTH="1582" HEIGHT="43">
						<String ID="P7_ST00905" HPOS="1774" VPOS="2489" WIDTH="161" HEIGHT="42" CONTENT="Dankes" WC="0.99" CC="708000"/>
						<SP ID="P7_SP00805" HPOS="1935" VPOS="2531" WIDTH="31"/>
						<String ID="P7_ST00906" HPOS="1966" VPOS="2502" WIDTH="48" HEIGHT="26" CONTENT="zu" WC="0.56" CC="17"/>
						<SP ID="P7_SP00806" HPOS="2014" VPOS="2531" WIDTH="30"/>
						<String ID="P7_ST00907" HPOS="2044" VPOS="2488" WIDTH="275" HEIGHT="40" CONTENT="hinterlassen." WC="0.99" CC="6080051000701"/>
						<SP ID="P7_SP00807" HPOS="2319" VPOS="2531" WIDTH="30"/>
						<String ID="P7_ST00908" HPOS="2349" VPOS="2490" WIDTH="57" HEIGHT="39" CONTENT="Er" WC="1.00" CC="00"/>
						<SP ID="P7_SP00808" HPOS="2406" VPOS="2531" WIDTH="28"/>
						<String ID="P7_ST00909" HPOS="2434" VPOS="2489" WIDTH="68" HEIGHT="39" CONTENT="hat" WC="0.98" CC="410"/>
						<SP ID="P7_SP00809" HPOS="2502" VPOS="2531" WIDTH="29"/>
						<String ID="P7_ST00910" HPOS="2531" VPOS="2488" WIDTH="123" HEIGHT="41" CONTENT="daher" WC="0.99" CC="00053"/>
						<SP ID="P7_SP00810" HPOS="2654" VPOS="2531" WIDTH="30"/>
						<String ID="P7_ST00911" HPOS="2684" VPOS="2489" WIDTH="123" HEIGHT="39" CONTENT="zwei" WC="0.98" CC="0442"/>
						<SP ID="P7_SP00811" HPOS="2807" VPOS="2531" WIDTH="32"/>
						<String ID="P7_ST00912" HPOS="2839" VPOS="2489" WIDTH="212" HEIGHT="39" CONTENT="Polka's" WC="0.99" CC="8330020"/>
						<SP ID="P7_SP00812" HPOS="3051" VPOS="2531" WIDTH="30"/>
						<String ID="P7_ST00913" HPOS="3081" VPOS="2488" WIDTH="130" HEIGHT="40" CONTENT="seiner" WC="0.97" CC="075666"/>
						<SP ID="P7_SP00813" HPOS="3211" VPOS="2531" WIDTH="30"/>
						<String ID="P7_ST00914" HPOS="3241" VPOS="2488" WIDTH="87" HEIGHT="40" CONTENT="Com" SUBS_TYPE="HypPart1" SUBS_CONTENT="Composition," WC="0.76" CC="500"/>
						<HYP HPOS="3328" VPOS="2488" WIDTH="28" CONTENT="-"/>
					</TextLine>
					<TextLine ID="P7_TL00099" HPOS="1774" VPOS="2551" WIDTH="1580" HEIGHT="53">
						<String ID="P7_ST00915" HPOS="1774" VPOS="2552" WIDTH="185" HEIGHT="52" CONTENT="position," SUBS_TYPE="HypPart2" SUBS_CONTENT="Composition," WC="0.81" CC="000002354"/>
						<SP ID="P7_SP00814" HPOS="1959" VPOS="2604" WIDTH="29"/>
						<String ID="P7_ST00916" HPOS="1988" VPOS="2552" WIDTH="153" HEIGHT="40" CONTENT="welche" WC="0.97" CC="064674"/>
						<SP ID="P7_SP00815" HPOS="2141" VPOS="2604" WIDTH="30"/>
						<String ID="P7_ST00917" HPOS="2171" VPOS="2551" WIDTH="42" HEIGHT="40" CONTENT="in" WC="0.34" CC="66"/>
						<SP ID="P7_SP00816" HPOS="2213" VPOS="2604" WIDTH="29"/>
						<String ID="P7_ST00918" HPOS="2242" VPOS="2551" WIDTH="138" HEIGHT="41" CONTENT="diesen" WC="0.99" CC="000083"/>
						<SP ID="P7_SP00817" HPOS="2380" VPOS="2604" WIDTH="27"/>
						<String ID="P7_ST00919" HPOS="2407" VPOS="2552" WIDTH="138" HEIGHT="52" CONTENT="Tagen" WC="1.00" CC="00003"/>
						<SP ID="P7_SP00818" HPOS="2545" VPOS="2604" WIDTH="29"/>
						<String ID="P7_ST00920" HPOS="2574" VPOS="2552" WIDTH="55" HEIGHT="39" CONTENT="im" WC="1.00" CC="00"/>
						<SP ID="P7_SP00819" HPOS="2629" VPOS="2604" WIDTH="22"/>
						<String ID="P7_ST00921" HPOS="2651" VPOS="2552" WIDTH="173" HEIGHT="52" CONTENT="Verlage" WC="0.98" CC="0637207"/>
						<SP ID="P7_SP00820" HPOS="2824" VPOS="2604" WIDTH="29"/>
						<String ID="P7_ST00922" HPOS="2853" VPOS="2564" WIDTH="78" HEIGHT="27" CONTENT="von" WC="0.96" CC="018"/>
						<SP ID="P7_SP00821" HPOS="2931" VPOS="2604" WIDTH="30"/>
						<String ID="P7_ST00923" HPOS="2961" VPOS="2552" WIDTH="134" HEIGHT="39" CONTENT="Sohn" WC="0.96" CC="5163"/>
						<SP ID="P7_SP00822" HPOS="3095" VPOS="2604" WIDTH="29"/>
						<String ID="P7_ST00924" HPOS="3124" VPOS="2552" WIDTH="82" HEIGHT="39" CONTENT="und" WC="0.98" CC="040"/>
						<SP ID="P7_SP00823" HPOS="3206" VPOS="2604" WIDTH="28"/>
						<String ID="P7_ST00925" HPOS="3234" VPOS="2552" WIDTH="90" HEIGHT="40" CONTENT="Leh" SUBS_TYPE="HypPart1" SUBS_CONTENT="Lehmann" WC="0.96" CC="065"/>
						<HYP HPOS="3324" VPOS="2552" WIDTH="30" CONTENT="-"/>
					</TextLine>
					<TextLine ID="P7_TL00100" HPOS="1774" VPOS="2615" WIDTH="1582" HEIGHT="53">
						<String ID="P7_ST00926" HPOS="1774" VPOS="2629" WIDTH="148" HEIGHT="27" CONTENT="mann" SUBS_TYPE="HypPart2" SUBS_CONTENT="Lehmann" WC="0.97" CC="0067"/>
						<SP ID="P7_SP00824" HPOS="1922" VPOS="2656" WIDTH="30"/>
						<String ID="P7_ST00927" HPOS="1952" VPOS="2616" WIDTH="150" HEIGHT="52" CONTENT="(früher" WC="0.99" CC="0310650"/>
						<SP ID="P7_SP00825" HPOS="2102" VPOS="2668" WIDTH="19"/>
						<String ID="P7_ST00928" HPOS="2121" VPOS="2616" WIDTH="98" HEIGHT="39" CONTENT="Bote" WC="0.99" CC="0004"/>
						<SP ID="P7_SP00826" HPOS="2219" VPOS="2668" WIDTH="18"/>
						<String ID="P7_ST00929" HPOS="2237" VPOS="2616" WIDTH="83" HEIGHT="38" CONTENT="und" WC="0.96" CC="370"/>
						<SP ID="P7_SP00827" HPOS="2320" VPOS="2668" WIDTH="18"/>
						<String ID="P7_ST00930" HPOS="2338" VPOS="2615" WIDTH="123" HEIGHT="52" CONTENT="Bock)" WC="0.98" CC="70304"/>
						<SP ID="P7_SP00828" HPOS="2461" VPOS="2668" WIDTH="30"/>
						<String ID="P7_ST00931" HPOS="2491" VPOS="2615" WIDTH="236" HEIGHT="40" CONTENT="erscheinen" WC="0.99" CC="2040550060"/>
						<SP ID="P7_SP00829" HPOS="2727" VPOS="2668" WIDTH="21"/>
						<String ID="P7_ST00932" HPOS="2748" VPOS="2615" WIDTH="176" HEIGHT="47" CONTENT="werden," WC="0.99" CC="0460054"/>
						<SP ID="P7_SP00830" HPOS="2924" VPOS="2668" WIDTH="31"/>
						<String ID="P7_ST00933" HPOS="2955" VPOS="2615" WIDTH="96" HEIGHT="40" CONTENT="den" WC="0.99" CC="030"/>
						<SP ID="P7_SP00831" HPOS="3051" VPOS="2668" WIDTH="30"/>
						<String ID="P7_ST00934" HPOS="3081" VPOS="2615" WIDTH="275" HEIGHT="41" CONTENT="breslauer" WC="0.99" CC="046040546"/>
					</TextLine>
					<TextLine ID="P7_TL00101" HPOS="1775" VPOS="2677" WIDTH="1581" HEIGHT="54">
						<String ID="P7_ST00935" HPOS="1775" VPOS="2681" WIDTH="192" HEIGHT="40" CONTENT="Damen" WC="0.97" CC="70066"/>
						<SP ID="P7_SP00832" HPOS="1967" VPOS="2721" WIDTH="31"/>
						<String ID="P7_ST00936" HPOS="1998" VPOS="2679" WIDTH="225" HEIGHT="52" CONTENT="gewidmet," WC="0.99" CC="050492444"/>
						<SP ID="P7_SP00833" HPOS="2223" VPOS="2731" WIDTH="31"/>
						<String ID="P7_ST00937" HPOS="2254" VPOS="2678" WIDTH="81" HEIGHT="39" CONTENT="und" WC="0.96" CC="640"/>
						<SP ID="P7_SP00834" HPOS="2335" VPOS="2731" WIDTH="29"/>
						<String ID="P7_ST00938" HPOS="2364" VPOS="2677" WIDTH="103" HEIGHT="41" CONTENT="wird" WC="0.97" CC="0490"/>
						<SP ID="P7_SP00835" HPOS="2467" VPOS="2731" WIDTH="27"/>
						<String ID="P7_ST00939" HPOS="2494" VPOS="2677" WIDTH="73" HEIGHT="41" CONTENT="mit" WC="0.98" CC="050"/>
						<SP ID="P7_SP00836" HPOS="2567" VPOS="2731" WIDTH="28"/>
						<String ID="P7_ST00940" HPOS="2595" VPOS="2678" WIDTH="132" HEIGHT="40" CONTENT="dieser" WC="0.99" CC="006030"/>
						<SP ID="P7_SP00837" HPOS="2727" VPOS="2731" WIDTH="30"/>
						<String ID="P7_ST00941" HPOS="2757" VPOS="2677" WIDTH="238" HEIGHT="53" CONTENT="Huldigung" WC="0.98" CC="876000880"/>
						<SP ID="P7_SP00838" HPOS="2995" VPOS="2731" WIDTH="28"/>
						<String ID="P7_ST00942" HPOS="3023" VPOS="2677" WIDTH="143" HEIGHT="53" CONTENT="gewiss" WC="0.99" CC="050500"/>
						<SP ID="P7_SP00839" HPOS="3166" VPOS="2731" WIDTH="29"/>
						<String ID="P7_ST00943" HPOS="3195" VPOS="2677" WIDTH="161" HEIGHT="40" CONTENT="Herzen" WC="0.98" CC="033078"/>
					</TextLine>
					<TextLine ID="P7_TL00102" HPOS="1774" VPOS="2740" WIDTH="1582" HEIGHT="54">
						<String ID="P7_ST00944" HPOS="1774" VPOS="2744" WIDTH="84" HEIGHT="38" CONTENT="und" WC="0.95" CC="770"/>
						<SP ID="P7_SP00840" HPOS="1858" VPOS="2782" WIDTH="29"/>
						<String ID="P7_ST00945" HPOS="1887" VPOS="2744" WIDTH="125" HEIGHT="38" CONTENT="Füsse" WC="0.77" CC="60004"/>
						<SP ID="P7_SP00841" HPOS="2012" VPOS="2782" WIDTH="42"/>
						<String ID="P7_ST00946" HPOS="2054" VPOS="2742" WIDTH="179" HEIGHT="52" CONTENT="zugleich" WC="0.99" CC="02066440"/>
						<SP ID="P7_SP00842" HPOS="2233" VPOS="2794" WIDTH="44"/>
						<String ID="P7_ST00947" HPOS="2277" VPOS="2742" WIDTH="42" HEIGHT="40" CONTENT="in" WC="0.59" CC="25"/>
						<SP ID="P7_SP00843" HPOS="2319" VPOS="2794" WIDTH="29"/>
						<String ID="P7_ST00948" HPOS="2348" VPOS="2742" WIDTH="234" HEIGHT="51" CONTENT="Bewegung" WC="0.99" CC="70060540"/>
						<SP ID="P7_SP00844" HPOS="2582" VPOS="2794" WIDTH="39"/>
						<String ID="P7_ST00949" HPOS="2621" VPOS="2747" WIDTH="133" HEIGHT="34" CONTENT="setzen" WC="0.98" CC="040047"/>
						<SP ID="P7_SP00845" HPOS="2754" VPOS="2794" WIDTH="37"/>
						<String ID="P7_ST00950" HPOS="2791" VPOS="2742" WIDTH="83" HEIGHT="38" CONTENT="und" WC="0.95" CC="670"/>
						<SP ID="P7_SP00846" HPOS="2874" VPOS="2794" WIDTH="43"/>
						<String ID="P7_ST00951" HPOS="2917" VPOS="2742" WIDTH="84" HEIGHT="39" CONTENT="sich" WC="0.98" CC="0540"/>
						<SP ID="P7_SP00847" HPOS="3001" VPOS="2794" WIDTH="43"/>
						<String ID="P7_ST00952" HPOS="3044" VPOS="2742" WIDTH="122" HEIGHT="39" CONTENT="selbst" WC="0.99" CC="013600"/>
						<SP ID="P7_SP00848" HPOS="3166" VPOS="2794" WIDTH="38"/>
						<String ID="P7_ST00953" HPOS="3204" VPOS="2740" WIDTH="40" HEIGHT="40" CONTENT="in" WC="0.67" CC="60"/>
						<SP ID="P7_SP00849" HPOS="3244" VPOS="2794" WIDTH="41"/>
						<String ID="P7_ST00954" HPOS="3285" VPOS="2740" WIDTH="71" HEIGHT="40" CONTENT="der" WC="0.95" CC="049"/>
					</TextLine>
					<TextLine ID="P7_TL00103" HPOS="1774" VPOS="2802" WIDTH="1579" HEIGHT="56">
						<String ID="P7_ST00955" HPOS="1774" VPOS="2807" WIDTH="260" HEIGHT="51" CONTENT="Erinnerung" WC="0.99" CC="0617730509"/>
						<SP ID="P7_SP00850" HPOS="2034" VPOS="2858" WIDTH="29"/>
						<String ID="P7_ST00956" HPOS="2063" VPOS="2808" WIDTH="82" HEIGHT="38" CONTENT="und" WC="0.95" CC="660"/>
						<SP ID="P7_SP00851" HPOS="2145" VPOS="2858" WIDTH="29"/>
						<String ID="P7_ST00957" HPOS="2174" VPOS="2806" WIDTH="41" HEIGHT="39" CONTENT="in" WC="0.48" CC="54"/>
						<SP ID="P7_SP00852" HPOS="2215" VPOS="2858" WIDTH="31"/>
						<String ID="P7_ST00958" HPOS="2246" VPOS="2806" WIDTH="70" HEIGHT="39" CONTENT="der" WC="0.98" CC="040"/>
						<SP ID="P7_SP00853" HPOS="2316" VPOS="2858" WIDTH="29"/>
						<String ID="P7_ST00959" HPOS="2345" VPOS="2805" WIDTH="122" HEIGHT="41" CONTENT="Mode" WC="0.98" CC="0305"/>
						<SP ID="P7_SP00854" HPOS="2467" VPOS="2858" WIDTH="31"/>
						<String ID="P7_ST00960" HPOS="2498" VPOS="2804" WIDTH="190" HEIGHT="41" CONTENT="erhalten." WC="0.99" CC="000040684"/>
						<SP ID="P7_SP00855" HPOS="2688" VPOS="2858" WIDTH="29"/>
						<String ID="P7_ST00961" HPOS="2717" VPOS="2805" WIDTH="80" HEIGHT="39" CONTENT="Das" WC="1.00" CC="000"/>
						<SP ID="P7_SP00856" HPOS="2797" VPOS="2858" WIDTH="21"/>
						<String ID="P7_ST00962" HPOS="2818" VPOS="2804" WIDTH="199" HEIGHT="40" CONTENT="Heftchen" WC="0.98" CC="35053176"/>
						<SP ID="P7_SP00857" HPOS="3017" VPOS="2858" WIDTH="29"/>
						<String ID="P7_ST00963" HPOS="3046" VPOS="2803" WIDTH="99" HEIGHT="40" CONTENT="wird" WC="1.00" CC="0000"/>
						<SP ID="P7_SP00858" HPOS="3145" VPOS="2858" WIDTH="29"/>
						<String ID="P7_ST00964" HPOS="3174" VPOS="2802" WIDTH="179" HEIGHT="52" CONTENT="zugleich" WC="0.99" CC="55030066"/>
					</TextLine>
					<TextLine ID="P7_TL00104" HPOS="1776" VPOS="2865" WIDTH="1576" HEIGHT="56">
						<String ID="P7_ST00965" HPOS="1776" VPOS="2869" WIDTH="72" HEIGHT="41" CONTENT="mit" WC="0.97" CC="720"/>
						<SP ID="P7_SP00859" HPOS="1848" VPOS="2910" WIDTH="29"/>
						<String ID="P7_ST00966" HPOS="1877" VPOS="2871" WIDTH="92" HEIGHT="38" CONTENT="dem" WC="0.98" CC="050"/>
						<SP ID="P7_SP00860" HPOS="1969" VPOS="2910" WIDTH="31"/>
						<String ID="P7_ST00967" HPOS="2000" VPOS="2870" WIDTH="113" HEIGHT="40" CONTENT="Bilde" WC="0.99" CC="00005"/>
						<SP ID="P7_SP00861" HPOS="2113" VPOS="2910" WIDTH="30"/>
						<String ID="P7_ST00968" HPOS="2143" VPOS="2869" WIDTH="227" HEIGHT="52" CONTENT="Boger's," WC="0.79" CC="00063204"/>
						<SP ID="P7_SP00862" HPOS="2370" VPOS="2921" WIDTH="43"/>
						<String ID="P7_ST00969" HPOS="2413" VPOS="2868" WIDTH="102" HEIGHT="39" CONTENT="nach" WC="0.97" CC="0840"/>
						<SP ID="P7_SP00863" HPOS="2515" VPOS="2921" WIDTH="46"/>
						<String ID="P7_ST00970" HPOS="2561" VPOS="2867" WIDTH="129" HEIGHT="40" CONTENT="einem" WC="0.97" CC="72670"/>
						<SP ID="P7_SP00864" HPOS="2690" VPOS="2921" WIDTH="47"/>
						<String ID="P7_ST00971" HPOS="2737" VPOS="2868" WIDTH="294" HEIGHT="39" CONTENT="vortrefflichen" WC="0.99" CC="06749600704267"/>
						<SP ID="P7_SP00865" HPOS="3031" VPOS="2921" WIDTH="27"/>
						<String ID="P7_ST00972" HPOS="3058" VPOS="2865" WIDTH="270" HEIGHT="53" CONTENT="Aquarell-Ge" SUBS_TYPE="HypPart1" SUBS_CONTENT="Aquarell-Gemälde" WC="0.99" CC="00600334400"/>
						<HYP HPOS="3328" VPOS="2865" WIDTH="24" CONTENT="-"/>
					</TextLine>
					<TextLine ID="P7_TL00105" HPOS="1775" VPOS="2928" WIDTH="1579" HEIGHT="55">
						<String ID="P7_ST00973" HPOS="1775" VPOS="2933" WIDTH="132" HEIGHT="39" CONTENT="mälde" SUBS_TYPE="HypPart2" SUBS_CONTENT="Aquarell-Gemälde" WC="0.98" CC="09304"/>
						<SP ID="P7_SP00866" HPOS="1907" VPOS="2972" WIDTH="44"/>
						<String ID="P7_ST00974" HPOS="1951" VPOS="2932" WIDTH="69" HEIGHT="40" CONTENT="des" WC="0.97" CC="051"/>
						<SP ID="P7_SP00867" HPOS="2020" VPOS="2972" WIDTH="29"/>
						<String ID="P7_ST00975" HPOS="2049" VPOS="2932" WIDTH="135" HEIGHT="40" CONTENT="Herrn" WC="0.96" CC="53657"/>
						<SP ID="P7_SP00868" HPOS="2184" VPOS="2972" WIDTH="39"/>
						<String ID="P7_ST00976" HPOS="2223" VPOS="2932" WIDTH="166" HEIGHT="51" CONTENT="Jäger," WC="0.99" CC="000644"/>
						<SP ID="P7_SP00869" HPOS="2389" VPOS="2983" WIDTH="46"/>
						<String ID="P7_ST00977" HPOS="2435" VPOS="2930" WIDTH="148" HEIGHT="52" CONTENT="geziert" WC="0.99" CC="0436060"/>
						<SP ID="P7_SP00870" HPOS="2583" VPOS="2983" WIDTH="47"/>
						<String ID="P7_ST00978" HPOS="2630" VPOS="2930" WIDTH="85" HEIGHT="39" CONTENT="sein" WC="0.97" CC="0508"/>
						<SP ID="P7_SP00871" HPOS="2715" VPOS="2983" WIDTH="44"/>
						<String ID="P7_ST00979" HPOS="2759" VPOS="2930" WIDTH="82" HEIGHT="40" CONTENT="und" WC="0.94" CC="770"/>
						<SP ID="P7_SP00872" HPOS="2841" VPOS="2983" WIDTH="45"/>
						<String ID="P7_ST00980" HPOS="2886" VPOS="2930" WIDTH="83" HEIGHT="40" CONTENT="sich" WC="0.98" CC="0604"/>
						<SP ID="P7_SP00873" HPOS="2969" VPOS="2983" WIDTH="44"/>
						<String ID="P7_ST00981" HPOS="3013" VPOS="2928" WIDTH="118" HEIGHT="41" CONTENT="somit" WC="0.98" CC="04430"/>
						<SP ID="P7_SP00874" HPOS="3131" VPOS="2983" WIDTH="43"/>
						<String ID="P7_ST00982" HPOS="3174" VPOS="2928" WIDTH="180" HEIGHT="40" CONTENT="schönen" WC="0.98" CC="0350708"/>
					</TextLine>
					<TextLine ID="P7_TL00106" HPOS="1774" VPOS="2991" WIDTH="1579" HEIGHT="52">
						<String ID="P7_ST00983" HPOS="1774" VPOS="2995" WIDTH="175" HEIGHT="40" CONTENT="Händen" WC="0.98" CC="406060"/>
						<SP ID="P7_SP00875" HPOS="1949" VPOS="3035" WIDTH="41"/>
						<String ID="P7_ST00984" HPOS="1990" VPOS="2995" WIDTH="83" HEIGHT="39" CONTENT="und" WC="0.96" CC="440"/>
						<SP ID="P7_SP00876" HPOS="2073" VPOS="3035" WIDTH="44"/>
						<String ID="P7_ST00985" HPOS="2117" VPOS="2993" WIDTH="214" HEIGHT="41" CONTENT="zärtlichen" WC="0.99" CC="0027505545"/>
						<SP ID="P7_SP00877" HPOS="2331" VPOS="3035" WIDTH="29"/>
						<String ID="P7_ST00986" HPOS="2360" VPOS="2992" WIDTH="165" HEIGHT="42" CONTENT="Blicken" WC="0.98" CC="9345016"/>
						<SP ID="P7_SP00878" HPOS="2525" VPOS="3035" WIDTH="30"/>
						<String ID="P7_ST00987" HPOS="2555" VPOS="2992" WIDTH="103" HEIGHT="39" CONTENT="noch" WC="0.97" CC="6032"/>
						<SP ID="P7_SP00879" HPOS="2658" VPOS="3035" WIDTH="29"/>
						<String ID="P7_ST00988" HPOS="2687" VPOS="2992" WIDTH="219" HEIGHT="40" CONTENT="besonders" WC="0.99" CC="772180002"/>
						<SP ID="P7_SP00880" HPOS="2906" VPOS="3035" WIDTH="30"/>
						<String ID="P7_ST00989" HPOS="2936" VPOS="2991" WIDTH="242" HEIGHT="52" CONTENT="empfehlen." WC="0.99" CC="0900071604"/>
						<SP ID="P7_SP00881" HPOS="3178" VPOS="3043" WIDTH="56"/>
						<String ID="P7_ST00990" HPOS="3234" VPOS="2991" WIDTH="119" HEIGHT="39" CONTENT="Auch" WC="0.96" CC="0736"/>
					</TextLine>
					<TextLine ID="P7_TL00107" HPOS="1775" VPOS="3052" WIDTH="1579" HEIGHT="53">
						<String ID="P7_ST00991" HPOS="1775" VPOS="3058" WIDTH="209" HEIGHT="47" CONTENT="erscheint," WC="0.99" CC="7202543604"/>
						<SP ID="P7_SP00882" HPOS="1984" VPOS="3105" WIDTH="39"/>
						<String ID="P7_ST00992" HPOS="2023" VPOS="3058" WIDTH="98" HEIGHT="40" CONTENT="oder" WC="0.98" CC="0006"/>
						<SP ID="P7_SP00883" HPOS="2121" VPOS="3105" WIDTH="28"/>
						<String ID="P7_ST00993" HPOS="2149" VPOS="3057" WIDTH="50" HEIGHT="40" CONTENT="ist" WC="1.00" CC="100"/>
						<SP ID="P7_SP00884" HPOS="2199" VPOS="3105" WIDTH="27"/>
						<String ID="P7_ST00994" HPOS="2226" VPOS="3056" WIDTH="147" HEIGHT="40" CONTENT="bereits" WC="0.99" CC="7604200"/>
						<SP ID="P7_SP00885" HPOS="2373" VPOS="3105" WIDTH="31"/>
						<String ID="P7_ST00995" HPOS="2404" VPOS="3055" WIDTH="245" HEIGHT="46" CONTENT="erschienen," WC="0.99" CC="53046566064"/>
						<SP ID="P7_SP00886" HPOS="2649" VPOS="3105" WIDTH="44"/>
						<String ID="P7_ST00996" HPOS="2693" VPOS="3054" WIDTH="88" HEIGHT="40" CONTENT="eine" WC="0.95" CC="3755"/>
						<SP ID="P7_SP00887" HPOS="2781" VPOS="3105" WIDTH="30"/>
						<String ID="P7_ST00997" HPOS="2811" VPOS="3055" WIDTH="224" HEIGHT="39" CONTENT="besondere" WC="0.99" CC="600450303"/>
						<SP ID="P7_SP00888" HPOS="3035" VPOS="3105" WIDTH="30"/>
						<String ID="P7_ST00998" HPOS="3065" VPOS="3052" WIDTH="289" HEIGHT="53" CONTENT="Lithographie" WC="0.99" CC="050640800600"/>
					</TextLine>
					<TextLine ID="P7_TL00108" HPOS="1773" VPOS="3116" WIDTH="1579" HEIGHT="56">
						<String ID="P7_ST00999" HPOS="1773" VPOS="3121" WIDTH="102" HEIGHT="40" CONTENT="nach" WC="0.96" CC="8062"/>
						<SP ID="P7_SP00889" HPOS="1875" VPOS="3161" WIDTH="43"/>
						<String ID="P7_ST01000" HPOS="1918" VPOS="3122" WIDTH="92" HEIGHT="38" CONTENT="dem" WC="0.94" CC="068"/>
						<SP ID="P7_SP00890" HPOS="2010" VPOS="3161" WIDTH="43"/>
						<String ID="P7_ST01001" HPOS="2053" VPOS="3123" WIDTH="227" HEIGHT="49" CONTENT="genannten" WC="0.99" CC="007037058"/>
						<SP ID="P7_SP00891" HPOS="2280" VPOS="3172" WIDTH="38"/>
						<String ID="P7_ST01002" HPOS="2318" VPOS="3117" WIDTH="256" HEIGHT="52" CONTENT="Jäger'schen" WC="0.75" CC="00045304116"/>
						<SP ID="P7_SP00892" HPOS="2574" VPOS="3172" WIDTH="32"/>
						<String ID="P7_ST01003" HPOS="2606" VPOS="3116" WIDTH="128" HEIGHT="47" CONTENT="Bilde," WC="0.99" CC="002063"/>
						<SP ID="P7_SP00893" HPOS="2734" VPOS="3172" WIDTH="43"/>
						<String ID="P7_ST01004" HPOS="2777" VPOS="3117" WIDTH="154" HEIGHT="39" CONTENT="welche" WC="0.99" CC="015052"/>
						<SP ID="P7_SP00894" HPOS="2931" VPOS="3172" WIDTH="44"/>
						<String ID="P7_ST01005" HPOS="2975" VPOS="3117" WIDTH="79" HEIGHT="39" CONTENT="den" WC="0.98" CC="006"/>
						<SP ID="P7_SP00895" HPOS="3054" VPOS="3172" WIDTH="46"/>
						<String ID="P7_ST01006" HPOS="3100" VPOS="3116" WIDTH="252" HEIGHT="39" CONTENT="zahlreichen" WC="0.99" CC="03650626346"/>
					</TextLine>
					<TextLine ID="P7_TL00109" HPOS="1774" VPOS="3179" WIDTH="1579" HEIGHT="55">
						<String ID="P7_ST01007" HPOS="1774" VPOS="3184" WIDTH="230" HEIGHT="40" CONTENT="Verehrern" WC="0.99" CC="000655348"/>
						<SP ID="P7_SP00896" HPOS="2004" VPOS="3224" WIDTH="29"/>
						<String ID="P7_ST01008" HPOS="2033" VPOS="3184" WIDTH="68" HEIGHT="38" CONTENT="des" WC="0.97" CC="051"/>
						<SP ID="P7_SP00897" HPOS="2101" VPOS="3224" WIDTH="31"/>
						<String ID="P7_ST01009" HPOS="2132" VPOS="3194" WIDTH="164" HEIGHT="40" CONTENT="grossen" WC="0.99" CC="0050007"/>
						<SP ID="P7_SP00898" HPOS="2296" VPOS="3234" WIDTH="31"/>
						<String ID="P7_ST01010" HPOS="2327" VPOS="3181" WIDTH="224" HEIGHT="46" CONTENT="Künstlers," WC="0.99" CC="8007024004"/>
						<SP ID="P7_SP00899" HPOS="2551" VPOS="3234" WIDTH="47"/>
						<String ID="P7_ST01011" HPOS="2598" VPOS="3179" WIDTH="64" HEIGHT="40" CONTENT="die" WC="0.98" CC="004"/>
						<SP ID="P7_SP00900" HPOS="2662" VPOS="3234" WIDTH="31"/>
						<String ID="P7_ST01012" HPOS="2693" VPOS="3179" WIDTH="85" HEIGHT="40" CONTENT="sein" WC="0.96" CC="0638"/>
						<SP ID="P7_SP00901" HPOS="2778" VPOS="3234" WIDTH="29"/>
						<String ID="P7_ST01013" HPOS="2807" VPOS="3180" WIDTH="231" HEIGHT="40" CONTENT="Andenken" WC="0.99" CC="06007006"/>
						<SP ID="P7_SP00902" HPOS="3038" VPOS="3234" WIDTH="29"/>
						<String ID="P7_ST01014" HPOS="3067" VPOS="3180" WIDTH="102" HEIGHT="39" CONTENT="auch" WC="0.97" CC="0742"/>
						<SP ID="P7_SP00903" HPOS="3169" VPOS="3234" WIDTH="30"/>
						<String ID="P7_ST01015" HPOS="3199" VPOS="3182" WIDTH="132" HEIGHT="37" CONTENT="äusser" SUBS_TYPE="HypPart1" SUBS_CONTENT="äusserlich" WC="0.77" CC="060004"/>
						<HYP HPOS="3331" VPOS="3182" WIDTH="22" CONTENT="-"/>
					</TextLine>
					<TextLine ID="P7_TL00110" HPOS="1772" VPOS="3242" WIDTH="1408" HEIGHT="53">
						<String ID="P7_ST01016" HPOS="1772" VPOS="3246" WIDTH="79" HEIGHT="40" CONTENT="lich" SUBS_TYPE="HypPart2" SUBS_CONTENT="äusserlich" WC="0.63" CC="4126"/>
						<SP ID="P7_SP00904" HPOS="1851" VPOS="3286" WIDTH="29"/>
						<String ID="P7_ST01017" HPOS="1880" VPOS="3246" WIDTH="208" HEIGHT="40" CONTENT="festhalten" WC="0.99" CC="0700400016"/>
						<SP ID="P7_SP00905" HPOS="2088" VPOS="3286" WIDTH="29"/>
						<String ID="P7_ST01018" HPOS="2117" VPOS="3245" WIDTH="158" HEIGHT="47" CONTENT="wollen," WC="0.98" CC="0543664"/>
						<SP ID="P7_SP00906" HPOS="2275" VPOS="3292" WIDTH="28"/>
						<String ID="P7_ST01019" HPOS="2303" VPOS="3243" WIDTH="143" HEIGHT="52" CONTENT="gewiss" WC="0.98" CC="076300"/>
						<SP ID="P7_SP00907" HPOS="2446" VPOS="3295" WIDTH="30"/>
						<String ID="P7_ST01020" HPOS="2476" VPOS="3242" WIDTH="141" HEIGHT="39" CONTENT="höchst" WC="0.98" CC="605700"/>
						<SP ID="P7_SP00908" HPOS="2617" VPOS="3295" WIDTH="30"/>
						<String ID="P7_ST01021" HPOS="2647" VPOS="3242" WIDTH="274" HEIGHT="41" CONTENT="willkommen" WC="0.99" CC="0307000058"/>
						<SP ID="P7_SP00909" HPOS="2921" VPOS="3295" WIDTH="29"/>
						<String ID="P7_ST01022" HPOS="2950" VPOS="3243" WIDTH="86" HEIGHT="40" CONTENT="sein" WC="0.99" CC="0006"/>
						<SP ID="P7_SP00910" HPOS="3036" VPOS="3295" WIDTH="29"/>
						<String ID="P7_ST01023" HPOS="3065" VPOS="3243" WIDTH="115" HEIGHT="40" CONTENT="wird." WC="0.98" CC="05204"/>
					</TextLine>
				</TextBlock>
				<TextBlock ID="P7_TB00010" HPOS="1766" VPOS="3389" WIDTH="1581" HEIGHT="555" STYLEREFS="TXT_1 PAR_BLOCK">
					<TextLine ID="P7_TL00111" HPOS="1852" VPOS="3390" WIDTH="1495" HEIGHT="50">
						<String ID="P7_ST01024" HPOS="1852" VPOS="3397" WIDTH="279" HEIGHT="42" CONTENT="Dresden," WC="0.97" CC="88488687"/>
						<SP ID="P7_SP00911" HPOS="2131" VPOS="3439" WIDTH="35"/>
						<String ID="P7_ST01025" HPOS="2166" VPOS="3393" WIDTH="59" HEIGHT="39" CONTENT="18." WC="0.85" CC="004"/>
						<SP ID="P7_SP00912" HPOS="2225" VPOS="3439" WIDTH="30"/>
						<String ID="P7_ST01026" HPOS="2255" VPOS="3392" WIDTH="93" HEIGHT="39" CONTENT="Juli." WC="0.98" CC="02413"/>
						<SP ID="P7_SP00913" HPOS="2348" VPOS="3439" WIDTH="57"/>
						<String ID="P7_ST01027" HPOS="2405" VPOS="3391" WIDTH="189" HEIGHT="40" CONTENT="Fräulein" WC="0.98" CC="04074057"/>
						<SP ID="P7_SP00914" HPOS="2594" VPOS="3439" WIDTH="39"/>
						<String ID="P7_ST01028" HPOS="2633" VPOS="3391" WIDTH="274" HEIGHT="40" CONTENT="Wildauer" WC="0.99" CC="00400750"/>
						<SP ID="P7_SP00915" HPOS="2907" VPOS="3439" WIDTH="38"/>
						<String ID="P7_ST01029" HPOS="2945" VPOS="3390" WIDTH="202" HEIGHT="41" CONTENT="beschloss" WC="0.74" CC="700060510"/>
						<SP ID="P7_SP00916" HPOS="3147" VPOS="3439" WIDTH="46"/>
						<String ID="P7_ST01030" HPOS="3193" VPOS="3392" WIDTH="154" HEIGHT="48" CONTENT="gestern" WC="0.97" CC="9604658"/>
					</TextLine>
					<TextLine ID="P7_TL00112" HPOS="1771" VPOS="3449" WIDTH="1575" HEIGHT="58">
						<String ID="P7_ST01031" HPOS="1771" VPOS="3457" WIDTH="63" HEIGHT="39" CONTENT="ihr" WC="0.97" CC="106"/>
						<SP ID="P7_SP00917" HPOS="1834" VPOS="3496" WIDTH="31"/>
						<String ID="P7_ST01032" HPOS="1865" VPOS="3455" WIDTH="196" HEIGHT="52" CONTENT="Gastspiel" WC="1.00" CC="004300002"/>
						<SP ID="P7_SP00918" HPOS="2061" VPOS="3507" WIDTH="29"/>
						<String ID="P7_ST01033" HPOS="2090" VPOS="3455" WIDTH="72" HEIGHT="39" CONTENT="mit" WC="0.98" CC="051"/>
						<SP ID="P7_SP00919" HPOS="2162" VPOS="3507" WIDTH="42"/>
						<String ID="P7_ST01034" HPOS="2204" VPOS="3454" WIDTH="110" HEIGHT="41" CONTENT="einer" WC="0.95" CC="65775"/>
						<SP ID="P7_SP00920" HPOS="2314" VPOS="3507" WIDTH="29"/>
						<String ID="P7_ST01035" HPOS="2343" VPOS="3454" WIDTH="325" HEIGHT="52" CONTENT="Wiederholung" WC="0.99" CC="000029692570"/>
						<SP ID="P7_SP00921" HPOS="2668" VPOS="3507" WIDTH="44"/>
						<String ID="P7_ST01036" HPOS="2712" VPOS="3454" WIDTH="71" HEIGHT="39" CONTENT="der" WC="0.97" CC="015"/>
						<SP ID="P7_SP00922" HPOS="2783" VPOS="3507" WIDTH="37"/>
						<String ID="P7_ST01037" HPOS="2820" VPOS="3454" WIDTH="235" HEIGHT="39" CONTENT="Susanne" WC="0.98" CC="0408880"/>
						<SP ID="P7_SP00923" HPOS="3055" VPOS="3507" WIDTH="41"/>
						<String ID="P7_ST01038" HPOS="3096" VPOS="3451" WIDTH="40" HEIGHT="39" CONTENT="in" WC="0.47" CC="36"/>
						<SP ID="P7_SP00924" HPOS="3136" VPOS="3507" WIDTH="27"/>
						<String ID="P7_ST01039" HPOS="3163" VPOS="3449" WIDTH="183" HEIGHT="42" CONTENT="Mozart's" WC="0.48" CC="06575447"/>
					</TextLine>
					<TextLine ID="P7_TL00113" HPOS="1771" VPOS="3512" WIDTH="1575" HEIGHT="58">
						<String ID="P7_ST01040" HPOS="1771" VPOS="3520" WIDTH="155" HEIGHT="50" CONTENT="Figaro." WC="1.00" CC="0000004"/>
						<SP ID="P7_SP00925" HPOS="1926" VPOS="3570" WIDTH="56"/>
						<String ID="P7_ST01041" HPOS="1982" VPOS="3518" WIDTH="91" HEIGHT="40" CONTENT="Ihre" WC="0.97" CC="3705"/>
						<SP ID="P7_SP00926" HPOS="2073" VPOS="3570" WIDTH="32"/>
						<String ID="P7_ST01042" HPOS="2105" VPOS="3517" WIDTH="288" HEIGHT="51" CONTENT="Gesangmittel" WC="0.99" CC="032069930960"/>
						<SP ID="P7_SP00927" HPOS="2393" VPOS="3570" WIDTH="30"/>
						<String ID="P7_ST01043" HPOS="2423" VPOS="3518" WIDTH="164" HEIGHT="39" CONTENT="reichen" WC="0.98" CC="5126580"/>
						<SP ID="P7_SP00928" HPOS="2587" VPOS="3570" WIDTH="29"/>
						<String ID="P7_ST01044" HPOS="2616" VPOS="3518" WIDTH="63" HEIGHT="39" CONTENT="für" WC="0.93" CC="685"/>
						<SP ID="P7_SP00929" HPOS="2679" VPOS="3570" WIDTH="29"/>
						<String ID="P7_ST01045" HPOS="2708" VPOS="3518" WIDTH="108" HEIGHT="40" CONTENT="diese" WC="0.98" CC="06007"/>
						<SP ID="P7_SP00930" HPOS="2816" VPOS="3570" WIDTH="30"/>
						<String ID="P7_ST01046" HPOS="2846" VPOS="3517" WIDTH="132" HEIGHT="39" CONTENT="Partie" WC="0.99" CC="600016"/>
						<SP ID="P7_SP00931" HPOS="2978" VPOS="3570" WIDTH="37"/>
						<String ID="P7_ST01047" HPOS="3015" VPOS="3516" WIDTH="106" HEIGHT="39" CONTENT="nicht" WC="0.98" CC="65240"/>
						<SP ID="P7_SP00932" HPOS="3121" VPOS="3570" WIDTH="28"/>
						<String ID="P7_ST01048" HPOS="3149" VPOS="3525" WIDTH="87" HEIGHT="33" CONTENT="aus;" WC="0.95" CC="6909"/>
						<SP ID="P7_SP00933" HPOS="3236" VPOS="3570" WIDTH="40"/>
						<String ID="P7_ST01049" HPOS="3276" VPOS="3512" WIDTH="70" HEIGHT="39" CONTENT="das" WC="0.99" CC="003"/>
					</TextLine>
					<TextLine ID="P7_TL00114" HPOS="1770" VPOS="3575" WIDTH="1576" HEIGHT="58">
						<String ID="P7_ST01050" HPOS="1770" VPOS="3581" WIDTH="107" HEIGHT="52" CONTENT="Spiel" WC="0.97" CC="40463"/>
						<SP ID="P7_SP00934" HPOS="1877" VPOS="3633" WIDTH="29"/>
						<String ID="P7_ST01051" HPOS="1906" VPOS="3580" WIDTH="49" HEIGHT="40" CONTENT="ist" WC="0.98" CC="500"/>
						<SP ID="P7_SP00935" HPOS="1955" VPOS="3633" WIDTH="28"/>
						<String ID="P7_ST01052" HPOS="1983" VPOS="3579" WIDTH="212" HEIGHT="52" CONTENT="allerdings" WC="0.99" CC="6736400001"/>
						<SP ID="P7_SP00936" HPOS="2195" VPOS="3633" WIDTH="31"/>
						<String ID="P7_ST01053" HPOS="2226" VPOS="3579" WIDTH="140" HEIGHT="40" CONTENT="höchst" WC="0.98" CC="403570"/>
						<SP ID="P7_SP00937" HPOS="2366" VPOS="3633" WIDTH="29"/>
						<String ID="P7_ST01054" HPOS="2395" VPOS="3581" WIDTH="185" HEIGHT="50" CONTENT="gewandt" WC="0.98" CC="9097700"/>
						<SP ID="P7_SP00938" HPOS="2580" VPOS="3633" WIDTH="28"/>
						<String ID="P7_ST01055" HPOS="2608" VPOS="3580" WIDTH="85" HEIGHT="39" CONTENT="und" WC="0.95" CC="760"/>
						<SP ID="P7_SP00939" HPOS="2693" VPOS="3633" WIDTH="40"/>
						<String ID="P7_ST01056" HPOS="2733" VPOS="3579" WIDTH="172" HEIGHT="47" CONTENT="reizend," WC="0.99" CC="50316701"/>
						<SP ID="P7_SP00940" HPOS="2905" VPOS="3633" WIDTH="38"/>
						<String ID="P7_ST01057" HPOS="2943" VPOS="3578" WIDTH="117" HEIGHT="40" CONTENT="allein" WC="0.98" CC="027076"/>
						<SP ID="P7_SP00941" HPOS="3060" VPOS="3633" WIDTH="30"/>
						<String ID="P7_ST01058" HPOS="3090" VPOS="3588" WIDTH="39" HEIGHT="27" CONTENT="es" WC="0.67" CC="60"/>
						<SP ID="P7_SP00942" HPOS="3129" VPOS="3633" WIDTH="30"/>
						<String ID="P7_ST01059" HPOS="3159" VPOS="3575" WIDTH="81" HEIGHT="39" CONTENT="will" WC="0.99" CC="0040"/>
						<SP ID="P7_SP00943" HPOS="3240" VPOS="3633" WIDTH="30"/>
						<String ID="P7_ST01060" HPOS="3270" VPOS="3586" WIDTH="76" HEIGHT="27" CONTENT="uns" WC="0.95" CC="680"/>
					</TextLine>
					<TextLine ID="P7_TL00115" HPOS="1769" VPOS="3636" WIDTH="1576" HEIGHT="56">
						<String ID="P7_ST01061" HPOS="1769" VPOS="3643" WIDTH="103" HEIGHT="40" CONTENT="doch" WC="0.96" CC="0756"/>
						<SP ID="P7_SP00944" HPOS="1872" VPOS="3683" WIDTH="30"/>
						<String ID="P7_ST01062" HPOS="1902" VPOS="3641" WIDTH="199" HEIGHT="46" CONTENT="scheinen," WC="0.98" CC="047777734"/>
						<SP ID="P7_SP00945" HPOS="2101" VPOS="3687" WIDTH="31"/>
						<String ID="P7_ST01063" HPOS="2132" VPOS="3643" WIDTH="56" HEIGHT="37" CONTENT="als" WC="0.98" CC="040"/>
						<SP ID="P7_SP00946" HPOS="2188" VPOS="3687" WIDTH="30"/>
						<String ID="P7_ST01064" HPOS="2218" VPOS="3645" WIDTH="115" HEIGHT="47" CONTENT="trüge" WC="0.99" CC="06002"/>
						<SP ID="P7_SP00947" HPOS="2333" VPOS="3692" WIDTH="30"/>
						<String ID="P7_ST01065" HPOS="2363" VPOS="3641" WIDTH="65" HEIGHT="40" CONTENT="die" WC="0.97" CC="006"/>
						<SP ID="P7_SP00948" HPOS="2428" VPOS="3692" WIDTH="30"/>
						<String ID="P7_ST01066" HPOS="2458" VPOS="3642" WIDTH="236" HEIGHT="39" CONTENT="Künstlerin" WC="0.99" CC="0070020037"/>
						<SP ID="P7_SP00949" HPOS="2694" VPOS="3692" WIDTH="40"/>
						<String ID="P7_ST01067" HPOS="2734" VPOS="3655" WIDTH="70" HEIGHT="26" CONTENT="aus" WC="0.95" CC="444"/>
						<SP ID="P7_SP00950" HPOS="2804" VPOS="3692" WIDTH="42"/>
						<String ID="P7_ST01068" HPOS="2846" VPOS="3641" WIDTH="127" HEIGHT="39" CONTENT="ihrem" WC="0.98" CC="35060"/>
						<SP ID="P7_SP00951" HPOS="2973" VPOS="3692" WIDTH="28"/>
						<String ID="P7_ST01069" HPOS="3001" VPOS="3638" WIDTH="131" HEIGHT="39" CONTENT="Nandl" WC="0.61" CC="60606"/>
						<SP ID="P7_SP00952" HPOS="3132" VPOS="3692" WIDTH="37"/>
						<String ID="P7_ST01070" HPOS="3169" VPOS="3636" WIDTH="42" HEIGHT="40" CONTENT="in" WC="0.52" CC="35"/>
						<SP ID="P7_SP00953" HPOS="3211" VPOS="3692" WIDTH="42"/>
						<String ID="P7_ST01071" HPOS="3253" VPOS="3636" WIDTH="92" HEIGHT="40" CONTENT="dem" WC="0.95" CC="057"/>
					</TextLine>
					<TextLine ID="P7_TL00116" HPOS="1768" VPOS="3699" WIDTH="1577" HEIGHT="57">
						<String ID="P7_ST01072" HPOS="1768" VPOS="3705" WIDTH="307" HEIGHT="51" CONTENT="„Versprechen" WC="0.99" CC="000680072067"/>
						<SP ID="P7_SP00954" HPOS="2075" VPOS="3756" WIDTH="29"/>
						<String ID="P7_ST01073" HPOS="2104" VPOS="3704" WIDTH="131" HEIGHT="39" CONTENT="hinter" WC="0.97" CC="326375"/>
						<SP ID="P7_SP00955" HPOS="2235" VPOS="3756" WIDTH="30"/>
						<String ID="P7_ST01074" HPOS="2265" VPOS="3705" WIDTH="92" HEIGHT="39" CONTENT="dem" WC="1.00" CC="000"/>
						<SP ID="P7_SP00956" HPOS="2357" VPOS="3756" WIDTH="30"/>
						<String ID="P7_ST01075" HPOS="2387" VPOS="3705" WIDTH="175" HEIGHT="48" CONTENT='Heerd",' WC="0.72" CC="6260004"/>
						<SP ID="P7_SP00957" HPOS="2562" VPOS="3756" WIDTH="44"/>
						<String ID="P7_ST01076" HPOS="2606" VPOS="3705" WIDTH="83" HEIGHT="39" CONTENT="und" WC="0.97" CC="700"/>
						<SP ID="P7_SP00958" HPOS="2689" VPOS="3756" WIDTH="30"/>
						<String ID="P7_ST01077" HPOS="2719" VPOS="3705" WIDTH="141" HEIGHT="38" CONTENT="dessen" WC="0.98" CC="000457"/>
						<SP ID="P7_SP00959" HPOS="2860" VPOS="3756" WIDTH="28"/>
						<String ID="P7_ST01078" HPOS="2888" VPOS="3706" WIDTH="147" HEIGHT="35" CONTENT="matten" WC="0.98" CC="904040"/>
						<SP ID="P7_SP00960" HPOS="3035" VPOS="3756" WIDTH="25"/>
						<String ID="P7_ST01079" HPOS="3060" VPOS="3699" WIDTH="257" HEIGHT="40" CONTENT="Nachahmun" SUBS_TYPE="HypPart1" SUBS_CONTENT="Nachahmungen," WC="0.98" CC="692501465"/>
						<HYP HPOS="3317" VPOS="3699" WIDTH="28" CONTENT="-"/>
					</TextLine>
					<TextLine ID="P7_TL00117" HPOS="1767" VPOS="3761" WIDTH="1578" HEIGHT="58">
						<String ID="P7_ST01080" HPOS="1767" VPOS="3780" WIDTH="89" HEIGHT="39" CONTENT="gen," SUBS_TYPE="HypPart2" SUBS_CONTENT="Nachahmungen," WC="0.98" CC="0242"/>
						<SP ID="P7_SP00961" HPOS="1856" VPOS="3819" WIDTH="31"/>
						<String ID="P7_ST01081" HPOS="1887" VPOS="3767" WIDTH="63" HEIGHT="40" CONTENT="die" WC="0.97" CC="052"/>
						<SP ID="P7_SP00962" HPOS="1950" VPOS="3819" WIDTH="29"/>
						<String ID="P7_ST01082" HPOS="1979" VPOS="3766" WIDTH="56" HEIGHT="40" CONTENT="sie" WC="0.98" CC="033"/>
						<SP ID="P7_SP00963" HPOS="2035" VPOS="3819" WIDTH="30"/>
						<String ID="P7_ST01083" HPOS="2065" VPOS="3779" WIDTH="75" HEIGHT="27" CONTENT="uns" WC="0.96" CC="820"/>
						<SP ID="P7_SP00964" HPOS="2140" VPOS="3819" WIDTH="31"/>
						<String ID="P7_ST01084" HPOS="2171" VPOS="3767" WIDTH="101" HEIGHT="40" CONTENT="auch" WC="0.96" CC="0765"/>
						<SP ID="P7_SP00965" HPOS="2272" VPOS="3819" WIDTH="33"/>
						<String ID="P7_ST01085" HPOS="2305" VPOS="3780" WIDTH="89" HEIGHT="27" CONTENT="zum" WC="0.98" CC="060"/>
						<SP ID="P7_SP00966" HPOS="2394" VPOS="3819" WIDTH="30"/>
						<String ID="P7_ST01086" HPOS="2424" VPOS="3768" WIDTH="147" HEIGHT="39" CONTENT="Besten" WC="0.98" CC="560425"/>
						<SP ID="P7_SP00967" HPOS="2571" VPOS="3819" WIDTH="37"/>
						<String ID="P7_ST01087" HPOS="2608" VPOS="3768" WIDTH="179" HEIGHT="51" CONTENT="gegeben" WC="0.99" CC="0006634"/>
						<SP ID="P7_SP00968" HPOS="2787" VPOS="3819" WIDTH="37"/>
						<String ID="P7_ST01088" HPOS="2824" VPOS="3765" WIDTH="76" HEIGHT="46" CONTENT="hat," WC="0.97" CC="6014"/>
						<SP ID="P7_SP00969" HPOS="2900" VPOS="3819" WIDTH="38"/>
						<String ID="P7_ST01089" HPOS="2938" VPOS="3763" WIDTH="88" HEIGHT="38" CONTENT="hier" WC="0.96" CC="7065"/>
						<SP ID="P7_SP00970" HPOS="3026" VPOS="3819" WIDTH="38"/>
						<String ID="P7_ST01090" HPOS="3064" VPOS="3763" WIDTH="85" HEIGHT="38" CONTENT="und" WC="0.97" CC="430"/>
						<SP ID="P7_SP00971" HPOS="3149" VPOS="3819" WIDTH="29"/>
						<String ID="P7_ST01091" HPOS="3178" VPOS="3763" WIDTH="49" HEIGHT="38" CONTENT="da" WC="0.66" CC="06"/>
						<SP ID="P7_SP00972" HPOS="3227" VPOS="3819" WIDTH="31"/>
						<String ID="P7_ST01092" HPOS="3258" VPOS="3761" WIDTH="87" HEIGHT="40" CONTENT="eine" WC="0.96" CC="7085"/>
					</TextLine>
					<TextLine ID="P7_TL00118" HPOS="1767" VPOS="3823" WIDTH="1578" HEIGHT="53">
						<String ID="P7_ST01093" HPOS="1767" VPOS="3829" WIDTH="156" HEIGHT="42" CONTENT="Manier" WC="0.99" CC="007160"/>
						<SP ID="P7_SP00973" HPOS="1923" VPOS="3871" WIDTH="29"/>
						<String ID="P7_ST01094" HPOS="1952" VPOS="3829" WIDTH="41" HEIGHT="40" CONTENT="in" WC="0.59" CC="08"/>
						<SP ID="P7_SP00974" HPOS="1993" VPOS="3871" WIDTH="29"/>
						<String ID="P7_ST01095" HPOS="2022" VPOS="3829" WIDTH="64" HEIGHT="40" CONTENT="die" WC="0.95" CC="920"/>
						<SP ID="P7_SP00975" HPOS="2086" VPOS="3871" WIDTH="29"/>
						<String ID="P7_ST01096" HPOS="2115" VPOS="3829" WIDTH="126" HEIGHT="40" CONTENT="feiner" WC="0.98" CC="040854"/>
						<SP ID="P7_SP00976" HPOS="2241" VPOS="3871" WIDTH="27"/>
						<String ID="P7_ST01097" HPOS="2268" VPOS="3829" WIDTH="233" HEIGHT="41" CONTENT="komischen" WC="0.99" CC="040006105"/>
						<SP ID="P7_SP00977" HPOS="2501" VPOS="3871" WIDTH="31"/>
						<String ID="P7_ST01098" HPOS="2532" VPOS="3831" WIDTH="153" HEIGHT="45" CONTENT="Bollen," WC="0.99" CC="0450103"/>
						<SP ID="P7_SP00978" HPOS="2685" VPOS="3876" WIDTH="39"/>
						<String ID="P7_ST01099" HPOS="2724" VPOS="3827" WIDTH="148" HEIGHT="40" CONTENT="welche" WC="0.98" CC="961061"/>
						<SP ID="P7_SP00979" HPOS="2872" VPOS="3876" WIDTH="39"/>
						<String ID="P7_ST01100" HPOS="2911" VPOS="3826" WIDTH="201" HEIGHT="39" CONTENT="durchaus" WC="0.99" CC="07036050"/>
						<SP ID="P7_SP00980" HPOS="3112" VPOS="3876" WIDTH="30"/>
						<String ID="P7_ST01101" HPOS="3142" VPOS="3824" WIDTH="108" HEIGHT="40" CONTENT="nicht" WC="0.98" CC="06500"/>
						<SP ID="P7_SP00981" HPOS="3250" VPOS="3876" WIDTH="29"/>
						<String ID="P7_ST01102" HPOS="3279" VPOS="3823" WIDTH="44" HEIGHT="39" CONTENT="da" SUBS_TYPE="HypPart1" SUBS_CONTENT="dahin" WC="0.98" CC="00"/>
						<HYP HPOS="3323" VPOS="3823" WIDTH="22" CONTENT="-"/>
					</TextLine>
					<TextLine ID="P7_TL00119" HPOS="1767" VPOS="3892" WIDTH="219" HEIGHT="52">
						<String ID="P7_ST01103" HPOS="1767" VPOS="3892" WIDTH="70" HEIGHT="40" CONTENT="hin" SUBS_TYPE="HypPart2" SUBS_CONTENT="dahin" WC="0.95" CC="704"/>
						<SP ID="P7_SP00982" HPOS="1837" VPOS="3932" WIDTH="31"/>
						<String ID="P7_ST01104" HPOS="1868" VPOS="3897" WIDTH="118" HEIGHT="47" CONTENT="passt." WC="0.84" CC="021004"/>
					</TextLine>
				</TextBlock>
				<TextBlock ID="P7_TB00011" HPOS="1767" VPOS="4022" WIDTH="1578" HEIGHT="180" STYLEREFS="TXT_1 PAR_LEFT">
					<TextLine ID="P7_TL00120" HPOS="1848" VPOS="4023" WIDTH="1497" HEIGHT="54">
						<String ID="P7_ST01105" HPOS="1848" VPOS="4033" WIDTH="319" HEIGHT="36" CONTENT="Frankfurt" WC="0.97" CC="787886808"/>
						<SP ID="P7_SP00983" HPOS="2167" VPOS="4069" WIDTH="31"/>
						<String ID="P7_ST01106" HPOS="2198" VPOS="4043" WIDTH="50" HEIGHT="25" CONTENT="a." WC="0.65" CC="06"/>
						<SP ID="P7_SP00984" HPOS="2248" VPOS="4069" WIDTH="132"/>
						<String ID="P7_ST01107" HPOS="2380" VPOS="4029" WIDTH="47" HEIGHT="39" CONTENT="In" WC="0.43" CC="65"/>
						<SP ID="P7_SP00985" HPOS="2427" VPOS="4069" WIDTH="23"/>
						<String ID="P7_ST01108" HPOS="2450" VPOS="4028" WIDTH="109" HEIGHT="40" CONTENT="einer" WC="0.97" CC="53713"/>
						<SP ID="P7_SP00986" HPOS="2559" VPOS="4069" WIDTH="22"/>
						<String ID="P7_ST01109" HPOS="2581" VPOS="4026" WIDTH="437" HEIGHT="51" CONTENT="Abendunterhaltung" WC="1.00" CC="05500890256040000"/>
						<SP ID="P7_SP00987" HPOS="3018" VPOS="4077" WIDTH="29"/>
						<String ID="P7_ST01110" HPOS="3047" VPOS="4024" WIDTH="65" HEIGHT="40" CONTENT="bei" WC="0.94" CC="752"/>
						<SP ID="P7_SP00988" HPOS="3112" VPOS="4077" WIDTH="16"/>
						<String ID="P7_ST01111" HPOS="3128" VPOS="4024" WIDTH="104" HEIGHT="40" CONTENT="Hrn." WC="0.97" CC="6504"/>
						<SP ID="P7_SP00989" HPOS="3232" VPOS="4077" WIDTH="30"/>
						<String ID="P7_ST01112" HPOS="3262" VPOS="4023" WIDTH="56" HEIGHT="39" CONTENT="An" SUBS_TYPE="HypPart1" SUBS_CONTENT="Andre" WC="0.96" CC="08"/>
						<HYP HPOS="3318" VPOS="4023" WIDTH="27" CONTENT="-"/>
					</TextLine>
					<TextLine ID="P7_TL00121" HPOS="1768" VPOS="4088" WIDTH="1576" HEIGHT="54">
						<String ID="P7_ST01113" HPOS="1768" VPOS="4092" WIDTH="70" HEIGHT="38" CONTENT="dre" SUBS_TYPE="HypPart2" SUBS_CONTENT="Andre" WC="0.98" CC="004"/>
						<SP ID="P7_SP00990" HPOS="1838" VPOS="4130" WIDTH="31"/>
						<String ID="P7_ST01114" HPOS="1869" VPOS="4092" WIDTH="142" HEIGHT="39" CONTENT="hörten" WC="0.98" CC="506040"/>
						<SP ID="P7_SP00991" HPOS="2011" VPOS="4131" WIDTH="29"/>
						<String ID="P7_ST01115" HPOS="2040" VPOS="4092" WIDTH="74" HEIGHT="40" CONTENT="wir" WC="0.96" CC="900"/>
						<SP ID="P7_SP00992" HPOS="2114" VPOS="4132" WIDTH="29"/>
						<String ID="P7_ST01116" HPOS="2143" VPOS="4093" WIDTH="129" HEIGHT="39" CONTENT="dieser" WC="0.99" CC="000060"/>
						<SP ID="P7_SP00993" HPOS="2272" VPOS="4132" WIDTH="30"/>
						<String ID="P7_ST01117" HPOS="2302" VPOS="4093" WIDTH="108" HEIGHT="49" CONTENT="Tage" WC="0.98" CC="0407"/>
						<SP ID="P7_SP00994" HPOS="2410" VPOS="4142" WIDTH="29"/>
						<String ID="P7_ST01118" HPOS="2439" VPOS="4090" WIDTH="62" HEIGHT="38" CONTENT="die" WC="0.95" CC="056"/>
						<SP ID="P7_SP00995" HPOS="2501" VPOS="4142" WIDTH="36"/>
						<String ID="P7_ST01119" HPOS="2537" VPOS="4090" WIDTH="154" HEIGHT="51" CONTENT="jungen" WC="0.98" CC="456020"/>
						<SP ID="P7_SP00996" HPOS="2691" VPOS="4142" WIDTH="44"/>
						<String ID="P7_ST01120" HPOS="2735" VPOS="4089" WIDTH="158" HEIGHT="39" CONTENT="Brüder" WC="0.99" CC="070050"/>
						<SP ID="P7_SP00997" HPOS="2893" VPOS="4142" WIDTH="37"/>
						<String ID="P7_ST01121" HPOS="2930" VPOS="4101" WIDTH="98" HEIGHT="27" CONTENT="von" WC="0.98" CC="040"/>
						<SP ID="P7_SP00998" HPOS="3028" VPOS="4142" WIDTH="42"/>
						<String ID="P7_ST01122" HPOS="3070" VPOS="4088" WIDTH="166" HEIGHT="40" CONTENT="Booth" WC="0.50" CC="85505"/>
						<SP ID="P7_SP00999" HPOS="3236" VPOS="4142" WIDTH="39"/>
						<String ID="P7_ST01123" HPOS="3275" VPOS="4099" WIDTH="69" HEIGHT="26" CONTENT="aus" WC="0.97" CC="530"/>
					</TextLine>
					<TextLine ID="P7_TL00122" HPOS="1768" VPOS="4149" WIDTH="1575" HEIGHT="53">
						<String ID="P7_ST01124" HPOS="1768" VPOS="4155" WIDTH="182" HEIGHT="47" CONTENT="London," WC="0.98" CC="0519064"/>
						<SP ID="P7_SP01000" HPOS="1950" VPOS="4202" WIDTH="31"/>
						<String ID="P7_ST01125" HPOS="1981" VPOS="4155" WIDTH="171" HEIGHT="40" CONTENT="Knaben" WC="0.98" CC="090607"/>
						<SP ID="P7_SP01001" HPOS="2152" VPOS="4202" WIDTH="30"/>
						<String ID="P7_ST01126" HPOS="2182" VPOS="4164" WIDTH="77" HEIGHT="30" CONTENT="von" WC="0.94" CC="059"/>
						<SP ID="P7_SP01002" HPOS="2259" VPOS="4202" WIDTH="30"/>
						<String ID="P7_ST01127" HPOS="2289" VPOS="4154" WIDTH="35" HEIGHT="46" CONTENT="8," WC="0.69" CC="14"/>
						<SP ID="P7_SP01003" HPOS="2324" VPOS="4202" WIDTH="35"/>
						<String ID="P7_ST01128" HPOS="2359" VPOS="4153" WIDTH="46" HEIGHT="38" CONTENT="10" WC="0.64" CC="06"/>
						<SP ID="P7_SP01004" HPOS="2405" VPOS="4202" WIDTH="28"/>
						<String ID="P7_ST01129" HPOS="2433" VPOS="4151" WIDTH="82" HEIGHT="40" CONTENT="und" WC="0.92" CC="668"/>
						<SP ID="P7_SP01005" HPOS="2515" VPOS="4202" WIDTH="34"/>
						<String ID="P7_ST01130" HPOS="2549" VPOS="4151" WIDTH="47" HEIGHT="40" CONTENT="12" WC="0.69" CC="06"/>
						<SP ID="P7_SP01006" HPOS="2596" VPOS="4202" WIDTH="30"/>
						<String ID="P7_ST01131" HPOS="2626" VPOS="4151" WIDTH="163" HEIGHT="50" CONTENT="Jahren," WC="0.99" CC="0943004"/>
						<SP ID="P7_SP01007" HPOS="2789" VPOS="4202" WIDTH="31"/>
						<String ID="P7_ST01132" HPOS="2820" VPOS="4153" WIDTH="74" HEIGHT="38" CONTENT="alle" WC="0.94" CC="9565"/>
						<SP ID="P7_SP01008" HPOS="2894" VPOS="4202" WIDTH="38"/>
						<String ID="P7_ST01133" HPOS="2932" VPOS="4151" WIDTH="85" HEIGHT="40" CONTENT="drei" WC="0.99" CC="0004"/>
						<SP ID="P7_SP01009" HPOS="3017" VPOS="4202" WIDTH="30"/>
						<String ID="P7_ST01134" HPOS="3047" VPOS="4149" WIDTH="296" HEIGHT="53" CONTENT="Violinspieler," WC="0.99" CC="00105609105544"/>
					</TextLine>
				</TextBlock>
			</PrintSpace>
		</Page>
	</Layout>
</alto>
