4333 5552
3795 5169 145 71 293

1209 662 463 85 Theater
1729 694 156 55 am
1946 667 1050 85 Schiffkauerdamm

1218 811 361 84 Dienstag,
1664 821 106 62 25.
1833 812 403 87 September
2321 822 205 73 1928,
2602 811 99 88 23
2750 811 49 88 ½
2848 811 148 88 Uhr

794 983 988 143 Herwarth
1901 987 1544 145 Walden-Abend

341 1232 112 50 Der
492 1229 137 53 freie
669 1232 168 50 Mann
873 1273 11 10 .
946 1273 12 10 .
1021 1274 10 9 .
1075 1233 650 66 Beethoven-Rostbery
1756 1239 272 61 d'Arguto

542 1323 646 63 Gesangsgemeinschaft
1229 1326 289 64 Rosebery
1560 1329 272 63 d'Arguto

338 1437 177 51 Letzte
556 1437 162 52 Liebe
760 1436 20 65 /
820 1439 425 62 Komitrsgödie
1315 1480 13 11 .
1389 1481 11 11 .
1470 1442 289 52 Herwarth
1801 1445 228 51 Waiden

632 1530 115 50 Der
786 1530 196 50 Mann:
1044 1530 254 53 Heinrich
1343 1534 298 51 Schnitzler

633 1612 114 51 Der
786 1613 255 51 Andere:
1106 1615 201 50 Loihar
1348 1616 207 52 Müthel

634 1696 102 50 Die
768 1697 134 49 Frau
933 1696 101 51 des
1062 1697 296 53 Anderen:
1402 1701 34 49 E
1462 1718 59 33 sa
1543 1701 233 61 Wagner

635 1779 102 50 Die
780 1779 215 51 Wirtin:
1040 1782 119 50 Elsa
1199 1782 238 62 Wagner

338 1885 392 53 Verdammnis
1467 1891 294 52 Herwarth
1801 1893 228 51 Waiden

338 1987 280 62 JudentoJ
645 1998 82 42 ter
1466 1993 292 51 Herwarlh
1801 1994 229 52 Weiden

342 2089 325 63 Entbietung
1466 2095 293 52 Herwarth
1802 2096 226 51 Waiden

746 2183 245 63 Gesang:
1035 2186 111 51 Liili
1193 2187 463 62 Göndör-Justus

747 2266 105 51 Am
883 2268 242 51 Klavier:
1160 2269 196 51 Walter
1385 2269 301 62 Kaempfer

340 2377 196 51 Zirkus
1469 2381 291 52 Herwarlh
1801 2383 228 51 Waiden

965 2461 192 52 Alfred
1199 2463 221 51 Beierle

341 2568 259 52 Gedichte
641 2587 100 35 aus
785 2571 131 51 dem
958 2572 148 52 Buch

346 2662 108 62 „Im
499 2662 313 62 Geschweig
855 2664 101 51 der
1238 2706 11 10 .
1313 2705 11 10 .
1387 2705 11 11 .
1467 2666 291 52 Herwarth
1800 2668 228 50 Waiden

801 2765 56 49 In
900 2765 392 52 slowenischer
1333 2767 236 61 Sprache

929 2849 315 51 Ferdinand
1289 2850 175 51 Delak

930 2930 171 53 Milan
1144 2933 245 50 Kositsch

2201 1242 375 51 Dafnislieder
3322 1243 295 52 Herwarlh
3657 1244 228 51 Waiden

2850 1335 127 52 Resi
3022 1335 209 62 Langer

2665 1419 106 51 Am
2814 1420 246 50 Klavier:
3105 1420 94 52 Dr.
3232 1420 191 50 Meisel

2202 1509 401 52 Sturmmarsch
3324 1510 293 53 Herwarth
3656 1510 230 52 Waiden

2519 1601 583 62 Choreographisches
3144 1602 209 51 Institut
3392 1602 183 52 Laban

2641 1694 328 50 Vortßnzer:
3015 1693 209 52 Robert
3266 1695 174 51 Robst

2201 1783 375 53 Alfdeufsches
2618 1785 270 62 Madrigal
3313 1788 215 61 Morley

2201 1876 357 62 Negerweise
3303 1878 291 62 Rosebery
3617 1879 270 64 d'Arguto

2403 1969 648 61 Gesargsgemeinschaft
3092 1970 290 62 Rosebery
3412 1972 272 61 d'Argufo

2446 2048 161 54 Solo:
2656 2052 71 50 W.
2759 2052 265 61 Beyerski
3067 2050 20 67 /
3130 2053 163 52 Echo:
3339 2054 64 51 H.
3435 2051 205 65 Malgut

2199 2143 116 51 Pan
2355 2160 99 34 aus
2494 2144 238 62 Joueurs
2778 2144 75 51 du
2895 2144 148 52 Flute
3092 2184 10 10 .
3166 2184 10 10 .
3239 2187 9 8 .
3309 2146 189 52 Albert
3541 2147 237 51 Roussel

2200 2235 68 50 Le
2311 2235 276 51 Carnaval
2630 2253 157 34 russe
2834 2235 311 62 (Variation

2273 2318 88 51 für
2401 2317 171 64 Flöte)
3306 2320 171 51 Cesar
3520 2321 186 51 Ciardi

2639 2409 175 51 Flöte:
2858 2409 194 51 Alfred
3094 2410 354 52 Lichtenstein

2641 2492 106 50 Am
2789 2493 205 60 Flügel:
3040 2493 179 62 Harry
3248 2493 227 53 Waldau

2200 2584 111 50 Das
2354 2583 482 52 Mitlernacht-lied
3307 2585 269 52 Friedrich
3610 2586 279 54 Nietzsche

2200 2676 341 51 Arbeitslose
2568 2672 150 71 (Bild
2740 2682 33 45 2
2797 2678 111 50 Der
2932 2679 326 60 gespaltene

2273 2756 242 70 Mensch)
3309 2762 198 50 Bruno
3550 2762 311 51 Schönlank

2348 2851 223 61 Sprech-
2602 2852 114 49 und
2748 2852 487 62 Bewegungschor
3267 2853 97 50 der
3395 2852 360 53 Volksbühne

2356 2936 246 60 Leitung:
2658 2934 573 63 Tiümpy-Skcror.el
3282 2937 116 49 und
3449 2937 129 51 Karl
3618 2937 138 62 Vogt

297 3203 491 82 Aufruf

517 3330 136 69 Wir
702 3330 260 84 grüßen
1032 3331 183 70 Her
1244 3335 309 67 warth
1604 3335 395 69 Waiden
2058 3360 164 46 zum
2273 3335 406 84 fünfzigsten
2735 3335 414 84 Geburtstag
3201 3362 120 44 am
3379 3347 101 59 16.
3516 3338 422 83 September.

522 3431 132 70 Wir
703 3435 317 67 schätzen
1083 3438 69 64 in
1213 3435 149 67 ihm
1421 3436 137 68 den
1611 3436 320 70 Künstler
1982 3438 147 69 und
2180 3438 474 81 Theoretiker,
2707 3438 121 69 der
2888 3438 206 69 durch
3157 3443 188 64 seine
3404 3440 534 69 künstlerischen

295 3533 503 83 Erkenntnisse,
830 3538 190 64 feine
1047 3535 357 69 selbstlose
1440 3536 229 70 Arbeit
1696 3543 67 63 in
1792 3540 186 67 Wort
2007 3540 144 67 und
2182 3540 243 81 Schrift,
2454 3545 190 62 seine
2673 3540 211 69 Kritik
2915 3540 142 69 und
3089 3545 187 64 seine
3316 3543 622 81 organisatorische

295 3634 334 83 Tätigkeit
683 3634 207 68 durch
944 3636 535 85 Ausstellungen
1535 3638 144 69 und
1733 3640 333 84 Vorträge
2117 3648 122 63 der
2290 3663 229 46 neuen
2571 3641 220 68 Kunst
2839 3667 162 44 zum
3054 3643 194 81 Siege
3299 3641 358 70 verholten
3711 3643 137 68 hat.

519 3736 137 68 Wir
708 3743 358 76 erwarten,
1101 3738 136 69 daß
1288 3738 381 71 öffentliche
1719 3741 144 68 und
1916 3748 262 78 private
2227 3745 673 67 kunslinteressierte
2935 3745 232 67 Kreise
3203 3745 181 67 dazu
3419 3743 370 84 verhelfen,
3829 3745 112 67 die

299 3841 282 80 geistige
625 3838 143 67 und
820 3838 486 71 künstlerische
1338 3839 456 71 Arbeitskraft
1843 3866 140 44 von
2036 3844 364 68 Herwarlh
2436 3844 289 68 Waiden
2776 3844 371 70 innerhalb
3199 3844 146 68 und
3397 3844 383 70 außerhalb
3812 3846 126 70 des

297 3939 227 68 Sturm
576 3938 121 69 frei
749 3941 146 68 und
947 3941 462 83 ungehindert
1457 3941 107 69 für
1614 3948 190 64 seine
1856 3946 353 68 nunmehr
2260 3946 492 69 anerkannten
2810 3946 205 69 Ideen
3064 3946 264 69 wirken
3379 3971 84 44 zu
3513 3948 248 69 lassen.

519 4041 135 68 Wir
708 4041 259 83 grüßen
1023 4041 363 69 Herwarth
1438 4043 305 83 Waiden,
1796 4044 137 70 den
1985 4046 319 69 Künstler
2354 4046 144 69 und
2551 4048 350 83 Kämpfer.

1676 4175 151 53 Das
1889 4177 669 53 Ehrenkomitee:

517 4266 94 50 Dr.
655 4264 210 54 Adolf
901 4266 261 61 Behne,
1229 4267 148 52 Prof.
1419 4267 198 52 Peter
1658 4268 335 62 Behrens,
2063 4269 297 53 In'endant
2401 4270 256 52 Gustav
2697 4271 332 63 Härtung,
3096 4270 262 54 Rudolf
3403 4273 315 61 Kastner,

517 4350 145 50 Prof.
725 4350 152 51 Karl
937 4351 33 50 L
991 4351 666 62 arsen-Kopenhagen,
1746 4353 51 49 E.
1846 4353 49 50 L.
1947 4353 358 56 Kirchner,
2395 4352 261 52 Rudolf
2711 4371 48 33 v.
2822 4354 248 57 Laban,
3160 4355 220 62 Julius
3443 4356 274 55 Lieban,

516 4432 330 51 Heinrich
886 4434 221 56 Mann,
1188 4434 47 50 F.
1267 4434 39 50 T
1354 4434 350 50 Marinetti
1750 4435 210 64 (Rom),
2042 4436 199 51 Erich
2281 4435 492 58 Mendelsohn,
2855 4436 240 52 Alfred
3136 4437 355 59 Mombert,
3570 4438 148 52 Prof.

518 4516 530 62 Moholy-Nagy,
1131 4515 146 54 Prof.
1328 4517 346 61 Johannes
1736 4518 349 59 Molzahn,
2165 4520 95 51 Dr.
2309 4518 143 52 Max
2512 4518 303 61 Osborn,
2899 4519 255 52 Gustav
3213 4519 279 63 Rickelt,
3571 4519 146 54 Prof.

518 4597 223 53 Oskar
785 4599 448 62 Schlemmer,
1277 4598 336 53 Univ.-Prof.
1644 4600 94 51 Dr.
1770 4600 224 52 Oskar
2033 4600 378 53 Schneider
2441 4596 280 72 (Zagreb),
2764 4602 322 62 Philippe
3127 4603 341 61 Soupault
3499 4603 220 62 (Paris),

1311 4683 322 52 Theodor
1673 4684 283 61 Tagger,
2019 4683 236 52 Bruno
2304 4684 190 63 Taut,
2556 4685 148 51 Max
2744 4686 163 51 Taut

1641 4796 146 50 Das
1847 4795 755 52 Aktionskomitee:

518 4883 192 53 Ernst
765 4882 255 65 Collin

1102 4886 164 51 Otto
1322 4886 214 62 Ernst,

1616 4887 93 51 Dr.
1772 4887 347 51 Reinhard
2183 4887 335 62 Goering,

2596 4887 210 52 Adolf
2860 4888 198 62 Loos,

3128 4887 238 54 Alfred
3425 4889 297 52 Richard

1331 4968 249 63 Meyer,

1640 4969 148 54 Prof.
1830 4970 247 51 Lothar
2117 4970 362 63 Screyer,

2540 4971 163 51 Karl
2744 4971 166 62 Vogt

293 381 735 129 Aktionskomitee
1076 405 152 105 zur
1258 385 336 131 Elirnng
1628 408 162 105 von
1824 388 447 128 Herwartli
2295 388 342 128 Walflen
2681 415 132 101 am
2854 391 528 125 fiinfzissten
3419 395 512 121 Gebnrtstae
