3479 4422
1706 164 95 54 202

143 305 44 51 in
218 304 80 51 der
330 303 122 52 diese
482 304 224 52 Nummer
745 302 101 51 eine
885 303 443 54 ausserordentliche
1369 304 335 70 Begeisterung

143 397 139 43 unter
312 389 88 51 den
416 388 348 50 Mitwirkenden
796 388 93 50 und
919 388 103 52 dem
1050 389 238 52 Publicum
1314 390 258 51 hervorrief.
1604 391 75 50 Lei-

147 474 81 50 der
259 473 119 51 blieb
409 473 67 48 ihr
505 472 71 50 bei
608 472 81 49 der
720 472 298 69 Aufführung
1060 474 121 52 nicht
1213 475 78 51 der
1324 474 211 67 günstige
1564 475 144 57 Platz,

147 557 94 50 und
282 555 241 51 vereinzelt
566 573 113 48 ganz
728 573 55 33 an
827 557 80 50 das
938 558 130 49 Ende
1110 559 120 50 eines
1261 559 162 66 langen
1457 558 250 52 Concertes

150 648 189 61 gesetzt,
381 640 170 49 konnte
584 640 62 50 sie
683 642 161 50 keinen
876 659 191 50 grossen
1100 643 231 49 Eindruck
1363 644 201 51 machen.
1623 645 85 49 Die

150 722 353 52 Schubert'sche
522 724 216 59 Sinfonie,
767 726 173 50 welche
969 733 119 43 trotz
1119 727 123 49 ihrer
1266 728 156 66 Länge
1453 746 50 32 so
1535 728 145 50 unend-

148 808 84 50 lich
265 807 111 51 viele
406 809 128 66 Züge
566 811 200 66 genialer
796 811 257 66 Erfindung
1092 812 188 57 enthält,
1326 813 138 50 sahen
1510 813 84 48 wir
1636 813 78 50 auf

150 892 103 49 dem
286 893 273 66 Programm
606 894 80 50 mit
728 911 184 49 grosser
941 894 198 59 Freude,
1185 896 77 49 mit
1294 896 246 49 Bedenken
1573 894 109 69 dage-

151 995 89 49 gen
272 976 71 50 die
373 977 184 51 Ballade
598 996 86 32 von
717 978 277 50 Schumann.
1048 981 92 48 Das
1186 980 326 50 hinterlassene
1561 981 148 49 Werk

152 1061 127 51 hatte
326 1079 79 33 vor
433 1062 203 50 Kurzem
683 1061 69 49 bei
788 1062 148 50 seiner
966 1071 151 42 ersten
1148 1062 296 69 Aufführung
1472 1065 44 49 in
1549 1063 135 51 Elber-

153 1145 92 50 feld
284 1146 42 49 in
363 1146 142 48 einem
540 1145 175 49 kleinen
747 1145 335 59 Concertsaale,
1128 1147 39 48 in
1200 1147 279 66 Gegenwart
1524 1148 164 50 zahlrei-

155 1230 108 49 cher
279 1230 230 49 Verehrer
540 1228 77 50 des
640 1228 496 68 Dahingeschiedenen,
1168 1231 130 49 einen
1330 1249 190 48 grossen
1553 1234 159 66 Erfolg

156 1312 197 68 gehabt;
394 1312 101 50 dass
526 1330 100 32 man
659 1312 42 50 in
731 1312 82 50 der
842 1321 151 42 ersten
1027 1315 179 49 Freude
1238 1316 93 50 und
1364 1334 86 32 von
1482 1316 81 50 der
1592 1317 88 50 Ver-

155 1395 326 66 öffentlichung
512 1414 54 30 zu
599 1396 122 48 einer
744 1395 409 70 Ueberschätzung
1183 1400 117 57 kam,
1331 1399 56 49 ist
1417 1400 122 49 nicht
1567 1418 113 31 unna-

153 1480 187 57 türlich;
382 1496 48 32 es
462 1480 57 48 ist
548 1480 100 49 eine
679 1480 162 51 Pflicht
871 1481 81 50 der
984 1482 296 59 Rheinlande,
1310 1484 107 49 alles
1449 1485 79 48 mit
1559 1485 150 49 Pietät

152 1562 300 50 aufzuführen
484 1564 90 49 und
607 1581 52 32 zu
693 1564 271 67 begrüssen,
994 1584 94 32 was
1119 1585 54 32 an
1194 1566 355 51 hinterlassenen
1573 1568 102 50 Com-

155 1648 256 67 positionen
443 1649 81 48 des
559 1667 50 31 so
641 1649 99 48 früh
773 1650 82 50 der
882 1650 152 50 Kunst
1065 1651 278 50 entrissenen
1376 1653 209 50 Meisters
1617 1653 91 49 sich

156 1731 118 50 noch
305 1733 235 49 vorfinden
573 1733 204 58 möchte;
805 1752 100 30 man
940 1735 111 48 wird
1083 1734 128 51 dabei
1242 1735 162 66 gewiss
1436 1736 116 50 noch
1584 1754 93 32 man-

155 1815 85 51 che
269 1816 133 49 Perle
434 1816 165 49 finden.
659 1818 145 48 Allein
847 1818 79 48 das
959 1818 467 67 Pfingstfest-Comite
1467 1820 124 50 hatte
1634 1820 73 50 bei

153 1899 83 48 der
270 1899 137 50 Wahl
454 1899 70 50 die
556 1899 318 67 Erfahrungen
919 1902 80 49 der
1044 1902 166 50 letzten
1256 1902 161 50 beiden
1445 1904 137 50 Feste
1625 1921 82 33 zur

153 1984 291 66 Benutzung,
490 1983 69 49 bei
606 1983 146 51 denen
783 1985 216 51 Paradies
1029 1987 93 49 und
1156 1987 100 49 Peri
1288 1988 176 49 sowohl
1496 1988 63 51 als
1591 1989 114 48 auch

152 2067 80 49 das
250 2067 269 50 Adventlied
546 2067 62 49 als
627 2068 393 68 unzweckmässig
1050 2070 92 50 sich
1164 2070 251 61 erwiesen;
1446 2089 103 32 man
1581 2073 127 50 hätte

151 2150 91 49 sich
274 2150 212 50 erinnern
519 2150 195 60 können,
761 2153 101 48 dass
893 2153 212 51 Paradies
1136 2156 93 49 und
1260 2156 100 49 Peri
1402 2163 119 43 trotz
1562 2157 147 49 seiner

151 2251 190 49 grossen
401 2234 310 51 Schönheiten
757 2236 91 50 und
894 2236 81 50 der
1018 2238 345 52 wundervollen
1407 2241 302 67 Ausführung

151 2317 142 49 durch
324 2318 150 67 Jenny
504 2317 128 60 Lind,
664 2318 64 50 als
759 2319 192 60 Ganzes,
975 2321 93 50 und
1100 2340 122 31 zwar
1249 2322 45 49 in
1326 2323 143 66 Folge
1500 2323 82 50 der
1611 2326 65 48 An-

151 2401 211 67 ordnung
392 2401 79 50 des
500 2403 172 50 Textes
706 2403 91 50 und
829 2403 81 50 der
941 2404 410 68 eigentümlichen
1379 2407 330 51 Schreibweise

151 2486 314 58 Schumann's,
495 2505 86 30 nur
612 2486 132 51 einen
775 2488 157 51 Succes
961 2491 196 49 d'estime
1186 2507 178 50 errang.
1422 2492 137 50 Einer
1589 2510 90 32 mas-

150 2568 236 51 senhaften
416 2570 294 67 Aufführung
738 2571 264 67 gegenüber
1042 2573 130 50 theilt
1201 2575 79 49 das
1312 2591 117 33 neue
1463 2576 148 51 Werk
1638 2576 71 49 die

143 2653 294 50 Schwächen
480 2655 80 49 mit
606 2655 301 50 Schumann's
954 2656 340 53 berühmtester
1338 2660 340 68 Vocal-Compo-

146 2736 151 52 sition.
353 2737 63 50 Es
460 2737 57 50 ist
561 2738 70 50 die
660 2737 301 52 Uhland'sche
993 2742 198 59 Ballade,
1236 2761 85 32 von
1365 2744 197 49 Richard
1595 2745 112 48 Pohl

148 2820 144 51 durch
324 2821 259 67 Einlegung
621 2822 193 50 anderer
856 2825 218 51 Gedichte
1115 2831 288 62 vergrössert
1443 2827 94 51 und
1578 2827 108 50 theil-

148 2904 139 50 weise
319 2904 288 59 dramatisirt,
637 2906 149 50 indem
819 2906 71 51 die
922 2909 284 50 handelnden
1230 2912 249 56 Personen,
1511 2911 79 50 das
1613 2912 63 49 Kö-

148 2989 214 67 nigspaar
396 2990 91 48 und
517 2990 72 49 die
621 2989 160 52 beiden
810 2992 178 66 Sänger
1017 2992 135 51 nebst
1177 2994 139 59 Chor,
1340 3013 56 32 an
1421 2998 85 47 den
1538 2995 146 51 betref-

150 3072 158 50 fenden
336 3074 173 49 Stellen
540 3074 315 52 selbstredend
884 3078 260 66 eingeführt
1175 3079 200 49 werden.
1404 3079 116 49 Jede
1544 3080 138 50 Misch-

147 3164 196 60 gattung
372 3156 44 50 in
453 3158 81 49 der
561 3159 153 49 Kunst
745 3159 77 49 hat
852 3168 142 43 etwas
1025 3163 266 58 Missliches,
1333 3163 92 49 und
1457 3164 120 49 diese
1608 3164 76 49 Bal-

151 3239 112 57 lade,
306 3241 71 49 die
421 3259 94 32 nun
557 3243 157 49 weder
755 3243 100 49 eine
896 3245 130 50 echte
1056 3246 183 51 Ballade
1277 3248 116 49 noch
1436 3246 69 50 ein
1538 3249 170 48 Drama

146 3324 76 56 ist,
254 3325 226 48 verführte
507 3326 45 50 in
584 3326 123 50 ihrer
725 3326 329 53 zweifelhaften
1073 3330 175 50 Gestalt
1277 3330 87 50 den
1380 3330 328 69 Componisten

152 3424 52 31 zu
232 3405 131 68 jener
392 3406 463 54 Unentschiedenheit
886 3409 78 52 des
989 3412 123 58 Stils,
1145 3432 52 30 zu
1232 3414 143 50 einem

151 3489 156 51 reihen
339 3490 284 52 liederhafter
654 3494 216 56 Formen,
903 3513 56 31 zu
992 3495 143 51 einem
1164 3498 287 49 Schwanken
1484 3498 223 49 zwischen

153 3572 401 54 beschreibendem
583 3578 371 51 Balladen-Tone
995 3580 91 49 und
1131 3580 102 50 dem
1272 3582 436 49 declamatorischen

152 3657 186 56 Pathos,
382 3659 103 50 dem
527 3678 47 31 es
617 3663 173 50 sowohl
822 3681 54 32 an
910 3664 80 49 der
1036 3664 358 51 wohlthuenden
1427 3667 281 48 Einfachheit

150 3740 123 49 eines
305 3742 158 49 echten
495 3744 258 60 Recitativs,
799 3747 62 48 als
908 3765 54 31 an
1008 3747 85 51 der
1145 3748 261 50 wirklichen
1439 3749 269 66 Entfaltung

148 3824 84 50 der
261 3824 333 52 dramatischen
627 3829 282 51 Situationen
942 3832 222 66 gebricht.
1205 3833 99 48 Nur
1333 3833 252 50 wahrhafte
1615 3834 60 49 Ge-

147 3912 219 62 gensätze
397 3909 226 51 zwischen
654 3912 204 51 scharfen
902 3916 90 49 und
1025 3916 310 67 gegliederten
1368 3918 213 57 Formen,
1622 3918 85 49 wie

143 3993 65 48 sie
240 3993 71 48 die
341 3993 131 68 Oper
512 3994 90 49 und
650 3994 78 50 das
759 3997 266 51 Oratorium
1070 4000 285 67 ausgebildet
1402 4000 161 59 haben,
1608 4001 97 53 sind

140 4077 59 48 im
233 4077 192 56 Stande,
471 4077 86 50 den
589 4096 191 48 grossen
811 4081 206 51 Rahmen
1049 4083 120 51 eines
1201 4085 233 66 längeren,
1481 4086 69 48 für
1578 4085 127 49 Chor

141 4161 91 49 und
259 4161 255 51 Orchester
545 4162 315 66 componirten
879 4165 199 52 Werkes
1101 4168 306 59 auszufüllen;
1439 4168 265 53 Monotonie

1804 314 189 62 erzeugt
2039 307 91 55 sich
2173 308 141 56 schon
2356 308 217 63 dadurch,
2619 308 103 55 dass
2754 307 70 54 die
2852 307 320 56 vorhandenen
3203 311 160 52 Kräfte

1804 392 77 50 des
1916 392 146 51 Chors
2092 392 123 51 nicht
2247 395 191 67 gehörig
2468 394 189 50 benutzt
2685 392 211 59 werden;
2935 392 116 50 auch
3083 394 280 62 Schumann,

1803 495 52 32 so
1886 477 120 51 reich
2037 495 56 36 an
2124 479 338 53 musicalischer
2487 477 273 68 Erfindung,
2789 495 56 32 an
2877 481 159 46 süssen
3069 477 91 50 und
3191 480 147 65 ergrei-

1804 561 162 50 fenden
1997 562 254 51 Melodieen
2293 581 49 32 er
2383 565 71 57 ist,
2496 564 76 48 hat
2613 564 120 48 diese
2766 562 444 53 Formenschwäche
3239 562 124 51 nicht

1804 644 333 61 überwunden,
2178 648 70 48 die
2280 648 103 49 dem
2416 646 309 68 ungetrübten
2758 646 209 50 Genüsse
2998 645 148 50 seiner
3175 650 160 62 grösse-

1804 745 79 33 ren
1916 730 299 50 Vocalwerke
2244 731 369 68 entgegensteht.
2672 730 75 51 Sie
2789 730 179 50 bleiben
3006 730 145 48 ihrem
3184 730 179 51 Wesen

1804 814 113 49 nach
1947 815 186 66 sinnige,
2164 815 215 50 duftende
2401 815 165 52 Lieder
2592 816 92 50 und
2702 815 230 60 Balladen,
2952 815 41 48 in
3020 814 127 49 einen
3174 815 187 50 Strauss

1805 915 262 34 zusammen
2100 898 244 67 gebunden
2374 899 94 50 und
2509 899 80 50 mit
2629 899 332 50 dramatischen
2994 899 176 48 Scenen
3203 905 131 42 unter-

1806 982 176 58 mischt,
2030 983 236 49 werthvoll
2313 983 70 49 für
2429 984 86 48 den
2568 983 245 51 Gebrauch
2867 1001 84 31 von
2996 983 224 49 Vereinen
3264 983 93 51 und

1806 1065 197 50 kleinere
2060 1067 371 68 Aufführungen,
2491 1067 109 49 aber
2656 1068 123 49 nicht
2834 1067 270 66 verträglich
3151 1067 80 48 mit
3276 1065 82 52 der

1806 1149 172 51 Grösse
2008 1150 121 51 eines
2158 1152 302 51 Musikfestes.
2492 1153 51 50 In
2585 1153 124 57 „Des
2740 1153 200 65 Sängers
3189 1149 59 52 ist
3278 1150 83 54 der

1805 1233 210 66 Eingang
2045 1234 92 50 und
2168 1234 80 50 der
2277 1253 103 32 vom
2410 1236 123 50 Chor
2577 1243 333 60 vorgetragene
2940 1234 190 50 Schluss
3172 1252 86 33 von
3288 1252 48 33 er-

1805 1318 271 64 greifender,
2106 1319 252 65 tragischer
2388 1319 272 59 Schönheit;
2702 1321 42 48 in
2775 1321 82 48 der
2887 1318 229 50 mittleren
3146 1318 186 51 dramati-

1804 1401 137 49 sirten
1975 1401 150 50 Partie
2168 1402 206 51 zeichnet
2417 1404 93 50 sich
2556 1404 96 50 eine
2683 1406 233 48 Romanze
2956 1402 43 49 in
3029 1404 157 47 B-dur
3216 1403 145 51 durch

1804 1484 435 53 einschmeichelnde
2281 1487 211 60 Melodie,
2538 1488 70 50 ein
2669 1488 162 51 kurzer
2886 1487 348 60 Chor-Refrain,
3278 1487 82 51 der

1805 1568 86 50 den
1923 1570 399 67 Freiheitsgesang
2361 1570 82 50 der
2483 1571 163 51 beiden
2678 1573 177 64 Sänger
2886 1570 282 55 wiederholt,
3215 1570 143 50 durch

1803 1652 148 50 hohen
1984 1653 235 68 Schwung
2260 1671 105 42 aus;
2417 1655 69 49 die
2531 1656 256 67 eingelegte
2826 1653 187 50 Ballade
3053 1652 79 50 des
3174 1655 180 64 greisen

1801 1737 178 50 Barden
2011 1737 204 67 dagegen
2247 1756 86 32 von
2363 1738 87 51 den
2482 1740 94 49 drei
2612 1740 309 57 Schwertern,
2963 1737 80 50 mit
3076 1737 205 51 welchen
3311 1738 45 50 in

1800 1821 81 50 der
1910 1821 309 69 Bearbeitung
2262 1822 74 50 ein
2379 1824 230 66 geheimes
2642 1822 292 51 Verbrechen
2980 1822 80 49 des
3089 1821 178 66 Königs
3309 1821 45 51 in

1800 1905 70 49 ein
1903 1905 286 51 unerklärtes
2222 1906 282 51 Verhältniss
2548 1906 221 69 gebracht
2813 1906 129 57 wird,
2986 1905 80 49 das
3111 1904 72 50 die
3213 1905 112 49 Kata-

1800 1989 189 67 strophe
2020 1989 317 50 herbeiführen
2370 1990 109 58 hilft,
2509 1991 57 50 ist
2596 1991 203 66 weniger
2829 1987 236 69 glücklich,
3112 1987 70 50 die
3212 1987 144 68 Figur

1801 2072 80 50 der
1912 2072 198 68 Königin
2152 2074 98 49 tritt
2288 2074 81 49 auf
2402 2074 80 51 der
2521 2075 130 50 einen
2683 2074 124 51 Seite
2836 2072 123 51 nicht
2991 2089 155 51 genug
3177 2071 180 61 hervor,

1800 2156 80 50 auf
1904 2156 81 50 der
2015 2158 199 49 anderen
2243 2158 189 50 verletzt
2477 2159 71 49 die
2578 2158 301 66 Ausführung
2910 2158 79 49 des
3020 2155 334 51 Verhältnisses

1801 2258 103 32 zum
1931 2241 233 68 Jüngling,
2206 2241 69 50 ihr
2316 2241 456 51 schwermuthvolles
2802 2241 194 66 Klagen,
3041 2240 79 50 das
3153 2239 92 51 sich
3277 2240 80 51 mit

1803 2324 101 49 dem
1935 2324 285 52 Liebesliede
2251 2325 79 51 des
2359 2326 240 67 Jünglings
2638 2325 268 59 vermischt;
2953 2324 80 49 der
3062 2323 183 50 Zauber
3276 2324 81 49 der

1801 2406 334 53 Uhland'schen
2166 2409 183 51 Ballade
2378 2410 108 66 liegt
2516 2410 57 50 im
2599 2410 269 66 Schweigen
2900 2409 80 50 der
3003 2408 213 66 Königin,
3245 2408 82 49 wel-

1800 2492 84 49 che
1914 2492 173 50 einfach
2119 2493 70 51 die
2218 2494 124 50 Rose
2373 2512 86 32 von
2491 2494 121 50 ihrer
2641 2494 141 50 Brust
2811 2493 187 58 nimmt;
3029 2492 159 50 sobald
3219 2492 64 49 sie
3313 2492 43 49 in

1801 2577 159 50 Tönen
1992 2577 134 67 singt,
2159 2577 70 50 die
2257 2577 81 50 der
2358 2578 152 52 Minne
2535 2578 261 51 Sehnsucht
2826 2594 86 33 nur
2943 2577 135 50 leicht
3107 2575 249 59 verhüllen,

1800 2659 286 65 rechtfertigt
2116 2662 62 49 sie
2210 2662 71 49 die
2313 2660 174 69 blutige
2505 2663 133 48 That.
2670 2662 137 51 Diese
2838 2659 142 51 selbst
3010 2660 80 50 mit
3121 2660 103 49 dem
3244 2660 84 49 Ent-

1803 2752 153 42 setzen
2008 2744 79 50 des
2139 2744 147 51 Chors
2338 2746 59 49 ist
2453 2746 59 50 im
2571 2746 419 50 Schumann'schen
3038 2744 179 51 Werke
3269 2761 88 33 nur

1803 2828 209 50 schwach
2035 2829 203 50 markirt.
2269 2831 247 49 Immerhin
2544 2831 164 49 wollen
2736 2829 83 51 wir
2841 2829 70 50 die
2932 2828 139 51 Wahl
3103 2828 80 50 des
3213 2828 106 50 Wer-

1804 2912 79 48 kes
1914 2912 122 49 nicht
2069 2930 55 31 zu
2156 2921 158 58 streng
2344 2913 167 60 tadeln,
2554 2931 96 32 war
2690 2930 47 33 es
2783 2912 116 51 doch
2930 2931 85 30 von
3048 2912 144 49 einem
3225 2928 105 50 gros-

1803 3014 81 33 sen
1913 2996 386 51 vaterländischen
2331 2997 278 51 Tondichter
2642 2998 70 50 ein
2740 3015 141 32 neues
2915 2996 164 51 Werk.

1931 3081 117 48 Was
2091 3081 80 48 soll
2214 3099 103 31 man
2358 3080 110 50 aber
2518 3099 83 31 zur
2631 3081 257 49 Aufnahme
2929 3080 81 49 der
3039 3080 202 66 Trilogie
3271 3096 87 34 von

1803 3163 175 51 Berlioz
2010 3181 154 50 sagen,
2197 3165 70 49 die
2298 3165 230 67 nirgends,
2562 3165 218 50 vielleicht
2810 3165 123 49 nicht
2961 3165 160 49 einmal
3153 3165 43 49 in
3225 3165 99 50 Wei-

1804 3264 112 43 mar,
1946 3247 130 51 einen
2107 3247 365 52 unbestrittenen
2502 3250 159 66 Erfolg
2692 3248 167 68 gehabt
2888 3248 111 50 hat?
3059 3250 132 48 Denn
3222 3265 136 33 wenn

1803 3350 86 32 von
1921 3332 144 49 einem
2107 3332 184 52 solchen
2333 3350 82 33 vor
2454 3332 177 68 einigen
2661 3334 171 49 Jahren
2877 3332 43 51 in
2962 3332 126 50 Paris
3130 3332 71 50 die
3230 3332 128 50 Rede

1804 3433 110 38 war,
1946 3433 53 31 so
2030 3415 87 66 gab
2148 3433 48 31 es
2228 3416 170 50 damals
2426 3415 141 51 schon
2594 3416 269 67 gewichtige
2882 3416 222 50 Stimmen
3136 3415 220 67 dagegen.

1803 3500 49 48 In
1884 3497 81 50 der
2197 3500 152 49 Revue
2554 3501 74 48 des
2758 3502 123 49 deux
3065 3502 178 49 mondes
2637 3501 100 50 fand
2769 3500 93 49 sich
2897 3500 73 49 ein
3001 3500 201 49 scharfer
3234 3500 99 48 Arti-

1804 3582 85 58 kel,
1921 3582 43 49 in
1996 3582 218 50 welchem
2247 3602 47 31 es
2326 3591 133 42 unter
2478 3584 233 51 Anderem
2741 3585 165 48 heisst:
2949 3585 127 57 „Der
3106 3585 123 48 Text
3259 3582 97 67 gibt

1800 3666 84 49 der
1900 3666 149 50 Musik
2078 3684 53 32 an
2158 3668 257 66 origineller
2430 3668 209 50 Naivetät
2669 3669 144 49 nichts
2845 3668 127 50 nach.
3006 3669 94 48 Das
3132 3665 196 69 unglaub-

1800 3750 113 48 liche
1945 3750 180 50 Gewirr
2154 3769 84 32 von
2270 3753 159 49 Tönen
2460 3753 91 49 und
2586 3751 503 51 ohrenzerreissendem
3122 3749 235 51 Geräusch

1804 3852 53 30 zu
1890 3833 310 58 beschreiben,
2232 3836 156 50 womit
2416 3836 176 50 Berlioz
2624 3836 87 49 den
2742 3843 153 42 ersten
2926 3835 127 50 Theil
3084 3834 147 49 seines
3259 3833 65 67 My-

1801 3917 212 50 steriums
2045 3918 205 51 illustrirt
2283 3920 91 57 hat,
2406 3924 186 45 müssen
2608 3919 81 50 wir
2705 3919 252 69 aufgeben;
2990 3936 47 33 es
3067 3918 58 49 ist
3153 3917 203 67 zugleich

1801 4000 200 51 kindisch
2034 4004 90 50 und
2457 4003 101 51 Und
2589 4004 158 50 weiter
2779 4004 99 50 hin:
2920 4042 17 19 „
2954 4003 157 49 Wenn
3130 4002 86 49 wir
3238 4002 119 49 öfter

1800 4085 80 49 auf
1902 4085 151 51 Herrn
2082 4088 176 49 Berlioz
2288 4085 404 60 zurückkommen,
2722 4104 51 33 so
2796 4087 132 49 rührt
2958 4085 79 50 das
3067 4084 155 60 daher,
3254 4084 102 51 weil

1799 4186 53 33 er
1881 4169 70 51 ein
1983 4172 362 65 merkwürdiges
2377 4171 190 66 Beispiel
2612 4172 125 51 einer
2780 4171 225 66 gewissen
3038 4169 88 51 Art
3165 4187 88 33 von
3280 4171 49 48 In-
