2745 4028
613 226 40 33 12

189 347 110 31 THE
332 347 218 33 MORRIS

189 409 258 30 DANCE.

612 350 192 36 anciently
827 351 66 29 not
916 350 165 36 peculiar
1102 348 40 31 to
1166 350 134 29 morris
1317 350 170 33 dancers,
1504 345 186 40 examples
1707 349 36 29 of
1758 350 103 29 them
1893 350 198 34 occurring
2107 349 37 28 in
2162 356 110 28 many
2289 346 59 30 old
2365 346 122 36 prints
2503 346 58 37 (1).

614 414 38 28 In
675 413 66 29 the
763 413 107 35 reign
895 411 37 30 of
955 412 123 35 Henry
1101 412 64 29 the
1190 412 134 36 Eighth
1346 412 65 30 the
1435 412 134 29 morris
1593 412 155 29 dancers
1771 419 99 21 were
1893 411 151 29 dressed
2061 410 39 28 in
2117 409 70 36 gilt
2202 409 146 28 leather
2361 408 71 28 and
2448 406 114 31 silver

1614 482 127 28 paper,
1785 474 71 28 and
1901 473 217 29 sometimes
2155 472 37 28 in
2231 471 103 28 coats
2371 469 37 29 of
2442 469 117 29 white

1614 534 178 37 spangled
1815 534 156 29 fustian.
1995 533 100 36 They
2117 532 73 29 had
2223 539 133 28 purses
2393 532 39 28 at
2457 530 104 29 their

1614 597 152 36 girdles,
1789 597 71 28 and
1878 597 147 35 garters
2041 596 39 27 to
2096 594 122 29 which
2237 593 92 30 bells
2345 600 99 21 were
2461 593 100 28 atta®

1614 660 89 29 ched
1720 659 63 37 (2).
1807 658 73 29 The
1897 658 115 29 latter
2039 658 91 28 have
2154 657 94 27 been
2275 654 135 37 always
2434 663 19 19 a
2477 654 84 35 part

1613 720 37 30 of
1665 721 64 29 the
1744 720 193 30 furniture
1954 718 37 30 of
2007 719 65 29 the
2089 725 103 21 more
2209 716 121 29 active
2348 717 213 28 characters

1613 783 38 29 in
1667 783 64 28 the
1748 783 148 35 morris,
1913 781 72 29 and
2001 781 64 28 the
2083 786 64 22 use
2165 778 37 29 of
2217 779 104 28 them
2339 778 30 29 is
2393 777 37 29 of
2453 778 108 35 great

1611 846 202 35 antiquity.
1836 844 74 29 The
1941 840 190 40 tinkling
2159 838 240 32 ornaments
2422 837 43 31 to
2489 837 70 31 the

1610 905 81 31 feet
1707 914 134 28 among
1856 907 65 28 the
1936 905 139 29 Jewish
2092 912 145 21 women
2256 910 62 21 are
2335 901 223 35 reprobated

1613 969 36 29 in
1674 967 137 32 Isaiah
1840 969 53 28 iii.
1917 975 50 22 10.
1999 967 50 29 18.
2081 966 153 29 Gratius
2268 963 176 34 Faliscus,
2476 963 83 28 who

1612 1032 119 27 wrote
1749 1031 57 28 his
1822 1037 105 28 poem
1947 1037 47 21 on
2011 1028 164 35 hunting
2191 1028 36 26 in
2244 1026 66 28 the
2328 1025 91 29 time
2437 1023 37 30 of
2487 1023 74 29 Au»

1613 1093 146 34 gustus,
1776 1092 65 28 has
1858 1091 149 29 alluded
2024 1091 39 28 to
2081 1089 64 29 the
2162 1088 162 36 practice
2342 1086 37 29 of
2402 1086 159 34 dancing

1612 1154 93 28 with
1731 1153 92 29 bells
1847 1161 46 20 on
1917 1153 65 28 the
2005 1151 79 30 feet
2106 1158 135 28 among
2277 1150 65 28 the
2376 1147 183 36 Egyptian

188 600 44 23 &
277 592 96 31 The
401 592 153 31 Bells.

609 1209 139 35 priests
784 1209 37 30 of
855 1211 183 36 Canopus,
1071 1211 39 29 in
1143 1212 64 29 the
1230 1211 192 38 following
1453 1214 117 34 lines;
2517 1214 44 23 &

1135 1285 65 29 Vix
1223 1287 154 33 operata
1400 1294 67 21 suo
1491 1294 106 21 sacra
1620 1288 44 27 ad
1689 1288 176 28 Bubastia
1890 1286 75 29 lino

1131 1346 153 30 Velatur
1306 1346 169 40 sonipes
1498 1347 151 31 aestivi
1670 1347 117 30 tuiha
1813 1346 174 40 Canopi.

1752 1408 111 40 Cyne
1866 1408 68 38 get
1936 1407 108 37 icon,
2068 1408 63 29 lib.
2157 1409 25 28 I.
2207 1415 55 27 42.

677 1467 116 29 There
817 1468 30 29 is
869 1470 93 33 good
986 1476 132 22 reason
1141 1469 58 30 for
1223 1470 187 36 believing
1436 1471 85 28 that
1536 1471 64 29 the
1618 1472 134 28 morris
1767 1471 93 29 bells
1876 1479 98 21 were
1992 1471 193 29 borrowed
2202 1468 96 30 from
2315 1469 65 28 the
2397 1467 161 36 genuine

608 1527 185 32 Moorish
820 1529 126 31 dance
959 1538 10 26 ;
991 1538 21 21 a
1036 1531 271 29 circumstance
1331 1531 85 30 that
1437 1533 112 29 tends
1571 1533 41 27 to
1636 1533 243 28 corroborate
1901 1532 66 28 the
1991 1531 152 35 opinion
2173 1530 85 28 that
2292 1529 65 28 has
2380 1529 94 28 been
2503 1527 54 29 al«

605 1591 115 37 ready
744 1589 141 31 offered
908 1593 90 29 with
1023 1594 147 34 respect
1191 1594 39 28 to
1253 1593 64 29 the
1342 1593 213 37 etymology
1578 1593 37 29 of
1637 1594 64 29 the
1726 1592 151 31 morris
1880 1614 9 8 .
1915 1593 143 35 Among
2080 1593 64 28 the
2169 1590 182 31 beautiful
2383 1590 124 29 habits
2524 1588 36 30 of

607 1653 150 29 various
781 1654 162 36 nations,
966 1655 195 34 published
1187 1656 45 36 by
1256 1656 98 28 Hans
1377 1655 140 36 Weigel
1541 1656 39 28 at
1603 1656 243 35 Nuremberg,
1870 1656 37 27 in
1932 1662 96 27 «577»
2051 1654 108 28 there
2182 1653 32 28 Is
2241 1653 64 28 the
2321 1651 122 36 figure
2460 1649 36 30 of
2512 1656 47 22 an

607 1712 150 31 African
781 1714 85 36 lady
889 1714 38 30 of
948 1716 64 28 the
1037 1714 177 38 kingdom
1239 1715 36 30 of
1299 1716 68 32 Fez
1391 1717 37 28 in
1453 1717 65 29 the
1542 1718 60 27 act
1626 1717 37 28 of
1686 1717 173 35 dancing,
1883 1717 93 28 with
2000 1715 93 29 bells
2115 1716 40 27 at
2178 1715 66 28 her
2266 1713 91 29 feet.
2515 1715 44 25 &

673 1775 74 29 The
771 1777 158 29 number
951 1776 38 30 of
1012 1776 94 31 bells
1131 1779 118 28 round
1274 1779 89 28 each
1387 1778 60 35 leg
1481 1778 37 29 of
1550 1780 64 28 the
1639 1778 137 29 morris
1806 1779 156 28 dancers
1987 1776 203 30 amounted
2224 1775 95 29 from
2351 1774 145 35 twenty
2517 1773 40 27 to

605 1836 100 38 forty
728 1837 63 37 (3).
814 1837 99 37 They
936 1839 69 28 had
1029 1839 150 29 various
1204 1839 259 38 appellations,
1487 1848 39 21 as
1560 1841 65 28 the
1657 1839 187 35 fore=bell,
1878 1840 66 28 the
1977 1839 135 28 second
2137 1837 88 33 bell,
2249 1837 65 28 the
2336 1834 135 36 treble,
2493 1834 65 28 the

605 1900 124 33 tenor,
751 1900 65 29 the
840 1901 99 34 base,
963 1901 70 28 and
1057 1901 65 28 the
1147 1901 133 29 double
1305 1901 84 29 bell.
1412 1903 221 28 Sometimes
1656 1902 89 36 they
1769 1902 89 28 used
1883 1900 140 30 trebles
2047 1900 109 36 only;
2180 1900 68 28 but
2280 1898 107 29 these
2421 1895 139 30 refine®

607 1963 122 27 ments
752 1969 99 21 were
876 1961 37 29 of
936 1961 97 30 later
1053 1963 113 29 times
1188 1963 64 36 (4).
1275 1963 75 29 The
1375 1963 91 29 bells
1489 1971 100 21 were
1613 1963 246 36 occasionally
1882 1963 139 35 Jingled
2046 1963 46 35 by
2114 1961 66 29 the
2206 1961 130 32 hands,
2361 1966 42 21 or
2431 1957 128 37 placed

605 2031 47 21 on
675 2024 65 29 the
764 2032 99 21 arms
887 2032 42 21 or
951 2025 126 29 wrists
1099 2025 38 29 of
1159 2025 64 29 the
1247 2026 153 34 parties.
1423 2027 168 31 Scarves.,
1613 2026 189 35 ribbands,
1827 2025 71 28 and
1924 2024 95 29 laces
2043 2025 102 33 hung
2169 2022 48 29 all
2246 2028 89 22 over
2357 2020 90 30 with
2471 2019 85 35 gold

604 2086 117 35 rings,
744 2087 72 28 and
839 2093 94 23 even
957 2086 170 35 precious
1151 2088 141 33 stones,
1316 2095 63 21 are
1402 2086 78 30 also
1508 2087 215 29 mentioned
1741 2088 37 28 in
1795 2087 65 29 the
1877 2086 92 28 time
1987 2084 36 30 of
2041 2084 192 30 Elizabeth
2249 2083 65 37 (5).
2331 2083 75 28 The
2424 2080 135 34 miller,

605 2147 38 28 in
666 2148 65 29 the
754 2148 84 37 play
871 2147 37 30 of
939 2149 65 28 the
1032 2147 282 36 Vowbreaker,
1336 2157 83 28 says
1444 2149 44 29 he
1512 2150 30 28 is
1566 2157 102 21 come
1701 2150 41 27 to
1776 2150 147 27 borrow
1947 2149 23 15 '*
1983 2156 21 20 a
2025 2147 73 28 few
2121 2146 213 35 ribbandes,
2359 2142 198 35 bracelets,

606 2210 205 35 earerings,
833 2211 220 36 wyertyers,
1077 2211 72 28 and
1172 2210 94 30 silke
1290 2211 138 36 girdles
1453 2212 70 27 and
1548 2210 280 29 handkerchers
1851 2209 59 29 for
1933 2218 20 20 a
1977 2209 138 28 morice
2140 2208 71 28 and
2246 2215 22 21 a
2303 2206 102 29 show
2430 2203 127 31 before

604 2270 64 29 the
909 2271 76 30 The
1009 2272 301 37 handkerchiefs,
1334 2281 41 21 or
1398 2272 159 36 napkins
1580 2272 52 37 (6)
1654 2280 40 21 as
1715 2273 91 36 they
1829 2279 63 21 are
1916 2271 216 29 sometimes
2156 2268 131 36 called,
2303 2275 98 22 were
2419 2266 83 29 held
2520 2267 37 28 in

605 2335 65 28 the
695 2333 112 34 hand,
831 2342 41 20 or
894 2333 78 29 tied
996 2335 39 28 to
1059 2335 65 28 the
1148 2334 196 29 shoulders
1367 2335 63 36 (7).
1456 2334 36 29 In
1517 2334 181 36 Shirley's
1721 2331 114 40 Lady
1849 2330 49 32 of
1905 2331 242 40 pleausure,
2165 2330 96 35 1637,
2279 2329 69 29 Act
2362 2329 25 28 i.
2404 2328 157 28 Aretina

604 2397 91 28 thus
718 2396 173 36 inveighs
915 2396 148 35 against
1084 2397 67 28 the
1175 2397 255 28 amusements
1454 2395 37 29 of
1512 2396 67 29 the
1602 2397 160 35 country
1776 2403 9 21 :
1839 2402 43 23 &
2009 2399 43 25 &

1256 2460 40 27 to
1321 2460 156 28 observe
1501 2458 92 29 with
1620 2459 102 28 what
1744 2457 204 36 solemnity

965 2521 100 37 They
1089 2520 94 37 keep
1206 2521 104 28 their
1332 2521 138 34 wakes,
1493 2522 72 27 and
1588 2521 125 28 throw
1736 2519 59 29 for
1816 2520 144 36 pewter
1983 2516 285 35 candlestickes,

965 2584 88 27 How
1077 2583 93 37 they
1193 2584 149 27 become
1366 2584 66 27 the
1456 2582 148 36 morris,
1627 2582 93 29 with
1744 2582 126 28 whose
1893 2580 94 30 bells

966 2644 101 37 They
1089 2644 86 36 ring
1198 2644 47 28 all
1272 2644 81 28 into
1378 2644 172 30 Whitson
1576 2643 91 35 ales,
1691 2644 70 28 and
1786 2643 138 29 sweate

964 2706 176 35 Through
1164 2707 146 35 twenty
1333 2704 156 30 scarffes
1512 2707 71 27 and
1609 2705 173 36 napkins,
1806 2704 61 28 till
1893 2704 66 28 the
1983 2704 127 34 Hobby
2142 2703 110 27 horse

964 2768 98 35 Tire,
1085 2768 72 28 and
1180 2768 66 28 the
1271 2767 121 29 maide
1415 2767 163 29 Marrian
1608 2766 177 37 dissoly'd
1807 2767 40 27 to
1871 2773 20 20 a
1914 2764 111 37 gelly,

965 2831 49 27 Be
1039 2829 91 36 kept
1151 2827 59 30 for
1233 2836 139 28 spoone

671 2892 75 29 The
771 2892 102 36 early
898 2899 65 22 use
987 2890 38 29 of
1046 2892 67 27 the
1136 2889 150 30 feather
1308 2890 38 29 in
1371 2890 66 29 the
1462 2891 66 28 hat
1553 2898 158 28 appears
1734 2890 92 28 both
1851 2890 37 28 in
1914 2890 68 28 Mr.
2006 2888 174 30 Tollett's
2203 2887 161 29 window
2397 2885 72 29 and
2492 2884 66 28 the

605 2954 163 30 Flemish
792 2954 128 35 print;
965 2961 19 20 a
1007 2952 151 30 fashion
1181 2952 88 28 that
1290 2959 76 22 was
1390 2952 205 28 continued
1619 2959 20 20 a
1662 2951 89 36 long
1783 2951 92 28 time
1909 2950 222 30 afterwards
2154 2949 62 36 (8).
2242 2946 223 31 Sometimes
2491 2945 66 28 the

184 1770 122 29 Their
337 1777 138 22 names
510 1769 34 30 &

181 1831 267 30 numbers.

603 3134 252 33 NOTES
878 3157 8 8 .

602 3197 54 41 (1)
679 3199 69 28 See
772 3199 64 29 the
859 3198 100 36 plate
983 3197 37 30 of
1043 3199 151 28 ancient
1218 3198 118 33 cards,
1358 3198 95 28 xxxi.
1476 3197 39 29 in
1539 3196 159 30 Strutt's
1713 3194 148 39 Sports
1884 3193 84 31 and
1985 3193 201 40 pastimes
2190 3215 9 13 ,
2229 3192 125 29 where
2378 3199 20 21 a
2422 3190 135 30 knave

602 3269 43 21 or
666 3261 204 29 attendant
891 3261 31 29 is
946 3261 152 29 dressed
1121 3261 38 27 in
1183 3259 78 29 this
1285 3267 168 21 manner.

601 3322 61 40 (2)
686 3322 332 31 Churchwardens'
1042 3323 178 28 accounts
1244 3323 40 27 at
1307 3321 194 35 Kingston,
1525 3320 37 28 in
1588 3320 171 36 Lysons's
1783 3316 205 32 Enviions
2012 3317 48 30 of
2079 3315 167 31 London
2251 3336 9 14 ,
2284 3316 24 29 i.
2333 3323 34 28 p.
2383 3322 80 27 227,
2479 3313 78 29 228.

602 3384 57 40 ($)
682 3384 193 30 Stubbes's
898 3382 219 31 Anatomie
1141 3382 49 31 of
1207 3381 148 31 abuses
1359 3405 8 13 ,
1392 3383 62 28 ubi
1477 3389 126 28 supra.

601 3445 60 41 (4)
684 3448 67 28 See
776 3445 181 38 Rowley's
988 3444 130 31 Witch
1144 3443 49 32 of
1211 3443 232 31 Edmonton
1449 3466 8 14 ,
1480 3443 98 35 1658,
1600 3443 70 29 Act
1692 3444 25 28 i.
1740 3444 56 27 Sc.
1820 3450 33 21 2.

601 3506 60 42 (5)
683 3510 176 34 Stubbes,
884 3509 62 28 ubi
969 3516 124 27 supra.
1115 3505 161 41 Knight
1299 3504 49 32 of
1366 3505 68 30 the
1457 3504 190 40 burning
1670 3502 150 41 pestle,
1843 3504 70 28 Act
1935 3504 48 29 iv.

600 3568 60 42 (6)
682 3572 176 35 Stubbes,
882 3570 63 30 ubi
968 3578 125 29 supra.
1116 3568 174 31 Jonson's
1315 3568 170 39 Masque
1509 3566 50 32 of
1571 3565 176 40 gipsies.
1772 3566 161 29 Holme's
1956 3563 208 40 Academy
2184 3562 49 31 of
2254 3570 170 31 armory
2424 3583 10 15 ,
2463 3561 97 30 book

600 3633 54 29 iii.
677 3641 35 28 p.
736 3633 73 35 169.

599 3693 60 41 (7)
680 3692 233 42 Knightlof
932 3693 70 32 the
1024 3692 187 40 burning
1230 3690 135 41 pestle
1367 3714 11 16 ,
1402 3694 68 27 Act
1491 3692 49 29 iv.

597 3756 61 39 (8)
686 3755 88 32 Vox
789 3754 181 41 graculi,
996 3756 97 35 1623,
1115 3763 35 28 p.
1174 3763 57 29 49.
