2409 4072
2159 203 44 34 41

187 316 67 30 the
277 316 77 30 Sate
378 318 92 34 poet
493 316 172 32 laureate
690 317 117 32 Adam
825 319 338 39 Oehleijschl&ger,

188 379 68 29 the
281 380 111 35 great
425 380 142 30 Danish
604 382 115 37 bard;
742 383 68 30 the
840 384 151 30 reviver
1021 382 38 31 of
1092 384 67 29 the

189 441 187 30 northern
400 443 239 36 Saga-era....
662 445 67 29 the
753 453 71 30 age
848 446 38 30 of
900 446 68 30 the
986 445 174 37 Vikings.

187 511 45 25 <£?
256 504 77 31 The
356 504 90 32 first
469 507 266 36 performance
757 517 78 22 was
858 509 112 37 given
995 517 48 22 on
1060 510 101 29 June

187 569 67 36 4th
279 567 132 32 before
434 579 21 20 a
479 570 103 37 large
606 572 74 29 and
704 572 257 29 enthusiastic
977 572 186 30 audience

187 634 74 28 and
298 641 79 25 was
409 634 168 37 entirely
615 634 209 31 successful
860 636 125 35 owing
1022 636 40 29 to
1093 636 69 29 the

188 696 141 37 beauty
351 695 39 31 of
411 697 67 29 the
502 699 294 34 surroundings,
834 698 66 28 the
924 700 169 35 mystery
1126 697 38 31 of

187 759 66 29 the
278 758 192 31 half-dark
504 761 142 34 woods,
669 761 85 35 and,
785 761 119 29 above
928 760 63 38 all,
1023 762 41 29 to
1095 761 67 30 the

188 822 95 37 deep
307 824 74 28 and
405 822 184 38 religious
612 822 187 38 sincerity
821 823 95 29 with
947 823 125 30 which
1095 825 68 30 the

189 887 105 34 piece
317 894 77 22 was
421 887 204 36 produced.

255 947 78 31 The
365 949 108 37 stage
505 951 282 34 management,
820 949 66 29 the
910 949 110 30 work
1044 949 37 31 of
1104 952 59 28 Mr

187 1009 92 31 Poul
305 1012 152 29 Nielsen
481 1010 39 32 of
542 1012 68 29 the
634 1011 115 36 Royal
774 1011 163 31 Theatre
954 1012 39 29 in
1013 1014 122 36 Copen-

188 1074 138 36 hagen,
349 1083 78 22 was
450 1074 120 38 really
594 1074 119 37 finely
735 1076 111 37 done,
871 1076 114 36 being
1003 1076 38 29 In
1060 1076 99 30 close

188 1138 205 37 sympathy
415 1138 94 30 with
533 1139 68 28 the
625 1139 155 28 scheme
804 1137 37 30 of
865 1146 96 29 open
994 1140 57 28 air
1074 1147 66 28 per-

187 1200 230 38 formances,
434 1200 49 31 all
497 1202 107 35 stage
618 1202 207 35 apparatus
838 1201 73 29 and
926 1203 232 29 mechanism

188 1265 115 36 being
327 1263 214 38 absolutely
564 1264 172 37 avoided,
759 1264 106 30 since
888 1265 68 29 the
981 1266 178 36 meaning*

188 1327 38 31 of
251 1326 256 31 Out-of-Door
528 1328 114 35 Stage
667 1325 71 31 Art
754 1328 31 30 is
802 1329 75 28 and
896 1328 103 30 must
1017 1329 57 34 be,
1092 1331 69 29 not

186 1392 41 28 to
252 1391 123 29 attain
401 1389 171 31 realistic
595 1389 147 38 effects,
768 1391 246 30 naturalistic
1031 1392 108 30 imita-

185 1455 104 28 tions
313 1461 43 22 or
380 1454 125 29 scenic
528 1453 177 37 illusion;
730 1455 68 29 not
822 1462 95 23 even
942 1455 42 30 to
1007 1455 152 37 replace

187 1517 67 29 the
277 1516 254 37 imagination
556 1516 38 30 of
617 1517 66 29 the
707 1518 106 36 stage
837 1518 94 30 with
956 1518 67 30 the
1051 1520 87 29 abso-

189 1579 81 31 lute
293 1580 111 29 truth
430 1578 38 30 of
491 1581 151 33 nature,
670 1581 70 28 but
757 1580 145 37 merely
924 1581 41 29 to
989 1583 130 28 create
1137 1591 21 20 a

189 1643 110 36 great
322 1643 72 28 and
432 1642 230 29 memorable
692 1643 227 35 impression
955 1642 38 30 of
1025 1645 135 37 poetry

188 1706 74 29 and
288 1708 138 28 nature
449 1705 212 29 combined.
684 1704 77 31 The
784 1713 163 28 purpose
971 1707 30 29 is
1027 1708 68 28 not
1117 1708 41 28 to

187 1767 176 37 smuggle
389 1769 138 28 nature
551 1769 83 27 into
659 1769 62 28 art
737 1769 68 29 but
820 1770 40 27 to
877 1770 202 29 introduce
1097 1772 61 28 art

187 1831 83 29 into
295 1831 159 35 nature;
477 1831 41 28 to
543 1830 202 29 reawaken
770 1831 65 29 the
860 1831 60 29 old
938 1832 127 37 myths
1082 1833 72 28 and

187 1894 202 36 mysteries
407 1892 39 30 of
462 1892 110 30 earth
584 1894 73 28 and
675 1892 69 35 air;
761 1894 40 28 to
819 1892 109 31 make
945 1894 67 29 the
1029 1896 127 29 woods

185 1956 99 30 alive
308 1956 93 29 with
426 1956 140 36 beauty
589 1956 73 28 and
686 1956 148 36 poetry.
859 1955 45 31 Of
927 1965 133 22 course
1084 1959 48 29 Na-

184 2019 88 29 ture
296 2018 33 30 is
354 2019 68 28 not
443 2019 40 28 to
509 2019 43 28 be
575 2018 66 29 the
665 2017 133 39 refuge
813 2018 61 31 for
890 2021 264 30 unsuccessful

185 2082 186 35 attempts
396 2081 40 29 at
457 2082 109 35 stage
590 2080 167 38 realism,
782 2083 73 29 and
878 2083 68 29 the
971 2083 100 36 Open
1090 2083 66 30 Air

184 2143 271 31 Performance
479 2144 31 29 is
534 2152 48 21 no
618 2144 199 36 desperate
852 2145 227 31 innovation
1115 2146 40 30 of

182 2207 69 30 the
276 2207 218 37 struggling
517 2207 174 30 in-doors
714 2208 167 30 theatre.
936 2214 46 24 &

253 2270 76 29 The
354 2270 148 29 leaders
519 2269 38 30 of
571 2270 79 29 this
667 2270 172 30 national
855 2272 73 29 and
945 2271 209 31 admirable

187 2333 219 36 enterprise
430 2341 79 28 are,
531 2334 66 28 the
622 2333 221 36 prominent
858 2334 160 38 literary
1036 2336 100 29 histo-

188 2395 84 29 rian
309 2397 59 27 Mr
401 2394 160 30 Vilhelm
596 2395 198 31 Anderson
828 2396 37 30 of
904 2398 250 37 Copenhagen

189 2458 234 36 University,
446 2458 127 29 whose
598 2459 198 37 charming
829 2459 125 31 works
989 2468 47 21 on
1069 2469 66 22 nor-

187 2522 114 28 thern
340 2520 133 30 classic
505 2522 136 37 poetry
674 2522 94 29 have
807 2524 107 28 made
949 2523 57 30 his
1046 2531 110 22 name

186 2583 140 38 widely
350 2583 153 37 known,
526 2585 73 29 and
623 2585 60 28 Mr
705 2583 117 31 Adam
849 2585 177 35 Poulsen,
1056 2586 99 36 who,

185 2648 97 29 with
308 2648 58 29 his
391 2647 172 37 brother,
579 2649 60 28 Mr
655 2648 196 30 Johannes
869 2647 177 37 Poulsen,
1064 2650 91 28 both

185 2710 190 31 excellent
387 2711 127 29 actors
527 2710 39 29 of
577 2710 66 29 the
654 2711 141 28 Danish
806 2710 171 30 national
991 2712 165 36 theatre,

185 2774 32 30 is
241 2773 137 37 taking
422 2782 20 21 a
482 2773 153 38 leading
671 2775 87 35 part
792 2774 38 29 in
870 2774 67 30 the
982 2775 173 29 dramas.

185 2837 122 29 Other
330 2837 107 36 parts
455 2844 64 22 are
536 2836 249 37 successfully
801 2835 217 38 performed
1035 2838 48 37 by
1098 2839 58 27 Mr

185 2900 196 29 Johannes
406 2899 151 30 Nielsen
583 2900 73 29 and
694 2900 46 37 by
770 2900 66 29 the
865 2901 188 29 actresses
1077 2901 76 28 Mrs

187 2963 89 29 Blad
302 2964 73 28 and
400 2964 79 28 Mrs
502 2963 117 30 With.
1111 2969 44 24 &

189 3031 42 24 &
256 3026 54 29 On
335 3025 125 31 either
483 3026 80 29 side
589 3025 38 30 of
648 3026 69 30 the
747 3027 107 36 stage
879 3026 111 29 stand
1007 3027 76 29 two
1100 3028 36 35 gi-

185 3091 131 35 gantic
340 3097 137 23 ravens
506 3091 136 28 carved
677 3090 39 29 in
751 3091 107 28 wood
893 3091 72 28 and
997 3093 157 27 covered

183 3153 94 30 with
302 3152 125 36 plates
451 3151 39 31 of
513 3160 151 30 copper,
688 3153 98 37 grim
822 3154 73 29 and
929 3155 159 30 sinister
1116 3162 40 22 as

182 3216 67 30 the
274 3216 175 30 ominous
472 3215 169 38 symbols
665 3215 38 30 of
724 3216 66 29 the
815 3218 91 36 days
928 3216 38 30 of
981 3217 66 30 the
1072 3218 63 29 hea-

182 3279 94 30 then
300 3279 107 37 gods,
430 3280 75 28 and
529 3279 91 29 each
653 3279 159 36 bearing
840 3287 48 22 on
920 3280 59 30 his
1013 3280 96 30 head
1135 3288 21 21 a

185 3342 97 31 bowl
307 3343 38 30 in
370 3343 124 30 which
517 3343 98 29 burn
633 3344 131 29 sacred
789 3343 148 31 flames.
954 3344 119 30 These
1090 3351 64 22 are

183 3406 66 29 the
272 3406 108 29 work
403 3405 39 30 of
474 3406 66 29 the
571 3405 246 30 well-known
852 3407 142 30 Danish
1028 3407 128 35 artist,

185 3469 57 29 Mr
268 3468 239 32 Willumsen.
592 3475 45 25 &
765 3475 45 25 &
937 3475 45 25 &

186 3537 43 24 &
255 3533 39 28 In
318 3532 67 29 the
420 3533 235 29 auditorium
691 3532 100 30 built
814 3540 47 22 on
897 3533 67 29 the
1000 3533 153 30 natural

185 3595 282 35 amphitheatre
480 3596 38 30 of
533 3597 66 29 the
617 3595 152 31 hillside
786 3598 146 28 around
949 3597 68 30 the
1034 3599 120 35 stage,

185 3656 111 30 there
320 3658 32 29 is
374 3658 105 36 place
503 3658 60 31 for
587 3667 104 22 more
714 3660 96 29 than
844 3658 88 31 four
961 3660 191 29 thousand

183 3721 214 34 spectators
420 3723 143 35 ranged
581 3730 48 22 on
646 3722 136 37 simple
799 3724 158 28 wooden
975 3722 179 35 benches,

183 3783 108 35 with,
315 3783 117 31 above
455 3785 103 30 their
582 3786 128 35 heads,
744 3785 67 30 the
844 3787 152 35 waving
1029 3785 126 31 leaves

1225 311 73 30 and
1311 311 68 29 th©
1396 310 217 32 wonderful
1626 319 171 23 summer
1810 311 71 38 sky
1897 311 39 31 of
1951 313 111 31 these
2075 321 128 32 sunny

1228 375 104 36 days.

2092 378 40 29 O.
2158 380 41 31 R.

1464 431 509 48 MOSCOW

1335 519 21 21 a
1379 512 133 34 report
1545 512 125 29 which
1706 512 67 30 has
1804 513 72 30 had
1908 522 21 21 a
1959 522 92 30 very
2086 514 114 38 lively

1296 574 194 30 existence
1514 574 39 30 in
1579 576 165 28 Moscow
1778 577 234 37 concerning
2035 585 47 22 an
2107 578 70 29 ima-

1230 637 137 38 ginary
1402 637 287 37 disagreement
1717 639 174 29 between
1922 639 278 38 Stanislawsky

1230 701 74 29 and
1328 701 151 30 Gordon
1505 701 113 37 Craig
1635 701 68 30 has
1719 703 80 28 also
1815 705 135 34 spread
1966 704 41 29 to
2026 702 171 38 England

1230 772 56 22 we
1310 763 90 31 take
1432 764 66 30 the
1533 766 252 36 opportunity
1820 765 38 30 of
1887 766 222 37 publishing
2133 766 66 29 the

1228 827 235 30 translation
1477 827 38 30 of
1529 835 47 22 an
1592 828 203 30 Interview
1807 829 123 30 which
1943 830 67 30 the
2024 831 176 31 Director

1229 889 44 31 of
1316 891 88 30 the
1450 890 161 30 Artistic
1655 890 165 31 Theatre
1865 893 50 28 in
1960 894 238 37 Moscow,

1230 954 80 29 V.S.
1324 954 259 29 Neniirevitch
1598 954 265 36 Dantchenko,
1875 964 94 28 gave
1981 957 40 29 to
2036 965 21 21 a
2069 965 130 29 repre®

1226 1016 193 30 sentative
1445 1016 37 30 of
1505 1017 67 29 the
1596 1016 154 38 leading
1773 1019 164 29 Moscow
1960 1018 165 37 journal.

1231 1071 374 37 TRANSLATION
1639 1072 69 33 OF
1748 1074 104 33 THE
1884 1074 314 38 INTERVIEW

1231 1130 46 62 |t
1299 1131 33 29 is
1357 1131 139 30 known
1520 1133 87 28 that
1629 1133 24 14 44
1881 1135 32 29 is
1931 1135 113 36 being
2060 1136 71 34 put
2147 1143 47 21 on

1258 1195 66 28 the
1348 1195 108 35 stage
1480 1195 40 28 at
1554 1195 65 29 the
1655 1195 349 39 Koudojestvenniy
2034 1197 161 31 Theatre

1226 1255 48 35 by
1299 1254 39 29 C.
1362 1254 37 28 S,
1422 1253 277 38 Stanislawsky
1723 1256 74 28 and
1823 1256 151 29 Gordon
2000 1256 125 37 Craig.
2148 1262 46 25 &

1231 1323 40 25 g?
1296 1317 41 29 V.
1360 1318 39 28 S.
1423 1317 260 30 Nemirovitch
1707 1317 90 30 tells
1821 1326 112 30 many
1959 1319 236 37 interesting

1224 1380 131 36 things
1379 1381 119 28 about
1520 1380 152 30 Gordon
1691 1381 143 36 Craig's
1850 1382 117 29 views
1983 1383 75 28 and
2074 1382 120 30 work*

1292 1444 22 16 44
1330 1443 100 29 First
1454 1443 38 29 of
1515 1443 49 29 all
1602 1444 13 28 I
1640 1445 103 28 must
1781 1443 150 31 confess
1967 1445 89 29 that
2093 1446 12 28 I
2133 1454 59 21 am

1224 1506 152 37 greatly
1408 1507 197 36 surprised
1641 1509 39 27 at
1713 1509 155 28 various
1891 1507 154 31 articles
2068 1509 125 29 which

1223 1576 142 29 appear
1389 1577 113 30 every
1537 1578 84 21 now
1656 1571 73 28 and
1753 1571 111 37 again
1888 1571 38 29 in
1952 1578 242 30 newspapers

1223 1632 122 30 which
1362 1632 117 36 speak
1492 1632 38 30 of
1543 1634 145 29 certain
1703 1634 303 36 disagreements
2021 1635 173 30 between

1225 1702 43 22 us
1292 1695 73 29 and
1390 1695 152 29 Gordon
1567 1696 123 35 Craig.
1715 1695 76 30 The
1815 1698 152 34 reports
1990 1698 137 35 spread
2147 1699 47 36 by

1222 1759 109 28 these
1348 1757 154 30 articles
1519 1766 65 22 are
1598 1757 164 39 entirely
1774 1760 167 29 without
1951 1759 240 31 foundation.

1223 1820 120 30 There
1367 1829 65 21 are
1456 1828 48 22 no
1528 1820 303 37 disagreements
1854 1823 209 29 whatever.
2080 1824 111 36 Craig

1221 1883 31 29 is
1277 1883 106 35 quite
1407 1891 47 21 an
1479 1883 237 36 exceptional
1739 1884 109 36 stage
1865 1885 181 29 director.
2070 1886 118 29 Gene®

1221 1944 97 38 rally
1341 1954 21 20 a
1385 1946 108 36 stage
1517 1945 169 30 director
1718 1946 126 30 works
1881 1947 180 36 together
2094 1949 94 29 with

1221 2016 47 21 an
1294 2009 126 28 artist.
1455 2013 44 25 &
2142 2017 45 24 &

1291 2073 22 13 44
1332 2072 89 30 Now
1445 2072 111 36 Craig
1580 2072 127 29 unites
1752 2073 37 29 in
1834 2080 71 22 one
1943 2081 140 27 person
2120 2075 67 29 the

1221 2135 169 29 director
1412 2135 73 29 and
1509 2135 65 29 the
1604 2135 127 29 artist.
1967 2142 47 25 4?
2141 2144 45 24 &

1281 2199 23 17 44
1317 2198 77 30 The
1405 2196 121 41 stage
1539 2196 189 33 director
1737 2199 83 30 who
1835 2199 148 31 unveils
1994 2201 67 29 the
2077 2201 113 36 spirit

1220 2262 38 29 of
1279 2262 67 29 the
1371 2262 141 29 author
1536 2262 104 36 gives
1661 2270 20 21 a
1713 2262 166 31 detailed
1909 2264 280 37 psychological

1221 2324 165 38 analysis
1411 2324 38 30 of
1472 2325 67 29 the
1563 2327 107 34 parts
1694 2326 73 28 and
1793 2325 165 31 detailed
1994 2326 197 30 characte®

1222 2389 142 29 rlstics.
2143 2396 45 24 jg?

1289 2458 23 16 44
1329 2456 76 30 The
1428 2455 126 32 artist
1576 2457 85 30 who
1684 2458 104 35 gives
1811 2457 66 30 the
1901 2459 101 28 most
2025 2458 164 30 detailed

1221 2520 156 36 designs
1416 2519 38 30 of
1475 2526 174 31 scenery,
1675 2521 205 33 costumes,
1917 2520 165 38 lighting
2115 2522 73 28 and

1223 2581 129 31 make®
1367 2590 81 29 ups.
1487 2582 77 31 Viz:
1602 2582 66 30 the
1703 2582 124 30 whole
1863 2583 112 29 rnise®
1988 2591 67 21 en®
2065 2591 124 29 scene,

1221 2646 228 37 everything
1482 2646 88 29 that
1604 2645 31 31 is
1671 2645 198 38 generally
1896 2646 97 30 done
2037 2647 48 37 by
2120 2647 68 29 the

1220 2711 109 35 stage
1353 2709 169 30 director
1545 2709 180 37 together
1747 2709 94 30 with
1865 2709 66 30 the
1955 2710 127 29 artist.
2143 2716 45 25 &

1219 2778 46 25 &
1288 2775 24 14 44
1329 2773 110 36 Craig
1463 2773 115 29 needs
1612 2772 90 36 only
1717 2773 66 28 the
1796 2780 130 22 scene®
1941 2772 157 30 shifters
2114 2773 73 29 and

1221 2836 223 35 carpenters
1467 2836 40 29 to
1530 2836 166 35 produce
1720 2836 66 28 the
1810 2834 97 39 play.

1219 2904 45 24 &
1287 2899 24 17 44
1328 2898 119 30 There
1472 2898 78 30 still
1574 2899 165 32 remains
1764 2906 71 22 one
1872 2899 245 36 department
2153 2898 38 30 of

1219 2962 66 29 the
1320 2963 106 35 stage
1461 2961 199 30 director's
1691 2960 273 38 work,...work
1995 2961 96 30 with
2124 2961 66 30 the

1222 3027 121 28 actor.
1367 3026 98 28 Here
1489 3025 110 37 Craig
1623 3025 68 30 has
1715 3026 106 35 quite
1839 3024 161 31 definite
2016 3025 117 29 views
2150 3032 40 21 as

1219 3090 41 28 to
1285 3089 65 29 the
1375 3097 159 21 manner
1557 3089 73 29 and
1655 3089 176 29 methods
1853 3088 123 30 which
1995 3088 45 29 he
2056 3087 133 31 thinks

1221 3160 64 20 are
1310 3151 222 36 needful,....
1551 3151 202 29 beautiful.

1219 3222 45 23 &
1317 3215 89 30 How
1424 3215 45 29 he
1485 3214 127 30 works
1634 3214 94 30 with
1745 3214 127 30 actors
1887 3222 58 22 we
1960 3213 96 30 shall
2074 3221 116 22 never

1220 3277 114 30 know
1358 3286 41 21 as
1423 3279 92 28 both
1548 3278 99 29 sides
1682 3277 117 36 speak
1832 3276 185 31 different
2054 3276 136 37 langu®

1220 3349 88 28 ages
1969 3346 45 24 &
2141 3346 46 25 4?

1294 3404 24 17 44
1331 3402 59 31 All
1414 3411 159 23 rumour
1596 3412 41 22 as
1649 3405 41 28 to
1703 3412 73 29 any
1790 3403 398 36 misunderstandings

1220 3468 174 29 between
1419 3467 113 36 Craig
1566 3468 73 28 and
1673 3465 276 37 Stanislawsky
1983 3474 64 22 are
2080 3465 108 30 false.

1219 3531 54 29 On
1297 3530 67 29 the
1388 3532 197 35 contrary,
1598 3529 277 38 Stanislawsky
1899 3530 32 29 is
1944 3530 107 36 quite
2067 3530 123 28 under

1219 3594 66 29 the
1320 3593 230 30 fascination
1586 3593 39 29 of
1657 3593 103 29 what
1796 3593 46 29 he
1878 3591 91 31 calls
2004 3593 23 16 44
2047 3591 142 37 Craig's

1796 3662 45 24 &
1968 3661 45 25 &
2141 3660 46 25 &

1219 3729 46 23 j&r
1288 3722 24 16 44
1325 3720 201 37 Generally
1546 3720 66 30 the
1626 3719 161 37 literary
1809 3720 73 29 and
1907 3716 280 39 psychological

1218 3785 81 29 side
1323 3783 37 31 of
1384 3784 91 30 each
1499 3784 232 36 production
1754 3782 178 31 devolves
1955 3788 49 23 on
2028 3788 73 30 me,
2118 3781 71 30 but
