2745 4028
2106 204 41 32 31

148 311 412 76 THREE
646 315 394 72 STAGE
1126 318 820 79 CHARACTERS

2035 323 11 80 by
2052 323 39 80 Gilbert
2097 323 5 80 à
2108 323 40 80 Becket.

357 541 266 47 THE
751 543 483 48 STAGE
1361 547 510 57 NEGRO

284 674 200 31 character
508 675 37 30 of
569 676 64 29 the
658 677 135 34 Negro,
816 683 41 22 as
881 676 193 30 exhibited
1099 685 49 22 on
1171 679 68 29 the
1262 680 120 36 stage,
1407 681 30 29 is
1462 689 21 20 a
1507 682 156 36 strange
1681 683 212 34 compound
1917 682 38 29 of
1977 682 170 38 physical

214 738 71 28 and
311 738 120 29 moral
455 739 276 36 singularities,
755 739 87 29 that
866 747 65 22 are
955 739 85 30 well
1064 741 152 38 worthy
1246 742 66 29 the
1347 744 196 29 attention
1568 744 38 29 of
1638 744 67 30 the
1736 745 161 29 student
1932 744 37 30 of
2004 745 141 29 human

153 801 138 29 nature
316 802 38 28 in
379 802 50 29 its
452 802 200 34 dramatic,
682 802 123 29 which
830 802 30 29 is
885 802 188 38 certainly
1099 804 51 29 its
1167 805 101 28 most
1284 805 233 37 astounding
1533 806 112 30 form.
1662 807 75 30 The
1754 808 113 35 Stage
1886 808 121 36 Negro
2023 815 123 22 seems

152 863 41 29 to
224 864 44 28 be
303 863 134 38 deeply
470 864 151 29 imbued
656 864 94 30 with
785 864 66 30 the
885 865 174 30 beauties
1094 866 39 30 of
1166 868 66 28 the
1265 868 143 29 British
1445 869 278 35 Constitution,
1761 872 73 27 and
1866 871 30 28 is
1927 870 220 37 constantly

155 925 202 38 indulging
379 927 38 29 in
443 927 228 29 sentiments
697 926 38 29 of
757 928 199 35 gratitude
980 930 167 28 towards
1172 929 183 38 England,
1378 932 88 28 that
1489 933 103 29 must
1620 934 45 28 be
1694 932 185 37 delighful
1906 934 41 28 to
1975 934 64 28 the
2063 941 85 22 ears

154 988 38 30 of
213 989 68 30 the
316 991 100 28 most
438 990 180 36 patriotic
653 990 127 29 native
805 990 37 29 of
877 998 71 22 our
983 991 332 38 highly-favoured
1340 993 82 30 isle.
1447 994 75 30 The
1557 996 115 35 Stage
1700 997 123 34 Negro
1856 997 32 27 is
1912 996 237 37 continually

154 1053 170 36 running
347 1053 118 29 about
487 1053 38 28 in
550 1060 47 21 an
623 1053 149 37 ecstasy
796 1057 37 26 ot
857 1053 149 38 delight
1029 1056 40 28 at
1091 1056 68 29 the
1182 1056 220 37 reflection,
1426 1058 98 34 that,
1587 1058 156 38 dreckly
1766 1059 76 28 him
1868 1061 70 33 put
1962 1059 77 28 him
2067 1058 82 30 foot

155 1123 47 20 on
228 1115 143 30 British
396 1123 134 28 groun,
555 1115 76 29 him
656 1115 81 30 free
761 1124 41 22 as
827 1117 45 28 de
896 1117 71 36 air,
992 1117 81 31 free
1098 1127 40 21 as
1162 1120 122 29 Massa
1309 1120 177 30 himself:
1548 1129 48 21 an
1632 1123 314 27 announcement
1973 1122 121 29 which
2119 1122 32 29 Is

154 1177 150 37 usually
327 1178 172 29 followed
526 1186 48 28 up
598 1179 39 29 in
661 1187 49 21 an
734 1179 105 38 early
868 1189 113 22 scene
1018 1183 45 36 by
1087 1182 65 30 the
1178 1183 122 36 Negro
1335 1185 194 36 receiving
1552 1193 21 20 a
1597 1185 148 36 variety
1780 1184 36 30 of
1841 1185 96 30 cuffs
1962 1193 42 21 or
2042 1185 106 30 kicks

153 1241 53 36 (in
230 1241 134 36 which,
390 1242 236 36 by=th©=bye,
650 1243 46 28 he
720 1251 122 22 seems
866 1245 41 28 to
932 1244 162 37 delight)
1117 1245 98 30 from
1239 1254 104 22 some
1362 1245 37 31 of
1416 1247 67 29 the
1501 1247 112 30 other
1630 1248 217 29 characters
1864 1249 37 28 in
1919 1249 66 28 the
2004 1249 141 29 drama.

152 1309 45 25 &
221 1305 226 28 Sometimes
473 1304 66 28 the
564 1305 114 36 Stage
696 1306 122 36 Negro
835 1315 125 28 grows
977 1308 265 37 sentimental,
1260 1310 72 28 and
1351 1309 101 37 asks,
1470 1311 37 28 in
1526 1310 196 30 reference
1740 1312 39 27 to
1797 1318 103 22 some
1919 1311 103 29 cruel
2037 1320 88 28 prac-

152 1365 90 29 tical
267 1365 85 35 joke
376 1367 87 28 that
486 1367 67 29 has
578 1368 94 29 been
698 1368 134 38 played
869 1377 100 28 upon
994 1371 92 34 him,
1112 1371 24 17 u
1148 1371 184 30 Whether
1356 1372 77 29 him
1470 1374 68 28 not
1562 1381 20 21 a
1613 1381 87 21 man
1736 1375 72 27 and
1834 1381 21 22 a
1879 1374 180 36 brother;
2086 1374 60 30 for

152 1428 147 37 though
324 1429 77 29 him
425 1428 82 31 face
525 1430 108 29 black
651 1439 40 22 as
708 1432 76 29 him
804 1433 93 35 coal,
914 1433 77 29 him
1010 1434 112 29 heart
1138 1435 116 29 white
1272 1443 40 22 as
1329 1436 77 28 him
1432 1435 78 38 lily.
1572 1435 76 31 The
1667 1436 60 29 old
1746 1437 404 36 constitution-loving

153 1491 74 29 and
261 1492 469 39 sentiment-spluttering
752 1496 114 36 Stage
902 1498 137 35 Nigger
1061 1498 32 29 is
1118 1498 178 29 however
1318 1499 148 36 rapidly
1501 1499 265 37 disappearing
1788 1499 97 30 from
1920 1501 66 28 the
2013 1502 109 35 stage
2137 1508 8 27 ;

155 1555 73 28 and
252 1563 57 21 we
334 1556 78 36 get,
437 1557 38 28 in
499 1557 109 29 these
633 1559 102 35 days,
758 1566 91 29 very
872 1559 72 30 few
967 1559 38 30 of
1028 1560 110 30 those
1163 1562 152 36 cutting
1338 1562 184 30 allusions
1545 1564 41 28 to
1610 1563 65 29 the
1700 1562 130 30 traffic
1853 1564 37 28 in
1915 1563 136 37 slaves,
2074 1565 71 28 and

155 1618 111 29 those
284 1619 139 29 tender
440 1619 150 35 appeals
607 1621 40 28 to
665 1621 64 29 the
748 1621 171 38 equality
936 1621 37 31 of
988 1623 67 30 the
1072 1624 142 29 human
1232 1632 86 22 race
1336 1625 124 29 which
1479 1633 99 22 were
1594 1626 67 28 the
1679 1626 129 30 charm
1826 1626 39 30 of
1879 1627 66 29 the
1962 1628 185 28 dramatic

157 1688 161 28 negroes
344 1680 37 30 of
405 1689 70 21 our
499 1682 165 37 infancy.
689 1683 76 30 The
788 1685 115 35 Stage
929 1686 122 36 Negro
1075 1686 68 30 has
1166 1687 153 30 become
1343 1696 21 20 a
1387 1687 135 37 vulgar
1545 1689 164 36 dancing
1732 1690 125 34 brute,
1885 1691 92 28 with
1995 1698 21 21 a
2034 1690 111 36 banjo

155 1743 38 28 in
220 1744 57 29 his
302 1744 113 36 hand,
439 1745 72 28 and
536 1745 167 29 without
719 1754 20 20 a
757 1746 56 29 bit
830 1746 38 29 of
884 1748 211 28 sentiment
1112 1750 38 27 at
1167 1749 58 29 his
1242 1750 131 33 heart;
1397 1758 20 20 a
1433 1751 143 28 wretch
1595 1750 220 37 constantly
1831 1750 173 38 jumping
2017 1753 130 35 about,

155 1805 191 36 wheeling
369 1806 130 34 about,
524 1807 72 28 and
621 1807 163 36 turning
806 1809 131 35 about,
960 1809 139 37 wholly
1123 1811 133 28 devoid
1275 1809 38 30 of
1326 1811 87 28 that
1435 1811 145 30 solemn
1599 1813 229 29 admiration
1845 1813 60 29 for
1920 1814 66 28 the
2005 1814 142 30 British

155 1868 261 29 Constitution
440 1870 73 27 and
539 1867 59 31 for
622 1869 66 29 the
713 1869 210 38 liberating
947 1870 194 31 influence
1166 1871 38 30 of
1237 1873 66 29 the
1328 1874 114 29 sands
1467 1875 40 28 at
1540 1875 186 35 Margate,
1761 1883 43 21 or
1826 1876 66 29 the
1915 1876 171 36 shingles
2110 1879 39 27 at

156 1930 122 29 Dover
301 1929 124 30 which
449 1938 57 21 we
531 1938 92 22 once
649 1933 91 27 used
765 1933 40 27 to
830 1932 93 29 hear
945 1933 94 29 with
1063 1942 21 20 a
1108 1933 142 38 feeling
1273 1934 37 30 of
1333 1936 107 35 pride
1465 1938 40 27 at
1529 1937 113 36 being
1670 1939 146 28 natives
1841 1937 36 30 of
1900 1947 21 20 a
1944 1938 86 30 land
2062 1940 87 28 that

154 1994 187 28 admitted
367 1992 37 30 of
427 2001 40 21 so
492 1994 112 29 much
628 1994 150 36 puffing
802 2003 46 21 on
872 1995 66 29 the
962 1997 88 34 part
1073 1996 37 29 of
1134 2005 71 21 our
1228 1998 216 29 dramatist.
1469 1998 76 30 The
1569 2000 113 35 Stage
1714 2001 121 36 Negro
1854 2000 37 30 of
1906 2001 67 29 the
1990 2005 159 32 present

156 2056 71 35 day
252 2063 68 22 can
345 2055 89 38 only
458 2056 154 37 indulge
637 2058 38 28 in
700 2056 186 31 frivolous
911 2058 183 30 allusions
1119 2061 39 28 to
1182 2061 91 29 Miss
1299 2061 99 37 Lucy
1422 2062 116 36 Long,
1563 2061 88 30 Coal
1677 2063 112 29 Black
1813 2064 106 34 Rose,
1945 2065 73 28 and
2036 2066 111 28 other

151 2118 99 36 light
285 2119 230 36 characters,
539 2127 43 21 or
617 2120 69 29 call
712 2128 100 28 upon
848 2129 104 22 some
987 2122 213 37 imaginary
1235 2123 222 36 individual,
1482 2125 38 29 of
1542 2126 67 28 the
1634 2134 109 21 name
1774 2127 38 29 of
1848 2128 126 36 Josey,
1997 2129 40 28 to
2075 2129 74 29 Jim

153 2181 180 36 along—a
357 2189 153 28 process
533 2183 87 28 that
643 2191 56 21 we
725 2191 65 22 are
815 2183 146 38 utterly
985 2185 40 28 at
1047 2193 21 21 a
1093 2185 75 29 loss
1192 2187 40 27 to
1255 2185 98 30 form
1379 2194 74 29 any
1476 2188 225 35 conception
1726 2188 50 30 of.

153 2249 44 25 &
221 2244 101 29 Thus
357 2245 112 29 much
493 2244 60 30 for
586 2245 66 29 the
677 2245 120 30 moral
822 2246 210 30 attributes
1066 2246 39 30 of
1126 2248 67 29 the
1216 2249 114 35 Stage
1366 2249 136 37 Negro,
1526 2250 128 30 whose
1690 2253 166 36 physical
1888 2253 259 35 peculiarities

155 2307 161 36 remain,
339 2307 60 29 for
422 2308 66 28 the
513 2309 100 28 most
635 2310 101 34 part,
761 2310 225 35 unchanged
1005 2317 9 27 ;
1038 2312 72 27 and
1136 2312 40 28 to
1200 2312 110 29 these
1336 2320 56 21 we
1416 2321 82 26 can,
1521 2314 208 35 therefore,
1758 2316 91 29 turn
1868 2324 70 22 our
1954 2318 193 29 attention

155 2369 169 30 without
348 2378 73 29 any
437 2370 141 37 feeling
595 2371 37 29 of
649 2372 339 37 disappointment,
1005 2375 41 27 at
1061 2374 65 28 the
1144 2374 206 30 alteration
1367 2376 124 28 which
1509 2376 67 30 has
1594 2379 160 28 occured
1771 2380 38 27 in
1826 2380 65 28 the
1909 2380 238 30 intellectual

157 2432 212 29 character.
393 2432 76 29 The
492 2434 115 36 Stage
632 2434 121 36 Negro
778 2435 78 29 still
882 2436 167 29 exhibits
1068 2437 87 28 that
1177 2437 240 30 remarkable
1441 2439 229 38 peculiarity
1694 2440 38 29 of
1754 2442 66 28 the
1843 2442 99 35 skin,
1965 2444 122 28 which
2115 2445 31 29 is

155 2495 132 28 shown
314 2496 46 35 by
383 2495 67 29 the
468 2495 96 29 dark
582 2495 142 37 colour,
741 2497 194 37 generally
950 2496 189 39 finishing
1155 2498 182 38 abruptly
1354 2500 40 29 at
1411 2500 66 29 the
1493 2502 122 33 wrist,
1632 2502 64 29 the
1714 2502 100 30 hand
1834 2505 114 35 being
1962 2505 186 38 perfectly

154 2557 68 28 the
246 2564 102 21 same
373 2564 39 22 as
437 2558 86 29 that
547 2557 38 30 of
609 2566 71 21 one
706 2557 38 30 of
765 2559 67 28 the
856 2559 117 30 white
997 2560 236 36 population.
1259 2561 75 29 The
1359 2562 151 37 variety
1534 2562 38 30 of
1597 2564 92 29 hues
1712 2566 31 28 is
1759 2564 79 31 also
1865 2574 93 28 very
1974 2568 148 29 remark-

155 2619 84 30 able
254 2629 9 26 ;
287 2618 60 30 for
371 2619 113 30 while
508 2621 65 28 the
598 2629 81 21 arm
704 2621 32 30 is
760 2621 38 30 of
820 2623 67 28 the
913 2622 129 30 colour
1065 2622 39 31 of
1126 2632 20 21 a
1164 2623 108 30 black
1289 2627 165 27 worsted
1473 2625 189 38 stocking,
1679 2627 65 29 the
1766 2628 80 29 face
1874 2630 31 28 is
1935 2631 211 29 somewhat

153 2684 75 28 less
264 2690 159 29 opaque,
447 2684 87 35 and,
569 2684 152 35 indeed,
745 2684 32 30 it
812 2685 126 30 would
962 2693 140 29 appear
1135 2688 88 28 that
1252 2688 142 29 Nature
1420 2688 102 29 dealt
1554 2688 60 31 for
1639 2689 68 30 her
1742 2691 175 37 blacking
1941 2694 93 28 with
2067 2695 77 28 two

155 2744 188 31 different
367 2745 322 37 manufacturers,
712 2747 132 37 trying
869 2748 159 29 Warren
1052 2747 60 31 for
1134 2749 66 29 the
1225 2749 123 37 limbs,
1372 2752 73 28 and
1471 2752 114 36 using
1615 2753 76 37 Day
1716 2755 71 28 and
1822 2755 144 29 Martin
1997 2755 59 30 for
2079 2757 66 29 the

153 2807 174 30 features
353 2808 37 29 of
412 2809 65 28 the
500 2809 115 36 Stage
640 2810 134 36 Negro.
896 2816 905 31 &&&>&&<£?
2100 2825 45 24 &

2310 669 82 31 The
2425 670 151 32 formet

2211 736 141 34 negro.
2374 740 45 24 J&

2301 1683 81 29 The
2411 1683 166 29 modern

2209 1749 138 33 negro.
2535 1751 42 24 &

2281 2245 80 30 His
2384 2245 196 38 physical

2207 2307 304 38 peculiarities.

360 2906 203 46 THE
648 2907 359 48 STAGE
1091 2909 445 50 LADIES'
1570 2940 15 6 -
1618 2913 321 48 MAID.

153 3025 107 66 'Jphe
284 3028 174 37 explorer
481 3028 37 30 of
541 3030 142 29 human
709 3032 152 37 nature,
896 3032 85 29 who
1006 3032 83 36 digs
1113 3032 82 30 into
1228 3033 66 29 the
1319 3034 131 29 drama
1474 3043 39 21 as
1536 3044 21 20 a
1592 3037 101 28 mine
1721 3038 38 28 in
1794 3038 123 30 which
1946 3039 198 31 character

215 3099 85 30 may
323 3092 44 28 be
391 3091 233 36 discovered,
647 3092 78 30 will
748 3093 221 38 frequently
985 3096 92 28 turn
1103 3102 48 28 up
1175 3103 21 21 a
1220 3096 180 37 quantity
1416 3096 38 30 of
1470 3098 176 30 material
1663 3100 88 28 that
1768 3100 46 30 he
1832 3100 77 30 will
1926 3102 80 29 find
2032 3103 111 29 much

153 3153 192 39 difficulty
367 3155 39 28 in
431 3156 231 36 accounting
684 3155 73 31 for.
781 3156 50 30 To
855 3164 142 29 pursue
1021 3158 65 29 the
1110 3157 124 30 simile
1253 3157 37 30 of
1306 3159 66 30 the
1397 3161 280 34 mine,....there
1693 3164 155 34 cannot,
1871 3164 175 37 perhaps,
2065 3167 43 29 be
2125 3175 19 20 a

151 3225 104 23 more
291 3219 290 36 extraordinary
615 3218 172 37 spadeful
820 3220 95 30 than
949 3221 87 29 that
1068 3228 92 30 very
1183 3221 174 36 singular
1380 3222 104 37 lump
1519 3223 38 30 of
1580 3224 81 37 clay
1694 3225 129 30 whose
1855 3227 286 31 denomination

151 3281 116 29 forms
291 3282 67 28 the
381 3281 89 29 title
493 3283 41 28 to
557 3283 66 28 the
647 3284 158 34 present
828 3283 148 31 article.
1066 3289 905 31 £?&&&/&&
2097 3298 45 25 &

150 3350 45 24 &
219 3344 157 36 Though
400 3344 50 30 all
473 3345 67 29 the
564 3344 119 31 world
708 3347 31 28 is
762 3347 196 37 generally
980 3347 186 30 admitted
1202 3349 39 28 to
1266 3349 45 28 be
1336 3357 21 21 a
1391 3350 120 35 stage,
1536 3350 31 29 it
1591 3351 30 29 is
1656 3350 199 32 fortunate
1882 3354 86 29 that
2002 3354 49 30 al!
2075 3356 67 28 the

149 3406 274 31 ladies'-maids
447 3408 38 28 in
510 3408 67 29 the
601 3408 118 29 world
744 3417 63 21 are
832 3411 68 28 not
922 3411 107 35 stage
1055 3410 285 36 ladiesVmaids,
1363 3411 60 30 for
1447 3411 29 30 if
1498 3413 92 36 they
1613 3422 101 21 were
1738 3415 111 29 there
1872 3416 125 30 would
2024 3418 44 29 be
2093 3426 47 21 an

151 3471 72 29 end
247 3472 41 28 to
313 3470 48 30 all
386 3471 185 29 domestic
595 3471 199 36 discipline
818 3473 38 28 in
881 3480 115 29 every
1019 3474 120 28 house
1162 3474 128 29 where
1314 3483 21 21 a
1359 3474 238 38 lady's-maid
1623 3476 124 37 might
1771 3478 148 36 happen
1942 3481 40 28 to
2006 3479 97 30 form
2121 3489 21 20 a

151 3535 86 33 part
259 3533 38 30 of
320 3534 64 29 the
891 3542 45 24 &
1064 3542 45 25 &
1235 3541 46 25 &
1407 3544 46 24 /&

151 3600 46 25 &
218 3597 29 28 A
270 3598 101 27 most
393 3596 167 37 striking
581 3596 228 39 peculiarity
833 3598 38 29 in
895 3599 67 29 the
986 3599 167 35 position
1179 3598 37 30 of
1239 3599 66 29 the
1328 3601 108 35 stage
1461 3601 253 31 ladies'-maid
1752 3604 30 29 is
1809 3604 66 30 the
1907 3606 234 36 ascendancy

152 3658 67 28 she
242 3658 259 39 immediately
522 3660 108 36 gains
655 3667 91 23 over
769 3669 115 29 every
907 3669 71 22 one
1002 3662 39 29 in
1064 3662 67 29 the
1157 3662 117 30 house
1296 3663 68 29 she
1389 3664 167 36 happens
1574 3666 39 29 to
1632 3665 93 31 have
1741 3669 66 34 got
1823 3668 204 29 admission
2045 3669 95 29 into.

154 3720 76 29 The
254 3721 87 37 only
364 3730 137 28 person
536 3723 68 29 she
628 3724 256 29 condescends
918 3726 40 28 to
982 3725 196 35 patronise
1202 3726 32 28 is
1267 3726 69 30 her
1357 3734 129 29 young
1510 3728 185 38 mistress,
1719 3730 124 29 whom
1872 3731 176 29 however
2073 3732 67 28 she

153 3791 116 22 never
292 3784 132 31 assists
448 3786 37 29 in
511 3785 187 38 anything
722 3787 70 30 but
814 3795 21 21 a
859 3786 82 31 love
967 3787 137 37 affair;
1129 3788 68 29 but
1220 3788 86 30 that
1330 3796 95 22 even
1449 3790 32 29 is
1506 3792 164 30 beneath
1694 3793 68 29 her
1797 3795 125 29 notice
1959 3794 127 31 unless
2110 3797 31 28 it

2204 3595 45 25 &
2331 3590 32 31 A
2390 3594 56 28 sti
2453 3593 121 38 iking

2203 3652 248 39 peculiarity
2451 3652 3 39 1
2455 3664 5 7 '
