2336 4100
2104 203 49 34 35

154 309 13 30 1
191 310 94 31 have
329 310 67 36 got
419 310 86 36 past
528 310 66 29 the
617 309 95 31 time
741 310 111 29 when
887 310 32 28 it
951 310 32 28 is
1017 315 79 23 amu-

153 374 85 35 sing
260 371 60 31 for
343 380 60 22 me
426 373 40 29 to
490 373 110 36 paint
621 380 160 30 scenery
803 372 60 31 for
902 379 103 23 some
1043 379 53 21 ma-

154 444 119 27 nager
295 435 84 30 who
403 437 124 29 wants
549 437 42 29 to
615 437 110 29 make
749 445 22 21 a
793 437 118 34 show,
935 442 43 22 or
1010 435 110 29 when

154 499 12 28 I
189 498 74 30 feel
287 497 182 32 flattered
493 500 88 29 that
603 508 71 21 one
699 508 44 21 or
765 501 77 28 two
866 498 38 30 of
927 506 62 28 my
1017 499 104 28 ideas

153 560 97 32 shall
274 562 46 30 be
344 569 89 23 seen
458 571 49 21 on
530 564 67 29 the
621 564 107 35 stage
752 563 73 29 and
848 560 145 37 spoken
1018 559 39 31 of
1084 560 38 28 in

154 633 72 21 one
250 633 43 21 or
316 626 78 29 two
418 627 180 36 morning
621 633 149 29 papers,
795 626 11 27 I
826 625 94 28 have
936 632 62 28 my
1014 622 108 30 work

153 696 93 29 very
269 689 189 38 seriously
481 691 40 28 at
546 690 123 35 heart,
693 690 74 28 and
791 689 39 28 in
855 687 136 37 regard
1016 687 40 29 to
1075 694 47 21 no

155 750 89 31 land
269 752 47 29 do
342 753 12 28 I
378 753 176 30 consider
577 753 31 28 it
631 760 41 21 so
695 750 187 37 seriously
916 759 40 20 as
991 751 37 27 in
1064 757 40 21 re-

155 816 94 34 gard
272 816 41 29 to
337 815 187 37 England.

227 879 13 27 I
264 880 107 27 want
394 878 171 36 England
589 880 41 28 to
655 879 93 29 have
772 877 66 29 the
864 877 89 29 first
969 877 154 28 theatre

154 942 40 29 in
217 941 68 29 the
307 940 134 36 world,
466 942 73 28 and
563 942 111 29 there
691 948 63 23 are
778 939 131 38 plenty
927 939 38 30 of
981 948 85 21 men
1084 941 38 28 in

156 1004 171 38 England
351 1004 100 36 who,
474 1006 112 29 when
610 1004 167 36 brought
799 1004 180 36 together
1003 1004 122 28 under

158 1075 71 23 one
253 1068 159 36 banner,
438 1076 70 22 can
534 1069 45 28 be
604 1068 151 30 trusted
778 1068 41 28 to
843 1068 164 35 produce
1039 1067 86 29 that

154 1133 166 28 theatre.
562 1137 45 24 &
735 1138 46 24 £?
908 1138 44 24 &
1080 1136 45 24 &

227 1196 74 29 But
322 1195 66 30 the
414 1195 218 30 conditions
655 1197 103 27 must
784 1195 66 29 not
875 1195 44 29 be
942 1195 67 28 the
1037 1202 66 21 con-

158 1258 142 30 ditions
334 1258 123 29 which
492 1257 83 30 rule
610 1259 38 28 in
683 1258 67 29 the
782 1257 157 37 English
973 1258 152 29 theatre

157 1322 128 37 today.
309 1321 120 30 There
454 1323 105 28 must
583 1329 48 21 no
656 1320 134 37 longer
823 1322 45 28 be
894 1321 80 29 this
998 1319 107 38 appal-

157 1384 118 38 lingly
298 1384 324 39 happy-go-lucky
645 1384 97 30 rule.
759 1385 48 29 As
824 1385 14 28 I
856 1385 95 29 have
967 1384 81 29 said
1065 1382 60 31 for

156 1456 124 29 years,
304 1456 55 21 we
377 1449 104 29 must
497 1448 135 29 choose
649 1456 21 21 a
687 1449 144 28 master
848 1447 39 30 of
902 1449 108 35 stage
1028 1446 98 30 craft

158 1513 73 28 and
255 1519 57 22 we
337 1513 104 28 must
464 1520 45 28 go
526 1512 168 36 through
711 1512 94 29 with
823 1511 91 29 him.
931 1512 119 29 When
1068 1518 57 22 we

160 1576 94 29 have
277 1575 65 30 the
359 1574 115 37 pluck
489 1576 41 28 to
549 1576 46 28 do
611 1576 88 28 that
714 1583 56 21 we
784 1574 98 30 shall
897 1575 94 29 have
1007 1574 117 30 taken

161 1637 165 30 another
347 1639 85 35 step
455 1639 167 28 towards
645 1638 66 29 the
737 1639 238 28 betterment
997 1637 39 30 of
1057 1638 68 29 the

161 1701 199 36 European
382 1701 169 35 theatre,
564 1708 41 22 as
621 1700 86 30 well
723 1708 42 22 as
781 1708 71 23 our
869 1709 83 21 own
972 1701 153 35 English

158 1763 176 30 Theatre.

227 1825 162 37 Talking
412 1827 119 29 about
553 1827 68 28 the
645 1827 196 35 European
866 1827 167 35 theatre,
1049 1834 74 28 you

157 1888 183 38 probably
363 1891 66 34 get
452 1896 47 21 an
524 1889 84 28 idea
643 1889 110 29 when
789 1890 13 27 I
836 1890 110 28 write
981 1891 40 27 to
1050 1896 74 29 you

156 1951 101 30 from
283 1952 134 33 Russia
439 1952 86 29 that
547 1952 80 30 this
660 1954 163 28 Moscow
852 1953 153 29 theatre
1040 1953 31 29 is
1106 1961 20 20 a

161 2014 91 30 kind
287 2013 38 31 of
358 2015 198 36 European
586 2015 167 30 theatre.
788 2015 97 29 That
918 2015 32 29 Is
984 2016 40 28 to
1048 2022 78 29 say,

155 2086 74 29 you
254 2078 164 36 perhaps
453 2086 175 28 compare
662 2079 31 28 it
725 2079 95 29 with
854 2079 66 29 the
953 2078 174 29 theatres

158 2140 38 31 of
212 2140 106 30 Paris
336 2142 73 29 and
434 2141 141 30 Berlin.
599 2143 74 29 But
689 2142 46 29 do
753 2143 68 28 not
838 2142 47 29 do
902 2149 54 28 so,
973 2140 60 30 for
1049 2142 77 28 this

156 2204 154 30 theatre
334 2205 133 29 stands
502 2206 105 35 quite
642 2204 126 30 alone.
800 2204 76 30 The
911 2204 106 30 Paris
1052 2205 73 29 and

160 2267 128 31 Berlin
312 2269 176 29 theatres
506 2276 64 22 are
587 2269 107 36 quite
711 2269 268 36 unimportant
996 2269 47 36 by
1059 2269 67 27 the

159 2332 80 29 side
264 2331 37 30 of
323 2333 43 27 it.
391 2332 79 29 You
494 2331 78 30 will
596 2331 113 30 know
725 2332 104 29 what
853 2333 12 28 I
889 2340 109 21 mean
1015 2332 112 29 when

158 2402 73 29 you
269 2402 107 21 come
410 2394 105 36 here,
550 2396 73 27 and
657 2395 92 28 then
782 2395 67 28 the
882 2396 173 27 theatres
1090 2394 39 29 of

160 2456 106 30 Paris
290 2457 73 29 and
389 2455 143 36 Berlin,
556 2464 95 22 even
678 2457 110 29 those
812 2458 190 28 advanced
1018 2457 88 29 thea-

159 2520 79 29 tres
262 2521 123 35 there,
410 2519 78 30 will
514 2521 45 28 be
585 2519 147 30 blotted
758 2521 68 28 out
850 2519 37 30 of
920 2528 97 28 your
1050 2527 52 22 me-

160 2591 120 29 mory.
389 2589 45 24 &
561 2589 45 24 &

228 2646 88 30 This
340 2647 31 29 is
394 2647 68 29 the
487 2647 228 36 impression
737 2654 74 29 you
829 2644 77 31 will
923 2645 149 30 receive
1089 2653 40 21 as

158 2717 71 22 one
253 2709 39 30 of
314 2710 66 29 the
405 2710 198 37 audience,
640 2711 69 28 but
737 2708 136 31 should
908 2717 74 29 you
1012 2709 45 28 be
1087 2716 41 21 so

157 2771 183 32 favoured
357 2780 41 22 as
413 2774 41 28 to
473 2773 94 30 have
584 2773 67 29 the
668 2773 216 35 advantage
901 2770 39 31 of
955 2771 175 36 working

159 2836 177 36 amongst
358 2836 109 29 these
482 2835 203 30 noblemen
702 2834 39 31 of
755 2836 67 29 the
834 2836 109 35 stage
959 2841 74 30 you
1050 2832 79 31 will

158 2905 63 22 see
245 2898 219 37 something
487 2897 59 31 far
563 2905 104 23 more
681 2897 214 31 wonderful
912 2898 95 29 than
1024 2897 106 29 what

158 2961 66 29 the
249 2962 183 29 audience
456 2970 97 22 sees.
577 2963 78 28 You
680 2962 77 30 will
781 2970 64 22 see
868 2961 61 30 for
951 2962 67 29 the
1041 2960 89 29 first

160 3024 93 29 time
278 3025 40 28 in
342 3032 98 30 your
463 3024 65 31 life
552 3033 47 21 an
624 3027 203 34 organised
852 3025 155 29 theatre
1022 3033 9 27 ;
1054 3022 76 31 not

158 3085 167 40 merely
348 3095 24 22 a
395 3086 265 33 mechanical
682 3086 77 32 but
788 3097 23 21 a
842 3086 142 42 living
1005 3095 126 32 orga=>

158 3149 203 40 nisation,
386 3152 168 30 without
576 3151 50 31 all
649 3152 67 30 the
740 3151 242 31 weaknesses
1005 3151 124 30 which

159 3213 139 37 belong
320 3215 41 29 to
384 3215 94 29 such
507 3215 131 30 bodies
661 3223 41 21 as
726 3224 21 20 a
771 3213 96 31 rule.
912 3220 46 25 &

227 3279 61 37 My
311 3280 90 28 dear
417 3279 113 37 John,
547 3280 13 28 I
584 3287 60 21 am
674 3279 112 35 using
813 3287 22 20 a
864 3278 123 37 single
1016 3285 113 22 scene

158 3340 60 31 for
518 3343 186 29 Conceive
737 3342 66 29 the
839 3342 136 37 outcry
1005 3341 124 30 which

158 3405 125 30 would
307 3404 129 31 follow
461 3405 28 30 if
513 3406 13 28 1
549 3406 82 29 said
655 3406 42 28 to
722 3413 21 21 a
767 3405 156 30 London
948 3412 183 29 manager

160 3469 88 29 that
269 3470 14 28 I
306 3469 186 30 intended
516 3470 42 28 to
583 3476 67 22 use
675 3476 72 22 one
782 3476 111 22 scene
930 3467 89 38 only
1045 3468 40 29 in
1109 3475 22 21 a

161 3532 108 36 play!
293 3533 53 30 He
370 3532 127 30 would
521 3532 113 36 begin
659 3533 42 28 to
724 3532 138 29 writhe
887 3532 74 29 and
986 3530 89 31 look
1092 3530 40 30 at

163 3602 59 22 me
256 3603 41 21 as
330 3594 29 31 if
393 3596 13 29 I
440 3603 101 23 were
575 3603 105 22 some
714 3596 157 35 strange
905 3595 83 29 mad
1019 3594 114 35 thing

162 3657 125 30 which
310 3658 32 29 it
364 3667 78 21 was
466 3659 59 29 his
548 3659 95 38 duty
666 3660 40 28 to
729 3660 118 28 tame.

162 3727 45 26 &
230 3721 108 37 Why,
360 3730 112 29 years
499 3730 84 30 ago,
607 3724 14 28 I
645 3723 230 34 remember,
892 3722 113 30 when
1022 3721 13 29 I
1052 3720 81 31 said

159 3784 88 31 that
268 3784 68 31 the
357 3783 203 38 footlights
584 3787 104 29 must
702 3786 44 30 be
758 3786 181 30 removed
956 3785 48 29 he
1028 3783 84 31 look-

1187 308 45 29 ed
1255 309 40 29 at
1319 317 59 21 me
1413 318 40 22 as
1477 310 29 30 if
1529 312 47 29 he
1599 311 126 30 would
1756 314 72 28 die.
1858 314 70 28 Yet
1961 320 56 22 we
2055 313 97 30 have

1185 373 178 29 removed
1385 373 67 29 the
1476 373 219 38 footlights
1729 378 41 28 at
1793 378 164 28 Moscow
1984 384 40 22 so
2048 377 106 29 what

1185 435 32 29 is
1241 435 110 30 there
1375 437 40 28 to
1440 437 46 30 be
1509 439 80 28 said
1604 439 18 28 ?
1646 439 132 31 Either
1803 441 12 27 I
1840 448 77 22 was
1942 439 106 37 right
2071 447 43 21 or
2137 440 14 28 I

1183 506 77 22 was
1282 507 157 28 wrong;
1462 501 41 28 at
1526 501 162 30 Moscow
1710 503 92 36 they
1837 502 80 31 find
1940 503 88 30 that
2050 503 14 28 I
2089 510 62 22 am

1185 562 118 37 right.
1326 562 97 35 And,
1437 563 140 38 having
1590 566 141 35 proved
1745 566 77 29 this
1835 567 41 28 to
1890 566 146 36 people,
2049 566 104 29 what

1187 627 65 28 the
1277 625 155 31 dickens
1455 627 32 29 is
1521 627 65 29 the
1610 628 95 36 good
1740 627 38 30 of
1800 629 65 29 the
1891 630 155 29 London
2074 637 53 21 ma-

1188 696 138 28 nagers
1349 688 140 38 always
1513 691 131 37 crying
1675 693 68 28 out
1773 693 118 28 about
1914 692 66 30 the
2010 692 119 36 impos-

1187 752 95 30 sible
1295 752 19 30 ?

1257 816 31 28 It
1311 816 31 28 is
1376 815 80 36 just
1478 817 66 29 the
1568 825 104 21 same
1705 818 94 28 with
1833 818 78 29 this
1945 818 143 29 matter
2118 816 38 30 of

1189 879 112 36 using
1314 888 71 21 one
1397 887 113 23 scene
1523 881 243 36 throughout
1778 881 65 29 the
1856 880 96 38 play.
1963 879 44 31 Of
2020 887 134 23 course

1189 944 12 27 I
1225 943 94 30 have
1344 944 71 29 had
1439 945 93 28 time
1556 946 40 27 to
1620 945 263 29 demonstrate
1907 943 65 30 the
1989 942 111 31 value
2118 940 38 31 of

1190 1007 111 35 using
1334 1015 72 22 one
1441 1015 111 22 scene
1580 1008 150 29 instead
1766 1006 38 30 of
1837 1008 113 34 using
1984 1015 20 20 a
2039 1004 56 31 lot
2118 1004 38 30 of

1188 1070 154 35 painted
1366 1077 159 30 scenery
1549 1071 71 28 and
1646 1072 12 27 I
1684 1069 110 31 could
1819 1070 46 29 do
1883 1077 41 22 so
1940 1070 39 28 in
1998 1068 154 31 London

1189 1140 43 21 or
1255 1133 38 28 in
1317 1133 87 30 New
1429 1133 101 30 York
1553 1141 43 22 or
1619 1135 39 28 in
1681 1135 136 28 Samoa
1841 1131 28 31 if
1883 1133 95 28 time
1994 1138 101 23 were
2112 1131 45 28 at

1189 1204 62 29 my
1274 1196 175 36 disposal.
1485 1197 74 28 But
1581 1194 100 32 time
1714 1197 32 28 is
1781 1204 70 22 one
1876 1194 38 31 of
1937 1196 64 28 the
2023 1194 132 36 things

1188 1260 122 29 which
1333 1260 66 29 the
1423 1260 154 30 London
1606 1267 182 29 manager
1824 1258 148 30 refuses
2010 1259 39 28 to
2074 1258 83 35 give

1189 1323 125 29 either
1335 1331 73 28 you
1435 1331 42 21 or
1501 1322 163 30 himself.
1731 1328 45 24 <£?

1256 1387 80 28 And
1362 1387 109 29 when
1497 1387 12 28 I
1535 1395 64 28 say
1622 1387 87 29 that
1733 1387 12 28 I
1769 1394 58 21 am
1857 1386 114 36 going
1994 1386 40 27 to
2058 1383 94 30 have

1189 1450 88 36 only
1301 1458 71 21 one
1397 1457 111 22 scene
1533 1451 37 28 in
1633 1449 150 30 Hamlet
1857 1457 73 28 you
1961 1449 103 28 must
2089 1448 67 28 not

1189 1512 165 37 imagine
1376 1513 88 29 that
1488 1514 12 27 I
1523 1521 59 21 am
1606 1513 197 35 reverting
1825 1513 40 28 to
1890 1512 86 28 that
1992 1509 61 31 old
2071 1510 85 29 idea

1190 1576 37 29 of
1244 1577 100 28 mine
1361 1576 139 37 (which
1519 1577 11 27 I
1547 1576 95 29 have
1659 1584 85 20 now
1759 1575 70 36 put
1844 1574 132 37 aside),
1992 1572 37 30 of
2046 1573 110 35 using

1190 1648 21 20 a
1244 1640 59 28 set
1336 1637 38 30 of
1408 1638 172 30 curtains
1613 1638 212 36 suspended
1860 1637 98 29 from
1994 1644 21 21 a
2044 1636 110 35 great

1189 1702 144 35 height.
2110 1704 45 24 &

1250 1765 78 28 Our
1344 1763 131 38 family
1493 1765 65 29 has
1576 1772 118 22 never
1707 1765 96 28 been
1817 1771 92 28 very
1926 1762 96 30 keen
2039 1762 118 29 about

1190 1828 152 35 dishing
1366 1835 49 28 up
1439 1827 60 30 old
1527 1827 145 36 things.
1695 1828 66 29 We
1777 1826 76 29 like
1873 1828 41 27 to
1930 1834 46 28 go
1994 1832 48 22 on
2057 1834 8 26 ;
2083 1825 73 28 and

1189 1899 41 21 so
1255 1892 12 27 I
1291 1898 59 21 am
1376 1890 154 36 making
1556 1897 66 22 use
1647 1889 37 30 of
1707 1898 21 21 a
1751 1890 118 28 Scene
1903 1888 122 29 which
2057 1888 11 28 I
2093 1888 43 28 be-

1189 1954 97 30 lieve
1298 1961 74 30 you
1387 1953 94 30 have
1495 1953 218 29 mentioned
1729 1951 129 31 before
1872 1952 39 28 In
1928 1949 83 32 The
2024 1947 134 33 Mask.

1258 2018 34 28 It
1315 2018 32 28 is
1370 2017 67 28 the
1472 2024 102 21 same
1606 2023 113 22 scene
1755 2015 123 29 which
1902 2015 55 30 W.
1983 2015 39 28 B.
2045 2013 111 28 Yeats

1191 2081 32 29 is
1248 2081 115 35 going
1378 2081 41 28 to
1436 2087 66 22 use
1519 2080 39 28 in
1578 2079 138 29 Dublin
1733 2078 61 29 for
1810 2078 59 29 his
1884 2078 127 36 poetic
2027 2078 131 29 drama

1191 2144 72 28 and
1289 2142 124 30 which
1448 2150 62 29 my
1545 2142 153 30 mother
1731 2140 77 30 will
1844 2147 67 23 use
1946 2140 111 29 when
2091 2140 67 29 she

1192 2207 91 28 next
1307 2206 186 35 produces
1516 2205 66 29 the
1606 2205 24 17 44
1643 2204 201 30 Merchant
1867 2203 38 29 of
1923 2203 149 30 Venice.

1260 2265 33 27 It
1326 2264 68 28 has
1417 2262 142 37 proved
1583 2261 107 31 itself
1721 2262 40 28 to
1797 2262 45 28 be
1876 2260 106 36 quite
2018 2257 139 37 useful,

1191 2322 78 29 this
1292 2323 133 32 Scene,
1449 2321 72 28 and
1548 2321 68 28 not
1632 2318 144 37 merely
1792 2318 124 29 useful
1933 2325 40 22 as
1991 2325 21 21 a
2029 2316 104 30 make-

1192 2379 106 34 shift,
1324 2380 68 28 but
1420 2378 124 30 useful
1568 2380 38 28 in
1631 2386 21 21 a
1675 2385 110 22 sense
1810 2377 87 29 that
1919 2376 32 29 it
1984 2375 174 30 contains

1192 2438 66 29 the
1282 2437 147 30 several
1453 2437 247 35 impressions
1722 2434 122 30 which
1869 2441 64 21 are
1957 2439 201 29 necessary

1192 2497 38 28 in
1255 2495 104 37 plays
1383 2495 88 28 that
1494 2493 113 30 differ
1641 2500 41 21 so
1714 2491 137 36 widely
1885 2492 38 28 in
1958 2490 200 30 character

1193 2561 40 22 as
1257 2554 22 16 44
1295 2551 151 31 Hamlet
1508 2552 71 28 and
1606 2552 22 16 44
1642 2549 173 31 Tartuffe
1940 2554 44 25 &

1193 2618 44 24 &
1262 2612 12 28 I
1299 2619 58 21 am
1382 2607 186 39 perfectly
1591 2607 145 36 willing
1757 2606 88 30 that
1869 2613 73 30 any
1976 2612 182 29 manager

1193 2670 37 27 in
1256 2667 169 38 England
1451 2675 43 21 or
1517 2666 173 29 America
1712 2664 135 30 should
1872 2663 110 30 make
2020 2671 66 21 use
2121 2661 37 31 of

1192 2727 77 29 this
1293 2727 131 34 Scene,
1449 2725 70 29 but
1542 2722 29 31 if
1594 2724 46 29 he
1665 2723 89 29 does
1777 2730 41 21 so
1843 2722 46 29 he
1913 2721 103 30 must
2039 2721 45 28 be
2118 2719 40 29 in

1194 2793 20 21 a
1237 2785 166 35 position
1428 2784 39 29 to
1492 2783 84 36 give
1601 2783 30 28 it
1665 2782 58 28 his
1757 2781 94 28 time
1885 2780 72 28 and
1993 2779 145 29 conside-

1193 2842 142 29 ration.
1940 2843 45 24 &
2112 2842 46 24 &

1261 2901 89 29 This
1380 2899 78 30 will
1483 2897 135 31 enable
1657 2897 76 29 him
1772 2897 40 28 to
1850 2896 78 29 test
1962 2895 51 29 its
2036 2893 122 30 value.

1797 2959 186 32 GORDON
2008 2958 150 33 CRAIG.
