2745 4028
2084 210 50 33 29

2197 331 366 33 PULCINELLA.

2209 1903 83 31 The
2308 1903 269 32 enthusiasts.

2215 3164 126 31 Their
2365 3163 192 32 hlundei.

141 341 41 28 to
205 346 86 29 1572
315 346 131 23 names
469 347 22 22 a
515 339 113 31 Lucio
654 336 235 38 Pulcinella;
912 336 66 31 the
1012 336 138 35 which,
1343 334 104 31 vicar
1470 333 38 31 of
1540 334 66 30 the
1629 334 211 29 Marsicana
1863 333 127 36 Curia,
2027 331 60 30 for
2110 340 23 22 a

142 403 148 29 certain
313 402 122 30 insult
457 410 78 22 was
559 402 197 36 subjected
779 402 41 29 to
843 400 229 37 inquisition
1098 399 47 36 by
1167 398 66 29 the
1258 398 106 29 curia
1386 397 38 30 of
1447 397 67 30 the
1538 397 227 37 archpriest,
1799 396 73 29 and
1906 395 91 36 kept
2019 402 114 30 many

142 465 155 30 months
320 466 38 28 in
382 466 67 30 the
471 467 151 35 prisons
646 465 37 31 of
706 467 216 34 Saponara;
945 463 72 29 and
1040 461 66 30 the
1124 461 214 36 archpriest
1351 460 108 36 then,
1475 461 41 29 to
1534 458 110 31 make
1661 467 113 29 peace
1791 460 93 29 with
1900 459 67 29 the
1985 458 148 35 bishop,

142 526 157 38 forgave
539 535 45 26 jgr
711 534 46 26 jgr
816 540 5 4 •
1917 528 44 24 &
2087 526 46 26 &

143 596 45 25 ug?
211 592 95 30 Who
330 592 132 31 knows
488 593 28 30 if
538 594 67 29 the
628 592 105 30 vicar
756 592 80 29 Don
863 590 113 31 Lucio
999 597 85 29 may
1107 590 69 28 not
1198 589 94 31 have
1318 590 95 28 been
1448 588 66 30 the
1538 588 159 29 brother
1727 594 44 22 or
1800 586 132 30 cousin
1957 593 43 23 or
2023 583 111 32 uncle

144 653 38 31 of
203 655 68 30 the
294 655 134 31 future
452 658 106 28 actor
580 656 84 30 who
689 653 238 38 bequeathed
953 653 57 29 his
1034 660 110 22 name
1161 653 41 29 to
1219 652 148 36 history
1391 660 39 21 as
1448 659 46 22 an
1518 650 282 36 incomparable
1825 648 157 31 buffoon
1996 649 19 29 ?
2040 648 93 31 Who

144 716 134 33 knows
301 719 28 31 if
351 721 67 30 the
442 719 295 38 imprisonment
772 715 38 32 of
840 717 81 29 Don
946 716 112 31 Lucio
1083 724 85 28 may
1193 716 68 28 not
1294 715 96 29 have
1414 714 240 29 determined
1690 714 58 29 his
1781 712 164 31 relative
1978 714 41 28 to
2042 710 92 31 seek

144 783 59 30 his
225 782 158 32 fortune
407 784 151 30 outside
584 780 216 35 Basilicata,
824 779 159 37 putting
1004 780 41 28 to
1068 779 214 36 advantage
1306 778 60 29 his
1390 785 228 22 uncommon
1643 776 154 30 natural
1821 775 91 38 gifts
1927 776 18 30 ?
1968 775 81 30 And
2066 775 68 29 the

146 846 203 38 tradition,
372 848 123 29 which
517 844 125 31 would
666 844 127 37 assign
818 842 126 32 GKoni
968 851 41 21 as
1031 842 66 30 the
1114 843 164 36 country
1303 841 38 30 of
1362 842 66 30 the
1444 840 132 31 future
1594 839 156 32 Cetrulo
1768 839 191 36 d'Acerra,
1976 839 158 30 renders

145 917 96 23 even
267 918 105 22 more
396 909 178 37 probable
596 909 67 28 the
688 907 222 37 hypothesis
943 906 88 30 that
1055 907 46 28 he
1126 914 84 29 may
1244 905 94 30 have
1364 906 95 28 been
1484 903 38 31 of
1543 905 68 29 the
1635 902 132 38 family
1791 901 38 32 of
1852 900 209 32 Pulcinella
2098 900 38 30 of

146 973 125 30 which
296 982 20 21 a
340 972 307 37 representative
671 971 39 28 in
734 970 66 30 the
823 968 89 31 first
936 968 80 31 half
1039 968 38 31 of
1099 969 67 30 the
1190 969 195 30 sixteenth
1411 969 175 36 century,
1609 975 78 22 was
1722 966 120 36 living
1865 966 40 29 in
1928 966 208 35 Saponara.

151 1108 981 76 THEATRICAL
1266 1105 602 77 REFORM

2008 1105 83 78 by
2097 1105 34 78 Gordon
2137 1105 34 78 Craig.

327 1350 33 30 is
383 1352 64 28 too
471 1350 112 30 much
609 1350 107 29 haste
741 1350 117 28 about
880 1347 51 31 al!
946 1348 79 30 this
1041 1347 157 35 reform,
1214 1354 92 30 very
1322 1347 110 29 much
1449 1347 65 29 too
1532 1347 111 29 much
1661 1345 122 29 haste.
1801 1343 134 37 Nearly
1952 1349 187 30 everyone

214 1413 209 29 concerned
448 1413 39 29 in
521 1413 32 29 it
574 1420 123 22 seems
720 1413 40 29 to
795 1412 45 29 be
863 1409 219 38 frightened
1108 1409 38 31 of
1167 1411 108 34 time,
1309 1410 72 30 and
1406 1410 38 29 in
1477 1409 79 30 this
1583 1409 110 29 haste
1721 1408 67 29 the
1811 1407 96 36 good
1942 1413 143 28 energy
2109 1404 30 29 is

151 1475 157 30 wasted.

151 1545 44 26 &
219 1538 96 32 Each
341 1539 83 36 day,
447 1538 109 30 week
580 1538 72 30 and
677 1537 133 30 month
834 1543 57 23 we
913 1536 89 30 read
1026 1535 197 37 energetic
1246 1535 230 30 statements
1500 1535 107 29 made
1637 1541 43 23 or
1696 1534 112 35 hasty
1825 1531 240 31 conclusions
2082 1538 40 21 ar-

151 1601 105 29 rived
280 1602 41 28 at
344 1602 48 36 by
416 1600 250 30 enthusiasts.

217 1663 120 31 Those
362 1664 236 30 enthusiasts
634 1662 134 31 should
792 1661 80 37 pull
898 1670 48 29 up
971 1662 74 29 and
1070 1661 196 37 discipline
1302 1660 231 31 themselves
1557 1668 21 22 a
1602 1659 114 30 little.
1741 1659 150 30 Instead
1917 1658 37 30 of
1989 1657 153 37 leaping

153 1726 155 38 quickly
329 1728 41 28 to
395 1726 239 31 conclusions
657 1726 91 36 they
770 1724 136 31 should
932 1725 110 36 begin
1068 1725 40 29 at
1130 1724 66 30 the
1220 1724 209 36 beginning
1452 1724 72 28 and
1550 1723 132 30 search
1717 1722 59 30 for
1808 1722 67 29 the
1898 1721 125 30 truth.
2055 1719 88 30 This

152 1788 125 30 would
304 1790 112 35 bring
438 1789 105 29 them
567 1790 40 28 to
631 1789 66 29 the
720 1789 73 29 end
817 1787 38 30 of
877 1787 104 30 their
1004 1787 93 30 lives
1121 1788 38 28 in
1185 1795 21 21 a
1230 1794 104 22 more
1362 1787 207 29 contented
1604 1785 119 31 frame
1748 1785 37 30 of
1808 1786 102 29 mind
1934 1785 93 28 than
2052 1783 91 36 they

153 1851 165 36 promise
341 1852 40 29 to
406 1851 113 29 reach
543 1851 31 28 it
597 1851 39 28 at
659 1851 167 36 present.

153 1919 45 25 &
220 1913 77 30 The
322 1912 238 31 enthusiasts
584 1920 64 22 are
671 1912 66 30 the
762 1911 89 38 only
874 1910 133 39 people
1030 1912 85 30 who
1139 1912 130 37 count,
1293 1912 70 30 but
1385 1912 67 29 the
1475 1920 84 22 sum
1587 1912 156 29 reaches
1767 1919 20 22 a
1810 1918 91 29 very
1925 1909 71 31 low
2018 1908 125 37 figure

153 1976 110 30 when
286 1976 91 38 they
401 1975 53 31 let
476 1976 103 30 their
602 1975 238 30 enthusiasm
865 1982 111 31 carry
999 1975 105 29 them
1129 1983 117 30 away.

223 2039 70 30 For
315 2039 184 35 example,
523 2046 72 23 one
619 2038 219 31 enthusiast
859 2037 61 31 for
942 2039 66 29 the
1032 2038 150 31 theatre
1200 2038 68 30 has
1299 2038 88 38 only
1402 2039 40 28 to
1459 2045 63 22 see
1540 2045 72 22 one
1628 2037 263 37 performence
1908 2036 39 29 in
1962 2036 68 29 the
2048 2041 95 30 open

155 2102 55 29 air
232 2102 93 29 with
350 2110 22 21 a
395 2100 263 38 back-ground
683 2100 38 31 of
742 2101 117 36 trees,
883 2100 55 30 let
961 2109 43 21 us
1028 2108 66 29 say
1119 2102 47 36 by
1200 2101 76 28 Ben
1302 2101 128 34 Greet,
1454 2101 40 28 to
1528 2098 144 31 believe
1696 2100 87 29 that
1804 2099 68 30 the
1905 2097 169 31 solution
2107 2094 39 31 of

151 2164 68 30 the
242 2163 122 31 riddle
388 2163 38 31 of
447 2164 66 30 the
536 2164 152 29 theatre
707 2163 69 30 lies
800 2164 39 28 in
863 2162 135 37 taking
1021 2163 65 29 the
1108 2163 154 29 theatre
1286 2163 83 29 into
1392 2163 67 29 the
1483 2170 95 29 open
1602 2163 70 29 air.

222 2225 173 31 Another
417 2227 220 30 enthusiast
660 2225 165 31 believes
848 2227 88 29 that
958 2226 65 30 the
1046 2225 125 31 whole
1193 2225 112 37 thing
1328 2226 32 30 is
1383 2227 40 29 to
1448 2227 45 28 be
1521 2225 128 31 solved
1666 2225 111 30 when
1794 2225 67 29 the
1878 2224 117 29 dance
2013 2223 31 29 is
2060 2222 64 29 tho-

157 2288 161 38 roughly
341 2291 247 29 understood.

224 2352 96 31 The
363 2353 145 29 third
554 2352 237 31 believes
833 2353 119 29 that
995 2353 43 29 it
1081 2353 41 29 is
1167 2352 70 30 all
1282 2361 22 21 a
1348 2354 196 28 matter
1588 2351 47 31 of
1678 2352 88 30 the
1810 2358 233 30 scenery.

224 2413 30 31 A
276 2413 133 31 fourth
431 2415 86 29 that
540 2414 32 30 it
595 2414 32 30 is
651 2423 21 21 a
696 2415 177 36 question
898 2414 39 30 of
960 2414 180 30 artificial
1164 2414 180 37 lighting.
2102 2422 45 24 &

157 2483 45 25 &
225 2476 30 31 A
277 2476 88 31 fifth
388 2476 134 31 thinks
545 2477 87 30 that
656 2477 31 30 it
710 2477 68 30 has
800 2478 219 36 something
1042 2479 40 28 to
1106 2478 45 29 do
1176 2477 93 30 with
1294 2477 188 30 socialism
1507 2478 73 29 and
1605 2478 86 30 that
1714 2477 28 30 if
1764 2477 104 39 plays
1886 2478 152 36 dealing
2053 2477 94 30 with

155 2540 67 30 the
245 2540 136 30 labour
405 2541 220 30 movement
648 2548 63 22 are
736 2541 71 36 put
830 2540 128 30 before
981 2541 68 29 the
1073 2542 183 29 audience
1279 2541 65 29 the
1367 2540 123 31 whole
1513 2542 154 29 theatre
1690 2540 78 31 will
1792 2542 141 29 revive.

228 2602 77 30 The
329 2603 101 30 sixth
454 2603 221 30 enthusiast
710 2603 132 30 thinks
865 2604 67 28 the
956 2604 270 35 reproduction
1252 2603 37 30 of
1312 2603 125 30 actual
1462 2602 64 32 life
1551 2611 48 23 on
1621 2604 68 30 the
1713 2606 107 35 stage
1848 2604 32 30 is
1913 2605 66 29 the
2010 2606 137 30 secret.

230 2665 76 31 The
329 2666 160 31 seventh
513 2665 32 30 is
570 2665 206 31 convinced
798 2665 90 30 that
910 2665 33 30 it
967 2665 65 30 has
1056 2666 217 37 something
1295 2667 41 29 to
1360 2667 47 29 do
1430 2666 94 31 with
1548 2667 66 30 the
1639 2668 235 37 community
1889 2667 73 30 and
1979 2668 88 30 that
2081 2669 67 29 the

158 2729 215 30 communal
397 2730 154 29 theatre
574 2728 125 31 would
723 2728 103 31 solve
849 2729 67 29 the
940 2728 135 31 riddle.

228 2791 56 31 An
309 2792 133 37 eighth
466 2792 134 30 thinks
623 2793 149 30 instead
797 2792 87 30 that
905 2792 66 28 the
995 2792 270 35 reproduction
1291 2792 38 30 of
1358 2793 67 29 the
1460 2793 154 29 ancient
1653 2794 142 36 drama,
1828 2793 124 31 Greek
1968 2794 73 29 and
2074 2793 57 32 Eli-

158 2855 206 36 zabethan,
387 2854 40 30 in
450 2855 173 30 theatres
647 2856 99 29 most
770 2855 76 30 like
869 2856 41 29 to
934 2855 110 30 those
1068 2856 38 28 in
1129 2855 124 30 which
1277 2856 92 37 they
1393 2857 228 36 originated,
1645 2855 124 31 would
1794 2855 104 32 solve
1921 2857 66 29 the
2015 2855 134 31 riddle.

160 2923 45 24 &
228 2917 76 30 The
343 2918 111 30 ninth
489 2919 231 37 enthusiast,
743 2918 76 39 (for
840 2919 68 29 the
934 2918 207 30 Frohmans
1164 2919 73 29 and
1254 2919 66 29 the
1336 2919 209 30 Schuberts
1562 2926 65 23 are
1645 2919 236 30 enthusiasts
1898 2919 38 29 in
1949 2919 104 30 their
2063 2926 85 23 own

161 2980 98 37 way)
281 2980 135 30 thinks
438 2981 88 29 that
548 2981 66 29 the
638 2980 122 31 whole
783 2981 113 36 thing
919 2981 31 30 is
974 2989 21 21 a
1019 2982 178 35 question
1223 2979 37 31 of
1282 2980 153 31 dollars.

231 3043 83 31 And
338 3052 55 29 so,
417 3052 40 21 as
481 3045 12 28 I
519 3045 94 29 have
637 3045 94 34 said,
755 3045 72 36 day
843 3044 100 30 after
960 3045 72 36 day
1046 3045 111 29 these
1172 3045 124 29 voices
1313 3052 63 22 are
1393 3045 115 29 heard
1527 3045 154 37 making
1696 3045 109 30 these
1822 3046 327 29 announcements

160 3107 94 30 with
278 3106 49 31 all
351 3107 67 30 the
444 3109 214 29 conviction
684 3107 38 30 of
744 3108 66 29 the
833 3107 188 37 inexpert.

229 3170 101 37 Alas,
353 3170 109 30 these
485 3171 220 36 gentlemen
729 3172 38 28 in
790 3170 104 31 their
919 3172 109 28 haste
1052 3178 65 21 are
1142 3170 37 29 of
1202 3170 208 31 assistence
1433 3173 40 28 to
1499 3172 69 29 but
1592 3180 71 21 one
1690 3173 60 28 set
1766 3172 38 29 of
1820 3172 132 36 people
1976 3171 110 38 only;
2109 3173 41 28 to

161 3232 110 31 those
294 3233 85 30 who
403 3233 95 30 wish
522 3235 41 28 to
588 3233 109 30 make
722 3241 136 30 money
882 3234 68 29 out
972 3232 38 31 of
1032 3233 66 29 the
1121 3233 168 30 theatre.

168 3293 102 65 por
292 3297 66 29 the
381 3295 126 31 clever
529 3297 176 29 business
729 3304 86 22 man
840 3304 69 22 can
933 3295 90 31 take
1047 3304 73 29 any
1143 3303 71 22 one
1239 3295 142 31 reform
1406 3297 73 29 and
1510 3297 247 38 successfully
1773 3297 124 30 tackle
1914 3298 32 28 it
1962 3297 72 29 and
2057 3297 93 29 turn

227 3359 32 29 it
281 3360 82 29 into
387 3368 20 21 a
430 3361 94 35 good
548 3359 139 39 paying
710 3368 178 27 concern,
913 3361 160 29 because
1096 3359 111 30 when
1240 3360 67 29 the
1331 3360 105 31 show
1459 3360 111 31 takes
1592 3360 105 37 place
1719 3361 66 30 the
1819 3360 141 31 reform
1985 3360 76 30 will
2085 3361 67 28 not

163 3422 45 30 be
233 3422 151 30 noticed
411 3424 69 28 but
503 3422 89 39 only
615 3432 20 21 a
659 3424 147 29 certain
830 3422 92 31 kind
947 3422 38 31 of
1019 3421 105 31 fresh
1148 3422 157 37 novelty
1327 3422 78 31 will
1439 3424 45 29 be
1507 3424 150 29 sensed.
1681 3423 97 30 That
1799 3424 32 29 is
1867 3425 79 35 just
1968 3424 105 29 what
2105 3424 46 29 he

163 3486 137 29 wants.

165 3544 107 64 'phe
296 3556 95 28 open
426 3549 57 29 air
506 3549 323 35 enthusiasts,...
853 3548 91 38 alas,
979 3557 93 22 even
1096 3550 60 29 Mr
1192 3549 165 37 Coburn,
1391 3556 94 23 even
1521 3550 57 29 Mr
1602 3550 77 29 Ben
1703 3550 116 29 Greet
1846 3570 56 9 ...
1916 3558 64 22 are
2011 3548 142 38 merely

226 3609 155 39 playing
404 3611 82 30 into
510 3612 65 29 the
600 3612 120 29 hands
745 3611 38 30 of
805 3613 58 28 Mr
887 3612 187 30 Frohman
1098 3612 85 30 who
1207 3620 124 22 comes
1355 3612 113 36 along
1490 3613 93 28 with
1609 3621 19 20 a
1651 3613 95 30 Joan
1772 3612 38 30 of
1832 3613 73 30 Arc
1928 3614 72 29 and
2025 3612 128 29 makes

165 3669 89 39 fifty
270 3680 66 28 per
358 3675 89 29 cent
462 3673 60 32 for
546 3674 152 32 himself
720 3676 73 29 and
817 3674 89 39 fifty
920 3683 69 29 per
1005 3676 89 29 cent
1108 3676 42 29 to
1172 3676 68 29 the
1263 3683 106 22 score
1394 3674 39 31 of
1454 3676 204 37 vulgarity.
1675 3675 77 31 The
1769 3676 204 30 Bohemian
1998 3674 91 31 Club
2113 3675 40 29 In

167 3733 207 33 California
386 3737 32 30 is
428 3737 116 38 doing
556 3738 148 38 exactly
725 3739 68 29 the
819 3746 117 23 same.
965 3738 82 30 And
1056 3739 110 29 those
1190 3739 250 35 enthusiasts,
1465 3739 161 30 because
1646 3740 91 37 they
1752 3740 66 35 get
1834 3747 92 22 near
1941 3740 41 28 to
1999 3739 154 34 Nature,

166 3797 114 31 think
308 3800 85 29 that
428 3801 92 36 they
543 3809 64 23 are
630 3803 153 34 getting
807 3809 93 24 near
922 3803 42 29 to
986 3802 67 31 the
1076 3801 84 32 soul
1185 3800 39 32 of
1246 3803 66 30 the
1334 3801 80 32 folk
1437 3803 73 29 and
1535 3803 135 34 expect
1691 3810 105 23 some
1820 3801 229 32 miraculous
2075 3800 78 31 folk
