4305 5562
3747 5138 147 73 355

325 391 591 78 CHINESISCHES
999 386 799 88 GLÜCKSGEHEIMNIS
1880 405 185 84 (drei

506 506 217 70 uralte
781 506 201 71 Affen
1052 513 69 64 in
1187 510 344 69 sauberen
1592 511 274 71 Röcken
1936 533 129 65 eng

505 616 763 71 aneinanderhockend.
1353 620 135 67 Der
1529 626 173 65 erste
1751 621 142 70 hält
1936 625 129 66 sich

503 725 110 69 die
679 726 247 85 Augen
994 753 115 58 zu,
1179 728 118 69 der
1370 733 235 66 zweite
1676 731 111 70 die
1859 733 204 83 Nase,

503 833 122 69 der
689 836 195 70 dritte
948 836 110 70 die
1128 836 262 70 Ohren.
1488 840 156 69 Was
1712 848 173 61 etwa
1944 841 80 70 be-

503 963 215 65 sagen
752 945 159 69 soll:
965 946 222 68 Nichts
1238 948 232 81 sehen,
1521 952 208 67 nichts
1781 953 283 80 riechen,

503 1055 208 69 nichts
764 1055 250 69 hören!
1141 1056 334 85 Bequem,
1526 1060 293 88 nicht?])

320 1197 537 73 HUNDSKOPF
911 1202 146 68 MIT
1107 1202 429 71 KNOCHEN
1587 1207 145 83 (der
1768 1211 297 66 erinnert

501 1310 187 68 stark
762 1336 90 44 an
925 1317 201 65 einen
1202 1312 422 75 Oberlehrer
1700 1341 125 46 aus
1900 1317 163 70 dem

501 1421 327 67 nächsten
926 1421 656 74 Bekanntenkreise.
1731 1426 333 71 Vielleicht

501 1527 166 70 wird
743 1551 72 47 er
887 1529 126 71 das
1087 1532 107 70 bei
1267 1532 587 73 fortschreitender
1925 1537 91 68 De-

501 1642 403 78 generation
955 1644 169 66 auch
1177 1646 174 66 noch
1404 1646 271 69 einmal.
1754 1646 71 69 In
1876 1651 187 64 einer

500 1756 318 73 spateren
872 1749 379 88 Existenz!)

318 1890 1108 78 BUDDHA-ASCHENBECHER
1483 1901 182 82 (von
1726 1900 120 69 der
1895 1901 122 68 Ver-

500 2001 387 71 kaufsstelle
914 2006 100 68 als
1043 2006 268 70 Prämie
1346 2013 203 76 gratis
1578 2010 478 83 dazugepackt.

500 2110 137 69 Der
698 2111 247 82 gleiche
1006 2113 220 85 fettige
1287 2115 190 83 Gott,
1529 2140 85 44 en
1675 2122 382 77 miniature,

498 2222 122 66 mit
698 2220 323 83 gleichem
1082 2223 279 70 Lächeln
1436 2225 144 69 und
1651 2227 405 83 gekreuzten

498 2328 261 70 Beinen
796 2330 118 69 auf
945 2337 227 64 einem
1211 2333 320 70 Behälter
1565 2335 103 69 für
1700 2337 315 81 Zigarren-

496 2440 198 68 asche
742 2440 391 86 thronend)

313 2584 175 71 EINE
557 2584 258 73 GELBE
886 2586 758 72 KIRCHENLATERNE
1724 2592 281 83 (Mauso-

493 2694 223 86 leum)

312 2821 176 69 EINE
564 2821 229 69 ROTE
872 2823 760 74 KIRCHENLATERNE
1727 2829 279 83 (Krema-

493 2934 296 82 torium)

313 3056 134 71 DIE
498 3056 411 71 FAKTURA
958 3061 107 82 (in
1118 3063 228 66 einem
1397 3063 655 70 unverschlossenen

495 3166 577 87 Briefumschlag)

310 3304 550 69 SPRECHENDE
911 3304 383 71 MENTALE
1343 3307 709 73 SCHWINGUNGEN

496 3414 149 69 DES
698 3412 362 71 AUTORS

308 3549 170 70 DER
528 3547 557 72 ZOLLBEAMTE
1135 3551 298 86 (Bayer)

308 3695 188 69 Noch
547 3700 154 66 eine
750 3695 676 88 Regiebemerkung:
1478 3740 53 9 -
1575 3700 266 84 (Leider
1878 3705 174 68 nicht

488 3828 84 46 zu
598 3805 379 83 umgehen!
1013 3805 201 69 Kann
1231 3808 242 83 jedoch
1497 3808 467 88 wegbleiben.)
1990 3854 52 8 -

489 3915 75 68 Es
588 3913 208 71 bleibt
816 3913 161 71 dem
992 3915 354 71 Ermessen
1368 3917 120 71 des
1512 3918 535 85 schöpferischen

489 4025 398 81 Regisseurs
938 4023 422 85 überlassen,
1409 4030 69 66 in
1527 4028 280 70 welcher
1832 4030 215 69 Weise

486 4159 73 45 er
581 4135 161 69 dem
767 4135 364 69 Publikum
1160 4137 356 84 andeutet,
1536 4137 134 69 daß
1693 4140 119 68 der
1827 4140 220 69 Autor

484 4269 87 45 zu
601 4245 266 85 Beginn
904 4245 121 69 der
1048 4245 215 69 Szene
1301 4250 199 66 einen
1529 4247 415 84 Augenblick
1976 4255 70 65 in

484 4353 473 87 Verlegenheit
1036 4358 109 80 ist,
1218 4379 142 47 was
1439 4379 72 46 er
1592 4362 122 64 mit
1787 4358 257 70 diesem

486 4465 1560 81 gotisch-ostasiatisch-kommerziell-astralen

484 4570 325 73 Gesindel
870 4596 144 50 nun
1077 4575 347 83 eigentlich
1488 4575 346 85 beginnen
1900 4579 146 67 soll.

486 4682 242 68 Ferner
754 4685 152 68 sind
935 4685 205 70 durch
1165 4685 110 70 die
1294 4685 208 85 Regie
1527 4692 175 63 etwa
1722 4684 324 86 folgende

484 4789 617 89 Gedankengänge
1152 4795 147 70 klar
1346 4821 87 45 zu
1483 4797 315 69 machen:
1880 4797 164 69 Man

484 4899 168 72 muß
688 4904 176 66 nicht
906 4905 381 84 unbedingt
1321 4929 91 48 an
1451 4905 283 72 okkulte
1768 4905 229 73 Phäno-

2362 427 205 49 mene
2603 405 315 86 glauben,
2965 432 120 45 um
3123 408 318 71 dennoch
3476 413 442 85 einzusehen,

2362 516 134 70 daß
2547 523 152 64 eine
2747 520 335 83 derartige
3116 521 631 85 Reisegesellschaft,
3800 530 121 64 mit

2362 631 351 78 grausiger
2787 628 275 70 Willkür
3143 633 69 65 in
3287 633 186 66 einer
3548 631 179 72 Kiste
3798 657 76 46 zu-

2362 735 662 84 sammengepfercht
3082 738 142 70 und
3285 740 203 85 völlig
3541 745 96 64 im
3683 742 184 84 Unge-

2361 848 245 66 wissen
2687 847 170 69 über
2940 847 135 69 Ziel
3165 850 142 69 und
3388 852 229 67 Zweck
3698 852 222 71 dieses

2359 953 420 87 Vorganges,
2814 957 366 69 schließlich
3217 960 290 69 bemüht
3549 965 146 64 sein
3730 962 187 81 wird,

2359 1063 110 70 die
2542 1070 472 78 gemeinsame
3089 1067 194 71 Fahrt
3361 1073 95 65 im
3532 1068 388 87 Güterzuge

2359 1175 144 68 und
2540 1175 127 69 das
2701 1177 406 84 allgemeine
3150 1178 433 85 Unbehagen
3619 1180 299 70 darüber

2357 1283 205 70 durch
2593 1283 386 85 Gespräche
3006 1287 420 83 erträglicher
3453 1312 84 46 zu
3566 1290 347 83 gestalten.

2357 1392 161 68 Und
2567 1392 364 71 zweifellos
2980 1399 82 64 ist
3109 1395 120 70 der
3265 1397 239 83 Drang
3551 1402 169 64 nach
3764 1399 112 69 Mit-

2355 1504 253 83 teilung
2654 1509 108 64 ein
2804 1527 81 46 so
2930 1505 296 85 heftiger,
3277 1505 135 71 daß
3446 1531 71 45 er
3549 1509 364 69 schließlich

2357 1612 168 69 über
2574 1614 108 67 die
2718 1612 317 71 Grenzen
3087 1615 119 70 des
3241 1615 381 71 Stofflichen
3671 1622 202 66 trium-

2354 1722 222 83 phiert
2620 1724 142 67 und
2797 1725 133 68 sich
2975 1729 68 64 in
3080 1729 186 66 einer
3300 1744 175 64 ganz
3509 1730 403 82 europäisch

2354 1830 416 83 klingenden
2847 1834 291 83 Sprache
3209 1835 140 70 Luft
3419 1839 240 66 macht.
3786 1839 127 68 Die

2354 1940 382 83 Spannung
2803 1945 69 65 in
2938 1942 135 70 den
3134 1944 593 84 Physiognomien
3793 1945 120 70 der

2354 2052 122 65 mit
2537 2049 123 68 der
2718 2049 510 71 Unbeseeltheit
3292 2052 144 68 und
3500 2056 412 67 Stummheit

2352 2157 119 68 der
2523 2157 278 70 Materie
2848 2161 383 81 ringenden
3282 2162 411 83 Skulpturen
3744 2162 166 70 muß

2352 2272 197 63 unter
2599 2267 180 68 allen
2831 2269 456 85 Umständen,
3338 2271 316 69 vielleicht
3703 2272 205 68 durch

2398 2377 782 87 Beleuchtungseffekte,
3282 2382 579 83 hervorgehoben

2349 2487 296 70 werden.
2736 2489 437 83 Desgleichen
3226 2491 110 69 die
3383 2492 525 83 merkwürdige,

2349 2599 448 80 gegenseitige
2880 2596 436 83 Gereiztheit,
3399 2597 108 70 die
3593 2601 131 66 sich
3813 2604 95 65 im

2349 2702 203 70 Laufe
2620 2704 118 70 der
2792 2706 505 84 Unterhaltung
3370 2706 106 69 bei
3541 2707 127 70 fast
3730 2709 177 68 allen

2350 2811 300 84 Figuren,
2684 2814 550 70 wahrscheinlich
3285 2840 125 45 aus
3461 2818 163 67 dem
3659 2816 249 69 Gefühl

2347 2921 181 69 ihres
2596 2928 520 78 gemeinsamen
3175 2924 510 85 Mißgeschickes
3751 2926 114 69 her-

2347 3055 146 57 aus,
2545 3033 305 69 einstellt.

2779 3270 498 83 Beginn

2164 3451 564 85 OUVERTÜRE:
2828 3469 124 68 Die
3011 3468 296 71 Melodie
3363 3475 69 66 in
3493 3473 136 69 den
3680 3473 221 71 Falten

2345 3578 119 68 des
2515 3576 626 85 Trauergewandes
3192 3580 120 69 der
3363 3581 254 70 Nonne
3666 3585 239 69 erhebt

2344 3688 128 64 sich
2581 3708 125 48 aus
2814 3686 674 87 düster-tragischem
3593 3693 310 71 As-moll

2344 3795 437 84 Orgelpunkt
2841 3820 163 46 zum
3067 3801 447 70 schattenhaft
3563 3805 300 68 strahlen-

2342 3905 137 69 den
2567 3906 363 70 Fis-moll-
2945 3908 210 69 Motiv
3250 3911 120 68 des
3466 3913 434 70 kosmischen

2342 4013 301 69 Leidens.

2342 4142 71 67 In
2528 4142 654 86 Gegenbewegung,
3289 4147 609 84 kontrapunktisch

2340 4252 508 83 durchgeführt,
2930 4255 228 71 bilden
3239 4259 112 69 die
3432 4260 261 70 Därme
3780 4262 120 69 des

2339 4362 577 83 verhungernden
2990 4367 283 69 Bettlers
3348 4369 342 71 krachend
3764 4372 136 69 den

2340 4472 435 69 Generalbaß
2811 4475 196 70 dazu.
3090 4477 205 69 Ferne
3331 4477 564 78 C-dur-Fanfare.

2339 4582 167 83 (Wie
2540 4582 132 68 sich
2721 4589 229 78 später
2985 4585 444 82 herausstellt,
3482 4587 272 71 kommt
3802 4597 98 65 sie

2339 4716 125 46 aus
2493 4694 118 69 der
2640 4695 161 68 dem
2828 4694 283 69 Theater
3143 4697 752 87 gegenüberliegenden

2337 4802 332 83 Kaserne,
2726 4828 114 45 wo
2901 4804 176 69 eben
3136 4804 122 69 der

2337 4911 418 84 abgeblasen
2806 4916 213 82 wird.)
