3530 4366
1675 134 88 54 183

124 291 140 50 Actes
293 305 80 34 aus
405 285 281 52 Cherubini's
717 283 350 67 Wasserträger
1097 295 250 52 gesungen.
1379 276 74 49 Sie
1483 275 180 52 können

125 372 210 51 hiernach
368 369 218 67 ungefähr
616 366 297 57 beurlheilen,
959 381 92 33 was
1097 363 79 49 das
1220 366 121 43 erste
1371 358 269 50 Concert-In-

127 457 129 50 stitut
284 455 45 49 in
355 452 188 66 Belgien
574 451 67 50 für
672 452 295 65 Programme
995 447 92 49 hat.
1126 446 73 48 An
1232 444 296 64 Chorgesang
1557 442 110 50 oder

128 557 80 48 gar
237 555 55 32 an
325 553 140 49 ganze
489 535 219 49 Cantaten
740 534 112 49 oder
880 530 244 51 Oratorien
1154 527 56 49 ist
1238 525 123 49 nicht
1392 543 53 30 zu
1477 524 189 50 denken.

250 617 223 53 Daneben
515 617 149 50 haben
702 616 81 50 wir
823 614 117 50 noch
984 611 109 51 zwei
1126 607 429 57 Concert-Vereine,
1597 607 70 49 die

142 703 277 53 Association
771 703 71 49 des
978 703 189 48 Artistes
1437 698 253 54 Musiciens,
1077 694 68 48 die
1190 692 59 49 im
1295 691 193 50 zehnten
1530 690 137 48 Jahre

131 788 193 57 besteht,
354 785 93 50 und
478 784 86 49 den
1078 784 142 48 Cercle
1384 780 66 65 Artislique
1451 772 91 49 Die
1543 780 127 42 erstere

131 871 77 49 hat
237 869 154 49 diesen
410 866 187 52 Winter
621 865 109 48 zwei
755 863 88 49 Mal
875 860 250 67 Haydn's
1157 856 346 68 Schöpfung
1533 871 108 50 gege-

132 954 89 48 ben
332 950 79 50 das
440 965 94 32 war
575 948 70 48 ein
675 945 229 65 Ereigniss
948 943 93 49 und
1086 941 68 49 ein
1197 939 129 49 recht
1370 938 301 49 erfreuliches.

132 1035 123 50 Chor
299 1032 93 50 und
423 1030 92 50 Soli
556 1045 154 34 waren
752 1026 141 50 durch
933 1025 78 50 das
1042 1020 399 71 Opern-Personal
1482 1018 190 58 besetzt,

132 1118 94 51 und
255 1117 80 49 der
359 1113 215 65 Zudrang
604 1113 78 48 des
699 1110 261 50 Publicums
985 1125 93 32 war
1101 1103 420 53 ausserordentlich.
1557 1103 115 48 Dem

132 1195 367 56 lobenswerthen
543 1193 339 52 Unternehmen
936 1192 57 48 ist
1046 1189 78 50 das
1167 1188 131 48 beste
1341 1184 231 51 Gedeihen
1618 1202 54 31 zu

133 1280 260 54 wünschen.
437 1280 94 47 Der
1012 1278 140 49 Cercle
734 1277 56 48 ist
820 1275 71 49 ein
920 1289 140 33 neues
1091 1272 198 57 Institut,
1333 1269 112 50 nach
1479 1268 87 49 Art
1596 1268 79 48 des

132 1367 237 49 Museums
392 1362 43 48 in
452 1360 245 50 Frankfurt
719 1376 71 33 am
805 1357 133 52 Main.
969 1353 367 52 Kammermusik
1359 1350 216 50 wechselt
1597 1349 79 50 mit

133 1448 182 64 Gesang
338 1444 91 51 und
448 1444 319 65 Vorlesungen
788 1442 42 48 in
852 1438 298 51 monatlichen
1168 1434 407 65 Versammlungen
1604 1432 71 49 ab.

255 1531 107 48 Von
391 1524 526 52 Virtuosen-Concerten
957 1522 156 51 hatten
1159 1518 69 49 die
1268 1517 188 49 Soireen
1496 1532 87 33 von
1615 1515 59 49 H.

137 1609 193 56 Wieni
344 1608 178 51 awski
566 1608 88 50 den
684 1611 211 62 grössten
931 1602 171 66 Erfolg,
1147 1599 92 51 und
1282 1599 82 48 mit
1393 1597 160 50 Recht.
1611 1597 66 48 Er

134 1701 179 46 ärntete
341 1692 187 58 überall,
560 1710 71 31 wo
663 1707 47 32 er
740 1689 95 49 hier
866 1688 180 56 auftrat,
1075 1683 298 51 stürmischen
1392 1680 166 50 Beifall.
1586 1680 60 49 Ne-

134 1778 90 50 ben
252 1776 92 49 ihm
373 1774 239 50 verdienen
642 1773 69 48 die
743 1769 238 51 Gebrüder
1013 1766 280 68 Doppler,
1338 1763 224 50 Flötisten
1594 1778 80 32 aus

134 1861 158 56 Pesth,
334 1857 250 50 rühmende
614 1854 322 65 Erwähnung;
981 1852 68 48 ihr
1079 1846 429 53 Zusammenblasen
1549 1844 55 50 ist
1633 1844 43 50 in

137 1946 81 48 der
247 1941 118 49 That
395 1940 204 58 herrlich,
631 1938 70 49 die
730 1936 196 67 Egalität
956 1933 90 50 und
1064 1931 207 52 Reinheit
1300 1929 43 50 in
1374 1929 85 49 den
1477 1927 172 67 Doppel-

137 2026 150 49 läufen
320 2023 59 50 ist
409 2018 468 59 bewundernswerth,
914 2016 92 49 und
1036 2014 113 50 auch
1181 2013 95 48 ihre
1308 2011 368 67 Compositionen

138 2108 98 50 sind
265 2106 128 49 recht
433 2105 284 48 interessant.
762 2101 73 49 Sie
865 2098 146 51 haben
1041 2114 189 49 grossen
1262 2093 156 65 Erfolg
1448 2092 90 49 und
1569 2098 108 59 gute

137 2188 282 54 Einnahmen
462 2186 179 66 gehabt.
699 2183 135 52 Auch
879 2182 78 50 der
988 2177 310 69 Violinspieler
1338 2175 94 50 Ch.
1478 2173 199 50 Huber

138 2291 81 33 aus
250 2271 201 66 Ungarn,
495 2270 79 49 der
617 2268 61 50 sie
722 2266 229 67 begleitet,
993 2272 108 56 trug
1139 2258 286 70 (namentlich
1469 2258 42 47 in
1555 2256 125 49 einer

138 2354 241 53 Phantasie
405 2354 113 48 über
541 2350 439 52 National-Thema's
1012 2347 68 46 für
1111 2342 108 50 zwei
1249 2342 164 48 Flöten
1444 2340 91 49 und
1568 2338 81 50 Vio-

138 2437 104 68 line)
282 2436 77 50 das
390 2435 179 66 Seinige
611 2434 115 48 dazu
766 2431 85 51 bei.
992 2430 94 47 Das
1116 2425 197 49 Concert
1343 2423 78 49 des
1451 2422 154 50 Herrn
1634 2421 42 48 J.

138 2519 351 53 Steveniers
514 2517 276 68 (Professors
814 2531 70 32 am
904 2506 498 67 Conservatoire)hatte
1426 2503 77 53 das
1528 2503 121 50 Merk-

142 2601 217 66 würdige,
390 2601 100 48 dass
513 2618 57 30 zu
590 2595 356 53 Mendelssohn's
966 2590 393 58 J.-<fotr-Quintett
1383 2587 77 50 das
1478 2586 198 50 Scherzo

139 2688 94 50 und
264 2684 174 66 Adagio
468 2699 79 33 aus
579 2683 101 49 dem
698 2677 421 59 B-wo//-Quartett
1147 2671 187 67 gespielt
1360 2670 90 49 und
1475 2670 78 48 mit
1576 2669 103 48 dem

141 2773 219 47 letzteren
385 2765 289 67 geschlossen
693 2760 182 52 wurde!
908 2760 170 47 Ferner
1108 2755 146 66 gaben
1281 2769 84 33 uns
1398 2752 119 47 Herr
1547 2751 98 47 Las-

142 2869 102 33 sen
274 2849 93 51 und
397 2849 79 48 der
508 2843 339 67 Concertgeber
879 2841 68 49 ein
978 2837 255 51 Stückchen
1263 2851 87 32 von
1379 2832 300 50 Beethoven's

143 2949 183 52 grosser
369 2933 170 47 Sonate
583 2930 42 50 in
665 2931 42 47 A
752 2926 243 66 (Kreutzer
1040 2917 273 72 gewidmet),
1366 2915 191 51 nämlich
1602 2915 79 48 das

143 3019 178 47 Presto.
379 3014 220 63 Dagegen
644 3009 155 67 spielte
832 3003 295 53 Wieniawski
1168 3001 42 49 in
1252 2999 143 49 seiner
1426 2997 156 49 Soiree
1610 3013 70 31 am

150 3099 88 51 25.
269 3095 135 51 Febr.
437 3095 77 49 das
546 3111 140 49 ganze
716 3091 218 59 Quartett
962 3088 78 49 Nr.
1075 3084 28 51 7
1152 3085 42 48 in
1224 3085 44 48 F
1293 3100 86 32 von
1408 3080 274 53 Beethoven.

274 3182 94 47 Der
397 3175 168 51 Pianist
595 3174 124 50 Alb.
752 3168 294 53 Sowinski
1078 3166 90 50 und
1201 3165 67 50 die
1300 3163 210 49 Pianistin
1541 3160 106 48 Hed-

148 3265 108 65 wig
287 3279 108 33 von
424 3258 331 52 Brzowska.
788 3257 94 45 Der
899 3254 187 47 Erstere
1116 3249 156 67 spielte
1303 3263 86 33 nur
1418 3263 83 32 von
1533 3244 151 49 seinen

147 3348 188 65 eigenen
365 3342 367 67 Compositionen
763 3334 312 57 Salonstücke,
1115 3330 164 68 jedoch
1307 3329 113 49 auch
1453 3328 67 48 ein
1553 3325 131 56 Trio;

148 3431 69 48 die
235 3429 212 49 Letztere
477 3432 107 57 trug
614 3422 131 48 meist
776 3425 106 59 gute
900 3415 150 50 Musik
1073 3432 85 32 von
1186 3411 268 50 bewährten
1470 3409 215 48 Meistern

150 3531 94 41 vor,
277 3512 77 48 das
385 3511 179 64 Septett
595 3523 85 31 von
711 3499 229 59 Hummel,
971 3498 70 49 ein
1070 3497 106 48 Trio
1206 3513 87 32 von
1324 3494 49 50 C.
1404 3492 182 55 Eckert,
1616 3489 69 49 die

150 3593 290 53 Variationen
468 3592 69 47 für
567 3587 108 51 zwei
705 3585 176 49 Piano's
912 3599 86 31 von
1027 3580 53 47 R.
1107 3578 258 49 Schumann
1397 3574 91 50 und
1514 3572 172 50 Sachen

150 3695 87 33 von
260 3676 189 64 Chopin,
480 3672 122 49 Liszt
632 3668 93 51 und
744 3664 202 52 Henselt.
978 3660 144 51 Allein
1154 3658 67 49 die
1252 3657 315 66 Bewältigung
1596 3653 92 49 und

151 3761 80 48 der
260 3758 202 62 Vortrag
491 3754 160 49 liessen
680 3749 116 51 noch
826 3747 80 51 viel
940 3763 53 31 zu
1025 3742 243 50 wünschen
1299 3739 146 65 übrig.

277 3842 201 48 Grossen
509 3837 91 49 und
631 3833 259 51 verdienten
924 3828 154 65 Erfolg
1117 3826 123 48 hatte
1272 3823 71 48 die
1375 3819 221 66 Sängerin
1627 3818 58 51 11.

152 3923 414 64 Sherrington.
609 3917 73 48 Sie
712 3916 78 48 hat
819 3913 96 48 eine
948 3911 167 49 schöne
1145 3906 193 49 Stimme
1369 3903 91 50 und
1492 3899 198 51 versteht

151 4026 56 32 zu
238 4007 180 64 singen;
448 4002 113 51 auch
594 4006 117 60 zeigt
743 4015 61 31 sie
835 3996 91 49 sich
959 3993 76 50 frei
1065 4010 85 31 von
1181 3988 106 51 aller
1305 3983 381 65 Uebertreibung.

152 4091 76 49 Sie
259 4097 105 56 trug
395 4086 68 49 die
494 4080 310 71 Sopran-Arie
835 4095 80 33 aus
947 4076 79 51 der
1056 4072 277 67 Schöpfung,
1380 4068 97 50 eine
1507 4064 161 51 italiäni-

1761 271 108 51 sehe
1898 287 87 33 von
2011 268 171 61 Bellini,
2226 267 144 67 einige
2399 267 161 51 Lieder
2589 285 87 34 von
2705 264 230 54 Schubert
3073 263 122 51 diese
3226 280 52 33 na-

1761 353 211 50 mentlich
2014 352 80 50 mit
2122 351 273 49 natürlicher
2429 350 276 66 Auffassung
2833 348 93 50 und
2955 347 144 66 einige
3128 347 175 50 Duette

1761 454 88 33 von
1868 436 320 49 Mendelssohn
2220 433 89 50 und
2326 433 177 50 Rossini
2533 433 79 50 mit
2639 433 120 49 ihrer
2782 432 226 66 jüngeren
3039 428 261 51 Schwester

1761 520 80 49 auf
1864 518 207 51 reizende
2103 517 160 52 Weise
2292 535 105 39 vor;
2443 516 117 49 denn
2602 516 118 49 diese
2763 516 188 48 letztere
2980 512 78 50 hat
3087 511 212 51 ebenfalls

1761 602 98 50 eine
1906 602 169 50 schöne
2107 601 188 50 Stimme
2339 600 91 49 und
2475 598 82 51 viel
2602 598 171 51 Talent.
2832 600 120 47 Herr
2993 597 135 48 Lern
3143 611 159 36 mens

1762 685 158 67 spielte
1962 685 43 48 in
2051 684 166 49 diesem
2260 681 223 52 Concerte
2527 681 70 50 die
3040 695 85 33 von
3157 676 49 51 C.
3238 676 64 51 M.

1762 786 86 32 von
1873 767 192 59 Weber,
2096 767 42 51 d.
2164 766 42 51 h.
2237 766 87 50 den
2353 774 152 40 ersten
2536 765 107 48 Satz
2674 762 252 60 derselben,
2955 761 91 50 und
3076 761 115 50 dazu
3223 760 77 49 das

1761 851 210 48 Menuett
1999 866 80 32 aus
2109 850 80 48 der
2603 849 454 49 Es-dur-Somls!

1887 934 52 48 F.
1981 930 362 51 Kufferath's
2386 930 191 51 Soireen
2632 929 69 48 für
2743 925 367 52 Kammermusik
3152 922 148 51 haben

1769 1014 115 51 auch
1924 1014 42 49 in
2006 1012 168 51 diesem
2210 1012 185 51 Winter
2433 1010 296 66 regelmässig
2767 1010 83 49 alle
2888 1010 104 49 acht
3021 1009 124 64 Tage
3176 1007 123 49 Statt

1766 1098 225 66 gefunden
2034 1096 93 50 und
2171 1096 131 50 einen
2345 1095 200 50 schönen
2587 1094 132 48 Kreis
2776 1110 85 32 von
2902 1091 249 50 Künstlern
3212 1087 92 50 und

1765 1179 387 58 Kunstfreunden,
2183 1178 344 50 einheimischen
2557 1175 93 51 und
2681 1175 216 56 fremden,
2927 1172 230 65 vereinigt.
3209 1171 94 47 Das

1766 1263 390 58 Violin-Quartett
2199 1260 149 51 bilden
2394 1260 94 50 hier
2530 1258 270 54 Leonard
2831 1258 134 66 (Viol.
2996 1255 66 69 I.),
3105 1251 165 52 Fried-

1768 1345 158 50 richs
1958 1344 132 69 (Viol.
2119 1344 91 67 IL),
2239 1344 71 49 ein
2338 1343 190 49 Schüler
2555 1341 204 69 Spohr's,
2799 1336 325 52 Kufferath
3154 1336 125 66 (Brat-

1769 1428 138 66 sche),
1936 1426 225 61 Müller,
2192 1425 188 51 Schüler
2404 1443 85 33 von
2510 1425 176 50 Servais
2711 1420 311 70 (Violoncell);
3054 1419 69 49 die
3140 1418 163 49 Piano-

1769 1509 148 50 Partie
1948 1509 121 50 führt
2098 1510 120 49 Herr
2248 1506 236 51 Kufferath
2516 1523 96 34 aus.
2655 1505 112 50 Hier
2796 1505 132 48 hörte
2958 1519 101 33 man
3088 1501 78 49 das
3196 1499 86 49 selt-

1769 1609 108 33 nere
1909 1592 120 58 Alte,
2058 1609 38 32 z.
2126 1593 50 48 B.
2206 1592 214 49 Mozart's
2446 1589 211 60 Qnintett
2684 1589 70 47 für
2784 1585 246 51 Clarinette
3058 1584 43 48 in

1769 1674 72 51 die
1869 1673 401 68 Principalstimme
2315 1672 272 50 vortrefflich
2630 1688 86 32 von
2745 1670 154 49 Herrn
2932 1668 169 49 Blaes
3144 1679 135 50 vorge-

1769 1766 176 57 tragen,
1976 1755 90 50 und
2096 1755 80 50 das
2207 1755 156 50 meiste
2392 1755 143 56 Neue,
2579 1772 37 32 z.
2645 1754 53 48 B.
2740 1750 378 51 Schumann's
3148 1747 33 50 I.
3215 1744 93 51 und

1769 1841 56 49 11.
1848 1838 402 60 Violin-Quartett,
2273 1837 93 49 drei
2394 1835 416 60 Violin-Quartette
2833 1851 85 31 von
2949 1828 359 53 Rubinstein

1769 1922 133 51 nebst
1933 1922 144 49 seiner
2095 1923 169 48 Sonate
2295 1921 67 48 für
2378 1921 139 48 Piano
2544 1919 91 50 und
2662 1917 172 51 Violine
2862 1915 173 68 (weder
3058 1913 104 66 jene
3191 1912 118 49 noch

1770 2006 70 49 die
1858 2006 170 48 Sonate
2051 2004 221 66 sprachen
2296 2002 87 67 an),
2415 2001 341 50 Clavier-Trio's
2786 2016 86 33 von
2903 1999 49 49 F.
2978 1994 239 51 Kuffera
3233 1993 76 58 th,

1771 2087 50 49 C.
1851 2087 314 58 Reinecke,
2196 2086 120 49 Joh.
2347 2084 242 49 Brahms
2620 2083 58 67 (in
2710 2081 171 66 H-dur)
2912 2098 43 32 u.
2987 2096 34 32 s.
3053 2095 57 31 w.
3154 2074 154 51 Ueber

1771 2169 70 50 die
1870 2168 327 50 künstlerische
2227 2167 299 65 Ausführung
2565 2164 230 50 brauchen
2836 2163 81 48 wir
2956 2159 144 51 nichts
3145 2176 56 30 zu
3231 2155 52 50 be-

1770 2252 201 57 merken,
2011 2251 69 48 die
2110 2249 265 51 erwähnten
2401 2249 173 49 Namen
2603 2244 372 52 charakterisiren
3012 2242 62 51 sie
3102 2239 182 65 hinläng-

1769 2335 98 49 lich.
1909 2333 132 51 Auch
2071 2335 58 50 11.
2163 2332 294 52 Wieniawski
2488 2331 156 67 spielte
2676 2329 94 49 hier
2799 2329 132 56 öfter,
2961 2326 85 49 wie
3078 2324 118 49 denn
3228 2322 84 49 alle

1770 2416 382 51 durchreisenden
2183 2415 217 49 Künstler
2443 2421 113 42 stets
2601 2412 152 50 diesen
2796 2409 132 50 Kreis
2973 2404 334 68 vorzugsweise

1771 2500 243 49 besuchen.

1895 2580 175 49 Unsere
2109 2578 248 51 trefflichen
2389 2576 302 67 Orgelbauer,
2735 2575 69 49 die
2836 2575 177 47 Herren
3054 2568 259 51 Merklin

1773 2665 91 48 und
1897 2663 273 58 Schütze,
2204 2662 144 48 haben
2380 2661 68 48 ihr
2474 2658 351 51 Etablissement
2851 2655 166 49 wieder
3050 2649 259 51 bedeutend

1773 2750 283 61 vergrössert
2090 2745 92 48 und
2220 2742 270 51 namentlich
2526 2742 128 48 einen
2682 2738 165 59 hohen,
2879 2735 293 68 geräumigen
3204 2732 103 50 Saal

1773 2826 183 69 gebaut,
1987 2826 43 50 in
2063 2826 216 50 welchem
2310 2825 61 49 sie
2405 2823 70 50 die
2509 2826 210 64 grössten
2745 2820 173 64 Orgeln
2944 2816 232 51 aufstellen
3203 2815 83 48 kön-

1773 2926 101 33 nen.
1916 2910 78 48 Ich
2028 2909 132 49 weiss
2193 2909 136 57 nicht,
2357 2906 60 50 ob
2448 2906 69 50 ich
2550 2905 76 49 das
2654 2901 366 67 Orgel-Concert
3050 2898 139 49 schon
3223 2896 68 48 ein-

1775 2992 87 49 mal
1895 2992 208 50 erwähnt
2138 2991 129 57 habe,
2315 2989 193 50 welches
2546 3004 81 33 zur
2658 2985 300 63 Einweihung
2988 2978 235 52 desselben
3255 2977 58 48 im

1774 3075 184 65 vorigen
1991 3075 137 49 Jahre
2171 3072 291 51 veranstaltet
2507 3069 157 49 wurde
2709 3067 90 50 und
2846 3066 44 50 in
2935 3064 218 49 welchem
3189 3061 122 48 Herr

1775 3156 239 50 Kufferath
2061 3156 90 48 sich
2196 3173 49 30 so
2288 3151 402 67 ausgezeichneten
2723 3147 149 51 Beifall
2917 3144 195 50 erwarb.
3165 3144 63 48 Es
3261 3141 56 48 ist

1776 3240 117 48 noch
1922 3240 41 48 in
1991 3246 155 59 gutem
2178 3236 268 56 Andenken,
2486 3234 91 49 und
2603 3250 101 32 man
2739 3231 118 48 freut
2890 3229 88 49 sich
3008 3227 115 66 jetzt
3154 3225 135 48 beson-

1778 3321 103 49 ders
1915 3320 168 60 darauf,
2116 3321 40 47 in
2192 3316 258 52 demselben
2483 3315 129 50 Saale
2653 3314 70 49 die
2766 3328 159 50 grosse
2958 3309 141 66 Orgel
3143 3307 67 47 für
3246 3305 70 48 die

1778 3404 275 49 Kathedrale
2084 3404 42 47 in
2159 3401 170 50 Murcia
2363 3418 54 30 zu
2450 3400 158 56 hören,
2660 3396 171 50 welche
2878 3394 162 48 binnen
3079 3389 126 49 sechs
3250 3387 66 49 bis

1779 3486 103 50 acht
1916 3485 212 52 Wochen
2161 3481 256 68 aufgestellt
2441 3480 124 51 wird.
2601 3476 269 52 Hoffentlich
2898 3472 183 51 werden
3109 3471 68 48 die
3198 3470 89 47 Her-

1779 3585 80 32 ren
1886 3568 189 49 Merklin
2110 3566 91 50 und
2227 3565 197 50 Schütze
2457 3563 87 49 den
2575 3563 111 63 Tag,
2728 3577 52 30 an
2814 3555 216 51 welchem
3064 3554 144 49 dieses
3239 3551 52 48 im-

1780 3658 189 61 posante
2010 3649 150 52 Werk
2211 3648 101 49 dem
2364 3643 370 52 kunstliebenden
2776 3639 235 49 Publicum
3059 3632 262 68 vorgeführt

1782 3733 128 59 wird,
1943 3733 57 48 im
2033 3733 179 49 Voraus
2246 3730 139 50 näher
2417 3726 283 55 bestimmen,
2733 3721 137 50 damit
2897 3738 47 32 es
2977 3719 111 49 auch
3121 3718 170 47 auswär-

1784 3817 121 64 tigen
1939 3814 246 50 Künstlern
2220 3810 190 66 möglich
2444 3806 168 56 werde,
2645 3804 207 51 dasselbe
2886 3822 54 30 zu
2973 3799 296 53 bewundern.

1909 3900 121 47 Herr
2062 3895 267 58 Damcke,
2362 3892 151 48 früher
2545 3890 43 49 in
2621 3888 293 65 Petersburg,
2954 3885 54 48 ist
3041 3900 83 31 von
3154 3879 141 49 Frank-

1788 3983 86 48 furt
1897 3998 69 32 am
1986 3979 117 52 Main
2123 3974 361 67 zurückgekehrt
2510 3972 93 49 und
2627 3972 77 48 hat
2730 3969 90 51 sich
2845 3968 92 48 hier
2954 3963 377 67 niedergelassen.
