3530 4366
1788 129 88 53 180

233 249 96 51 und
368 252 42 51 in
451 252 77 49 der
556 250 246 54 Ehrfurcht
846 273 80 33 vor
969 257 162 53 dessen
1176 262 186 67 eigenen
1394 264 372 70 Bezeichnungen

233 333 122 66 liegt.
390 334 155 50 Wenn
576 336 68 49 ich
669 338 257 51 Beethoven
956 341 144 50 hören
1133 344 101 60 will,
1265 363 49 31 so
1346 347 86 48 will
1464 347 67 49 ich
1562 348 96 51 ihn
1690 351 54 49 hö-

233 431 97 40 ren,
359 416 122 49 nicht
512 417 92 58 das,
636 435 91 33 was
755 421 125 49 Hans
912 423 110 50 oder
1053 426 130 49 Kunz
1215 443 79 33 aus
1324 428 89 48 ihm
1444 430 164 58 macht,
1637 449 133 33 wenn

232 496 123 50 diese
385 498 217 51 letzteren
632 502 113 48 auch
777 521 96 32 wer
904 507 131 50 weiss
1068 508 84 50 wie
1183 508 211 52 berühmt
1423 511 112 51 sind.
1580 513 61 50 Es
1674 515 96 64 gibt

232 579 71 47 lür
327 578 103 67 jede
462 579 311 69 Composition
800 603 86 32 nur
917 588 105 50 Ein
1054 590 189 67 Tempo,
1286 592 90 50 und
1411 593 76 49 das
1520 595 101 48 darf
1646 596 122 49 nicht

232 678 80 31 aus
344 662 79 48 der
451 663 354 54 Persönlichkeit
846 670 77 49 des
961 671 194 67 Spielers
1199 675 111 49 oder
1340 676 279 66 Dirigenten,
1665 696 78 32 son-

232 742 109 48 dern
371 742 128 51 allein
525 761 82 33 aus
639 747 101 50 dem
772 750 248 50 Charakter
1049 753 78 50 des
1159 756 191 49 Stückes
1381 758 92 49 und
1505 758 85 50 den
1616 760 122 66 Anga-

230 823 86 50 ben
349 824 77 50 des
459 826 326 70 Componisten
825 835 238 67 geschöpft
1102 838 197 50 werden.
1346 841 94 47 Der
1470 845 179 62 grösste
1681 845 66 47 Irr-

228 906 130 49 thum
390 907 57 50 ist
476 910 95 55 der,
594 912 312 53 Leidenschaft
936 918 91 49 und
1053 920 146 48 Feuer
1230 921 78 50 des
1338 924 250 66 Vortrages
1619 925 41 49 in
1691 926 78 48 der

227 987 321 69 Schnelligkeit
565 992 79 50 des
661 995 299 54 Zeitmaasses
990 1019 54 30 zu
1077 1002 181 50 suchen.
1290 1004 154 49 Nichts
1475 1005 55 49 ist
1561 1015 175 42 nament-

227 1070 85 49 lich
344 1071 79 49 mit
452 1073 264 52 Beethoven
745 1082 399 66 unverträglicher,
1185 1085 61 49 als
1287 1086 265 50 fieberhafte
1582 1087 186 51 Unruhe

227 1152 94 50 und
351 1153 319 54 übertriebene
699 1160 130 51 Hast.
861 1162 128 51 Aber
1018 1165 112 48 auch
1162 1167 174 49 Mozart
1364 1170 241 66 unterliegt
1635 1171 104 50 heut-

228 1242 165 60 2utage
421 1237 41 50 in
494 1238 100 50 dem
626 1241 272 52 Zeitmaasse
927 1246 155 66 häufig
1122 1249 79 48 der
1232 1250 191 49 falschen
1456 1252 309 69 Behandlung,

227 1315 251 52 besonders
509 1320 42 49 in
583 1322 85 49 den
699 1324 291 52 Ouvertüren
1023 1346 51 31 zu
1108 1330 102 48 Don
1240 1331 119 50 Juan
1399 1334 92 48 und
1535 1353 81 30 zur
1646 1338 87 48 Zau-

226 1397 203 52 berflöte.
462 1401 84 50 Die
574 1404 188 50 letztere
792 1409 159 49 wurde
981 1411 112 48 auch
1127 1412 41 49 in
1187 1414 271 51 Düsseldorf
1483 1416 88 68 (am
1599 1418 165 50 dritten

223 1481 142 66 Tage)
407 1482 80 50 viel
532 1503 51 30 zu
616 1486 167 51 schnell
814 1506 298 49 genommen;
1155 1495 83 48 alle
1268 1498 207 49 Klarheit
1520 1500 89 48 und
1655 1500 107 50 aller

223 1562 244 52 Ausdruck
509 1566 77 51 des
618 1570 224 51 Weichen
882 1575 92 48 und
1004 1575 310 69 Anmuthigen
1356 1580 42 48 in
1444 1580 85 50 den
1559 1583 176 49 Blas-In-

226 1650 283 46 strumenten
539 1649 108 64 geht
678 1651 198 52 dadurch
906 1656 219 51 verloren.
1183 1659 131 51 Auch
1357 1660 179 52 können
1576 1664 81 49 wir
1686 1665 78 50 das

223 1727 333 53 Hervorheben
600 1733 79 49 des
725 1735 168 51 vierten
923 1738 184 52 Achtels
1148 1741 59 50 im
1237 1744 351 66 Haupt-Thema
1620 1746 140 51 durch

224 1809 69 48 ein
324 1813 101 47 Fol
448 1814 230 51 tissimo
707 1816 121 50 nicht
859 1818 68 50 für
956 1821 160 66 richtig
1145 1823 174 61 halten;
1350 1827 70 48 die
1450 1829 244 66 Sforzandi
1724 1830 41 49 in

221 1891 123 50 einer
371 1894 204 58 Periode,
595 1896 137 51 deren
758 1900 201 67 Vortrag
1748 1920 22 49 p
1150 1908 378 65 vorgeschrieben
1559 1910 69 59 ist,
1661 1912 78 49 dür-

218 1971 74 50 len
324 1973 148 50 diesen
503 1976 294 66 allgemeinen
830 1981 250 53 Charakter
1111 1987 80 49 der
1220 2006 172 48 ganzen
1423 1992 191 49 Periode
1643 1994 123 50 nicht

221 2054 237 67 aufgeben,
504 2059 61 49 sie
609 2064 183 48 müssen
835 2064 141 51 durch
1032 2068 85 49 den
1162 2069 174 52 Accent
1380 2073 384 68 hervorgehoben

223 2136 201 60 werden,
468 2139 110 51 aber
621 2141 280 72 keineswegs
946 2149 85 48 wie
1072 2150 237 66 plötzliche
1337 2153 208 52 Bomben
1590 2157 42 49 in
1674 2158 86 50 den

217 2218 192 67 ruhigen
440 2223 153 49 Strom
626 2225 143 51 fallen.
830 2229 63 50 So
934 2230 185 65 glaubte
1162 2251 100 33 man
1294 2237 273 66 wenigstens
1600 2238 161 52 bisher.

218 2301 160 50 Wenn
420 2303 108 51 aber
570 2307 69 48 die
669 2309 210 51 Neueren
924 2313 68 48 lür
1036 2314 95 50 ihre
1162 2318 175 65 Jagden
1381 2321 82 48 auf
1501 2322 260 51 classisches

222 2383 241 52 Hochwild
494 2388 231 60 anführen,
768 2392 78 49 das
876 2394 107 48 Blut
1026 2398 110 48 rolle
1168 2398 220 50 schneller
1418 2402 41 48 in
1491 2402 85 49 den
1606 2404 155 50 Adern

222 2464 80 50 des
332 2464 215 70 heutigen
578 2470 292 52 Geschlechts
914 2475 93 51 und
1046 2479 288 68 rechtfertige
1379 2482 85 49 den
1492 2484 270 52 Fortschritt

218 2547 114 48 auch
365 2548 42 48 in
440 2549 80 48 der
546 2552 321 67 Schnelligkeit
890 2557 81 49 der
992 2558 170 69 Tempi,
1192 2578 48 32 so
1272 2563 55 48 ist
1357 2563 78 48 das
1467 2567 165 62 gerade
1662 2568 75 50 das-

217 2628 138 58 selbe,
387 2630 64 50 als
482 2649 131 33 wenn
645 2634 70 50 ein
745 2637 319 68 heissblutiger
1082 2643 315 69 Schauspieler
1427 2647 84 49 den
1543 2649 218 65 Monolog

217 2710 363 55 Wallenstein's:
622 2717 142 56 „Hier
795 2721 114 48 steh'
939 2722 83 57 ich,
1054 2724 67 49 ein
1147 2727 255 49 entlaubter
1681 2735 79 48 mit

219 2790 80 50 der
340 2793 419 70 übersprudelnden
790 2802 116 49 Hast
951 2803 77 50 des
1074 2811 281 47 entrüsteten
1397 2809 273 68 Capuciners
1714 2815 41 49 in

217 2873 260 53 demselben
495 2879 165 50 Drama
687 2891 240 59 vortragen
960 2887 90 48 und
1084 2888 90 50 sich
1206 2891 139 48 durch
1378 2892 68 48 die
1478 2893 278 54 individuelle

214 2957 281 70 Auffassung
539 2963 342 69 entschuldigen
926 2968 167 61 wollte,
1139 2972 101 50 dass
1272 2975 299 52 Wallenstein
1595 2978 131 65 jeden-

214 3037 112 61 lalls,
353 3056 132 34 wenn
515 3060 50 31 er
594 3043 274 71 heutzutage
898 3048 135 61 lebte,
1066 3069 50 33 so
1148 3055 166 48 schnell
1334 3057 219 67 sprechen
1581 3061 171 60 würde,

216 3119 83 50 wie
334 3138 61 32 er.

338 3204 157 66 Fügen
528 3208 80 49 wir
639 3211 270 53 schliesslich
941 3217 113 48 noch
1097 3217 146 61 hinzu,
1290 3221 100 51 dass
1434 3224 80 48 der
1544 3221 122 53 Chor
1709 3226 42 50 in

214 3283 80 48 der
312 3286 198 51 Sinfonie
539 3306 55 32 an
626 3291 86 49 den
741 3295 187 50 meisten
951 3298 169 50 Steilen
1152 3304 410 50 ausserordentlich
1594 3306 128 66 klang-

212 3367 84 48 voll
329 3368 260 69 durchgriff,
635 3375 111 47 auch
792 3377 79 48 mit
915 3396 179 47 grosser
1127 3384 296 68 Genauigkeit
1465 3387 160 60 einfiel,
1671 3390 80 49 der

212 3448 175 66 Sopran
411 3453 79 49 auf
510 3455 84 48 den
614 3455 162 49 einmal
796 3458 335 54 erklommenen
1149 3466 161 50 Höhen
1329 3469 121 50 nicht
1474 3470 274 61 schwankte,

211 3528 68 50 die
302 3531 170 51 fenöre
495 3535 88 49 und
600 3537 140 50 Bässe
767 3541 269 50 vortrefflich
1054 3561 147 33 waren
1232 3549 88 48 und
1341 3550 67 49 die
1431 3554 317 63 grosseMasse

209 3611 258 71 überhaupt
498 3617 124 50 einen
654 3621 303 64 prachtvollen
988 3625 226 51 Eindruck
1246 3632 189 50 machte.
1493 3635 93 48 Das
1616 3636 129 50 Solo-

208 3693 220 59 Quartett
458 3715 95 32 war
583 3702 363 52 unvollkommen
978 3706 142 51 durch
1149 3709 69 49 die
1249 3712 292 69 nothwendig
1571 3734 145 47 gewor-

207 3776 113 49 dene
351 3780 197 51 schnelle
578 3781 309 55 Uebernahme
918 3789 80 48 der
1026 3790 251 52 Alt-Partie
1309 3795 140 50 durch-

204 3861 158 58 tantin,
377 3879 90 33 was
494 3881 73 31 um
586 3880 51 33 so
655 3865 128 49 mehr
806 3885 52 31 zu
884 3869 227 53 bedauern
1138 3892 106 43 war,
1260 3876 53 50 da
1329 3878 88 49 Frl.
1434 3879 194 66 Tietjens
1653 3884 90 48 und

205 3940 120 51 Herr
350 3945 261 58 Schneider,
656 3949 92 49 und
782 3955 328 62 vorzugsweise
1145 3959 123 48 Herr
1296 3961 449 63 DuMont-Fier,

204 4021 81 51 der
315 4043 77 33 aus
424 4027 147 51 reiner
603 4030 135 49 Liebe
772 4050 80 32 zur
884 4035 142 50 Sache
1059 4038 67 50 die
1157 4041 266 67 schwierige
1454 4045 284 52 Bass-Partie

1868 268 326 54 übernommen
2226 272 137 61 hatte,
2396 275 194 50 welcher
2621 294 50 33 er
2697 277 286 56 bekanntlich
3015 283 40 51 in
3087 285 144 52 einem
3260 287 147 51 Grade

1868 353 269 65 gewachsen
2170 356 70 58 ist,
2282 357 82 48 wie
2395 358 74 50 ihn
2499 376 88 32 nur
2618 362 173 66 wenige
2822 366 175 67 Sänger
3025 369 230 50 erreichen
3288 370 95 51 dürf-

1867 441 88 52 ten,
1987 435 102 50 ihre
2124 437 209 67 Aufgabe
2364 457 110 49 ganz
2505 440 305 71 befriedigend
2843 446 173 52 lös'ten.

2035 642 606 83 Clavier-Compositionen
2683 670 98 42 von
2820 655 189 61 Gustav
3045 659 189 74 Flügel.

1986 758 62 50 Es
2090 760 103 51 thut
2239 765 134 58 wohl,
2419 775 133 42 unter
2597 770 79 48 der
2719 789 189 48 grossen
2938 774 110 49 Zahl
3091 793 84 33 von
3208 779 163 70 Compo-

1862 838 163 60 nisten,
2070 842 68 49 die
2184 845 70 48 für
2298 846 77 50 das
2406 850 257 52 Pianoforte
2706 854 249 61 schreiben,
2999 856 116 51 dann
3147 861 91 49 und
3271 879 131 34 wann

1863 922 128 50 einen
2023 929 278 48 anzutreffen
2334 931 110 48 oder
2475 934 88 49 ihm
2596 936 165 48 wieder
2791 955 55 32 zu
2875 938 254 68 begegnen,
3175 944 80 49 der
3284 946 122 50 nicht

1863 1004 162 50 darauf
2065 1010 205 65 ausgeht,
2317 1012 84 49 den
2433 1015 314 69 Heisshunger
2787 1020 80 48 der
2897 1021 307 69 klimpernden
3236 1028 167 67 Menge

1863 1104 52 32 zu
1949 1089 159 59 stillen,
2140 1092 195 50 sondern
2367 1095 100 51 dem
2499 1115 47 32 es
2577 1100 158 50 darum
2768 1120 54 31 zu
2853 1104 112 51 thun
2997 1105 68 60 ist,
3106 1108 99 49 dem
3237 1109 165 51 Ernste

1862 1167 80 49 der
1972 1170 150 49 Kunst
2166 1190 55 32 zu
2265 1175 211 69 huldigen
2523 1180 93 51 und
2655 1181 56 50 im
2745 1184 155 51 Stillen
2942 1204 55 32 an
3041 1188 141 52 ihrem
3214 1193 185 67 Tempel

1860 1250 311 63 fortzubauen,
2217 1258 365 62 unbekümmert,
2627 1263 59 50 ob
2730 1265 93 51 sein
2865 1269 132 50 Thun
3041 1270 42 50 in
3128 1273 70 49 die
3236 1275 165 66 Augen

1860 1332 93 49 läilt
1994 1336 90 49 und
2123 1338 88 49 den
2253 1357 188 48 grossen
2469 1345 176 50 Haufen
2688 1349 178 50 anlockt
2897 1352 111 49 oder
3038 1353 133 51 nicht.
3231 1355 85 51 Um
3349 1376 49 31 so

2018 1418 77 49 hat
2124 1420 186 52 alsdann
2343 1424 67 49 die
2441 1428 144 48 Kritik
2618 1429 68 48 die
2717 1430 174 61 Pflicht,
2922 1434 77 48 auf
3026 1434 67 50 die
3125 1437 274 67 Ergebnisse

1862 1496 120 50 eines
2027 1500 182 51 solchen
2255 1505 101 50 echt
2401 1508 353 53 künstlerischen
2798 1513 231 52 Schaffens
3074 1524 112 43 stets
3233 1520 166 50 wieder

1860 1579 316 63 hinzuweisen,
2222 1585 69 50 die
2333 1607 198 33 neueren
2563 1593 191 51 Blüthen
2796 1595 236 52 desselben
3063 1617 56 32 zu
3151 1600 248 68 begrüssen

1860 1661 90 50 und
1982 1680 55 32 an
2069 1664 77 49 das
2175 1668 131 49 Licht
2335 1670 79 51 der
2446 1674 364 53 Oeffentlichkeit
2841 1696 53 31 zu
2927 1680 171 53 stellen.

1986 1745 222 52 Gustav
2240 1752 207 67 Flügel
2477 1755 56 50 ist
2564 1758 82 49 seit
2677 1759 165 51 seinem
2876 1768 151 45 ersten
3046 1763 242 53 Auftreten
3318 1768 80 50 der

1859 1827 199 50 edelsten
2090 1830 229 71 Richtung
2363 1837 80 49 der
2474 1838 318 53 Ciaviermusik
2838 1852 102 42 treu
2985 1846 249 66 geblieben,
3280 1851 116 49 ohne

1859 1908 208 51 desshalb
2107 1912 71 49 die
2221 1917 245 52 Rücksicht
2509 1923 80 47 auf
2639 1923 85 50 den
2768 1942 188 48 grossen
3001 1928 273 52 Fortschritt
3318 1932 78 49 des

1858 1992 17 47 I
1897 1990 161 51 ianolof
2071 1995 194 66 tespiels,
2311 1999 80 50 der
2436 2002 139 51 durch
2617 2004 69 50 die
2720 2007 465 71 Vervollkommnung
3215 2013 77 50 des
3323 2016 49 48 In-

1858 2077 428 52 strumentenbaues
2343 2084 90 50 und
2479 2084 68 50 die
2592 2087 279 51 methodisch
2916 2092 189 49 erhöhte
3148 2096 249 66 Fertigkeit

1856 2166 188 57 erzeugt
2074 2159 71 59 ist,
2185 2164 113 49 auch
2329 2183 85 31 nur
2446 2168 125 50 einen
2603 2171 283 66 Augenblick
2917 2191 79 32 aus
3029 2176 85 51 den
3144 2178 164 66 Augen
3340 2199 52 30 zu

1855 2246 169 42 setzen.
2079 2241 64 48 Im
2175 2243 280 69 Gegentheil,
2500 2251 121 49 seine
2653 2252 336 53 Ciaviersachen
3021 2256 241 62 beweisen,
3293 2261 101 51 dass

1855 2318 69 50 die
1954 2321 172 50 Effecte
2170 2324 78 51 des
2291 2346 199 34 neueren
2531 2332 321 70 Clavierspiels,
2898 2338 170 51 welche
3112 2341 281 68 keineswegs

1858 2418 51 31 zu
1944 2404 386 70 vernachlässigen
2375 2413 110 59 sind,
2530 2416 90 48 sich
2667 2417 103 48 sehr
2814 2418 119 50 wohl
2977 2421 78 49 mit
3097 2422 101 50 dem
3231 2426 163 49 Ernste

1855 2483 92 48 und
1990 2502 79 31 aer
2100 2487 322 70 Gediegenheit
2465 2496 80 48 der
2577 2497 308 67 Composition
2931 2503 255 68 vereinigen
3231 2507 160 51 lassen.

1855 2566 107 49 Dies
2005 2567 56 49 ist
2091 2571 139 49 schon
2262 2575 68 49 ein
2363 2594 179 48 grosses
2592 2571 237 61 Verdienst
2865 2585 146 50 seiner
3040 2586 352 63 Ciavierwerke;

1855 2647 61 48 sie
1945 2646 226 54 beweisen
2203 2655 83 49 alle
2317 2657 65 50 bis
2413 2661 78 47 auf
2516 2661 68 48 die
2615 2671 235 52 neuesten,
2895 2667 170 50 welche
3098 2688 82 31 uns
3213 2690 52 31 zu
3299 2672 68 50 die-

1853 2746 77 32 sen
1975 2732 151 50 Zeilen
2166 2740 296 59 veranlassen,
2508 2742 102 51 dass
2655 2746 78 48 das
2782 2749 215 49 moderne
3026 2751 363 71 Melodieenspiel

1851 2813 80 47 mit
1962 2815 301 53 orchestraler
2291 2823 274 68 Begleitung
2608 2829 90 49 und
2740 2830 69 48 die
2838 2831 272 67 Benutzung
3151 2836 80 48 der
3276 2836 111 51 über

1849 2895 128 49 sechs
2010 2898 199 52 Octaven
2243 2902 156 52 hinaus
2429 2907 288 52 erweiterten
2749 2912 126 49 Scala
2907 2914 76 49 des
3010 2916 254 51 Pianoforte
3295 2920 93 51 sich

1849 2992 112 49 ganz
2006 2980 160 52 anders
2212 2987 250 50 anwenden
2509 2989 142 50 lassen
2696 2992 62 49 als
2800 3011 53 31 zu
2891 2996 173 50 Läufen
3104 3000 80 48 mit
3224 3001 135 51 durch-

1849 3058 233 65 gehenden
2114 3063 82 65 (oft
2229 3066 138 51 durch
2400 3071 88 48 und
2521 3072 139 50 durch
2693 3075 252 67 gehenden)
2975 3080 146 50 Noten
3165 3083 111 49 über
3318 3085 69 50 die

1848 3157 142 49 ganze
2020 3142 228 55 Claviatur
2278 3150 193 68 hinweg,
2513 3163 135 43 unter
2688 3157 137 50 deren
2858 3160 162 50 kaltem
3053 3164 304 68 Schneegestö-

1848 3221 80 51 ber
1958 3224 67 48 ein
2058 3226 296 55 italienischer
2385 3235 223 69 Singsang
2648 3240 80 48 auf
2762 3241 82 49 den
2889 3243 152 50 scharf
3078 3246 308 66 eingesetzten

1845 3305 182 49 Stelzen
2072 3326 118 33 eines
2237 3315 89 48 und
2373 3316 78 50 des
2495 3319 195 51 anderen
2731 3323 230 50 einzelnen
2994 3326 187 68 Fingers
3223 3330 133 51 daher-

1845 3389 177 66 stapelt.
2070 3392 52 49 G.
2156 3394 154 67 Flügel
2352 3399 73 49 hat
2463 3401 183 51 niemals
2688 3404 121 49 seine
2839 3406 237 52 Phantasie
3107 3429 54 32 zu
3194 3414 165 65 derglei-

1845 3470 112 48 chen
2397 3483 373 63 gemissbraucht.
2803 3489 99 47 Auf
2925 3489 80 49 der
3035 3493 194 51 anderen
3261 3495 121 50 Seite

1845 3551 75 48 hat
1950 3552 70 50 ihn
2053 3555 108 50 aber
2190 3561 111 49 auch
2334 3563 79 48 der
2441 3565 141 50 Ernst
2622 3568 78 48 des
2733 3570 194 50 Willens
2969 3573 118 49 nicht
3118 3593 54 31 zu
3205 3577 146 49 Grübe-

1842 3634 113 48 leien
1989 3638 87 48 und
2109 3641 431 56 combinatorischen
2570 3650 619 69 Rellexions-Erzeugnissen
3222 3659 132 50 verlei-

1842 3723 79 52 tet,
1968 3734 130 34 wozu
2142 3723 236 69 allerdings
2424 3729 67 49 ein
2535 3730 216 50 sittlicher
2781 3733 212 52 Abscheu
3036 3756 79 31 vor
3147 3740 101 50 dem
3280 3743 72 48 Tri-

1840 3798 141 50 vialen
2010 3801 132 51 leicht
2171 3809 234 50 verführen
2439 3810 131 60 kann,
2602 3831 160 33 wovon
2795 3817 80 47 wir
2907 3817 236 53 berühmte
3158 3823 217 69 Beispiele

1839 3880 161 61 haben,
2046 3886 90 49 und
2179 3907 154 33 wovor
2376 3894 84 48 wir
2500 3895 165 65 gerade
2697 3897 69 49 die
2799 3898 329 56 talentvollsten
3152 3904 223 69 jüngeren

1839 3963 320 69 Componisten
2192 3989 68 32 am
2293 3974 187 51 meisten
2523 3994 181 33 warnen
2744 3984 194 47 müssen.
2999 3984 105 52 Wir
3135 3989 160 50 wollen
3327 4007 48 33 es

1836 4048 121 49 nicht
1990 4050 251 66 verhehlen,
2287 4057 100 50 dass
2432 4059 81 50 wir
2552 4059 70 51 bei
2664 4062 149 52 diesen
2847 4066 163 50 letzten
3046 4069 197 52 Worten
3275 4091 75 33 vor-
