<?xml version="1.0" encoding="UTF-8"?>
<alto xmlns:xsi="http://www.w3.org/2001/XMLSchema-instance" xsi:noNamespaceSchemaLocation="http://schema.ccs-gmbh.com/metae/alto-1-4.xsd" xmlns:xlink="http://www.w3.org/1999/xlink">
	<Description>
		<MeasurementUnit>mm10</MeasurementUnit>
		<sourceImageInformation>
			<fileName>//wks3/IN2/Princetonian/1896/06/01_01/PAN_1896-06-01_135.tif</fileName>
		</sourceImageInformation>
		<OCRProcessing ID="OCRPROCESSING_1">
			<preProcessingStep>
				<processingSoftware>
					<softwareCreator>CCS Content Conversion Specialists GmbH, Germany</softwareCreator>
					<softwareName>CCS docWORKS</softwareName>
					<softwareVersion>6.4-3.1</softwareVersion>
				</processingSoftware>
			</preProcessingStep>
			<ocrProcessingStep>
				<processingSoftware>
					<softwareCreator>ABBYY (BIT Software), Russia</softwareCreator>
					<softwareName>FineReader</softwareName>
					<softwareVersion>8.1</softwareVersion>
				</processingSoftware>
			</ocrProcessingStep>
		</OCRProcessing>
	</Description>
	<Styles>
		<TextStyle ID="TXT_0" FONTSIZE="26" FONTFAMILY="Times New Roman"/>
		<TextStyle ID="TXT_1" FONTSIZE="19" FONTFAMILY="Times New Roman"/>
		<TextStyle ID="TXT_2" FONTSIZE="9" FONTFAMILY="Times New Roman"/>
		<TextStyle ID="TXT_3" FONTSIZE="12" FONTFAMILY="Times New Roman"/>
		<TextStyle ID="TXT_4" FONTSIZE="12" FONTFAMILY="Times New Roman" FONTSTYLE="italics"/>
		<TextStyle ID="TXT_5" FONTSIZE="9" FONTFAMILY="Times New Roman" FONTSTYLE="italics"/>
		<TextStyle ID="TXT_6" FONTSIZE="11" FONTFAMILY="Times New Roman"/>
		<ParagraphStyle ID="PAR_CENTER" ALIGN="Center"/>
		<ParagraphStyle ID="PAR_LEFT" ALIGN="Left"/>
		<ParagraphStyle ID="PAR_RIGHT" ALIGN="Right"/>
	</Styles>
	<Layout>
		<Page ID="P129" PHYSICAL_IMG_NR="129" HEIGHT="2923" WIDTH="2301" PRINTED_IMG_NR="69" PC="0.815">
			<TopMargin ID="P129_TM00001" HPOS="0" VPOS="0" WIDTH="2301" HEIGHT="225"/>
			<LeftMargin ID="P129_LM00001" HPOS="0" VPOS="225" WIDTH="197" HEIGHT="2504"/>
			<RightMargin ID="P129_RM00001" HPOS="1952" VPOS="225" WIDTH="349" HEIGHT="2504"/>
			<BottomMargin ID="P129_BM00001" HPOS="0" VPOS="2729" WIDTH="2301" HEIGHT="194"/>
			<PrintSpace ID="P129_PS00001" HPOS="197" VPOS="225" WIDTH="1755" HEIGHT="2504">
				<TextBlock ID="P129_TB00001" HPOS="709" VPOS="1287" WIDTH="750" HEIGHT="80" STYLEREFS="TXT_0 PAR_CENTER">
					<TextLine ID="P129_TL00001" HPOS="712" VPOS="1290" WIDTH="744" HEIGHT="73">
						<String ID="P129_ST00001" HPOS="712" VPOS="1302" WIDTH="242" HEIGHT="61" CONTENT="PAUL" WC="0.98" CC="5004"/>
						<SP ID="P129_SP00001" HPOS="954" VPOS="1363" WIDTH="41"/>
						<String ID="P129_ST00002" HPOS="995" VPOS="1290" WIDTH="461" HEIGHT="70" CONTENT="VERLAINE" WC="1.00" CC="00000050"/>
					</TextLine>
				</TextBlock>
				<TextBlock ID="P129_TB00002" HPOS="284" VPOS="1434" WIDTH="1581" HEIGHT="93" STYLEREFS="TXT_1 PAR_CENTER">
					<TextLine ID="P129_TL00002" HPOS="287" VPOS="1437" WIDTH="1575" HEIGHT="89">
						<String ID="P129_ST00003" HPOS="287" VPOS="1465" WIDTH="141" HEIGHT="54" CONTENT="UND" WC="0.96" CC="551"/>
						<SP ID="P129_SP00002" HPOS="428" VPOS="1519" WIDTH="34"/>
						<String ID="P129_ST00004" HPOS="462" VPOS="1478" WIDTH="101" HEIGHT="46" CONTENT="DIE" WC="1.00" CC="000"/>
						<SP ID="P129_SP00003" HPOS="563" VPOS="1524" WIDTH="34"/>
						<String ID="P129_ST00005" HPOS="597" VPOS="1478" WIDTH="181" HEIGHT="48" CONTENT="LYRIK" WC="0.98" CC="00028"/>
						<SP ID="P129_SP00004" HPOS="778" VPOS="1526" WIDTH="34"/>
						<String ID="P129_ST00006" HPOS="812" VPOS="1475" WIDTH="124" HEIGHT="49" CONTENT="DER" WC="1.00" CC="000"/>
						<SP ID="P129_SP00005" HPOS="936" VPOS="1526" WIDTH="32"/>
						<String ID="P129_ST00007" HPOS="968" VPOS="1468" WIDTH="377" HEIGHT="52" CONTENT="DECADENCE" WC="0.93" CC="000000500"/>
						<SP ID="P129_SP00006" HPOS="1345" VPOS="1526" WIDTH="34"/>
						<String ID="P129_ST00008" HPOS="1379" VPOS="1465" WIDTH="65" HEIGHT="45" CONTENT="IN" WC="0.48" CC="55"/>
						<SP ID="P129_SP00007" HPOS="1444" VPOS="1526" WIDTH="35"/>
						<String ID="P129_ST00009" HPOS="1479" VPOS="1437" WIDTH="383" HEIGHT="70" CONTENT="FRANKREICH" WC="0.98" CC="4108991857"/>
					</TextLine>
				</TextBlock>
				<TextBlock ID="P129_TB00003" HPOS="197" VPOS="1666" WIDTH="855" HEIGHT="909" STYLEREFS="TXT_2 PAR_LEFT">
					<TextLine ID="P129_TL00003" HPOS="202" VPOS="1670" WIDTH="845" HEIGHT="84">
						<String ID="P129_ST00010" HPOS="202" VPOS="1670" WIDTH="96" HEIGHT="84" CONTENT="ZU" WC="0.28" CC="67"/>
						<SP ID="P129_SP00008" HPOS="298" VPOS="1754" WIDTH="19"/>
						<String ID="P129_ST00011" HPOS="317" VPOS="1687" WIDTH="110" HEIGHT="32" CONTENT="ALLEN" WC="0.99" CC="00009"/>
						<SP ID="P129_SP00009" HPOS="427" VPOS="1754" WIDTH="19"/>
						<String ID="P129_ST00012" HPOS="446" VPOS="1696" WIDTH="86" HEIGHT="26" CONTENT="Zeiten" WC="0.98" CC="072353"/>
						<SP ID="P129_SP00010" HPOS="532" VPOS="1754" WIDTH="20"/>
						<String ID="P129_ST00013" HPOS="552" VPOS="1697" WIDTH="43" HEIGHT="25" CONTENT="hat" WC="0.95" CC="760"/>
						<SP ID="P129_SP00011" HPOS="595" VPOS="1754" WIDTH="17"/>
						<String ID="P129_ST00014" HPOS="612" VPOS="1707" WIDTH="59" HEIGHT="15" CONTENT="man" WC="0.96" CC="054"/>
						<SP ID="P129_SP00012" HPOS="671" VPOS="1754" WIDTH="20"/>
						<String ID="P129_ST00015" HPOS="691" VPOS="1696" WIDTH="60" HEIGHT="25" CONTENT="über" WC="0.98" CC="0043"/>
						<SP ID="P129_SP00013" HPOS="751" VPOS="1754" WIDTH="14"/>
						<String ID="P129_ST00016" HPOS="765" VPOS="1694" WIDTH="94" HEIGHT="27" CONTENT="Verfall" WC="0.99" CC="0060651"/>
						<SP ID="P129_SP00014" HPOS="859" VPOS="1754" WIDTH="19"/>
						<String ID="P129_ST00017" HPOS="878" VPOS="1694" WIDTH="51" HEIGHT="26" CONTENT="und" WC="0.97" CC="710"/>
						<SP ID="P129_SP00015" HPOS="929" VPOS="1754" WIDTH="13"/>
						<String ID="P129_ST00018" HPOS="942" VPOS="1693" WIDTH="90" HEIGHT="27" CONTENT="Nieder" SUBS_TYPE="HypPart1" SUBS_CONTENT="Niedergang" WC="1.00" CC="000032"/>
						<HYP HPOS="1032" VPOS="1693" WIDTH="15" CONTENT="-"/>
					</TextLine>
					<TextLine ID="P129_TL00004" HPOS="288" VPOS="1731" WIDTH="760" HEIGHT="38">
						<String ID="P129_ST00019" HPOS="288" VPOS="1732" WIDTH="65" HEIGHT="29" CONTENT="gang" SUBS_TYPE="HypPart2" SUBS_CONTENT="Niedergang" WC="0.97" CC="0760"/>
						<SP ID="P129_SP00016" HPOS="353" VPOS="1761" WIDTH="14"/>
						<String ID="P129_ST00020" HPOS="367" VPOS="1731" WIDTH="107" HEIGHT="38" CONTENT="geklagt." WC="0.99" CC="05406050"/>
						<SP ID="P129_SP00017" HPOS="474" VPOS="1769" WIDTH="27"/>
						<String ID="P129_ST00021" HPOS="501" VPOS="1736" WIDTH="76" HEIGHT="25" CONTENT="Auch" WC="0.97" CC="4127"/>
						<SP ID="P129_SP00018" HPOS="577" VPOS="1769" WIDTH="12"/>
						<String ID="P129_ST00022" HPOS="589" VPOS="1736" WIDTH="27" HEIGHT="24" CONTENT="in" WC="0.63" CC="33"/>
						<SP ID="P129_SP00019" HPOS="616" VPOS="1769" WIDTH="13"/>
						<String ID="P129_ST00023" HPOS="629" VPOS="1734" WIDTH="146" HEIGHT="26" CONTENT="Frankreich" WC="0.99" CC="5146620006"/>
						<SP ID="P129_SP00020" HPOS="775" VPOS="1769" WIDTH="16"/>
						<String ID="P129_ST00024" HPOS="791" VPOS="1735" WIDTH="31" HEIGHT="24" CONTENT="ist" WC="0.99" CC="002"/>
						<SP ID="P129_SP00021" HPOS="822" VPOS="1769" WIDTH="13"/>
						<String ID="P129_ST00025" HPOS="835" VPOS="1733" WIDTH="93" HEIGHT="27" CONTENT="wieder" WC="1.00" CC="000002"/>
						<SP ID="P129_SP00022" HPOS="928" VPOS="1769" WIDTH="14"/>
						<String ID="P129_ST00026" HPOS="942" VPOS="1732" WIDTH="49" HEIGHT="27" CONTENT="viel" WC="0.99" CC="0103"/>
						<SP ID="P129_SP00023" HPOS="991" VPOS="1769" WIDTH="13"/>
						<String ID="P129_ST00027" HPOS="1004" VPOS="1732" WIDTH="30" HEIGHT="25" CONTENT="da" SUBS_TYPE="HypPart1" SUBS_CONTENT="dan" WC="0.87" CC="00"/>
						<HYP HPOS="1034" VPOS="1732" WIDTH="14" CONTENT="-"/>
					</TextLine>
					<TextLine ID="P129_TL00005" HPOS="235" VPOS="1762" WIDTH="812" HEIGHT="41">
						<String ID="P129_ST00028" HPOS="235" VPOS="1763" WIDTH="17" HEIGHT="17" CONTENT="n" SUBS_TYPE="HypPart2" SUBS_CONTENT="dan" WC="1.00" CC="9"/>
						<SP ID="P129_SP00024" HPOS="252" VPOS="1780" WIDTH="16"/>
						<String ID="P129_ST00029" HPOS="268" VPOS="1762" WIDTH="38" HEIGHT="25" CONTENT="die" WC="0.95" CC="741"/>
						<SP ID="P129_SP00025" HPOS="306" VPOS="1787" WIDTH="13"/>
						<String ID="P129_ST00030" HPOS="319" VPOS="1765" WIDTH="75" HEIGHT="29" CONTENT="Rede." WC="0.99" CC="04010"/>
						<SP ID="P129_SP00026" HPOS="394" VPOS="1794" WIDTH="27"/>
						<String ID="P129_ST00031" HPOS="421" VPOS="1772" WIDTH="66" HEIGHT="26" CONTENT="Aber" WC="0.99" CC="0050"/>
						<SP ID="P129_SP00027" HPOS="487" VPOS="1798" WIDTH="14"/>
						<String ID="P129_ST00032" HPOS="501" VPOS="1774" WIDTH="85" HEIGHT="25" CONTENT="anders" WC="0.97" CC="559134"/>
						<SP ID="P129_SP00028" HPOS="586" VPOS="1799" WIDTH="19"/>
						<String ID="P129_ST00033" HPOS="605" VPOS="1774" WIDTH="34" HEIGHT="26" CONTENT="als" WC="0.96" CC="244"/>
						<SP ID="P129_SP00029" HPOS="639" VPOS="1800" WIDTH="15"/>
						<String ID="P129_ST00034" HPOS="654" VPOS="1773" WIDTH="158" HEIGHT="30" CONTENT="anderwärts," WC="0.99" CC="32704073014"/>
						<SP ID="P129_SP00030" HPOS="812" VPOS="1803" WIDTH="14"/>
						<String ID="P129_ST00035" HPOS="826" VPOS="1772" WIDTH="65" HEIGHT="26" CONTENT="denn" WC="0.98" CC="0036"/>
						<SP ID="P129_SP00031" HPOS="891" VPOS="1803" WIDTH="18"/>
						<String ID="P129_ST00036" HPOS="909" VPOS="1772" WIDTH="44" HEIGHT="25" CONTENT="mit" WC="0.98" CC="040"/>
						<SP ID="P129_SP00032" HPOS="953" VPOS="1803" WIDTH="15"/>
						<String ID="P129_ST00037" HPOS="968" VPOS="1771" WIDTH="79" HEIGHT="25" CONTENT="einem" WC="0.98" CC="04430"/>
					</TextLine>
					<TextLine ID="P129_TL00006" HPOS="203" VPOS="1802" WIDTH="844" HEIGHT="44">
						<String ID="P129_ST00038" HPOS="203" VPOS="1805" WIDTH="15" HEIGHT="17" CONTENT="6" WC="0.21" CC="7"/>
						<SP ID="P129_SP00033" HPOS="218" VPOS="1822" WIDTH="15"/>
						<String ID="P129_ST00039" HPOS="233" VPOS="1802" WIDTH="88" HEIGHT="24" CONTENT="wissen" WC="0.97" CC="455560"/>
						<SP ID="P129_SP00034" HPOS="321" VPOS="1826" WIDTH="14"/>
						<String ID="P129_ST00040" HPOS="335" VPOS="1805" WIDTH="113" HEIGHT="38" CONTENT="Behagen" WC="0.99" CC="6071000"/>
						<SP ID="P129_SP00035" HPOS="448" VPOS="1843" WIDTH="17"/>
						<String ID="P129_ST00041" HPOS="465" VPOS="1813" WIDTH="65" HEIGHT="25" CONTENT="wird" WC="1.00" CC="0000"/>
						<SP ID="P129_SP00036" HPOS="530" VPOS="1843" WIDTH="14"/>
						<String ID="P129_ST00042" HPOS="544" VPOS="1813" WIDTH="53" HEIGHT="25" CONTENT="hier" WC="0.97" CC="6540"/>
						<SP ID="P129_SP00037" HPOS="597" VPOS="1843" WIDTH="13"/>
						<String ID="P129_ST00043" HPOS="610" VPOS="1822" WIDTH="50" HEIGHT="16" CONTENT="von" WC="1.00" CC="000"/>
						<SP ID="P129_SP00038" HPOS="660" VPOS="1843" WIDTH="19"/>
						<String ID="P129_ST00044" HPOS="679" VPOS="1813" WIDTH="42" HEIGHT="25" CONTENT="der" WC="0.98" CC="004"/>
						<SP ID="P129_SP00039" HPOS="721" VPOS="1843" WIDTH="12"/>
						<String ID="P129_ST00045" HPOS="733" VPOS="1814" WIDTH="142" HEIGHT="23" CONTENT="Decadence" WC="0.78" CC="040405500"/>
						<SP ID="P129_SP00040" HPOS="875" VPOS="1843" WIDTH="14"/>
						<String ID="P129_ST00046" HPOS="889" VPOS="1809" WIDTH="158" HEIGHT="37" CONTENT="gesprochen," WC="0.99" CC="02304027663"/>
					</TextLine>
					<TextLine ID="P129_TL00007" HPOS="202" VPOS="1837" WIDTH="846" HEIGHT="49">
						<String ID="P129_ST00047" HPOS="202" VPOS="1837" WIDTH="6" HEIGHT="22" CONTENT="1" WC="1.00" CC="0"/>
						<SP ID="P129_SP00041" HPOS="208" VPOS="1859" WIDTH="17"/>
						<String ID="P129_ST00048" HPOS="225" VPOS="1849" WIDTH="7" HEIGHT="10" CONTENT="," WC="0.53" CC="4"/>
						<SP ID="P129_SP00042" HPOS="232" VPOS="1859" WIDTH="14"/>
						<String ID="P129_ST00049" HPOS="246" VPOS="1842" WIDTH="58" HEIGHT="21" CONTENT="man" WC="0.94" CC="860"/>
						<SP ID="P129_SP00043" HPOS="304" VPOS="1863" WIDTH="14"/>
						<String ID="P129_ST00050" HPOS="318" VPOS="1850" WIDTH="14" HEIGHT="26" CONTENT="p" WC="1.00" CC="0"/>
						<String ID="P129_ST00051" HPOS="335" VPOS="1852" WIDTH="27" HEIGHT="17" CONTENT="os" STYLE="subscript" WC="0.68" CC="06"/>
						<String ID="P129_ST00052" HPOS="363" VPOS="1846" WIDTH="17" HEIGHT="24" CONTENT="t" WC="0.48" CC="3"/>
						<SP ID="P129_SP00044" HPOS="380" VPOS="1876" WIDTH="19"/>
						<String ID="P129_ST00053" HPOS="399" VPOS="1848" WIDTH="51" HEIGHT="27" CONTENT="und" WC="0.95" CC="543"/>
						<SP ID="P129_SP00045" HPOS="450" VPOS="1876" WIDTH="20"/>
						<String ID="P129_ST00054" HPOS="470" VPOS="1849" WIDTH="152" HEIGHT="37" CONTENT="koquettiert" WC="0.70" CC="34030214415"/>
						<SP ID="P129_SP00046" HPOS="622" VPOS="1886" WIDTH="21"/>
						<String ID="P129_ST00055" HPOS="643" VPOS="1851" WIDTH="89" HEIGHT="30" CONTENT="damit," WC="0.98" CC="050614"/>
						<SP ID="P129_SP00047" HPOS="732" VPOS="1886" WIDTH="22"/>
						<String ID="P129_ST00056" HPOS="754" VPOS="1850" WIDTH="53" HEIGHT="26" CONTENT="und" WC="0.95" CC="760"/>
						<SP ID="P129_SP00048" HPOS="807" VPOS="1886" WIDTH="19"/>
						<String ID="P129_ST00057" HPOS="826" VPOS="1850" WIDTH="42" HEIGHT="25" CONTENT="das" WC="0.94" CC="565"/>
						<SP ID="P129_SP00049" HPOS="868" VPOS="1886" WIDTH="14"/>
						<String ID="P129_ST00058" HPOS="882" VPOS="1851" WIDTH="77" HEIGHT="24" CONTENT="Wort" WC="1.00" CC="0000"/>
						<SP ID="P129_SP00050" HPOS="959" VPOS="1886" WIDTH="18"/>
						<String ID="P129_ST00059" HPOS="977" VPOS="1848" WIDTH="31" HEIGHT="25" CONTENT="ist" WC="0.97" CC="303"/>
						<SP ID="P129_SP00051" HPOS="1008" VPOS="1886" WIDTH="15"/>
						<String ID="P129_ST00060" HPOS="1023" VPOS="1848" WIDTH="25" HEIGHT="24" CONTENT="in" WC="0.69" CC="60"/>
					</TextLine>
					<TextLine ID="P129_TL00008" HPOS="203" VPOS="1875" WIDTH="845" HEIGHT="50">
						<String ID="P129_ST00061" HPOS="203" VPOS="1875" WIDTH="118" HEIGHT="28" CONTENT="gewissen" WC="0.98" CC="70956202"/>
						<SP ID="P129_SP00052" HPOS="321" VPOS="1903" WIDTH="19"/>
						<String ID="P129_ST00062" HPOS="340" VPOS="1883" WIDTH="102" HEIGHT="30" CONTENT="Kreisen" WC="0.99" CC="3220100"/>
						<SP ID="P129_SP00053" HPOS="442" VPOS="1913" WIDTH="22"/>
						<String ID="P129_ST00063" HPOS="464" VPOS="1890" WIDTH="78" HEIGHT="25" CONTENT="schon" WC="0.98" CC="11710"/>
						<SP ID="P129_SP00054" HPOS="542" VPOS="1915" WIDTH="19"/>
						<String ID="P129_ST00064" HPOS="561" VPOS="1889" WIDTH="49" HEIGHT="27" CONTENT="fast" WC="0.97" CC="0364"/>
						<SP ID="P129_SP00055" HPOS="610" VPOS="1916" WIDTH="18"/>
						<String ID="P129_ST00065" HPOS="628" VPOS="1888" WIDTH="222" HEIGHT="37" CONTENT="gleichbedeutend" WC="0.99" CC="020305549440100"/>
						<SP ID="P129_SP00056" HPOS="850" VPOS="1925" WIDTH="19"/>
						<String ID="P129_ST00066" HPOS="869" VPOS="1888" WIDTH="45" HEIGHT="25" CONTENT="mit" WC="0.98" CC="003"/>
						<SP ID="P129_SP00057" HPOS="914" VPOS="1925" WIDTH="18"/>
						<String ID="P129_ST00067" HPOS="932" VPOS="1886" WIDTH="55" HEIGHT="27" CONTENT="chic" WC="0.99" CC="0030"/>
						<SP ID="P129_SP00058" HPOS="987" VPOS="1925" WIDTH="19"/>
						<String ID="P129_ST00068" HPOS="1006" VPOS="1895" WIDTH="28" HEIGHT="26" CONTENT="ge" SUBS_TYPE="HypPart1" SUBS_CONTENT="gede" WC="1.00" CC="00"/>
						<HYP HPOS="1034" VPOS="1895" WIDTH="14" CONTENT="-"/>
					</TextLine>
					<TextLine ID="P129_TL00009" HPOS="202" VPOS="1919" WIDTH="846" HEIGHT="49">
						<String ID="P129_ST00069" HPOS="202" VPOS="1941" WIDTH="29" HEIGHT="27" CONTENT="de" SUBS_TYPE="HypPart2" SUBS_CONTENT="gede" WC="0.76" CC="04"/>
						<SP ID="P129_SP00059" HPOS="231" VPOS="1968" WIDTH="16"/>
						<String ID="P129_ST00070" HPOS="247" VPOS="1919" WIDTH="10" HEIGHT="15" CONTENT="f" STYLE="superscript" WC="0.35" CC="6"/>
						<SP ID="P129_SP00060" HPOS="257" VPOS="1968" WIDTH="15"/>
						<String ID="P129_ST00071" HPOS="272" VPOS="1923" WIDTH="24" HEIGHT="45" CONTENT="n*" WC="0.19" CC="87"/>
						<String ID="P129_ST00072" HPOS="296" VPOS="1925" WIDTH="8" HEIGHT="15" CONTENT="1" STYLE="superscript" WC="0.43" CC="5"/>
						<String ID="P129_ST00073" HPOS="307" VPOS="1936" WIDTH="5" HEIGHT="5" CONTENT='"' WC="0.68" CC="3"/>
						<SP ID="P129_SP00061" HPOS="312" VPOS="1968" WIDTH="46"/>
						<String ID="P129_ST00074" HPOS="358" VPOS="1923" WIDTH="33" HEIGHT="25" CONTENT="nd" STYLE="superscript" WC="1.00" CC="00"/>
						<SP ID="P129_SP00062" HPOS="391" VPOS="1968" WIDTH="7"/>
						<String ID="P129_ST00075" HPOS="398" VPOS="1925" WIDTH="30" HEIGHT="25" CONTENT="da" WC="0.23" CC="77"/>
						<SP ID="P129_SP00063" HPOS="428" VPOS="1968" WIDTH="6"/>
						<String ID="P129_ST00076" HPOS="434" VPOS="1926" WIDTH="26" HEIGHT="26" CONTENT="in" WC="0.47" CC="55"/>
						<SP ID="P129_SP00064" HPOS="460" VPOS="1968" WIDTH="6"/>
						<String ID="P129_ST00077" HPOS="466" VPOS="1927" WIDTH="144" HEIGHT="27" CONTENT="Frankreich" WC="0.99" CC="4050045737"/>
						<SP ID="P129_SP00065" HPOS="610" VPOS="1968" WIDTH="7"/>
						<String ID="P129_ST00078" HPOS="617" VPOS="1928" WIDTH="69" HEIGHT="25" CONTENT="mehr" WC="0.98" CC="0260"/>
						<SP ID="P129_SP00066" HPOS="686" VPOS="1968" WIDTH="7"/>
						<String ID="P129_ST00079" HPOS="693" VPOS="1928" WIDTH="33" HEIGHT="25" CONTENT="als" WC="0.96" CC="253"/>
						<SP ID="P129_SP00067" HPOS="726" VPOS="1968" WIDTH="9"/>
						<String ID="P129_ST00080" HPOS="735" VPOS="1927" WIDTH="129" HEIGHT="25" CONTENT="anderswo" WC="1.00" CC="41000300"/>
						<SP ID="P129_SP00068" HPOS="864" VPOS="1968" WIDTH="6"/>
						<String ID="P129_ST00081" HPOS="870" VPOS="1926" WIDTH="39" HEIGHT="26" CONTENT="die" WC="0.97" CC="052"/>
						<SP ID="P129_SP00069" HPOS="909" VPOS="1968" WIDTH="7"/>
						<String ID="P129_ST00082" HPOS="916" VPOS="1926" WIDTH="132" HEIGHT="25" CONTENT="Litteratur" WC="0.79" CC="0022206402"/>
					</TextLine>
					<TextLine ID="P129_TL00010" HPOS="203" VPOS="1960" WIDTH="845" HEIGHT="46">
						<String ID="P129_ST00083" HPOS="203" VPOS="1980" WIDTH="28" HEIGHT="26" CONTENT="ab" WC="0.37" CC="57"/>
						<SP ID="P129_SP00070" HPOS="231" VPOS="2006" WIDTH="52"/>
						<String ID="P129_ST00084" HPOS="283" VPOS="1963" WIDTH="22" HEIGHT="35" CONTENT=".g" WC="1.00" CC="00"/>
						<String ID="P129_ST00085" HPOS="307" VPOS="1964" WIDTH="52" HEIGHT="20" CONTENT="erne" STYLE="superscript" WC="0.86" CC="0050"/>
						<String ID="P129_ST00086" HPOS="361" VPOS="1960" WIDTH="56" HEIGHT="28" CONTENT="inen" WC="0.18" CC="7797"/>
						<SP ID="P129_SP00071" HPOS="417" VPOS="2006" WIDTH="11"/>
						<String ID="P129_ST00087" HPOS="428" VPOS="1965" WIDTH="143" HEIGHT="37" CONTENT="Stimmung" WC="0.99" CC="05000510"/>
						<SP ID="P129_SP00072" HPOS="571" VPOS="2006" WIDTH="14"/>
						<String ID="P129_ST00088" HPOS="585" VPOS="1966" WIDTH="66" HEIGHT="36" CONTENT="folgt" WC="0.99" CC="00303"/>
						<SP ID="P129_SP00073" HPOS="651" VPOS="2006" WIDTH="10"/>
						<String ID="P129_ST00089" HPOS="661" VPOS="1966" WIDTH="53" HEIGHT="26" CONTENT="und" WC="0.94" CC="655"/>
						<SP ID="P129_SP00074" HPOS="714" VPOS="2006" WIDTH="11"/>
						<String ID="P129_ST00090" HPOS="725" VPOS="1966" WIDTH="70" HEIGHT="25" CONTENT="mehr" WC="0.98" CC="0072"/>
						<SP ID="P129_SP00075" HPOS="795" VPOS="2006" WIDTH="10"/>
						<String ID="P129_ST00091" HPOS="805" VPOS="1965" WIDTH="34" HEIGHT="26" CONTENT="als" WC="0.96" CC="703"/>
						<SP ID="P129_SP00076" HPOS="839" VPOS="2006" WIDTH="12"/>
						<String ID="P129_ST00092" HPOS="851" VPOS="1964" WIDTH="129" HEIGHT="27" CONTENT="anderswo" WC="0.99" CC="31006492"/>
						<SP ID="P129_SP00077" HPOS="980" VPOS="2006" WIDTH="15"/>
						<String ID="P129_ST00093" HPOS="995" VPOS="1963" WIDTH="53" HEIGHT="25" CONTENT="eine" WC="1.00" CC="0200"/>
					</TextLine>
					<TextLine ID="P129_TL00011" HPOS="368" VPOS="2001" WIDTH="680" HEIGHT="34">
						<String ID="P129_ST00094" HPOS="368" VPOS="2001" WIDTH="114" HEIGHT="28" CONTENT="Chronik" WC="0.98" CC="0360065"/>
						<SP ID="P129_SP00078" HPOS="482" VPOS="2029" WIDTH="18"/>
						<String ID="P129_ST00095" HPOS="500" VPOS="2005" WIDTH="43" HEIGHT="25" CONTENT="der" WC="1.00" CC="000"/>
						<SP ID="P129_SP00079" HPOS="543" VPOS="2030" WIDTH="18"/>
						<String ID="P129_ST00096" HPOS="561" VPOS="2006" WIDTH="53" HEIGHT="25" CONTENT="Zeit" WC="0.99" CC="0020"/>
						<SP ID="P129_SP00080" HPOS="614" VPOS="2031" WIDTH="19"/>
						<String ID="P129_ST00097" HPOS="633" VPOS="2005" WIDTH="90" HEIGHT="30" CONTENT="bildet," WC="0.98" CC="4019004"/>
						<SP ID="P129_SP00081" HPOS="723" VPOS="2035" WIDTH="19"/>
						<String ID="P129_ST00098" HPOS="742" VPOS="2014" WIDTH="28" HEIGHT="16" CONTENT="so" WC="0.69" CC="23"/>
						<SP ID="P129_SP00082" HPOS="770" VPOS="2035" WIDTH="19"/>
						<String ID="P129_ST00099" HPOS="789" VPOS="2004" WIDTH="75" HEIGHT="26" CONTENT="findet" WC="0.99" CC="002005"/>
						<SP ID="P129_SP00083" HPOS="864" VPOS="2035" WIDTH="21"/>
						<String ID="P129_ST00100" HPOS="885" VPOS="2013" WIDTH="58" HEIGHT="16" CONTENT="man" WC="0.97" CC="070"/>
						<SP ID="P129_SP00084" HPOS="943" VPOS="2035" WIDTH="17"/>
						<String ID="P129_ST00101" HPOS="960" VPOS="2002" WIDTH="26" HEIGHT="25" CONTENT="in" WC="0.75" CC="40"/>
						<SP ID="P129_SP00085" HPOS="986" VPOS="2035" WIDTH="21"/>
						<String ID="P129_ST00102" HPOS="1007" VPOS="2001" WIDTH="41" HEIGHT="26" CONTENT="der" WC="0.98" CC="006"/>
					</TextLine>
					<TextLine ID="P129_TL00012" HPOS="203" VPOS="2036" WIDTH="845" HEIGHT="48">
						<String ID="P129_ST00103" HPOS="203" VPOS="2057" WIDTH="37" HEIGHT="27" CONTENT="ein" WC="0.92" CC="957"/>
						<SP ID="P129_SP00086" HPOS="240" VPOS="2084" WIDTH="23"/>
						<String ID="P129_ST00104" HPOS="263" VPOS="2036" WIDTH="22" HEIGHT="17" CONTENT="Cr" STYLE="superscript" WC="0.41" CC="74"/>
						<String ID="P129_ST00105" HPOS="286" VPOS="2039" WIDTH="11" HEIGHT="35" CONTENT="i" WC="0.24" CC="7"/>
						<String ID="P129_ST00106" HPOS="297" VPOS="2041" WIDTH="16" HEIGHT="15" CONTENT="IS" STYLE="superscript" WC="0.29" CC="76"/>
						<String ID="P129_ST00107" HPOS="317" VPOS="2039" WIDTH="5" HEIGHT="36" CONTENT="l" WC="0.23" CC="7"/>
						<String ID="P129_ST00108" HPOS="322" VPOS="2043" WIDTH="35" HEIGHT="18" CONTENT=":en" STYLE="superscript" WC="0.84" CC="400"/>
						<SP ID="P129_SP00087" HPOS="357" VPOS="2084" WIDTH="14"/>
						<String ID="P129_ST00109" HPOS="371" VPOS="2040" WIDTH="133" HEIGHT="28" CONTENT="Litteratur" WC="0.72" CC="7400024205"/>
						<SP ID="P129_SP00088" HPOS="504" VPOS="2084" WIDTH="13"/>
						<String ID="P129_ST00110" HPOS="517" VPOS="2043" WIDTH="49" HEIGHT="26" CONTENT="den" WC="0.98" CC="005"/>
						<SP ID="P129_SP00089" HPOS="566" VPOS="2084" WIDTH="13"/>
						<String ID="P129_ST00111" HPOS="579" VPOS="2044" WIDTH="180" HEIGHT="35" CONTENT="Hauptbeweis" WC="0.99" CC="04301600203"/>
						<SP ID="P129_SP00090" HPOS="759" VPOS="2084" WIDTH="15"/>
						<String ID="P129_ST00112" HPOS="774" VPOS="2042" WIDTH="81" HEIGHT="32" CONTENT="dafür," WC="0.99" CC="700002"/>
						<SP ID="P129_SP00091" HPOS="855" VPOS="2084" WIDTH="15"/>
						<String ID="P129_ST00113" HPOS="870" VPOS="2041" WIDTH="54" HEIGHT="27" CONTENT="dass" WC="0.46" CC="9154"/>
						<SP ID="P129_SP00092" HPOS="924" VPOS="2084" WIDTH="21"/>
						<String ID="P129_ST00114" HPOS="945" VPOS="2050" WIDTH="57" HEIGHT="16" CONTENT="man" WC="0.96" CC="540"/>
						<SP ID="P129_SP00093" HPOS="1002" VPOS="2084" WIDTH="20"/>
						<String ID="P129_ST00115" HPOS="1022" VPOS="2041" WIDTH="26" HEIGHT="23" CONTENT="in" WC="0.64" CC="15"/>
					</TextLine>
					<TextLine ID="P129_TL00013" HPOS="202" VPOS="2069" WIDTH="845" HEIGHT="54">
						<String ID="P129_ST00116" HPOS="202" VPOS="2095" WIDTH="19" HEIGHT="25" CONTENT="L" STYLE="subscript" WC="0.26" CC="7"/>
						<String ID="P129_ST00117" HPOS="224" VPOS="2097" WIDTH="6" HEIGHT="26" CONTENT="j" WC="0.78" CC="2"/>
						<SP ID="P129_SP00094" HPOS="230" VPOS="2123" WIDTH="13"/>
						<String ID="P129_ST00118" HPOS="243" VPOS="2071" WIDTH="24" HEIGHT="18" CONTENT="Cr" STYLE="superscript" WC="0.42" CC="73"/>
						<SP ID="P129_SP00095" HPOS="267" VPOS="2123" WIDTH="14"/>
						<String ID="P129_ST00119" HPOS="281" VPOS="2069" WIDTH="53" HEIGHT="27" CONTENT="Zeit" STYLE="superscript" WC="0.82" CC="3100"/>
						<SP ID="P129_SP00096" HPOS="334" VPOS="2123" WIDTH="18"/>
						<String ID="P129_ST00120" HPOS="352" VPOS="2075" WIDTH="40" HEIGHT="27" CONTENT="des" WC="0.96" CC="046"/>
						<SP ID="P129_SP00097" HPOS="392" VPOS="2123" WIDTH="15"/>
						<String ID="P129_ST00121" HPOS="407" VPOS="2079" WIDTH="106" HEIGHT="28" CONTENT="Verfalls" WC="1.00" CC="02200004"/>
						<SP ID="P129_SP00098" HPOS="513" VPOS="2123" WIDTH="20"/>
						<String ID="P129_ST00122" HPOS="533" VPOS="2082" WIDTH="66" HEIGHT="31" CONTENT="lebe," WC="0.99" CC="00004"/>
						<SP ID="P129_SP00099" HPOS="599" VPOS="2123" WIDTH="18"/>
						<String ID="P129_ST00123" HPOS="617" VPOS="2083" WIDTH="52" HEIGHT="25" CONTENT="und" WC="0.96" CC="560"/>
						<SP ID="P129_SP00100" HPOS="669" VPOS="2123" WIDTH="21"/>
						<String ID="P129_ST00124" HPOS="690" VPOS="2081" WIDTH="47" HEIGHT="27" CONTENT="fast" WC="0.96" CC="9042"/>
						<SP ID="P129_SP00101" HPOS="737" VPOS="2123" WIDTH="20"/>
						<String ID="P129_ST00125" HPOS="757" VPOS="2082" WIDTH="46" HEIGHT="25" CONTENT="mit" WC="1.00" CC="010"/>
						<SP ID="P129_SP00102" HPOS="803" VPOS="2123" WIDTH="14"/>
						<String ID="P129_ST00126" HPOS="817" VPOS="2081" WIDTH="92" HEIGHT="30" CONTENT="Recht," WC="0.98" CC="501764"/>
						<SP ID="P129_SP00103" HPOS="909" VPOS="2123" WIDTH="22"/>
						<String ID="P129_ST00127" HPOS="931" VPOS="2079" WIDTH="65" HEIGHT="26" CONTENT="denn" WC="0.98" CC="5010"/>
						<SP ID="P129_SP00104" HPOS="996" VPOS="2123" WIDTH="13"/>
						<String ID="P129_ST00128" HPOS="1009" VPOS="2079" WIDTH="38" HEIGHT="25" CONTENT="die" WC="0.99" CC="020"/>
					</TextLine>
					<TextLine ID="P129_TL00014" HPOS="244" VPOS="2107" WIDTH="449" HEIGHT="59">
						<String ID="P129_ST00129" HPOS="244" VPOS="2107" WIDTH="51" HEIGHT="59" CONTENT="te^" STYLE="superscript" WC="0.49" CC="248"/>
						<String ID="P129_ST00130" HPOS="296" VPOS="2113" WIDTH="37" HEIGHT="22" CONTENT="tUr" STYLE="superscript" WC="0.60" CC="352"/>
						<SP ID="P129_SP00105" HPOS="333" VPOS="2166" WIDTH="13"/>
						<String ID="P129_ST00131" HPOS="346" VPOS="2113" WIDTH="31" HEIGHT="27" CONTENT="ist" STYLE="superscript" WC="0.75" CC="231"/>
						<SP ID="P129_SP00106" HPOS="377" VPOS="2166" WIDTH="13"/>
						<String ID="P129_ST00132" HPOS="390" VPOS="2116" WIDTH="150" HEIGHT="40" CONTENT="heutzutage" WC="0.99" CC="4031761080"/>
						<SP ID="P129_SP00107" HPOS="540" VPOS="2166" WIDTH="14"/>
						<String ID="P129_ST00133" HPOS="554" VPOS="2121" WIDTH="139" HEIGHT="26" CONTENT="decadente." WC="0.94" CC="0000000500"/>
					</TextLine>
					<TextLine ID="P129_TL00015" HPOS="203" VPOS="2147" WIDTH="845" HEIGHT="52">
						<String ID="P129_ST00134" HPOS="203" VPOS="2173" WIDTH="36" HEIGHT="25" CONTENT="De" WC="0.12" CC="79"/>
						<SP ID="P129_SP00108" HPOS="239" VPOS="2198" WIDTH="24"/>
						<String ID="P129_ST00135" HPOS="263" VPOS="2147" WIDTH="33" HEIGHT="52" CONTENT="T" WC="1.00" CC="9"/>
						<String ID="P129_ST00136" HPOS="298" VPOS="2157" WIDTH="24" HEIGHT="16" CONTENT="3S" STYLE="superscript" WC="0.39" CC="74"/>
						<SP ID="P129_SP00109" HPOS="322" VPOS="2199" WIDTH="20"/>
						<String ID="P129_ST00137" HPOS="342" VPOS="2161" WIDTH="53" HEIGHT="18" CONTENT="nUn" STYLE="superscript" WC="0.72" CC="250"/>
						<SP ID="P129_SP00110" HPOS="395" VPOS="2199" WIDTH="22"/>
						<String ID="P129_ST00138" HPOS="417" VPOS="2157" WIDTH="57" HEIGHT="26" CONTENT="a^er" STYLE="superscript" WC="0.69" CC="3800"/>
						<SP ID="P129_SP00111" HPOS="474" VPOS="2199" WIDTH="21"/>
						<String ID="P129_ST00139" HPOS="495" VPOS="2159" WIDTH="16" HEIGHT="25" CONTENT="d" STYLE="superscript" WC="1.00" CC="0"/>
						<String ID="P129_ST00140" HPOS="513" VPOS="2168" WIDTH="21" HEIGHT="16" CONTENT="e" WC="0.22" CC="7"/>
						<SP ID="P129_SP00112" HPOS="534" VPOS="2199" WIDTH="21"/>
						<String ID="P129_ST00141" HPOS="555" VPOS="2159" WIDTH="243" HEIGHT="27" CONTENT="charakteristischen" WC="1.00" CC="470070300454600700"/>
						<SP ID="P129_SP00113" HPOS="798" VPOS="2199" WIDTH="18"/>
						<String ID="P129_ST00142" HPOS="816" VPOS="2157" WIDTH="138" HEIGHT="27" CONTENT="Merkmale" WC="0.99" CC="02230560"/>
						<SP ID="P129_SP00114" HPOS="954" VPOS="2199" WIDTH="18"/>
						<String ID="P129_ST00143" HPOS="972" VPOS="2156" WIDTH="76" HEIGHT="25" CONTENT="dieser" WC="0.97" CC="903246"/>
					</TextLine>
					<TextLine ID="P129_TL00016" HPOS="204" VPOS="2187" WIDTH="844" HEIGHT="50">
						<String ID="P129_ST00144" HPOS="204" VPOS="2220" WIDTH="27" HEIGHT="17" CONTENT="cD" STYLE="subscript" WC="0.46" CC="36"/>
						<SP ID="P129_SP00115" HPOS="231" VPOS="2237" WIDTH="9"/>
						<String ID="P129_ST00145" HPOS="240" VPOS="2187" WIDTH="27" HEIGHT="18" CONTENT="Ca" STYLE="superscript" WC="0.33" CC="67"/>
						<SP ID="P129_SP00116" HPOS="267" VPOS="2237" WIDTH="19"/>
						<String ID="P129_ST00146" HPOS="286" VPOS="2193" WIDTH="57" HEIGHT="20" CONTENT="ence" STYLE="superscript" WC="0.61" CC="5630"/>
						<SP ID="P129_SP00117" HPOS="343" VPOS="2237" WIDTH="18"/>
						<String ID="P129_ST00147" HPOS="361" VPOS="2191" WIDTH="27" HEIGHT="26" CONTENT="in" WC="0.23" CC="77"/>
						<SP ID="P129_SP00118" HPOS="388" VPOS="2237" WIDTH="14"/>
						<String ID="P129_ST00148" HPOS="402" VPOS="2195" WIDTH="43" HEIGHT="25" CONTENT="der" WC="1.00" CC="000"/>
						<SP ID="P129_SP00119" HPOS="445" VPOS="2237" WIDTH="16"/>
						<String ID="P129_ST00149" HPOS="461" VPOS="2197" WIDTH="132" HEIGHT="26" CONTENT="Litteratur" WC="0.74" CC="0604000605"/>
						<SP ID="P129_SP00120" HPOS="593" VPOS="2237" WIDTH="20"/>
						<String ID="P129_ST00150" HPOS="613" VPOS="2198" WIDTH="66" HEIGHT="31" CONTENT="sind," WC="0.99" CC="20303"/>
						<SP ID="P129_SP00121" HPOS="679" VPOS="2237" WIDTH="23"/>
						<String ID="P129_ST00151" HPOS="702" VPOS="2198" WIDTH="103" HEIGHT="25" CONTENT="darüber" WC="0.98" CC="9510506"/>
						<SP ID="P129_SP00122" HPOS="805" VPOS="2237" WIDTH="26"/>
						<String ID="P129_ST00152" HPOS="831" VPOS="2196" WIDTH="67" HEIGHT="27" CONTENT="kann" WC="0.99" CC="0400"/>
						<SP ID="P129_SP00123" HPOS="898" VPOS="2237" WIDTH="21"/>
						<String ID="P129_ST00153" HPOS="919" VPOS="2205" WIDTH="57" HEIGHT="16" CONTENT="man" WC="0.98" CC="050"/>
						<SP ID="P129_SP00124" HPOS="976" VPOS="2237" WIDTH="21"/>
						<String ID="P129_ST00154" HPOS="997" VPOS="2194" WIDTH="51" HEIGHT="25" CONTENT="sich" WC="0.96" CC="5056"/>
					</TextLine>
					<TextLine ID="P129_TL00017" HPOS="203" VPOS="2229" WIDTH="845" HEIGHT="46">
						<String ID="P129_ST00155" HPOS="203" VPOS="2250" WIDTH="47" HEIGHT="25" CONTENT='R"&gt;' WC="0.32" CC="829"/>
						<SP ID="P129_SP00125" HPOS="250" VPOS="2275" WIDTH="13"/>
						<String ID="P129_ST00156" HPOS="263" VPOS="2229" WIDTH="37" HEIGHT="46" CONTENT="Tc" WC="0.13" CC="97"/>
						<SP ID="P129_SP00126" HPOS="300" VPOS="2275" WIDTH="82"/>
						<String ID="P129_ST00157" HPOS="382" VPOS="2233" WIDTH="74" HEIGHT="36" CONTENT="Kopf" WC="0.99" CC="4200"/>
						<SP ID="P129_SP00127" HPOS="456" VPOS="2275" WIDTH="19"/>
						<String ID="P129_ST00158" HPOS="475" VPOS="2236" WIDTH="155" HEIGHT="31" CONTENT="zerbrechen," WC="0.99" CC="60053007204"/>
						<SP ID="P129_SP00128" HPOS="630" VPOS="2275" WIDTH="27"/>
						<String ID="P129_ST00159" HPOS="657" VPOS="2238" WIDTH="50" HEIGHT="25" CONTENT="wie" WC="0.97" CC="061"/>
						<SP ID="P129_SP00129" HPOS="707" VPOS="2275" WIDTH="24"/>
						<String ID="P129_ST00160" HPOS="731" VPOS="2243" WIDTH="65" HEIGHT="19" CONTENT="etwa" WC="0.97" CC="3404"/>
						<SP ID="P129_SP00130" HPOS="796" VPOS="2275" WIDTH="24"/>
						<String ID="P129_ST00161" HPOS="820" VPOS="2235" WIDTH="60" HEIGHT="26" CONTENT="über" WC="0.97" CC="0652"/>
						<SP ID="P129_SP00131" HPOS="880" VPOS="2275" WIDTH="23"/>
						<String ID="P129_ST00162" HPOS="903" VPOS="2234" WIDTH="38" HEIGHT="26" CONTENT="die" WC="0.97" CC="052"/>
						<SP ID="P129_SP00132" HPOS="941" VPOS="2275" WIDTH="28"/>
						<String ID="P129_ST00163" HPOS="969" VPOS="2234" WIDTH="79" HEIGHT="33" CONTENT="ewige" WC="1.00" CC="00100"/>
					</TextLine>
					<TextLine ID="P129_TL00018" HPOS="242" VPOS="2262" WIDTH="397" HEIGHT="39">
						<String ID="P129_ST00164" HPOS="242" VPOS="2262" WIDTH="120" HEIGHT="38" CONTENT="tseltrage," WC="0.47" CC="0468857154"/>
						<SP ID="P129_SP00133" HPOS="362" VPOS="2300" WIDTH="14"/>
						<String ID="P129_ST00165" HPOS="376" VPOS="2279" WIDTH="53" HEIGHT="17" CONTENT="was" WC="0.95" CC="426"/>
						<SP ID="P129_SP00134" HPOS="429" VPOS="2300" WIDTH="15"/>
						<String ID="P129_ST00166" HPOS="444" VPOS="2273" WIDTH="30" HEIGHT="26" CONTENT="ist" WC="0.98" CC="041"/>
						<SP ID="P129_SP00135" HPOS="474" VPOS="2300" WIDTH="14"/>
						<String ID="P129_ST00167" HPOS="488" VPOS="2275" WIDTH="151" HEIGHT="26" CONTENT="Romantik?" WC="0.99" CC="523531307"/>
					</TextLine>
					<TextLine ID="P129_TL00019" HPOS="204" VPOS="2308" WIDTH="843" HEIGHT="48">
						<String ID="P129_ST00168" HPOS="204" VPOS="2335" WIDTH="25" HEIGHT="17" CONTENT="w" WC="1.00" CC="0"/>
						<String ID="P129_ST00169" HPOS="231" VPOS="2340" WIDTH="11" HEIGHT="16" CONTENT="e" STYLE="subscript" WC="0.40" CC="5"/>
						<SP ID="P129_SP00136" HPOS="242" VPOS="2356" WIDTH="14"/>
						<String ID="P129_ST00170" HPOS="256" VPOS="2334" WIDTH="12" HEIGHT="22" CONTENT="d" WC="1.00" CC="9"/>
						<SP ID="P129_SP00137" HPOS="268" VPOS="2356" WIDTH="17"/>
						<String ID="P129_ST00171" HPOS="285" VPOS="2308" WIDTH="46" HEIGHT="20" CONTENT="ICSe" STYLE="superscript" WC="0.53" CC="6750"/>
						<SP ID="P129_SP00138" HPOS="331" VPOS="2356" WIDTH="43"/>
						<String ID="P129_ST00172" HPOS="374" VPOS="2314" WIDTH="21" HEIGHT="19" CONTENT="rt" STYLE="superscript" WC="0.47" CC="54"/>
						<SP ID="P129_SP00139" HPOS="395" VPOS="2356" WIDTH="21"/>
						<String ID="P129_ST00173" HPOS="416" VPOS="2311" WIDTH="29" HEIGHT="25" CONTENT="Sc" STYLE="superscript" WC="0.30" CC="76"/>
						<String ID="P129_ST00174" HPOS="446" VPOS="2311" WIDTH="153" HEIGHT="37" CONTENT="biagwörter" WC="0.61" CC="9770004133"/>
						<SP ID="P129_SP00140" HPOS="599" VPOS="2356" WIDTH="22"/>
						<String ID="P129_ST00175" HPOS="621" VPOS="2313" WIDTH="101" HEIGHT="26" CONTENT="können" WC="1.00" CC="000003"/>
						<SP ID="P129_SP00141" HPOS="722" VPOS="2356" WIDTH="24"/>
						<String ID="P129_ST00176" HPOS="746" VPOS="2323" WIDTH="47" HEIGHT="16" CONTENT="nur" WC="0.97" CC="016"/>
						<SP ID="P129_SP00142" HPOS="793" VPOS="2356" WIDTH="23"/>
						<String ID="P129_ST00177" HPOS="816" VPOS="2312" WIDTH="98" HEIGHT="35" CONTENT="negativ" WC="0.99" CC="0076060"/>
						<SP ID="P129_SP00143" HPOS="914" VPOS="2356" WIDTH="23"/>
						<String ID="P129_ST00178" HPOS="937" VPOS="2309" WIDTH="110" HEIGHT="27" CONTENT="definiert" WC="0.98" CC="027704363"/>
					</TextLine>
					<TextLine ID="P129_TL00020" HPOS="204" VPOS="2344" WIDTH="843" HEIGHT="48">
						<String ID="P129_ST00179" HPOS="204" VPOS="2365" WIDTH="32" HEIGHT="27" CONTENT="Po" WC="0.67" CC="51"/>
						<SP ID="P129_SP00144" HPOS="236" VPOS="2392" WIDTH="19"/>
						<String ID="P129_ST00180" HPOS="255" VPOS="2344" WIDTH="18" HEIGHT="48" CONTENT="'" WC="0.40" CC="5"/>
						<String ID="P129_ST00181" HPOS="273" VPOS="2345" WIDTH="28" HEIGHT="19" CONTENT="en" STYLE="superscript" WC="0.98" CC="00"/>
						<String ID="P129_ST00182" HPOS="304" VPOS="2359" WIDTH="5" HEIGHT="6" CONTENT="*" WC="0.26" CC="7"/>
						<SP ID="P129_SP00145" HPOS="309" VPOS="2392" WIDTH="12"/>
						<String ID="P129_ST00183" HPOS="321" VPOS="2344" WIDTH="12" HEIGHT="48" CONTENT="-" WC="1.00" CC="0"/>
						<String ID="P129_ST00184" HPOS="333" VPOS="2344" WIDTH="23" HEIGHT="23" CONTENT="D" STYLE="superscript" WC="0.23" CC="7"/>
						<String ID="P129_ST00185" HPOS="358" VPOS="2354" WIDTH="21" HEIGHT="16" CONTENT="C" WC="0.53" CC="4"/>
						<SP ID="P129_SP00146" HPOS="379" VPOS="2392" WIDTH="19"/>
						<String ID="P129_ST00186" HPOS="398" VPOS="2349" WIDTH="140" HEIGHT="28" CONTENT="Romantik" WC="0.98" CC="89875000"/>
						<SP ID="P129_SP00147" HPOS="538" VPOS="2392" WIDTH="18"/>
						<String ID="P129_ST00187" HPOS="556" VPOS="2362" WIDTH="54" HEIGHT="16" CONTENT="war" WC="0.99" CC="003"/>
						<SP ID="P129_SP00148" HPOS="610" VPOS="2392" WIDTH="20"/>
						<String ID="P129_ST00188" HPOS="630" VPOS="2354" WIDTH="53" HEIGHT="24" CONTENT="eine" WC="0.98" CC="1013"/>
						<SP ID="P129_SP00149" HPOS="683" VPOS="2392" WIDTH="21"/>
						<String ID="P129_ST00189" HPOS="704" VPOS="2353" WIDTH="127" HEIGHT="34" CONTENT="Richtung" WC="0.99" CC="00272040"/>
						<SP ID="P129_SP00150" HPOS="831" VPOS="2392" WIDTH="20"/>
						<String ID="P129_ST00190" HPOS="851" VPOS="2352" WIDTH="26" HEIGHT="24" CONTENT="in" WC="0.69" CC="23"/>
						<SP ID="P129_SP00151" HPOS="877" VPOS="2392" WIDTH="19"/>
						<String ID="P129_ST00191" HPOS="896" VPOS="2351" WIDTH="80" HEIGHT="24" CONTENT="Kunst" WC="0.97" CC="14552"/>
						<SP ID="P129_SP00152" HPOS="976" VPOS="2392" WIDTH="20"/>
						<String ID="P129_ST00192" HPOS="996" VPOS="2347" WIDTH="51" HEIGHT="26" CONTENT="und" WC="0.98" CC="500"/>
					</TextLine>
					<TextLine ID="P129_TL00021" HPOS="205" VPOS="2382" WIDTH="842" HEIGHT="49">
						<String ID="P129_ST00193" HPOS="205" VPOS="2403" WIDTH="35" HEIGHT="28" CONTENT="dis" WC="0.43" CC="907"/>
						<SP ID="P129_SP00153" HPOS="240" VPOS="2431" WIDTH="12"/>
						<String ID="P129_ST00194" HPOS="252" VPOS="2382" WIDTH="11" HEIGHT="18" CONTENT="S" STYLE="superscript" WC="0.73" CC="0"/>
						<SP ID="P129_SP00154" HPOS="263" VPOS="2431" WIDTH="0"/>
						<String ID="P129_ST00195" HPOS="263" VPOS="2382" WIDTH="22" HEIGHT="18" CONTENT="1C" STYLE="superscript" WC="0.73" CC="07"/>
						<String ID="P129_ST00196" HPOS="286" VPOS="2397" WIDTH="7" HEIGHT="9" CONTENT="'" WC="0.55" CC="4"/>
						<SP ID="P129_SP00155" HPOS="293" VPOS="2431" WIDTH="139"/>
						<String ID="P129_ST00197" HPOS="432" VPOS="2398" WIDTH="15" HEIGHT="24" CONTENT="g" WC="1.00" CC="0"/>
						<String ID="P129_ST00198" HPOS="450" VPOS="2398" WIDTH="11" HEIGHT="15" CONTENT="e" STYLE="superscript" WC="0.52" CC="4"/>
						<String ID="P129_ST00199" HPOS="463" VPOS="2399" WIDTH="15" HEIGHT="25" CONTENT="g" WC="1.00" CC="0"/>
						<String ID="P129_ST00200" HPOS="480" VPOS="2400" WIDTH="30" HEIGHT="16" CONTENT="en" STYLE="superscript" WC="0.76" CC="04"/>
						<SP ID="P129_SP00156" HPOS="510" VPOS="2431" WIDTH="18"/>
						<String ID="P129_ST00201" HPOS="528" VPOS="2390" WIDTH="47" HEIGHT="26" CONTENT="den" STYLE="superscript" WC="0.67" CC="900"/>
						<SP ID="P129_SP00157" HPOS="575" VPOS="2431" WIDTH="13"/>
						<String ID="P129_ST00202" HPOS="588" VPOS="2391" WIDTH="169" HEIGHT="26" CONTENT="Klassizismus" WC="0.99" CC="032450565002"/>
						<SP ID="P129_SP00158" HPOS="757" VPOS="2431" WIDTH="14"/>
						<String ID="P129_ST00203" HPOS="771" VPOS="2389" WIDTH="121" HEIGHT="31" CONTENT="wendete," WC="1.00" CC="00500004"/>
						<SP ID="P129_SP00159" HPOS="892" VPOS="2431" WIDTH="14"/>
						<String ID="P129_ST00204" HPOS="906" VPOS="2388" WIDTH="90" HEIGHT="35" CONTENT="jedoch" WC="0.99" CC="300007"/>
						<SP ID="P129_SP00160" HPOS="996" VPOS="2431" WIDTH="12"/>
						<String ID="P129_ST00205" HPOS="1008" VPOS="2386" WIDTH="39" HEIGHT="26" CONTENT="die" WC="1.00" CC="000"/>
					</TextLine>
					<TextLine ID="P129_TL00022" HPOS="204" VPOS="2418" WIDTH="843" HEIGHT="50">
						<String ID="P129_ST00206" HPOS="204" VPOS="2440" WIDTH="13" HEIGHT="26" CONTENT="f" WC="0.14" CC="8"/>
						<String ID="P129_ST00207" HPOS="218" VPOS="2453" WIDTH="10" HEIGHT="15" CONTENT="a" STYLE="subscript" WC="0.53" CC="4"/>
						<SP ID="P129_SP00161" HPOS="228" VPOS="2468" WIDTH="14"/>
						<String ID="P129_ST00208" HPOS="242" VPOS="2418" WIDTH="14" HEIGHT="26" CONTENT="P" WC="0.57" CC="4"/>
						<String ID="P129_ST00209" HPOS="258" VPOS="2422" WIDTH="38" HEIGHT="18" CONTENT="ara" STYLE="superscript" WC="0.76" CC="015"/>
						<String ID="P129_ST00210" HPOS="299" VPOS="2422" WIDTH="76" HEIGHT="25" CONTENT="testen" WC="0.69" CC="056060"/>
						<SP ID="P129_SP00162" HPOS="375" VPOS="2468" WIDTH="27"/>
						<String ID="P129_ST00211" HPOS="402" VPOS="2427" WIDTH="66" HEIGHT="25" CONTENT="Ziele" WC="0.99" CC="00210"/>
						<SP ID="P129_SP00163" HPOS="468" VPOS="2468" WIDTH="24"/>
						<String ID="P129_ST00212" HPOS="492" VPOS="2429" WIDTH="53" HEIGHT="26" CONTENT="und" WC="0.92" CC="578"/>
						<SP ID="P129_SP00164" HPOS="545" VPOS="2468" WIDTH="24"/>
						<String ID="P129_ST00213" HPOS="569" VPOS="2430" WIDTH="277" HEIGHT="35" CONTENT="verschiedenartigsten" WC="1.00" CC="40343763000010302006"/>
						<SP ID="P129_SP00165" HPOS="846" VPOS="2468" WIDTH="26"/>
						<String ID="P129_ST00214" HPOS="872" VPOS="2427" WIDTH="94" HEIGHT="26" CONTENT="Geister" WC="0.99" CC="0005524"/>
						<SP ID="P129_SP00166" HPOS="966" VPOS="2468" WIDTH="25"/>
						<String ID="P129_ST00215" HPOS="991" VPOS="2435" WIDTH="56" HEIGHT="15" CONTENT="um-" WC="0.68" CC="504"/>
					</TextLine>
					<TextLine ID="P129_TL00023" HPOS="204" VPOS="2455" WIDTH="843" HEIGHT="56">
						<String ID="P129_ST00216" HPOS="204" VPOS="2488" WIDTH="40" HEIGHT="22" CONTENT="Wa" WC="0.19" CC="96"/>
						<SP ID="P129_SP00167" HPOS="244" VPOS="2510" WIDTH="8"/>
						<String ID="P129_ST00217" HPOS="252" VPOS="2455" WIDTH="9" HEIGHT="18" CONTENT="t" STYLE="superscript" WC="1.00" CC="9"/>
						<String ID="P129_ST00218" HPOS="263" VPOS="2460" WIDTH="45" HEIGHT="51" CONTENT="r^-" WC="0.35" CC="783"/>
						<String ID="P129_ST00219" HPOS="309" VPOS="2458" WIDTH="48" HEIGHT="27" CONTENT="Det" STYLE="superscript" WC="0.45" CC="627"/>
						<SP ID="P129_SP00168" HPOS="357" VPOS="2511" WIDTH="14"/>
						<String ID="P129_ST00220" HPOS="371" VPOS="2463" WIDTH="106" HEIGHT="28" CONTENT="Natural" STYLE="superscript" WC="0.53" CC="5413277"/>
						<String ID="P129_ST00221" HPOS="479" VPOS="2466" WIDTH="84" HEIGHT="33" CONTENT="ismus," WC="0.39" CC="498363"/>
						<SP ID="P129_SP00169" HPOS="563" VPOS="2511" WIDTH="16"/>
						<String ID="P129_ST00222" HPOS="579" VPOS="2468" WIDTH="42" HEIGHT="26" CONTENT="der" WC="0.99" CC="002"/>
						<SP ID="P129_SP00170" HPOS="621" VPOS="2511" WIDTH="14"/>
						<String ID="P129_ST00223" HPOS="635" VPOS="2468" WIDTH="34" HEIGHT="26" CONTENT="als" WC="0.97" CC="205"/>
						<SP ID="P129_SP00171" HPOS="669" VPOS="2511" WIDTH="15"/>
						<String ID="P129_ST00224" HPOS="684" VPOS="2467" WIDTH="159" HEIGHT="35" CONTENT="Rückschlag" WC="0.99" CC="5000206440"/>
						<SP ID="P129_SP00172" HPOS="843" VPOS="2511" WIDTH="14"/>
						<String ID="P129_ST00225" HPOS="857" VPOS="2464" WIDTH="90" HEIGHT="28" CONTENT="darauf" WC="0.99" CC="031040"/>
						<SP ID="P129_SP00173" HPOS="947" VPOS="2511" WIDTH="11"/>
						<String ID="P129_ST00226" HPOS="958" VPOS="2464" WIDTH="89" HEIGHT="35" CONTENT="folgte," WC="0.99" CC="0330303"/>
					</TextLine>
					<TextLine ID="P129_TL00024" HPOS="273" VPOS="2494" WIDTH="774" HEIGHT="43">
						<String ID="P129_ST00227" HPOS="273" VPOS="2494" WIDTH="73" HEIGHT="36" CONTENT="edigli" WC="0.65" CC="300853"/>
						<String ID="P129_ST00228" HPOS="349" VPOS="2508" WIDTH="30" HEIGHT="16" CONTENT="cn" STYLE="subscript" WC="0.41" CC="47"/>
						<SP ID="P129_SP00174" HPOS="379" VPOS="2530" WIDTH="8"/>
						<String ID="P129_ST00229" HPOS="387" VPOS="2502" WIDTH="245" HEIGHT="35" CONTENT="Antiromantismus," WC="0.78" CC="5002500010740122"/>
						<SP ID="P129_SP00175" HPOS="632" VPOS="2537" WIDTH="12"/>
						<String ID="P129_ST00230" HPOS="644" VPOS="2507" WIDTH="50" HEIGHT="25" CONTENT="und" WC="0.94" CC="419"/>
						<SP ID="P129_SP00176" HPOS="694" VPOS="2537" WIDTH="11"/>
						<String ID="P129_ST00231" HPOS="705" VPOS="2517" WIDTH="27" HEIGHT="15" CONTENT="so" WC="0.91" CC="10"/>
						<SP ID="P129_SP00177" HPOS="732" VPOS="2537" WIDTH="13"/>
						<String ID="P129_ST00232" HPOS="745" VPOS="2507" WIDTH="30" HEIGHT="25" CONTENT="ist" WC="0.94" CC="646"/>
						<SP ID="P129_SP00178" HPOS="775" VPOS="2537" WIDTH="11"/>
						<String ID="P129_ST00233" HPOS="786" VPOS="2506" WIDTH="64" HEIGHT="26" CONTENT="auch" WC="0.95" CC="6447"/>
						<SP ID="P129_SP00179" HPOS="850" VPOS="2537" WIDTH="10"/>
						<String ID="P129_ST00234" HPOS="860" VPOS="2505" WIDTH="39" HEIGHT="25" CONTENT="die" WC="0.98" CC="310"/>
						<SP ID="P129_SP00180" HPOS="899" VPOS="2537" WIDTH="9"/>
						<String ID="P129_ST00235" HPOS="908" VPOS="2503" WIDTH="139" HEIGHT="27" CONTENT="Decadence" WC="0.58" CC="152796013"/>
					</TextLine>
					<TextLine ID="P129_TL00025" HPOS="273" VPOS="2536" WIDTH="621" HEIGHT="35">
						<String ID="P129_ST00236" HPOS="273" VPOS="2538" WIDTH="8" HEIGHT="16" CONTENT="s" STYLE="superscript" WC="0.31" CC="6"/>
						<SP ID="P129_SP00181" HPOS="281" VPOS="2554" WIDTH="15"/>
						<String ID="P129_ST00237" HPOS="296" VPOS="2536" WIDTH="94" HEIGHT="33" CONTENT="weiter," WC="0.99" CC="4030014"/>
						<SP ID="P129_SP00182" HPOS="390" VPOS="2569" WIDTH="16"/>
						<String ID="P129_ST00238" HPOS="406" VPOS="2541" WIDTH="33" HEIGHT="25" CONTENT="als" WC="0.94" CC="456"/>
						<SP ID="P129_SP00183" HPOS="439" VPOS="2569" WIDTH="12"/>
						<String ID="P129_ST00239" HPOS="451" VPOS="2543" WIDTH="53" HEIGHT="26" CONTENT="eine" WC="0.99" CC="0400"/>
						<SP ID="P129_SP00184" HPOS="504" VPOS="2569" WIDTH="10"/>
						<String ID="P129_ST00240" HPOS="514" VPOS="2544" WIDTH="101" HEIGHT="27" CONTENT="Abkehr" WC="0.98" CC="062054"/>
						<SP ID="P129_SP00185" HPOS="615" VPOS="2571" WIDTH="13"/>
						<String ID="P129_ST00241" HPOS="628" VPOS="2556" WIDTH="60" HEIGHT="15" CONTENT="vom" WC="0.98" CC="050"/>
						<SP ID="P129_SP00186" HPOS="688" VPOS="2571" WIDTH="12"/>
						<String ID="P129_ST00242" HPOS="700" VPOS="2545" WIDTH="194" HEIGHT="26" CONTENT="Naturalismus." WC="0.99" CC="9524576060050"/>
					</TextLine>
				</TextBlock>
				<TextBlock ID="P129_TB00004" HPOS="1121" VPOS="1636" WIDTH="831" HEIGHT="929" STYLEREFS="TXT_2 PAR_LEFT">
					<TextLine ID="P129_TL00026" HPOS="1177" VPOS="1656" WIDTH="768" HEIGHT="61">
						<String ID="P129_ST00243" HPOS="1177" VPOS="1690" WIDTH="58" HEIGHT="25" CONTENT="Eine" WC="0.96" CC="0475"/>
						<SP ID="P129_SP00187" HPOS="1235" VPOS="1715" WIDTH="21"/>
						<String ID="P129_ST00244" HPOS="1256" VPOS="1687" WIDTH="86" HEIGHT="26" CONTENT="andere" WC="0.97" CC="769075"/>
						<SP ID="P129_SP00188" HPOS="1342" VPOS="1715" WIDTH="21"/>
						<String ID="P129_ST00245" HPOS="1363" VPOS="1686" WIDTH="69" HEIGHT="31" CONTENT="Frage" WC="0.96" CC="47970"/>
						<SP ID="P129_SP00189" HPOS="1432" VPOS="1717" WIDTH="21"/>
						<String ID="P129_ST00246" HPOS="1453" VPOS="1681" WIDTH="42" HEIGHT="28" CONTENT="ist," WC="0.95" CC="7854"/>
						<SP ID="P129_SP00190" HPOS="1495" VPOS="1717" WIDTH="19"/>
						<String ID="P129_ST00247" HPOS="1514" VPOS="1674" WIDTH="106" HEIGHT="29" CONTENT="verdient" WC="0.98" CC="70464008"/>
						<SP ID="P129_SP00191" HPOS="1620" VPOS="1717" WIDTH="19"/>
						<String ID="P129_ST00248" HPOS="1639" VPOS="1669" WIDTH="61" HEIGHT="26" CONTENT="diese" WC="0.96" CC="94490"/>
						<SP ID="P129_SP00192" HPOS="1700" VPOS="1717" WIDTH="13"/>
						<String ID="P129_ST00249" HPOS="1713" VPOS="1662" WIDTH="122" HEIGHT="32" CONTENT="Richtung" WC="0.98" CC="61774506"/>
						<SP ID="P129_SP00193" HPOS="1835" VPOS="1717" WIDTH="18"/>
						<String ID="P129_ST00250" HPOS="1853" VPOS="1656" WIDTH="50" HEIGHT="25" CONTENT="eine" WC="0.99" CC="0400"/>
						<SP ID="P129_SP00194" HPOS="1903" VPOS="1717" WIDTH="17"/>
						<String ID="P129_ST00251" HPOS="1920" VPOS="1661" WIDTH="25" HEIGHT="17" CONTENT="so" WC="0.76" CC="40"/>
					</TextLine>
					<TextLine ID="P129_TL00027" HPOS="1126" VPOS="1722" WIDTH="821" HEIGHT="42">
						<String ID="P129_ST00252" HPOS="1126" VPOS="1727" WIDTH="140" HEIGHT="28" CONTENT="kränkende" WC="0.99" CC="047944000"/>
						<SP ID="P129_SP00195" HPOS="1266" VPOS="1755" WIDTH="14"/>
						<String ID="P129_ST00253" HPOS="1280" VPOS="1722" WIDTH="182" HEIGHT="34" CONTENT="Bezeichnung?" WC="0.99" CC="303432806675"/>
						<SP ID="P129_SP00196" HPOS="1462" VPOS="1756" WIDTH="299"/>
						<String ID="P129_ST00254" HPOS="1761" VPOS="1739" WIDTH="36" HEIGHT="25" CONTENT="W" STYLE="subscript" WC="0.25" CC="7"/>
						<SP ID="P129_SP00197" HPOS="1797" VPOS="1764" WIDTH="15"/>
						<String ID="P129_ST00255" HPOS="1812" VPOS="1734" WIDTH="26" HEIGHT="27" CONTENT="hl" STYLE="subscript" WC="0.29" CC="76"/>
						<SP ID="P129_SP00198" HPOS="1838" VPOS="1764" WIDTH="12"/>
						<String ID="P129_ST00256" HPOS="1850" VPOS="1739" WIDTH="88" HEIGHT="20" CONTENT="sowon" STYLE="subscript" WC="0.58" CC="45314"/>
						<String ID="P129_ST00257" HPOS="1939" VPOS="1728" WIDTH="8" HEIGHT="25" CONTENT="l" WC="0.28" CC="7"/>
					</TextLine>
					<TextLine ID="P129_TL00028" HPOS="1184" VPOS="1743" WIDTH="644" HEIGHT="49">
						<String ID="P129_ST00258" HPOS="1184" VPOS="1767" WIDTH="45" HEIGHT="25" CONTENT="Die" WC="0.95" CC="164"/>
						<SP ID="P129_SP00199" HPOS="1229" VPOS="1792" WIDTH="15"/>
						<String ID="P129_ST00259" HPOS="1244" VPOS="1764" WIDTH="115" HEIGHT="26" CONTENT="moderne" WC="0.98" CC="7007452"/>
						<SP ID="P129_SP00200" HPOS="1359" VPOS="1792" WIDTH="15"/>
						<String ID="P129_ST00260" HPOS="1374" VPOS="1763" WIDTH="78" HEIGHT="23" CONTENT="Kunst" WC="0.97" CC="27044"/>
						<SP ID="P129_SP00201" HPOS="1452" VPOS="1792" WIDTH="21"/>
						<String ID="P129_ST00261" HPOS="1473" VPOS="1761" WIDTH="29" HEIGHT="20" CONTENT="ist" WC="0.95" CC="840"/>
						<SP ID="P129_SP00202" HPOS="1502" VPOS="1792" WIDTH="14"/>
						<String ID="P129_ST00262" HPOS="1516" VPOS="1750" WIDTH="138" HEIGHT="29" CONTENT="raffinierter" WC="0.99" CC="440007844446"/>
						<SP ID="P129_SP00203" HPOS="1654" VPOS="1792" WIDTH="13"/>
						<String ID="P129_ST00263" HPOS="1667" VPOS="1754" WIDTH="25" HEIGHT="16" CONTENT="in" WC="0.28" CC="67"/>
						<SP ID="P129_SP00204" HPOS="1692" VPOS="1792" WIDTH="14"/>
						<String ID="P129_ST00264" HPOS="1706" VPOS="1743" WIDTH="40" HEIGHT="24" CONTENT="der" WC="0.93" CC="765"/>
						<SP ID="P129_SP00205" HPOS="1746" VPOS="1792" WIDTH="20"/>
						<String ID="P129_ST00265" HPOS="1766" VPOS="1743" WIDTH="27" HEIGHT="21" CONTENT="W" WC="0.24" CC="7"/>
						<SP ID="P129_SP00206" HPOS="1793" VPOS="1792" WIDTH="12"/>
						<String ID="P129_ST00266" HPOS="1805" VPOS="1743" WIDTH="23" HEIGHT="19" CONTENT="*" WC="0.23" CC="7"/>
					</TextLine>
					<TextLine ID="P129_TL00029" HPOS="1126" VPOS="1797" WIDTH="821" HEIGHT="42">
						<String ID="P129_ST00267" HPOS="1126" VPOS="1806" WIDTH="64" HEIGHT="26" CONTENT="ihrer" WC="0.96" CC="74447"/>
						<SP ID="P129_SP00207" HPOS="1190" VPOS="1832" WIDTH="11"/>
						<String ID="P129_ST00268" HPOS="1201" VPOS="1806" WIDTH="75" HEIGHT="33" CONTENT="Sujets" WC="0.98" CC="075040"/>
						<SP ID="P129_SP00208" HPOS="1276" VPOS="1839" WIDTH="21"/>
						<String ID="P129_ST00269" HPOS="1297" VPOS="1802" WIDTH="33" HEIGHT="26" CONTENT="als" WC="0.99" CC="020"/>
						<SP ID="P129_SP00209" HPOS="1330" VPOS="1839" WIDTH="15"/>
						<String ID="P129_ST00270" HPOS="1345" VPOS="1801" WIDTH="62" HEIGHT="25" CONTENT="ihrer" WC="0.97" CC="46444"/>
						<SP ID="P129_SP00210" HPOS="1407" VPOS="1839" WIDTH="11"/>
						<String ID="P129_ST00271" HPOS="1418" VPOS="1797" WIDTH="146" HEIGHT="25" CONTENT="Kunstmitte" WC="0.98" CC="1760487443"/>
						<SP ID="P129_SP00211" HPOS="1564" VPOS="1839" WIDTH="338"/>
						<String ID="P129_ST00272" HPOS="1902" VPOS="1817" WIDTH="45" HEIGHT="16" CONTENT="„„_" WC="0.41" CC="727"/>
					</TextLine>
					<TextLine ID="P129_TL00030" HPOS="1126" VPOS="1829" WIDTH="821" HEIGHT="42">
						<String ID="P129_ST00273" HPOS="1126" VPOS="1845" WIDTH="33" HEIGHT="25" CONTENT="sie" WC="0.95" CC="057"/>
						<SP ID="P129_SP00212" HPOS="1159" VPOS="1870" WIDTH="13"/>
						<String ID="P129_ST00274" HPOS="1172" VPOS="1844" WIDTH="43" HEIGHT="25" CONTENT="hat" WC="0.96" CC="073"/>
						<SP ID="P129_SP00213" HPOS="1215" VPOS="1870" WIDTH="12"/>
						<String ID="P129_ST00275" HPOS="1227" VPOS="1840" WIDTH="94" HEIGHT="28" CONTENT="Werke" WC="0.98" CC="30240"/>
						<SP ID="P129_SP00214" HPOS="1321" VPOS="1870" WIDTH="14"/>
						<String ID="P129_ST00276" HPOS="1335" VPOS="1832" WIDTH="200" HEIGHT="39" CONTENT="hervorgebracht" WC="0.99" CC="06096300667460"/>
						<SP ID="P129_SP00215" HPOS="1535" VPOS="1871" WIDTH="23"/>
						<String ID="P129_ST00277" HPOS="1558" VPOS="1829" WIDTH="37" HEIGHT="24" CONTENT="die" WC="0.96" CC="037"/>
						<SP ID="P129_SP00216" HPOS="1595" VPOS="1871" WIDTH="13"/>
						<String ID="P129_ST00278" HPOS="1608" VPOS="1829" WIDTH="119" HEIGHT="21" CONTENT="zweiteiio" WC="0.64" CC="004500876"/>
						<SP ID="P129_SP00217" HPOS="1727" VPOS="1871" WIDTH="204"/>
						<String ID="P129_ST00279" HPOS="1931" VPOS="1845" WIDTH="16" HEIGHT="25" CONTENT="h" STYLE="subscript" WC="0.25" CC="7"/>
					</TextLine>
					<TextLine ID="P129_TL00031" HPOS="1126" VPOS="1855" WIDTH="737" HEIGHT="63">
						<String ID="P129_ST00280" HPOS="1126" VPOS="1882" WIDTH="94" HEIGHT="36" CONTENT="gesund" WC="0.98" CC="044670"/>
						<SP ID="P129_SP00218" HPOS="1220" VPOS="1918" WIDTH="16"/>
						<String ID="P129_ST00281" HPOS="1236" VPOS="1879" WIDTH="51" HEIGHT="27" CONTENT="und" WC="0.97" CC="440"/>
						<SP ID="P129_SP00219" HPOS="1287" VPOS="1918" WIDTH="16"/>
						<String ID="P129_ST00282" HPOS="1303" VPOS="1875" WIDTH="175" HEIGHT="29" CONTENT="überraffiniert" WC="0.99" CC="08444400006444"/>
						<SP ID="P129_SP00220" HPOS="1478" VPOS="1918" WIDTH="12"/>
						<String ID="P129_ST00283" HPOS="1490" VPOS="1868" WIDTH="61" HEIGHT="29" CONTENT="sind," WC="0.97" CC="43604"/>
						<SP ID="P129_SP00221" HPOS="1551" VPOS="1918" WIDTH="15"/>
						<String ID="P129_ST00284" HPOS="1566" VPOS="1866" WIDTH="54" HEIGHT="26" CONTENT="aber" WC="0.96" CC="7144"/>
						<SP ID="P129_SP00222" HPOS="1620" VPOS="1918" WIDTH="13"/>
						<String ID="P129_ST00285" HPOS="1633" VPOS="1872" WIDTH="22" HEIGHT="16" CONTENT="es" WC="0.54" CC="44"/>
						<SP ID="P129_SP00223" HPOS="1655" VPOS="1918" WIDTH="13"/>
						<String ID="P129_ST00286" HPOS="1668" VPOS="1870" WIDTH="26" HEIGHT="16" CONTENT="w" WC="1.00" CC="0"/>
						<SP ID="P129_SP00224" HPOS="1694" VPOS="1918" WIDTH="17"/>
						<String ID="P129_ST00287" HPOS="1711" VPOS="1866" WIDTH="22" HEIGHT="17" CONTENT="re" WC="0.53" CC="44"/>
						<SP ID="P129_SP00225" HPOS="1733" VPOS="1918" WIDTH="14"/>
						<String ID="P129_ST00288" HPOS="1747" VPOS="1855" WIDTH="116" HEIGHT="34" CONTENT="ung«*" WC="0.34" CC="76854"/>
					</TextLine>
					<TextLine ID="P129_TL00032" HPOS="1126" VPOS="1894" WIDTH="821" HEIGHT="55">
						<String ID="P129_ST00289" HPOS="1126" VPOS="1894" WIDTH="101" HEIGHT="53" CONTENT="folchen" WC="0.38" CC="9463728"/>
						<SP ID="P129_SP00226" HPOS="1227" VPOS="1947" WIDTH="18"/>
						<String ID="P129_ST00290" HPOS="1245" VPOS="1916" WIDTH="170" HEIGHT="28" CONTENT="Auswüchsen" WC="0.98" CC="6748076445"/>
						<SP ID="P129_SP00227" HPOS="1415" VPOS="1947" WIDTH="20"/>
						<String ID="P129_ST00291" HPOS="1435" VPOS="1912" WIDTH="40" HEIGHT="25" CONTENT="das" WC="0.96" CC="044"/>
						<SP ID="P129_SP00228" HPOS="1475" VPOS="1947" WIDTH="18"/>
						<String ID="P129_ST00292" HPOS="1493" VPOS="1911" WIDTH="80" HEIGHT="23" CONTENT="Ganze" WC="0.96" CC="44776"/>
						<SP ID="P129_SP00229" HPOS="1573" VPOS="1947" WIDTH="22"/>
						<String ID="P129_ST00293" HPOS="1595" VPOS="1898" WIDTH="131" HEIGHT="29" CONTENT="beurteil«i" WC="0.39" CC="5744448578"/>
						<SP ID="P129_SP00230" HPOS="1726" VPOS="1947" WIDTH="176"/>
						<String ID="P129_ST00294" HPOS="1902" VPOS="1931" WIDTH="33" HEIGHT="18" CONTENT="un" STYLE="subscript" WC="0.81" CC="03"/>
						<String ID="P129_ST00295" HPOS="1937" VPOS="1937" WIDTH="10" HEIGHT="3" CONTENT="_" WC="0.65" CC="3"/>
					</TextLine>
					<TextLine ID="P129_TL00033" HPOS="1126" VPOS="1933" WIDTH="714" HEIGHT="53">
						<String ID="P129_ST00296" HPOS="1126" VPOS="1960" WIDTH="42" HEIGHT="26" CONTENT="hat" WC="0.94" CC="644"/>
						<SP ID="P129_SP00231" HPOS="1168" VPOS="1986" WIDTH="13"/>
						<String ID="P129_ST00297" HPOS="1181" VPOS="1968" WIDTH="30" HEIGHT="16" CONTENT="zu" WC="0.43" CC="46"/>
						<SP ID="P129_SP00232" HPOS="1211" VPOS="1986" WIDTH="15"/>
						<String ID="P129_ST00298" HPOS="1226" VPOS="1957" WIDTH="62" HEIGHT="26" CONTENT="allen" WC="0.97" CC="43550"/>
						<SP ID="P129_SP00233" HPOS="1288" VPOS="1986" WIDTH="15"/>
						<String ID="P129_ST00299" HPOS="1303" VPOS="1955" WIDTH="82" HEIGHT="26" CONTENT="Zeiten" WC="0.97" CC="043467"/>
						<SP ID="P129_SP00234" HPOS="1385" VPOS="1986" WIDTH="14"/>
						<String ID="P129_ST00300" HPOS="1399" VPOS="1946" WIDTH="139" HEIGHT="40" CONTENT="ungesunde" WC="0.98" CC="471647404"/>
						<SP ID="P129_SP00235" HPOS="1538" VPOS="1986" WIDTH="226"/>
						<String ID="P129_ST00301" HPOS="1764" VPOS="1933" WIDTH="49" HEIGHT="24" CONTENT="also" WC="0.95" CC="4674"/>
						<SP ID="P129_SP00236" HPOS="1813" VPOS="1986" WIDTH="14"/>
						<String ID="P129_ST00302" HPOS="1827" VPOS="1938" WIDTH="13" HEIGHT="15" CONTENT="a" WC="0.52" CC="4"/>
						<SP ID="P129_SP00237" HPOS="1840" VPOS="1986" WIDTH="0"/>
					</TextLine>
					<TextLine ID="P129_TL00034" HPOS="1126" VPOS="1984" WIDTH="822" HEIGHT="50">
						<String ID="P129_ST00303" HPOS="1126" VPOS="1997" WIDTH="106" HEIGHT="37" CONTENT="gesunde" WC="0.98" CC="3445304"/>
						<SP ID="P129_SP00238" HPOS="1232" VPOS="2034" WIDTH="14"/>
						<String ID="P129_ST00304" HPOS="1246" VPOS="1994" WIDTH="94" HEIGHT="27" CONTENT="Bücher" WC="0.97" CC="380644"/>
						<SP ID="P129_SP00239" HPOS="1340" VPOS="2034" WIDTH="13"/>
						<String ID="P129_ST00305" HPOS="1353" VPOS="1989" WIDTH="116" HEIGHT="37" CONTENT="gegeben," WC="0.98" CC="34447544"/>
						<SP ID="P129_SP00240" HPOS="1469" VPOS="2034" WIDTH="15"/>
						<String ID="P129_ST00306" HPOS="1484" VPOS="1984" WIDTH="49" HEIGHT="27" CONTENT="und" WC="0.95" CC="750"/>
						<SP ID="P129_SP00241" HPOS="1533" VPOS="2034" WIDTH="13"/>
						<String ID="P129_ST00307" HPOS="1546" VPOS="1990" WIDTH="30" HEIGHT="20" CONTENT="»" WC="0.25" CC="7"/>
						<SP ID="P129_SP00242" HPOS="1576" VPOS="2034" WIDTH="310"/>
						<String ID="P129_ST00308" HPOS="1886" VPOS="1999" WIDTH="62" HEIGHT="27" CONTENT="nach" WC="0.95" CC="7447"/>
					</TextLine>
					<TextLine ID="P129_TL00035" HPOS="1126" VPOS="2010" WIDTH="668" HEIGHT="72">
						<String ID="P129_ST00309" HPOS="1126" VPOS="2010" WIDTH="101" HEIGHT="53" CONTENT="Leren" WC="0.96" CC="94456"/>
						<SP ID="P129_SP00243" HPOS="1227" VPOS="2063" WIDTH="14"/>
						<String ID="P129_ST00310" HPOS="1241" VPOS="2033" WIDTH="78" HEIGHT="27" CONTENT="haben" WC="0.97" CC="54640"/>
						<SP ID="P129_SP00244" HPOS="1319" VPOS="2063" WIDTH="129"/>
						<String ID="P129_ST00311" HPOS="1448" VPOS="2028" WIDTH="103" HEIGHT="24" CONTENT="existiert" WC="0.98" CC="690448447"/>
						<SP ID="P129_SP00245" HPOS="1551" VPOS="2063" WIDTH="22"/>
						<String ID="P129_ST00312" HPOS="1573" VPOS="2019" WIDTH="37" HEIGHT="63" CONTENT="dje" WC="0.78" CC="042"/>
						<SP ID="P129_SP00246" HPOS="1610" VPOS="2082" WIDTH="18"/>
						<String ID="P129_ST00313" HPOS="1628" VPOS="2021" WIDTH="44" HEIGHT="21" CONTENT="nut" WC="0.52" CC="184"/>
						<SP ID="P129_SP00247" HPOS="1672" VPOS="2082" WIDTH="14"/>
						<String ID="P129_ST00314" HPOS="1686" VPOS="2017" WIDTH="108" HEIGHT="21" CONTENT="nervöser" WC="0.98" CC="46447424"/>
						<SP ID="P129_SP00248" HPOS="1794" VPOS="2082" WIDTH="0"/>
					</TextLine>
					<TextLine ID="P129_TL00036" HPOS="1126" VPOS="2057" WIDTH="670" HEIGHT="45">
						<String ID="P129_ST00315" HPOS="1126" VPOS="2077" WIDTH="99" HEIGHT="25" CONTENT="Neuem" WC="0.97" CC="77514"/>
						<SP ID="P129_SP00249" HPOS="1225" VPOS="2102" WIDTH="17"/>
						<String ID="P129_ST00316" HPOS="1242" VPOS="2072" WIDTH="103" HEIGHT="26" CONTENT="suchten" WC="0.98" CC="4420647"/>
						<SP ID="P129_SP00250" HPOS="1345" VPOS="2102" WIDTH="17"/>
						<String ID="P129_ST00317" HPOS="1362" VPOS="2067" WIDTH="49" HEIGHT="26" CONTENT="und" WC="0.95" CC="660"/>
						<SP ID="P129_SP00251" HPOS="1411" VPOS="2102" WIDTH="18"/>
						<String ID="P129_ST00318" HPOS="1429" VPOS="2065" WIDTH="69" HEIGHT="26" CONTENT="dabei" WC="0.96" CC="84527"/>
						<SP ID="P129_SP00252" HPOS="1498" VPOS="2102" WIDTH="14"/>
						<String ID="P129_ST00319" HPOS="1512" VPOS="2059" WIDTH="67" HEIGHT="28" CONTENT="nicht" WC="0.97" CC="48460"/>
						<SP ID="P129_SP00253" HPOS="1579" VPOS="2102" WIDTH="13"/>
						<String ID="P129_ST00320" HPOS="1592" VPOS="2057" WIDTH="111" HEIGHT="25" CONTENT="Kunstler" WC="0.99" CC="04040476"/>
						<SP ID="P129_SP00254" HPOS="1703" VPOS="2102" WIDTH="14"/>
						<String ID="P129_ST00321" HPOS="1717" VPOS="2058" WIDTH="44" HEIGHT="27" CONTENT="gen" WC="0.93" CC="972"/>
						<SP ID="P129_SP00255" HPOS="1761" VPOS="2102" WIDTH="20"/>
						<String ID="P129_ST00322" HPOS="1781" VPOS="2057" WIDTH="15" HEIGHT="24" CONTENT="g" WC="1.00" CC="9"/>
					</TextLine>
					<TextLine ID="P129_TL00037" HPOS="1126" VPOS="2090" WIDTH="728" HEIGHT="53">
						<String ID="P129_ST00323" HPOS="1126" VPOS="2114" WIDTH="129" HEIGHT="28" CONTENT="erkennen," WC="0.98" CC="440764474"/>
						<SP ID="P129_SP00256" HPOS="1255" VPOS="2142" WIDTH="14"/>
						<String ID="P129_ST00324" HPOS="1269" VPOS="2119" WIDTH="52" HEIGHT="17" CONTENT="was" WC="0.95" CC="444"/>
						<SP ID="P129_SP00257" HPOS="1321" VPOS="2142" WIDTH="14"/>
						<String ID="P129_ST00325" HPOS="1335" VPOS="2106" WIDTH="93" HEIGHT="37" CONTENT="jenseits" WC="0.98" CC="53544064"/>
						<SP ID="P129_SP00258" HPOS="1428" VPOS="2143" WIDTH="15"/>
						<String ID="P129_ST00326" HPOS="1443" VPOS="2104" WIDTH="41" HEIGHT="25" CONTENT="der" WC="0.94" CC="834"/>
						<SP ID="P129_SP00259" HPOS="1484" VPOS="2143" WIDTH="13"/>
						<String ID="P129_ST00327" HPOS="1497" VPOS="2094" WIDTH="196" HEIGHT="32" CONTENT="Grenzen.ihre-" WC="0.99" CC="0467658887048"/>
						<String ID="P129_ST00328" HPOS="1693" VPOS="2091" WIDTH="108" HEIGHT="24" CONTENT="Konns" WC="0.95" CC="84884"/>
						<SP ID="P129_SP00260" HPOS="1801" VPOS="2143" WIDTH="37"/>
						<String ID="P129_ST00329" HPOS="1838" VPOS="2090" WIDTH="16" HEIGHT="25" CONTENT="g" WC="1.00" CC="0"/>
					</TextLine>
					<TextLine ID="P129_TL00038" HPOS="1183" VPOS="2126" WIDTH="766" HEIGHT="61">
						<String ID="P129_ST00330" HPOS="1183" VPOS="2153" WIDTH="61" HEIGHT="23" CONTENT="Man" WC="0.93" CC="747"/>
						<SP ID="P129_SP00261" HPOS="1244" VPOS="2176" WIDTH="26"/>
						<String ID="P129_ST00331" HPOS="1270" VPOS="2148" WIDTH="67" HEIGHT="26" CONTENT="kann" WC="0.96" CC="0467"/>
						<SP ID="P129_SP00262" HPOS="1337" VPOS="2176" WIDTH="26"/>
						<String ID="P129_ST00332" HPOS="1363" VPOS="2145" WIDTH="53" HEIGHT="25" CONTENT="sehr" WC="0.96" CC="4254"/>
						<SP ID="P129_SP00263" HPOS="1416" VPOS="2176" WIDTH="25"/>
						<String ID="P129_ST00333" HPOS="1441" VPOS="2139" WIDTH="82" HEIGHT="34" CONTENT="häufig" WC="0.98" CC="565001"/>
						<SP ID="P129_SP00264" HPOS="1523" VPOS="2176" WIDTH="26"/>
						<String ID="P129_ST00334" HPOS="1549" VPOS="2131" WIDTH="148" HEIGHT="30" CONTENT="beobachten" WC="0.98" CC="0747476047"/>
						<SP ID="P129_SP00265" HPOS="1697" VPOS="2176" WIDTH="40"/>
						<String ID="P129_ST00335" HPOS="1737" VPOS="2126" WIDTH="28" HEIGHT="61" CONTENT="J" WC="0.55" CC="4"/>
						<SP ID="P129_SP00266" HPOS="1765" VPOS="2187" WIDTH="47"/>
						<String ID="P129_ST00336" HPOS="1812" VPOS="2130" WIDTH="20" HEIGHT="16" CONTENT="eI" STYLE="superscript" WC="0.40" CC="47"/>
						<String ID="P129_ST00337" HPOS="1833" VPOS="2129" WIDTH="16" HEIGHT="54" CONTENT="J" WC="0.59" CC="4"/>
						<SP ID="P129_SP00267" HPOS="1849" VPOS="2187" WIDTH="72"/>
						<String ID="P129_ST00338" HPOS="1921" VPOS="2152" WIDTH="28" HEIGHT="26" CONTENT="dc" STYLE="subscript" WC="0.36" CC="66"/>
					</TextLine>
					<TextLine ID="P129_TL00039" HPOS="1126" VPOS="2158" WIDTH="823" HEIGHT="67">
						<String ID="P129_ST00339" HPOS="1126" VPOS="2191" WIDTH="127" HEIGHT="32" CONTENT="Richtung" WC="0.97" CC="84874774"/>
						<SP ID="P129_SP00268" HPOS="1253" VPOS="2223" WIDTH="17"/>
						<String ID="P129_ST00340" HPOS="1270" VPOS="2186" WIDTH="77" HEIGHT="26" CONTENT="durch" WC="0.97" CC="00477"/>
						<SP ID="P129_SP00269" HPOS="1347" VPOS="2223" WIDTH="19"/>
						<String ID="P129_ST00341" HPOS="1366" VPOS="2181" WIDTH="88" HEIGHT="28" CONTENT="allerlei" WC="0.97" CC="97654567"/>
						<SP ID="P129_SP00270" HPOS="1454" VPOS="2223" WIDTH="20"/>
						<String ID="P129_ST00342" HPOS="1474" VPOS="2178" WIDTH="93" HEIGHT="25" CONTENT="enfants" WC="0.51" CC="3790740"/>
						<SP ID="P129_SP00271" HPOS="1567" VPOS="2223" WIDTH="193"/>
						<String ID="P129_ST00343" HPOS="1760" VPOS="2158" WIDTH="189" HEIGHT="67" CONTENT="ändert" WC="0.98" CC="880044"/>
					</TextLine>
					<TextLine ID="P129_TL00040" HPOS="1126" VPOS="2213" WIDTH="630" HEIGHT="50">
						<String ID="P129_ST00344" HPOS="1126" VPOS="2227" WIDTH="126" HEIGHT="36" CONTENT="Anfänger" WC="0.98" CC="20775076"/>
						<SP ID="P129_SP00272" HPOS="1252" VPOS="2263" WIDTH="18"/>
						<String ID="P129_ST00345" HPOS="1270" VPOS="2222" WIDTH="160" HEIGHT="29" CONTENT="diskreditiert" WC="0.99" CC="0440670657430"/>
						<SP ID="P129_SP00273" HPOS="1430" VPOS="2263" WIDTH="20"/>
						<String ID="P129_ST00346" HPOS="1450" VPOS="2215" WIDTH="72" HEIGHT="31" CONTENT="wird," WC="0.97" CC="75104"/>
						<SP ID="P129_SP00274" HPOS="1522" VPOS="2263" WIDTH="14"/>
						<String ID="P129_ST00347" HPOS="1536" VPOS="2227" WIDTH="37" HEIGHT="7" CONTENT="--" WC="0.60" CC="34"/>
						<SP ID="P129_SP00275" HPOS="1573" VPOS="2263" WIDTH="16"/>
						<String ID="P129_ST00348" HPOS="1589" VPOS="2213" WIDTH="72" HEIGHT="23" CONTENT="scnlie" WC="0.35" CC="438767"/>
						<SP ID="P129_SP00276" HPOS="1661" VPOS="2263" WIDTH="42"/>
						<String ID="P129_ST00349" HPOS="1703" VPOS="2213" WIDTH="29" HEIGHT="16" CONTENT="cn" WC="0.09" CC="89"/>
						<SP ID="P129_SP00277" HPOS="1732" VPOS="2263" WIDTH="18"/>
						<String ID="P129_ST00350" HPOS="1750" VPOS="2213" WIDTH="6" HEIGHT="23" CONTENT="," WC="0.59" CC="4"/>
					</TextLine>
					<TextLine ID="P129_TL00041" HPOS="1126" VPOS="2249" WIDTH="823" HEIGHT="51">
						<String ID="P129_ST00351" HPOS="1126" VPOS="2268" WIDTH="50" HEIGHT="25" CONTENT="sich" WC="0.95" CC="4546"/>
						<SP ID="P129_SP00278" HPOS="1176" VPOS="2293" WIDTH="14"/>
						<String ID="P129_ST00352" HPOS="1190" VPOS="2266" WIDTH="39" HEIGHT="25" CONTENT="die" WC="0.97" CC="024"/>
						<SP ID="P129_SP00279" HPOS="1229" VPOS="2293" WIDTH="14"/>
						<String ID="P129_ST00353" HPOS="1243" VPOS="2266" WIDTH="74" HEIGHT="34" CONTENT="Spreu" WC="0.97" CC="05446"/>
						<SP ID="P129_SP00280" HPOS="1317" VPOS="2300" WIDTH="13"/>
						<String ID="P129_ST00354" HPOS="1330" VPOS="2269" WIDTH="58" HEIGHT="18" CONTENT="vom" WC="0.97" CC="044"/>
						<SP ID="P129_SP00281" HPOS="1388" VPOS="2300" WIDTH="13"/>
						<String ID="P129_ST00355" HPOS="1401" VPOS="2257" WIDTH="103" HEIGHT="27" CONTENT="Weizen" WC="0.98" CC="456044"/>
						<SP ID="P129_SP00282" HPOS="1504" VPOS="2300" WIDTH="13"/>
						<String ID="P129_ST00356" HPOS="1517" VPOS="2250" WIDTH="50" HEIGHT="28" CONTENT="und" WC="0.95" CC="760"/>
						<SP ID="P129_SP00283" HPOS="1567" VPOS="2300" WIDTH="18"/>
						<String ID="P129_ST00357" HPOS="1585" VPOS="2249" WIDTH="38" HEIGHT="26" CONTENT="die" WC="0.95" CC="904"/>
						<SP ID="P129_SP00284" HPOS="1623" VPOS="2300" WIDTH="248"/>
						<String ID="P129_ST00358" HPOS="1871" VPOS="2271" WIDTH="78" HEIGHT="26" CONTENT="Masse" WC="0.96" CC="74444"/>
					</TextLine>
					<TextLine ID="P129_TL00042" HPOS="1126" VPOS="2275" WIDTH="823" HEIGHT="60">
						<String ID="P129_ST00359" HPOS="1126" VPOS="2307" WIDTH="46" HEIGHT="25" CONTENT="den" WC="0.94" CC="474" STYLEREFS="TXT_3"/>
						<SP ID="P129_SP00285" HPOS="1172" VPOS="2332" WIDTH="10"/>
						<String ID="P129_ST00360" HPOS="1182" VPOS="2275" WIDTH="176" HEIGHT="56" CONTENT="neue/schritt" WC="0.53" CC="047090464277" STYLEREFS="TXT_3"/>
						<SP ID="P129_SP00286" HPOS="1358" VPOS="2332" WIDTH="521"/>
						<String ID="P129_ST00361" HPOS="1879" VPOS="2305" WIDTH="70" HEIGHT="30" CONTENT='**"' WC="0.21" CC="697" STYLEREFS="TXT_4"/>
					</TextLine>
					<TextLine ID="P129_TL00043" HPOS="1125" VPOS="2331" WIDTH="824" HEIGHT="44">
						<String ID="P129_ST00362" HPOS="1125" VPOS="2346" WIDTH="87" HEIGHT="25" CONTENT="hervor" WC="0.97" CC="646066"/>
						<SP ID="P129_SP00287" HPOS="1212" VPOS="2371" WIDTH="13"/>
						<String ID="P129_ST00363" HPOS="1225" VPOS="2341" WIDTH="50" HEIGHT="27" CONTENT="und" WC="0.96" CC="640"/>
						<SP ID="P129_SP00288" HPOS="1275" VPOS="2371" WIDTH="14"/>
						<String ID="P129_ST00364" HPOS="1289" VPOS="2346" WIDTH="131" HEIGHT="29" CONTENT="gewinnen" WC="0.98" CC="00967411"/>
						<SP ID="P129_SP00289" HPOS="1420" VPOS="2375" WIDTH="14"/>
						<String ID="P129_ST00365" HPOS="1434" VPOS="2331" WIDTH="99" HEIGHT="29" CONTENT="Gestalt." WC="0.98" CC="00849563"/>
						<SP ID="P129_SP00290" HPOS="1533" VPOS="2375" WIDTH="28"/>
						<String ID="P129_ST00366" HPOS="1561" VPOS="2331" WIDTH="38" HEIGHT="23" CONTENT="An" WC="0.59" CC="34"/>
						<SP ID="P129_SP00291" HPOS="1599" VPOS="2375" WIDTH="14"/>
						<String ID="P129_ST00367" HPOS="1613" VPOS="2331" WIDTH="43" HEIGHT="19" CONTENT="den" WC="0.95" CC="706"/>
						<String ID="P129_ST00368" HPOS="1656" VPOS="2331" WIDTH="45" HEIGHT="16" CONTENT="■*" WC="0.22" CC="87" STYLEREFS="TXT_5"/>
						<SP ID="P129_SP00292" HPOS="1701" VPOS="2375" WIDTH="188"/>
						<String ID="P129_ST00369" HPOS="1889" VPOS="2345" WIDTH="49" HEIGHT="27" CONTENT="fort" STYLE="subscript" WC="0.71" CC="0064"/>
						<String ID="P129_ST00370" HPOS="1938" VPOS="2359" WIDTH="11" HEIGHT="4" CONTENT="." WC="0.23" CC="7"/>
					</TextLine>
					<TextLine ID="P129_TL00044" HPOS="1126" VPOS="2363" WIDTH="595" HEIGHT="46">
						<String ID="P129_ST00371" HPOS="1126" VPOS="2381" WIDTH="95" HEIGHT="28" CONTENT="freilich" WC="0.97" CC="77445747"/>
						<SP ID="P129_SP00293" HPOS="1221" VPOS="2409" WIDTH="17"/>
						<String ID="P129_ST00372" HPOS="1238" VPOS="2379" WIDTH="65" HEIGHT="27" CONTENT="wird" WC="0.97" CC="4440"/>
						<SP ID="P129_SP00294" HPOS="1303" VPOS="2409" WIDTH="22"/>
						<String ID="P129_ST00373" HPOS="1325" VPOS="2377" WIDTH="41" HEIGHT="25" CONTENT="das" WC="0.96" CC="044"/>
						<SP ID="P129_SP00295" HPOS="1366" VPOS="2409" WIDTH="19"/>
						<String ID="P129_ST00374" HPOS="1385" VPOS="2364" WIDTH="216" HEIGHT="40" CONTENT="Scheidungswerk" WC="0.99" CC="05602041040446"/>
						<SP ID="P129_SP00296" HPOS="1601" VPOS="2409" WIDTH="22"/>
						<String ID="P129_ST00375" HPOS="1623" VPOS="2363" WIDTH="64" HEIGHT="25" CONTENT="dann" WC="0.96" CC="0466"/>
						<SP ID="P129_SP00297" HPOS="1687" VPOS="2409" WIDTH="18"/>
						<String ID="P129_ST00376" HPOS="1705" VPOS="2367" WIDTH="16" HEIGHT="25" CONTENT="g" WC="0.79" CC="2"/>
					</TextLine>
					<TextLine ID="P129_TL00045" HPOS="1125" VPOS="2396" WIDTH="723" HEIGHT="61">
						<String ID="P129_ST00377" HPOS="1125" VPOS="2426" WIDTH="88" HEIGHT="31" CONTENT="gesetzt" WC="0.98" CC="0840940"/>
						<SP ID="P129_SP00298" HPOS="1213" VPOS="2457" WIDTH="13"/>
						<String ID="P129_ST00378" HPOS="1226" VPOS="2418" WIDTH="52" HEIGHT="26" CONTENT="und" WC="0.95" CC="760"/>
						<SP ID="P129_SP00299" HPOS="1278" VPOS="2457" WIDTH="14"/>
						<String ID="P129_ST00379" HPOS="1292" VPOS="2411" WIDTH="210" HEIGHT="36" CONTENT="herausgesichtet," WC="0.99" CC="6444740543575454"/>
						<SP ID="P129_SP00300" HPOS="1502" VPOS="2457" WIDTH="15"/>
						<String ID="P129_ST00380" HPOS="1517" VPOS="2414" WIDTH="51" HEIGHT="18" CONTENT="was" WC="0.94" CC="474"/>
						<SP ID="P129_SP00301" HPOS="1568" VPOS="2457" WIDTH="13"/>
						<String ID="P129_ST00381" HPOS="1581" VPOS="2411" WIDTH="49" HEIGHT="18" CONTENT="von" WC="0.95" CC="435"/>
						<SP ID="P129_SP00302" HPOS="1630" VPOS="2457" WIDTH="14"/>
						<String ID="P129_ST00382" HPOS="1644" VPOS="2399" WIDTH="73" HEIGHT="26" CONTENT="ihnen" WC="0.96" CC="66647"/>
						<SP ID="P129_SP00303" HPOS="1717" VPOS="2457" WIDTH="12"/>
						<String ID="P129_ST00383" HPOS="1729" VPOS="2396" WIDTH="119" HEIGHT="24" CONTENT="dauernde" WC="0.99" CC="04034570"/>
					</TextLine>
					<TextLine ID="P129_TL00046" HPOS="1124" VPOS="2453" WIDTH="825" HEIGHT="34">
						<String ID="P129_ST00384" HPOS="1124" VPOS="2460" WIDTH="43" HEIGHT="25" CONTENT="hat" WC="0.95" CC="642"/>
						<SP ID="P129_SP00304" HPOS="1167" VPOS="2485" WIDTH="13"/>
						<String ID="P129_ST00385" HPOS="1180" VPOS="2457" WIDTH="51" HEIGHT="27" CONTENT="und" WC="0.95" CC="940"/>
						<SP ID="P129_SP00305" HPOS="1231" VPOS="2485" WIDTH="14"/>
						<String ID="P129_ST00386" HPOS="1245" VPOS="2464" WIDTH="51" HEIGHT="18" CONTENT="was" WC="0.91" CC="976"/>
						<SP ID="P129_SP00306" HPOS="1296" VPOS="2485" WIDTH="13"/>
						<String ID="P129_ST00387" HPOS="1309" VPOS="2453" WIDTH="76" HEIGHT="26" CONTENT="nicht." WC="0.98" CC="103660"/>
						<SP ID="P129_SP00307" HPOS="1385" VPOS="2485" WIDTH="513"/>
						<String ID="P129_ST00388" HPOS="1898" VPOS="2468" WIDTH="51" HEIGHT="19" CONTENT="nun" WC="0.94" CC="517"/>
					</TextLine>
					<TextLine ID="P129_TL00047" HPOS="1182" VPOS="2477" WIDTH="701" HEIGHT="45">
						<String ID="P129_ST00389" HPOS="1182" VPOS="2496" WIDTH="60" HEIGHT="26" CONTENT="Wie" WC="0.94" CC="932"/>
						<SP ID="P129_SP00308" HPOS="1242" VPOS="2522" WIDTH="14"/>
						<String ID="P129_ST00390" HPOS="1256" VPOS="2494" WIDTH="56" HEIGHT="25" CONTENT="dem" WC="0.96" CC="064"/>
						<SP ID="P129_SP00309" HPOS="1312" VPOS="2522" WIDTH="14"/>
						<String ID="P129_ST00391" HPOS="1326" VPOS="2491" WIDTH="54" HEIGHT="27" CONTENT="aber" WC="0.97" CC="4144"/>
						<SP ID="P129_SP00310" HPOS="1380" VPOS="2522" WIDTH="13"/>
						<String ID="P129_ST00392" HPOS="1393" VPOS="2489" WIDTH="41" HEIGHT="29" CONTENT="sei," WC="0.96" CC="4473"/>
						<SP ID="P129_SP00311" HPOS="1434" VPOS="2522" WIDTH="15"/>
						<String ID="P129_ST00393" HPOS="1449" VPOS="2485" WIDTH="31" HEIGHT="27" CONTENT="ob" WC="0.42" CC="46"/>
						<SP ID="P129_SP00312" HPOS="1480" VPOS="2522" WIDTH="14"/>
						<String ID="P129_ST00394" HPOS="1494" VPOS="2491" WIDTH="57" HEIGHT="18" CONTENT="man" WC="0.94" CC="447"/>
						<SP ID="P129_SP00313" HPOS="1551" VPOS="2522" WIDTH="13"/>
						<String ID="P129_ST00395" HPOS="1564" VPOS="2479" WIDTH="62" HEIGHT="27" CONTENT="&lt;hese" WC="0.19" CC="78877"/>
						<SP ID="P129_SP00314" HPOS="1626" VPOS="2522" WIDTH="13"/>
						<String ID="P129_ST00396" HPOS="1639" VPOS="2477" WIDTH="168" HEIGHT="25" CONTENT="Kunstentwic" WC="0.55" CC="76655300443"/>
						<SP ID="P129_SP00315" HPOS="1807" VPOS="2522" WIDTH="62"/>
						<String ID="P129_ST00397" HPOS="1869" VPOS="2477" WIDTH="14" HEIGHT="21" CONTENT="g" WC="0.92" CC="0"/>
					</TextLine>
					<TextLine ID="P129_TL00048" HPOS="1126" VPOS="2508" WIDTH="767" HEIGHT="54">
						<String ID="P129_ST00398" HPOS="1126" VPOS="2536" WIDTH="44" HEIGHT="26" CONTENT="mit" WC="0.98" CC="400"/>
						<SP ID="P129_SP00316" HPOS="1170" VPOS="2562" WIDTH="13"/>
						<String ID="P129_ST00399" HPOS="1183" VPOS="2534" WIDTH="79" HEIGHT="27" CONTENT="Recht" WC="0.97" CC="43670"/>
						<SP ID="P129_SP00317" HPOS="1262" VPOS="2562" WIDTH="18"/>
						<String ID="P129_ST00400" HPOS="1280" VPOS="2531" WIDTH="58" HEIGHT="25" CONTENT="oder" WC="0.97" CC="4044"/>
						<SP ID="P129_SP00318" HPOS="1338" VPOS="2562" WIDTH="14"/>
						<String ID="P129_ST00401" HPOS="1352" VPOS="2526" WIDTH="107" HEIGHT="28" CONTENT="Unrecht" WC="0.97" CC="3744468"/>
						<SP ID="P129_SP00319" HPOS="1459" VPOS="2562" WIDTH="14"/>
						<String ID="P129_ST00402" HPOS="1473" VPOS="2523" WIDTH="37" HEIGHT="26" CONTENT="die" WC="0.96" CC="074"/>
						<SP ID="P129_SP00320" HPOS="1510" VPOS="2562" WIDTH="20"/>
						<String ID="P129_ST00403" HPOS="1530" VPOS="2521" WIDTH="40" HEIGHT="24" CONTENT="der" WC="0.97" CC="034"/>
						<SP ID="P129_SP00321" HPOS="1570" VPOS="2562" WIDTH="11"/>
						<String ID="P129_ST00404" HPOS="1581" VPOS="2514" WIDTH="136" HEIGHT="30" CONTENT="Decadence" WC="0.49" CC="555406637"/>
						<SP ID="P129_SP00322" HPOS="1717" VPOS="2562" WIDTH="14"/>
						<String ID="P129_ST00405" HPOS="1731" VPOS="2512" WIDTH="81" HEIGHT="23" CONTENT="nennt," WC="0.98" CC="356504"/>
						<SP ID="P129_SP00323" HPOS="1812" VPOS="2562" WIDTH="13"/>
						<String ID="P129_ST00406" HPOS="1825" VPOS="2508" WIDTH="68" HEIGHT="32" CONTENT="jeden" WC="0.96" CC="70944"/>
					</TextLine>
				</TextBlock>
				<TextBlock ID="P129_TB00005" HPOS="1016" VPOS="2669" WIDTH="140" HEIGHT="60" STYLEREFS="TXT_6 PAR_RIGHT">
					<TextLine ID="P129_TL00049" HPOS="1156" VPOS="2729" WIDTH="0" HEIGHT="0">
						<String ID="P129_ST00407" HPOS="1156" VPOS="2729" WIDTH="0" HEIGHT="0" CONTENT="69" WC="0.98" CC="00"/>
					</TextLine>
				</TextBlock>
				<ComposedBlock ID="P129_CB00001" HPOS="423" VPOS="225" WIDTH="1277" HEIGHT="778" STYLEREFS="TXT_6 PAR_LEFT" TYPE="Illustration">
					<GraphicalElement ID="P129_CB00001_SUB" HPOS="423" VPOS="225" WIDTH="1277" HEIGHT="778"/>
				</ComposedBlock>
			</PrintSpace>
		</Page>
	</Layout>
</alto>
