2301 2923
571 467 346 29 DRUCKVERMERK:
943 469 180 28 ZWEITER
1141 468 222 37 JAHRGANG,
1379 469 148 28 ERSTES
1541 469 117 28 HEFT:
1673 476 319 22 esaesa«»»«*»«*»«»»

570 525 45 28 ES
631 526 177 28 WURDEN
830 525 221 28 GEDRUCKT
1068 526 80 28 VON
1169 525 145 28 DIESEM
1335 526 107 28 HEFT
1457 528 389 29 SECHSUNDDREISSIG
1866 529 98 29 NUME-

569 585 147 28 RIERTE
740 585 242 28 EXEMPLARE
1009 585 80 28 AUF
1114 585 296 29 KAISERLICHEM
1432 586 122 37 JAPAN
1580 579 81 34 FÜR
1682 585 65 28 DIE
1768 579 200 34 KÜNSTLER-

568 642 196 33 AUSGABE,
793 643 198 29 SIEBENZIG
1018 644 258 29 NUMERIERTE
1308 646 244 27 EXEMPLARE
1578 645 81 28 AUF
1690 646 298 28 KUPFERDRUCK

568 695 81 34 FÜR
679 701 66 28 DIE
772 701 381 34 VORZUGSAUSGABE,
1182 703 250 29 EINTAUSEND
1435 704 287 28 VIERHUNDERT
1748 705 240 28 EXEMPLARE

568 760 83 28 AUF
676 760 301 29 KUPFERDRUCK
1004 754 81 34 FÜR
1109 761 66 27 DIE
1197 761 255 28 ALLGEMEINE
1474 762 185 28 AUSGABE

566 818 67 27 DIE
653 817 516 29 ORIGINALLITHOGRAPHIEN
1189 819 81 28 VON
1290 820 255 27 LIEBERMANN
1567 820 82 28 UND
1671 819 197 28 SKARBINA
1882 818 81 29 WUR-

566 878 82 27 DEN
675 877 221 28 GEDRUCKT
921 878 59 27 BEI
1007 878 35 27 R.
1067 877 125 28 HESSE
1220 878 27 28 &
1274 878 166 28 THOMAS
1467 878 37 28 IN
1530 879 147 32 BERLIN,
1703 878 67 28 DIE
1791 878 177 29 ORIGINAL-

567 935 238 28 RADIERUNG
827 935 81 27 VON
933 935 226 35 LEISTIKOW,
1179 936 66 27 DIE
1265 937 237 28 RADIERUNG
1527 937 84 28 VON
1636 937 158 28 ALBERT
1822 931 168 34 KRÜGER

566 994 112 28 NACH
698 994 255 27 LIEBERMANN
967 994 60 27 BEI
1048 993 35 28 O.
1098 994 164 28 FELSING
1282 995 38 27 IN
1345 996 146 33 BERLIN,
1513 996 82 28 DER
1617 995 278 29 HOLZSCHNITT
1910 994 80 28 VON

566 1047 228 33 HÖNEMANN
807 1051 113 28 NACH
934 1051 114 28 DORA
1061 1052 87 28 HITZ
1160 1053 79 28 VON
1251 1054 81 28 DER
1344 1054 150 28 OFFIZIN
1505 1055 42 28 W
1559 1055 210 28 DRUGULIN
1783 1055 38 27 IN
1834 1054 153 32 LEIPZIG,

565 1111 66 27 DIE
653 1110 425 28 ORIGINALRADIERUNG
1099 1111 83 28 AUF
1208 1112 89 28 ZINK
1316 1113 80 28 VON
1422 1114 156 28 MAURIN
1602 1115 61 27 BEI
1683 1115 31 27 L.
1734 1114 192 29 ANGERER
1952 1114 37 27 IN

566 1169 146 33 BERLIN,
728 1169 66 27 DIE
811 1168 425 30 ORIGINALRADIERUNG
1257 1171 80 27 VON
1357 1171 107 28 ZORN
1485 1173 60 27 BEI
1566 1173 31 28 E.
1611 1172 74 28 NYS
1705 1173 38 27 IN
1757 1172 108 28 PARIS
1882 1181 106 21 <m><m>

565 1230 66 27 DIE
648 1228 289 29 LICHTDRUCKE
954 1229 111 29 NACH
1081 1231 173 28 WERKEN
1269 1230 80 28 VON
1371 1231 197 28 HOFMANN
1583 1231 222 38 (PARADIES),
1821 1231 166 34 MENZEL,

565 1287 163 33 PACZKA,
741 1287 189 33 SATTLER,
946 1287 201 30 TUAILLON
1158 1290 60 28 BEI
1229 1290 157 27 ALBERT
1397 1290 138 28 FRISCH
1554 1291 37 27 IN
1606 1290 147 33 BERLIN,
1765 1290 82 28 DER
1861 1290 105 28 LICHT-

565 1347 140 28 DRUCK
724 1346 112 28 NACH
857 1346 198 29 HOFMANN
1076 1347 304 39 (WALDWEIHER)
1395 1349 59 27 BEI
1468 1349 32 28 E.
1516 1348 140 28 SIEGER
1670 1349 38 27 IN
1722 1349 101 28 WIEN
1830 1357 157 22 «s»«K8«*&

564 1406 66 27 DIE
645 1405 256 28 AUTOTYPIEN
917 1405 82 28 UND
1015 1405 140 29 ZINKOS
1169 1407 111 28 NACH
1294 1407 281 28 ZEICHNUNGEN
1594 1408 91 28 VON:
1701 1408 183 32 ALBERTS,
1896 1408 69 27 ECK-

564 1464 121 33 MANN,
711 1463 122 34 FIDUS,
855 1464 232 33 HERRMANN,
1110 1464 204 34 HOFMANN,
1339 1466 225 32 LEISTIKOW,
1592 1466 166 33 MENZEL,
1790 1466 196 32 SATTLER,

564 1523 376 36 SCHNARS-ALQUIST,
965 1523 197 29 SKARBINA
1193 1524 83 28 UND
1302 1524 172 28 WALTER
1500 1524 178 29 WURDEN
1700 1524 291 29 HERGESTELLT

563 1583 72 27 BEI:
659 1581 191 29 ANGERER
869 1581 82 28 UND
974 1577 159 33 GÖSCHL
1153 1583 39 27 IN
1212 1584 109 31 WIEN,
1341 1584 82 27 UND
1444 1584 38 27 IN
1499 1584 140 28 BERLIN
1660 1585 60 27 BEI
1737 1578 250 34 BÜXENSTEIN

563 1641 27 27 &
606 1640 67 33 CO.,
685 1641 35 27 A.
733 1640 146 33 FRISCH,
894 1640 175 28 EDMUND
1084 1641 202 29 GAILLARD
1303 1642 82 28 UND
1397 1641 252 29 MEISENBACH
1663 1643 204 28 RIFFARTH
1882 1643 28 28 &
1925 1643 60 28 CO.

562 1700 83 27 DER
662 1699 220 28 UMSCHLAG
899 1700 147 28 WURDE
1064 1701 353 28 LITHOGRAPHIERT
1436 1701 60 27 BEI
1513 1701 35 27 A.
1563 1701 139 28 FRISCH
1719 1702 37 26 IN
1775 1701 139 28 BERLIN

562 1758 65 28 DIE
640 1758 283 37 JAPANPAPIERE
937 1758 82 28 DER
1033 1752 397 35 KÜNSTLERAUSGABE
1446 1760 82 27 UND
1543 1761 82 27 DER
1639 1760 346 29 VORZUGSDRUCKE

562 1817 193 27 LIEFERTE
774 1817 35 27 R.
831 1817 174 28 WAGNER
1022 1817 37 27 IN
1078 1817 147 33 BERLIN,
1244 1818 79 28 DAS
1338 1818 430 29 KUPFERDRUCKPAPIER
1783 1819 65 27 DIE
1863 1819 122 27 FIRMA

562 1876 33 28 E.
618 1875 99 29 OBST
728 1876 27 27 &
771 1875 68 33 CO.,
859 1876 416 29 STRASSBURG-BERLIN.

562 1934 69 28 DIE
658 1933 198 29 AUFLAGE
883 1934 151 29 SELBST
1058 1935 156 29 WURDE
1247 1938 307 28 HERGESTELLT
1585 1939 37 27 IN
1650 1939 84 27 DER
1761 1938 154 29 OFFIZIN
1941 1939 41 28 W

565 1992 220 33 DRUGULIN,
803 1993 153 29 LEIPZIG
973 1993 85 28 UND
1074 1994 113 27 WIRD
1197 1996 277 28 AUSGEGEBEN
1494 1997 62 27 BEI
1573 1997 26 28 F.
1616 1997 189 28 FONTÄNE
1823 1997 26 28 &
1867 1997 61 28 CO.
1944 1998 38 28 IN

565 2050 146 28 BERLIN

565 2109 41 26 IM
632 2109 194 28 AUFTRAG
851 2110 82 27 DER
960 2110 367 30 GENOSSENSCHAFT
1348 2113 78 27 PAN

564 2165 65 28 DIE
650 2167 246 30 REDAKTION:
918 2170 141 28 BERLIN
1080 2170 41 28 W.
1137 2165 441 33 KURFÜRSTENSTRASSE
1600 2181 38 26 44

563 2224 61 27 AM
640 2220 292 35 FÜNFZEHNTEN
955 2228 78 36 JULI
1054 2229 247 28 EINTAUSEND
1322 2229 308 29 ACHTHUNDERT
1656 2230 82 28 UND
1762 2230 195 29 SECHSUND-

564 2281 169 29 NEUNZIG
755 2292 800 27 B^<£^^g^®^g^£^<^<g#3>£^g^<^s^<^^^

1990 2902 0 0 84
