3266 4572
1364 518 134 50 Max
1517 509 202 54 Scßefer,
1898 505 258 51 D
2157 500 13 58 Bourgeois

649 542 96 55 586

657 737 425 73 Wirtschaftern
1137 721 458 84 reproduzierten
1658 706 305 64 »Geistes«
2021 693 173 79 völlig
2250 686 284 66 ausfielen.

662 836 227 66 mählidi
932 830 272 74 beginnen
1244 823 102 53 wir
1386 810 92 61 die
1516 803 165 66 Rolle
1722 823 73 38 zu
1836 795 206 66 ahnen,
2082 787 89 61 die
2212 775 447 81 makroskopisch
2700 795 53 38 in

665 924 323 72 Geschichte
1066 914 92 64 die
1221 904 503 74 Verdrängung
1795 912 117 40 von
1986 871 724 76 Ideenzusammenhangen
2781 858 119 64 und

668 1016 368 71 Zielinhalten
1092 1003 205 84 gehabt
1353 998 115 69 hat,
1518 993 171 61 deren
1747 975 409 87 ursprüngliche
2212 968 338 78 zugehörige
2606 955 258 66 Triebem-

670 1112 307 72 stellungen
1028 1100 148 66 ohne
1226 1092 153 81 jedes
1427 1082 363 69 Bewußtsein
1841 1074 145 61 ihres
2037 1062 449 83 ursprünglichen
2534 1054 204 61 Sinnes
2788 1044 117 63 und

670 1204 241 66 Inhaltes
967 1206 158 66 träge
1181 1181 513 74 weiterschwingen
1734 1201 61 16 -
1844 1161 254 66 derselbe
2131 1158 299 76 Vorgang,
2489 1148 205 61 dessen
2743 1138 165 63 Auf.

673 1298 228 74 findung
950 1290 106 64 sich
1104 1272 430 82 mikroskopisch
1577 1278 56 53 in
1673 1265 99 61 der
1811 1250 538 86 Psychopathologie
2392 1242 99 63 des
2524 1234 386 66 Individuums

678 1415 66 40 so
787 1384 277 66 fruchtbar
1104 1384 275 56 erwiesen
1419 1366 115 61 hat.
1577 1361 81 64 Ich
1699 1356 96 61 bin
1833 1351 331 71 überzeugt,
2207 1341 106 61 daß
2357 1359 124 40 eine
2519 1351 181 59 ganze
2738 1326 104 61 Rei
2882 1346 33 38 e

678 1509 119 40 von
835 1483 394 74 Baugesetzen
1262 1468 99 61 der
1394 1455 358 69 historischen
1785 1443 346 68 Causalität,
2164 1435 205 64 welche
2402 1430 89 61 die
2524 1420 394 68 ökonomische

685 1565 653 76 Geschichtsauffassung
1371 1554 81 61 als
1493 1544 282 69 universal
1808 1534 285 69 historisch
2126 1529 170 79 gültig
2329 1521 325 77 behauptet,
2689 1514 89 61 für
2811 1509 110 61 den

688 1669 165 66 durch
896 1666 109 61 den
1046 1651 460 86 kapitalistischen
1549 1641 168 63 Geist
1767 1636 409 76 abgegrenzten
2227 1618 315 81 Spielraum
2593 1610 99 61 des
2743 1610 183 59 histo.

690 1763 206 63 rischen
939 1755 163 64 Seins
1143 1745 119 66 und
1303 1735 363 71 Geschehens
1704 1727 152 64 volle
1889 1717 313 81 Gültigkeit
2232 1712 216 63 besitzt.
2484 1704 132 64 Daß
2649 1699 243 64 Klassen-

693 1857 302 71 bildungen
1051 1846 122 61 also
1229 1836 305 66 Einheiten
1590 1849 116 41 von
1757 1816 663 69 Wirtschaftsinteressen
2479 1816 114 46 erst
2649 1791 282 66 sekundär

698 1976 74 38 zu
830 1935 541 74 Standeseinheiten,
1437 1918 473 71 Sitteneinheiten,
1973 1897 569 84 Bildungseinheiten,
2616 1885 317 83 poht.sd.en

698 2034 480 72 Parteieinheiten,
1219 2037 53 66 ja
1315 2022 173 63 selbst
1529 2027 53 51 in
1623 2017 299 73 gewissem
1960 1999 183 63 Maße
2197 2017 99 38 zur
2344 1986 241 76 Bildung
2634 2004 116 38 von
2799 1976 139 64 Na.

703 2128 450 72 tionaleinheiten
1188 2128 69 64 <s.
1292 2113 290 66 deutscher
1615 2103 351 66 Zollverein)
1999 2093 231 68 führen,-
2263 2085 109 61 daß
2402 2080 287 142 Return
2722 2095 74 39 zu
2832 2093 109 56 po*

706 2227 228 64 litischer
957 2217 196 66 Macht
1178 2212 191 69 führe,-
1402 2205 109 63 daß
1541 2184 734 84 Bevölkerungswachstum
2308 2174 117 64 und
2458 2161 463 72 Wohlhabenhei

711 2334 73 51 im
817 2311 402 84 umgekehrten
1242 2299 332 68 Verhältnis
1607 2288 158 66 stehe
1800 2283 117 64 und
1943 2273 393 71 ökonomische
2359 2268 157 61 Motl
2517 2288 38 107 J
2557 2286 31 38 e
2616 2261 89 60 d,e
2806 2278 31 38 e

713 2413 120 63 und
863 2413 117 61 Art
1013 2405 99 61 der
1143 2393 429 86 Reproduktion
1612 2395 54 53 in
1709 2398 173 45 erster
1912 2377 160 61 Linie
2113 2370 361 63 bestimmen,-
2512 2357 109 61 daß
2654 2352 201 63 techms
2918 2377 33 23 «

716 2497 394 71 ökonomische
1150 2479 493 76 Anwendbarkeit
1681 2497 117 38 von
1836 2456 653 74 Erkenntnisresultaten
2646 2466 145 59 ganz
2829 2461 90 120 jen-

718 2608 135 54 seits
904 2593 99 64 der
1051 2588 109 64 auf
1201 2603 140 61 pure
1394 2570 371 69 »Wahrheit«
1818 2560 328 82 gerichteten
2194 2553 277 61 Intention
2522 2542 99 61 der
2669 2535 249 66 einzelne

721 2690 272 66 Forscher
1041 2713 61 20 -
1150 2680 165 61 schon
1366 2682 56 51 in
1468 2659 614 79 Auswahlprinzipien,
2123 2642 455 66 Denk-Formen
2628 2629 120 63 und
2788 2624 173 63 .Me.

723 2781 214 66 thoden
985 2776 112 61 den
1145 2763 320 72 Charakter
1521 2758 102 61 der
1668 2741 409 73 Wissenschaft
2126 2735 116 64 und
2286 2730 198 64 Welta
2524 2725 125 64 sAa
2654 2746 79 38 ™
2735 2743 74 53 ng
2801 2809 102 64 Ab
2905 2738 59 38 ”

729 2875 309 61 modernen
1079 2862 163 64 Welt
1282 2860 282 61 bestimmt
1605 2850 114 66 hat,
1760 2865 145 38 usw.
1950 2835 125 63 sind
2113 2827 213 81 Regeln
2377 2822 208 63 solcher
2626 2817 132 61 Art.
2801 2814 66 59 A

840 2967 303 76 behaupte,
1173 2956 112 61 daß
1325 2954 99 58 der
1465 2964 211 61 ganze
1706 2934 267 81 Inbegriff
2004 2951 119 41 von
2159 2913 586 79 Gesetzmäßigkeiten
2786 2906 183 61 dieser

734 3066 116 61 Art
878 3058 275 64 durchaus
1193 3050 193 61 keine
1427 3033 285 71 universal
1745 3025 317 66 historische
2095 3017 338 72 Bedeutung
2471 3007 218 66 besitzt,
2730 3020 112 41 wie
2923 3017 48 39 le

736 3150 396 71 ökonomische
1165 3132 536 73 Geschichtstheorie
1737 3132 287 56 annimmt,
2057 3111 244 66 sondern
2336 3119 204 48 soweit
2578 3099 116 61 und
2728 3116 106 39 nur
2875 3114 25 38 s
2905 3111 66 39 °-

739 3256 134 56 weit
904 3243 114 82 gilt,
1051 3241 81 61 als
1165 3236 102 61 das
1303 3226 233 78 Subjekt
1569 3223 99 61 der
1701 3213 325 69 Geschichte
2070 3205 99 64 der
2199 3198 239 66 Mensch
2468 3216 117 40 von
2618 3210 153 56 ,ener
2794 3200 146 61 typi-

744 3343 183 63 schen
967 3335 297 66 Erlebnis,
1305 3322 119 66 und
1463 3307 536 74 Triebkonstruktur
2049 3312 87 58 ist,
2186 3297 92 61 die
2326 3289 267 66 Sombart
2649 3282 84 61 als
2786 3277 142 76 »kap
2951 3315 28 12 -

746 3431 287 66 talistisch«
1094 3419 333 68 bezeichnet.
1485 3411 122 61 Für
1658 3406 109 61 den
1818 3383 549 79 Geschichtsverlauf
2407 3381 102 61 des
2550 3368 434 84 vorkap.tahsti.

749 3531 160 60 sdien
950 3518 309 66 Menschen
1303 3510 182 79 gelten
1526 3503 137 63 aber
1704 3497 155 61 diese
1899 3482 610 82 Abhängigkeitsarten
2550 3470 99 61 der
2687 3464 300 64 Elemente

751 3622 99 63 der
876 3614 355 66 historischen
1264 3599 379 69 Wirklichkeit
1684 3591 167 72 nicht,-
1889 3597 54 68 ja
1976 3584 89 61 bei
2098 3586 215 66 einigen
2354 3581 153 66 jener
2540 3564 170 63 Satze
2750 3553 204 84 gerade-

754 3739 76 38 zu
871 3624 89 150 dt
995 3711 564 74 entgegengesetzten
1597 3683 236 81 Regeln,
1874 3706 48 38 z.
1955 3678 66 61 B.
2067 3673 109 61 daß
2217 3665 168 64 durch
2410 3660 424 66 Abstammung
2877 3642 117 66 und

756 3804 296 65 Tradition
1092 3804 244 73 geeinter
1377 3785 180 67 Stand
1598 3781 105 63 sidi
1746 3775 135 63 audi
1923 3771 315 61 bestimmte
2270 3757 232 65 Redits-
2535 3747 119 64 und
2691 3741 238 75 Bildung
2964 3779 28 10 -

764 3901 216 59 formen
1038 3823 239 134 eriirkt,
1343 3906 107 39 vor
1508 3876 163 63 allem
1737 3868 135 64 aber
1938 3886 73 38 zu
2077 3868 153 54 einer
2293 3868 280 61 gewissen

769 3988 117 63 und
927 3990 398 73 quantitativen
1364 3972 233 67 Einheit
1635 3962 120 66 und
1795 3950 450 78 Gleichartigkeit
2286 3945 99 60 des
2425 3939 272 61 Besitzes,
2748 3927 124 61 also
