3229 4572
1276 517 56 50 R.
1364 510 244 53 Gournai,
1643 501 116 52 Der
1783 489 246 57 Deutsche
2060 487 186 51 Kaiser

643 538 92 54 576

657 741 277 64 eehemmt
992 731 125 61 Das
1150 713 358 72 Individuum
1538 708 204 61 besitzt
1780 698 83 61 als
1896 693 214 64 solches
2148 686 91 63 bei
2280 703 109 41 uns
2432 675 138 64 nicht
2592 670 295 71 Achtung,

657 838 89 61 die
784 823 297 71 Ehrfurcht
1119 838 107 41 vor
1274 818 183 56 seiner
1508 790 457 89 repräsentablen
2006 785 335 73 Steigerung
2387 772 99 61 hat
2524 767 124 63 also
2689 762 201 61 kernen

657 927 196 63 Boden
906 919 96 61 Sie
1041 909 144 64 wird
1216 907 114 60 ihm
1361 901 337 74 kurzgesagt
1729 884 193 66 weder
1955 891 74 51 im
2054 866 457 71 Untereinander
2544 861 99 61 der
2666 856 226 63 Natron

660 1026 309 61 zugetraut,
1028 1028 106 39 aus
1190 993 425 84 angegebenen,
1670 973 346 86 unglaublich
2072 962 287 69 radikalen
2407 952 282 66 Gründen
2758 945 139 63 noch

662 1105 254 71 vollends
949 1112 74 51 im
1038 1087 432 74 Übereinander
1503 1077 287 81 begriffen.
1815 1069 168 64 Aber
2008 1089 66 39 so
2100 1064 165 74 lange
2290 1079 61 38 es
2369 1051 160 64 Polin
2590 1069 53 53 gr
2707 1092 18 20 ,
2758 1061 101 39 wir

665 1204 88 61 die
792 1191 376 74 Vorstellung
1208 1183 99 64 der
1345 1178 229 64 Nation
1617 1191 137 41 vom
1777 1163 173 64 Wert
1990 1158 102 61 des
2133 1148 312 66 Menschen
2486 1150 73 54 im
2598 1133 307 66 Herrscher

665 1295 226 64 Wesen
939 1285 206 69 haben,
1201 1280 91 61 die
1338 1262 475 81 Notwendigkeit
1861 1252 145 66 wird
2054 1260 53 53 in
2166 1247 213 61 diesem
2435 1237 117 63 echt
2608 1232 165 61 deuts
2836 1247 71 41 en

667 1387 287 66 Dilemma
992 1402 102 40 zur
1134 1361 496 74 Unerbittlichkeit;
1683 1354 89 63 die
1810 1374 140 41 vom
1988 1343 226 61 Wesen
2262 1333 295 66 entfernte,
2605 1321 229 66 versdrn
2879 1359 28 10 -

672 1501 130 46 tene
840 1460 681 79 Willensindividualität,
1571 1453 92 63 die
1711 1448 92 63 die
1848 1440 234 66 Einheit
2130 1435 102 61 des
2270 1425 312 66 Menschen
2623 1415 246 63 verkenn
2897 1458 18 23 ,

672 1572 148 66 wird
858 1569 142 64 eben
1033 1564 246 66 Wesen,
1320 1549 292 69 seelischer
1642 1542 229 81 Typus,
1912 1534 190 63 indem
2143 1536 81 54 sie
2262 1544 120 41 von
2422 1519 99 61 der

680 1666 213 61 barkeit
934 1661 99 61 des
1074 1651 312 68 Menschen
1429 1669 66 38 so
1538 1636 234 66 deutlich
1805 1646 170 61 zeugt
2013 1633 112 53 wie
2163 1643 120 38 von
2326 1633 180 43 seiner
2539 1608 348 61 Entsteilbar-

680 1763 112 60 keit
850 1755 119 63 und
1007 1752 188 64 richtet
1236 1745 107 63 sich
1378 1763 117 40 nun
1538 1745 74 53 im
1637 1727 216 79 Träger
1886 1745 178 58 gegen
2097 1714 107 64 alle
2234 1709 407 76 Bedingungen
2671 1707 218 50 wesent-

685 1856 168 61 liehen
901 1849 272 63 Daseins,
1228 1846 110 54 tritt
1394 1831 106 64 auf
1551 1826 84 64 als
1691 1818 391 82 Impulsivität,
2135 1798 442 81 Beweglichkeit,
2633 1790 295 61 Initiative,

687 1950 214 67 Partei,
939 1940 396 64 demonstriert
1373 1928 107 63 sich
1523 1920 165 63 durch
1731 1915 89 61 die
1861 1905 356 68 sekundären
2257 1895 422 76 Bedingungen,
2732 1905 94 38 um
2869 1900 61 38 es

693 2039 203 64 anders
941 2057 74 38 zu
1056 2027 261 68 wenden,
1361 2019 165 64 durch
1569 2014 89 61 die
1693 2019 89 53 ein
1815 1999 320 68 Charakter
2176 1994 107 61 sich
2316 1983 320 67 ausdruckt,
2676 1976 137 61 aber
2885 1994 15 38 i

695 2131 231 66 niemals
954 2121 320 68 Charakter
1307 2113 142 66 sind.
1482 2108 140 63 Nur
1658 2103 99 63 der
1790 2093 320 68 Charakter
2143 2085 190 69 selbst,
2366 2080 155 61 diese
2554 2093 74 43 tie
2656 2093 94 40 ere
2829 2088 50 40 te
2905 2085 33 41 e

698 2227 99 61 der
835 2222 233 79 Psyche,
1107 2217 203 61 besitzt
1350 2207 102 64 das
1505 2199 257 66 statische
1803 2182 444 83 Gleichgewicht,
2290 2174 234 63 welches
2575 2166 99 61 der
2712 2161 228 64 Nation

700 2326 239 69 wenige,
982 2304 366 71 umfassende
1378 2301 171 76 Züge
1589 2293 170 61 heute
1800 2283 119 64 und
1957 2291 196 53 immer
2194 2263 464 86 entgegenhalten
2699 2258 147 61 kann

779 2408 165 66 Aber
987 2413 71 53 ist
1096 2400 140 61 nicht
1277 2395 185 61 dieses
1495 2385 305 63 Dilemma,
1841 2385 53 53 in
1930 2370 350 76 zufälligerer
2308 2359 198 66 Form,
2549 2352 165 63 schon
2750 2370 53 38 in
2836 2342 112 61 den

705 2504 351 66 Tendenzen
1129 2494 102 61 des
1297 2474 625 96 preußisch-deutschen
1985 2466 567 61 Konservativismus
2623 2446 35 61 b
2664 2466 71 41 “
2737 2441 74 61 ba
2813 2438 115 61 *“
2930 2451 21 46 t

710 2593 270 66 worden?
1013 2591 114 61 Die
1157 2578 392 79 Unfähigkeit,
1582 2570 111 61 den
1716 2563 305 66 Herrscher
2054 2580 74 38 zu
2153 2573 152 40 einer
2338 2568 148 58 ganz
2516 2535 254 66 rituelüen
2923 2568 28 10 -

713 2712 140 56 tung
893 2712 74 39 zu
1010 2695 241 56 stützen,
1292 2685 155 53 seine
1488 2664 317 74 Fesselung
1848 2669 74 51 im
1960 2644 511 89 Imperator,sehen,
2504 2636 190 61 druckt
2735 2629 104 61 sich
2882 2624 74 61 da

718 2784 140 63 nicht
891 2779 89 60 die
1015 2771 292 68 Schwäche
1343 2766 99 61 des
1477 2756 303 66 deutsdien
1813 2740 490 72 Individualismus
2338 2730 138 64 aus?
2516 2720 297 86 Jedenfalls
2928 2756 28 10 -

723 2885 165 54 weist
934 2870 89 63 die
1071 2860 343 68 militärische
1462 2847 269 69 Attitüde
1787 2845 102 61 des
1937 2834 333 69 Herrschers
2318 2827 92 61 die
2458 2817 282 149 blsuff,^
2745 2837 71 38 nz
2864 2809 38 61 *

728 2972 455 63 konservativen,
1226 2949 414 71 anschaulichen
1678 2941 231 69 Kräfte,
1947 2933 89 64 die
2077 2931 188 74 Frage
2305 2921 135 63 nach
2481 2916 129 63 dem
2648 2911 176 61 Wert
2864 2903 99 61 des

723 3060 312 66 Menschen
1071 3078 74 38 an
1178 3050 106 64 sich
1317 3055 71 54 ist
1422 3053 53 53 in
1510 3040 107 64 sich
1653 3060 73 39 zu
1759 3030 313 74 berechtigt,
2115 3022 81 61 als
2239 3015 110 63 daß
2392 3035 81 41 sie
2514 3007 104 64 adi
2661 3025 140 58 ganz
2938 3038 25 10 -

736 3157 178 69 gehen
954 3149 163 69 ließe,
1165 3144 91 61 die
1297 3134 465 74 Schwankungen
1803 3121 119 66 und
1960 3119 554 66 Voraussetzungen
2557 3101 99 61 der
2694 3099 279 58 Antwort

733 3182 127 132 find
906 3236 449 71 fundamentaler
1394 3233 193 61 Besitz
1635 3223 101 61 der
1775 3213 322 68 nationalen
2138 3205 239 69 Kultur,
2425 3198 152 61 diese
2615 3187 285 66 Insuffizie
2943 3205 33 38 z

736 3355 71 53 ist
832 3342 99 61 der
952 3335 246 68 liberale,
1234 3320 442 71 iditheoretische
1703 3309 199 69 Anteil
1932 3332 94 38 am
2051 3304 567 61 Konservativismus
2651 3281 119 64 und
2801 3279 178 61 macht

738 3437 94 61 ihn
874 3447 113 47 erst
1027 3429 116 61 echt
1183 3420 243 64 deutsch-
2654 3470 23 32 T
2818 3474 11 11 .

814 3525 168 64 Aber
1023 3515 345 81 umgekehrt,
1411 3510 99 61 der
1551 3497 338 69 wesenlose,
1932 3487 236 66 formale
2201 3485 137 63 Sinn
2382 3495 233 46 unseres
2653 3462 300 68 Individua-

741 3624 193 61 lismus
985 3614 142 64 ließe
1175 3609 107 64 sich
1330 3627 102 56 gar
1482 3599 140 63 nicht
1670 3617 72 38 an
1790 3589 99 61 der
1937 3579 379 68 Kaiserlichen
2364 3566 231 68 Gestalt
2648 3561 338 63 realisieren,

746 3739 170 38 wenn
964 3734 61 38 er
1074 3706 139 63 nicht
1261 3703 321 61 seinerseits
1635 3703 114 48 erst
1787 3678 361 68 Bildsamkeit
2196 3693 107 41 aus
2351 3668 99 60 der
2496 3662 358 77 Imperatons
2918 3670 73 38 en

748 3807 257 74 Haltung
1046 3802 101 61 des
1178 3797 238 61 Kaisers
1449 3787 252 63 bekäme.
1744 3779 125 61 Der
1899 3774 208 64 Kaiser
2250 3777 264 66 spontan,
2554 3751 148 64 stellt
2740 3746 89 61 die
2963 3782 28 10 -

756 3899 287 76 dringliche
1076 3896 356 76 Anpassung
1475 3881 142 63 über
1658 3876 104 61 das
1795 3866 363 83 eigenwillige
2194 3855 271 69 Schaffen,
2506 3850 198 61 betont

761 4000 188 51 intime
987 3988 379 63 Kontinuität,
1409 3975 249 63 sondern
1698 3967 102 61 das
1843 3972 193 54 immer
2077 3952 211 66 wieder
2331 3967 145 43 neue
2506 3942 333 61 Einsetzen,
2882 3952 38 38 u
