3138 4572
1295 470 65 49 Ä.
1383 470 144 55 Kofß,
1564 469 192 52 Besuch
1784 470 89 51 hei
1895 471 262 52 Duchesne

603 471 97 50 540

605 675 91 63 die
720 673 485 65 Nichtkatholiken
1248 672 212 62 darauf
1492 689 283 56 wetteten,
1817 698 69 38 so
1926 674 249 64 konnten
2211 677 92 62 ihn
2336 687 157 53 seine
2526 679 320 69 feindlichen

605 766 503 64 Glauhenshrüder
1148 766 170 60 kaum
1360 783 296 46 erwarten.
1708 767 167 62 Aber
1916 768 76 61 ich
2034 769 196 63 wußte
2269 795 75 38 zu
2386 795 207 56 genau,
2635 773 112 64 daß
2787 801 59 39 er

603 862 190 61 diesen
835 859 107 63 den
984 858 268 62 Gefallen
1294 859 141 61 nicht
1473 877 101 45 tun
1616 861 221 71 würde,
1879 886 98 37 um
2018 863 134 60 mich
2196 866 135 60 auch
2373 889 108 38 nur
2521 890 75 38 zu
2639 867 207 65 erkun*

599 956 182 77 digen,
820 952 240 62 welchen
1101 952 310 64 Entschluß
1454 978 61 38 er
1553 956 274 76 getroffen
1869 956 170 62 hatte.

674 1047 86 61 Es
786 1045 199 62 wurde
1009 1046 391 62 Mittsommer
1434 1047 140 63 über
1607 1047 91 63 die
1723 1047 243 64 häßliche
1991 1050 357 80 Kampagne,
2382 1054 76 59 ich
2493 1078 122 37 war
2637 1058 207 75 gerade

594 1150 55 52 in
688 1140 241 61 London
971 1140 120 61 und
1130 1140 194 62 wollte
1365 1143 133 59 nach
1540 1143 386 62 Deutschland
1966 1148 224 68 zurück,
2242 1145 84 62 als
2376 1148 76 59 ich
2503 1147 166 62 durch
2720 1159 123 55 eine

591 1234 432 76 Zeitungsnotiz
1072 1233 212 72 erfuhr,
1334 1234 111 64 daß
1487 1235 301 63 Duchesne
1837 1238 107 60 sich
1995 1247 53 52 in
2098 1238 153 62 Paris
2301 1239 227 62 befand.
2587 1242 255 63 Plötzlich

589 1327 146 62 lebte
783 1326 75 62 da
908 1327 374 80 übermächtig
1333 1328 99 62 der
1480 1328 258 62 Wunsch
1789 1338 55 54 in
1895 1340 102 52 mir
2046 1332 119 71 auf,
2216 1332 93 62 ihn
2358 1334 481 67 wiederzusehen.

588 1420 169 62 Seine
796 1420 264 63 Adresse
1101 1445 123 38 war
1273 1422 200 62 schnell
1522 1423 279 71 ermittelt,
1850 1425 75 61 ich
1976 1425 208 62 schrieb
2235 1426 131 72 ihm,
2416 1427 111 62 daß
2577 1430 76 61 ich
2702 1430 141 63 über

584 1515 154 61 Paris
779 1514 166 62 führe
986 1515 119 61 und
1146 1515 181 79 fragte
1367 1540 93 47 an,
1502 1516 78 62 ob
1621 1540 61 38 er
1722 1519 134 59 mich
1900 1519 337 80 empfangen
2279 1521 187 62 wolle.
2526 1524 115 61 Die
2681 1524 119 62 Ant-

584 1624 148 46 wort
764 1633 123 37 war
928 1619 90 52 ein
1059 1609 211 63 kleines
1303 1610 203 72 Billett,
1548 1620 99 52 mit
1688 1613 293 77 sorglicher
2010 1614 253 77 Angabe
2305 1615 100 62 der
2437 1616 405 79 Untergrund*

583 1701 151 61 bahn
776 1701 119 63 und
936 1703 100 62 der
1069 1703 319 72 Stationen,
1430 1729 96 37 wo
1569 1707 75 59 ich
1688 1715 124 53 ein*
1854 1707 118 61 und
2006 1717 315 70 umsteigen
2362 1721 213 61 müsse,
2617 1736 97 37 um
2748 1736 93 38 am

581 1795 327 63 schnellsten
948 1821 139 38 vom
1134 1799 218 60 rechten
1394 1799 153 61 Ufer
1594 1823 76 37 zu
1719 1799 115 63 ihm
1883 1799 596 66 hinüberzukommen.
2538 1804 303 79 Möglichst

581 1889 150 73 bald,
782 1889 147 63 denn
972 1915 61 38 er
1074 1901 83 52 sei
1197 1901 74 52 im
1312 1892 214 79 Begriff
1569 1902 54 53 in
1676 1893 90 62 die
1806 1895 280 77 Bretagne
2135 1920 74 37 zu
2259 1896 222 63 fahren!
2540 1898 82 61 Ich
2670 1910 169 52 reiste

581 1983 256 79 sogleich,
886 2009 123 37 war
1050 1985 216 62 abends
1309 1995 53 52 in
1404 1987 174 71 Paris,
1629 1987 119 62 und
1795 1987 248 62 kündete
2091 1990 135 61 mich
2277 1990 91 62 für
2416 1991 111 62 den
2577 1994 261 62 nächsten

580 2077 254 79 Morgen
875 2077 91 64 bei
1007 2079 113 62 ihm
1163 2104 90 38 an.
1295 2080 104 61 An
1444 2080 99 62 der
1582 2081 179 62 Hand
1802 2091 183 54 seiner
2024 2082 319 64 Vermerke
2382 2085 146 79 legte
2569 2088 96 69 ich,
2706 2086 132 63 bald

581 2170 159 73 über,
781 2170 134 62 bald
956 2189 165 45 unter
1162 2173 100 62 der
1301 2173 181 72 Erde,
1531 2173 130 63 dem
1701 2174 422 81 komplizierten
2165 2176 159 79 Weg
2363 2202 76 38 zu
2481 2188 184 53 seiner
2704 2203 134 38 ver*

580 2265 231 63 lorenen
861 2265 219 64 kleinen
1122 2267 312 78 Sackgasse
1482 2270 225 70 zurück,
1756 2279 57 51 in
1863 2269 100 62 der
2013 2270 105 61 sich
2171 2276 392 76 zweistöckige
2603 2274 235 62 Häuser

579 2358 324 64 altmodisch
946 2361 578 63 aneinanderreihten.
1585 2362 82 61 Ich
1710 2363 129 61 eilte
1881 2372 123 53 eine
2047 2363 190 79 Stiege
2279 2364 215 74 hinauf,
2535 2383 109 45 trat
2682 2368 154 61 rasch

580 2452 165 62 durch
788 2462 125 54 eine
952 2450 159 66 Türe
1252 2465 113 52 wie
1409 2455 218 63 damals
1679 2457 167 61 stand
1895 2481 60 38 er
2004 2483 92 38 am
2137 2457 243 65 Fenster
2519 2461 126 62 kein
2684 2462 154 79 Jani*

579 2546 194 62 culum
814 2546 158 62 mehr
1115 2547 268 79 gesenkte
1413 2549 308 78 Jalousien,
1762 2575 98 37 um
1902 2551 102 62 das
2039 2552 358 64 Sonnenlicht
2429 2579 75 37 zu
2540 2555 297 80 dämpfen,-

579 2650 109 52 wie
730 2640 217 64 damals
989 2643 194 61 wußte
1225 2644 75 60 ich
1343 2644 168 61 nichts
1552 2668 119 37 von
1713 2644 128 62 dem
1875 2646 188 61 Raum
2105 2671 98 38 um
2236 2649 136 60 mich
2405 2648 114 62 her.
2564 2649 82 62 Ich
2681 2649 155 63 hatte

580 2735 133 60 mich
760 2735 369 73 verschleiert,
1171 2745 111 53 wie
1323 2761 131 37 man
1496 2737 103 62 das
1641 2738 393 63 unwillkürlich
2075 2756 107 55 tut,
2230 2764 170 39 wenn
2439 2766 132 38 man
2611 2743 227 77 jemand

579 2828 133 61 nach
754 2828 119 61 acht
909 2828 199 79 Jahren
1150 2829 388 74 wiedersieht,-
1586 2841 142 52 sein
1769 2833 367 62 verändertes
2178 2834 315 63 Aussehen
2536 2836 137 62 aber
2712 2860 124 38 war

579 2945 81 47 es,
711 2921 103 62 das
865 2923 76 60 ich
990 2932 101 52 mit
1138 2923 356 79 Bestürzung
1543 2925 350 63 wahrnahm.
1953 2927 192 71 Nicht,
2202 2927 110 62 daß
2363 2951 61 40 er
2472 2928 174 63 krank
2693 2931 141 61 oder

579 3015 150 62 stark
768 3015 236 78 gealtert
1044 3017 203 73 schien,
1295 3041 62 38 es
1398 3043 123 36 war
1563 3020 136 59 noch
1742 3018 102 63 das
1895 3021 199 61 schnell
2145 3021 230 72 bereite,
2424 3024 112 61 fast
2583 3024 253 62 bedroh*

578 3109 129 62 liehe
748 3110 344 63 Aufblitzen
1143 3111 100 62 des
1284 3112 228 78 Auges,
1564 3112 92 63 die
1704 3112 188 64 kühne
1942 3115 120 61 und
2112 3116 390 79 gebieterische
2549 3118 284 72 Abwehr,

579 3204 136 61 aber
754 3227 61 39 es
857 3228 123 37 war
1021 3206 136 60 auch
1200 3205 90 62 die
1329 3205 219 62 Furche
1590 3206 100 63 des
1732 3208 329 72 Kummers,
2112 3227 180 45 etwas
2335 3234 68 38 so
2444 3212 248 71 bitteres,
2743 3222 89 52 ein

580 3319 67 37 so
688 3297 330 62 wühlender
1053 3297 204 72 Gram,
1299 3298 110 63 daß
1450 3309 103 51 mir
1591 3330 63 17 —'
1694 3300 76 61 ich
1804 3302 135 61 muß
1971 3303 270 77 gestehen
2385 3313 162 52 einen
2580 3306 253 77 Augen*

579 3389 133 61 blick
744 3391 194 78 König
969 3392 147 62 Lear
1158 3392 165 62 durch
1366 3393 109 61 den
1510 3393 169 80 Kopf
1712 3394 186 72 schoß,
1939 3405 112 53 wie
2084 3420 61 38 er
2178 3406 54 52 in
2265 3406 185 53 seiner
2481 3398 352 62 Verlassen*

581 3481 112 63 heit
734 3483 90 63 die
863 3487 515 79 sturmgepeitschte
1409 3487 201 61 Natur
1647 3511 133 38 zum
1812 3488 244 79 Zeugen
2089 3491 289 62 erlittenen
2413 3492 278 62 Unrechts
2724 3516 109 38 an*

581 3576 125 62 ruft.
750 3577 88 63 Es
879 3603 124 37 war
1042 3603 108 38 nur
1191 3589 124 53 eine
1357 3581 210 62 andere
1604 3581 324 81 Zügelung,
1969 3585 136 61 aber
2146 3608 61 39 es
2250 3609 123 38 war
2414 3585 249 63 dieselbe
2701 3586 132 62 Ge*

583 3667 279 66 hetzthdt.

664 3764 132 62 »Sie
826 3774 265 64 wissen,«
1135 3784 160 63 sagte
1336 3792 78 48 er,
1459 3770 145 60 »auf
1635 3770 206 63 welche
1875 3772 205 62 Weise
2122 3797 131 38 man
2295 3775 134 60 mich
2470 3798 104 38 zur
2607 3774 225 64 Strecke

588 3877 75 38 zu
703 3855 230 80 bringen
974 3860 208 63 sucht«.

668 3949 199 63 »Aber
906 3976 68 37 so
1014 3954 371 76 vergebens«,
1426 3966 206 53 meinte
1674 3960 76 59 ich
1792 3960 447 63 achselzuckend.
