<?xml version="1.0" encoding="UTF-8"?>
<alto xmlns:xsi="http://www.w3.org/2001/XMLSchema-instance" xmlns="http://www.loc.gov/standards/alto/ns-v2#" xsi:schemaLocation="http://www.loc.gov/standards/alto/ns-v2# http://www.loc.gov/standards/alto/v2/alto-2-0.xsd" xmlns:xlink="http://www.w3.org/1999/xlink">
	<Description>
		<MeasurementUnit>mm10</MeasurementUnit>
		<sourceImageInformation>
			<fileName>./bmtnabr_1914-02_01_0039.jp2</fileName>
		</sourceImageInformation>
		<OCRProcessing ID="OCRPROCESSING_1">
			<preProcessingStep>
				<processingSoftware>
					<softwareCreator>CCS Content Conversion Specialists GmbH, Germany</softwareCreator>
					<softwareName>CCS docWorks</softwareName>
					<softwareVersion>6.8-1.27</softwareVersion>
				</processingSoftware>
			</preProcessingStep>
			<ocrProcessingStep>
				<processingSoftware>
					<softwareCreator>ABBYY (BIT Software), Russia</softwareCreator>
					<softwareName>FineReader</softwareName>
					<softwareVersion>11.0</softwareVersion>
				</processingSoftware>
			</ocrProcessingStep>
			<postProcessingStep>
				<processingSoftware>
					<softwareCreator>CCS Content Conversion Specialists GmbH, Germany</softwareCreator>
					<softwareName>CCS docWorks</softwareName>
					<softwareVersion>6.8-1.27</softwareVersion>
					<applicationDescription>docWorks: Text modified manually, or automatically replaced</applicationDescription>
				</processingSoftware>
			</postProcessingStep>
		</OCRProcessing>
	</Description>
	<Styles>
		<TextStyle ID="TXT_0" FONTSIZE="19" FONTFAMILY="Times New Roman" FONTSTYLE="italics"/>
		<TextStyle ID="TXT_1" FONTSIZE="27" FONTFAMILY="Times New Roman"/>
		<TextStyle ID="TXT_2" FONTSIZE="31" FONTFAMILY="Times New Roman"/>
		<TextStyle ID="TXT_3" FONTSIZE="22" FONTFAMILY="Times New Roman"/>
		<TextStyle ID="TXT_4" FONTSIZE="22" FONTFAMILY="Times New Roman" FONTSTYLE="italics"/>
		<ParagraphStyle ID="PAR_LEFT" ALIGN="Left"/>
		<ParagraphStyle ID="PAR_RIGHT" ALIGN="Right"/>
		<ParagraphStyle ID="PAR_CENTER" ALIGN="Center"/>
	</Styles>
	<Layout>
		<Page ID="P39" PHYSICAL_IMG_NR="39" HEIGHT="4572" WIDTH="3265" PRINTED_IMG_NR="565" PC="0.958">
			<TopMargin ID="P39_TM00001" HPOS="0" VPOS="0" WIDTH="3265" HEIGHT="512">
				<TextBlock ID="P39_TB00001" HPOS="1071" VPOS="454" WIDTH="969" HEIGHT="56" STYLEREFS="TXT_0 PAR_LEFT">
					<TextLine ID="P39_TL00001" HPOS="1072" VPOS="456" WIDTH="968" HEIGHT="54">
						<String ID="P39_ST00001" HPOS="1072" VPOS="457" WIDTH="60" HEIGHT="51" CONTENT="R." WC="0.63" CC="61"/>
						<SP ID="P39_SP00001" HPOS="1132" VPOS="508" WIDTH="28"/>
						<String ID="P39_ST00002" HPOS="1160" VPOS="458" WIDTH="243" HEIGHT="52" CONTENT="Goumai" WC="0.48" CC="314866"/>
						<SP ID="P39_SP00002" HPOS="1403" VPOS="510" WIDTH="411"/>
						<String ID="P39_ST00003" HPOS="1814" VPOS="458" WIDTH="66" HEIGHT="50" CONTENT="Der" WC="0.98" CC="400"/>
						<SP ID="P39_SP00003" HPOS="1880" VPOS="510" WIDTH="1"/>
						<String ID="P39_ST00004" HPOS="1881" VPOS="456" WIDTH="159" HEIGHT="49" CONTENT="Kaiser" WC="0.98" CC="044450"/>
					</TextLine>
				</TextBlock>
				<TextBlock ID="P39_TB00002" HPOS="2576" VPOS="454" WIDTH="92" HEIGHT="48" STYLEREFS="TXT_1 PAR_RIGHT">
					<TextLine ID="P39_TL00002" HPOS="2576" VPOS="454" WIDTH="92" HEIGHT="48">
						<String ID="P39_ST00005" HPOS="2576" VPOS="454" WIDTH="92" HEIGHT="48" CONTENT="565" WC="1.00" CC="000"/>
					</TextLine>
				</TextBlock>
			</TopMargin>
			<LeftMargin ID="P39_LM00001" HPOS="0" VPOS="512" WIDTH="434" HEIGHT="3492"/>
			<RightMargin ID="P39_RM00001" HPOS="2677" VPOS="512" WIDTH="588" HEIGHT="3492"/>
			<BottomMargin ID="P39_BM00001" HPOS="0" VPOS="4004" WIDTH="3265" HEIGHT="568"/>
			<PrintSpace ID="P39_PS00001" HPOS="434" VPOS="512" WIDTH="2243" HEIGHT="3492">
				<TextBlock ID="P39_TB00003" HPOS="916" VPOS="1185" WIDTH="1268" HEIGHT="75" STYLEREFS="TXT_2 PAR_CENTER">
					<TextLine ID="P39_TL00003" HPOS="916" VPOS="1185" WIDTH="1268" HEIGHT="75">
						<String ID="P39_ST00006" HPOS="916" VPOS="1188" WIDTH="213" HEIGHT="72" CONTENT="DER" WC="0.97" CC="053"/>
						<SP ID="P39_SP00004" HPOS="1129" VPOS="1260" WIDTH="50"/>
						<String ID="P39_ST00007" HPOS="1179" VPOS="1185" WIDTH="579" HEIGHT="75" CONTENT="DEUTSCHE" WC="0.99" CC="05551004"/>
						<SP ID="P39_SP00005" HPOS="1758" VPOS="1260" WIDTH="46"/>
						<String ID="P39_ST00008" HPOS="1804" VPOS="1187" WIDTH="380" HEIGHT="73" CONTENT="KAISER" WC="0.98" CC="044054"/>
					</TextLine>
				</TextBlock>
				<TextBlock ID="P39_TB00004" HPOS="434" VPOS="1403" WIDTH="2243" HEIGHT="2601" STYLEREFS="TXT_3 PAR_RIGHT">
					<TextLine ID="P39_TL00004" HPOS="435" VPOS="1404" WIDTH="2231" HEIGHT="174">
						<String ID="P39_ST00009" HPOS="435" VPOS="1410" WIDTH="266" HEIGHT="168" CONTENT="DER" WC="0.95" CC="065"/>
						<SP ID="P39_SP00006" HPOS="701" VPOS="1578" WIDTH="35"/>
						<String ID="P39_ST00010" HPOS="736" VPOS="1408" WIDTH="268" HEIGHT="77" CONTENT="englische" WC="0.98" CC="527760765"/>
						<SP ID="P39_SP00007" HPOS="1004" VPOS="1578" WIDTH="34"/>
						<String ID="P39_ST00011" HPOS="1038" VPOS="1406" WIDTH="210" HEIGHT="77" CONTENT="König," WC="0.98" CC="022594"/>
						<SP ID="P39_SP00008" HPOS="1248" VPOS="1578" WIDTH="34"/>
						<String ID="P39_ST00012" HPOS="1282" VPOS="1404" WIDTH="236" HEIGHT="79" CONTENT="exempli" WC="0.93" CC="0004000"/>
						<SP ID="P39_SP00009" HPOS="1518" VPOS="1578" WIDTH="33"/>
						<String ID="P39_ST00013" HPOS="1551" VPOS="1428" WIDTH="196" HEIGHT="46" CONTENT="causa," WC="0.98" CC="326064"/>
						<SP ID="P39_SP00010" HPOS="1747" VPOS="1578" WIDTH="35"/>
						<String ID="P39_ST00014" HPOS="1782" VPOS="1414" WIDTH="69" HEIGHT="52" CONTENT="ist" WC="0.98" CC="300"/>
						<SP ID="P39_SP00011" HPOS="1851" VPOS="1578" WIDTH="33"/>
						<String ID="P39_ST00015" HPOS="1884" VPOS="1414" WIDTH="122" HEIGHT="52" CONTENT="eine" WC="0.98" CC="0450"/>
						<SP ID="P39_SP00012" HPOS="2006" VPOS="1578" WIDTH="33"/>
						<String ID="P39_ST00016" HPOS="2039" VPOS="1404" WIDTH="275" HEIGHT="61" CONTENT="rechtliche" WC="0.98" CC="6079470790"/>
						<SP ID="P39_SP00013" HPOS="2314" VPOS="1578" WIDTH="33"/>
						<String ID="P39_ST00017" HPOS="2347" VPOS="1404" WIDTH="319" HEIGHT="61" CONTENT="Institution" WC="0.99" CC="05070441630"/>
					</TextLine>
					<TextLine ID="P39_TL00005" HPOS="632" VPOS="1498" WIDTH="2035" HEIGHT="79">
						<String ID="P39_ST00018" HPOS="632" VPOS="1504" WIDTH="99" HEIGHT="60" CONTENT="der" WC="0.95" CC="706"/>
						<SP ID="P39_SP00014" HPOS="731" VPOS="1564" WIDTH="39"/>
						<String ID="P39_ST00019" HPOS="770" VPOS="1500" WIDTH="366" HEIGHT="77" CONTENT="Verfassung" WC="0.99" CC="0065500020"/>
						<SP ID="P39_SP00015" HPOS="1136" VPOS="1577" WIDTH="40"/>
						<String ID="P39_ST00020" HPOS="1176" VPOS="1498" WIDTH="313" HEIGHT="77" CONTENT="Englands," WC="0.99" CC="700624904"/>
						<SP ID="P39_SP00016" HPOS="1489" VPOS="1577" WIDTH="51"/>
						<String ID="P39_ST00021" HPOS="1540" VPOS="1498" WIDTH="134" HEIGHT="61" CONTENT="aber" WC="0.97" CC="2706"/>
						<SP ID="P39_SP00017" HPOS="1674" VPOS="1577" WIDTH="47"/>
						<String ID="P39_ST00022" HPOS="1721" VPOS="1508" WIDTH="110" HEIGHT="51" CONTENT="wie" WC="0.94" CC="646"/>
						<SP ID="P39_SP00018" HPOS="1831" VPOS="1577" WIDTH="48"/>
						<String ID="P39_ST00023" HPOS="1879" VPOS="1499" WIDTH="388" HEIGHT="60" CONTENT="Institutionen" WC="0.99" CC="5400503504003"/>
						<SP ID="P39_SP00019" HPOS="2267" VPOS="1577" WIDTH="50"/>
						<String ID="P39_ST00024" HPOS="2317" VPOS="1514" WIDTH="118" HEIGHT="52" CONTENT="tun," WC="0.97" CC="5304"/>
						<SP ID="P39_SP00020" HPOS="2435" VPOS="1577" WIDTH="52"/>
						<String ID="P39_ST00025" HPOS="2487" VPOS="1521" WIDTH="61" HEIGHT="36" CONTENT="er" WC="0.76" CC="04"/>
						<SP ID="P39_SP00021" HPOS="2548" VPOS="1577" WIDTH="50"/>
						<String ID="P39_ST00026" HPOS="2598" VPOS="1505" WIDTH="69" HEIGHT="52" CONTENT="ist" WC="0.98" CC="004"/>
					</TextLine>
					<TextLine ID="P39_TL00006" HPOS="436" VPOS="1590" WIDTH="2229" HEIGHT="73">
						<String ID="P39_ST00027" HPOS="436" VPOS="1599" WIDTH="133" HEIGHT="63" CONTENT="auch" WC="1.00" CC="1000"/>
						<SP ID="P39_SP00022" HPOS="569" VPOS="1662" WIDTH="59"/>
						<String ID="P39_ST00028" HPOS="628" VPOS="1606" WIDTH="123" HEIGHT="52" CONTENT="eine" WC="0.98" CC="0630"/>
						<SP ID="P39_SP00023" HPOS="751" VPOS="1662" WIDTH="58"/>
						<String ID="P39_ST00029" HPOS="809" VPOS="1593" WIDTH="247" HEIGHT="70" CONTENT="Gestalt," WC="1.00" CC="01000034"/>
						<SP ID="P39_SP00024" HPOS="1056" VPOS="1663" WIDTH="49"/>
						<String ID="P39_ST00030" HPOS="1105" VPOS="1593" WIDTH="205" HEIGHT="60" CONTENT="welche" WC="0.98" CC="905700"/>
						<SP ID="P39_SP00025" HPOS="1310" VPOS="1663" WIDTH="49"/>
						<String ID="P39_ST00031" HPOS="1359" VPOS="1592" WIDTH="89" HEIGHT="61" CONTENT="die" WC="0.98" CC="040"/>
						<SP ID="P39_SP00026" HPOS="1448" VPOS="1663" WIDTH="47"/>
						<String ID="P39_ST00032" HPOS="1495" VPOS="1590" WIDTH="488" HEIGHT="61" CONTENT="Persönlichkeiten" WC="0.99" CC="0050336107635450"/>
						<SP ID="P39_SP00027" HPOS="1983" VPOS="1663" WIDTH="42"/>
						<String ID="P39_ST00033" HPOS="2025" VPOS="1590" WIDTH="358" HEIGHT="69" CONTENT="überdauert," WC="0.99" CC="07450500620"/>
						<SP ID="P39_SP00028" HPOS="2383" VPOS="1663" WIDTH="43"/>
						<String ID="P39_ST00034" HPOS="2426" VPOS="1590" WIDTH="90" HEIGHT="60" CONTENT="die" WC="0.99" CC="020"/>
						<SP ID="P39_SP00029" HPOS="2516" VPOS="1663" WIDTH="42"/>
						<String ID="P39_ST00035" HPOS="2558" VPOS="1590" WIDTH="107" HEIGHT="59" CONTENT="sich" WC="0.97" CC="0507"/>
					</TextLine>
					<TextLine ID="P39_TL00007" HPOS="437" VPOS="1683" WIDTH="2228" HEIGHT="83">
						<String ID="P39_ST00036" HPOS="437" VPOS="1704" WIDTH="55" HEIGHT="50" CONTENT="in" WC="0.70" CC="05"/>
						<SP ID="P39_SP00030" HPOS="492" VPOS="1754" WIDTH="42"/>
						<String ID="P39_ST00037" HPOS="534" VPOS="1692" WIDTH="98" HEIGHT="60" CONTENT="der" WC="0.98" CC="005"/>
						<SP ID="P39_SP00031" HPOS="632" VPOS="1754" WIDTH="31"/>
						<String ID="P39_ST00038" HPOS="663" VPOS="1690" WIDTH="182" HEIGHT="76" CONTENT="Folge" WC="0.98" CC="26700"/>
						<SP ID="P39_SP00032" HPOS="845" VPOS="1766" WIDTH="34"/>
						<String ID="P39_ST00039" HPOS="879" VPOS="1688" WIDTH="99" HEIGHT="60" CONTENT="der" WC="0.98" CC="005"/>
						<SP ID="P39_SP00033" HPOS="978" VPOS="1766" WIDTH="35"/>
						<String ID="P39_ST00040" HPOS="1013" VPOS="1687" WIDTH="424" HEIGHT="61" CONTENT="Generationen" WC="1.00" CC="450240500000"/>
						<SP ID="P39_SP00034" HPOS="1437" VPOS="1766" WIDTH="35"/>
						<String ID="P39_ST00041" HPOS="1472" VPOS="1695" WIDTH="52" HEIGHT="50" CONTENT="in" WC="0.81" CC="30"/>
						<SP ID="P39_SP00035" HPOS="1524" VPOS="1766" WIDTH="35"/>
						<String ID="P39_ST00042" HPOS="1559" VPOS="1684" WIDTH="82" HEIGHT="60" CONTENT="ihr" WC="0.96" CC="065"/>
						<SP ID="P39_SP00036" HPOS="1641" VPOS="1766" WIDTH="31"/>
						<String ID="P39_ST00043" HPOS="1672" VPOS="1684" WIDTH="280" HEIGHT="77" CONTENT="gehaben,-" WC="0.61" CC="000675744"/>
						<SP ID="P39_SP00037" HPOS="1952" VPOS="1766" WIDTH="33"/>
						<String ID="P39_ST00044" HPOS="1985" VPOS="1693" WIDTH="121" HEIGHT="52" CONTENT="eine" WC="0.98" CC="0512"/>
						<SP ID="P39_SP00038" HPOS="2106" VPOS="1766" WIDTH="34"/>
						<String ID="P39_ST00045" HPOS="2140" VPOS="1684" WIDTH="313" HEIGHT="78" CONTENT="psychische" WC="0.99" CC="1070700070"/>
						<SP ID="P39_SP00039" HPOS="2453" VPOS="1766" WIDTH="34"/>
						<String ID="P39_ST00046" HPOS="2487" VPOS="1683" WIDTH="178" HEIGHT="60" CONTENT="Form" WC="0.96" CC="6451"/>
					</TextLine>
					<TextLine ID="P39_TL00008" HPOS="437" VPOS="1776" WIDTH="2228" HEIGHT="79">
						<String ID="P39_ST00047" HPOS="437" VPOS="1795" WIDTH="69" HEIGHT="52" CONTENT="ist" WC="0.96" CC="603"/>
						<SP ID="P39_SP00040" HPOS="506" VPOS="1847" WIDTH="39"/>
						<String ID="P39_ST00048" HPOS="545" VPOS="1784" WIDTH="155" HEIGHT="60" CONTENT="diese" WC="0.99" CC="04000"/>
						<SP ID="P39_SP00041" HPOS="700" VPOS="1847" WIDTH="42"/>
						<String ID="P39_ST00049" HPOS="742" VPOS="1781" WIDTH="248" HEIGHT="70" CONTENT="Gestalt," WC="0.99" CC="00000744"/>
						<SP ID="P39_SP00042" HPOS="990" VPOS="1851" WIDTH="43"/>
						<String ID="P39_ST00050" HPOS="1033" VPOS="1780" WIDTH="89" HEIGHT="61" CONTENT="die" WC="0.99" CC="030"/>
						<SP ID="P39_SP00043" HPOS="1122" VPOS="1851" WIDTH="42"/>
						<String ID="P39_ST00051" HPOS="1164" VPOS="1778" WIDTH="101" HEIGHT="61" CONTENT="das" WC="1.00" CC="000"/>
						<SP ID="P39_SP00044" HPOS="1265" VPOS="1851" WIDTH="41"/>
						<String ID="P39_ST00052" HPOS="1306" VPOS="1777" WIDTH="269" HEIGHT="78" CONTENT="jeweilige" WC="0.99" CC="600055500"/>
						<SP ID="P39_SP00045" HPOS="1575" VPOS="1855" WIDTH="40"/>
						<String ID="P39_ST00053" HPOS="1615" VPOS="1777" WIDTH="448" HEIGHT="78" CONTENT="Psychologische" WC="1.00" CC="20700163000900"/>
						<SP ID="P39_SP00046" HPOS="2063" VPOS="1855" WIDTH="46"/>
						<String ID="P39_ST00054" HPOS="2109" VPOS="1776" WIDTH="146" HEIGHT="61" CONTENT="ihrer" WC="0.98" CC="06404"/>
						<SP ID="P39_SP00047" HPOS="2255" VPOS="1855" WIDTH="48"/>
						<String ID="P39_ST00055" HPOS="2303" VPOS="1776" WIDTH="237" HEIGHT="61" CONTENT="Inhaber" WC="0.99" CC="0070706"/>
						<SP ID="P39_SP00048" HPOS="2540" VPOS="1855" WIDTH="53"/>
						<String ID="P39_ST00056" HPOS="2593" VPOS="1799" WIDTH="72" HEIGHT="35" CONTENT="an" WC="0.72" CC="05"/>
					</TextLine>
					<TextLine ID="P39_TL00009" HPOS="435" VPOS="1869" WIDTH="2230" HEIGHT="82">
						<String ID="P39_ST00057" HPOS="435" VPOS="1876" WIDTH="402" HEIGHT="64" CONTENT="Wirksamkeit" WC="0.99" CC="74640010450"/>
						<SP ID="P39_SP00049" HPOS="837" VPOS="1940" WIDTH="42"/>
						<String ID="P39_ST00058" HPOS="879" VPOS="1874" WIDTH="117" HEIGHT="61" CONTENT="und" WC="1.00" CC="000"/>
						<SP ID="P39_SP00050" HPOS="996" VPOS="1940" WIDTH="42"/>
						<String ID="P39_ST00059" HPOS="1038" VPOS="1874" WIDTH="254" HEIGHT="77" CONTENT="Dignität" WC="0.99" CC="33043300"/>
						<SP ID="P39_SP00051" HPOS="1292" VPOS="1951" WIDTH="33"/>
						<String ID="P39_ST00060" HPOS="1325" VPOS="1871" WIDTH="283" HEIGHT="62" CONTENT="übertrifft." WC="0.73" CC="00044517013"/>
						<SP ID="P39_SP00052" HPOS="1608" VPOS="1951" WIDTH="38"/>
						<String ID="P39_ST00061" HPOS="1646" VPOS="1871" WIDTH="186" HEIGHT="61" CONTENT="Selbst" WC="0.98" CC="056005"/>
						<SP ID="P39_SP00053" HPOS="1832" VPOS="1951" WIDTH="32"/>
						<String ID="P39_ST00062" HPOS="1864" VPOS="1871" WIDTH="100" HEIGHT="61" CONTENT="das" WC="1.00" CC="000"/>
						<SP ID="P39_SP00054" HPOS="1964" VPOS="1951" WIDTH="37"/>
						<String ID="P39_ST00063" HPOS="2001" VPOS="1870" WIDTH="204" HEIGHT="70" CONTENT="Genie," WC="0.99" CC="000504"/>
						<SP ID="P39_SP00055" HPOS="2205" VPOS="1951" WIDTH="36"/>
						<String ID="P39_ST00064" HPOS="2241" VPOS="1870" WIDTH="101" HEIGHT="61" CONTENT="das" WC="1.00" CC="000"/>
						<SP ID="P39_SP00056" HPOS="2342" VPOS="1951" WIDTH="35"/>
						<String ID="P39_ST00065" HPOS="2377" VPOS="1871" WIDTH="106" HEIGHT="60" CONTENT="sich" WC="0.98" CC="0007"/>
						<SP ID="P39_SP00057" HPOS="2483" VPOS="1951" WIDTH="36"/>
						<String ID="P39_ST00066" HPOS="2519" VPOS="1869" WIDTH="146" HEIGHT="61" CONTENT="ihrer" WC="0.96" CC="47646"/>
					</TextLine>
					<TextLine ID="P39_TL00010" HPOS="435" VPOS="1964" WIDTH="1768" HEIGHT="74">
						<String ID="P39_ST00067" HPOS="435" VPOS="1997" WIDTH="72" HEIGHT="35" CONTENT="zu" WC="0.90" CC="10" STYLEREFS="TXT_4"/>
						<SP ID="P39_SP00058" HPOS="507" VPOS="2032" WIDTH="42"/>
						<String ID="P39_ST00068" HPOS="549" VPOS="1970" WIDTH="273" HEIGHT="61" CONTENT="bedienen" WC="0.99" CC="70010503"/>
						<SP ID="P39_SP00059" HPOS="822" VPOS="2032" WIDTH="42"/>
						<String ID="P39_ST00069" HPOS="864" VPOS="1969" WIDTH="222" HEIGHT="69" CONTENT="scheint," WC="0.99" CC="00704513"/>
						<SP ID="P39_SP00060" HPOS="1086" VPOS="2038" WIDTH="43"/>
						<String ID="P39_ST00070" HPOS="1129" VPOS="1966" WIDTH="194" HEIGHT="61" CONTENT="erhebt" WC="0.97" CC="056475"/>
						<SP ID="P39_SP00061" HPOS="1323" VPOS="2038" WIDTH="39"/>
						<String ID="P39_ST00071" HPOS="1362" VPOS="1966" WIDTH="105" HEIGHT="61" CONTENT="sich" WC="0.98" CC="0107"/>
						<SP ID="P39_SP00062" HPOS="1467" VPOS="2038" WIDTH="42"/>
						<String ID="P39_ST00072" HPOS="1509" VPOS="1965" WIDTH="106" HEIGHT="61" CONTENT="auf" WC="0.97" CC="006"/>
						<SP ID="P39_SP00063" HPOS="1615" VPOS="2038" WIDTH="34"/>
						<String ID="P39_ST00073" HPOS="1649" VPOS="1965" WIDTH="142" HEIGHT="60" CONTENT="ihrer" WC="0.96" CC="56565"/>
						<SP ID="P39_SP00064" HPOS="1791" VPOS="2038" WIDTH="41"/>
						<String ID="P39_ST00074" HPOS="1832" VPOS="1964" WIDTH="371" HEIGHT="61" CONTENT="Grundform." WC="0.99" CC="0504066673"/>
					</TextLine>
					<TextLine ID="P39_TL00011" HPOS="511" VPOS="2054" WIDTH="2155" HEIGHT="83">
						<String ID="P39_ST00075" HPOS="511" VPOS="2063" WIDTH="302" HEIGHT="61" CONTENT="Während" WC="0.99" CC="9063000"/>
						<SP ID="P39_SP00065" HPOS="813" VPOS="2124" WIDTH="41"/>
						<String ID="P39_ST00076" HPOS="854" VPOS="2062" WIDTH="142" HEIGHT="68" CONTENT="also," WC="0.98" CC="06054"/>
						<SP ID="P39_SP00066" HPOS="996" VPOS="2130" WIDTH="45"/>
						<String ID="P39_ST00077" HPOS="1041" VPOS="2086" WIDTH="95" HEIGHT="35" CONTENT="um" WC="0.77" CC="40"/>
						<SP ID="P39_SP00067" HPOS="1136" VPOS="2130" WIDTH="42"/>
						<String ID="P39_ST00078" HPOS="1178" VPOS="2060" WIDTH="289" HEIGHT="77" CONTENT="allgemein" WC="1.00" CC="270000000"/>
						<SP ID="P39_SP00068" HPOS="1467" VPOS="2137" WIDTH="41"/>
						<String ID="P39_ST00079" HPOS="1508" VPOS="2083" WIDTH="74" HEIGHT="37" CONTENT="zu" WC="0.66" CC="60"/>
						<SP ID="P39_SP00069" HPOS="1582" VPOS="2137" WIDTH="42"/>
						<String ID="P39_ST00080" HPOS="1624" VPOS="2059" WIDTH="276" HEIGHT="76" CONTENT="sprechen," WC="0.99" CC="006000324"/>
						<SP ID="P39_SP00070" HPOS="1900" VPOS="2137" WIDTH="50"/>
						<String ID="P39_ST00081" HPOS="1950" VPOS="2057" WIDTH="102" HEIGHT="61" CONTENT="das" WC="1.00" CC="000"/>
						<SP ID="P39_SP00071" HPOS="2052" VPOS="2137" WIDTH="44"/>
						<String ID="P39_ST00082" HPOS="2096" VPOS="2057" WIDTH="218" HEIGHT="61" CONTENT="Gesetz" WC="0.99" CC="400026"/>
						<SP ID="P39_SP00072" HPOS="2314" VPOS="2137" WIDTH="51"/>
						<String ID="P39_ST00083" HPOS="2365" VPOS="2055" WIDTH="99" HEIGHT="61" CONTENT="der" WC="1.00" CC="000"/>
						<SP ID="P39_SP00073" HPOS="2464" VPOS="2137" WIDTH="40"/>
						<String ID="P39_ST00084" HPOS="2504" VPOS="2054" WIDTH="162" HEIGHT="61" CONTENT="Ver*" WC="0.62" CC="0059"/>
					</TextLine>
					<TextLine ID="P39_TL00012" HPOS="436" VPOS="2148" WIDTH="2228" HEIGHT="85">
						<String ID="P39_ST00085" HPOS="436" VPOS="2158" WIDTH="232" HEIGHT="75" CONTENT="fassung" WC="0.96" CC="2000000"/>
						<SP ID="P39_SP00074" HPOS="668" VPOS="2233" WIDTH="42"/>
						<String ID="P39_ST00086" HPOS="710" VPOS="2156" WIDTH="102" HEIGHT="59" CONTENT="das" WC="1.00" CC="000"/>
						<SP ID="P39_SP00075" HPOS="812" VPOS="2233" WIDTH="42"/>
						<String ID="P39_ST00087" HPOS="854" VPOS="2153" WIDTH="358" HEIGHT="62" CONTENT="Individuum" WC="0.99" CC="3104050050"/>
						<SP ID="P39_SP00076" HPOS="1212" VPOS="2233" WIDTH="50"/>
						<String ID="P39_ST00088" HPOS="1262" VPOS="2177" WIDTH="73" HEIGHT="36" CONTENT="zu" WC="0.66" CC="60"/>
						<SP ID="P39_SP00077" HPOS="1335" VPOS="2233" WIDTH="50"/>
						<String ID="P39_ST00089" HPOS="1385" VPOS="2161" WIDTH="150" HEIGHT="51" CONTENT="einer" WC="0.99" CC="01206"/>
						<SP ID="P39_SP00078" HPOS="1535" VPOS="2233" WIDTH="39"/>
						<String ID="P39_ST00090" HPOS="1574" VPOS="2151" WIDTH="210" HEIGHT="61" CONTENT="Person" WC="0.99" CC="006060"/>
						<SP ID="P39_SP00079" HPOS="1784" VPOS="2233" WIDTH="49"/>
						<String ID="P39_ST00091" HPOS="1833" VPOS="2151" WIDTH="191" HEIGHT="68" CONTENT="macht," WC="1.00" CC="100000"/>
						<SP ID="P39_SP00080" HPOS="2024" VPOS="2233" WIDTH="57"/>
						<String ID="P39_ST00092" HPOS="2081" VPOS="2173" WIDTH="131" HEIGHT="36" CONTENT="zum" WC="0.95" CC="660"/>
						<SP ID="P39_SP00081" HPOS="2212" VPOS="2233" WIDTH="58"/>
						<String ID="P39_ST00093" HPOS="2270" VPOS="2148" WIDTH="211" HEIGHT="70" CONTENT="Zaren," WC="0.98" CC="705044"/>
						<SP ID="P39_SP00082" HPOS="2481" VPOS="2233" WIDTH="51"/>
						<String ID="P39_ST00094" HPOS="2532" VPOS="2171" WIDTH="132" HEIGHT="37" CONTENT="zum" WC="0.97" CC="600"/>
					</TextLine>
					<TextLine ID="P39_TL00013" HPOS="435" VPOS="2241" WIDTH="2230" HEIGHT="86">
						<String ID="P39_ST00095" HPOS="435" VPOS="2251" WIDTH="166" HEIGHT="76" CONTENT="King," WC="0.99" CC="02304"/>
						<SP ID="P39_SP00083" HPOS="601" VPOS="2327" WIDTH="57"/>
						<String ID="P39_ST00096" HPOS="658" VPOS="2248" WIDTH="143" HEIGHT="61" CONTENT="wird" WC="0.98" CC="0260"/>
						<SP ID="P39_SP00084" HPOS="801" VPOS="2327" WIDTH="57"/>
						<String ID="P39_ST00097" HPOS="858" VPOS="2271" WIDTH="61" HEIGHT="38" CONTENT="es" WC="1.00" CC="00"/>
						<SP ID="P39_SP00085" HPOS="919" VPOS="2327" WIDTH="58"/>
						<String ID="P39_ST00098" HPOS="977" VPOS="2256" WIDTH="316" HEIGHT="52" CONTENT="seinerseits" WC="0.99" CC="00513500330"/>
						<SP ID="P39_SP00086" HPOS="1293" VPOS="2327" WIDTH="59"/>
						<String ID="P39_ST00099" HPOS="1352" VPOS="2245" WIDTH="211" HEIGHT="60" CONTENT="wieder" WC="0.99" CC="030005"/>
						<SP ID="P39_SP00087" HPOS="1563" VPOS="2327" WIDTH="47"/>
						<String ID="P39_ST00100" HPOS="1610" VPOS="2243" WIDTH="336" HEIGHT="61" CONTENT="übertroffen" WC="0.99" CC="07052566700"/>
						<SP ID="P39_SP00088" HPOS="1946" VPOS="2327" WIDTH="51"/>
						<String ID="P39_ST00101" HPOS="1997" VPOS="2242" WIDTH="162" HEIGHT="61" CONTENT="durch" WC="0.98" CC="00707"/>
						<SP ID="P39_SP00089" HPOS="2159" VPOS="2327" WIDTH="51"/>
						<String ID="P39_ST00102" HPOS="2210" VPOS="2251" WIDTH="123" HEIGHT="51" CONTENT="eine" WC="0.99" CC="0040"/>
						<SP ID="P39_SP00090" HPOS="2333" VPOS="2327" WIDTH="42"/>
						<String ID="P39_ST00103" HPOS="2375" VPOS="2241" WIDTH="290" HEIGHT="77" CONTENT="plastische" WC="0.99" CC="0760330000"/>
					</TextLine>
					<TextLine ID="P39_TL00014" HPOS="436" VPOS="2333" WIDTH="2229" HEIGHT="79">
						<String ID="P39_ST00104" HPOS="436" VPOS="2344" WIDTH="250" HEIGHT="68" CONTENT="Gewalt," WC="0.99" CC="5000604"/>
						<SP ID="P39_SP00091" HPOS="686" VPOS="2412" WIDTH="41"/>
						<String ID="P39_ST00105" HPOS="727" VPOS="2342" WIDTH="206" HEIGHT="61" CONTENT="welche" WC="1.00" CC="005000"/>
						<SP ID="P39_SP00092" HPOS="933" VPOS="2412" WIDTH="42"/>
						<String ID="P39_ST00106" HPOS="975" VPOS="2341" WIDTH="90" HEIGHT="61" CONTENT="die" WC="0.98" CC="014"/>
						<SP ID="P39_SP00093" HPOS="1065" VPOS="2412" WIDTH="39"/>
						<String ID="P39_ST00107" HPOS="1104" VPOS="2341" WIDTH="211" HEIGHT="60" CONTENT="Person" WC="0.99" CC="026040"/>
						<SP ID="P39_SP00094" HPOS="1315" VPOS="2412" WIDTH="42"/>
						<String ID="P39_ST00108" HPOS="1357" VPOS="2364" WIDTH="100" HEIGHT="37" CONTENT="zur" WC="0.93" CC="466"/>
						<SP ID="P39_SP00095" HPOS="1457" VPOS="2412" WIDTH="42"/>
						<String ID="P39_ST00109" HPOS="1499" VPOS="2339" WIDTH="227" HEIGHT="60" CONTENT="Gestalt" WC="0.99" CC="0000675"/>
						<SP ID="P39_SP00096" HPOS="1726" VPOS="2412" WIDTH="38"/>
						<String ID="P39_ST00110" HPOS="1764" VPOS="2339" WIDTH="188" HEIGHT="58" CONTENT="macht." WC="0.99" CC="050053"/>
						<SP ID="P39_SP00097" HPOS="1952" VPOS="2412" WIDTH="36"/>
						<String ID="P39_ST00111" HPOS="1988" VPOS="2336" WIDTH="271" HEIGHT="61" CONTENT="Nehmen" WC="0.98" CC="607040"/>
						<SP ID="P39_SP00098" HPOS="2259" VPOS="2412" WIDTH="33"/>
						<String ID="P39_ST00112" HPOS="2292" VPOS="2344" WIDTH="104" HEIGHT="50" CONTENT="wir" WC="0.97" CC="024"/>
						<SP ID="P39_SP00099" HPOS="2396" VPOS="2412" WIDTH="30"/>
						<String ID="P39_ST00113" HPOS="2426" VPOS="2359" WIDTH="93" HEIGHT="44" CONTENT="an," WC="0.97" CC="034"/>
						<SP ID="P39_SP00100" HPOS="2519" VPOS="2412" WIDTH="35"/>
						<String ID="P39_ST00114" HPOS="2554" VPOS="2333" WIDTH="111" HEIGHT="60" CONTENT="daß" WC="0.98" CC="004"/>
					</TextLine>
					<TextLine ID="P39_TL00015" HPOS="436" VPOS="2429" WIDTH="2231" HEIGHT="82">
						<String ID="P39_ST00115" HPOS="436" VPOS="2436" WIDTH="104" HEIGHT="60" CONTENT="alle" WC="0.98" CC="0700"/>
						<SP ID="P39_SP00101" HPOS="540" VPOS="2496" WIDTH="24"/>
						<String ID="P39_ST00116" HPOS="564" VPOS="2435" WIDTH="223" HEIGHT="62" CONTENT="Völker" WC="0.99" CC="300016"/>
						<SP ID="P39_SP00102" HPOS="787" VPOS="2497" WIDTH="40"/>
						<String ID="P39_ST00117" HPOS="827" VPOS="2435" WIDTH="90" HEIGHT="61" CONTENT="die" WC="0.97" CC="044"/>
						<SP ID="P39_SP00103" HPOS="917" VPOS="2497" WIDTH="41"/>
						<String ID="P39_ST00118" HPOS="958" VPOS="2434" WIDTH="201" HEIGHT="77" CONTENT="gleiche" WC="0.99" CC="0731600"/>
						<SP ID="P39_SP00104" HPOS="1159" VPOS="2511" WIDTH="24"/>
						<String ID="P39_ST00119" HPOS="1183" VPOS="2432" WIDTH="362" HEIGHT="77" CONTENT="Verfassung" WC="0.99" CC="0065000500"/>
						<SP ID="P39_SP00105" HPOS="1545" VPOS="2511" WIDTH="39"/>
						<String ID="P39_ST00120" HPOS="1584" VPOS="2430" WIDTH="203" HEIGHT="70" CONTENT="hätten," WC="0.99" CC="0007014"/>
						<SP ID="P39_SP00106" HPOS="1787" VPOS="2511" WIDTH="41"/>
						<String ID="P39_ST00121" HPOS="1828" VPOS="2439" WIDTH="53" HEIGHT="67" CONTENT="ja" WC="0.62" CC="70"/>
						<SP ID="P39_SP00107" HPOS="1881" VPOS="2511" WIDTH="32"/>
						<String ID="P39_ST00122" HPOS="1913" VPOS="2438" WIDTH="103" HEIGHT="52" CONTENT="wir" WC="0.93" CC="953"/>
						<SP ID="P39_SP00108" HPOS="2016" VPOS="2511" WIDTH="32"/>
						<String ID="P39_ST00123" HPOS="2048" VPOS="2429" WIDTH="221" HEIGHT="59" CONTENT="können" WC="1.00" CC="000301"/>
						<SP ID="P39_SP00109" HPOS="2269" VPOS="2511" WIDTH="37"/>
						<String ID="P39_ST00124" HPOS="2306" VPOS="2450" WIDTH="168" HEIGHT="54" CONTENT="sogar" WC="0.99" CC="20005"/>
						<SP ID="P39_SP00110" HPOS="2474" VPOS="2511" WIDTH="33"/>
						<String ID="P39_ST00125" HPOS="2507" VPOS="2435" WIDTH="160" HEIGHT="51" CONTENT="wirt*" WC="0.43" CC="05659"/>
					</TextLine>
					<TextLine ID="P39_TL00016" HPOS="435" VPOS="2520" WIDTH="2232" HEIGHT="70">
						<String ID="P39_ST00126" HPOS="435" VPOS="2530" WIDTH="296" HEIGHT="60" CONTENT="sdiaftliche" WC="0.64" CC="09723374000"/>
						<SP ID="P39_SP00111" HPOS="731" VPOS="2590" WIDTH="42"/>
						<String ID="P39_ST00127" HPOS="773" VPOS="2529" WIDTH="118" HEIGHT="61" CONTENT="und" WC="1.00" CC="000"/>
						<SP ID="P39_SP00112" HPOS="891" VPOS="2590" WIDTH="39"/>
						<String ID="P39_ST00128" HPOS="930" VPOS="2528" WIDTH="212" HEIGHT="62" CONTENT="soziale" WC="0.98" CC="0363070"/>
						<SP ID="P39_SP00113" HPOS="1142" VPOS="2590" WIDTH="32"/>
						<String ID="P39_ST00129" HPOS="1174" VPOS="2526" WIDTH="391" HEIGHT="61" CONTENT="Verhältnisse" WC="0.99" CC="004704264005"/>
						<SP ID="P39_SP00114" HPOS="1565" VPOS="2590" WIDTH="33"/>
						<String ID="P39_ST00130" HPOS="1598" VPOS="2525" WIDTH="81" HEIGHT="60" CONTENT="als" WC="0.97" CC="070"/>
						<SP ID="P39_SP00115" HPOS="1679" VPOS="2590" WIDTH="36"/>
						<String ID="P39_ST00131" HPOS="1715" VPOS="2521" WIDTH="486" HEIGHT="64" CONTENT="unterscheidende" WC="1.00" CC="742440003400000"/>
						<SP ID="P39_SP00116" HPOS="2201" VPOS="2590" WIDTH="35"/>
						<String ID="P39_ST00132" HPOS="2236" VPOS="2521" WIDTH="252" HEIGHT="60" CONTENT="Ursache" WC="0.99" CC="6500900"/>
						<SP ID="P39_SP00117" HPOS="2488" VPOS="2590" WIDTH="36"/>
						<String ID="P39_ST00133" HPOS="2524" VPOS="2520" WIDTH="143" HEIGHT="60" CONTENT="fort*»" WC="0.98" CC="636044"/>
					</TextLine>
					<TextLine ID="P39_TL00017" HPOS="436" VPOS="2613" WIDTH="2233" HEIGHT="84">
						<String ID="P39_ST00134" HPOS="436" VPOS="2622" WIDTH="203" HEIGHT="71" CONTENT="lassen," WC="0.98" CC="7300074"/>
						<SP ID="P39_SP00118" HPOS="639" VPOS="2693" WIDTH="43"/>
						<String ID="P39_ST00135" HPOS="682" VPOS="2647" WIDTH="68" HEIGHT="37" CONTENT="so" WC="0.80" CC="04"/>
						<SP ID="P39_SP00119" HPOS="750" VPOS="2693" WIDTH="40"/>
						<String ID="P39_ST00136" HPOS="790" VPOS="2632" WIDTH="158" HEIGHT="51" CONTENT="wäre" WC="0.99" CC="0060"/>
						<SP ID="P39_SP00120" HPOS="948" VPOS="2693" WIDTH="42"/>
						<String ID="P39_ST00137" HPOS="990" VPOS="2623" WIDTH="134" HEIGHT="60" CONTENT="noch" WC="0.98" CC="0370"/>
						<SP ID="P39_SP00121" HPOS="1124" VPOS="2693" WIDTH="45"/>
						<String ID="P39_ST00138" HPOS="1169" VPOS="2622" WIDTH="140" HEIGHT="59" CONTENT="nicht" WC="0.99" CC="01005"/>
						<SP ID="P39_SP00122" HPOS="1309" VPOS="2693" WIDTH="36"/>
						<String ID="P39_ST00139" HPOS="1345" VPOS="2629" WIDTH="125" HEIGHT="68" CONTENT="jene" WC="0.99" CC="0400"/>
						<SP ID="P39_SP00123" HPOS="1470" VPOS="2697" WIDTH="39"/>
						<String ID="P39_ST00140" HPOS="1509" VPOS="2619" WIDTH="183" HEIGHT="60" CONTENT="tiefste" WC="0.99" CC="0025040"/>
						<SP ID="P39_SP00124" HPOS="1692" VPOS="2697" WIDTH="42"/>
						<String ID="P39_ST00141" HPOS="1734" VPOS="2617" WIDTH="207" HEIGHT="71" CONTENT="Quelle" WC="0.99" CC="040400"/>
						<SP ID="P39_SP00125" HPOS="1941" VPOS="2697" WIDTH="50"/>
						<String ID="P39_ST00142" HPOS="1991" VPOS="2614" WIDTH="370" HEIGHT="79" CONTENT="geschlossen," WC="1.00" CC="000007000054"/>
						<SP ID="P39_SP00126" HPOS="2361" VPOS="2697" WIDTH="51"/>
						<String ID="P39_ST00143" HPOS="2412" VPOS="2637" WIDTH="106" HEIGHT="37" CONTENT="aus" WC="0.98" CC="500"/>
						<SP ID="P39_SP00127" HPOS="2518" VPOS="2697" WIDTH="52"/>
						<String ID="P39_ST00144" HPOS="2570" VPOS="2613" WIDTH="99" HEIGHT="60" CONTENT="der" WC="0.97" CC="007"/>
					</TextLine>
					<TextLine ID="P39_TL00018" HPOS="436" VPOS="2704" WIDTH="2233" HEIGHT="73">
						<String ID="P39_ST00145" HPOS="436" VPOS="2714" WIDTH="98" HEIGHT="61" CONTENT="der" WC="0.96" CC="046"/>
						<SP ID="P39_SP00128" HPOS="534" VPOS="2775" WIDTH="39"/>
						<String ID="P39_ST00146" HPOS="573" VPOS="2716" WIDTH="304" HEIGHT="61" CONTENT="Herrscher" WC="0.99" CC="000506006"/>
						<SP ID="P39_SP00129" HPOS="877" VPOS="2777" WIDTH="39"/>
						<String ID="P39_ST00147" HPOS="916" VPOS="2714" WIDTH="100" HEIGHT="63" CONTENT="der" WC="0.98" CC="005"/>
						<SP ID="P39_SP00130" HPOS="1016" VPOS="2777" WIDTH="39"/>
						<String ID="P39_ST00148" HPOS="1055" VPOS="2714" WIDTH="227" HEIGHT="61" CONTENT="Russen" WC="0.99" CC="400006"/>
						<SP ID="P39_SP00131" HPOS="1282" VPOS="2777" WIDTH="42"/>
						<String ID="P39_ST00149" HPOS="1324" VPOS="2712" WIDTH="98" HEIGHT="61" CONTENT="der" WC="0.98" CC="006"/>
						<SP ID="P39_SP00132" HPOS="1422" VPOS="2777" WIDTH="38"/>
						<String ID="P39_ST00150" HPOS="1460" VPOS="2712" WIDTH="222" HEIGHT="60" CONTENT="Russen" WC="0.99" CC="000006"/>
						<SP ID="P39_SP00133" HPOS="1682" VPOS="2777" WIDTH="33"/>
						<String ID="P39_ST00151" HPOS="1715" VPOS="2709" WIDTH="184" HEIGHT="60" CONTENT="Vater" WC="0.99" CC="00005"/>
						<SP ID="P39_SP00134" HPOS="1899" VPOS="2777" WIDTH="41"/>
						<String ID="P39_ST00152" HPOS="1940" VPOS="2708" WIDTH="115" HEIGHT="60" CONTENT="und" WC="0.97" CC="700"/>
						<SP ID="P39_SP00135" HPOS="2055" VPOS="2777" WIDTH="32"/>
						<String ID="P39_ST00153" HPOS="2087" VPOS="2708" WIDTH="318" HEIGHT="60" CONTENT="Väterchen" WC="1.00" CC="002000000"/>
						<SP ID="P39_SP00136" HPOS="2405" VPOS="2777" WIDTH="35"/>
						<String ID="P39_ST00154" HPOS="2440" VPOS="2716" WIDTH="85" HEIGHT="58" CONTENT="ist," WC="0.98" CC="4024"/>
						<SP ID="P39_SP00137" HPOS="2525" VPOS="2777" WIDTH="43"/>
						<String ID="P39_ST00155" HPOS="2568" VPOS="2704" WIDTH="101" HEIGHT="61" CONTENT="der" WC="0.96" CC="046"/>
					</TextLine>
					<TextLine ID="P39_TL00019" HPOS="436" VPOS="2800" WIDTH="2231" HEIGHT="87">
						<String ID="P39_ST00156" HPOS="436" VPOS="2808" WIDTH="151" HEIGHT="79" CONTENT="King" WC="0.97" CC="0608"/>
						<SP ID="P39_SP00138" HPOS="587" VPOS="2887" WIDTH="41"/>
						<String ID="P39_ST00157" HPOS="628" VPOS="2810" WIDTH="99" HEIGHT="61" CONTENT="der" WC="0.96" CC="036"/>
						<SP ID="P39_SP00139" HPOS="727" VPOS="2887" WIDTH="43"/>
						<String ID="P39_ST00158" HPOS="770" VPOS="2808" WIDTH="343" HEIGHT="63" CONTENT="Gentleman" WC="1.00" CC="000340030"/>
						<SP ID="P39_SP00140" HPOS="1113" VPOS="2887" WIDTH="43"/>
						<String ID="P39_ST00159" HPOS="1156" VPOS="2825" WIDTH="163" HEIGHT="43" CONTENT="unter" WC="0.98" CC="60306"/>
						<SP ID="P39_SP00141" HPOS="1319" VPOS="2887" WIDTH="40"/>
						<String ID="P39_ST00160" HPOS="1359" VPOS="2807" WIDTH="110" HEIGHT="60" CONTENT="den" WC="1.00" CC="000"/>
						<SP ID="P39_SP00142" HPOS="1469" VPOS="2887" WIDTH="41"/>
						<String ID="P39_ST00161" HPOS="1510" VPOS="2803" WIDTH="352" HEIGHT="64" CONTENT="Gentlemen," WC="0.89" CC="0001700001"/>
						<SP ID="P39_SP00143" HPOS="1862" VPOS="2887" WIDTH="52"/>
						<String ID="P39_ST00162" HPOS="1914" VPOS="2802" WIDTH="149" HEIGHT="61" CONTENT="Nun" WC="0.96" CC="270"/>
						<SP ID="P39_SP00144" HPOS="2063" VPOS="2887" WIDTH="56"/>
						<String ID="P39_ST00163" HPOS="2119" VPOS="2825" WIDTH="129" HEIGHT="53" CONTENT="mag" WC="1.00" CC="000"/>
						<SP ID="P39_SP00145" HPOS="2248" VPOS="2887" WIDTH="50"/>
						<String ID="P39_ST00164" HPOS="2298" VPOS="2801" WIDTH="127" HEIGHT="59" CONTENT="dem" WC="1.00" CC="000"/>
						<SP ID="P39_SP00146" HPOS="2425" VPOS="2887" WIDTH="49"/>
						<String ID="P39_ST00165" HPOS="2474" VPOS="2800" WIDTH="193" HEIGHT="76" CONTENT="König" WC="1.00" CC="00100"/>
					</TextLine>
					<TextLine ID="P39_TL00020" HPOS="439" VPOS="2895" WIDTH="2227" HEIGHT="77">
						<String ID="P39_ST00166" HPOS="439" VPOS="2925" WIDTH="104" HEIGHT="37" CONTENT="aus" WC="0.98" CC="040"/>
						<SP ID="P39_SP00147" HPOS="543" VPOS="2962" WIDTH="58"/>
						<String ID="P39_ST00167" HPOS="601" VPOS="2901" WIDTH="127" HEIGHT="62" CONTENT="dem" WC="1.00" CC="000"/>
						<SP ID="P39_SP00148" HPOS="728" VPOS="2963" WIDTH="57"/>
						<String ID="P39_ST00168" HPOS="785" VPOS="2902" WIDTH="341" HEIGHT="63" CONTENT="Staatsrecht" WC="0.99" CC="60000050902"/>
						<SP ID="P39_SP00149" HPOS="1126" VPOS="2965" WIDTH="54"/>
						<String ID="P39_ST00169" HPOS="1180" VPOS="2910" WIDTH="120" HEIGHT="52" CONTENT="sein" WC="0.99" CC="0014"/>
						<SP ID="P39_SP00150" HPOS="1300" VPOS="2965" WIDTH="57"/>
						<String ID="P39_ST00170" HPOS="1357" VPOS="2900" WIDTH="214" HEIGHT="61" CONTENT="Dasein" WC="0.99" CC="400062"/>
						<SP ID="P39_SP00151" HPOS="1571" VPOS="2965" WIDTH="58"/>
						<String ID="P39_ST00171" HPOS="1629" VPOS="2897" WIDTH="80" HEIGHT="61" CONTENT="als" WC="1.00" CC="000"/>
						<SP ID="P39_SP00152" HPOS="1709" VPOS="2965" WIDTH="45"/>
						<String ID="P39_ST00172" HPOS="1754" VPOS="2897" WIDTH="190" HEIGHT="75" CONTENT="König" WC="0.99" CC="00540"/>
						<SP ID="P39_SP00153" HPOS="1944" VPOS="2972" WIDTH="40"/>
						<String ID="P39_ST00173" HPOS="1984" VPOS="2895" WIDTH="160" HEIGHT="59" CONTENT="allein" WC="0.98" CC="677040"/>
						<SP ID="P39_SP00154" HPOS="2144" VPOS="2972" WIDTH="42"/>
						<String ID="P39_ST00174" HPOS="2186" VPOS="2901" WIDTH="300" HEIGHT="69" CONTENT="garantiert" WC="0.99" CC="9150316065"/>
						<SP ID="P39_SP00155" HPOS="2486" VPOS="2972" WIDTH="40"/>
						<String ID="P39_ST00175" HPOS="2526" VPOS="2901" WIDTH="140" HEIGHT="60" CONTENT="sein," WC="0.98" CC="03504"/>
					</TextLine>
					<TextLine ID="P39_TL00021" HPOS="437" VPOS="2985" WIDTH="2230" HEIGHT="85">
						<String ID="P39_ST00176" HPOS="437" VPOS="3004" WIDTH="299" HEIGHT="66" CONTENT="garantiert" WC="0.99" CC="9060204004"/>
						<SP ID="P39_SP00156" HPOS="736" VPOS="3070" WIDTH="39"/>
						<String ID="P39_ST00177" HPOS="775" VPOS="3005" WIDTH="71" HEIGHT="51" CONTENT="ist" WC="0.96" CC="603"/>
						<SP ID="P39_SP00157" HPOS="846" VPOS="3070" WIDTH="41"/>
						<String ID="P39_ST00178" HPOS="887" VPOS="3019" WIDTH="60" HEIGHT="37" CONTENT="es" WC="1.00" CC="00"/>
						<SP ID="P39_SP00158" HPOS="947" VPOS="3070" WIDTH="43"/>
						<String ID="P39_ST00179" HPOS="990" VPOS="2996" WIDTH="112" HEIGHT="60" CONTENT="ihm" WC="1.00" CC="000"/>
						<SP ID="P39_SP00159" HPOS="1102" VPOS="3070" WIDTH="43"/>
						<String ID="P39_ST00180" HPOS="1145" VPOS="3018" WIDTH="105" HEIGHT="37" CONTENT="nur" WC="0.96" CC="056"/>
						<SP ID="P39_SP00160" HPOS="1250" VPOS="3070" WIDTH="32"/>
						<String ID="P39_ST00181" HPOS="1282" VPOS="2991" WIDTH="284" HEIGHT="64" CONTENT="innerhalb" WC="0.99" CC="620070077"/>
						<SP ID="P39_SP00161" HPOS="1566" VPOS="3070" WIDTH="33"/>
						<String ID="P39_ST00182" HPOS="1599" VPOS="2991" WIDTH="98" HEIGHT="61" CONTENT="des" WC="1.00" CC="000"/>
						<SP ID="P39_SP00162" HPOS="1697" VPOS="3070" WIDTH="37"/>
						<String ID="P39_ST00183" HPOS="1734" VPOS="2989" WIDTH="269" HEIGHT="62" CONTENT="Gebietes" WC="0.99" CC="50740010"/>
						<SP ID="P39_SP00163" HPOS="2003" VPOS="3070" WIDTH="36"/>
						<String ID="P39_ST00184" HPOS="2039" VPOS="2987" WIDTH="99" HEIGHT="61" CONTENT="des" WC="1.00" CC="000"/>
						<SP ID="P39_SP00164" HPOS="2138" VPOS="3070" WIDTH="34"/>
						<String ID="P39_ST00185" HPOS="2172" VPOS="2985" WIDTH="495" HEIGHT="69" CONTENT="Ausdrücklichen," WC="1.00" CC="100040072407604"/>
					</TextLine>
					<TextLine ID="P39_TL00022" HPOS="437" VPOS="3079" WIDTH="2232" HEIGHT="76">
						<String ID="P39_ST00186" HPOS="437" VPOS="3088" WIDTH="272" HEIGHT="62" CONTENT="während" WC="0.99" CC="0076300"/>
						<SP ID="P39_SP00165" HPOS="709" VPOS="3150" WIDTH="41"/>
						<String ID="P39_ST00187" HPOS="750" VPOS="3090" WIDTH="90" HEIGHT="61" CONTENT="die" WC="1.00" CC="000"/>
						<SP ID="P39_SP00166" HPOS="840" VPOS="3151" WIDTH="41"/>
						<String ID="P39_ST00188" HPOS="881" VPOS="3090" WIDTH="165" HEIGHT="61" CONTENT="Fülle" WC="0.98" CC="40730"/>
						<SP ID="P39_SP00167" HPOS="1046" VPOS="3151" WIDTH="40"/>
						<String ID="P39_ST00189" HPOS="1086" VPOS="3099" WIDTH="184" HEIGHT="54" CONTENT="seines" WC="0.98" CC="061430"/>
						<SP ID="P39_SP00168" HPOS="1270" VPOS="3153" WIDTH="42"/>
						<String ID="P39_ST00190" HPOS="1312" VPOS="3088" WIDTH="245" HEIGHT="61" CONTENT="Daseins" WC="1.00" CC="0000000"/>
						<SP ID="P39_SP00169" HPOS="1557" VPOS="3153" WIDTH="42"/>
						<String ID="P39_ST00191" HPOS="1599" VPOS="3108" WIDTH="105" HEIGHT="37" CONTENT="nur" WC="0.96" CC="046"/>
						<SP ID="P39_SP00170" HPOS="1704" VPOS="3153" WIDTH="40"/>
						<String ID="P39_ST00192" HPOS="1744" VPOS="3093" WIDTH="55" HEIGHT="52" CONTENT="in" WC="0.68" CC="60"/>
						<SP ID="P39_SP00171" HPOS="1799" VPOS="3153" WIDTH="40"/>
						<String ID="P39_ST00193" HPOS="1839" VPOS="3083" WIDTH="98" HEIGHT="61" CONTENT="der" WC="0.97" CC="015"/>
						<SP ID="P39_SP00172" HPOS="1937" VPOS="3153" WIDTH="47"/>
						<String ID="P39_ST00194" HPOS="1984" VPOS="3081" WIDTH="395" HEIGHT="61" CONTENT="statuarischen" WC="1.00" CC="0005402200000"/>
						<SP ID="P39_SP00173" HPOS="2379" VPOS="3153" WIDTH="42"/>
						<String ID="P39_ST00195" HPOS="2421" VPOS="3079" WIDTH="248" HEIGHT="76" CONTENT="Energie" WC="0.98" CC="7045033"/>
					</TextLine>
					<TextLine ID="P39_TL00023" HPOS="436" VPOS="3173" WIDTH="2234" HEIGHT="82">
						<String ID="P39_ST00196" HPOS="436" VPOS="3181" WIDTH="152" HEIGHT="74" CONTENT="jedes" WC="0.99" CC="00040"/>
						<SP ID="P39_SP00174" HPOS="588" VPOS="3255" WIDTH="35"/>
						<String ID="P39_ST00197" HPOS="623" VPOS="3182" WIDTH="526" HEIGHT="62" CONTENT="Staatenaufbaues" WC="1.00" CC="620000040670020"/>
						<SP ID="P39_SP00175" HPOS="1149" VPOS="3255" WIDTH="43"/>
						<String ID="P39_ST00198" HPOS="1192" VPOS="3183" WIDTH="105" HEIGHT="60" CONTENT="sich" WC="0.97" CC="0077"/>
						<SP ID="P39_SP00176" HPOS="1297" VPOS="3255" WIDTH="42"/>
						<String ID="P39_ST00199" HPOS="1339" VPOS="3179" WIDTH="193" HEIGHT="70" CONTENT="erhält," WC="0.98" CC="4660633"/>
						<SP ID="P39_SP00177" HPOS="1532" VPOS="3255" WIDTH="41"/>
						<String ID="P39_ST00200" HPOS="1573" VPOS="3177" WIDTH="203" HEIGHT="62" CONTENT="welche" WC="1.00" CC="000000"/>
						<SP ID="P39_SP00178" HPOS="1776" VPOS="3255" WIDTH="41"/>
						<String ID="P39_ST00201" HPOS="1817" VPOS="3186" WIDTH="54" HEIGHT="50" CONTENT="in" WC="0.54" CC="44"/>
						<SP ID="P39_SP00179" HPOS="1871" VPOS="3255" WIDTH="41"/>
						<String ID="P39_ST00202" HPOS="1912" VPOS="3175" WIDTH="98" HEIGHT="60" CONTENT="der" WC="0.96" CC="045"/>
						<SP ID="P39_SP00180" HPOS="2010" VPOS="3255" WIDTH="36"/>
						<String ID="P39_ST00203" HPOS="2046" VPOS="3173" WIDTH="296" HEIGHT="61" CONTENT="»Gestalt«" WC="0.99" CC="400034043"/>
						<SP ID="P39_SP00181" HPOS="2342" VPOS="3255" WIDTH="46"/>
						<String ID="P39_ST00204" HPOS="2388" VPOS="3173" WIDTH="107" HEIGHT="60" CONTENT="sich" WC="1.00" CC="0000"/>
						<SP ID="P39_SP00182" HPOS="2495" VPOS="3255" WIDTH="34"/>
						<String ID="P39_ST00205" HPOS="2529" VPOS="3194" WIDTH="141" HEIGHT="37" CONTENT="aus*»" WC="0.99" CC="00042"/>
					</TextLine>
					<TextLine ID="P39_TL00024" HPOS="436" VPOS="3283" WIDTH="174" HEIGHT="68">
						<String ID="P39_ST00206" HPOS="436" VPOS="3283" WIDTH="174" HEIGHT="68" CONTENT="prägt." WC="0.98" CC="360043"/>
					</TextLine>
					<TextLine ID="P39_TL00025" HPOS="514" VPOS="3358" WIDTH="2157" HEIGHT="89">
						<String ID="P39_ST00207" HPOS="514" VPOS="3367" WIDTH="113" HEIGHT="62" CONTENT="Die" WC="0.98" CC="040"/>
						<SP ID="P39_SP00183" HPOS="627" VPOS="3429" WIDTH="49"/>
						<String ID="P39_ST00208" HPOS="676" VPOS="3370" WIDTH="320" HEIGHT="77" CONTENT="preußische" WC="0.99" CC="0500320007"/>
						<SP ID="P39_SP00184" HPOS="996" VPOS="3447" WIDTH="51"/>
						<String ID="P39_ST00209" HPOS="1047" VPOS="3370" WIDTH="324" HEIGHT="61" CONTENT="Geschichte" WC="1.00" CC="6000000060"/>
						<SP ID="P39_SP00185" HPOS="1371" VPOS="3447" WIDTH="48"/>
						<String ID="P39_ST00210" HPOS="1419" VPOS="3367" WIDTH="97" HEIGHT="61" CONTENT="hat" WC="0.99" CC="003"/>
						<SP ID="P39_SP00186" HPOS="1516" VPOS="3447" WIDTH="47"/>
						<String ID="P39_ST00211" HPOS="1563" VPOS="3366" WIDTH="138" HEIGHT="61" CONTENT="nicht" WC="0.98" CC="55003"/>
						<SP ID="P39_SP00187" HPOS="1701" VPOS="3447" WIDTH="47"/>
						<String ID="P39_ST00212" HPOS="1748" VPOS="3372" WIDTH="96" HEIGHT="52" CONTENT="mit" WC="0.98" CC="050"/>
						<SP ID="P39_SP00188" HPOS="1844" VPOS="3447" WIDTH="49"/>
						<String ID="P39_ST00213" HPOS="1893" VPOS="3361" WIDTH="289" HEIGHT="62" CONTENT="derselben" WC="0.98" CC="057066754"/>
						<SP ID="P39_SP00189" HPOS="2182" VPOS="3447" WIDTH="51"/>
						<String ID="P39_ST00214" HPOS="2233" VPOS="3358" WIDTH="297" HEIGHT="63" CONTENT="Sicherheit" WC="0.98" CC="0507567643"/>
						<SP ID="P39_SP00190" HPOS="2530" VPOS="3447" WIDTH="51"/>
						<String ID="P39_ST00215" HPOS="2581" VPOS="3358" WIDTH="90" HEIGHT="61" CONTENT="die" WC="0.98" CC="040"/>
					</TextLine>
					<TextLine ID="P39_TL00026" HPOS="439" VPOS="3452" WIDTH="2232" HEIGHT="90">
						<String ID="P39_ST00216" HPOS="439" VPOS="3460" WIDTH="176" HEIGHT="77" CONTENT="Figur" WC="0.98" CC="05060"/>
						<SP ID="P39_SP00191" HPOS="615" VPOS="3537" WIDTH="41"/>
						<String ID="P39_ST00217" HPOS="656" VPOS="3471" WIDTH="152" HEIGHT="54" CONTENT="eines" WC="0.98" CC="04540"/>
						<SP ID="P39_SP00192" HPOS="808" VPOS="3537" WIDTH="43"/>
						<String ID="P39_ST00218" HPOS="851" VPOS="3464" WIDTH="358" HEIGHT="78" CONTENT="preußischen" WC="1.00" CC="06000600040"/>
						<SP ID="P39_SP00193" HPOS="1209" VPOS="3542" WIDTH="42"/>
						<String ID="P39_ST00219" HPOS="1251" VPOS="3462" WIDTH="220" HEIGHT="77" CONTENT="Königs" WC="1.00" CC="000300"/>
						<SP ID="P39_SP00194" HPOS="1471" VPOS="3542" WIDTH="42"/>
						<String ID="P39_ST00220" HPOS="1513" VPOS="3482" WIDTH="296" HEIGHT="55" CONTENT="gegossen," WC="0.99" CC="060500004"/>
						<SP ID="P39_SP00195" HPOS="1809" VPOS="3542" WIDTH="41"/>
						<String ID="P39_ST00221" HPOS="1850" VPOS="3466" WIDTH="109" HEIGHT="51" CONTENT="wie" WC="0.99" CC="020"/>
						<SP ID="P39_SP00196" HPOS="1959" VPOS="3542" WIDTH="40"/>
						<String ID="P39_ST00222" HPOS="1999" VPOS="3456" WIDTH="89" HEIGHT="60" CONTENT="die" WC="0.98" CC="060"/>
						<SP ID="P39_SP00197" HPOS="2088" VPOS="3542" WIDTH="50"/>
						<String ID="P39_ST00223" HPOS="2138" VPOS="3452" WIDTH="328" HEIGHT="79" CONTENT="Engländer" WC="0.99" CC="500000057"/>
						<SP ID="P39_SP00198" HPOS="2466" VPOS="3542" WIDTH="49"/>
						<String ID="P39_ST00224" HPOS="2515" VPOS="3452" WIDTH="156" HEIGHT="61" CONTENT="ihren" WC="0.98" CC="00506"/>
					</TextLine>
					<TextLine ID="P39_TL00027" HPOS="439" VPOS="3545" WIDTH="2232" HEIGHT="86">
						<String ID="P39_ST00225" HPOS="439" VPOS="3551" WIDTH="151" HEIGHT="80" CONTENT="King" WC="0.97" CC="3620"/>
						<SP ID="P39_SP00199" HPOS="590" VPOS="3631" WIDTH="42"/>
						<String ID="P39_ST00226" HPOS="632" VPOS="3555" WIDTH="138" HEIGHT="61" CONTENT="über" WC="0.98" CC="0703"/>
						<SP ID="P39_SP00200" HPOS="770" VPOS="3631" WIDTH="41"/>
						<String ID="P39_ST00227" HPOS="811" VPOS="3556" WIDTH="106" HEIGHT="61" CONTENT="alle" WC="0.96" CC="0673"/>
						<SP ID="P39_SP00201" HPOS="917" VPOS="3631" WIDTH="42"/>
						<String ID="P39_ST00228" HPOS="959" VPOS="3555" WIDTH="404" HEIGHT="64" CONTENT="Unterschiede" WC="0.99" CC="700060076000"/>
						<SP ID="P39_SP00202" HPOS="1363" VPOS="3631" WIDTH="42"/>
						<String ID="P39_ST00229" HPOS="1405" VPOS="3555" WIDTH="220" HEIGHT="67" CONTENT="hinaus," WC="0.99" CC="6440000"/>
						<SP ID="P39_SP00203" HPOS="1625" VPOS="3631" WIDTH="42"/>
						<String ID="P39_ST00230" HPOS="1667" VPOS="3551" WIDTH="171" HEIGHT="63" CONTENT="selbst" WC="0.99" CC="005703"/>
						<SP ID="P39_SP00204" HPOS="1838" VPOS="3631" WIDTH="40"/>
						<String ID="P39_ST00231" HPOS="1878" VPOS="3550" WIDTH="88" HEIGHT="61" CONTENT="die" WC="0.96" CC="054"/>
						<SP ID="P39_SP00205" HPOS="1966" VPOS="3631" WIDTH="35"/>
						<String ID="P39_ST00232" HPOS="2001" VPOS="3549" WIDTH="97" HEIGHT="60" CONTENT="des" WC="0.98" CC="060"/>
						<SP ID="P39_SP00206" HPOS="2098" VPOS="3631" WIDTH="37"/>
						<String ID="P39_ST00233" HPOS="2135" VPOS="3546" WIDTH="407" HEIGHT="69" CONTENT="Geschlechtes," WC="0.99" CC="3600775070003"/>
						<SP ID="P39_SP00207" HPOS="2542" VPOS="3631" WIDTH="35"/>
						<String ID="P39_ST00234" HPOS="2577" VPOS="3545" WIDTH="94" HEIGHT="61" CONTENT="ihn" WC="0.96" CC="270"/>
					</TextLine>
					<TextLine ID="P39_TL00028" HPOS="437" VPOS="3639" WIDTH="2236" HEIGHT="89">
						<String ID="P39_ST00235" HPOS="437" VPOS="3644" WIDTH="370" HEIGHT="66" CONTENT="bestimmten." WC="0.99" CC="74030003004"/>
						<SP ID="P39_SP00208" HPOS="807" VPOS="3710" WIDTH="43"/>
						<String ID="P39_ST00236" HPOS="850" VPOS="3649" WIDTH="88" HEIGHT="61" CONTENT="Es" WC="1.00" CC="00"/>
						<SP ID="P39_SP00209" HPOS="938" VPOS="3710" WIDTH="43"/>
						<String ID="P39_ST00237" HPOS="981" VPOS="3650" WIDTH="206" HEIGHT="78" CONTENT="gelingt" WC="0.99" CC="0460005"/>
						<SP ID="P39_SP00210" HPOS="1187" VPOS="3728" WIDTH="39"/>
						<String ID="P39_ST00238" HPOS="1226" VPOS="3673" WIDTH="109" HEIGHT="37" CONTENT="uns" WC="0.98" CC="500"/>
						<SP ID="P39_SP00211" HPOS="1335" VPOS="3728" WIDTH="41"/>
						<String ID="P39_ST00239" HPOS="1376" VPOS="3649" WIDTH="138" HEIGHT="60" CONTENT="nicht" WC="0.97" CC="63075"/>
						<SP ID="P39_SP00212" HPOS="1514" VPOS="3728" WIDTH="40"/>
						<String ID="P39_ST00240" HPOS="1554" VPOS="3656" WIDTH="109" HEIGHT="50" CONTENT="wie" WC="0.99" CC="030"/>
						<SP ID="P39_SP00213" HPOS="1663" VPOS="3728" WIDTH="42"/>
						<String ID="P39_ST00241" HPOS="1705" VPOS="3645" WIDTH="106" HEIGHT="61" CONTENT="den" WC="0.99" CC="020"/>
						<SP ID="P39_SP00214" HPOS="1811" VPOS="3728" WIDTH="42"/>
						<String ID="P39_ST00242" HPOS="1853" VPOS="3640" WIDTH="381" HEIGHT="80" CONTENT="Engländern," WC="0.99" CC="56060000030"/>
						<SP ID="P39_SP00215" HPOS="2234" VPOS="3728" WIDTH="52"/>
						<String ID="P39_ST00243" HPOS="2286" VPOS="3639" WIDTH="387" HEIGHT="77" CONTENT="unweigerlich" WC="0.99" CC="760040257000"/>
					</TextLine>
					<TextLine ID="P39_TL00029" HPOS="437" VPOS="3733" WIDTH="2238" HEIGHT="85">
						<String ID="P39_ST00244" HPOS="437" VPOS="3746" WIDTH="74" HEIGHT="52" CONTENT="im" WC="0.69" CC="60"/>
						<SP ID="P39_SP00216" HPOS="511" VPOS="3798" WIDTH="39"/>
						<String ID="P39_ST00245" HPOS="550" VPOS="3739" WIDTH="192" HEIGHT="79" CONTENT="König" WC="1.00" CC="00000"/>
						<SP ID="P39_SP00217" HPOS="742" VPOS="3818" WIDTH="48"/>
						<String ID="P39_ST00246" HPOS="790" VPOS="3766" WIDTH="75" HEIGHT="36" CONTENT="zu" WC="0.63" CC="70"/>
						<SP ID="P39_SP00218" HPOS="865" VPOS="3818" WIDTH="50"/>
						<String ID="P39_ST00247" HPOS="915" VPOS="3742" WIDTH="203" HEIGHT="71" CONTENT="haben," WC="0.98" CC="607064"/>
						<SP ID="P39_SP00219" HPOS="1118" VPOS="3818" WIDTH="50"/>
						<String ID="P39_ST00248" HPOS="1168" VPOS="3766" WIDTH="123" HEIGHT="37" CONTENT="was" WC="1.00" CC="000"/>
						<SP ID="P39_SP00220" HPOS="1291" VPOS="3818" WIDTH="49"/>
						<String ID="P39_ST00249" HPOS="1340" VPOS="3751" WIDTH="104" HEIGHT="51" CONTENT="wir" WC="0.95" CC="056"/>
						<SP ID="P39_SP00221" HPOS="1444" VPOS="3818" WIDTH="46"/>
						<String ID="P39_ST00250" HPOS="1490" VPOS="3763" WIDTH="116" HEIGHT="37" CONTENT="von" WC="0.98" CC="040"/>
						<SP ID="P39_SP00222" HPOS="1606" VPOS="3818" WIDTH="52"/>
						<String ID="P39_ST00251" HPOS="1658" VPOS="3737" WIDTH="110" HEIGHT="61" CONTENT="ihm" WC="0.96" CC="370"/>
						<SP ID="P39_SP00223" HPOS="1768" VPOS="3818" WIDTH="51"/>
						<String ID="P39_ST00252" HPOS="1819" VPOS="3752" WIDTH="291" HEIGHT="46" CONTENT="erwarten." WC="0.99" CC="040052003"/>
						<SP ID="P39_SP00224" HPOS="2110" VPOS="3818" WIDTH="44"/>
						<String ID="P39_ST00253" HPOS="2154" VPOS="3733" WIDTH="134" HEIGHT="61" CONTENT="Wir" WC="0.97" CC="025"/>
						<SP ID="P39_SP00225" HPOS="2288" VPOS="3818" WIDTH="48"/>
						<String ID="P39_ST00254" HPOS="2336" VPOS="3733" WIDTH="197" HEIGHT="61" CONTENT="stellen" WC="0.99" CC="0206702"/>
						<SP ID="P39_SP00226" HPOS="2533" VPOS="3818" WIDTH="52"/>
						<String ID="P39_ST00255" HPOS="2585" VPOS="3733" WIDTH="90" HEIGHT="61" CONTENT="die" WC="0.98" CC="040"/>
					</TextLine>
					<TextLine ID="P39_TL00030" HPOS="437" VPOS="3826" WIDTH="2240" HEIGHT="77">
						<String ID="P39_ST00256" HPOS="437" VPOS="3829" WIDTH="320" HEIGHT="67" CONTENT="Varianten" WC="0.99" CC="007150005"/>
						<SP ID="P39_SP00227" HPOS="757" VPOS="3896" WIDTH="42"/>
						<String ID="P39_ST00257" HPOS="799" VPOS="3835" WIDTH="154" HEIGHT="62" CONTENT="leicht" WC="0.98" CC="705703"/>
						<SP ID="P39_SP00228" HPOS="953" VPOS="3897" WIDTH="39"/>
						<String ID="P39_ST00258" HPOS="992" VPOS="3836" WIDTH="141" HEIGHT="61" CONTENT="über" WC="0.97" CC="0706"/>
						<SP ID="P39_SP00229" HPOS="1133" VPOS="3897" WIDTH="41"/>
						<String ID="P39_ST00259" HPOS="1174" VPOS="3836" WIDTH="102" HEIGHT="61" CONTENT="das" WC="1.00" CC="000"/>
						<SP ID="P39_SP00230" HPOS="1276" VPOS="3897" WIDTH="26"/>
						<String ID="P39_ST00260" HPOS="1302" VPOS="3831" WIDTH="236" HEIGHT="72" CONTENT="Thema," WC="0.98" CC="660003"/>
						<SP ID="P39_SP00231" HPOS="1538" VPOS="3903" WIDTH="45"/>
						<String ID="P39_ST00261" HPOS="1583" VPOS="3832" WIDTH="117" HEIGHT="61" CONTENT="und" WC="0.98" CC="600"/>
						<SP ID="P39_SP00232" HPOS="1700" VPOS="3903" WIDTH="40"/>
						<String ID="P39_ST00262" HPOS="1740" VPOS="3831" WIDTH="98" HEIGHT="61" CONTENT="der" WC="0.96" CC="045"/>
						<SP ID="P39_SP00233" HPOS="1838" VPOS="3903" WIDTH="40"/>
						<String ID="P39_ST00263" HPOS="1878" VPOS="3854" WIDTH="67" HEIGHT="36" CONTENT="so" WC="1.00" CC="00"/>
						<SP ID="P39_SP00234" HPOS="1945" VPOS="3903" WIDTH="40"/>
						<String ID="P39_ST00264" HPOS="1985" VPOS="3827" WIDTH="379" HEIGHT="62" CONTENT="rücksichtslos" WC="0.99" CC="5007010700740"/>
						<SP ID="P39_SP00235" HPOS="2364" VPOS="3903" WIDTH="38"/>
						<String ID="P39_ST00265" HPOS="2402" VPOS="3826" WIDTH="117" HEIGHT="62" CONTENT="und" WC="1.00" CC="100"/>
						<SP ID="P39_SP00236" HPOS="2519" VPOS="3903" WIDTH="34"/>
						<String ID="P39_ST00266" HPOS="2553" VPOS="3836" WIDTH="124" HEIGHT="51" CONTENT="ein*" WC="0.97" CC="0209"/>
					</TextLine>
					<TextLine ID="P39_TL00031" HPOS="439" VPOS="3921" WIDTH="2238" HEIGHT="83">
						<String ID="P39_ST00267" HPOS="439" VPOS="3934" WIDTH="160" HEIGHT="68" CONTENT="seitig" WC="0.68" CC="000259"/>
						<SP ID="P39_SP00237" HPOS="599" VPOS="4002" WIDTH="38"/>
						<String ID="P39_ST00268" HPOS="637" VPOS="3929" WIDTH="451" HEIGHT="75" CONTENT="vorgebrochene" WC="0.99" CC="0076076300300"/>
						<SP ID="P39_SP00238" HPOS="1088" VPOS="4004" WIDTH="41"/>
						<String ID="P39_ST00269" HPOS="1129" VPOS="3929" WIDTH="261" HEIGHT="61" CONTENT="deutsche" WC="0.99" CC="02360500"/>
						<SP ID="P39_SP00239" HPOS="1390" VPOS="4004" WIDTH="40"/>
						<String ID="P39_ST00270" HPOS="1430" VPOS="3925" WIDTH="486" HEIGHT="63" CONTENT="Individualismus" WC="1.00" CC="300801040700000"/>
						<SP ID="P39_SP00240" HPOS="1916" VPOS="4004" WIDTH="50"/>
						<String ID="P39_ST00271" HPOS="1966" VPOS="3922" WIDTH="169" HEIGHT="61" CONTENT="kennt" WC="0.98" CC="03641"/>
						<SP ID="P39_SP00241" HPOS="2135" VPOS="4004" WIDTH="49"/>
						<String ID="P39_ST00272" HPOS="2184" VPOS="3921" WIDTH="320" HEIGHT="79" CONTENT="überhaupt" WC="0.99" CC="070770500"/>
						<SP ID="P39_SP00242" HPOS="2504" VPOS="4004" WIDTH="47"/>
						<String ID="P39_ST00273" HPOS="2551" VPOS="3921" WIDTH="126" HEIGHT="62" CONTENT="kein" WC="0.99" CC="0006"/>
					</TextLine>
				</TextBlock>
			</PrintSpace>
		</Page>
	</Layout>
</alto>
