3284 4572
2424 444 95 51 555

986 452 187 52 Roßert
1410 451 198 57 Walser,Sießen
1640 450 175 52 Stücße

970 1157 396 74 SIEBEN
1414 1140 422 88 STÜCKE

719 1364 170 62 DAS
933 1355 1169 70 EISENBAHN-ABENTEUER

299 1494 428 166 EINMAL
766 1497 211 61 machte
1018 1496 73 59 ich
1134 1503 122 52 eine
1297 1491 493 71 Eisenbahnfahrt,
1830 1489 187 63 wobei
2058 1491 75 59 ich
2173 1511 145 56 ganz
2359 1487 164 61 allein

477 1606 53 50 in
579 1602 181 53 einem
800 1587 403 79 Wagenahteil
1253 1587 99 61 saß
1385 1595 109 52 wie
1542 1586 98 60 der
1687 1582 465 80 gedankenreiche
2200 1582 221 60 Eremit
2469 1588 55 53 in

301 1702 177 53 seiner
511 1688 452 74 schweigsamen,
981 1680 510 77 weltabgelegenen
1517 1677 232 63 Klause,
1777 1676 137 61 Auf
1931 1675 346 79 irgendeiner
2303 1674 222 62 Station

301 1784 129 62 hielt
461 1782 98 60 der
591 1779 135 76 Zug
765 1801 91 47 an,
891 1775 89 61 die
1011 1770 156 65 Türe
1200 1771 199 63 wurde
1430 1780 97 51 mit
1559 1769 434 63 beamtenhafter
2025 1766 329 64 Schroffheit
2393 1765 102 61 auf-

303 1886 260 70 gerissen,
606 1870 117 63 und
765 1893 74 38 zu
880 1878 102 51 mir
1023 1868 184 61 hinein
1247 1875 54 51 in
1343 1865 101 61 das
1486 1863 358 71 sonderbare,
1877 1862 107 60 auf
2008 1859 225 63 Rädern
2274 1858 252 78 gestellte

305 1971 247 61 Zimmer
600 1973 141 69 stieg
789 1972 122 52 eine
960 1962 173 60 Frau,
1178 1959 86 61 Es
1315 1981 120 38 war
1484 1967 99 51 mir
1631 1957 136 59 nicht
1814 1954 221 70 anders,
2077 1953 81 61 als
2209 1976 168 37 wenn
2427 1950 99 61 der

306 2061 411 65 Sonnenschein
751 2067 82 52 ins
875 2051 662 66 nächtlich-schwärzliche
1562 2051 169 77 Küpe
1764 2058 281 68 einstiege,
2073 2071 66 38 so
2166 2046 106 61 hell
2316 2060 212 45 mutete

305 2156 130 61 mich
477 2154 88 62 die
605 2152 142 61 liebe
790 2150 257 62 frauliche
1087 2147 383 75 Erscheinung
1510 2168 91 45 an,
1642 2143 88 61 die
1771 2151 108 52 wie
1919 2141 107 61 auf
2058 2140 212 61 Besuch
2312 2163 73 36 zu
2429 2146 101 51 mir

308 2249 139 60 kam.
483 2244 329 63 Freundlich
855 2259 156 61 sagte
1054 2250 79 52 sie
1166 2255 172 62 guten
1371 2236 228 62 Abend,
1635 2236 147 60 Wer
1823 2234 80 62 als
1945 2234 75 59 ich
2054 2255 121 38 war
2214 2230 316 79 glücklicher

309 2340 268 63 darüber?
616 2339 125 61 Der
773 2338 133 76 Zug
948 2352 176 45 setzte
1166 2334 104 61 sich
1306 2330 215 64 alsbald
1552 2329 209 61 wieder
1801 2338 52 51 in
1886 2328 327 76 Bewegung
2253 2324 117 61 und
2403 2323 96 60 hin-

310 2460 101 35 aus
460 2443 55 51 in
563 2433 89 61 die
699 2430 192 63 Nacht
946 2429 117 61 und
1120 2437 83 52 ins
1263 2424 354 62 unbekannte
1664 2422 160 61 Land
1872 2419 198 62 wurde
2120 2418 89 61 die
2257 2418 274 59 Kammer

309 2544 277 60 getragen,
629 2535 55 50 in
724 2523 234 62 welcher
1006 2545 117 37 nun
1164 2528 144 52 zwei
1348 2519 280 60 Personen
1678 2514 191 69 saßen,
1910 2512 88 61 die
2048 2512 104 59 sich
2194 2517 339 71 gegenseitig

314 2618 292 63 freundlich
657 2618 353 61 anschauten.
1054 2615 116 59 Ein
1217 2611 235 62 Lächeln
1501 2608 168 78 ergab
1711 2616 86 52 ein
1838 2604 177 63 Wort
2064 2602 117 62 und
2229 2601 165 62 indeß
2444 2601 89 61 die

310 2712 186 63 Räder
526 2712 179 77 fleißig
738 2711 112 60 fort
883 2707 117 63 und
1027 2705 400 70 fortrasselten,
1461 2702 145 61 hatte
1639 2702 73 60 ich
1739 2709 107 52 wie
1880 2707 86 52 ein
1994 2696 212 63 Schelm
2241 2695 116 61 und
2382 2693 152 61 Dieb

313 2805 87 61 die
440 2805 278 79 passende
761 2801 373 79 Gelegenheit
1175 2799 511 77 wahrgenommen,
1728 2794 99 61 saß
1869 2792 163 61 schon
2083 2814 73 36 an
2196 2789 144 61 ihrer
2382 2787 153 63 Seite

317 2898 114 61 und
470 2898 144 77 legte
656 2898 108 60 den
804 2897 151 59 Arm
1005 2918 95 37 um
1150 2893 115 61 ihre
1314 2888 256 63 reizende
1611 2888 188 76 Figur,
1842 2885 199 75 Emsig
2089 2881 305 61 arbeiteten
2445 2879 89 61 die

311 2991 202 71 Räder,
557 2992 115 60 und
715 2989 336 79 Gegenden,
1094 2987 89 61 die
1231 2987 75 59 ich
1355 2985 138 60 nicht
1540 2983 221 67 kannte,
1801 2979 182 76 flogen
2034 2975 249 61 draußen
2333 2983 55 51 in
2437 2972 100 60 der

315 3083 174 62 stillen
522 3085 353 60 Mitternacht
916 3107 72 37 an
1030 3105 107 37 uns
1179 3079 201 61 beiden
1419 3076 321 78 glücklichen
1780 3073 217 60 Leuten
2036 3067 263 63 vorüber.
2335 3067 203 76 Emsig

315 3176 262 62 arbeitete
619 3179 75 59 ich
736 3186 96 51 mit
873 3185 220 52 meinen
1126 3175 214 76 Lippen
1382 3171 107 61 auf
1522 3170 108 59 den
1670 3167 225 76 ihrigen,
1937 3163 88 61 die
2065 3161 224 61 köstlich
2324 3181 215 47 waren,

317 3278 106 52 wie
461 3270 215 79 Lippen
726 3279 152 52 eines
927 3267 235 61 Kindes,
1207 3265 114 61 Ein
1369 3262 135 63 Kuß
1552 3261 173 61 lockte
1775 3259 107 59 den
1924 3255 210 62 andern
2185 3252 223 70 hervor,
2451 3260 89 52 ein

317 3361 133 61 Kuß
501 3363 170 77 folgte
720 3363 107 61 auf
869 3363 109 59 den
1028 3360 227 62 andern.
1300 3359 81 60 Ich
1430 3356 105 61 ließ
1584 3364 100 51 mir
1731 3353 88 59 bei
1869 3350 127 61 dem
2045 3347 178 61 süßen
2274 3344 268 62 Geschäft

319 3478 65 37 so
432 3457 142 59 recht
621 3457 150 69 Zeit,
822 3455 117 61 und
988 3455 74 60 da
1110 3452 198 62 wurde
1357 3452 75 59 ich
1481 3473 131 37 zum
1660 3444 269 63 Künstler
1987 3452 72 50 im
2107 3440 253 67 Küssen,
2410 3462 133 37 zum

320 3547 268 62 Künstler
629 3560 53 50 in
724 3549 99 61 der
854 3548 374 76 Liebkosung,
1264 3546 61 61 O
1368 3552 108 53 wie
1518 3542 88 59 die
1639 3538 189 70 Liebe,
1863 3537 87 61 die
1985 3534 153 62 Süße
2182 3530 224 63 lächelte
2448 3539 97 51 mit

320 3638 127 62 dem
496 3642 238 61 schönen
767 3641 195 61 Mund
1011 3640 117 62 und
1176 3648 97 51 mit
1314 3637 107 61 den
1471 3636 237 61 schönen
1758 3628 243 62 dunklen
2041 3627 235 76 Augen,
2319 3623 225 70 welche,

318 3732 183 61 indem
534 3744 78 50 sie
647 3744 53 50 in
750 3734 89 60 die
872 3742 274 68 meinigen
1188 3732 279 66 schauten,
1500 3727 131 60 mich
1665 3723 221 61 küßten.
1922 3714 626 66 Paradiseslüsternheit

318 3824 89 78 lag
446 3827 107 60 auf
578 3827 153 61 ihren
762 3827 216 78 Lippen
1020 3826 117 61 und
1169 3821 439 65 Paradieseslust
1646 3816 220 79 glänzte
1907 3814 81 60 ihr
2021 3836 104 37 aus
2168 3811 111 61 den
2312 3810 233 77 Augen.

319 3915 81 61 Ich
444 3920 365 61 unterdessen
851 3919 148 61 hatte
1032 3943 61 37 es
1128 3942 67 38 so
1228 3918 145 61 recht
1406 3915 164 61 schön
1603 3910 227 78 gelernt,
1863 3915 110 53 wie
2009 3929 131 38 man
2175 3927 62 39 es
2279 3901 272 64 anstellen
