3224 4572
1160 421 238 52 ‘Friedrich
1418 419 189 62 Affrecf
1612 419 209 51 SSmtcf
1827 421 178 54 Noerr,
2043 421 235 48 Paestum

603 422 94 49 612

1672 620 81 61 V.

1461 759 154 61 DIE
1654 755 320 66 NACHT

884 901 112 60 Die
1037 899 194 62 Sonne
1272 898 183 62 dieses
1498 894 188 81 Tages
1728 898 139 61 sank
1909 908 83 51 ins
2034 899 185 61 Meer.

881 993 87 61 Es
1010 992 151 61 blaßt
1202 1000 119 53 sein
1362 990 123 63 Bild
1528 992 117 59 und
1686 992 289 61 dämmert.
2020 992 288 61 Zwielicht
2349 1003 117 51 ätzt

881 1086 113 59 Die
1033 1084 227 61 Farben
1302 1084 127 61 fort.
1474 1083 120 62 Still
1638 1084 127 61 frißt
1804 1086 438 77 Verwitterung.

879 1177 291 77 Mühselig
1211 1186 70 52 ist
1320 1177 99 61 der
1458 1178 282 76 Rüdeweg
1780 1202 133 36 nun.
1958 1178 86 61 Es
2086 1188 146 68 trägt

879 1270 99 62 Ihn
1020 1270 126 61 kein
1179 1270 304 61 Erwarten
1524 1270 172 62 mehr.
1740 1271 149 60 Kein
1923 1270 256 62 Wunsch
2213 1272 156 60 mehr
2410 1272 150 78 prüft

879 1364 127 61 Das
1047 1362 149 61 Maß
1236 1362 101 61 der
1376 1362 199 61 Kräfte
1617 1364 117 59 und
1777 1364 98 59 der
1916 1364 345 77 Wandrung
2300 1364 145 61 Ziel.

877 1455 117 61 Ein
1037 1454 366 71 Säulenhain,
1443 1454 111 62 nah
1598 1455 127 61 dem
1768 1455 314 79 Gestrüpp,
2125 1456 211 70 erhebt,

881 1548 368 62 Geborstnen
1290 1548 353 70 Wohllauts,
1686 1566 207 43 stumm
1935 1549 109 60 den
2085 1549 339 78 Lobgesang

878 1642 125 61 Der
1042 1651 226 67 gütigen
1310 1641 236 71 Mutter,
1591 1642 99 59 der
1729 1641 320 62 Erhalterin

879 1736 206 70 Ceres,
1127 1735 99 60 der
1267 1732 534 80 Äckersegnenden:
1846 1735 118 60 und
2002 1745 150 68 rings

878 1827 180 61 Dorrt
1099 1826 179 62 Scholl
1321 1827 118 60 und
1481 1827 228 79 Steppe.
1757 1827 387 78 Gottgeweiht
2185 1827 117 61 und
2342 1828 153 61 blind

879 1920 143 61 Und
1063 1930 111 51 wie
1213 1944 117 37 von
1372 1920 169 61 Alter
1582 1920 238 62 kindisch
1864 1921 135 60 aber
2040 1921 113 61 lallt

878 2014 86 61 Er
1004 2014 137 60 noch
1180 2035 303 55 vergessne
1523 2014 289 76 Hymnen,
1855 2014 186 70 Alles,
2082 2038 123 37 was

878 2107 172 59 Einst
1083 2105 186 71 Geist,
1311 2107 419 59 fruchtschwere
1763 2107 304 59 Wahrheit
2106 2131 122 35 war
2269 2107 117 61 und
2419 2108 121 60 laut

879 2199 337 77 Umfauchzt
1254 2222 117 37 von
1411 2198 256 61 Freude:
1711 2196 116 63 Tot
1869 2208 70 52 ist
1979 2199 120 61 das.
2143 2199 142 61 Und
2326 2223 107 37 nur

879 2292 124 60 Der
1043 2292 156 61 Stein
1241 2291 120 62 lobt
1400 2293 136 59 noch
1579 2291 89 61 die
1710 2292 227 61 Götter:
1982 2292 419 61 Fruchtbarkeit

878 2383 144 61 Und
1062 2383 182 63 Glück
1286 2383 100 61 des
1427 2385 250 59 Meeres.
1721 2383 257 63 Dunkler
2017 2385 172 59 Fluch
2229 2385 243 61 vertrieb

878 2479 114 59 Die
1034 2477 449 78 Segensreichen,
1526 2479 108 59 auf
1665 2477 313 77 beglückter
2019 2479 176 61 Stätte

878 2570 357 62 Verbunden
1277 2580 166 51 einst:
1488 2571 113 60 Die
1643 2570 198 62 Göttin
1883 2582 406 67 morgenwärts

879 2663 98 61 Zu
1018 2664 245 78 Hängen
1305 2663 99 61 des
1450 2663 275 77 Gebirgs,-
1766 2664 106 60 den
1918 2664 144 61 Gott
2102 2664 99 61 des
2243 2665 201 61 Meers

878 2756 197 78 Jedoch
1117 2780 108 53 gen
1265 2757 232 61 Abend,
1545 2754 101 64 Öd
1686 2757 129 76 liegt
1855 2781 115 36 nun
2013 2757 101 61 das
2157 2757 160 61 Feld,

878 2944 154 59 Was
1074 2944 134 61 aber
1248 2952 71 51 ist
1357 2944 146 59 solch
1546 2944 234 76 heiligen
1820 2944 290 77 Zwanges
2153 2944 169 62 Sinn?

879 3036 143 60 Und
1062 3059 95 37 wo
1201 3045 69 52 ist
1310 3036 218 70 Dauer,
1570 3060 169 37 wenn
1780 3038 90 59 bei
1913 3036 241 61 Göttern
2198 3038 170 59 nicht?

878 3128 265 62 Andacht
1182 3129 191 60 schaut
1413 3138 81 51 sie
1535 3129 108 60 auf
1676 3138 237 67 ewigem
1954 3125 213 64 Thron,
2213 3129 159 60 Doch
2413 3138 101 62 sie.

879 3222 97 62 Sie
1016 3222 211 71 treibts,
1268 3246 75 37 zu
1384 3223 276 70 wachsen,
1710 3222 147 61 denn
1909 3246 59 37 es
2010 3224 208 59 wächst
2266 3223 89 60 die
2396 3223 164 72 Zeit,-

879 3316 140 59 Nur
1058 3339 171 36 unser
1268 3314 193 61 Leben
1503 3316 127 61 frißt
1669 3316 484 76 Vergangenheit:

879 3407 224 61 Wohin
1145 3407 147 61 denn
1333 3417 113 52 tritt
1486 3407 99 61 der
1625 3408 131 60 Fuß
1798 3408 99 60 der
1937 3408 333 63 Sterblichen

881 3500 142 61 Und
1063 3501 140 60 nicht
1241 3500 130 62 dem
1413 3501 334 76 Untergang
1789 3502 303 77 entgegen?
2126 3501 178 70 Weh,

881 3593 181 62 Schon
1103 3593 180 62 soviel
1325 3593 297 62 Schönheit
1662 3618 122 35 war
1824 3594 107 61 auf
1964 3594 183 61 dieser
2187 3594 159 61 Erde

881 3686 143 61 Und
1063 3686 178 61 soviel
1284 3686 328 72 Sehnsucht,
1655 3688 89 59 die
1787 3686 102 63 das
1931 3688 269 61 Wunder
2241 3688 178 61 schuf:

881 3779 354 78 Vergebens.
1279 3779 357 78 Dämmrung
1677 3780 140 70 fraß,
1857 3780 192 61 Nacht
2088 3780 169 61 nahm
2299 3789 80 52 sie
2422 3780 113 61 fort

883 3871 142 61 Und
1056 3871 244 78 künftige
1338 3868 161 81 Tage
1540 3872 217 62 kennen
1801 3882 80 52 sie
1923 3874 139 59 nicht
2101 3873 172 60 mehr.
