3158 4572
1349 410 132 50 Max
1500 408 201 56 SSefer,
1736 407 117 50 Der
1877 407 274 60 Bourgeois

634 415 95 49 600

640 617 300 79 Gegenteil
964 640 117 38 von
1115 615 245 60 diesem
1399 609 255 61 »Ideale«
1701 631 122 37 aus.
1858 606 173 61 Ihnen
2073 615 68 52 ist
2180 606 184 70 Blüte,
2395 605 336 61 Wachstum
2764 604 100 62 des

642 711 294 63 Geschäfts
985 710 80 60 als
1100 717 149 52 eines
1291 700 840 79 selhständigenWesens,
2172 708 71 52 ist
2284 699 87 61 die
2404 698 332 77 Steigerung
2768 696 99 62 der

639 804 384 62 Überschüsse
1057 823 66 38 so
1157 797 374 63 Selbstzweck
1565 793 326 80 geworden,
1919 793 108 61 daß
2060 791 241 61 dadurch
2342 791 149 78 jede
2524 790 344 61 Rückbezie«

642 898 152 78 hung
835 896 105 61 auf
978 888 464 66 Menschenwohl
1493 888 116 61 und
1650 887 197 61 «wehe
1895 894 122 61 <mit
2064 885 302 61 Einschluß
2416 884 145 62 ihres
2611 892 257 70 eigenen)

640 990 169 77 völlig
847 983 416 66 verschwindet.
1299 983 122 60 Der
1447 981 420 61 Unternehmer
1894 979 137 78 folgt
2056 979 80 60 oft
2168 978 177 61 wider
2368 977 215 61 Willen
2618 977 98 61 der
2740 976 130 61 Ex«

640 1077 508 83 pansionstendenz
1174 1075 99 62 der
1291 1073 490 77 Unternehmung,
1801 1072 99 61 des
1926 1071 384 62 »Geschäfts«.
2338 1070 117 61 Mit
2478 1070 207 61 vollem
2702 1068 167 61 Recht

640 1174 130 61 hebt
809 1170 266 65 Sombart
1115 1170 102 60 das
1260 1167 191 61 hilflos
1493 1166 468 61 Monomanische
2009 1174 55 51 in
2107 1164 108 61 den
2257 1164 347 61 Antworten
2646 1161 223 71 hervor,

640 1265 87 61 die
766 1265 180 61 Leute
986 1272 110 53 wie
1139 1263 304 76 Carnegie,
1476 1259 361 70 Rockefeller,
1877 1259 103 60 Dr,
2027 1258 337 76 Strausberg
2404 1255 108 62 auf
2544 1255 89 61 die
2665 1255 205 78 Frage,

638 1382 217 38 warum
882 1366 80 53 sie
997 1357 101 61 das
1134 1355 135 61 alles
1310 1372 174 53 taten,
1509 1353 198 79 gaben.
1735 1353 116 60 Ein
1885 1352 117 61 hier
2035 1349 293 80 fragender
2361 1349 268 62 Sokrates
2663 1348 209 61 könnte

638 1451 87 62 die
750 1451 350 61 Antworten
1127 1458 53 51 in
1208 1448 98 61 der
1322 1443 115 65 Tat
1462 1470 107 36 nur
1594 1444 81 61 als
1694 1444 242 62 Zeichen
1962 1453 152 52 eines
2133 1442 489 62 monomanischen
2639 1440 235 61 Wahn«

637 1555 152 51 sinns
840 1543 266 61 erklären.
1166 1542 113 60 Die
1327 1550 120 52 vier
1495 1538 288 62 infantilen
1823 1538 209 61 Ideale:
2087 1536 100 62 das
2238 1536 218 61 sinnlich
2500 1534 202 63 Große
2749 1533 125 69 <der

640 1637 295 71 »Riese«),-
968 1636 90 60 die
1089 1635 188 61 rasche
1308 1633 328 77 Bewegung
1674 1631 301 71 <Kreisel),-
2014 1630 101 59 das
2148 1628 181 61 Neue
2362 1627 117 61 und
2512 1627 102 61 das
2648 1626 228 61 Macht«

638 1730 190 79 gefühl
878 1730 253 61 scheinen
1172 1727 270 63 Sombart
1489 1726 82 61 als
1623 1726 90 61 die
1760 1724 286 62 Leitideen
2097 1721 98 61 des
2246 1720 401 62 herrschenden
2688 1719 188 61 Wirt«

638 1824 390 76 schaftstypus.
1087 1821 83 63 So
1212 1819 258 79 geistvoll
1520 1819 91 61 die
1650 1816 353 78 Bemerkung
2050 1824 88 61 ist,
2187 1824 104 51 wir
2340 1814 250 61 möchten
2641 1811 81 61 ihr
2770 1834 106 38 nur

639 1941 67 37 so
732 1926 134 50 weit
907 1915 207 77 folgen,
1156 1913 81 62 als
1274 1922 81 52 sie
1391 1912 89 62 die
1514 1910 325 79 ungeheure
1863 1908 455 76 Vereinfachung
2351 1905 118 61 und
2495 1905 106 61 den
2627 1904 249 62 Rückfall

640 2020 54 52 in
752 2009 108 61 den
916 2009 420 60 Primitivismus
1396 2007 100 60 des
1552 2002 576 63 Motivationslebens
2185 2009 54 52 in
2296 2022 233 39 unserer
2576 1998 132 61 Zeit
2763 1997 114 68 <bei

640 2102 290 61 äußerster
963 2101 488 75 Differenzierung
1484 2097 99 61 des
1611 2096 289 70 Denkens,
1934 2095 102 60 das
2068 2093 192 61 diesen
2294 2092 283 61 einfachen
2609 2091 267 59 Motiven

642 2195 175 68 dient)
858 2218 132 38 zum
1015 2192 306 63 Ausdruck
1362 2191 193 76 bringt,
1600 2188 267 63 Sombart
1905 2196 146 69 zeigt
2084 2187 139 60 nicht
2255 2185 109 62 den
2399 2183 209 63 Grund
2641 2183 97 61 der
2759 2182 119 61 Er«

642 2289 312 76 scheinung.
997 2286 88 61 Er
1118 2285 180 61 dürfte
1340 2284 158 61 darin
1538 2282 197 78 liegen,
1778 2281 109 61 daß
1931 2289 105 60 <sei
2077 2303 59 38 es
2180 2288 99 52 mit
2319 2286 181 52 einem
2534 2276 345 79 Operetten«

642 2382 260 77 Schlager,
960 2388 80 53 sei
1090 2402 61 38 es
1200 2387 98 52 mit
1346 2387 182 52 einem
1578 2398 185 38 neuen
1811 2371 441 71 Absatzartikel,
2312 2380 81 52 sei
2442 2393 60 39 es
2552 2378 97 53 mit
2698 2378 180 52 einem

643 2473 533 80 organisatorischen
1195 2468 746 67 Großbankunternehmen)
1967 2467 340 76 derjenige
2332 2464 169 61 heute
2526 2487 93 38 am
2643 2472 235 52 meisten

643 2567 204 77 Erfolg
887 2566 115 71 hat,
1044 2564 98 61 der
1183 2575 54 49 in
1278 2572 183 52 seiner
1494 2571 230 68 eigenen
1758 2559 296 63 seelischen
2087 2558 256 76 Haltung
2383 2581 91 37 am
2515 2564 231 52 meisten
2792 2554 90 60 die

648 2661 273 61 »Masse«
944 2670 54 51 in
1016 2660 106 61 sich
1141 2657 172 62 selbst
1330 2666 160 67 trägt.
1519 2656 113 60 Die
1649 2655 383 61 Massewerte
2056 2651 174 62 selbst
2256 2660 354 68 entspringen
2637 2658 53 68 ja
2717 2647 164 61 durch

645 2752 559 77 Dedifferenzierung
1237 2751 99 61 der
1368 2747 330 64 Individuen
1733 2756 54 52 in
1820 2745 456 62 unwillkürlicher
2300 2742 416 76 Nachahmung
2750 2740 133 61 aller

645 2872 116 37 von
795 2846 160 61 allen.
992 2846 113 60 Die
1129 2845 206 60 Masse
1368 2853 71 50 ist
1472 2865 70 38 eo
1570 2851 123 69 ipso
1721 2840 122 71 das,
1868 2863 122 37 was
2026 2839 99 59 der
2148 2837 237 61 Mensch
2420 2836 82 60 als
2533 2834 222 61 »Kind«
2794 2843 85 52 ist.

648 2940 95 63 Sie
770 2949 77 52 Ist
880 2939 102 61 das
1016 2938 155 62 Kind
1205 2947 73 50 im
1313 2935 254 62 Großen,
1613 2935 151 60 Dem
1801 2933 291 78 entspricht
2125 2930 89 61 die
2248 2929 271 62 moderne
2553 2926 331 64 Geschäfts«

645 3042 265 51 maxime:
957 3030 251 63 Größter
1249 3028 227 62 Absatz
1515 3025 365 79 gleichgültig
1919 3023 233 62 welcher
2194 3022 285 72 Qualität)
2521 3019 117 62 und
2679 3019 205 61 kleiner

648 3126 251 62 Gewinn
939 3149 137 36 vom
1115 3123 374 61 Einzelstück.
1533 3121 149 61 Wer
1722 3119 102 61 das
1868 3117 219 62 Gefühl
2129 3117 89 60 für
2260 3116 88 59 die
2388 3114 195 78 größte
2624 3112 260 61 Absatz«

649 3217 262 78 Fähigkeit
951 3226 152 52 einer
1136 3216 174 61 Sache
1350 3215 116 68 hat,
1506 3212 97 61 hat
1644 3212 109 61 den
1793 3211 219 76 Erfolg,
2056 3208 134 61 Daß
2233 3208 89 60 die
2362 3206 315 62 besondere
2709 3204 177 61 Rein«

650 3310 112 62 heit
803 3310 98 62 der
940 3307 415 71 Massenseele,
1405 3306 99 62 der
1543 3302 598 64 Massenbedürfnisse
2298 3298 492 80 paradoxerweise
2832 3305 52 52 in

652 3413 179 52 einem
865 3401 357 63 Individuum
1364 3399 173 62 selbst
1570 3396 211 62 wieder
1814 3405 123 52 eine
1970 3418 116 54 gar
2119 3395 160 60 nicht
2310 3391 395 70 massenhafte,
2750 3411 137 40 son«

653 3497 135 61 dem
830 3497 228 61 äußerst
1105 3495 212 63 seltene
1359 3493 174 62 Sache
1575 3500 86 61 ist,
1713 3490 122 61 also
1884 3513 106 37 nur
2039 3498 123 52 eine
2200 3486 301 61 Minorität
2549 3507 61 39 es
2661 3494 88 61 ist,
2798 3481 89 61 die

654 3589 98 61 der
783 3591 205 59 Masse
1029 3589 129 78 klug
1200 3587 117 62 und
1357 3587 184 76 richtig
1580 3610 74 36 zu
1697 3583 201 62 dienen
1929 3603 249 55 vermag,
2220 3579 102 61 das
2364 3579 129 78 liegt
2525 3578 273 61 durchaus
2832 3583 55 51 in

656 3682 97 61 der
807 3682 338 77 Forderung
1202 3681 97 61 der
1354 3678 194 79 Logik.
1616 3678 166 61 Auch
1840 3676 89 61 die
1985 3673 372 79 bürgerlichen
2378 3718 16 7 -
2413 3667 316 81 Tugenden
2788 3667 99 61 des

657 3773 221 63 Alberti
920 3775 117 61 und
1077 3775 99 61 des
1217 3772 264 61 Franklin
1523 3770 183 62 haben
1748 3768 153 63 ihren
1936 3767 115 62 Ort
2089 3765 343 80 gewechselt.
2477 3762 221 62 Früher
2741 3759 146 61 hatte

661 3874 78 52 sie
780 3866 98 61 der
916 3867 235 61 Mensch
1311 3866 168 61 heute
1519 3864 125 62 sind
1686 3873 80 52 sie
1807 3871 55 52 in
1904 3861 89 61 die
2036 3859 300 63 Geschäfte
2384 3856 174 63 selbst
2596 3855 291 75 hineinge«
