<?xml version="1.0" encoding="UTF-8"?>
<alto xmlns:xsi="http://www.w3.org/2001/XMLSchema-instance" xmlns="http://www.loc.gov/standards/alto/ns-v2#" xsi:schemaLocation="http://www.loc.gov/standards/alto/ns-v2# http://www.loc.gov/standards/alto/v2/alto-2-0.xsd" xmlns:xlink="http://www.w3.org/1999/xlink">
	<Description>
		<MeasurementUnit>mm10</MeasurementUnit>
		<sourceImageInformation>
			<fileName>./bmtnabr_1914-02_01_0072.jp2</fileName>
		</sourceImageInformation>
		<OCRProcessing ID="OCRPROCESSING_1">
			<preProcessingStep>
				<processingSoftware>
					<softwareCreator>CCS Content Conversion Specialists GmbH, Germany</softwareCreator>
					<softwareName>CCS docWorks</softwareName>
					<softwareVersion>6.8-1.27</softwareVersion>
				</processingSoftware>
			</preProcessingStep>
			<ocrProcessingStep>
				<processingSoftware>
					<softwareCreator>ABBYY (BIT Software), Russia</softwareCreator>
					<softwareName>FineReader</softwareName>
					<softwareVersion>11.0</softwareVersion>
				</processingSoftware>
			</ocrProcessingStep>
			<postProcessingStep>
				<processingSoftware>
					<softwareCreator>CCS Content Conversion Specialists GmbH, Germany</softwareCreator>
					<softwareName>CCS docWorks</softwareName>
					<softwareVersion>6.8-1.27</softwareVersion>
					<applicationDescription>docWorks: Text modified manually, or automatically replaced</applicationDescription>
				</processingSoftware>
			</postProcessingStep>
		</OCRProcessing>
	</Description>
	<Styles>
		<TextStyle ID="TXT_0" FONTSIZE="27" FONTFAMILY="Times New Roman"/>
		<TextStyle ID="TXT_1" FONTSIZE="18" FONTFAMILY="Times New Roman" FONTSTYLE="bold italics"/>
		<TextStyle ID="TXT_2" FONTSIZE="24" FONTFAMILY="Times New Roman"/>
		<ParagraphStyle ID="PAR_LEFT" ALIGN="Left"/>
		<ParagraphStyle ID="PAR_RIGHT" ALIGN="Right"/>
		<ParagraphStyle ID="PAR_BLOCK" ALIGN="Block"/>
	</Styles>
	<Layout>
		<Page ID="P72" PHYSICAL_IMG_NR="72" HEIGHT="4572" WIDTH="3176" PRINTED_IMG_NR="598" PC="0.954">
			<TopMargin ID="P72_TM00001" HPOS="0" VPOS="0" WIDTH="3176" HEIGHT="465">
				<TextBlock ID="P72_TB00001" HPOS="631" VPOS="382" WIDTH="92" HEIGHT="49" STYLEREFS="TXT_0 PAR_LEFT">
					<TextLine ID="P72_TL00001" HPOS="631" VPOS="382" WIDTH="92" HEIGHT="49">
						<String ID="P72_ST00001" HPOS="631" VPOS="382" WIDTH="92" HEIGHT="49" CONTENT="598" WC="1.00" CC="000"/>
					</TextLine>
				</TextBlock>
				<TextBlock ID="P72_TB00002" HPOS="1345" VPOS="392" WIDTH="804" HEIGHT="71" STYLEREFS="TXT_1 PAR_RIGHT">
					<TextLine ID="P72_TL00002" HPOS="1346" VPOS="394" WIDTH="803" HEIGHT="69">
						<String ID="P72_ST00002" HPOS="1346" VPOS="394" WIDTH="135" HEIGHT="51" CONTENT="Max" WC="0.96" CC="460"/>
						<SP ID="P72_SP00001" HPOS="1481" VPOS="445" WIDTH="175"/>
						<String ID="P72_ST00003" HPOS="1656" VPOS="396" WIDTH="475" HEIGHT="58" CONTENT="Sdöefer,D" WC="0.54" CC="948040067"/>
						<SP ID="P72_SP00002" HPOS="2131" VPOS="454" WIDTH="1"/>
						<String ID="P72_ST00004" HPOS="2132" VPOS="402" WIDTH="17" HEIGHT="61" CONTENT="Bourgeois" WC="0.98" CC="405969224"/>
					</TextLine>
				</TextBlock>
			</TopMargin>
			<LeftMargin ID="P72_LM00001" HPOS="0" VPOS="465" WIDTH="591" HEIGHT="3471"/>
			<RightMargin ID="P72_RM00001" HPOS="2859" VPOS="465" WIDTH="317" HEIGHT="3471"/>
			<BottomMargin ID="P72_BM00001" HPOS="0" VPOS="3936" WIDTH="3176" HEIGHT="636"/>
			<PrintSpace ID="P72_PS00001" HPOS="591" VPOS="465" WIDTH="2268" HEIGHT="3471">
				<TextBlock ID="P72_TB00003" HPOS="591" VPOS="585" WIDTH="2268" HEIGHT="3351" STYLEREFS="TXT_2 PAR_BLOCK">
					<TextLine ID="P72_TL00003" HPOS="632" VPOS="586" WIDTH="2227" HEIGHT="104">
						<String ID="P72_ST00005" HPOS="632" VPOS="586" WIDTH="99" HEIGHT="62" CONTENT="der" WC="0.93" CC="756"/>
						<SP ID="P72_SP00003" HPOS="731" VPOS="648" WIDTH="15"/>
						<String ID="P72_ST00006" HPOS="746" VPOS="587" WIDTH="207" HEIGHT="74" CONTENT="Mann," WC="0.98" CC="40224"/>
						<SP ID="P72_SP00004" HPOS="953" VPOS="661" WIDTH="21"/>
						<String ID="P72_ST00007" HPOS="974" VPOS="590" WIDTH="89" HEIGHT="62" CONTENT="für" WC="0.95" CC="606"/>
						<SP ID="P72_SP00005" HPOS="1063" VPOS="661" WIDTH="19"/>
						<String ID="P72_ST00008" HPOS="1082" VPOS="592" WIDTH="106" HEIGHT="61" CONTENT="den" WC="0.93" CC="936"/>
						<SP ID="P72_SP00006" HPOS="1188" VPOS="661" WIDTH="19"/>
						<String ID="P72_ST00009" HPOS="1207" VPOS="592" WIDTH="88" HEIGHT="62" CONTENT="die" WC="0.98" CC="060"/>
						<SP ID="P72_SP00007" HPOS="1295" VPOS="661" WIDTH="17"/>
						<String ID="P72_ST00010" HPOS="1312" VPOS="593" WIDTH="228" HEIGHT="64" CONTENT="Frauen" WC="0.98" CC="260640"/>
						<SP ID="P72_SP00008" HPOS="1540" VPOS="661" WIDTH="19"/>
						<String ID="P72_ST00011" HPOS="1559" VPOS="612" WIDTH="179" HEIGHT="47" CONTENT="etwas" WC="0.98" CC="04700"/>
						<SP ID="P72_SP00009" HPOS="1738" VPOS="661" WIDTH="18"/>
						<String ID="P72_ST00012" HPOS="1756" VPOS="600" WIDTH="300" HEIGHT="73" CONTENT="bedeuten," WC="0.99" CC="700046004"/>
						<SP ID="P72_SP00010" HPOS="2056" VPOS="673" WIDTH="19"/>
						<String ID="P72_ST00013" HPOS="2075" VPOS="614" WIDTH="164" HEIGHT="52" CONTENT="meist" WC="0.99" CC="00206"/>
						<SP ID="P72_SP00011" HPOS="2239" VPOS="673" WIDTH="23"/>
						<String ID="P72_ST00014" HPOS="2262" VPOS="609" WIDTH="134" HEIGHT="58" CONTENT="auch" WC="1.00" CC="0000"/>
						<SP ID="P72_SP00012" HPOS="2396" VPOS="673" WIDTH="28"/>
						<String ID="P72_ST00015" HPOS="2424" VPOS="618" WIDTH="161" HEIGHT="53" CONTENT="einen" WC="0.99" CC="02006"/>
						<SP ID="P72_SP00013" HPOS="2585" VPOS="673" WIDTH="17"/>
						<String ID="P72_ST00016" HPOS="2602" VPOS="610" WIDTH="136" HEIGHT="80" CONTENT="Zug" WC="0.95" CC="707"/>
						<SP ID="P72_SP00014" HPOS="2738" VPOS="690" WIDTH="19"/>
						<String ID="P72_ST00017" HPOS="2757" VPOS="638" WIDTH="102" HEIGHT="37" CONTENT="zur" WC="0.95" CC="706"/>
					</TextLine>
					<TextLine ID="P72_TL00004" HPOS="631" VPOS="681" WIDTH="2228" HEIGHT="99">
						<String ID="P72_ST00018" HPOS="631" VPOS="681" WIDTH="462" HEIGHT="64" CONTENT="wirtschaftlichen" WC="0.99" CC="9671077433725636"/>
						<SP ID="P72_SP00015" HPOS="1093" VPOS="745" WIDTH="18"/>
						<String ID="P72_ST00019" HPOS="1111" VPOS="684" WIDTH="498" HEIGHT="82" CONTENT="Verschwendung" WC="0.99" CC="1000649000559"/>
						<SP ID="P72_SP00016" HPOS="1609" VPOS="766" WIDTH="24"/>
						<String ID="P72_ST00020" HPOS="1633" VPOS="689" WIDTH="114" HEIGHT="72" CONTENT="hat," WC="0.96" CC="7064"/>
						<SP ID="P72_SP00017" HPOS="1747" VPOS="766" WIDTH="27"/>
						<String ID="P72_ST00021" HPOS="1774" VPOS="691" WIDTH="98" HEIGHT="62" CONTENT="der" WC="0.97" CC="007"/>
						<SP ID="P72_SP00018" HPOS="1872" VPOS="766" WIDTH="26"/>
						<String ID="P72_ST00022" HPOS="1898" VPOS="692" WIDTH="239" HEIGHT="82" CONTENT="Geizige" WC="0.99" CC="3064300"/>
						<SP ID="P72_SP00019" HPOS="2137" VPOS="774" WIDTH="33"/>
						<String ID="P72_ST00023" HPOS="2170" VPOS="708" WIDTH="161" HEIGHT="52" CONTENT="meist" WC="0.99" CC="00404"/>
						<SP ID="P72_SP00020" HPOS="2331" VPOS="774" WIDTH="32"/>
						<String ID="P72_ST00024" HPOS="2363" VPOS="703" WIDTH="135" HEIGHT="58" CONTENT="auch" WC="0.98" CC="0090"/>
						<SP ID="P72_SP00021" HPOS="2498" VPOS="774" WIDTH="33"/>
						<String ID="P72_ST00025" HPOS="2531" VPOS="705" WIDTH="328" HEIGHT="75" CONTENT="geschieh" WC="0.98" CC="00197638"/>
					</TextLine>
					<TextLine ID="P72_TL00005" HPOS="630" VPOS="771" WIDTH="2227" HEIGHT="89">
						<String ID="P72_ST00026" HPOS="630" VPOS="771" WIDTH="95" HEIGHT="61" CONTENT="lieh" WC="0.97" CC="6080"/>
						<SP ID="P72_SP00022" HPOS="725" VPOS="832" WIDTH="34"/>
						<String ID="P72_ST00027" HPOS="759" VPOS="784" WIDTH="186" HEIGHT="67" CONTENT="wenig" WC="0.98" CC="00570"/>
						<SP ID="P72_SP00023" HPOS="945" VPOS="851" WIDTH="29"/>
						<String ID="P72_ST00028" HPOS="974" VPOS="776" WIDTH="214" HEIGHT="60" CONTENT="reizbar" WC="0.97" CC="6067755"/>
						<SP ID="P72_SP00024" HPOS="1188" VPOS="851" WIDTH="32"/>
						<String ID="P72_ST00029" HPOS="1220" VPOS="785" WIDTH="87" HEIGHT="62" CONTENT="ist," WC="0.97" CC="7044"/>
						<SP ID="P72_SP00025" HPOS="1307" VPOS="851" WIDTH="40"/>
						<String ID="P72_ST00030" HPOS="1347" VPOS="778" WIDTH="103" HEIGHT="62" CONTENT="das" WC="1.00" CC="000"/>
						<SP ID="P72_SP00026" HPOS="1450" VPOS="851" WIDTH="33"/>
						<String ID="P72_ST00031" HPOS="1483" VPOS="783" WIDTH="264" HEIGHT="61" CONTENT="erscheint" WC="0.98" CC="052970545"/>
						<SP ID="P72_SP00027" HPOS="1747" VPOS="851" WIDTH="40"/>
						<String ID="P72_ST00032" HPOS="1787" VPOS="784" WIDTH="134" HEIGHT="62" CONTENT="doch" WC="0.99" CC="0300"/>
						<SP ID="P72_SP00028" HPOS="1921" VPOS="851" WIDTH="36"/>
						<String ID="P72_ST00033" HPOS="1957" VPOS="788" WIDTH="156" HEIGHT="61" CONTENT="mehr" WC="0.97" CC="0075"/>
						<SP ID="P72_SP00029" HPOS="2113" VPOS="851" WIDTH="32"/>
						<String ID="P72_ST00034" HPOS="2145" VPOS="790" WIDTH="81" HEIGHT="61" CONTENT="als" WC="0.97" CC="060"/>
						<SP ID="P72_SP00030" HPOS="2226" VPOS="851" WIDTH="36"/>
						<String ID="P72_ST00035" HPOS="2262" VPOS="800" WIDTH="121" HEIGHT="54" CONTENT="eine" WC="0.98" CC="0402"/>
						<SP ID="P72_SP00031" HPOS="2383" VPOS="854" WIDTH="34"/>
						<String ID="P72_ST00036" HPOS="2417" VPOS="793" WIDTH="440" HEIGHT="67" CONTENT="nebensächliche" WC="1.00" CC="00704000064000"/>
					</TextLine>
					<TextLine ID="P72_TL00006" HPOS="631" VPOS="865" WIDTH="2227" HEIGHT="89">
						<String ID="P72_ST00037" HPOS="631" VPOS="865" WIDTH="117" HEIGHT="60" CONTENT="und" WC="1.00" CC="000"/>
						<SP ID="P72_SP00032" HPOS="748" VPOS="925" WIDTH="49"/>
						<String ID="P72_ST00038" HPOS="797" VPOS="868" WIDTH="464" HEIGHT="76" CONTENT="untergeordnete" WC="1.00" CC="40206004602040"/>
						<SP ID="P72_SP00033" HPOS="1261" VPOS="944" WIDTH="47"/>
						<String ID="P72_ST00039" HPOS="1308" VPOS="870" WIDTH="211" HEIGHT="80" CONTENT="Folge" WC="0.99" CC="13004"/>
						<SP ID="P72_SP00034" HPOS="1519" VPOS="950" WIDTH="50"/>
						<String ID="P72_ST00040" HPOS="1569" VPOS="875" WIDTH="181" HEIGHT="64" CONTENT="dieses" WC="1.00" CC="040000"/>
						<SP ID="P72_SP00035" HPOS="1750" VPOS="950" WIDTH="49"/>
						<String ID="P72_ST00041" HPOS="1799" VPOS="880" WIDTH="399" HEIGHT="64" CONTENT="umfassenden" WC="1.00" CC="00400000000"/>
						<SP ID="P72_SP00036" HPOS="2198" VPOS="950" WIDTH="41"/>
						<String ID="P72_ST00042" HPOS="2239" VPOS="884" WIDTH="619" HEIGHT="70" CONTENT="Konstitutionsunter*" WC="1.00" CC="0210353644030653064"/>
					</TextLine>
					<TextLine ID="P72_TL00007" HPOS="627" VPOS="959" WIDTH="2229" HEIGHT="99">
						<String ID="P72_ST00043" HPOS="627" VPOS="959" WIDTH="240" HEIGHT="61" CONTENT="schiedes" WC="0.85" CC="00040070"/>
						<SP ID="P72_SP00037" HPOS="867" VPOS="1020" WIDTH="56"/>
						<String ID="P72_ST00044" HPOS="923" VPOS="960" WIDTH="80" HEIGHT="60" CONTENT="als" WC="0.99" CC="300"/>
						<SP ID="P72_SP00038" HPOS="1003" VPOS="1020" WIDTH="57"/>
						<String ID="P72_ST00045" HPOS="1060" VPOS="972" WIDTH="151" HEIGHT="51" CONTENT="seine" WC="0.97" CC="06507"/>
						<SP ID="P72_SP00039" HPOS="1211" VPOS="1023" WIDTH="50"/>
						<String ID="P72_ST00046" HPOS="1261" VPOS="964" WIDTH="265" HEIGHT="65" CONTENT="Ursache," WC="0.99" CC="70200003"/>
						<SP ID="P72_SP00040" HPOS="1526" VPOS="1029" WIDTH="60"/>
						<String ID="P72_ST00047" HPOS="1586" VPOS="969" WIDTH="114" HEIGHT="63" CONTENT="Die" WC="0.95" CC="650"/>
						<SP ID="P72_SP00041" HPOS="1700" VPOS="1032" WIDTH="56"/>
						<String ID="P72_ST00048" HPOS="1756" VPOS="972" WIDTH="158" HEIGHT="61" CONTENT="mehr" WC="0.97" CC="0077"/>
						<SP ID="P72_SP00042" HPOS="1914" VPOS="1033" WIDTH="55"/>
						<String ID="P72_ST00049" HPOS="1969" VPOS="976" WIDTH="82" HEIGHT="59" CONTENT="als" WC="0.97" CC="070"/>
						<SP ID="P72_SP00043" HPOS="2051" VPOS="1035" WIDTH="58"/>
						<String ID="P72_ST00050" HPOS="2109" VPOS="977" WIDTH="374" HEIGHT="81" CONTENT="fragwürdige" WC="1.00" CC="57000070000"/>
						<SP ID="P72_SP00044" HPOS="2483" VPOS="1058" WIDTH="54"/>
						<String ID="P72_ST00051" HPOS="2537" VPOS="982" WIDTH="319" HEIGHT="66" CONTENT="Freudsche" WC="0.83" CC="770000000"/>
					</TextLine>
					<TextLine ID="P72_TL00008" HPOS="626" VPOS="1051" WIDTH="2231" HEIGHT="102">
						<String ID="P72_ST00052" HPOS="626" VPOS="1051" WIDTH="197" HEIGHT="69" CONTENT="Lehre," WC="0.99" CC="400604"/>
						<SP ID="P72_SP00045" HPOS="823" VPOS="1120" WIDTH="49"/>
						<String ID="P72_ST00053" HPOS="872" VPOS="1056" WIDTH="229" HEIGHT="58" CONTENT="wonach" WC="0.99" CC="063000"/>
						<SP ID="P72_SP00046" HPOS="1101" VPOS="1120" WIDTH="51"/>
						<String ID="P72_ST00054" HPOS="1152" VPOS="1056" WIDTH="105" HEIGHT="62" CONTENT="alle" WC="0.97" CC="5700"/>
						<SP ID="P72_SP00047" HPOS="1257" VPOS="1120" WIDTH="47"/>
						<String ID="P72_ST00055" HPOS="1304" VPOS="1058" WIDTH="189" HEIGHT="62" CONTENT="Arten" WC="0.98" CC="55500"/>
						<SP ID="P72_SP00048" HPOS="1493" VPOS="1120" WIDTH="48"/>
						<String ID="P72_ST00056" HPOS="1541" VPOS="1086" WIDTH="117" HEIGHT="38" CONTENT="von" WC="0.96" CC="046"/>
						<SP ID="P72_SP00049" HPOS="1658" VPOS="1124" WIDTH="40"/>
						<String ID="P72_ST00057" HPOS="1698" VPOS="1065" WIDTH="172" HEIGHT="62" CONTENT="Liebe" WC="0.99" CC="00070"/>
						<SP ID="P72_SP00050" HPOS="1870" VPOS="1127" WIDTH="49"/>
						<String ID="P72_ST00058" HPOS="1919" VPOS="1067" WIDTH="167" HEIGHT="62" CONTENT="bloße" WC="0.99" CC="00060"/>
						<SP ID="P72_SP00051" HPOS="2086" VPOS="1129" WIDTH="52"/>
						<String ID="P72_ST00059" HPOS="2138" VPOS="1072" WIDTH="566" HEIGHT="81" CONTENT="»Ausstrahlungen«" WC="1.00" CC="5200067070030056"/>
						<SP ID="P72_SP00052" HPOS="2704" VPOS="1153" WIDTH="54"/>
						<String ID="P72_ST00060" HPOS="2758" VPOS="1079" WIDTH="99" HEIGHT="62" CONTENT="der" WC="0.98" CC="006"/>
					</TextLine>
					<TextLine ID="P72_TL00009" HPOS="623" VPOS="1143" WIDTH="2229" HEIGHT="92">
						<String ID="P72_ST00061" HPOS="623" VPOS="1143" WIDTH="168" HEIGHT="60" CONTENT="libido" WC="0.71" CC="037500"/>
						<SP ID="P72_SP00053" HPOS="791" VPOS="1203" WIDTH="41"/>
						<String ID="P72_ST00062" HPOS="832" VPOS="1145" WIDTH="141" HEIGHT="71" CONTENT="sind," WC="0.99" CC="04001"/>
						<SP ID="P72_SP00054" HPOS="973" VPOS="1216" WIDTH="43"/>
						<String ID="P72_ST00063" HPOS="1016" VPOS="1146" WIDTH="147" HEIGHT="63" CONTENT="hätte" WC="0.98" CC="70060"/>
						<SP ID="P72_SP00055" HPOS="1163" VPOS="1216" WIDTH="33"/>
						<String ID="P72_ST00064" HPOS="1196" VPOS="1150" WIDTH="267" HEIGHT="64" CONTENT="Sombart" WC="0.68" CC="5407004"/>
						<SP ID="P72_SP00056" HPOS="1463" VPOS="1216" WIDTH="33"/>
						<String ID="P72_ST00065" HPOS="1496" VPOS="1156" WIDTH="138" HEIGHT="61" CONTENT="nicht" WC="0.98" CC="03071"/>
						<SP ID="P72_SP00057" HPOS="1634" VPOS="1217" WIDTH="32"/>
						<String ID="P72_ST00066" HPOS="1666" VPOS="1178" WIDTH="406" HEIGHT="45" CONTENT="voraussetzen" WC="0.99" CC="044000005705"/>
						<SP ID="P72_SP00058" HPOS="2072" VPOS="1223" WIDTH="33"/>
						<String ID="P72_ST00067" HPOS="2105" VPOS="1164" WIDTH="195" HEIGHT="62" CONTENT="sollen." WC="0.99" CC="0070003"/>
						<SP ID="P72_SP00059" HPOS="2300" VPOS="1226" WIDTH="35"/>
						<String ID="P72_ST00068" HPOS="2335" VPOS="1166" WIDTH="337" HEIGHT="65" CONTENT="Außerdem" WC="0.98" CC="56506050"/>
						<SP ID="P72_SP00060" HPOS="2672" VPOS="1231" WIDTH="34"/>
						<String ID="P72_ST00069" HPOS="2706" VPOS="1171" WIDTH="146" HEIGHT="64" CONTENT="finde" WC="0.99" CC="60003"/>
					</TextLine>
					<TextLine ID="P72_TL00010" HPOS="621" VPOS="1235" WIDTH="2232" HEIGHT="91">
						<String ID="P72_ST00070" HPOS="621" VPOS="1235" WIDTH="94" HEIGHT="68" CONTENT="ich," WC="0.99" CC="6000"/>
						<SP ID="P72_SP00061" HPOS="715" VPOS="1303" WIDTH="49"/>
						<String ID="P72_ST00071" HPOS="764" VPOS="1235" WIDTH="111" HEIGHT="62" CONTENT="daß" WC="1.00" CC="000"/>
						<SP ID="P72_SP00062" HPOS="875" VPOS="1303" WIDTH="49"/>
						<String ID="P72_ST00072" HPOS="924" VPOS="1237" WIDTH="267" HEIGHT="64" CONTENT="Sombart" WC="0.65" CC="5007055"/>
						<SP ID="P72_SP00063" HPOS="1191" VPOS="1303" WIDTH="48"/>
						<String ID="P72_ST00073" HPOS="1239" VPOS="1253" WIDTH="191" HEIGHT="52" CONTENT="seinen" WC="0.99" CC="005030"/>
						<SP ID="P72_SP00064" HPOS="1430" VPOS="1305" WIDTH="49"/>
						<String ID="P72_ST00074" HPOS="1479" VPOS="1247" WIDTH="215" HEIGHT="79" CONTENT="Bürger" WC="0.99" CC="005005"/>
						<SP ID="P72_SP00065" HPOS="1694" VPOS="1326" WIDTH="48"/>
						<String ID="P72_ST00075" HPOS="1742" VPOS="1260" WIDTH="133" HEIGHT="54" CONTENT="weit" WC="0.98" CC="0053"/>
						<SP ID="P72_SP00066" HPOS="1875" VPOS="1326" WIDTH="47"/>
						<String ID="P72_ST00076" HPOS="1922" VPOS="1253" WIDTH="194" HEIGHT="62" CONTENT="besser" WC="0.99" CC="000036"/>
						<SP ID="P72_SP00067" HPOS="2116" VPOS="1326" WIDTH="50"/>
						<String ID="P72_ST00077" HPOS="2166" VPOS="1258" WIDTH="118" HEIGHT="59" CONTENT="und" WC="1.00" CC="000"/>
						<SP ID="P72_SP00068" HPOS="2284" VPOS="1326" WIDTH="49"/>
						<String ID="P72_ST00078" HPOS="2333" VPOS="1259" WIDTH="237" HEIGHT="62" CONTENT="schärfer" WC="0.99" CC="00705406"/>
						<SP ID="P72_SP00069" HPOS="2570" VPOS="1326" WIDTH="40"/>
						<String ID="P72_ST00079" HPOS="2610" VPOS="1264" WIDTH="243" HEIGHT="62" CONTENT="zeichnet" WC="0.99" CC="70400502"/>
					</TextLine>
					<TextLine ID="P72_TL00011" HPOS="619" VPOS="1326" WIDTH="2234" HEIGHT="109">
						<String ID="P72_ST00080" HPOS="619" VPOS="1326" WIDTH="80" HEIGHT="61" CONTENT="als" WC="1.00" CC="000"/>
						<SP ID="P72_SP00070" HPOS="699" VPOS="1387" WIDTH="49"/>
						<String ID="P72_ST00081" HPOS="748" VPOS="1336" WIDTH="190" HEIGHT="54" CONTENT="seinen" WC="0.99" CC="045104"/>
						<SP ID="P72_SP00071" HPOS="938" VPOS="1390" WIDTH="50"/>
						<String ID="P72_ST00082" HPOS="988" VPOS="1330" WIDTH="293" HEIGHT="80" CONTENT="Seigneur," WC="0.99" CC="601000054"/>
						<SP ID="P72_SP00072" HPOS="1281" VPOS="1410" WIDTH="57"/>
						<String ID="P72_ST00083" HPOS="1338" VPOS="1336" WIDTH="129" HEIGHT="63" CONTENT="dem" WC="1.00" CC="000"/>
						<SP ID="P72_SP00073" HPOS="1467" VPOS="1410" WIDTH="50"/>
						<String ID="P72_ST00084" HPOS="1517" VPOS="1363" WIDTH="59" HEIGHT="38" CONTENT="er" WC="0.67" CC="06"/>
						<SP ID="P72_SP00074" HPOS="1576" VPOS="1410" WIDTH="42"/>
						<String ID="P72_ST00085" HPOS="1618" VPOS="1343" WIDTH="80" HEIGHT="59" CONTENT="oft" WC="0.98" CC="211"/>
						<SP ID="P72_SP00075" HPOS="1698" VPOS="1410" WIDTH="38"/>
						<String ID="P72_ST00086" HPOS="1736" VPOS="1343" WIDTH="169" HEIGHT="80" CONTENT="Züge" WC="0.98" CC="7000"/>
						<SP ID="P72_SP00076" HPOS="1905" VPOS="1423" WIDTH="48"/>
						<String ID="P72_ST00087" HPOS="1953" VPOS="1348" WIDTH="253" HEIGHT="72" CONTENT="verleiht," WC="0.99" CC="006730744"/>
						<SP ID="P72_SP00077" HPOS="2206" VPOS="1423" WIDTH="58"/>
						<String ID="P72_ST00088" HPOS="2264" VPOS="1350" WIDTH="90" HEIGHT="61" CONTENT="die" WC="0.99" CC="030"/>
						<SP ID="P72_SP00078" HPOS="2354" VPOS="1423" WIDTH="41"/>
						<String ID="P72_ST00089" HPOS="2395" VPOS="1352" WIDTH="211" HEIGHT="62" CONTENT="diesem" WC="0.99" CC="054000"/>
						<SP ID="P72_SP00079" HPOS="2606" VPOS="1423" WIDTH="40"/>
						<String ID="P72_ST00090" HPOS="2646" VPOS="1350" WIDTH="207" HEIGHT="85" CONTENT="Typus" WC="0.98" CC="77400"/>
					</TextLine>
					<TextLine ID="P72_TL00012" HPOS="617" VPOS="1423" WIDTH="2236" HEIGHT="99">
						<String ID="P72_ST00091" HPOS="617" VPOS="1437" WIDTH="110" HEIGHT="44" CONTENT="erst" WC="0.98" CC="0601"/>
						<SP ID="P72_SP00080" HPOS="727" VPOS="1481" WIDTH="32"/>
						<String ID="P72_ST00092" HPOS="759" VPOS="1423" WIDTH="342" HEIGHT="76" CONTENT="angehören," WC="0.99" CC="0304006064"/>
						<SP ID="P72_SP00081" HPOS="1101" VPOS="1499" WIDTH="40"/>
						<String ID="P72_ST00093" HPOS="1141" VPOS="1451" WIDTH="168" HEIGHT="39" CONTENT="wenn" WC="0.99" CC="0004"/>
						<SP ID="P72_SP00082" HPOS="1309" VPOS="1499" WIDTH="42"/>
						<String ID="P72_ST00094" HPOS="1351" VPOS="1453" WIDTH="60" HEIGHT="38" CONTENT="er" WC="0.65" CC="06"/>
						<SP ID="P72_SP00083" HPOS="1411" VPOS="1499" WIDTH="31"/>
						<String ID="P72_ST00095" HPOS="1442" VPOS="1433" WIDTH="280" HEIGHT="81" CONTENT="verlumpt" WC="0.99" CC="00600031"/>
						<SP ID="P72_SP00084" HPOS="1722" VPOS="1514" WIDTH="40"/>
						<String ID="P72_ST00096" HPOS="1762" VPOS="1438" WIDTH="117" HEIGHT="60" CONTENT="und" WC="1.00" CC="000"/>
						<SP ID="P72_SP00085" HPOS="1879" VPOS="1514" WIDTH="33"/>
						<String ID="P72_ST00097" HPOS="1912" VPOS="1441" WIDTH="174" HEIGHT="60" CONTENT="sozial" WC="0.98" CC="057007"/>
						<SP ID="P72_SP00086" HPOS="2086" VPOS="1514" WIDTH="36"/>
						<String ID="P72_ST00098" HPOS="2122" VPOS="1442" WIDTH="330" HEIGHT="80" CONTENT="überflüssig" WC="0.99" CC="07061100050"/>
						<SP ID="P72_SP00087" HPOS="2452" VPOS="1522" WIDTH="32"/>
						<String ID="P72_ST00099" HPOS="2484" VPOS="1447" WIDTH="157" HEIGHT="62" CONTENT="wird," WC="0.99" CC="04002"/>
						<SP ID="P72_SP00088" HPOS="2641" VPOS="1522" WIDTH="38"/>
						<String ID="P72_ST00100" HPOS="2679" VPOS="1449" WIDTH="174" HEIGHT="63" CONTENT="Som*" WC="0.85" CC="5000"/>
					</TextLine>
					<TextLine ID="P72_TL00013" HPOS="613" VPOS="1513" WIDTH="2240" HEIGHT="101">
						<String ID="P72_ST00101" HPOS="613" VPOS="1513" WIDTH="125" HEIGHT="61" CONTENT="bart" WC="0.71" CC="0064"/>
						<SP ID="P72_SP00089" HPOS="738" VPOS="1574" WIDTH="47"/>
						<String ID="P72_ST00102" HPOS="785" VPOS="1523" WIDTH="166" HEIGHT="70" CONTENT="möge" WC="0.98" CC="0304"/>
						<SP ID="P72_SP00090" HPOS="951" VPOS="1593" WIDTH="49"/>
						<String ID="P72_ST00103" HPOS="1000" VPOS="1518" WIDTH="134" HEIGHT="61" CONTENT="doch" WC="0.98" CC="0207"/>
						<SP ID="P72_SP00091" HPOS="1134" VPOS="1593" WIDTH="51"/>
						<String ID="P72_ST00104" HPOS="1185" VPOS="1523" WIDTH="208" HEIGHT="75" CONTENT="gerade" WC="1.00" CC="000100"/>
						<SP ID="P72_SP00092" HPOS="1393" VPOS="1598" WIDTH="49"/>
						<String ID="P72_ST00105" HPOS="1442" VPOS="1526" WIDTH="119" HEIGHT="62" CONTENT="hier" WC="0.98" CC="7400"/>
						<SP ID="P72_SP00093" HPOS="1561" VPOS="1598" WIDTH="47"/>
						<String ID="P72_ST00106" HPOS="1608" VPOS="1531" WIDTH="139" HEIGHT="59" CONTENT="nicht" WC="0.99" CC="04004"/>
						<SP ID="P72_SP00094" HPOS="1747" VPOS="1598" WIDTH="47"/>
						<String ID="P72_ST00107" HPOS="1794" VPOS="1555" WIDTH="320" HEIGHT="56" CONTENT="vergessen," WC="1.00" CC="0050000053"/>
						<SP ID="P72_SP00095" HPOS="2114" VPOS="1611" WIDTH="50"/>
						<String ID="P72_ST00108" HPOS="2164" VPOS="1536" WIDTH="110" HEIGHT="62" CONTENT="daß" WC="0.98" CC="006"/>
						<SP ID="P72_SP00096" HPOS="2274" VPOS="1611" WIDTH="49"/>
						<String ID="P72_ST00109" HPOS="2323" VPOS="1538" WIDTH="207" HEIGHT="76" CONTENT="gerade" WC="0.99" CC="006000"/>
						<SP ID="P72_SP00097" HPOS="2530" VPOS="1614" WIDTH="50"/>
						<String ID="P72_ST00110" HPOS="2580" VPOS="1541" WIDTH="92" HEIGHT="61" CONTENT="die" WC="1.00" CC="000"/>
						<SP ID="P72_SP00098" HPOS="2672" VPOS="1614" WIDTH="40"/>
						<String ID="P72_ST00111" HPOS="2712" VPOS="1545" WIDTH="141" HEIGHT="62" CONTENT="nicht" WC="0.99" CC="10005"/>
					</TextLine>
					<TextLine ID="P72_TL00014" HPOS="613" VPOS="1606" WIDTH="2237" HEIGHT="101">
						<String ID="P72_ST00112" HPOS="613" VPOS="1606" WIDTH="156" HEIGHT="61" CONTENT="mehr" WC="0.97" CC="0077"/>
						<SP ID="P72_SP00099" HPOS="769" VPOS="1667" WIDTH="63"/>
						<String ID="P72_ST00113" HPOS="832" VPOS="1609" WIDTH="109" HEIGHT="60" CONTENT="auf" WC="1.00" CC="000"/>
						<SP ID="P72_SP00100" HPOS="941" VPOS="1669" WIDTH="57"/>
						<String ID="P72_ST00114" HPOS="998" VPOS="1611" WIDTH="122" HEIGHT="62" CONTENT="edle" WC="0.98" CC="0070"/>
						<SP ID="P72_SP00101" HPOS="1120" VPOS="1673" WIDTH="63"/>
						<String ID="P72_ST00115" HPOS="1183" VPOS="1614" WIDTH="526" HEIGHT="82" CONTENT="Lebensqualitäten" WC="0.99" CC="0077707007230500"/>
						<SP ID="P72_SP00102" HPOS="1709" VPOS="1696" WIDTH="65"/>
						<String ID="P72_ST00116" HPOS="1774" VPOS="1625" WIDTH="272" HEIGHT="76" CONTENT="gehende," WC="0.99" CC="00770003"/>
						<SP ID="P72_SP00103" HPOS="2046" VPOS="1701" WIDTH="75"/>
						<String ID="P72_ST00117" HPOS="2121" VPOS="1627" WIDTH="417" HEIGHT="80" CONTENT="liebegeleitete," WC="1.00" CC="600700070050404"/>
						<SP ID="P72_SP00104" HPOS="2538" VPOS="1707" WIDTH="65"/>
						<String ID="P72_ST00118" HPOS="2603" VPOS="1635" WIDTH="247" HEIGHT="62" CONTENT="sondern" WC="0.98" CC="0570777"/>
					</TextLine>
					<TextLine ID="P72_TL00015" HPOS="612" VPOS="1697" WIDTH="2238" HEIGHT="94">
						<String ID="P72_ST00119" HPOS="612" VPOS="1697" WIDTH="132" HEIGHT="64" CONTENT="bloß" WC="1.00" CC="0000"/>
						<SP ID="P72_SP00105" HPOS="744" VPOS="1761" WIDTH="41"/>
						<String ID="P72_ST00120" HPOS="785" VPOS="1702" WIDTH="109" HEIGHT="60" CONTENT="auf" WC="0.98" CC="005"/>
						<SP ID="P72_SP00106" HPOS="894" VPOS="1762" WIDTH="42"/>
						<String ID="P72_ST00121" HPOS="936" VPOS="1702" WIDTH="108" HEIGHT="62" CONTENT="den" WC="0.98" CC="006"/>
						<SP ID="P72_SP00107" HPOS="1044" VPOS="1764" WIDTH="43"/>
						<String ID="P72_ST00122" HPOS="1087" VPOS="1705" WIDTH="390" HEIGHT="81" CONTENT="Sinnesgenuß" WC="1.00" CC="34004000060"/>
						<SP ID="P72_SP00108" HPOS="1477" VPOS="1786" WIDTH="40"/>
						<String ID="P72_ST00123" HPOS="1517" VPOS="1712" WIDTH="91" HEIGHT="63" CONTENT="bei" WC="1.00" CC="001"/>
						<SP ID="P72_SP00109" HPOS="1608" VPOS="1786" WIDTH="39"/>
						<String ID="P72_ST00124" HPOS="1647" VPOS="1716" WIDTH="183" HEIGHT="62" CONTENT="vielen" WC="0.98" CC="060604"/>
						<SP ID="P72_SP00110" HPOS="1830" VPOS="1786" WIDTH="42"/>
						<String ID="P72_ST00125" HPOS="1872" VPOS="1717" WIDTH="275" HEIGHT="65" CONTENT="Weibern" WC="0.99" CC="7010060"/>
						<SP ID="P72_SP00111" HPOS="2147" VPOS="1786" WIDTH="50"/>
						<String ID="P72_ST00126" HPOS="2197" VPOS="1722" WIDTH="141" HEIGHT="63" CONTENT="oder" WC="0.97" CC="5006"/>
						<SP ID="P72_SP00112" HPOS="2338" VPOS="1786" WIDTH="48"/>
						<String ID="P72_ST00127" HPOS="2386" VPOS="1725" WIDTH="108" HEIGHT="61" CONTENT="auf" WC="0.96" CC="405"/>
						<SP ID="P72_SP00113" HPOS="2494" VPOS="1786" WIDTH="34"/>
						<String ID="P72_ST00128" HPOS="2528" VPOS="1725" WIDTH="155" HEIGHT="63" CONTENT="Geld" WC="1.00" CC="0000"/>
						<SP ID="P72_SP00114" HPOS="2683" VPOS="1788" WIDTH="50"/>
						<String ID="P72_ST00129" HPOS="2733" VPOS="1730" WIDTH="117" HEIGHT="61" CONTENT="und" WC="0.98" CC="600"/>
					</TextLine>
					<TextLine ID="P72_TL00016" HPOS="612" VPOS="1792" WIDTH="2235" HEIGHT="99">
						<String ID="P72_ST00130" HPOS="612" VPOS="1792" WIDTH="185" HEIGHT="63" CONTENT="Besitz" WC="0.99" CC="002206"/>
						<SP ID="P72_SP00115" HPOS="797" VPOS="1855" WIDTH="41"/>
						<String ID="P72_ST00131" HPOS="838" VPOS="1795" WIDTH="328" HEIGHT="65" CONTENT="abzielende" WC="1.00" CC="0006007000"/>
						<SP ID="P72_SP00116" HPOS="1166" VPOS="1860" WIDTH="40"/>
						<String ID="P72_ST00132" HPOS="1206" VPOS="1801" WIDTH="379" HEIGHT="76" CONTENT="(Geldheirat," WC="0.99" CC="870807077734"/>
						<SP ID="P72_SP00117" HPOS="1585" VPOS="1877" WIDTH="50"/>
						<String ID="P72_ST00133" HPOS="1635" VPOS="1808" WIDTH="171" HEIGHT="63" CONTENT="deren" WC="0.99" CC="00700"/>
						<SP ID="P72_SP00118" HPOS="1806" VPOS="1877" WIDTH="42"/>
						<String ID="P72_ST00134" HPOS="1848" VPOS="1811" WIDTH="335" HEIGHT="80" CONTENT="Bedeutung" WC="1.00" CC="000004070"/>
						<SP ID="P72_SP00119" HPOS="2183" VPOS="1891" WIDTH="48"/>
						<String ID="P72_ST00135" HPOS="2231" VPOS="1839" WIDTH="60" HEIGHT="38" CONTENT="er" WC="0.62" CC="07"/>
						<SP ID="P72_SP00120" HPOS="2291" VPOS="1891" WIDTH="40"/>
						<String ID="P72_ST00136" HPOS="2331" VPOS="1818" WIDTH="171" HEIGHT="61" CONTENT="selbst" WC="0.98" CC="006704"/>
						<SP ID="P72_SP00121" HPOS="2502" VPOS="1891" WIDTH="40"/>
						<String ID="P72_ST00137" HPOS="2542" VPOS="1828" WIDTH="54" HEIGHT="52" CONTENT="in" WC="0.75" CC="50"/>
						<SP ID="P72_SP00122" HPOS="2596" VPOS="1891" WIDTH="41"/>
						<String ID="P72_ST00138" HPOS="2637" VPOS="1830" WIDTH="210" HEIGHT="54" CONTENT="seinem" WC="0.98" CC="073700"/>
					</TextLine>
					<TextLine ID="P72_TL00017" HPOS="611" VPOS="1885" WIDTH="2240" HEIGHT="108">
						<String ID="P72_ST00139" HPOS="611" VPOS="1885" WIDTH="196" HEIGHT="64" CONTENT="Luxus" WC="0.99" CC="06000"/>
						<SP ID="P72_SP00123" HPOS="807" VPOS="1949" WIDTH="36"/>
						<String ID="P72_ST00140" HPOS="843" VPOS="1889" WIDTH="116" HEIGHT="60" CONTENT="und" WC="0.97" CC="070"/>
						<SP ID="P72_SP00124" HPOS="959" VPOS="1949" WIDTH="36"/>
						<String ID="P72_ST00141" HPOS="995" VPOS="1890" WIDTH="407" HEIGHT="79" CONTENT="Kapitalismus" WC="1.00" CC="400050700000"/>
						<SP ID="P72_SP00125" HPOS="1402" VPOS="1969" WIDTH="34"/>
						<String ID="P72_ST00142" HPOS="1436" VPOS="1922" WIDTH="66" HEIGHT="37" CONTENT="so" WC="0.91" CC="01"/>
						<SP ID="P72_SP00126" HPOS="1502" VPOS="1969" WIDTH="41"/>
						<String ID="P72_ST00143" HPOS="1543" VPOS="1899" WIDTH="118" HEIGHT="62" CONTENT="klar" WC="0.96" CC="6706"/>
						<SP ID="P72_SP00127" HPOS="1661" VPOS="1969" WIDTH="48"/>
						<String ID="P72_ST00144" HPOS="1709" VPOS="1902" WIDTH="376" HEIGHT="73" CONTENT="hervorhob!)" WC="0.99" CC="60605670007"/>
						<SP ID="P72_SP00128" HPOS="2085" VPOS="1975" WIDTH="39"/>
						<String ID="P72_ST00145" HPOS="2124" VPOS="1908" WIDTH="411" HEIGHT="81" CONTENT="Vermischung" WC="0.99" CC="70604007400"/>
						<SP ID="P72_SP00129" HPOS="2535" VPOS="1989" WIDTH="33"/>
						<String ID="P72_ST00146" HPOS="2568" VPOS="1912" WIDTH="99" HEIGHT="62" CONTENT="des" WC="1.00" CC="000"/>
						<SP ID="P72_SP00130" HPOS="2667" VPOS="1989" WIDTH="33"/>
						<String ID="P72_ST00147" HPOS="2700" VPOS="1924" WIDTH="151" HEIGHT="69" CONTENT="seig*" WC="0.81" CC="00504"/>
					</TextLine>
					<TextLine ID="P72_TL00018" HPOS="612" VPOS="1976" WIDTH="2235" HEIGHT="110">
						<String ID="P72_ST00148" HPOS="612" VPOS="1980" WIDTH="265" HEIGHT="61" CONTENT="neuralen" WC="0.99" CC="60040660"/>
						<SP ID="P72_SP00131" HPOS="877" VPOS="2041" WIDTH="51"/>
						<String ID="P72_ST00149" HPOS="928" VPOS="1976" WIDTH="205" HEIGHT="86" CONTENT="Typus" WC="0.97" CC="69060"/>
						<SP ID="P72_SP00132" HPOS="1133" VPOS="2062" WIDTH="48"/>
						<String ID="P72_ST00150" HPOS="1181" VPOS="1995" WIDTH="103" HEIGHT="53" CONTENT="mit" WC="0.97" CC="052"/>
						<SP ID="P72_SP00133" HPOS="1284" VPOS="2062" WIDTH="47"/>
						<String ID="P72_ST00151" HPOS="1331" VPOS="1989" WIDTH="128" HEIGHT="62" CONTENT="dem" WC="1.00" CC="000"/>
						<SP ID="P72_SP00134" HPOS="1459" VPOS="2062" WIDTH="48"/>
						<String ID="P72_ST00152" HPOS="1507" VPOS="1992" WIDTH="389" HEIGHT="82" CONTENT="Bürgertypus" WC="0.99" CC="20600660000"/>
						<SP ID="P72_SP00135" HPOS="1896" VPOS="2074" WIDTH="49"/>
						<String ID="P72_ST00153" HPOS="1945" VPOS="1998" WIDTH="149" HEIGHT="62" CONTENT="ohne" WC="0.98" CC="3700"/>
						<SP ID="P72_SP00136" HPOS="2094" VPOS="2074" WIDTH="48"/>
						<String ID="P72_ST00154" HPOS="2142" VPOS="2001" WIDTH="245" HEIGHT="63" CONTENT="Zweifel" WC="1.00" CC="0002400"/>
						<SP ID="P72_SP00137" HPOS="2387" VPOS="2074" WIDTH="52"/>
						<String ID="P72_ST00155" HPOS="2439" VPOS="2013" WIDTH="124" HEIGHT="54" CONTENT="eine" WC="0.99" CC="0030"/>
						<SP ID="P72_SP00138" HPOS="2563" VPOS="2074" WIDTH="48"/>
						<String ID="P72_ST00156" HPOS="2611" VPOS="2007" WIDTH="236" HEIGHT="79" CONTENT="Haupt*" WC="0.98" CC="604034"/>
					</TextLine>
					<TextLine ID="P72_TL00019" HPOS="612" VPOS="2074" WIDTH="2231" HEIGHT="103">
						<String ID="P72_ST00157" HPOS="612" VPOS="2074" WIDTH="225" HEIGHT="60" CONTENT="Ursache" WC="0.99" CC="6700000"/>
						<SP ID="P72_SP00139" HPOS="837" VPOS="2134" WIDTH="63"/>
						<String ID="P72_ST00158" HPOS="900" VPOS="2098" WIDTH="132" HEIGHT="38" CONTENT="zum" WC="0.95" CC="750"/>
						<SP ID="P72_SP00140" HPOS="1032" VPOS="2136" WIDTH="57"/>
						<String ID="P72_ST00159" HPOS="1089" VPOS="2077" WIDTH="134" HEIGHT="79" CONTENT="Sieg" WC="0.98" CC="6200"/>
						<SP ID="P72_SP00141" HPOS="1223" VPOS="2156" WIDTH="64"/>
						<String ID="P72_ST00160" HPOS="1287" VPOS="2081" WIDTH="100" HEIGHT="62" CONTENT="des" WC="1.00" CC="000"/>
						<SP ID="P72_SP00142" HPOS="1387" VPOS="2156" WIDTH="63"/>
						<String ID="P72_ST00161" HPOS="1450" VPOS="2083" WIDTH="488" HEIGHT="84" CONTENT="Bourgeoistypus" WC="1.00" CC="42770005060000"/>
						<SP ID="P72_SP00143" HPOS="1938" VPOS="2167" WIDTH="49"/>
						<String ID="P72_ST00162" HPOS="1987" VPOS="2092" WIDTH="118" HEIGHT="61" CONTENT="und" WC="1.00" CC="000"/>
						<SP ID="P72_SP00144" HPOS="2105" VPOS="2167" WIDTH="58"/>
						<String ID="P72_ST00163" HPOS="2163" VPOS="2117" WIDTH="132" HEIGHT="39" CONTENT="zum" WC="1.00" CC="000"/>
						<SP ID="P72_SP00145" HPOS="2295" VPOS="2167" WIDTH="57"/>
						<String ID="P72_ST00164" HPOS="2352" VPOS="2096" WIDTH="335" HEIGHT="81" CONTENT="Untergang" WC="0.99" CC="705070070"/>
						<SP ID="P72_SP00146" HPOS="2687" VPOS="2177" WIDTH="57"/>
						<String ID="P72_ST00165" HPOS="2744" VPOS="2101" WIDTH="99" HEIGHT="62" CONTENT="des" WC="1.00" CC="000"/>
					</TextLine>
					<TextLine ID="P72_TL00020" HPOS="609" VPOS="2166" WIDTH="2234" HEIGHT="90">
						<String ID="P72_ST00166" HPOS="609" VPOS="2167" WIDTH="385" HEIGHT="75" CONTENT="seigneuralen" WC="0.85" CC="046000060000"/>
						<SP ID="P72_SP00147" HPOS="994" VPOS="2242" WIDTH="50"/>
						<String ID="P72_ST00167" HPOS="1044" VPOS="2166" WIDTH="204" HEIGHT="83" CONTENT="Typus" WC="0.99" CC="00050"/>
						<SP ID="P72_SP00148" HPOS="1248" VPOS="2249" WIDTH="60"/>
						<String ID="P72_ST00168" HPOS="1308" VPOS="2175" WIDTH="260" HEIGHT="64" CONTENT="darstellt." WC="0.99" CC="0550107063"/>
						<SP ID="P72_SP00149" HPOS="1568" VPOS="2249" WIDTH="64"/>
						<String ID="P72_ST00169" HPOS="1632" VPOS="2180" WIDTH="233" HEIGHT="63" CONTENT="Gerade" WC="0.99" CC="506000"/>
						<SP ID="P72_SP00150" HPOS="1865" VPOS="2249" WIDTH="57"/>
						<String ID="P72_ST00170" HPOS="1922" VPOS="2183" WIDTH="89" HEIGHT="63" CONTENT="die" WC="0.98" CC="060"/>
						<SP ID="P72_SP00151" HPOS="2011" VPOS="2249" WIDTH="56"/>
						<String ID="P72_ST00171" HPOS="2067" VPOS="2186" WIDTH="275" HEIGHT="63" CONTENT="wahllose" WC="0.99" CC="00077500"/>
						<SP ID="P72_SP00152" HPOS="2342" VPOS="2249" WIDTH="55"/>
						<String ID="P72_ST00172" HPOS="2397" VPOS="2191" WIDTH="117" HEIGHT="60" CONTENT="und" WC="0.99" CC="030"/>
						<SP ID="P72_SP00153" HPOS="2514" VPOS="2251" WIDTH="56"/>
						<String ID="P72_ST00173" HPOS="2570" VPOS="2216" WIDTH="116" HEIGHT="37" CONTENT="von" WC="0.99" CC="030"/>
						<SP ID="P72_SP00154" HPOS="2686" VPOS="2253" WIDTH="57"/>
						<String ID="P72_ST00174" HPOS="2743" VPOS="2194" WIDTH="100" HEIGHT="62" CONTENT="der" WC="0.96" CC="026"/>
					</TextLine>
					<TextLine ID="P72_TL00021" HPOS="607" VPOS="2257" WIDTH="2235" HEIGHT="102">
						<String ID="P72_ST00175" HPOS="607" VPOS="2257" WIDTH="329" HEIGHT="80" CONTENT="Bewegung" WC="1.00" CC="02000000"/>
						<SP ID="P72_SP00155" HPOS="936" VPOS="2337" WIDTH="63"/>
						<String ID="P72_ST00176" HPOS="999" VPOS="2262" WIDTH="99" HEIGHT="62" CONTENT="des" WC="0.99" CC="030"/>
						<SP ID="P72_SP00156" HPOS="1098" VPOS="2337" WIDTH="60"/>
						<String ID="P72_ST00177" HPOS="1158" VPOS="2265" WIDTH="498" HEIGHT="81" CONTENT="Gesamtgemütes" WC="1.00" CC="5050000000500"/>
						<SP ID="P72_SP00157" HPOS="1656" VPOS="2346" WIDTH="56"/>
						<String ID="P72_ST00178" HPOS="1712" VPOS="2274" WIDTH="302" HEIGHT="78" CONTENT="losgelöste" WC="0.99" CC="7200070020"/>
						<SP ID="P72_SP00158" HPOS="2014" VPOS="2352" WIDTH="55"/>
						<String ID="P72_ST00179" HPOS="2069" VPOS="2290" WIDTH="328" HEIGHT="69" CONTENT="gesteigerte" WC="1.00" CC="00050000640"/>
						<SP ID="P72_SP00159" HPOS="2397" VPOS="2359" WIDTH="59"/>
						<String ID="P72_ST00180" HPOS="2456" VPOS="2283" WIDTH="386" HEIGHT="66" CONTENT="Geschlechts*" WC="1.00" CC="000000000404"/>
					</TextLine>
					<TextLine ID="P72_TL00022" HPOS="607" VPOS="2351" WIDTH="2234" HEIGHT="102">
						<String ID="P72_ST00181" HPOS="607" VPOS="2351" WIDTH="333" HEIGHT="62" CONTENT="Sinnlichkeit" WC="0.99" CC="032072007003"/>
						<SP ID="P72_SP00160" HPOS="940" VPOS="2413" WIDTH="55"/>
						<String ID="P72_ST00182" HPOS="995" VPOS="2363" WIDTH="72" HEIGHT="52" CONTENT="ist" WC="0.95" CC="704"/>
						<SP ID="P72_SP00161" HPOS="1067" VPOS="2415" WIDTH="54"/>
						<String ID="P72_ST00183" HPOS="1121" VPOS="2366" WIDTH="125" HEIGHT="54" CONTENT="eine" WC="0.98" CC="0007"/>
						<SP ID="P72_SP00162" HPOS="1246" VPOS="2420" WIDTH="55"/>
						<String ID="P72_ST00184" HPOS="1301" VPOS="2363" WIDTH="277" HEIGHT="76" CONTENT="spezifisch" WC="1.00" CC="0067200000"/>
						<SP ID="P72_SP00163" HPOS="1578" VPOS="2439" WIDTH="59"/>
						<String ID="P72_ST00185" HPOS="1637" VPOS="2364" WIDTH="409" HEIGHT="81" CONTENT="bourgeoise" WC="0.99" CC="7260000600"/>
						<SP ID="P72_SP00164" HPOS="2046" VPOS="2445" WIDTH="49"/>
						<String ID="P72_ST00186" HPOS="2095" VPOS="2371" WIDTH="402" HEIGHT="82" CONTENT="Erscheinung," WC="0.99" CC="760070305303"/>
						<SP ID="P72_SP00165" HPOS="2497" VPOS="2453" WIDTH="49"/>
						<String ID="P72_ST00187" HPOS="2546" VPOS="2387" WIDTH="111" HEIGHT="52" CONTENT="wie" WC="0.97" CC="060"/>
						<SP ID="P72_SP00166" HPOS="2657" VPOS="2453" WIDTH="55"/>
						<String ID="P72_ST00188" HPOS="2712" VPOS="2379" WIDTH="129" HEIGHT="61" CONTENT="sehr" WC="0.97" CC="0075"/>
					</TextLine>
					<TextLine ID="P72_TL00023" HPOS="605" VPOS="2444" WIDTH="2233" HEIGHT="90">
						<String ID="P72_ST00189" HPOS="605" VPOS="2444" WIDTH="135" HEIGHT="59" CONTENT="auch" WC="1.00" CC="0000"/>
						<SP ID="P72_SP00167" HPOS="740" VPOS="2503" WIDTH="43"/>
						<String ID="P72_ST00190" HPOS="783" VPOS="2444" WIDTH="90" HEIGHT="62" CONTENT="die" WC="0.98" CC="060"/>
						<SP ID="P72_SP00168" HPOS="873" VPOS="2506" WIDTH="32"/>
						<String ID="P72_ST00191" HPOS="905" VPOS="2446" WIDTH="394" HEIGHT="79" CONTENT="Bürgermoral" WC="1.00" CC="00500600600"/>
						<SP ID="P72_SP00169" HPOS="1299" VPOS="2525" WIDTH="32"/>
						<String ID="P72_ST00192" HPOS="1331" VPOS="2463" WIDTH="83" HEIGHT="52" CONTENT="sie" WC="0.96" CC="065"/>
						<SP ID="P72_SP00170" HPOS="1414" VPOS="2525" WIDTH="40"/>
						<String ID="P72_ST00193" HPOS="1454" VPOS="2479" WIDTH="105" HEIGHT="37" CONTENT="nur" WC="0.94" CC="266"/>
						<SP ID="P72_SP00171" HPOS="1559" VPOS="2525" WIDTH="33"/>
						<String ID="P72_ST00194" HPOS="1592" VPOS="2467" WIDTH="99" HEIGHT="52" CONTENT="mit" WC="0.95" CC="065"/>
						<SP ID="P72_SP00172" HPOS="1691" VPOS="2525" WIDTH="35"/>
						<String ID="P72_ST00195" HPOS="1726" VPOS="2460" WIDTH="349" HEIGHT="64" CONTENT="»schlechtem" WC="1.00" CC="30000000200"/>
						<SP ID="P72_SP00173" HPOS="2075" VPOS="2525" WIDTH="37"/>
						<String ID="P72_ST00196" HPOS="2112" VPOS="2465" WIDTH="339" HEIGHT="64" CONTENT="Gewissen«" WC="0.99" CC="600600060"/>
						<SP ID="P72_SP00174" HPOS="2451" VPOS="2529" WIDTH="38"/>
						<String ID="P72_ST00197" HPOS="2489" VPOS="2470" WIDTH="117" HEIGHT="61" CONTENT="und" WC="0.98" CC="600"/>
						<SP ID="P72_SP00175" HPOS="2606" VPOS="2531" WIDTH="33"/>
						<String ID="P72_ST00198" HPOS="2639" VPOS="2470" WIDTH="199" HEIGHT="64" CONTENT="darum" WC="1.00" CC="00000"/>
					</TextLine>
					<TextLine ID="P72_TL00024" HPOS="605" VPOS="2534" WIDTH="2233" HEIGHT="102">
						<String ID="P72_ST00199" HPOS="605" VPOS="2534" WIDTH="243" HEIGHT="63" CONTENT="heimlich" WC="0.99" CC="00407600"/>
						<SP ID="P72_SP00176" HPOS="848" VPOS="2597" WIDTH="58"/>
						<String ID="P72_ST00200" HPOS="906" VPOS="2540" WIDTH="119" HEIGHT="61" CONTENT="und" WC="0.99" CC="020"/>
						<SP ID="P72_SP00177" HPOS="1025" VPOS="2601" WIDTH="55"/>
						<String ID="P72_ST00201" HPOS="1080" VPOS="2550" WIDTH="54" HEIGHT="53" CONTENT="in" WC="0.77" CC="40"/>
						<SP ID="P72_SP00178" HPOS="1134" VPOS="2603" WIDTH="58"/>
						<String ID="P72_ST00202" HPOS="1192" VPOS="2543" WIDTH="243" HEIGHT="65" CONTENT="dunklen" WC="0.99" CC="0600704"/>
						<SP ID="P72_SP00179" HPOS="1435" VPOS="2608" WIDTH="42"/>
						<String ID="P72_ST00203" HPOS="1477" VPOS="2549" WIDTH="270" HEIGHT="64" CONTENT="Winkeln" WC="0.98" CC="9500075"/>
						<SP ID="P72_SP00180" HPOS="1747" VPOS="2613" WIDTH="56"/>
						<String ID="P72_ST00204" HPOS="1803" VPOS="2556" WIDTH="106" HEIGHT="59" CONTENT="sich" WC="0.99" CC="0400"/>
						<SP ID="P72_SP00181" HPOS="1909" VPOS="2615" WIDTH="49"/>
						<String ID="P72_ST00205" HPOS="1958" VPOS="2556" WIDTH="279" HEIGHT="80" CONTENT="betätigen" WC="0.99" CC="705056000"/>
						<SP ID="P72_SP00182" HPOS="2237" VPOS="2636" WIDTH="51"/>
						<String ID="P72_ST00206" HPOS="2288" VPOS="2559" WIDTH="129" HEIGHT="63" CONTENT="läßt." WC="0.98" CC="70004"/>
						<SP ID="P72_SP00183" HPOS="2417" VPOS="2636" WIDTH="52"/>
						<String ID="P72_ST00207" HPOS="2469" VPOS="2561" WIDTH="151" HEIGHT="63" CONTENT="Eine" WC="0.99" CC="6000"/>
						<SP ID="P72_SP00184" HPOS="2620" VPOS="2636" WIDTH="39"/>
						<String ID="P72_ST00208" HPOS="2659" VPOS="2564" WIDTH="179" HEIGHT="63" CONTENT="Welt" WC="0.99" CC="0004"/>
					</TextLine>
					<TextLine ID="P72_TL00025" HPOS="603" VPOS="2629" WIDTH="2234" HEIGHT="93">
						<String ID="P72_ST00209" HPOS="603" VPOS="2629" WIDTH="240" HEIGHT="62" CONTENT="scheidet" WC="0.99" CC="00700004"/>
						<SP ID="P72_SP00185" HPOS="843" VPOS="2691" WIDTH="41"/>
						<String ID="P72_ST00210" HPOS="884" VPOS="2632" WIDTH="89" HEIGHT="62" CONTENT="die" WC="0.97" CC="061"/>
						<SP ID="P72_SP00186" HPOS="973" VPOS="2694" WIDTH="40"/>
						<String ID="P72_ST00211" HPOS="1013" VPOS="2639" WIDTH="367" HEIGHT="74" CONTENT="seigneurale," WC="0.89" CC="006000050001"/>
						<SP ID="P72_SP00187" HPOS="1380" VPOS="2713" WIDTH="42"/>
						<String ID="P72_ST00212" HPOS="1422" VPOS="2641" WIDTH="330" HEIGHT="81" CONTENT="helläugige," WC="1.00" CC="70000002004"/>
						<SP ID="P72_SP00188" HPOS="1752" VPOS="2722" WIDTH="41"/>
						<String ID="P72_ST00213" HPOS="1793" VPOS="2650" WIDTH="310" HEIGHT="62" CONTENT="vornehme" WC="0.99" CC="06740000"/>
						<SP ID="P72_SP00189" HPOS="2103" VPOS="2722" WIDTH="40"/>
						<String ID="P72_ST00214" HPOS="2143" VPOS="2653" WIDTH="117" HEIGHT="60" CONTENT="und" WC="1.00" CC="000"/>
						<SP ID="P72_SP00190" HPOS="2260" VPOS="2722" WIDTH="32"/>
						<String ID="P72_ST00215" HPOS="2292" VPOS="2655" WIDTH="278" HEIGHT="62" CONTENT="ritterliche" WC="1.00" CC="00070600005"/>
						<SP ID="P72_SP00191" HPOS="2570" VPOS="2722" WIDTH="31"/>
						<String ID="P72_ST00216" HPOS="2601" VPOS="2658" WIDTH="236" HEIGHT="63" CONTENT="Liebes*" WC="0.99" CC="0007004"/>
					</TextLine>
					<TextLine ID="P72_TL00026" HPOS="603" VPOS="2726" WIDTH="2233" HEIGHT="98">
						<String ID="P72_ST00217" HPOS="603" VPOS="2732" WIDTH="250" HEIGHT="52" CONTENT="emotion" WC="0.79" CC="7000510"/>
						<SP ID="P72_SP00192" HPOS="853" VPOS="2784" WIDTH="42"/>
						<String ID="P72_ST00218" HPOS="895" VPOS="2726" WIDTH="99" HEIGHT="61" CONTENT="der" WC="0.97" CC="007"/>
						<SP ID="P72_SP00193" HPOS="994" VPOS="2787" WIDTH="38"/>
						<String ID="P72_ST00219" HPOS="1032" VPOS="2728" WIDTH="322" HEIGHT="65" CONTENT="Provencer" WC="0.70" CC="506007007"/>
						<SP ID="P72_SP00194" HPOS="1354" VPOS="2793" WIDTH="39"/>
						<String ID="P72_ST00220" HPOS="1393" VPOS="2735" WIDTH="226" HEIGHT="63" CONTENT="Dichter" WC="0.98" CC="7500607"/>
						<SP ID="P72_SP00195" HPOS="1619" VPOS="2798" WIDTH="48"/>
						<String ID="P72_ST00221" HPOS="1667" VPOS="2740" WIDTH="117" HEIGHT="59" CONTENT="und" WC="0.95" CC="660"/>
						<SP ID="P72_SP00196" HPOS="1784" VPOS="2799" WIDTH="43"/>
						<String ID="P72_ST00222" HPOS="1827" VPOS="2740" WIDTH="101" HEIGHT="62" CONTENT="des" WC="1.00" CC="000"/>
						<SP ID="P72_SP00197" HPOS="1928" VPOS="2802" WIDTH="39"/>
						<String ID="P72_ST00223" HPOS="1967" VPOS="2742" WIDTH="372" HEIGHT="82" CONTENT="Minnesangs" WC="1.00" CC="9200000000"/>
						<SP ID="P72_SP00198" HPOS="2339" VPOS="2824" WIDTH="48"/>
						<String ID="P72_ST00224" HPOS="2387" VPOS="2771" WIDTH="117" HEIGHT="39" CONTENT="von" WC="0.96" CC="037"/>
						<SP ID="P72_SP00199" HPOS="2504" VPOS="2824" WIDTH="51"/>
						<String ID="P72_ST00225" HPOS="2555" VPOS="2750" WIDTH="99" HEIGHT="61" CONTENT="der" WC="0.95" CC="077"/>
						<SP ID="P72_SP00200" HPOS="2654" VPOS="2824" WIDTH="47"/>
						<String ID="P72_ST00226" HPOS="2701" VPOS="2775" WIDTH="135" HEIGHT="38" CONTENT="ver*" WC="0.70" CC="0704"/>
					</TextLine>
					<TextLine ID="P72_TL00027" HPOS="600" VPOS="2812" WIDTH="2236" HEIGHT="99">
						<String ID="P72_ST00227" HPOS="600" VPOS="2812" WIDTH="315" HEIGHT="66" CONTENT="künstelten" WC="1.00" CC="0000400500"/>
						<SP ID="P72_SP00201" HPOS="915" VPOS="2878" WIDTH="35"/>
						<String ID="P72_ST00228" HPOS="950" VPOS="2818" WIDTH="348" HEIGHT="66" CONTENT="Sinnlichkeit" WC="0.99" CC="660600000054"/>
						<SP ID="P72_SP00202" HPOS="1298" VPOS="2884" WIDTH="30"/>
						<String ID="P72_ST00229" HPOS="1328" VPOS="2825" WIDTH="100" HEIGHT="63" CONTENT="des" WC="1.00" CC="000"/>
						<SP ID="P72_SP00203" HPOS="1428" VPOS="2888" WIDTH="32"/>
						<String ID="P72_ST00230" HPOS="1460" VPOS="2829" WIDTH="84" HEIGHT="61" CONTENT="18," WC="0.57" CC="344"/>
						<SP ID="P72_SP00204" HPOS="1544" VPOS="2890" WIDTH="28"/>
						<String ID="P72_ST00231" HPOS="1572" VPOS="2829" WIDTH="400" HEIGHT="77" CONTENT="Jahrhunderts" WC="0.99" CC="567775000750"/>
						<SP ID="P72_SP00205" HPOS="1972" VPOS="2906" WIDTH="25"/>
						<String ID="P72_ST00232" HPOS="1997" VPOS="2844" WIDTH="54" HEIGHT="52" CONTENT="in" WC="0.29" CC="67"/>
						<SP ID="P72_SP00206" HPOS="2051" VPOS="2906" WIDTH="25"/>
						<String ID="P72_ST00233" HPOS="2076" VPOS="2836" WIDTH="351" HEIGHT="75" CONTENT="Frankreich," WC="0.99" CC="70070704004"/>
						<SP ID="P72_SP00207" HPOS="2427" VPOS="2911" WIDTH="24"/>
						<String ID="P72_ST00234" HPOS="2451" VPOS="2864" WIDTH="96" HEIGHT="38" CONTENT="wo" WC="0.69" CC="06"/>
						<SP ID="P72_SP00208" HPOS="2547" VPOS="2911" WIDTH="27"/>
						<String ID="P72_ST00235" HPOS="2574" VPOS="2845" WIDTH="135" HEIGHT="59" CONTENT="auch" WC="1.00" CC="0000"/>
						<SP ID="P72_SP00209" HPOS="2709" VPOS="2911" WIDTH="28"/>
						<String ID="P72_ST00236" HPOS="2737" VPOS="2844" WIDTH="99" HEIGHT="62" CONTENT="der" WC="0.97" CC="007"/>
					</TextLine>
					<TextLine ID="P72_TL00028" HPOS="598" VPOS="2907" WIDTH="2235" HEIGHT="108">
						<String ID="P72_ST00237" HPOS="598" VPOS="2907" WIDTH="157" HEIGHT="63" CONTENT="Adel" WC="0.97" CC="5007"/>
						<SP ID="P72_SP00210" HPOS="755" VPOS="2970" WIDTH="40"/>
						<String ID="P72_ST00238" HPOS="795" VPOS="2909" WIDTH="203" HEIGHT="64" CONTENT="bereits" WC="0.99" CC="7060500"/>
						<SP ID="P72_SP00211" HPOS="998" VPOS="2973" WIDTH="34"/>
						<String ID="P72_ST00239" HPOS="1032" VPOS="2924" WIDTH="98" HEIGHT="51" CONTENT="mit" WC="0.97" CC="053"/>
						<SP ID="P72_SP00212" HPOS="1130" VPOS="2975" WIDTH="41"/>
						<String ID="P72_ST00240" HPOS="1171" VPOS="2916" WIDTH="99" HEIGHT="61" CONTENT="der" WC="0.97" CC="006"/>
						<SP ID="P72_SP00213" HPOS="1270" VPOS="2977" WIDTH="39"/>
						<String ID="P72_ST00241" HPOS="1309" VPOS="2918" WIDTH="380" HEIGHT="81" CONTENT="bourgeoisen" WC="0.99" CC="04660045004"/>
						<SP ID="P72_SP00214" HPOS="1689" VPOS="2999" WIDTH="32"/>
						<String ID="P72_ST00242" HPOS="1721" VPOS="2925" WIDTH="219" HEIGHT="64" CONTENT="Roture" WC="0.63" CC="326360"/>
						<SP ID="P72_SP00215" HPOS="1940" VPOS="2999" WIDTH="41"/>
						<String ID="P72_ST00243" HPOS="1981" VPOS="2929" WIDTH="118" HEIGHT="61" CONTENT="und" WC="0.98" CC="500"/>
						<SP ID="P72_SP00216" HPOS="2099" VPOS="2999" WIDTH="41"/>
						<String ID="P72_ST00244" HPOS="2140" VPOS="2930" WIDTH="153" HEIGHT="62" CONTENT="ihren" WC="0.98" CC="07600"/>
						<SP ID="P72_SP00217" HPOS="2293" VPOS="2999" WIDTH="33"/>
						<String ID="P72_ST00245" HPOS="2326" VPOS="2933" WIDTH="303" HEIGHT="80" CONTENT="Instinkten" WC="0.99" CC="3084600000"/>
						<SP ID="P72_SP00218" HPOS="2629" VPOS="3013" WIDTH="33"/>
						<String ID="P72_ST00246" HPOS="2662" VPOS="2938" WIDTH="171" HEIGHT="77" CONTENT="völlig" WC="1.00" CC="000050"/>
					</TextLine>
					<TextLine ID="P72_TL00029" HPOS="598" VPOS="3000" WIDTH="2235" HEIGHT="100">
						<String ID="P72_ST00247" HPOS="598" VPOS="3000" WIDTH="311" HEIGHT="65" CONTENT="durchsetzt" WC="0.99" CC="0570700205"/>
						<SP ID="P72_SP00219" HPOS="909" VPOS="3065" WIDTH="39"/>
						<String ID="P72_ST00248" HPOS="948" VPOS="3015" WIDTH="84" HEIGHT="52" CONTENT="ist." WC="0.97" CC="5034"/>
						<SP ID="P72_SP00220" HPOS="1032" VPOS="3067" WIDTH="46"/>
						<String ID="P72_ST00249" HPOS="1078" VPOS="3008" WIDTH="123" HEIGHT="62" CONTENT="Der" WC="0.95" CC="707"/>
						<SP ID="P72_SP00221" HPOS="1201" VPOS="3070" WIDTH="32"/>
						<String ID="P72_ST00250" HPOS="1233" VPOS="3011" WIDTH="334" HEIGHT="67" CONTENT="Dualismus" WC="0.99" CC="760750060"/>
						<SP ID="P72_SP00222" HPOS="1567" VPOS="3078" WIDTH="34"/>
						<String ID="P72_ST00251" HPOS="1601" VPOS="3041" WIDTH="116" HEIGHT="38" CONTENT="von" WC="0.96" CC="037"/>
						<SP ID="P72_SP00223" HPOS="1717" VPOS="3079" WIDTH="38"/>
						<String ID="P72_ST00252" HPOS="1755" VPOS="3020" WIDTH="314" HEIGHT="63" CONTENT="»Denken«" WC="0.99" CC="47000072"/>
						<SP ID="P72_SP00224" HPOS="2069" VPOS="3083" WIDTH="38"/>
						<String ID="P72_ST00253" HPOS="2107" VPOS="3024" WIDTH="116" HEIGHT="61" CONTENT="und" WC="1.00" CC="000"/>
						<SP ID="P72_SP00225" HPOS="2223" VPOS="3085" WIDTH="37"/>
						<String ID="P72_ST00254" HPOS="2260" VPOS="3025" WIDTH="440" HEIGHT="75" CONTENT="»Sinnlichkeit«," WC="1.00" CC="445000500000634"/>
						<SP ID="P72_SP00226" HPOS="2700" VPOS="3100" WIDTH="34"/>
						<String ID="P72_ST00255" HPOS="2734" VPOS="3031" WIDTH="99" HEIGHT="62" CONTENT="der" WC="0.97" CC="007"/>
					</TextLine>
					<TextLine ID="P72_TL00030" HPOS="595" VPOS="3094" WIDTH="2237" HEIGHT="97">
						<String ID="P72_ST00256" HPOS="595" VPOS="3094" WIDTH="280" HEIGHT="64" CONTENT="Ausfall" WC="0.98" CC="7406707"/>
						<SP ID="P72_SP00227" HPOS="875" VPOS="3158" WIDTH="42"/>
						<String ID="P72_ST00257" HPOS="917" VPOS="3099" WIDTH="100" HEIGHT="61" CONTENT="der" WC="1.00" CC="000"/>
						<SP ID="P72_SP00228" HPOS="1017" VPOS="3160" WIDTH="48"/>
						<String ID="P72_ST00258" HPOS="1065" VPOS="3111" WIDTH="80" HEIGHT="52" CONTENT="sie" WC="1.00" CC="000"/>
						<SP ID="P72_SP00229" HPOS="1145" VPOS="3163" WIDTH="49"/>
						<String ID="P72_ST00259" HPOS="1194" VPOS="3105" WIDTH="420" HEIGHT="65" CONTENT="verbindenden" WC="1.00" CC="007710000007"/>
						<SP ID="P72_SP00230" HPOS="1614" VPOS="3170" WIDTH="43"/>
						<String ID="P72_ST00260" HPOS="1657" VPOS="3111" WIDTH="220" HEIGHT="80" CONTENT="Sphäre" WC="0.98" CC="607060"/>
						<SP ID="P72_SP00231" HPOS="1877" VPOS="3191" WIDTH="48"/>
						<String ID="P72_ST00261" HPOS="1925" VPOS="3138" WIDTH="116" HEIGHT="37" CONTENT="von" WC="0.98" CC="040"/>
						<SP ID="P72_SP00232" HPOS="2041" VPOS="3191" WIDTH="40"/>
						<String ID="P72_ST00262" HPOS="2081" VPOS="3117" WIDTH="384" HEIGHT="63" CONTENT="Leidenschaft" WC="0.99" CC="573000007022"/>
						<SP ID="P72_SP00233" HPOS="2465" VPOS="3191" WIDTH="49"/>
						<String ID="P72_ST00263" HPOS="2514" VPOS="3122" WIDTH="116" HEIGHT="61" CONTENT="und" WC="1.00" CC="000"/>
						<SP ID="P72_SP00234" HPOS="2630" VPOS="3191" WIDTH="39"/>
						<String ID="P72_ST00264" HPOS="2669" VPOS="3125" WIDTH="163" HEIGHT="60" CONTENT="tiefer" WC="0.98" CC="230307"/>
					</TextLine>
					<TextLine ID="P72_TL00031" HPOS="597" VPOS="3187" WIDTH="2234" HEIGHT="104">
						<String ID="P72_ST00265" HPOS="597" VPOS="3187" WIDTH="567" HEIGHT="86" CONTENT="Gemütsbewegung" WC="1.00" CC="60003070000070"/>
						<SP ID="P72_SP00235" HPOS="1164" VPOS="3273" WIDTH="33"/>
						<String ID="P72_ST00266" HPOS="1197" VPOS="3206" WIDTH="71" HEIGHT="52" CONTENT="ist" WC="0.96" CC="603"/>
						<SP ID="P72_SP00236" HPOS="1268" VPOS="3273" WIDTH="32"/>
						<String ID="P72_ST00267" HPOS="1300" VPOS="3198" WIDTH="212" HEIGHT="62" CONTENT="überall" WC="1.00" CC="0007000"/>
						<SP ID="P72_SP00237" HPOS="1512" VPOS="3273" WIDTH="35"/>
						<String ID="P72_ST00268" HPOS="1547" VPOS="3203" WIDTH="116" HEIGHT="61" CONTENT="und" WC="1.00" CC="000"/>
						<SP ID="P72_SP00238" HPOS="1663" VPOS="3273" WIDTH="33"/>
						<String ID="P72_ST00269" HPOS="1696" VPOS="3206" WIDTH="135" HEIGHT="59" CONTENT="auch" WC="0.97" CC="0607"/>
						<SP ID="P72_SP00239" HPOS="1831" VPOS="3273" WIDTH="38"/>
						<String ID="P72_ST00270" HPOS="1869" VPOS="3206" WIDTH="118" HEIGHT="62" CONTENT="hier" WC="0.95" CC="7607"/>
						<SP ID="P72_SP00240" HPOS="1987" VPOS="3273" WIDTH="32"/>
						<String ID="P72_ST00271" HPOS="2019" VPOS="3217" WIDTH="89" HEIGHT="52" CONTENT="ein" WC="0.95" CC="077"/>
						<SP ID="P72_SP00241" HPOS="2108" VPOS="3273" WIDTH="35"/>
						<String ID="P72_ST00272" HPOS="2143" VPOS="3211" WIDTH="116" HEIGHT="60" CONTENT="echt" WC="0.98" CC="7003"/>
						<SP ID="P72_SP00242" HPOS="2259" VPOS="3273" WIDTH="31"/>
						<String ID="P72_ST00273" HPOS="2290" VPOS="3212" WIDTH="364" HEIGHT="79" CONTENT="bürgerliches" WC="1.00" CC="707007000000"/>
						<SP ID="P72_SP00243" HPOS="2654" VPOS="3291" WIDTH="24"/>
						<String ID="P72_ST00274" HPOS="2678" VPOS="3216" WIDTH="153" HEIGHT="61" CONTENT="Phä*" WC="0.81" CC="0700"/>
					</TextLine>
					<TextLine ID="P72_TL00032" HPOS="594" VPOS="3283" WIDTH="2235" HEIGHT="93">
						<String ID="P72_ST00275" HPOS="594" VPOS="3302" WIDTH="222" HEIGHT="41" CONTENT="nomen." WC="0.93" CC="000004"/>
						<SP ID="P72_SP00244" HPOS="816" VPOS="3343" WIDTH="43"/>
						<String ID="P72_ST00276" HPOS="859" VPOS="3283" WIDTH="98" HEIGHT="63" CONTENT="Zu" WC="0.67" CC="06"/>
						<SP ID="P72_SP00245" HPOS="957" VPOS="3346" WIDTH="35"/>
						<String ID="P72_ST00277" HPOS="992" VPOS="3286" WIDTH="99" HEIGHT="61" CONTENT="der" WC="0.98" CC="005"/>
						<SP ID="P72_SP00246" HPOS="1091" VPOS="3347" WIDTH="31"/>
						<String ID="P72_ST00278" HPOS="1122" VPOS="3288" WIDTH="383" HEIGHT="82" CONTENT="Aufdeckung" WC="0.99" CC="5560007000"/>
						<SP ID="P72_SP00247" HPOS="1505" VPOS="3370" WIDTH="42"/>
						<String ID="P72_ST00279" HPOS="1547" VPOS="3293" WIDTH="100" HEIGHT="64" CONTENT="des" WC="1.00" CC="000"/>
						<SP ID="P72_SP00248" HPOS="1647" VPOS="3370" WIDTH="34"/>
						<String ID="P72_ST00280" HPOS="1681" VPOS="3296" WIDTH="419" HEIGHT="80" CONTENT="Bürgergeistes" WC="1.00" CC="3050400030500"/>
						<SP ID="P72_SP00249" HPOS="2100" VPOS="3376" WIDTH="45"/>
						<String ID="P72_ST00281" HPOS="2145" VPOS="3311" WIDTH="53" HEIGHT="51" CONTENT="in" WC="0.95" CC="00"/>
						<SP ID="P72_SP00250" HPOS="2198" VPOS="3376" WIDTH="34"/>
						<String ID="P72_ST00282" HPOS="2232" VPOS="3304" WIDTH="254" HEIGHT="63" CONTENT="Albertis" WC="0.67" CC="57703300"/>
						<SP ID="P72_SP00251" HPOS="2486" VPOS="3376" WIDTH="35"/>
						<String ID="P72_ST00283" HPOS="2521" VPOS="3306" WIDTH="308" HEIGHT="65" CONTENT="Familien*" WC="1.00" CC="300400004"/>
					</TextLine>
					<TextLine ID="P72_TL00033" HPOS="593" VPOS="3372" WIDTH="2235" HEIGHT="92">
						<String ID="P72_ST00284" HPOS="593" VPOS="3372" WIDTH="236" HEIGHT="65" CONTENT="büchern" WC="0.56" CC="7000777"/>
						<SP ID="P72_SP00252" HPOS="829" VPOS="3437" WIDTH="58"/>
						<String ID="P72_ST00285" HPOS="887" VPOS="3377" WIDTH="97" HEIGHT="61" CONTENT="hat" WC="0.95" CC="706"/>
						<SP ID="P72_SP00253" HPOS="984" VPOS="3438" WIDTH="39"/>
						<String ID="P72_ST00286" HPOS="1023" VPOS="3380" WIDTH="268" HEIGHT="63" CONTENT="Sombart" WC="0.47" CC="4207776"/>
						<SP ID="P72_SP00254" HPOS="1291" VPOS="3443" WIDTH="56"/>
						<String ID="P72_ST00287" HPOS="1347" VPOS="3394" WIDTH="161" HEIGHT="53" CONTENT="einen" WC="0.98" CC="04007"/>
						<SP ID="P72_SP00255" HPOS="1508" VPOS="3447" WIDTH="58"/>
						<String ID="P72_ST00288" HPOS="1566" VPOS="3398" WIDTH="53" HEIGHT="50" CONTENT="in" WC="0.46" CC="37"/>
						<SP ID="P72_SP00256" HPOS="1619" VPOS="3448" WIDTH="57"/>
						<String ID="P72_ST00289" HPOS="1676" VPOS="3390" WIDTH="156" HEIGHT="62" CONTENT="mehr" WC="0.98" CC="0070"/>
						<SP ID="P72_SP00257" HPOS="1832" VPOS="3452" WIDTH="49"/>
						<String ID="P72_ST00290" HPOS="1881" VPOS="3394" WIDTH="81" HEIGHT="59" CONTENT="als" WC="1.00" CC="000"/>
						<SP ID="P72_SP00258" HPOS="1962" VPOS="3453" WIDTH="43"/>
						<String ID="P72_ST00291" HPOS="2005" VPOS="3404" WIDTH="152" HEIGHT="52" CONTENT="einer" WC="0.98" CC="05007"/>
						<SP ID="P72_SP00259" HPOS="2157" VPOS="3456" WIDTH="40"/>
						<String ID="P72_ST00292" HPOS="2197" VPOS="3396" WIDTH="251" HEIGHT="64" CONTENT="Hinsicht" WC="0.98" CC="74000775"/>
						<SP ID="P72_SP00260" HPOS="2448" VPOS="3460" WIDTH="47"/>
						<String ID="P72_ST00293" HPOS="2495" VPOS="3403" WIDTH="333" HEIGHT="61" CONTENT="wertvollen" WC="0.99" CC="0075007000"/>
					</TextLine>
					<TextLine ID="P72_TL00034" HPOS="594" VPOS="3465" WIDTH="2233" HEIGHT="99">
						<String ID="P72_ST00294" HPOS="594" VPOS="3465" WIDTH="188" HEIGHT="63" CONTENT="Schritt" WC="0.99" CC="0006505"/>
						<SP ID="P72_SP00261" HPOS="782" VPOS="3528" WIDTH="38"/>
						<String ID="P72_ST00295" HPOS="820" VPOS="3485" WIDTH="183" HEIGHT="61" CONTENT="getan." WC="0.99" CC="005004"/>
						<SP ID="P72_SP00262" HPOS="1003" VPOS="3546" WIDTH="60"/>
						<String ID="P72_ST00296" HPOS="1063" VPOS="3473" WIDTH="288" HEIGHT="64" CONTENT="Zunächst" WC="0.99" CC="06600000"/>
						<SP ID="P72_SP00263" HPOS="1351" VPOS="3546" WIDTH="48"/>
						<String ID="P72_ST00297" HPOS="1399" VPOS="3486" WIDTH="70" HEIGHT="54" CONTENT="ist" WC="0.97" CC="105"/>
						<SP ID="P72_SP00264" HPOS="1469" VPOS="3546" WIDTH="47"/>
						<String ID="P72_ST00298" HPOS="1516" VPOS="3479" WIDTH="285" HEIGHT="65" CONTENT="hierdurch" WC="0.99" CC="750607500"/>
						<SP ID="P72_SP00265" HPOS="1801" VPOS="3546" WIDTH="50"/>
						<String ID="P72_ST00299" HPOS="1851" VPOS="3484" WIDTH="99" HEIGHT="62" CONTENT="der" WC="0.97" CC="007"/>
						<SP ID="P72_SP00266" HPOS="1950" VPOS="3546" WIDTH="40"/>
						<String ID="P72_ST00300" HPOS="1990" VPOS="3486" WIDTH="223" HEIGHT="63" CONTENT="Beweis" WC="1.00" CC="000030"/>
						<SP ID="P72_SP00267" HPOS="2213" VPOS="3549" WIDTH="51"/>
						<String ID="P72_ST00301" HPOS="2264" VPOS="3489" WIDTH="263" HEIGHT="75" CONTENT="erbracht," WC="0.99" CC="067400054"/>
						<SP ID="P72_SP00268" HPOS="2527" VPOS="3564" WIDTH="51"/>
						<String ID="P72_ST00302" HPOS="2578" VPOS="3494" WIDTH="109" HEIGHT="62" CONTENT="daß" WC="0.99" CC="020"/>
						<SP ID="P72_SP00269" HPOS="2687" VPOS="3564" WIDTH="50"/>
						<String ID="P72_ST00303" HPOS="2737" VPOS="3495" WIDTH="90" HEIGHT="61" CONTENT="die" WC="0.95" CC="066"/>
					</TextLine>
					<TextLine ID="P72_TL00035" HPOS="592" VPOS="3561" WIDTH="2233" HEIGHT="93">
						<String ID="P72_ST00304" HPOS="592" VPOS="3580" WIDTH="146" HEIGHT="41" CONTENT="neue" WC="1.00" CC="0000"/>
						<SP ID="P72_SP00270" HPOS="738" VPOS="3621" WIDTH="39"/>
						<String ID="P72_ST00305" HPOS="777" VPOS="3561" WIDTH="392" HEIGHT="79" CONTENT="Bürgermoral" WC="1.00" CC="00600502600"/>
						<SP ID="P72_SP00271" HPOS="1169" VPOS="3640" WIDTH="41"/>
						<String ID="P72_ST00306" HPOS="1210" VPOS="3572" WIDTH="138" HEIGHT="59" CONTENT="nicht" WC="0.98" CC="65004"/>
						<SP ID="P72_SP00272" HPOS="1348" VPOS="3640" WIDTH="40"/>
						<String ID="P72_ST00307" HPOS="1388" VPOS="3589" WIDTH="114" HEIGHT="45" CONTENT="erst" WC="0.98" CC="0601"/>
						<SP ID="P72_SP00273" HPOS="1502" VPOS="3640" WIDTH="39"/>
						<String ID="P72_ST00308" HPOS="1541" VPOS="3575" WIDTH="110" HEIGHT="60" CONTENT="auf" WC="0.97" CC="060"/>
						<SP ID="P72_SP00274" HPOS="1651" VPOS="3640" WIDTH="31"/>
						<String ID="P72_ST00309" HPOS="1682" VPOS="3580" WIDTH="912" HEIGHT="74" CONTENT="protestantisch*calvinistischem" WC="0.79" CC="063400350550004007060603000000"/>
						<SP ID="P72_SP00275" HPOS="2594" VPOS="3654" WIDTH="33"/>
						<String ID="P72_ST00310" HPOS="2627" VPOS="3588" WIDTH="198" HEIGHT="61" CONTENT="Boden" WC="1.00" CC="03000"/>
					</TextLine>
					<TextLine ID="P72_TL00036" HPOS="594" VPOS="3655" WIDTH="2231" HEIGHT="103">
						<String ID="P72_ST00311" HPOS="594" VPOS="3655" WIDTH="329" HEIGHT="63" CONTENT="entstanden" WC="0.99" CC="5620104004"/>
						<SP ID="P72_SP00276" HPOS="923" VPOS="3718" WIDTH="42"/>
						<String ID="P72_ST00312" HPOS="965" VPOS="3667" WIDTH="99" HEIGHT="65" CONTENT="ist,-" WC="0.98" CC="10542"/>
						<SP ID="P72_SP00277" HPOS="1064" VPOS="3732" WIDTH="39"/>
						<String ID="P72_ST00313" HPOS="1103" VPOS="3669" WIDTH="124" HEIGHT="55" CONTENT="eine" WC="0.98" CC="0550"/>
						<SP ID="P72_SP00278" HPOS="1227" VPOS="3732" WIDTH="31"/>
						<String ID="P72_ST00314" HPOS="1258" VPOS="3659" WIDTH="292" HEIGHT="79" CONTENT="Tatsache," WC="1.00" CC="000000003"/>
						<SP ID="P72_SP00279" HPOS="1550" VPOS="3738" WIDTH="45"/>
						<String ID="P72_ST00315" HPOS="1595" VPOS="3667" WIDTH="89" HEIGHT="63" CONTENT="die" WC="0.98" CC="050"/>
						<SP ID="P72_SP00280" HPOS="1684" VPOS="3738" WIDTH="40"/>
						<String ID="P72_ST00316" HPOS="1724" VPOS="3671" WIDTH="165" HEIGHT="61" CONTENT="schon" WC="1.00" CC="00030"/>
						<SP ID="P72_SP00281" HPOS="1889" VPOS="3738" WIDTH="44"/>
						<String ID="P72_ST00317" HPOS="1933" VPOS="3672" WIDTH="163" HEIGHT="62" CONTENT="durch" WC="0.99" CC="00600"/>
						<SP ID="P72_SP00282" HPOS="2096" VPOS="3738" WIDTH="44"/>
						<String ID="P72_ST00318" HPOS="2140" VPOS="3674" WIDTH="90" HEIGHT="61" CONTENT="die" WC="0.98" CC="040"/>
						<SP ID="P72_SP00283" HPOS="2230" VPOS="3738" WIDTH="34"/>
						<String ID="P72_ST00319" HPOS="2264" VPOS="3676" WIDTH="161" HEIGHT="63" CONTENT="frühe" WC="0.98" CC="06070"/>
						<SP ID="P72_SP00284" HPOS="2425" VPOS="3739" WIDTH="32"/>
						<String ID="P72_ST00320" HPOS="2457" VPOS="3680" WIDTH="368" HEIGHT="78" CONTENT="Ausbildung" WC="0.99" CC="1607670050"/>
					</TextLine>
					<TextLine ID="P72_TL00037" HPOS="594" VPOS="3743" WIDTH="2226" HEIGHT="93">
						<String ID="P72_ST00321" HPOS="594" VPOS="3743" WIDTH="98" HEIGHT="62" CONTENT="des" WC="0.98" CC="060"/>
						<SP ID="P72_SP00285" HPOS="692" VPOS="3805" WIDTH="27"/>
						<String ID="P72_ST00322" HPOS="719" VPOS="3747" WIDTH="403" HEIGHT="80" CONTENT="Kapitalismus" WC="1.00" CC="000060740060"/>
						<SP ID="P72_SP00286" HPOS="1122" VPOS="3827" WIDTH="36"/>
						<String ID="P72_ST00323" HPOS="1158" VPOS="3765" WIDTH="52" HEIGHT="52" CONTENT="in" WC="0.46" CC="37"/>
						<SP ID="P72_SP00287" HPOS="1210" VPOS="3827" WIDTH="27"/>
						<String ID="P72_ST00324" HPOS="1237" VPOS="3757" WIDTH="246" HEIGHT="63" CONTENT="Florenz" WC="0.99" CC="6030007"/>
						<SP ID="P72_SP00288" HPOS="1483" VPOS="3827" WIDTH="27"/>
						<String ID="P72_ST00325" HPOS="1510" VPOS="3761" WIDTH="117" HEIGHT="61" CONTENT="und" WC="0.95" CC="670"/>
						<SP ID="P72_SP00289" HPOS="1627" VPOS="3827" WIDTH="26"/>
						<String ID="P72_ST00326" HPOS="1653" VPOS="3762" WIDTH="351" HEIGHT="65" CONTENT="Oberitalien" WC="0.99" CC="00674500400"/>
						<SP ID="P72_SP00290" HPOS="2004" VPOS="3827" WIDTH="42"/>
						<String ID="P72_ST00327" HPOS="2046" VPOS="3785" WIDTH="263" HEIGHT="46" CONTENT="erwartet" WC="0.99" CC="00007373"/>
						<SP ID="P72_SP00291" HPOS="2309" VPOS="3831" WIDTH="31"/>
						<String ID="P72_ST00328" HPOS="2340" VPOS="3772" WIDTH="231" HEIGHT="62" CONTENT="werden" WC="0.99" CC="007000"/>
						<SP ID="P72_SP00292" HPOS="2571" VPOS="3834" WIDTH="25"/>
						<String ID="P72_ST00329" HPOS="2596" VPOS="3773" WIDTH="224" HEIGHT="63" CONTENT="konnte." WC="0.99" CC="0500104"/>
					</TextLine>
					<TextLine ID="P72_TL00038" HPOS="594" VPOS="3834" WIDTH="2229" HEIGHT="102">
						<String ID="P72_ST00330" HPOS="594" VPOS="3834" WIDTH="221" HEIGHT="65" CONTENT="Alberti" WC="0.74" CC="6000604"/>
						<SP ID="P72_SP00293" HPOS="815" VPOS="3899" WIDTH="41"/>
						<String ID="P72_ST00331" HPOS="856" VPOS="3861" WIDTH="189" HEIGHT="43" CONTENT="zuerst" WC="0.98" CC="760502"/>
						<SP ID="P72_SP00294" HPOS="1045" VPOS="3904" WIDTH="39"/>
						<String ID="P72_ST00332" HPOS="1084" VPOS="3847" WIDTH="201" HEIGHT="64" CONTENT="erklärt" WC="0.98" CC="0707265"/>
						<SP ID="P72_SP00295" HPOS="1285" VPOS="3911" WIDTH="32"/>
						<String ID="P72_ST00333" HPOS="1317" VPOS="3874" WIDTH="144" HEIGHT="54" CONTENT="ganz" WC="0.99" CC="0070"/>
						<SP ID="P72_SP00296" HPOS="1461" VPOS="3928" WIDTH="35"/>
						<String ID="P72_ST00334" HPOS="1496" VPOS="3855" WIDTH="150" HEIGHT="61" CONTENT="offen" WC="0.98" CC="46600"/>
						<SP ID="P72_SP00297" HPOS="1646" VPOS="3928" WIDTH="34"/>
						<String ID="P72_ST00335" HPOS="1680" VPOS="3856" WIDTH="90" HEIGHT="62" CONTENT="die" WC="0.97" CC="060"/>
						<SP ID="P72_SP00298" HPOS="1770" VPOS="3928" WIDTH="33"/>
						<String ID="P72_ST00336" HPOS="1803" VPOS="3857" WIDTH="382" HEIGHT="79" CONTENT="Sparsamkeit" WC="0.99" CC="50060000406"/>
						<SP ID="P72_SP00299" HPOS="2185" VPOS="3936" WIDTH="31"/>
						<String ID="P72_ST00337" HPOS="2216" VPOS="3864" WIDTH="140" HEIGHT="61" CONTENT="nicht" WC="0.98" CC="03070"/>
						<SP ID="P72_SP00300" HPOS="2356" VPOS="3936" WIDTH="31"/>
						<String ID="P72_ST00338" HPOS="2387" VPOS="3865" WIDTH="89" HEIGHT="61" CONTENT="für" WC="0.96" CC="307"/>
						<SP ID="P72_SP00301" HPOS="2476" VPOS="3936" WIDTH="33"/>
						<String ID="P72_ST00339" HPOS="2509" VPOS="3874" WIDTH="123" HEIGHT="53" CONTENT="eine" WC="0.99" CC="0600"/>
						<SP ID="P72_SP00302" HPOS="2632" VPOS="3936" WIDTH="26"/>
						<String ID="P72_ST00340" HPOS="2658" VPOS="3866" WIDTH="165" HEIGHT="62" CONTENT="Not*" WC="0.95" CC="7464"/>
					</TextLine>
				</TextBlock>
			</PrintSpace>
		</Page>
	</Layout>
</alto>
