3246 4572
1197 437 236 52 ‘Friecfricß
1698 436 100 60 Aff
1799 453 41 32 re
1644 436 243 49 cfScßmid
2080 436 235 49 Paestum

640 439 98 52 614

1536 2150 302 63 Friedrich
1870 2149 239 79 Alfred
2120 2146 256 64 Schmid
2386 2146 214 63 Noerr

928 644 168 62 Noch
1138 642 190 61 diesen
1369 639 214 76 Augen
1623 640 348 75 vorgerückt,
2014 647 89 52 ein
2145 638 171 76 Ding,

928 736 81 62 So
1054 733 287 67 furchtbar,
1380 732 140 77 groß
1561 731 116 60 und
1718 731 297 60 wirklicher
2057 729 246 70 Gestalt,

929 828 112 61 Als
1083 827 180 61 dieser
1305 824 184 70 Stern,
1530 824 108 61 auf
1671 823 128 62 dem
1840 832 104 52 wir
1990 823 237 61 Mensch
2278 822 140 61 sind.
2462 822 137 77 Jetzt

927 922 61 61 In
1028 918 285 78 Ewigkeit
1352 918 168 61 nichts
1562 916 180 62 mehr:
1788 916 429 63 Gedächtnislos

927 1015 89 61 Ins
1060 1011 489 62 Unausdenkliche
1588 1034 341 55 vergangen,
1969 1019 111 52 wie

926 1108 135 61 Aus
1103 1104 546 62 Unausdenklichem
1690 1104 173 61 heran
1903 1103 286 77 gefahren.

928 1200 116 61 Ein
1087 1199 251 61 nennbar
1379 1199 154 76 Ding
1572 1222 107 37 nur
1719 1198 191 61 diesen
1950 1195 369 79 Augenblick.

931 1292 142 62 Und
1113 1292 136 61 doch
1291 1301 74 52 im
1406 1291 409 62 Weltenbaum
1856 1291 99 61 der
1995 1291 132 59 Zeit
2168 1298 87 52 ein
2297 1288 189 67 Strich,

933 1386 117 62 Ein
1091 1385 232 78 goldner
1362 1383 190 70 Nerv,
1594 1383 99 61 des
1737 1382 299 64 Glaubens
2079 1391 237 67 ewigem
2356 1378 130 62 Puls

931 1479 344 62 Benachbart
1314 1479 120 59 und
1472 1477 396 76 verschlungen
1911 1477 154 69 auch,
2107 1473 285 63 vielleicht:

932 1571 152 61 Was
1126 1570 280 62 stammelt
1437 1571 136 60 noch
1608 1570 102 61 das
1736 1569 207 61 Wort?
1977 1569 351 59 Durchzückt
2358 1574 217 52 miteins

938 1664 183 63 Stand
1162 1665 91 60 ich.
1298 1664 171 61 Denn
1511 1673 100 51 mir
1652 1672 109 52 wie
1801 1663 233 61 Heimat
2074 1684 120 37 war
2236 1660 90 60 die
2364 1658 191 62 Nacht

934 1757 144 62 Und
1119 1757 101 61 das
1263 1754 306 71 Gewölbe,
1609 1754 115 62 voll
1764 1778 117 37 von
1922 1754 257 69 Sternen,
2221 1752 117 61 und

941 1851 127 61 Das
1108 1849 293 61 Rauschen
1444 1848 183 61 ferner
1666 1847 328 77 Brandung;
2038 1846 166 61 Alles
2246 1844 139 70 dies.

938 1943 153 61 Was
1133 1943 165 61 schön
1340 1951 87 62 ist,
1468 1942 416 78 glaubenswert
1917 1940 117 61 und
2075 1938 292 61 unfaßbar.
