3200 4572
1066 486 135 50 Max
1220 487 202 58 S(tiefer,
1459 489 115 51 Der
1600 492 276 61 Bourgeois

2495 499 85 49 591

361 689 440 86 philosophische
844 687 409 73 Grundfehler,
1294 699 53 52 in
1390 691 109 62 den
1540 717 206 39 unsere
1785 694 249 72 Moral*,
2073 696 252 71 Rechts*,
2365 699 223 62 Kunst*

360 781 649 78 Wirtschaftsgeschichte
1057 804 68 38 so
1177 794 297 67 ungemein
1522 785 153 64 leicht
1720 788 247 62 verfällt:
2020 788 90 62 die
2157 790 431 75 geschichtlichen

356 875 311 65 Tatsachen
716 874 205 61 bereits
979 875 109 60 auf
1130 900 241 39 unsere
1419 878 419 80 kapitalistische
1889 882 504 73 Geistesstruktur,
2451 884 137 64 ihre

358 969 307 65 Maßstäbe
690 968 118 61 und
833 968 188 62 Ideale
1045 994 73 35 zu
1145 969 269 63 beziehen
1441 973 115 61 und
1581 983 87 52 ein
1697 976 468 63 »ISTichtkönnen«
2195 977 74 62 da
2293 1002 76 37 zu
2395 978 191 73 sehen,

358 1089 94 37 wo
478 1072 87 52 ein
591 1061 238 62 anderes
841 1061 303 72 Wollen,
1170 1072 124 52 eine
1319 1065 206 62 andere
1546 1066 426 81 Gesinnung,
1998 1079 89 52 ein
2113 1071 238 62 anderes
2378 1072 210 71 Ethos,

358 1156 209 78 vorlag.
613 1154 199 62 Immer
838 1156 136 59 noch
1009 1164 70 52 ist
1104 1179 60 38 es
1200 1156 99 61 der
1330 1156 277 65 heimliche
1634 1159 229 64 Glaube
1888 1187 232 38 unserer
2148 1164 438 73 »Gebildeten«,

352 1250 114 61 daß
499 1273 48 37 z.
575 1249 62 61 B.
675 1248 89 60 die
792 1248 276 62 Griechen
1102 1258 123 52 eine
1249 1250 583 66 Produktionstechnik
1864 1256 117 61 und
2012 1267 125 52 eine
2169 1259 109 60 auf
2293 1259 147 62 Maß
2467 1260 118 61 und

356 1342 146 63 Zahl
552 1340 345 79 aufgebaute
946 1343 567 63 naturbestimmende
1553 1345 404 64 Wissenschaft
1996 1358 53 52 in
2099 1375 261 39 unserem
2410 1353 174 63 Sinne

356 1461 106 35 nur
502 1434 200 61 darum
745 1435 140 60 nicht
924 1435 267 73 besaßen,
1231 1437 127 61 weil
1391 1446 82 53 sie
1506 1438 141 62 eben
1687 1441 136 61 noch
1860 1443 173 61 »nicht
2063 1467 70 38 so
2165 1455 134 52 weit
2330 1470 249 39 waren«.

358 1528 147 61 Was
557 1528 223 61 faktisch
833 1537 88 52 ein
970 1528 378 64 Nichtwollen
1396 1555 121 37 war
1673 1533 532 64 selbstverständlich
2261 1538 323 78 gegenüber

356 1630 151 53 einer
548 1621 145 61 Gott
733 1621 119 61 und
891 1622 753 80 vernunftdurchdrungenen
1669 1626 181 72 Welt,
1884 1637 178 52 einem
2099 1630 350 73 »Kosmos«,
2482 1632 101 63 der

356 1714 188 71 Liebe,
593 1715 411 77 Anschauung,
1045 1715 341 81 Verehrung
1427 1717 160 61 allein
1629 1719 223 62 fordern
1901 1720 246 65 konnte
2287 1724 115 62 hält
2449 1750 131 37 man

356 1808 134 59 auch
516 1805 116 62 hier
666 1808 90 59 für
788 1816 89 53 ein
910 1808 412 62 Nichtkönnen.
1357 1809 165 62 Aber
1555 1827 112 44 erst
1705 1811 89 63 die
1826 1813 367 80 Entgottung,
2226 1815 354 80 Entseelung

358 1898 114 61 und
504 1899 379 80 Entwertung
924 1900 99 61 der
1055 1902 198 61 Natur
1294 1902 115 61 und
1442 1903 179 71 Welt,
1662 1904 203 62 welche
1898 1905 98 63 der
2028 1907 551 78 hyperdualistische,

351 1992 148 61 Gott
546 1993 116 60 und
702 1993 183 71 Welt,
979 2025 16 12 -
1043 1994 165 63 Seele
1257 1994 118 61 und
1422 1996 223 80 Körper
1692 1998 372 62 auseinander
2111 2001 282 72 reißende,
2443 2027 138 55 pro*

354 2087 348 60 testantische
721 2086 170 62 Geist
907 2087 100 62 der
1023 2088 257 61 Neuzeit
1295 2088 284 73 bewirkte,
1598 2090 98 62 der
1713 2114 144 39 neue
1866 2091 195 62 Welt*
2077 2095 117 61 und
2213 2093 367 74 Qualitäten*

354 2177 128 71 haß,
530 2178 99 61 der
678 2178 92 63 ihn
820 2181 157 61 mehr
1024 2191 110 51 wie
1183 2191 123 52 eine
1355 2205 146 38 neue
1541 2182 346 64 Gottesliebe
1934 2195 250 69 regierte,
2231 2187 208 64 konnte
2489 2190 90 62 die

354 2270 195 61 Natur
580 2271 81 62 als
697 2272 90 61 die
819 2283 156 68 träge
1007 2274 527 78 Massenhaftigkeit
1564 2275 191 71 sehen,
1796 2276 89 62 die
1917 2302 127 36 man
2078 2279 164 61 durch
2284 2280 294 64 formende

352 2363 206 62 Arbeit
598 2380 113 46 erst
742 2389 75 38 zu
850 2375 183 54 einem
1059 2366 462 79 Wohngebäude
1554 2368 90 62 für
1675 2369 306 62 Menschen
2014 2373 363 61 einzurichten
2411 2374 163 62 habe.

355 2454 138 62 Dies
533 2457 239 79 Beispiel
814 2459 162 62 diene
1018 2459 90 62 für
1146 2460 160 61 viele.

1430 2618 62 59 11.

430 2735 60 59 In
565 2736 128 62 dem
751 2739 376 80 deskriptiven
1183 2736 159 66 Teile
1398 2751 181 52 seines
1647 2741 245 62 Werkes
1949 2742 145 61 stellt
2150 2742 268 63 Sombart
2472 2744 103 62 das

358 2826 221 64 Wesen
604 2831 102 61 des
732 2832 706 80 Unternehmungsgeistes
1466 2835 116 61 und
1607 2835 99 61 des
1732 2835 415 79 Bürgergeistes
2174 2845 54 51 in
2247 2853 328 61 getrennten

350 2919 368 66 Abschnitten
760 2924 116 63 dar.
928 2926 127 63 Das
1097 2928 447 78 psychologische
1584 2928 117 61 und
1749 2928 100 61 das
1898 2929 306 76 genetische
2245 2929 330 62 Verhältnis

351 3010 102 63 der
506 3014 200 65 beiden
764 3018 626 82 Grundkomponenten
1449 3022 97 61 des
1603 3020 455 80 kapitalistischen
2115 3020 231 64 Geistes
2405 3022 171 62 bildet

352 3104 149 62 ohne
533 3107 241 66 Zweifel
808 3112 91 62 die
930 3114 188 61 tiefste
1151 3114 423 78 Schwierigkeit,
1607 3113 89 62 die
1727 3116 105 59 sich
1866 3114 98 61 der
1995 3114 232 78 Lösung
2261 3114 99 63 des
2395 3114 181 63 Prob*

354 3196 134 63 lems
546 3206 436 75 entgegenstellt.
1043 3208 182 63 Schon
1283 3208 187 61 indem
1526 3208 264 61 Sombart
1838 3216 119 52 sein
1996 3207 147 61 Buch
2188 3207 158 61 »Der
2384 3208 193 61 Bour*

352 3301 192 64 geois«
595 3295 231 75 betitelt,
883 3309 146 70 zeigt
1076 3325 78 47 er,
1212 3302 112 61 daß
1371 3325 61 38 es
1483 3301 98 62 der
1628 3301 351 78 Bürgergeist
2025 3310 88 61 ist,
2170 3300 128 61 dem
2355 3324 60 38 er
2471 3302 103 61 das

352 3389 305 70 genetische
688 3390 207 62 Primat
925 3403 56 52 in
1015 3394 99 62 der
1139 3394 238 79 Bildung
1402 3395 100 61 des
1535 3394 453 80 kapitalistischen
2014 3393 230 62 Geistes
2278 3403 294 53 einräumt.

354 3473 148 64 Was
553 3479 90 61 für
690 3483 157 62 diese
895 3495 155 54 seine
1097 3488 362 77 Auffassung
1506 3488 213 77 spricht,
1767 3495 69 52 ist
1882 3509 105 38 vor
2034 3485 163 61 allem
2237 3485 90 62 die
2368 3487 208 77 Frage,

352 3577 110 52 wie
501 3573 105 60 sich
648 3574 91 62 die
779 3587 301 67 positiven,
1121 3579 348 73 kraftvollen,
1503 3589 166 52 weite
1700 3579 169 62 Pläne
1902 3578 300 62 fassenden
2235 3578 118 62 und
2386 3589 191 52 erwä*

351 3662 236 73 genden,
627 3666 226 66 kühnen
895 3673 118 61 und
1055 3673 762 79 organisationsschaffenden
1856 3673 287 70 Naturen,
2194 3672 90 62 die
2325 3673 106 61 sich
2473 3696 104 38 zur

355 3751 540 90 »Unternehmung«
914 3766 213 76 großen
1145 3766 131 63 Stils
1295 3767 81 62 als
1394 3776 253 69 geeignet
1663 3775 292 62 erwiesen,
1978 3763 207 80 gerade
2209 3763 130 64 dem
2355 3765 222 62 Wirt*

347 3845 442 70 schaftsleben
831 3857 118 60 und
989 3882 159 38 zwar
1187 3869 54 52 in
1283 3869 182 52 seiner
1506 3859 285 62 normalen
1832 3859 183 61 Breite
2054 3857 365 73 zuwandten,
2459 3859 118 62 ihre

347 3934 200 67 Kräfte
570 3945 207 75 gerade
801 3948 192 63 darein
1019 3974 285 56 ergossen.
1333 3954 170 61 Denn
1529 3951 142 64 eben
1696 3951 156 63 darin
1876 3951 129 79 liegt
2029 3951 90 63 die
2136 3951 317 63 Paradoxie
2476 3953 101 62 des
