3257 4572
2517 450 95 50 539

1055 480 63 51 A.
1141 475 145 56 Kofß,
1321 470 192 54 Bestieß
1540 468 89 51 Bei
1650 463 265 56 Ducßesne

445 694 143 62 Und
627 717 61 38 es
730 691 86 61 fiel
857 698 102 52 mir
998 696 109 60 ein,
1157 682 109 63 daß
1307 681 236 61 Barrere
1583 674 107 62 sich
1733 671 113 61 fast
1887 676 90 53 ein
2019 671 189 70 wenig
2246 656 370 66 verwundert

372 789 138 61 über
550 788 88 60 die
677 782 393 77 Befriedigung
1110 774 269 81 geäußert
1426 770 166 69 hatte,
1642 765 207 62 welche
1897 760 114 62 ihm
2061 757 157 63 diese
2258 752 359 77 Ernennung

372 882 278 61 bereitete.
699 879 83 60 Ich
823 876 199 76 begriff
1056 872 89 61 die
1187 869 396 74 Genugtuung
1623 884 68 38 so
1732 856 173 64 wohl,

448 975 166 59 Aber
663 972 73 60 ich
787 968 173 69 fühle,
1008 973 111 52 wie
1168 957 344 81 ungeduldig
1561 954 99 61 der
1698 954 177 60 Leser
1924 948 109 61 auf
2074 944 135 62 mich
2259 939 161 65 wird.
2481 940 139 60 Du*

374 1067 221 60 chesnes
627 1065 276 59 Antwort
946 1069 70 50 ist
1056 1080 82 46 es,
1178 1053 89 60 die
1305 1075 60 37 er
1397 1058 209 52 wissen
1647 1047 232 69 möchte,
1921 1041 120 63 und
2081 1041 76 59 ich
2196 1037 149 62 kann
2383 1043 84 55 sie
2504 1033 114 61 ihm

376 1160 138 60 nicht
553 1180 191 54 sagen,
785 1154 146 59 denn
971 1157 148 54 mein
1158 1145 213 62 Besudi
1413 1151 71 52 ist
1524 1140 125 61 kein
1689 1140 301 59 Interview
2028 1154 287 58 gewesen.

456 1250 231 75 Genug,
727 1246 110 60 daß
870 1244 183 61 dieser
1083 1260 201 55 wegen
1322 1244 183 53 seines
1538 1231 400 62 Liberalismus
1972 1251 67 39 so
2074 1226 110 61 viel
2222 1220 398 81 angefeindete

378 1343 187 61 Mann
607 1340 96 60 der
743 1334 310 65 beißenden
1093 1330 360 67 Sarkasmen,
1502 1325 99 61 der
1644 1321 432 64 bitter*frivolen
2117 1317 219 69 Witze,
2378 1315 108 62 sich
2533 1312 84 61 als

378 1444 88 51 ein
506 1433 223 75 heiliger
759 1432 238 58 Priester
1028 1424 289 61 entlarvte.
1352 1422 115 59 Die
1498 1418 390 75 Entdeckung,
1926 1411 234 65 obwohl
2193 1411 168 78 gleich
2395 1409 91 61 bei
2521 1406 101 61 der

379 1542 183 45 ersten
602 1524 341 75 Begegnung
979 1541 68 37 so
1083 1512 307 65 vorschnell
1431 1511 223 78 geahnt,
1696 1532 124 37 war
1860 1531 68 38 so
1966 1507 233 75 wichtig,
2243 1503 111 61 daß
2396 1503 78 60 ich
2516 1524 106 37 so*

377 1620 164 76 gleich
586 1616 210 67 wußte,
852 1612 179 61 bevor
1079 1610 74 59 ich
1200 1631 61 37 es
1312 1604 257 64 erfahren
1619 1604 198 60 lernte:
1878 1601 111 61 daß
2037 1608 150 52 mein
2231 1597 213 70 Leben,
2495 1617 126 38 was

379 1720 192 51 immer
627 1730 60 38 es
744 1714 103 52 mir
894 1704 228 74 bringen
1181 1700 141 61 oder
1369 1696 332 62 verwehren
1755 1693 218 70 würde,
2032 1691 249 61 dennoch
2331 1698 56 53 in
2438 1688 186 60 dieser

379 1799 403 75 Unterredung
837 1804 97 52 mit
981 1794 301 61 Duchesne
1332 1800 193 52 seinen
1574 1787 356 78 eigentlichen
1973 1784 296 62 Abschnitt
2319 1781 136 62 fand
2504 1780 121 61 und

379 1904 56 51 in
485 1903 87 51 ein
619 1914 107 38 vor
773 1889 140 61 oder
960 1888 132 59 nach
1145 1885 84 61 ihr
1280 1884 201 61 zerfiel.
1539 1883 62 77 Ja
1653 1883 75 59 ich
1778 1879 209 62 verließ
2041 1878 95 60 ihn
2192 1900 68 37 so
2311 1899 146 55 ganz
2504 1898 120 37 von

381 1987 211 59 diesem
630 1983 362 62 Bewußtsein
1035 1988 447 67 eingenommen,
1522 1974 111 61 daß
1675 1974 76 61 ich
1793 1980 110 54 wie
1940 1980 76 51 im
2052 1966 218 64 Traum
2309 1968 90 61 die
2439 1968 187 61 vielen

382 2077 201 62 Stufen
600 2076 315 76 hinabging,
942 2072 89 61 die
1049 2072 75 61 ich
1143 2095 67 37 so
1229 2069 150 78 bang
1403 2077 276 67 erstiegen
1705 2065 164 61 hatte.
1897 2064 135 60 Vor
2057 2062 131 61 dem
2213 2060 209 63 kühlen
2438 2059 192 62 Palast

379 2171 91 76 lag
508 2180 132 67 jetzt
672 2167 97 61 der
804 2166 229 77 Campo
1068 2163 54 61 di
1154 2163 173 60 Fiore
1367 2171 56 51 in
1460 2161 101 62 der
1590 2157 374 79 Mittagsglut.
2004 2156 128 61 Wo
2170 2156 108 61 sich
2315 2163 159 69 träge
2510 2152 122 62 und

381 2264 115 69 lau,
528 2261 118 61 und
679 2260 135 61 doch
848 2257 305 78 nachhaltig
1183 2265 111 52 wie
1328 2264 89 53 ein
1449 2253 161 72 Lied,
1642 2253 181 61 sanfte
1848 2250 293 77 Levkojen
2173 2248 252 71 häuften,
2460 2247 171 61 nahm

381 2355 77 60 ich
499 2363 218 52 meinen
758 2351 199 70 Stand,
1004 2374 75 37 zu
1119 2347 252 80 glücklich
1418 2372 97 36 um
1564 2346 135 61 mich
1747 2369 118 38 von
1916 2344 102 61 der
2058 2342 173 63 Stelle
2279 2365 75 37 zu
2403 2340 224 62 rühren,

382 2446 198 63 Nichts
622 2468 121 37 war
781 2454 54 66 ja
875 2443 211 62 sinnlos
1127 2441 120 61 und
1286 2441 136 61 alles
1464 2440 131 78 hing
1635 2460 350 40 zusammen.

461 2538 114 61 Ein
608 2560 136 54 paar
767 2532 160 81 Tage
964 2546 188 67 später
1185 2534 116 60 traf
1327 2557 61 38 es
1422 2534 126 70 sich,
1591 2532 110 61 daß
1738 2533 77 58 ich
1850 2530 210 78 infolge
2093 2537 153 54 einer
2278 2528 354 70 Konfusion,

386 2641 54 51 in
496 2631 327 59 Duchesnes
876 2628 230 78 Wagen
1158 2651 117 37 von
1333 2636 154 52 einer
1533 2624 372 64 Gesellschaft
1961 2632 100 52 mit
2108 2623 114 61 ihm
2273 2620 356 63 zurückfuhr.

386 2722 133 61 Wir
565 2722 261 78 sprachen
884 2720 163 61 dabei
1096 2720 139 61 über
1289 2720 103 61 das
1450 2718 287 79 holperige
1785 2717 252 70 Pflaster,
2094 2716 90 61 die
2241 2713 395 64 zunehmende

386 2815 171 61 Hitze
597 2812 118 61 und
754 2812 90 61 die
884 2812 370 78 mangelhafte
1294 2812 380 76 Beleuchtung
1714 2810 101 62 des
1856 2810 332 61 nächtlichen
2227 2808 167 61 Rom,

466 2906 112 61 Als
627 2905 131 61 bald
806 2905 208 60 darauf
1051 2905 89 61 bei
1188 2905 112 61 ihm
1351 2904 175 62 selbst
1574 2914 89 51 ein
1701 2904 294 78 Empfang
2041 2900 287 71 stattfand,
2376 2900 131 61 kam
2556 2900 78 60 ich

392 2999 111 60 ihm
542 2999 137 58 nicht
722 3007 55 50 in
823 2996 89 61 die
950 2996 179 61 Nähe
1171 2998 118 59 und
1328 2998 84 61 als
1454 2998 76 61 ich
1572 2998 136 59 mich
1757 3007 59 50 in
1865 2995 101 62 der
2005 2994 183 79 Folge
2236 2993 214 62 wieder
2498 2994 134 58 nach

388 3093 148 58 Rom
574 3090 199 77 begab,
814 3090 186 60 suchte
1041 3090 75 60 ich
1158 3090 94 60 ihn
1293 3092 139 59 nicht
1472 3090 158 61 mehr
1670 3090 117 61 auf.

467 3183 112 60 Die
611 3181 158 78 Jahre
801 3183 349 70 verstrichen,
1185 3182 149 62 ohne
1367 3183 111 61 daß
1511 3184 75 60 ich
1621 3183 94 61 ihn
1740 3181 336 62 wiedersah.
2110 3181 144 61 Von
2281 3179 130 63 dem
2444 3202 190 40 neuen

391 3275 155 60 Kurs
602 3273 334 78 begünstigt,
992 3273 152 62 hatte
1192 3275 344 62 einstweilen
1595 3285 54 50 in
1708 3273 110 62 den
1875 3273 299 61 klerikalen
2222 3271 250 62 Blättern
2531 3272 101 61 des

395 3367 199 61 halben
633 3367 340 61 Kontinents
1022 3377 124 65 jene
1193 3367 295 62 berühmte
1536 3367 287 78 Hetzjagd
1873 3367 109 60 auf
2023 3366 93 61 ihn
2166 3375 328 68 eingesetzt,
2542 3366 93 61 bei

393 3459 230 62 welcher
670 3483 60 38 er
785 3460 138 58 nicht
970 3460 194 61 besser
1220 3461 83 60 als
1361 3470 89 51 ein
1500 3461 213 61 Ketzer
1761 3459 305 62 behandelt
2113 3459 119 61 und
2282 3468 185 52 seiner
2514 3459 122 61 Er*

393 3574 263 55 nennung
694 3574 132 38 zum
857 3551 262 78 Mitglied
1152 3553 99 61 der
1284 3554 410 61 französischen
1726 3553 325 61 Akademie
2090 3560 99 52 mit
2220 3551 193 78 täglich
2446 3576 189 38 neuen

393 3643 247 62 Insulten
696 3659 518 63 entgegengetreten
1270 3644 216 62 wurde.
1552 3645 115 60 Ein
1714 3645 169 69 Buch,
1940 3644 103 61 das
2103 3661 164 44 unter
2314 3644 123 61 Leo
2479 3644 150 61 XIII,

398 3737 262 61 niemand
699 3761 74 37 zu
820 3747 174 67 rügen
1033 3753 207 61 wagte,
1289 3737 167 61 stand
1503 3737 251 79 plötzlich
1804 3737 108 61 auf
1954 3737 130 61 dem
2124 3737 195 71 Index,
2370 3737 118 61 und
2537 3738 101 61 der

398 3830 348 78 Augenblick
787 3831 178 61 schien
1006 3831 205 61 endlich
1260 3830 353 78 gekommen,
1661 3854 96 38 wo
1801 3854 78 48 er,
1929 3830 100 62 der
2079 3832 557 79 ungerechtfertigten

400 3925 260 76 Angriffe
699 3925 188 71 müde,
928 3924 165 62 durch
1135 3934 160 52 einen
1336 3925 225 61 offenen
1601 3925 175 61 Bruch
1820 3940 312 61 entgegnen
2174 3925 218 63 würde.
2436 3926 202 62 Wenn
