3265 4572
1081 447 185 51 Roßert
1289 447 193 57 Wafser,
1519 449 183 51 Sießen
1735 451 174 50 Stücße

2520 458 92 48 559

381 654 369 66 freundlichen
800 650 393 62 Gottesdienst
1239 654 607 62 Zusammenkommen,
1899 656 165 60 Audi
2116 656 74 60 idi
2241 680 122 37 war
2411 660 200 60 einmal

380 762 52 52 in
466 750 98 60 der
590 745 459 76 Versammlung,
1079 744 113 61 Ein
1226 745 277 80 drolliges,
1529 766 282 44 munteres
1839 749 493 71 Dienstmädchen,
2366 750 129 63 dem
2538 754 73 60 ich

377 861 100 62 gut
516 865 140 47 war,
690 839 149 61 hatte
879 839 132 61 mich
1054 839 346 76 eingeladen,
1433 843 452 71 mitzukommen,
1922 843 117 62 und
2072 844 75 61 ich
2181 846 234 61 bereute
2455 848 158 69 nicht,

381 936 108 61 daß
538 934 74 60 ich
662 941 99 52 mit
808 931 84 61 ihr
939 954 288 55 gegangen
1284 956 136 39 war.
1466 934 258 64 Ehrbare
1772 937 231 77 Bürger,
2054 937 90 61 die
2200 937 160 62 mehr
2399 962 73 37 an
2524 938 90 63 die

379 1028 214 63 Hoheit
626 1026 99 61 des
755 1025 217 62 Geldes
1007 1026 83 60 als
1117 1049 71 37 an
1214 1025 91 62 die
1330 1026 216 62 Hoheit
1579 1028 115 61 und
1717 1030 362 62 Herrlichkeit
2106 1030 206 63 Gottes
2347 1031 263 79 glauben,

379 1124 218 75 hängen
647 1119 109 61 den
799 1141 211 47 armen,
1053 1119 281 62 schlichten
1373 1121 236 70 Leuten,
1651 1121 89 62 die
1781 1133 53 50 in
1876 1124 89 61 die
2006 1124 402 62 bescheidenen
2449 1125 121 61 Ver-

381 1214 385 76 sammlungen
792 1211 199 78 gehen,
1025 1235 134 55 gern
1186 1213 191 62 diesen
1410 1214 138 62 oder
1588 1225 160 66 jenen
1782 1218 365 77 Spottnamen
2190 1243 91 46 an,
2317 1219 118 61 und
2474 1243 136 37 ver*

379 1309 200 61 suchen
629 1305 272 61 lächerlich
950 1328 74 37 zu
1073 1305 246 71 machen,
1367 1331 122 37 was
1532 1308 107 60 den
1694 1309 296 78 gläubigen
2041 1312 117 59 und
2208 1312 397 77 unschuldigen

383 1402 199 62 Seelen
624 1398 161 77 heilig
827 1408 84 51 ist.
948 1398 166 61 Auch
1156 1401 74 58 ich
1273 1399 120 61 also
1434 1409 127 69 ging
1602 1412 151 51 eines
1786 1403 263 71 Abends,
2083 1404 74 61 da
2196 1406 168 59 schon
2402 1415 54 50 in
2500 1406 109 61 den

381 1495 242 62 dunklen
642 1492 238 64 Straßen
907 1492 90 61 die
1021 1493 210 61 Lichter
1256 1495 289 69 brannten,
1570 1520 72 37 zu
1669 1496 107 61 den
1802 1497 252 61 Kindern
2081 1507 52 51 in
2159 1498 89 61 die
2266 1500 344 59 Versamm*

380 1589 147 76 lung.
563 1587 81 60 Ich
677 1586 112 60 will
821 1608 136 54 gern
991 1585 89 62 die
1112 1586 198 71 Leute,
1344 1587 89 61 die
1465 1590 134 58 noch
1634 1613 71 36 an
1739 1599 159 52 einen
1927 1590 142 61 Gott
2101 1591 260 78 glauben,
2388 1592 220 61 Kinder

380 1703 235 38 nennen.
659 1679 218 59 Kinder
917 1677 125 61 sind
1081 1688 260 52 mitunter
1381 1683 339 74 geistreicher
1761 1683 81 59 als
1884 1683 87 60 die
2012 1683 439 72 Erwachsenen,
2488 1684 118 62 und

381 1774 90 61 die
496 1771 304 79 Unklugen
842 1771 125 63 sind
1007 1782 262 52 mitunter
1308 1773 191 78 klüger
1538 1774 80 62 als
1661 1775 89 61 die
1790 1775 240 78 Klugen,
2069 1776 257 73 Gewiß!,
2369 1802 61 37 es
2473 1778 130 61 kam

380 1867 133 61 auch
554 1867 133 59 mich
731 1874 87 52 ein
859 1865 220 78 Anflug
1119 1868 325 76 spöttischen
1485 1868 262 61 Lächelns
1788 1893 92 46 an,
1921 1869 81 62 als
2044 1872 73 58 ich
2161 1879 200 52 eintrat
2402 1881 54 50 in
2501 1870 103 63 das

379 1958 225 62 kindlich
615 1992 30 19 *
657 1959 236 61 fromme
940 1959 198 70 Lokal,
1181 1959 204 61 dessen
1433 1959 232 63 Wände
1721 1963 145 61 weiß
1913 1986 190 38 waren
2161 1973 110 52 wie
2322 1964 90 60 die
2460 1975 116 49 zier-

380 2052 138 70 lose,
551 2051 373 62 schmucklose
957 2051 292 62 Unschuld
1289 2052 195 61 selber.
1520 2053 81 60 Ich
1641 2071 175 45 setzte
1860 2057 130 59 mich
2023 2056 190 76 jedoch
2248 2056 104 61 still
2394 2056 212 71 nieder,

381 2146 116 61 und
545 2145 217 61 alsbald
811 2146 180 78 fingen
1040 2145 91 63 die
1169 2146 199 70 Leute,
1419 2147 246 61 Männer
1712 2157 108 53 wie
1867 2150 248 70 Frauen,
2166 2173 72 37 an
2286 2174 75 36 zu
2411 2159 194 68 singen

383 2248 106 52 wie
515 2263 105 37 aus
645 2248 181 52 einem
860 2248 252 68 einzigen
1146 2239 372 79 frohmütigen
1551 2241 225 60 Munde
1800 2265 129 37 zum
1962 2241 159 61 Lohe
2157 2243 222 61 Gottes-
2417 2243 187 77 Engel

383 2333 248 59 schienen
658 2357 74 37 zu
767 2342 212 67 singen,
1007 2333 139 59 nicht
1178 2333 260 70 schlichte,
1465 2333 254 62 schlechte
1744 2334 323 61 Menschen,
2096 2335 142 60 Von
2269 2334 127 62 dem
2422 2337 182 59 süßen

381 2434 223 69 jungen,
637 2425 320 61 blühenden
992 2425 269 63 Glauben
1293 2443 282 61 getragen,
1609 2427 164 61 hallte
1808 2428 96 60 der
1938 2427 254 78 Gesang,
2218 2429 166 78 gleich
2420 2438 183 51 einem

384 2518 180 61 feinen
591 2519 162 70 Duft,
780 2518 99 62 der
920 2519 89 61 die
1043 2519 353 78 Eigenschaft
1437 2519 111 72 hat,
1583 2545 72 37 zu
1696 2530 188 61 tönen,
1912 2521 90 59 hin
2037 2522 116 60 und
2186 2521 98 61 her
2326 2522 117 60 und
2468 2545 136 37 ver*

383 2610 165 62 hallte
579 2635 72 37 an
677 2611 109 61 den
819 2611 291 62 Wänden,
1155 2613 82 60 Ich
1270 2613 223 61 schaute
1517 2622 97 51 mit
1645 2615 446 76 eigentümlichen
2124 2613 479 79 Empfindungen,

383 2728 143 53 ganz
550 2705 309 62 bezaubert
889 2729 116 37 von
1032 2706 109 61 den
1173 2702 223 75 Tönen,
1429 2732 102 36 zur
1566 2707 187 60 Decke
1795 2706 98 62 des
1927 2707 195 61 Saales
2149 2707 214 72 hinauf,
2396 2707 205 61 welche

374 2798 130 61 blau
541 2823 135 47 war,
710 2810 111 51 wie
863 2810 87 51 ein
985 2800 195 61 milder
1200 2800 416 61 träumerischer
1642 2799 259 61 Himmel,
1931 2799 208 61 Weiße
2166 2799 205 62 Sterne
2404 2824 195 37 waren

375 2899 52 52 in
469 2892 105 61 den
626 2893 315 62 hellblauen
986 2893 211 63 Grund
1245 2893 510 77 hineingezeichnet,
1799 2893 116 60 und
1962 2892 88 61 die
2092 2892 201 62 Sterne
2343 2894 254 60 schienen

374 3006 72 38 zu
487 2984 203 64 lächeln
748 3011 136 37 vom
940 2987 285 77 göttlichen
1273 2986 245 60 Himmel
1567 2986 164 60 hinab
1772 2986 107 59 auf
1912 2984 89 61 die
2041 2984 358 76 jubilierende

374 3080 329 77 Sammlung.
747 3081 150 61 Eine
938 3081 208 61 heitere
1179 3081 164 59 Kraft
1382 3080 90 77 lag
1513 3088 52 51 in
1606 3078 127 61 dem
1767 3078 254 78 Gesang,
2063 3078 117 60 und
2220 3078 99 61 der
2361 3078 240 78 Gesang

371 3171 180 61 selber
606 3196 122 37 war
784 3181 89 52 ein
931 3172 394 71 sonderbares,
1382 3172 235 71 leichtes,
1682 3171 169 61 liebes
1908 3171 241 70 Wesen,
2206 3171 238 61 welches
2501 3172 109 60 auf

365 3265 404 77 geistergleiche
809 3266 206 62 Weise
1056 3266 162 62 lebte.
1264 3266 131 70 Die,
1438 3265 90 61 die
1567 3287 230 55 sangen,
1841 3265 248 60 schienen
2131 3265 105 60 sich
2285 3288 74 35 zu
2403 3264 197 61 freuen

365 3356 138 63 über
543 3359 109 61 den
695 3359 259 79 Gesang,
1009 3360 136 61 doch
1189 3361 251 60 schienen
1481 3368 81 52 sie
1604 3360 137 59 nicht
1782 3383 74 36 zu
1898 3358 200 69 ahnen,
2148 3367 108 52 wie
2303 3358 90 61 die
2432 3354 169 65 Töne

365 3452 104 58 sich
517 3474 116 39 von
682 3453 167 62 ihnen
898 3454 306 61 sonderten
1253 3453 118 61 und
1424 3453 83 61 ihr
1557 3462 223 67 eigenes
1821 3450 190 61 Lehen
2060 3459 54 52 in
2164 3450 99 61 der
2317 3450 133 61 Luft
2500 3452 100 61 des

369 3542 195 63 Saales
606 3546 199 62 lebten.
850 3547 88 61 Es
979 3547 185 79 klang,
1204 3547 83 61 als
1329 3546 191 62 werde
1562 3568 60 39 es
1663 3546 247 77 geboren
1952 3543 117 61 und
2109 3543 124 61 lebe
2270 3552 126 52 eine
2429 3543 175 62 kurze

369 3634 190 64 Weile
601 3638 116 61 und
750 3650 194 52 müsse
977 3640 237 62 alsdann
1249 3641 240 61 sterben.
1532 3638 165 61 Aber
1730 3661 58 37 es
1824 3638 108 77 fing
1964 3660 115 37 von
2112 3636 237 61 Neuem
2385 3637 214 61 wieder

366 3750 72 37 an
494 3753 74 38 zu
624 3739 173 53 tönen
856 3732 118 61 und
990 3734 26 68 f
1034 3734 105 59 sich
1199 3756 92 37 am
1348 3731 519 64 sterblich-schönen
1918 3730 218 58 Dasein
2194 3753 73 36 zu
2317 3728 280 64 erfreuen.

365 3819 185 80 Ruhig
606 3824 117 59 und
779 3825 264 61 liebevoll
1101 3826 286 78 glitzerten
1446 3824 118 61 und
1618 3822 377 61 schimmerten
2065 3821 89 61 die
2208 3821 393 78 goldenhellen

366 3910 409 67 Kerzenlichter
800 3918 168 61 hinab
1002 3928 54 52 in
1079 3919 102 62 das
1208 3919 227 78 Singen,
1471 3918 104 61 das
1604 3927 178 52 einem
1808 3915 246 61 Himmel
2079 3915 131 79 glich
2246 3939 72 37 an
2343 3916 261 61 Keusch*
