3258 4572
1072 467 57 50 R.
1160 468 243 56 Gournai
1440 469 116 51 Der
1581 470 244 54 Deutsche
1854 474 186 50 Kaiser

2577 483 92 50 579

2236 2229 71 62 R.
2352 2230 294 63 Gournai

438 674 326 67 Menschen,
806 670 90 61 die
938 668 484 63 Unkenntlichkeit
1463 671 98 64 der
1602 674 261 63 höchsten
1889 676 173 64 Stehe
2104 679 173 61 findet
2315 681 105 60 sich
2462 684 207 61 wieder

438 779 53 51 in
541 767 98 59 der
686 763 392 77 lethargischen
1127 762 258 78 Haltung
1434 764 97 62 der
1580 769 400 62 sozialisierten
2022 772 262 71 Massen,
2334 772 206 63 welche
2580 800 89 36 am

437 859 233 64 Mensch
713 855 336 79 gründlichst
1079 855 456 79 vorheizugehen
1568 863 206 75 gewillt
1806 864 127 61 sind
1973 864 117 63 und
2124 864 176 63 damit
2333 866 90 62 die
2448 867 221 63 Kosten

437 962 181 54 seiner
666 948 399 78 ungeheueren
1124 949 487 80 Hervortreihung
1661 953 287 65 bezahlen.
2016 958 144 61 Hier
2210 981 298 56 versagen,
2564 985 105 38 aus

437 1056 149 52 einer
640 1041 326 65 Ökonomie
1025 1041 99 62 der
1172 1042 241 62 Nerven
1473 1046 114 60 und
1643 1047 164 62 durch
1864 1051 89 61 die
2003 1051 461 80 Unergiebigkeit
2519 1064 150 53 einer

438 1162 134 36 vom
630 1135 148 61 alten
826 1134 190 61 Ruhm
1074 1134 274 63 lebenden
1398 1141 443 73 egozentrischen
1888 1143 258 78 Bildung,
2196 1145 106 62 alle
2358 1155 311 62 intuitiven,

438 1231 105 61 den
569 1229 308 61 Menschen
913 1228 174 61 selbst
1111 1230 425 62 anschauenden
1563 1233 212 63 Kräfte,
1811 1236 113 61 Die
1948 1236 213 73 Politik,
2196 1263 167 38 wenn
2390 1249 104 52 wir
2527 1243 141 60 nicht

434 1347 144 55 ganz
619 1322 247 59 Unrecht
908 1322 203 69 haben,
1161 1323 133 60 muß
1343 1332 54 52 in
1448 1324 209 62 diesem
1696 1328 160 62 Land
1905 1329 169 62 heute
2122 1332 114 61 leer
2277 1333 288 77 ausgehen
2610 1344 53 53 in

435 1414 141 63 allen
619 1413 154 62 ihren
815 1413 387 61 wesentlichen
1244 1409 215 78 Teilen,
1502 1418 116 61 und
1657 1443 105 37 nur
1803 1421 108 71 die,
1950 1423 205 61 welche
2196 1427 134 58 noch
2375 1426 90 61 die
2504 1443 158 45 toten

434 1510 246 59 Formen
730 1507 99 61 der
877 1507 211 77 großen
1140 1507 328 62 kulturellen
1517 1511 238 80 Erfolge
1802 1513 240 64 hundert
2088 1517 161 78 Jahre
2296 1521 204 58 zurück
2556 1520 104 61 be*

434 1611 193 60 sitzen,
678 1600 117 61 und
843 1600 90 62 die
983 1600 423 78 disziplinarisch
1450 1602 304 65 Geaichten
1802 1607 180 64 haben
2032 1610 90 61 die
2163 1610 497 81 Selbsttäuschung

435 1694 137 61 oder
614 1692 108 61 den
764 1692 156 72 Mut,
962 1717 182 53 ganze
1183 1694 197 61 Politik
1412 1719 74 37 zu
1528 1699 237 61 machen.

510 1786 164 60 Aber
713 1797 126 66 jene
881 1786 264 79 doppelte
1180 1788 477 63 Unkenntlichkeit
1698 1791 96 63 des
1829 1793 306 63 Menschen
2169 1804 70 52 ist
2270 1797 265 62 vielleicht
2568 1808 87 52 ein

433 1879 253 61 besseres
730 1879 321 79 Symptom,
1093 1880 109 61 daß
1246 1905 105 38 uns
1393 1880 99 63 der
1531 1882 257 64 absolute
1829 1885 233 63 Mensch
2112 1889 137 60 nicht
2297 1889 156 62 mehr
2493 1891 164 77 lange

433 1971 353 78 nachhängen
826 1972 162 71 wird,
1031 1982 88 51 ein
1161 1972 256 62 besseres
1451 1973 298 81 Symptom
1789 1978 81 61 als
1911 1979 133 61 aller
2076 1981 304 71 Reichtum,
2423 1982 234 62 welcher

432 2063 97 62 der
570 2061 171 66 Trost
782 2075 152 52 einer
974 2067 354 61 wesenlosen
1370 2067 194 62 Politik
1602 2071 304 76 geworden
1947 2081 83 53 ist.
