3136 4572
1085 381 204 50 Gustav
1320 380 250 61 Meyrink,
1604 380 119 51 Der
1753 381 179 50 GoCem

2529 382 90 48 633

388 612 115 37 von

388 682 109 59 den
538 680 241 61 Worten
823 678 124 61 auf:
994 678 118 59 »Ich
1152 678 134 61 sehe
1324 688 72 66 ja,
1439 679 108 61 daß
1589 703 59 37 es
1691 679 117 60 hier
1848 678 297 77 anständig
2185 677 260 77 zugeht,«

467 776 127 58 Das
634 774 183 76 bringt
839 772 195 62 Leben
1069 781 54 50 in
1157 772 110 61 den
1292 773 636 77 Dragonerrittmeister:
1971 795 60 39 er
2064 772 92 61 eilt
2180 781 54 50 in
2261 770 109 63 den
2396 770 230 61 Hinter*

389 868 182 79 grund
619 866 105 62 auf
769 867 109 61 den
920 866 330 61 Damenhut
1298 875 98 52 mit
1444 867 98 60 der
1590 867 437 61 Straußenfeder
2074 890 74 37 zu
2196 866 118 61 und
2363 882 143 45 zerrt
2553 875 73 50 im

389 962 259 60 nächsten
691 958 352 78 Augenblick
1084 975 161 44 unter
1284 958 129 61 dem
1452 958 152 78 Jubel
1645 960 98 59 der
1780 969 207 68 jungen
2029 958 249 78 Adligen

390 1055 215 61 Rosina
647 1078 93 37 am
780 1054 151 59 Arm
972 1051 260 62 herunter
1272 1061 53 51 in
1371 1052 108 61 den
1521 1052 149 61 Saal.

469 1149 95 61 Sie
620 1146 282 64 schwankt
958 1171 105 36 vor
1110 1143 381 64 Trunkenheit
1538 1146 117 61 und
1704 1146 114 61 hält
1865 1148 89 61 die
2002 1148 212 76 Augen
2264 1146 360 78 geschlossen.

392 1243 122 60 Der
561 1243 174 76 große
784 1239 262 62 kostbare
1085 1239 126 61 Hut
1258 1248 125 53 sitzt
1430 1239 84 61 ihr
1560 1240 169 61 schief
1770 1240 116 60 und
1935 1248 78 53 sie
2064 1240 95 60 hat
2206 1240 168 61 nichts
2424 1263 72 37 an
2547 1239 81 61 als

393 1338 162 76 lange
615 1360 133 37 rosa
804 1334 289 78 Strümpfe
1149 1334 118 61 und
1455 1343 158 52 einen
1654 1334 368 63 Herrenfrack
2081 1334 101 61 auf
2232 1334 128 61 dem
2424 1333 202 61 bloßen

389 1431 240 77 Körper.

469 1525 114 58 Ein
634 1522 263 61 Zeichen:
948 1522 113 61 Die
1109 1521 196 62 Musik
1354 1521 115 61 fällt
1517 1530 86 52 ein
1653 1530 108 52 wie
1809 1521 202 61 rasend

398 1618 210 59 »Rititit
762 1616 211 60 Rititit«

393 1710 118 61 und
550 1712 322 59 schwemmt
905 1709 108 61 den
1048 1708 338 77 gurgelnden
1413 1708 180 61 Schrei
1625 1708 127 71 fort,
1795 1708 108 61 den
1937 1708 98 61 der
2065 1706 376 63 taubstumme
2466 1708 161 76 Jaro*

392 1814 104 51 mir
538 1830 72 35 an
652 1806 99 59 der
790 1803 204 62 Wand
1034 1803 214 60 drüben
1289 1802 370 77 ausgestoßen
1701 1802 110 61 hat,

469 1898 123 61 Wir
624 1897 204 61 wollen
868 1896 193 77 gehen.

472 1992 223 62 Zwakh
729 1991 110 61 ruft
869 1990 135 62 nach
1046 1991 97 60 der
1175 1988 297 61 Kellnerin,

472 2089 122 59 Der
628 2086 325 78 allgemeine
992 2085 174 61 Lärm
1207 2084 321 76 verschlingt
1566 2091 151 51 seine
1756 2082 222 61 Worte,

472 2181 113 60 Die
624 2180 221 61 Szenen
886 2202 108 38 vor
1033 2187 103 50 mir
1175 2178 226 59 werden
1442 2174 366 79 phantastisch
1848 2184 107 52 wie
1997 2183 86 52 ein
2125 2174 427 77 Opiumrausch,

472 2275 122 61 Der
632 2275 334 59 Rittmeister
1005 2270 117 61 hält
1161 2272 89 59 die
1291 2269 319 62 halbnackte
1634 2269 210 61 Rosina
1885 2277 73 52 im
1982 2268 148 60 Arm
2172 2267 117 61 und
2328 2267 159 61 dreht
2519 2267 104 59 sich

393 2371 251 75 langsam
686 2376 98 51 mit
823 2367 84 60 ihr
945 2373 75 54 im
1060 2359 165 66 Takt.

474 2465 112 58 Die
625 2462 220 76 Menge
884 2460 97 62 hat
1020 2458 334 79 respektvoll
1394 2457 155 61 Platz
1587 2456 259 79 gemacht.

472 2557 176 60 Dann
690 2554 258 61 murmelt
989 2576 59 39 es
1090 2575 117 38 von
1249 2551 108 60 den
1396 2550 249 61 Bänken;
1691 2548 155 60 »Der
1884 2546 350 71 Loisitschek,
2276 2547 99 60 der
2413 2546 213 60 Loisit*

395 2650 214 71 schek«,
660 2649 88 61 die
788 2648 180 61 Hälse
1009 2646 228 61 werden
1278 2646 128 76 lang
1447 2644 117 61 und
1602 2667 71 36 zu
1714 2644 127 58 dem
1889 2641 311 61 tanzenden
2242 2641 146 60 Paar
2436 2640 191 77 gesellt

394 2745 107 61 sich
543 2753 87 51 ein
672 2750 229 52 zweites
944 2740 138 61 noch
1123 2740 365 60 seltsameres.
1538 2736 115 60 Ein
1693 2734 239 61 weiblich
1975 2733 375 62 aussehender
2388 2733 238 59 Bursche

394 2848 57 52 in
493 2862 132 37 rosa
665 2833 245 74 Trikots,
961 2843 99 52 mit
1108 2834 218 76 langem
1372 2830 263 63 blondem
1682 2830 162 60 Haar
1898 2829 82 60 bis
2036 2851 73 37 zu
2165 2828 106 60 den
2322 2825 304 73 Schultern,

393 2933 220 78 Lippen
670 2929 118 63 und
834 2928 273 78 Wangen
1162 2924 331 80 geschminkt
1538 2932 108 52 wie
1704 2931 119 52 eine
1871 2922 177 60 Dirne
2104 2921 115 59 und
2276 2919 88 60 die
2411 2919 215 77 Augen

397 3023 513 79 niedergeschlagen
967 3031 55 51 in
1079 3020 242 62 koketter
1368 3017 384 76 Verwirrung,
1909 3015 170 76 hängt
2125 3012 377 61 schmachtend
2552 3035 71 37 an

395 3120 101 61 der
535 3120 166 60 Brust
742 3117 99 60 des
882 3116 241 60 Fürsten
1165 3111 361 64 Athenstädt,

475 3213 116 61 Ein
633 3210 263 62 süßlicher
936 3209 238 62 Walzer
1213 3205 151 79 quillt
1405 3228 102 37 aus
1549 3204 96 59 der
1684 3201 196 61 Harfe,

475 3305 223 61 Wilder
737 3303 146 62 Ekel
933 3327 106 37 vor
1088 3304 127 59 dem
1262 3299 193 62 Leben
1504 3297 215 62 schnürt
1766 3304 101 52 mir
1916 3294 86 60 die
2050 3291 181 61 Kehle
2279 3313 343 38 zusammen.

474 3401 165 59 Mein
680 3398 145 61 Blick
865 3397 153 61 sucht
1058 3394 113 64 voll
1213 3394 191 77 Angst
1444 3392 88 59 die
1571 3387 174 63 Türe:
1786 3388 98 61 der
1923 3387 351 61 Kommissär
2313 3383 146 61 steht
2499 3383 128 61 dort

398 3493 385 79 abgewendet,
817 3516 98 37 um
940 3491 167 61 nichts
1132 3515 72 37 zu
1229 3490 187 68 sehen,
1451 3484 115 63 und
1598 3484 207 60 flüstert
1837 3483 179 75 hastig
2040 3488 97 52 mit
2168 3479 126 60 dem
2319 3477 308 61 Kriminal*

397 3587 378 69 Schutzmann,
818 3585 99 61 der
958 3604 175 42 etwas
1175 3580 271 63 einsteckt.
1599 3577 85 61 Es
1725 3576 146 60 klirrt
1909 3582 107 52 wie
2049 3570 419 63 Handschellen.

475 3681 113 60 Die
643 3679 201 61 beiden
901 3679 213 77 spähen
1164 3675 233 62 herüber
1447 3671 104 62 auf
1599 3671 108 60 den
1763 3667 452 77 blatternarbigen
2280 3664 193 71 Loisa,
2530 3662 98 61 der

398 3782 161 52 einen
600 3771 349 79 Augenblick
991 3773 104 59 sich
1137 3794 72 37 zu
1249 3768 314 61 verstecken
1606 3763 151 62 sucht
1796 3761 117 61 und
1954 3760 148 60 dann
2143 3758 241 77 gelähmt
2526 3756 102 60 das

402 3865 227 62 Gesicht
668 3865 270 62 kalkweiß
981 3864 118 62 und
1138 3877 243 48 verzerrt
1419 3882 107 39 vor
1564 3858 308 61 Entsetzen
2031 3852 192 62 stehen
2262 3850 184 61 bleibt.
