2954 4290
127 96 55 44 26

127 187 101 52 into
267 179 98 57 and
404 178 151 56 about
594 175 207 63 Dutton,
841 170 207 72 hopped
1093 169 122 57 with
1258 189 161 33 amaze-

126 267 135 43 ment
298 250 97 56 and
435 247 207 75 grieved
680 262 100 43 too,
821 267 54 33 as
903 243 242 73 Taglioni
1170 253 127 43 must
1323 239 128 55 have

131 324 220 62 orieved,
390 322 97 57 like
526 337 106 38 true
671 322 224 52 dancers.

238 399 142 53 Over
417 396 140 54 these
596 393 83 54 the
713 390 110 56 Old
867 389 213 54 Widow
1118 404 51 38 ot
1207 382 248 59 'Windsor

130 496 103 31 was
271 468 132 57 fated
461 482 50 39 to
566 465 120 62 rule,
726 463 99 55 and
884 459 226 58 Edward
1168 460 133 53 Lear
1349 479 117 34 was.

130 560 48 38 to
216 539 249 59 chronicle
502 537 92 56 this
633 536 140 56 small
811 536 138 54 beer.

240 615 87 53 He
367 612 164 70 began
568 624 51 39 to
675 609 67 54 do
798 607 93 55 this
929 607 51 52 in
1027 605 152 63 1832,
1218 601 83 56 the
1339 624 117 48 year

133 689 100 54 that
289 683 198 58 Walter
549 683 142 54 Scott
754 680 99 54 and
917 677 201 56 Goethe
1175 675 121 55 died
1353 675 99 54 and

131 760 210 54 Bombet
366 753 257 63 vanished,
646 753 99 55 and
770 752 64 55 he
860 751 118 70 kept
1004 765 48 39 at
1076 752 37 52 it
1138 748 121 56 until
1295 748 157 62 1836;

134 837 35 50 it
187 855 104 32 was
317 854 29 30 a
366 830 197 69 gloomy
583 826 121 70 duty
729 824 65 55 he
820 822 283 72 performed
1123 836 48 41 at
1190 821 148 54 home
1364 819 88 65 till,

131 906 178 68 having
338 916 80 57 got
444 916 48 39 to
519 901 82 52 the
629 898 98 55 end
747 897 51 54 of
817 897 93 54 this
931 894 311 56 nonsensical
1263 894 165 54 chroni-

131 978 78 53 cle
235 977 50 53 of
314 973 207 72 English
548 974 156 60 cities,
732 972 63 53 he
822 969 175 55 turned
1024 983 50 40 to
1099 969 189 69 foreign
1314 990 138 31 ones.

239 1048 150 55 Then
451 1048 63 51 he
577 1042 272 71 perceived
912 1042 103 53 that
1076 1043 50 52 in
1183 1039 84 53 the
1317 1038 140 54 other

130 1120 199 63 islands,
370 1124 51 48 in
459 1117 174 63 Corfu,
672 1118 50 52 in
760 1114 230 64 Rhodes,
1042 1115 49 52 in
1129 1113 237 68 Jamaica,
1405 1113 51 52 in

133 1193 246 70 Majorca,
422 1191 83 54 the
544 1189 184 70 people
766 1188 137 54 there
942 1209 135 32 were
1117 1185 85 55 old
1231 1207 221 47 persons,

133 1265 86 55 old
256 1287 129 39 men,
425 1284 163 50 young
628 1283 218 47 persons,
889 1259 101 54 and
1028 1258 65 54 all
1132 1280 52 32 as
1236 1256 109 69 silly
1403 1278 53 32 as

133 1341 50 52 in
240 1335 254 74 England;
554 1357 128 31 even
738 1336 51 51 in
844 1330 283 71 peninsulas
1184 1330 65 53 he
1300 1327 155 56 found

131 1412 134 54 them
286 1434 12 37 ;
340 1406 266 73 perceived
647 1406 100 55 that
784 1407 51 52 in
882 1404 213 69 Apulia,
1123 1405 51 52 in
1202 1404 174 68 Spain,
1405 1404 51 52 in

135 1482 263 56 Moldavia
423 1481 63 53 he
526 1479 153 55 found
719 1479 93 53 this
850 1477 118 55 held
997 1476 152 72 good,
1184 1475 99 54 and
1311 1498 55 31 so
1391 1475 64 53 he

131 1553 240 56 ventured
406 1567 49 40 to
494 1553 205 68 enquire
737 1553 102 51 into
878 1550 84 54 the
1001 1548 94 55 still
1135 1548 181 55 further
1356 1546 97 56 and

131 1627 148 56 much
317 1626 156 70 larger
512 1626 184 67 places,
727 1623 99 55 and
851 1621 155 56 found
1039 1622 102 53 that
1178 1623 51 52 in
1255 1621 198 61 Russia,

133 1698 320 60 Kamslcatka,
494 1696 246 62 Calcutta,
801 1696 144 61 Peru,
1009 1693 297 55 civilization
1354 1691 101 55 had

134 1771 214 55 reached
369 1771 81 53 the
472 1792 133 31 same
633 1771 137 67 point
794 1767 51 53 of
867 1766 243 55 excellent
1136 1766 321 68 excentricity

135 1843 163 56 which
336 1866 103 32 was
477 1842 115 53 then
630 1865 55 30 so
723 1839 169 71 highly
929 1838 180 56 valued
1147 1840 51 53 in
1235 1838 220 68 Europe.

244 1915 263 69 Everyone
534 1937 104 32 was
676 1913 155 54 heard
856 1914 169 70 saying
1121 1912 125 62 Yes,
1276 1910 181 55 there's

138 2012 62 32 no
261 2011 245 31 nonsense
563 1987 152 54 about
982 2008 64 31 no
1109 1998 173 41 matter
1343 1983 115 56 who

135 2064 36 52 it
206 2083 122 33 was.
403 2059 128 55 And
573 2058 226 56 Edward
827 2073 80 39 too
917 2058 185 69 —they
1128 2079 136 32 were
1292 2055 139 72 bring-

136 2138 83 66 ing
257 2133 100 53 him
395 2155 83 46 up.

242 2205 185 70 Young
469 2202 102 55 Mr.
614 2204 129 53 Lear
779 2225 104 32 was
910 2216 86 55 put
1023 2200 336 71 immediately
1396 2224 65 32 on

136 2277 84 54 the
257 2276 126 70 right
420 2276 118 70 path
566 2298 11 38 ;
618 2275 63 54 he
719 2298 104 31 was
863 2276 146 70 given
1030 2274 166 69 ample
1223 2287 209 55 opportu-

136 2354 101 66 nity
276 2365 47 39 to
362 2348 197 70 display
596 2347 72 55 his
707 2348 166 63 talent,
887 2379 55 5 —
952 2371 28 30 a
1018 2347 152 55 talent
1196 2361 85 40 not
1315 2348 121 68 parti-

136 2422 184 70 cularly
357 2422 207 53 obvious
577 2420 164 54 —and
779 2421 62 53 he
881 2444 104 31 was
1023 2435 75 39 set
1136 2420 82 54 the
1262 2418 106 56 task
1411 2420 52 53 of

136 2495 224 69 drawing
400 2495 82 53 the
522 2492 190 71 Family
748 2493 51 55 of
836 2493 84 55 the
959 2493 305 55 Psittacidae
1302 2495 51 52 in
1380 2491 82 54 the

140 2567 297 71 Zoological
478 2566 250 54 Gardens.

247 2639 114 54 The
402 2639 115 54 Earl
568 2638 51 55 of
665 2638 176 71 Derby
879 2638 117 55 then
1035 2635 268 72 employed
1343 2635 117 64 him,

140 2710 65 55 he
230 2735 103 31 was
374 2709 280 71 persuaded
681 2724 50 40 to
757 2710 172 69 depict
968 2710 64 54 all
1058 2710 84 55 the
1170 2709 205 56 animals
1413 2710 50 52 in

140 2784 83 53 the
262 2783 276 70 Knowsley
577 2783 312 71 Menagerie.

249 2855 144 62 And,
436 2879 51 31 as
526 2855 62 55 he
628 2856 141 54 drew
823 2855 140 55 these
1002 2854 101 70 day
1140 2855 68 69 by
1246 2854 116 70 day,
1400 2853 63 54 he

140 2929 168 54 would
350 2931 105 69 sing
493 2944 50 39 to
581 2928 194 55 himself
813 2929 51 53 of
901 2928 71 54 far
1022 2929 66 54 off
1133 2928 158 55 lands.
1371 2928 95 53 For

140 3025 135 31 some
313 3025 174 31 reason
525 3001 249 56 unknown
812 3015 49 41 to
900 3001 82 55 the
1022 3004 138 66 quite
1204 3000 171 71 placid
1400 2999 63 54 he

140 3074 200 54 wanted
379 3089 47 38 to
467 3088 81 58 get
585 3091 170 52 away;
806 3074 149 62 1834,
1002 3074 150 61 1835,
1203 3074 135 54 1836
1364 3072 99 54 and

152 3146 128 53 1837
322 3145 225 72 dragged
586 3170 88 40 on;
718 3146 226 55 Edward
1001 3145 95 56 still
1154 3149 85 52 sits
1291 3146 174 55 before

141 3217 83 55 the
263 3217 157 55 stable
458 3220 122 53 door
616 3234 49 39 at
703 3218 278 70 Knowsley
1018 3218 99 55 and
1156 3218 122 56 with
1303 3243 30 29 a
1371 3218 95 55 fine

141 3290 159 55 camel
338 3291 103 56 hair
479 3292 148 55 brush
665 3292 204 55 touches
925 3293 50 54 in
1025 3292 83 55 the
1160 3291 206 56 fetlocks
1416 3291 50 54 of

143 3362 219 71 Derby's
390 3363 221 73 charger.
674 3366 151 62 1838,
875 3364 211 63 1839,...
1124 3366 214 54 1840....
1367 3363 99 55 and

138 3433 149 57 thank
324 3436 123 55 God
486 3437 144 54 that's
668 3460 119 33 over
827 3438 242 55 ....1847.

766 3560 81 55 III.

549 3709 158 61 18
799 3711 40 59 4
933 3709 31 61 7

144 3885 320 124 WHERE
501 3874 228 55 wanders
769 3874 228 56 Edward
1037 3874 150 65 Lear,
1216 3899 56 31 so
1306 3876 164 71 lonely

341 3944 100 55 and
480 3968 54 32 so
571 3946 188 71 funny?

251 4015 227 59 Edward
517 4018 132 56 Lear
698 4022 50 53 in
802 4018 75 57 his
935 4022 294 69 spectacles,
1269 4023 51 53 in
1376 4022 94 56 this

1499 188 119 47 year
1665 165 150 64 1847,
1856 164 88 56 has
1982 162 160 57 stolen
2180 182 145 49 away
2364 159 99 56 like
2510 155 215 56 Bombet
2775 177 68 32 on

1498 239 85 55 the
1621 242 71 66 tip
1730 240 52 54 of
1819 239 74 55 his
1940 253 123 48 toes,
2115 235 124 56 from
2290 235 104 55 that
2445 233 123 53 dear
2618 226 221 57 damned

1499 311 86 56 old
1626 311 281 70 Knowsley
1950 325 51 40 to
2041 309 115 56 look
2200 323 48 40 at
2304 308 84 54 the
2446 325 227 47 scenery.
2753 301 88 55 Do

1499 400 85 40 not
1634 399 199 55 suspect
1870 407 81 31 me
1996 382 50 55 of
2098 396 173 58 stagey
2327 393 216 47 matters,
2614 376 15 53 1
2695 398 146 31 mean

1502 457 160 55 better
1716 457 118 54 than
1885 456 118 55 that.
2064 454 132 54 Lear
2253 452 88 55 felt
2389 454 37 52 it
2483 473 54 30 as
2594 447 91 57 did
2758 447 80 55 M.

1500 530 229 63 Bombet,
1768 530 103 54 that
1909 527 140 55 there
2082 526 100 56 had
2212 526 132 53 been
2370 548 29 30 a
2439 544 169 42 scene,
2637 546 29 30 a
2754 520 87 56 full

1500 619 75 39 set
1670 626 54 32 as
1762 602 79 55 it's
1885 598 184 65 called,
2130 596 188 57 behind
2377 596 83 56 the
2525 609 139 58 great
2725 616 116 32 men

1500 676 151 56 while
1691 675 118 69 they
1834 673 167 56 strode
2029 672 125 55 their
2194 671 122 54 hour
2355 692 133 47 upon
2516 670 126 53 their
2684 681 156 58 stage,

1502 748 99 56 and
1629 752 34 52 it
1688 751 40 52 is
1756 762 50 40 to
1846 761 81 57 get
1952 770 30 32 a
2010 746 209 72 glimpse
2258 743 51 56 of
2350 744 107 55 that
2481 742 103 55 that
2613 741 227 56 Edward

1504 824 130 53 Lear
1674 844 120 48 goes
1834 819 159 55 south.

1662 894 96 54 Let
1778 916 80 30 me
1886 889 173 57 search
2137 889 62 56 he
2227 912 164 33 seems
2416 902 50 41 to
2493 911 102 47 say,
2675 885 75 56 for
2777 908 64 32 no

1500 990 135 31 more
1667 988 203 47 persons
1898 967 136 52 since
2060 987 131 30 none
2210 962 436 69 remain—places
2665 982 136 33 now.

1613 1038 89 56 He
1740 1061 115 47 may
1893 1037 127 54 have
2065 1035 154 56 hated
2279 1035 82 55 the
2421 1035 264 70 Emperor,
2727 1054 116 49 may

1502 1113 128 54 have
1669 1111 107 55 said
1817 1134 55 31 so
1911 1113 50 52 in
2018 1134 28 30 a
2092 1109 172 63 letter;
2308 1109 17 55 I
2365 1109 150 55 know
2553 1109 65 55 he
2657 1106 127 55 didn
2806 1119 34 50 t,

1502 1185 99 55 and
1643 1185 162 69 Byron
1844 1207 105 31 was
1988 1205 119 32 ever
2144 1185 50 52 in
2238 1181 75 55 his
2351 1183 155 54 heart.
2606 1180 91 55 He
2736 1202 107 33 was

1500 1273 84 39 too
1623 1279 167 48 young
1828 1279 128 32 even
1985 1270 49 40 to
2062 1255 127 56 have
2215 1278 120 30 seen
2375 1277 55 31 or
2468 1254 185 54 known
2689 1252 151 64 them,

1502 1330 88 56 but
1627 1335 65 50 he
1731 1329 152 56 could
1922 1330 216 70 actually
2176 1330 128 53 have
2342 1343 103 40 met
2488 1327 105 55 that
2648 1349 161 32 nonen-

1502 1406 87 67 tity
1627 1404 231 61 Bombet,
1900 1402 73 55 for
2011 1402 134 55 Lear
2184 1425 104 32 was
2327 1401 125 55 born
2477 1404 66 52 in.
2558 1401 61 55 18
2637 1402 6 51 i
2664 1401 48 62 2,
2740 1397 101 56 and

1502 1476 149 56 when
1709 1479 49 52 in
1825 1476 121 55 183!
2013 1475 80 56 M.
2148 1475 215 54 Bombet
2419 1473 177 55 turned
2648 1473 126 55 from
2813 1495 30 32 a

1503 1548 193 55 French
1735 1548 236 70 chrysalis
2011 1551 101 52 into
2152 1571 30 31 a
2233 1547 215 72 glorious
2507 1546 235 70 Butterfly
2792 1546 52 53 of

1500 1621 168 56 which
1706 1621 116 70 only
1876 1645 99 30 one
2032 1619 230 72 example
2319 1644 106 31 was
2482 1642 119 32 ever
2638 1618 202 62 known,

1507 1694 223 56 Edward
1771 1689 132 60 Lear
1940 1694 170 55 would
2152 1693 127 55 have
2317 1693 135 55 been
2490 1696 50 52 in
2585 1693 75 53 his
2699 1694 116 52 nine-

1503 1766 167 55 teenth
1707 1790 134 47 year.
1944 1767 215 54 Bombet
2217 1766 156 71 dying
2411 1769 49 51 in
2510 1767 152 61 1842,
2712 1764 133 56 Lear

1502 1839 100 55 had
1643 1854 85 40 ten
1764 1839 169 55 whole
1971 1862 141 47 years
2157 1840 51 53 in
2264 1839 185 62 which,
2504 1838 68 71 by
2628 1838 212 63 chance,

1503 1928 48 38 to
1592 1936 143 31 come
1775 1934 165 32 across
1968 1914 100 52 him
2106 1914 50 52 in
2195 1936 138 30 some
2361 1913 112 53 cafe
2511 1934 55 31 or
2594 1934 30 32 a
2650 1912 191 54 theatre

1504 1985 98 56 and
1641 1985 261 71 exchange
1941 2011 28 29 a
2011 1984 119 56 little
2177 1988 242 68 greeting.
2526 1985 111 64 But,
2707 1985 133 55 1842

1504 2060 182 69 having
1724 2058 231 54 sounded
1994 2058 122 54 from
2143 2058 65 54 all
2247 2058 83 54 the
2375 2056 143 63 bells,
2559 2060 51 52 in
2648 2058 66 54 all
2760 2058 84 54 the

1505 2133 232 68 steeples,
1777 2131 214 55 Bombet
2027 2147 84 39 too
2149 2147 135 39 went
2322 2145 50 41 to
2410 2147 97 39 rest
2557 2130 102 56 and
2713 2131 134 55 Lear

1507 2227 122 31 soon
1667 2204 124 53 after
1829 2204 164 71 began
2032 2202 234 73 laughing
2304 2219 51 38 to
2393 2204 215 63 himself,
2648 2205 197 71 singing

1569 2276 159 56 There
1749 2295 103 36 was
1874 2301 66 30 an
1970 2276 111 56 Old
2101 2276 136 56 Man
2266 2277 111 55 who
2402 2277 137 55 Said
2559 2277 230 56 Hush....

1507 2348 217 73 keeping
1781 2351 36 52 it
1875 2373 67 44 up
1998 2350 100 54 and
2157 2350 217 72 keeping
2430 2352 36 52 it
2511 2352 168 69 going,
2722 2348 122 58 until

1507 2422 124 53 after
1688 2425 167 68 giving
1913 2445 140 32 some
2109 2422 100 55 few
2266 2422 227 73 drawing
2552 2422 189 56 lessons
2794 2437 51 42 to

1508 2496 82 53 the
1630 2517 169 50 young
1853 2495 190 68 Queen
2100 2496 250 62 Victoria,
2405 2497 66 53 off
2528 2496 63 54 he
2650 2521 86 31 ran
2793 2512 52 41 to

1646 2568 102 54 hvicl

1620 2641 89 53 On
1764 2639 110 71 July
1932 2639 123 56 25th
2105 2642 51 53 in
2223 2642 152 62 1847,
2434 2641 227 57 Edward
2713 2643 135 56 Lear

1509 2713 142 55 stood
1692 2736 66 30 on
1796 2713 83 53 the
1935 2727 138 41 coast
2128 2713 49 55 of
2218 2714 230 55 Messina
2487 2715 117 64 and,
2645 2715 202 74 looking

1509 2808 165 32 across
1714 2785 83 55 the
1837 2788 155 52 straits
2032 2799 50 41 to
2109 2785 83 56 the
2219 2789 231 67 opposite
2477 2788 160 65 shore,
2670 2789 177 64 heard,

1508 2882 55 30 or
1601 2858 134 54 liked
1782 2872 50 39 to
1889 2858 136 54 think
2082 2858 65 54 he
2203 2858 172 64 heard,
2419 2860 82 55 the
2542 2860 137 74 large
2718 2862 129 72 dogs

1509 2931 205 73 barking
1752 2933 49 52 in
1841 2930 199 73 Reggio
2079 2930 253 62 Calabria,
2360 2933 75 56 for
2474 2958 54 29 so
2575 2935 82 55 the
2694 2938 154 68 guide

1510 3004 158 53 books
1707 3003 103 54 told
1851 3003 115 62 him,
2073 3027 98 45 you
2229 3004 123 54 shall
2412 3006 120 55 hear
2587 3008 86 54 the
2713 3024 137 56 great

1513 3075 124 74 dogs
1678 3075 206 71 barking
1923 3099 165 31 across
2128 3076 84 55 the
2251 3080 173 63 straits,
2466 3079 99 54 and
2623 3104 88 32 see
2764 3083 85 55 the

1513 3149 119 69 lofty
1659 3147 370 70 cloud-topped
2058 3149 344 69 A.spromonte
2434 3152 101 55 and
2573 3154 84 56 the
2684 3155 138 68 pearl-

1512 3221 113 70 pale
1663 3221 123 55 cliffs
1825 3221 51 53 of
1914 3222 226 69 Bagnara

1622 3295 89 53 On
1748 3293 126 69 June
1909 3295 70 53 Ist
2017 3295 146 64 1927,
2195 3296 17 53 I
2241 3319 104 31 was
2373 3296 244 58 fortunate
2648 3302 204 73 enough

1512 3381 49 41 to
1601 3366 119 54 hold
1761 3366 82 54 the
1881 3366 99 54 first
2017 3367 51 55 of
2112 3367 176 55 Lear's
2388 3368 222 70 Journals
2801 3378 51 54 in

1512 3464 82 47 my
1620 3438 160 56 hands
1804 3439 101 54 and
1944 3453 50 41 to
2018 3441 65 54 be
2111 3441 208 72 reading
2345 3443 52 54 of
2421 3444 95 55 this
2546 3446 307 75 Landscape

1514 3512 233 70 painter's
1785 3511 176 55 travels
1988 3536 65 32 on
2090 3512 105 56 foot
2232 3513 209 75 through
2471 3518 250 59 Southern
2747 3524 70 56 Ca-

1516 3585 172 63 labria,
1711 3583 99 56 and
1832 3607 29 31 a
1881 3583 101 56 few
2001 3585 124 70 days
2147 3585 122 55 later
2289 3587 16 54 I
2328 3588 117 56 took
2466 3612 68 47 up
2554 3592 84 56 the
2659 3596 194 57 second

1579 3658 196 68 Journal
1874 3657 52 53 of
1961 3657 94 55 this
2095 3681 136 31 same
2276 3659 306 75 Landscape
2639 3671 209 66 painter,

1514 3730 150 57 made
1702 3729 151 56 while
1891 3729 65 56 he
1993 3731 243 56 travelled
2274 3735 51 54 in
2369 3735 246 68 Albania,
2655 3742 103 56 and
2802 3747 51 53 in

1516 3803 95 55 this
1649 3801 189 56 second
1879 3801 133 56 book
2049 3805 37 52 it
2123 3827 105 31 was
2270 3805 15 55 I
2346 3829 142 35 came
2539 3834 131 35 once
2714 3838 139 34 more

1625 3964 40 37 (I)
1688 3960 177 40 Journals
1888 3961 38 31 of
1949 3971 22 22 a
2002 3962 223 40 Landscape
2255 3965 155 33 Painter
2445 3967 36 32 in
2519 3971 187 34 Southern
2747 3977 88 33 Cala-

1516 4006 82 32 bria
1622 4010 87 33 etc.,
1733 4004 48 39 by
1808 4004 164 32 Edward
1999 4006 107 32 Lear.
2157 4008 168 32 Richard
2344 4011 146 40 Bently,
2511 4014 99 34 New
2629 4017 228 42 Burlington

1516 4052 135 33 Street,
1681 4048 197 33 Publisher
1902 4049 36 31 in
1964 4050 192 40 Ordinary
2180 4055 38 28 to
2245 4053 81 32 Her
2352 4055 176 40 Majesty.
2560 4061 92 37 1852.
