3042 4337
183 154 55 45 36

167 896 292 82 BOOK
548 889 500 84 REVIEWS.

176 1081 120 45 THE
332 1074 273 48 LETTERS
649 1073 82 43 OF
773 1067 281 47 RICHARD

178 1137 280 48 WAGNER.
520 1132 183 45 Selected
733 1129 85 44 and
834 1127 150 45 Edited
1003 1127 51 51 by

171 1201 114 49 Prof.
316 1196 185 45 Wilhelm
541 1192 210 44 Altmann.
819 1185 239 45 Translated

171 1260 52 50 by
254 1256 66 44 A/.
359 1256 64 41 M.
464 1254 201 42 Bozman.
733 1248 107 44 With
882 1248 154 41 illustra-

176 1323 97 38 tions
295 1314 84 43 and
398 1321 73 35 two
484 1309 203 53 facsimile
708 1309 144 41 letters.
917 1307 32 40 2
978 1303 52 44 Vo-

174 1379 138 41 lumes.
370 1371 36 53 J.
438 1371 67 44 M.
540 1370 110 43 Dent
683 1359 52 51 &
764 1366 116 43 Sons.
942 1363 116 43 Price

183 1434 111 57 JO/6
327 1439 65 35 net
420 1430 97 43 each
554 1430 165 41 volume.

177 1595 157 98 THE
355 1585 168 45 Fashion
544 1579 171 47 Richard
737 1578 174 53 Wagner
939 1575 122 43 lasted

292 1647 104 51 long.
458 1644 67 43 He
555 1658 80 27 was
666 1649 67 33 not
778 1637 66 42 the
896 1634 167 45 Fashion

179 1709 136 50 during
336 1705 56 42 his
412 1703 79 48 life,
514 1701 90 42 then
625 1699 50 43 he
696 1696 93 45 died
810 1695 78 43 and
905 1694 160 42 became

181 1768 64 43 the
284 1780 125 28 craze.

241 1825 31 43 It
303 1826 30 41 is
363 1821 42 43 of
434 1834 51 26 no
515 1820 235 51 importance
785 1823 40 33 at
865 1811 49 44 all
955 1809 83 44 whe-

192 1884 82 43 ther
303 1900 23 25 a
357 1891 101 43 great
479 1878 104 42 artist
597 1876 183 41 becomes
811 1871 64 43 the
898 1869 169 44 Fashion

184 1961 44 25 or
258 1952 81 37 not,
369 1938 78 44 and
477 1933 174 47 Richard
679 1933 175 52 Wagner
889 1945 80 28 was
1007 1928 40 41 in-

186 1998 203 53 dubitably
420 2015 23 25 a
463 2006 104 44 great
597 1993 131 43 artist..

245 2060 93 44 You
359 2073 87 37 may
463 2056 50 42 be
534 2052 96 44 tired
652 2067 98 26 even
771 2049 41 43 of
834 2046 155 52 hearing
1011 2044 57 43 his

188 2136 111 26 name
331 2115 132 53 today,
496 2113 70 42 but
595 2110 91 43 then
708 2109 198 42 Cimarosa
922 2119 17 25 s
959 2120 113 27 name

188 2176 124 45 bored
358 2191 78 39 you
476 2188 112 27 once.
653 2163 293 48 Monteverde's
995 2178 79 39 you

191 2235 157 45 mistake
379 2233 58 42 for
466 2232 202 50 Giuseppe
698 2227 125 42 Verdi
838 2242 17 25 s
891 2223 76 42 and
1011 2222 40 41 In-

192 2295 140 54 genieri
367 2292 68 43 has
455 2308 23 25 a
499 2305 112 26 name
630 2300 80 42 you
730 2302 73 25 can
820 2294 13 32 t
853 2297 223 40 pronounce

192 2354 28 42 if
250 2354 53 53 by
333 2351 147 43 chance
522 2363 78 40 you
641 2344 138 44 should
820 2343 100 42 have
955 2350 41 32 to
1027 2338 50 42 be

193 2410 122 46 bored
345 2410 54 54 by
429 2424 76 37 any
543 2404 94 44 such
675 2411 176 44 attempt.
893 2401 92 43 You
1016 2414 64 25 are

195 2470 124 44 bored
350 2469 163 42 because
541 2481 81 38 you
652 2478 65 26 are
747 2479 23 24 a
811 2460 122 46 bore;
1051 2466 28 31 it

195 2533 31 40 is
256 2546 51 25 no
338 2526 134 44 reader
501 2524 42 42 of
754 2518 116 44 Mask
960 2515 14 43 I
1019 2532 62 24 am

198 2587 221 51 addressing
449 2601 41 25 as
520 2591 11 16 *
546 2598 79 39 you
644 2579 43 48 *;
718 2580 28 40 it
761 2596 17 24 s
825 2577 83 42 that
948 2574 112 43 unfor-

199 2657 131 33 tunate
359 2660 120 30 curse,
501 2641 66 42 the
587 2638 226 55 up-to-date
833 2651 138 39 person
991 2632 93 44 who

199 2705 168 44 believes
400 2702 80 42 that
511 2700 50 44 he
591 2698 157 42 decides
780 2695 65 43 the
877 2693 77 44 fate
974 2692 40 42 of
1036 2690 48 43 all

205 2765 65 42 the
291 2773 87 37 arts,
401 2761 78 42 and
503 2758 80 44 that
605 2758 49 41 he
675 2754 126 44 settles
822 2752 50 44 all
893 2752 193 54 questions

208 2823 41 43 of
272 2822 169 52 religion,
464 2817 91 48 and,
577 2815 156 45 indeed,
756 2813 42 42 of
818 2812 49 43 all
886 2812 79 42 life.
1018 2808 68 44 He

207 2899 94 31 was,
331 2880 50 43 he
412 2880 30 41 is
472 2876 78 43 and
580 2875 66 43 she
677 2872 77 44 will
774 2872 64 48 be,
859 2871 68 42 but
954 2870 58 42 for
1038 2867 50 42 all

209 2941 72 41 this
313 2939 14 41 I
359 2935 133 46 would
526 2932 163 45 beseech
711 2948 69 26 our
799 2929 153 44 readers
972 2939 42 32 to
1035 2926 54 42 do

208 2997 211 53 something
451 3006 40 32 to
520 2993 59 43 rid
600 3010 43 24 us
663 2990 52 43 all
738 2989 42 44 of
809 2989 80 43 him
909 2986 78 43 and
1009 2986 81 43 her.

270 3056 97 43 And
397 3072 56 32 so,
485 3071 41 24 as
554 3052 50 43 he
636 3048 91 45 took
758 3066 51 36 up
840 3048 187 52 Wagner,
1048 3061 44 25 so

211 3116 49 42 he
291 3132 43 25 or
364 3114 57 42 his
456 3111 75 43 like
571 3110 101 43 have
717 3119 68 43 put
817 3106 119 43 down
966 3104 94 52 Wag-

212 3191 82 26 ner.
353 3173 68 44 He
465 3172 31 40 is
532 3168 128 53 taking
695 3184 52 36 up
790 3181 183 27 someone
1018 3161 78 43 else

214 3233 120 52 today
364 3231 76 43 and
471 3230 58 41 his
557 3227 75 42 like
662 3225 78 43 will
771 3235 68 43 put
859 3223 79 44 him
960 3221 133 43 down.

215 3291 77 42 But
322 3289 80 43 that
432 3305 91 37 you,
558 3284 145 44 Gentle
744 3282 172 48 Reader,
957 3278 139 45 should

215 3366 91 27 ever
335 3347 50 44 be
412 3346 215 43 influenced
658 3342 53 55 by
741 3342 58 44 his
819 3341 200 46 decisicns,
1040 3337 58 43 his

218 3408 144 52 takings
377 3423 53 36 up
444 3405 78 44 and
543 3405 57 42 his
616 3403 166 54 puttings
801 3401 133 46 down,
953 3400 145 52 grieves

218 3485 74 24 me.
353 3464 100 49 Still,
483 3481 77 37 you
591 3460 138 45 should
767 3460 50 42 be
858 3456 161 57 grateful
1058 3466 42 32 to

219 3526 77 42 him
318 3525 58 43 for
405 3524 140 51 having
573 3531 71 45 put
671 3519 174 54 Wagner
875 3518 122 42 down
1031 3515 46 42 be-

220 3601 112 26 cause
364 3583 79 43 that
474 3580 130 44 makes
634 3579 166 55 possible
831 3593 91 27 now
945 3575 58 43 for
1023 3589 78 40 you

223 3655 38 32 to
291 3659 110 26 come
431 3657 89 26 near
548 3638 190 54 Wagner.

283 3701 32 43 It
344 3702 29 41 is
394 3710 39 33 to
455 3700 50 42 be
534 3695 233 47 understood
807 3694 43 44 of
869 3709 132 28 course
1021 3691 83 44 that

226 3762 39 41 in
297 3760 72 43 this
397 3758 184 43 selection
611 3756 42 43 of
684 3756 148 43 Letters
863 3770 76 36 you
962 3751 54 43 do
1037 3760 66 33 not

223 3836 111 26 come
357 3834 90 38 very
468 3834 90 26 near
578 3817 93 46 him,
694 3812 136 55 ...only
851 3814 38 41 in
904 3812 57 42 his
987 3811 119 42 music

225 3895 65 26 are
308 3894 79 37 you
421 3876 95 43 with
547 3893 22 25 a
599 3884 103 44 great
741 3887 217 39 composer.

285 3936 77 43 But
392 3952 77 38 you
490 3951 110 26 come
623 3951 23 24 a
665 3931 94 44 little
780 3946 132 28 nearer
933 3928 66 44 the
1019 3944 89 27 man

226 3998 40 42 in
295 3995 58 44 his
383 3992 341 55 correspondence,
755 3989 78 44 and
865 3988 122 43 'there
1030 4003 80 39 you

228 4055 175 44 discover
433 4052 106 45 what
569 4051 14 44 I
614 4050 84 44 said
727 4049 157 47 above;
917 4046 84 44 that
1036 4046 50 44 du-

228 4116 82 54 ring
324 4111 57 45 his
395 4111 66 45 life
480 4111 51 44 he
546 4127 117 27 never
679 4109 161 43 became
859 4106 67 44 the
947 4104 163 44 fashion.

1146 221 67 44 To
1235 219 66 42 the
1315 214 79 46 end
1415 216 29 41 it
1458 229 82 27 was
1566 228 24 24 a
1621 208 92 55 fight
1743 218 41 31 to
1804 201 179 47 establish

1089 281 58 44 his
1177 277 110 46 work
1317 293 40 24 as
1386 273 53 44 he
1470 270 68 43 felt
1559 269 50 43 he
1630 265 159 47 wanted
1806 266 28 41 it
1855 261 107 45 estab-

1091 338 136 45 lished.
1304 332 152 54 People
1506 345 107 28 were
1668 325 147 54 always
1854 322 132 54 saying

1095 399 82 43 that
1209 402 27 19 44
1251 394 50 44 he
1332 409 81 26 was
1445 399 68 33 not
1545 399 40 31 to
1617 386 52 42 be
1688 382 145 56 helped
1935 379 51 42 he

1093 457 188 44 mentions
1312 451 66 43 the
1410 450 78 42 fact
1518 445 79 44 and
1629 445 127 43 writes
1793 441 41 43 of
1922 439 65 41 the

1093 523 203 36 statement
1336 510 42 43 of
1417 526 44 24 so
1502 522 118 37 many
1656 503 44 42 of
1740 519 64 37 my
1846 496 143 45 friends

1095 574 81 43 that
1209 579 11 17 4
1240 571 14 43 I
1286 587 81 27 was
1396 577 68 32 not
1495 576 40 32 to
1565 564 51 42 be
1657 561 142 55 helped
1816 559 12 13 *
1850 559 10 13 '
1909 555 78 44 and

1095 635 29 41 it
1152 634 31 40 is
1213 629 216 51 interesting
1461 635 41 33 to
1522 634 93 32 note
1635 621 91 43 how
1748 629 136 34 untrue
1906 615 82 42 that

1096 699 201 35 statement
1328 703 94 28 was.
1485 683 69 43 He
1585 680 116 44 refers
1720 691 41 30 to
1783 678 63 42 the
1867 673 122 45 heads

1097 750 42 43 of
1171 749 64 43 the
1268 746 148 44 theatre
1446 742 93 44 who
1569 758 65 26 are
1663 757 44 24 so
1738 734 252 56 antipathetic

1098 820 42 33 to
1170 808 79 43 him
1279 805 82 44 that
1394 802 90 56 they
1516 817 100 27 even
1646 807 96 33 treat
1773 795 66 43 the
1868 793 122 42 artists

1098 868 49 43 he
1178 863 266 47 recommends
1474 878 43 25 so
1552 857 132 55 badly,
1728 855 92 53 they
1849 861 142 34 cannot

1100 938 80 43 stay
1211 927 40 41 in
1286 924 66 42 the
1397 921 162 43 theatre.
1619 916 119 53 They
1783 913 92 44 hate
1919 927 49 25 no-

1100 985 104 52 thing
1223 1000 43 25 so
1288 981 113 44 much
1432 997 40 25 as
1503 996 23 24 a
1804 990 9 26 :
1892 969 100 52 keep

1101 1054 65 33 cut
1202 1042 66 44 the
1308 1039 239 54 Wagnerian
1586 1034 232 43 conductors
1840 1048 11 26 :
1883 1027 109 45 Lord

1103 1119 174 38 preserve
1307 1117 43 25 us
1443 1097 90 53 they
1573 1110 80 38 say,
1853 1086 140 45 should

1103 1173 60 43 get
1194 1178 23 25 a
1248 1176 88 26 man
1366 1157 94 42 who
1491 1163 122 35 wants
1651 1150 151 44 endless
1842 1147 132 43 rehear-

1105 1220 79 48 sals,
1226 1214 244 60 particularly
1510 1212 117 44 when
1667 1209 123 52 things
1832 1223 64 26 are
1926 1214 68 34 not

1105 1281 110 52 going
1246 1275 88 46 well
1353 1291 96 28 ...no
1480 1270 119 44 thank
1629 1284 78 40 you
1724 1272 11 39 1
1767 1267 51 42 let
1850 1282 43 25 us
1933 1274 61 43 get

1107 1355 48 26 on
1185 1354 41 26 as
1256 1333 89 46 well
1375 1350 41 26 as
1445 1348 63 27 we
1529 1347 73 25 can
1623 1327 96 45 with
1739 1324 135 45 servile
1895 1323 74 42 bun-

1107 1397 94 54 glers
1235 1395 70 42 but
1335 1392 52 43 let
1423 1408 44 25 us
1499 1399 62 45 get
1592 1406 52 24 on

1168 1453 119 54 They
1318 1468 67 38 say
1418 1449 65 43 the
1514 1464 106 26 same
1652 1445 106 52 thing
1803 1441 121 53 today
1956 1439 41 43 of

1109 1513 47 43 all
1187 1513 136 42 artists.
1436 1508 75 42 Let
1543 1523 44 26 us
1616 1515 64 44 get
1710 1521 52 24 on
1879 1499 119 54 They

1110 1571 110 45 don't
1251 1581 61 43 get
1343 1585 53 26 on
1429 1566 122 54 today
1583 1563 78 43 and
1693 1561 91 54 they
1829 1557 69 44 did
1930 1569 68 32 not

1111 1641 60 43 get
1216 1646 52 26 on
1299 1630 39 41 in
1380 1626 109 43 those
1536 1623 123 54 days:
1703 1620 51 43 all
1795 1618 92 53 they
1929 1616 70 43 did

1112 1707 78 26 was
1210 1698 41 33 to
1271 1686 70 56 slip
1357 1683 100 45 back
1478 1682 78 43 and
1576 1680 115 48 back,
1713 1678 78 44 and
1813 1677 92 42 then
1934 1675 67 43 the

1113 1746 254 54 catastrophe.
1426 1742 116 54 They
1572 1739 104 44 can't
1726 1747 62 43 get
1818 1752 53 27 on
1902 1751 99 26 even

1114 1825 21 25 a
1180 1805 97 44 little
1327 1801 165 46 without
1538 1799 66 43 the
1649 1799 152 42 artists:
1921 1792 79 44 and

1115 1865 162 44 without
1307 1862 66 44 the
1404 1870 105 45 great
1539 1860 123 42 artists
1692 1856 91 54 they
1815 1871 64 26 are
1930 1851 72 44 lost

1116 1923 173 54 entirely.

1174 1982 91 43 The
1281 1980 126 43 letters
1423 1994 64 26 are
1503 1987 67 32 not
1580 1975 177 48 brilliant,
1775 1971 65 44 the
1856 1968 121 54 weigh-

1118 2053 39 43 ty
1189 2041 173 52 Wagner
1383 2036 92 45 who
1511 2052 81 27 was
1627 2032 94 45 such
1768 2049 22 25 a
1827 2027 182 57 practical

1119 2118 89 25 man
1238 2099 107 43 often
1375 2096 131 43 stands
1536 2105 68 31 out
1635 2092 143 43 clearer
1819 2090 93 41 than
1943 2087 66 43 the

1120 2157 168 56 inspired
1321 2156 198 52 Wagner;
1553 2154 69 41 but
1668 2152 65 42 the
1780 2148 122 43 books
1948 2163 64 24 are

1121 2235 93 37 very
1245 2216 217 51 interesting
1492 2212 78 43 and
1601 2211 111 43 show
1743 2225 44 26 us
1818 2208 66 42 the
1904 2204 108 44 usual

1123 2279 175 52 grievous
1326 2271 192 58 spectacle
1548 2270 42 43 of
1620 2288 24 24 a
1674 2278 104 45 great
1808 2267 104 42 artist
1935 2263 78 42 and

1124 2354 48 25 an
1204 2334 91 54 only
1341 2343 67 32 too
1453 2331 144 42 serious
1648 2345 89 25 man
1778 2326 115 52 being
1935 2323 60 41 dis-

1124 2392 207 57 gracefully
1350 2388 198 56 badgered
1580 2388 59 43 for
1659 2404 106 26 some
1787 2385 82 52 fifty
1893 2398 120 39 years.

1186 2452 218 52 Humanity
1524 2448 51 42 let
1606 2464 42 25 us
1678 2445 58 43 for
1759 2443 66 43 the
1848 2450 170 34 moment

1127 2511 72 43 call
1229 2511 144 43 human
1403 2507 115 44 cattle
1548 2506 54 53 by
1634 2504 81 43 that
1746 2502 79 43 title
1926 2516 69 26 can-

1128 2582 67 32 not
1235 2568 192 45 therefore
1469 2566 50 42 be
1558 2562 210 45 felicitated
1819 2562 52 52 by
1912 2558 110 43 those

1129 2629 41 43 of
1200 2646 43 25 us
1274 2627 92 44 who
1398 2624 95 45 hold
1523 2624 82 42 that
1636 2622 75 43 fine
1742 2630 57 33 art
1830 2620 30 41 is
1881 2636 22 24 a
1924 2617 80 42 bles-

1129 2690 81 51 sing
1240 2686 79 44 and
1349 2686 143 51 genius,
1524 2698 44 28 or
1586 2698 100 27 even
1721 2698 23 24 a
1766 2677 117 46 touch
1903 2676 42 42 of
1980 2677 42 46 it,

1131 2766 23 24 a
1185 2747 106 52 thing
1321 2744 129 45 which
1481 2740 141 45 should
1652 2755 118 27 never
1801 2737 50 43 be
1874 2736 127 43 harras-

1132 2805 67 43 sed
1229 2807 39 41 in
1299 2803 65 43 the
1395 2818 89 39 way
1515 2802 28 41 it
1578 2801 31 42 is
1648 2798 81 44 and
1770 2796 145 54 always
1957 2793 69 43 has

1132 2865 100 43 been
1263 2862 214 43 harrassed.

1192 2923 174 52 Wagner
1397 2917 211 55 ultimately
1640 2933 91 28 won
1761 2914 66 44 the
1859 2912 79 54 day

1136 2981 78 44 and
1246 2980 219 54 Humanity
1502 2977 71 43 lost
1604 2977 44 42 it.

1196 3041 77 42 But
1323 3038 104 49 then,
1474 3035 121 44 thank
1641 3032 109 50 God,
1798 3030 116 44 that's
1959 3039 68 33 not

1138 3099 231 52 Humanity.

1197 3154 252 55 Presumably
1480 3153 217 53 Humanity
1726 3152 31 42 is
1787 3167 25 26 a
1844 3149 75 43 fine
1949 3147 81 44 thin

1138 3215 125 45 streak
1293 3215 43 43 of
1364 3213 214 53 something
1608 3210 151 44 blessed
1791 3207 131 46 which
1943 3223 88 27 runs

1141 3274 165 55 through
1336 3272 225 55 everything
1679 3268 78 44 and
1780 3278 66 32 not
1867 3264 165 55 through

1142 3351 115 36 many
1292 3331 156 56 people.
1525 3330 34 42 If
1602 3330 29 42 it
1677 3328 70 42 did
1792 3326 66 44 the
1903 3324 130 44 whole

1143 3392 125 46 world
1298 3390 133 45 would
1462 3390 50 43 be
1543 3405 93 37 very
1666 3387 150 54 happy.

1151 3517 91 45 UN
1296 3514 249 46 TEATRO
1596 3514 86 42 DE
1730 3514 172 41 ARTE
1949 3514 90 38 EN

1146 3575 259 46 ESPANA
1466 3574 194 43 Edicione
1690 3572 51 42 de
1773 3572 41 41 la
1856 3569 178 52 Esfinge.

1464 3631 201 45 Sociedad
1694 3631 207 42 Anonima
1936 3628 108 51 Editorial,

1138 3628 357 51 Madrid.
1546 3628 305 51 Madera
1902 3628 153 51 11.

1149 3806 177 98 TWO
1353 3820 111 39 years
1493 3802 102 43 have
1616 3817 99 37 gone
1745 3798 54 56 by
1825 3815 105 27 s:nce
1961 3796 74 44 thss

1239 3864 106 45 book
1383 3861 210 57 appeared,
1625 3859 79 45 and
1734 3861 40 42 in
1806 3868 81 35 two
1926 3873 111 38 years

1153 3924 15 45 I
1200 3924 56 43 do
1276 3934 67 33 not
1372 3922 127 43 doubt
1520 3920 82 43 that
1633 3918 67 44 the
1727 3916 170 45 talented
1919 3932 122 38 group

1153 3981 131 47 which
1315 3983 118 44 forms
1454 3980 67 44 the
1540 3979 150 54 subject
1709 3976 44 45 of
1774 3976 73 45 this
1865 3991 177 39 swagger

1155 4042 155 46 volume
1339 4041 103 44 have
1470 4036 240 58 progressed.

1215 4101 102 45 And
1346 4111 79 44 yet,
1455 4116 42 27 as
1524 4115 81 39 you
1634 4096 93 45 look
1746 4104 39 36 at
1807 4094 66 45 the
1902 4093 120 57 photo-

2030 195 140 57 graphs
2215 192 42 44 of
2302 191 66 44 the
2415 198 125 34 actors
2590 178 244 59 reproduced
2880 194 45 26 so

2029 252 225 56 beautifully
2307 252 40 42 in
2396 248 66 43 the
2512 242 171 48 volume,
2721 255 80 39 you
2843 236 80 44 find

2029 313 169 58 yourself
2227 311 132 54 saying
2438 308 40 41 in
2508 303 150 43 theatre
2686 299 107 43 there
2822 298 31 41 is
2873 313 53 25 no

2031 373 95 45 such
2157 372 107 52 thing
2291 386 41 25 as
2353 360 344 62 progresswhat
2717 374 82 27 was
2819 355 105 54 good

2032 433 162 44 remains
2225 428 105 56 good
2361 426 79 43 and
2471 422 79 44 will
2580 437 44 27 so
2655 418 146 43 remain

2093 491 110 43 Here
2247 504 65 27 are
2361 486 65 43 the
2461 499 106 26 same
2608 477 159 45 devices
2812 492 41 25 as
2885 473 41 42 of

2032 550 82 50 old,
2146 550 67 43 the
2243 562 105 28 same
2378 542 115 44 tricks
2514 539 43 44 of
2587 548 163 44 gesture,
2771 533 80 44 and
2883 532 42 43 of

2033 626 164 39 repose;
2239 606 67 43 the
2335 620 107 26 same
2482 597 237 57 expressions
2750 592 80 44 and
2862 592 66 43 the

2032 686 106 27 same
2184 665 217 56 groupings.
2469 659 101 44 And
2617 653 195 53 suddenly
2853 668 75 25 one

2035 744 129 27 comes
2224 740 126 27 across
2399 717 218 53 something
2672 730 91 27 new
2823 727 107 26 some

2034 797 151 42 strange
2235 781 120 45 touch
2406 777 131 47 which
2584 774 133 45 makes
2768 769 51 44 all
2866 771 66 40 the

2035 846 225 44 difference,
2308 841 70 43 but
2424 841 29 40 it
2483 837 69 43 has
2598 832 162 54 nothing
2803 840 41 32 to
2877 830 54 42 do

2035 905 97 44 with
2164 918 186 39 progress.

2095 962 92 45 The
2232 973 148 40 strange
2411 954 160 46 touches
2603 953 15 42 I
2660 967 112 27 came
2806 964 128 26 across

2036 1025 40 41 in
2106 1023 72 42 this
2210 1019 106 44 book
2347 1033 105 27 were
2482 1025 69 32 not
2580 1014 40 42 in
2650 1027 77 37 any
2748 1023 188 29 sceneries

2037 1081 78 45 and
2132 1091 69 32 not
2218 1082 39 40 in
2277 1078 67 43 the
2364 1091 154 39 groups,
2535 1073 69 42 but
2626 1074 39 39 in
2686 1065 250 47 individuals.

2096 1140 128 45 What
2265 1138 75 43 this
2370 1133 120 45 touch
2537 1134 30 40 is
2598 1129 130 45 which
2766 1125 166 54 delights
2996 1150 8 9 *

2041 1217 57 31 so,
2131 1216 62 26 we
2225 1197 103 44 have
2359 1194 49 43 all
2439 1191 99 44 tried
2569 1201 42 32 to
2641 1187 146 45 define.
2834 1183 103 45 And

2040 1269 65 45 yet
2137 1274 62 27 we
2231 1256 130 43 define
2391 1247 301 57 nothingand
2726 1246 14 42 I
2773 1245 59 43 for
2862 1260 75 26 one

2041 1334 63 27 am
2134 1327 67 32 not
2233 1312 203 56 surprised,
2471 1311 59 42 for
2561 1308 109 44 there
2700 1308 31 41 is
2773 1302 166 53 nothing

2043 1374 194 47 definable
2267 1375 40 41 in
2338 1375 42 41 it.
2443 1369 143 44 Define
2617 1385 23 24 a
2683 1364 123 49 wind,
2844 1364 96 40 raise

2043 1453 53 36 up
2140 1452 23 24 a
2195 1434 136 42 breeze
2377 1432 39 42 in
2457 1446 23 25 a
2523 1426 235 55 garden-it
2805 1423 31 42 is
2872 1430 70 33 net

2044 1493 179 57 possible.
2290 1489 224 53 Recognize
2558 1488 27 41 it
2597 1502 131 38 yes,
2777 1482 83 42 that
2911 1481 31 40 is

2045 1551 181 57 possible.
2288 1550 100 43 And
2420 1548 14 43 I
2465 1564 63 25 am
2569 1562 23 26 a
2624 1554 106 44 great
2772 1540 170 44 admirer

2046 1612 42 43 of
2118 1611 74 44 this
2223 1609 121 49 book,
2393 1606 67 44 Un
2500 1606 143 42 TcatTO
2680 1603 50 41 dc
2761 1602 102 43 Arte
2893 1616 49 25 en

2048 1672 182 49 Espana,
2259 1668 59 43 for
2352 1667 12 42 I
2387 1677 40 32 at
2457 1665 95 43 least
2580 1663 103 44 have
2713 1658 231 54 recognized

2048 1732 36 41 in
2114 1731 30 41 it
2192 1728 66 43 the
2302 1728 99 52 signs
2446 1724 44 44 of
2536 1733 57 33 art
2640 1738 44 26 or
2731 1721 133 52 genius
2900 1734 44 25 or

2050 1789 196 43 whatever
2278 1786 83 43 that
2392 1785 109 52 thing
2531 1784 31 41 is
2587 1780 131 44 which
2749 1781 31 40 is
2810 1788 68 32 not
2902 1787 41 31 to

2050 1849 47 42 be
2128 1846 157 43 defined
2317 1848 39 39 in
2387 1844 125 53 Spain
2544 1841 99 43 from
2674 1857 24 25 a
2728 1838 189 43 distance.

2105 1906 92 43 The
2227 1903 107 44 book
2363 1902 99 45 itself
2491 1903 30 40 is
2552 1910 42 32 to
2625 1899 51 43 be
2695 1895 207 57 explained
2925 1912 23 25 a

2053 1965 106 44 little.
2213 1964 33 42 It
2277 1965 31 41 is
2338 1973 68 32 not
2427 1979 23 25 a
2471 1959 107 44 book
2598 1958 43 43 of
2660 1957 188 43 sceneries
2870 1954 79 43 and

2054 2036 65 44 yet
2150 2023 107 44 there
2288 2039 65 26 are
2382 2038 109 25 some
2531 2018 212 53 forty-nine
2765 2016 186 42 sceneries

2055 2081 245 57 reproduced
2330 2083 40 40 in
2399 2080 134 43 colour
2578 2076 80 43 and
2704 2073 246 57 reproduced

2057 2142 95 45 with
2173 2151 106 45 great
2295 2157 99 32 care,
2413 2138 103 55 good
2534 2147 110 37 taste,
2662 2136 78 43 and
2763 2131 188 46 mounted

2058 2202 96 43 with
2184 2199 229 55 originality.

2119 2259 232 54 Originality
2382 2255 130 46 which
2544 2257 30 41 is
2605 2264 69 34 not
2705 2264 39 31 at
2777 2252 66 44 the
2875 2267 60 27 ser-

2060 2321 86 42 vice
2162 2318 42 43 of
2220 2318 103 53 good
2346 2326 96 33 taste
2460 2332 44 27 or
2525 2312 192 57 powerful
2734 2311 222 55 expression

2062 2396 43 26 or
2135 2379 131 53 genius
2302 2394 43 26 or
2375 2392 107 26 some
2521 2384 77 33 sort
2628 2372 43 43 of
2711 2370 183 45 overlord
2926 2370 31 41 is

2063 2457 23 24 a
2117 2436 198 43 worthless
2363 2432 246 56 thingand
2656 2432 30 42 it
2731 2432 31 42 is
2792 2431 166 42 because

2065 2514 62 26 we
2157 2495 194 55 generally
2381 2511 115 26 mean
2536 2490 216 53 something
2788 2489 84 43 odd
2906 2488 52 54 by

2065 2554 216 56 originality
2322 2553 83 43 that
2436 2570 63 25 we
2539 2569 67 25 are
2642 2548 195 56 generally
2869 2564 68 39 pro-

2067 2615 193 52 nouncing
2276 2612 66 44 the
2358 2613 111 42 word
2487 2613 41 40 in
2544 2629 23 24 a
2584 2608 250 54 meaningless
2855 2624 103 37 way.

2127 2671 232 55 Originality
2381 2682 41 32 to
2442 2671 74 42 this
2537 2668 170 56 Spanish
2729 2667 108 44 book
2859 2669 75 52 pub-

2069 2733 113 43 lisher
2212 2733 30 40 is
2284 2749 50 25 an
2374 2748 104 36 open
2509 2729 100 43 door
2635 2760 57 12 ....
2730 2728 68 42 left
2844 2743 117 37 open.

2070 2792 69 43 He
2169 2790 80 44 will
2278 2790 217 54 reproduce
2524 2806 77 25 one
2642 2787 133 53 design
2806 2787 40 42 in
2886 2802 77 26 one

2072 2867 89 38 way
2192 2849 79 44 and
2302 2860 135 33 mount
2466 2850 28 41 it
2525 2865 53 25 on
2608 2864 24 24 a
2662 2845 184 56 specially
2876 2862 66 38 pre-

2072 2909 121 56 pared
2224 2926 99 37 page
2344 2907 43 44 of
2407 2907 121 45 white
2559 2923 122 38 paper
2702 2905 97 44 with
2830 2923 24 24 a
2876 2903 89 56 pale

2073 2969 142 56 yellow
2237 2966 253 55 background
2521 2977 42 33 to
2584 2965 67 43 the
2679 2966 148 53 picture
2848 2975 96 31 stam-

2074 3028 79 55 ped
2184 3045 52 26 on
2267 3027 66 42 the
2363 3026 121 44 white
2516 3043 116 37 page.
2698 3024 78 43 But
2806 3024 51 43 he
2889 3021 79 46 will

2076 3089 85 53 give
2191 3104 45 24 us
2265 3086 59 42 his
2370 3096 88 32 next
2505 3086 150 53 picture
2686 3082 190 44 mounted
2916 3099 53 25 on

2076 3146 163 43 another
2284 3144 120 44 white
2449 3161 124 38 paper
2617 3160 54 26 on
2716 3142 133 44 which
2885 3143 30 41 is
2947 3159 23 25 a

2077 3203 252 56 background
2359 3203 43 43 of
2432 3203 163 43 another
2625 3213 93 32 tone
2754 3201 44 44 of
2827 3200 142 57 yellow

2076 3264 178 55 stamped
2286 3280 52 26 on
2367 3264 47 41 its
2445 3262 121 44 white
2595 3261 166 44 surface.

2138 3323 44 43 In
2213 3322 120 48 short,
2379 3321 121 45 white
2535 3339 122 38 paper
2704 3320 79 45 and
2829 3320 142 56 yellow

2078 3382 252 54 background
2370 3398 67 26 are
2467 3393 68 31 not
2577 3392 83 32 two
2700 3380 143 53 things,
2881 3379 92 54 they

2079 3459 65 26 are
2175 3452 160 42 twenty.
2396 3440 141 43 That's
2567 3459 24 24 a
2631 3440 118 43 touch
2780 3440 43 43 of
2860 3440 96 53 origi-

2080 3500 135 55 nality.
2276 3499 87 45 Old
2393 3517 42 26 as
2465 3500 66 44 the
2566 3499 87 44 hills
2698 3499 79 43 and
2824 3509 65 45 yet
2936 3515 40 26 as

2081 3578 104 26 new.

2140 3618 162 44 Several
2346 3634 197 40 processes
2589 3634 66 27 are
2700 3618 98 43 used
2840 3619 39 42 in
2911 3616 66 43 the

2083 3678 306 56 reproductions,
2437 3688 69 33 not
2552 3695 90 26 one.
2709 3676 185 46 Wonder
2935 3675 42 43 of

2084 3737 190 49 wonders,
2317 3754 186 26 someone
2534 3736 70 44 has
2650 3737 104 44 been
2788 3736 189 53 thinking.

2084 3796 107 44 That
2222 3798 31 41 is
2283 3796 217 54 essentially
2531 3795 178 55 original.

2144 3856 186 43 Portraits
2350 3856 42 43 of
2408 3855 155 44 authors
2580 3856 80 44 and
2681 3856 44 43 of
2745 3855 231 56 performers

2087 3932 43 26 or
2159 3916 229 42 caricatures
2417 3916 43 43 of
2490 3915 106 44 them
2620 3916 77 42 mix
2726 3916 40 42 in
2798 3914 97 46 with
2913 3913 65 43 the

2088 3974 150 54 designs
2269 3974 60 44 for
2359 3992 146 31 scenes,
2537 3975 61 44 for
2633 3986 149 44 posters
2812 3991 45 26 or
2886 3989 70 39 pro-

2090 4051 199 37 grammes.

2150 4092 106 45 Now
2288 4093 79 43 and
2399 4095 126 53 again,
2568 4112 41 26 as
2638 4095 31 43 is
2705 4093 207 53 becoming
2942 4101 38 31 to
