2984 4340
246 428 292 101 THE
596 420 442 104 MASK.
1153 397 1287 134 JANUARY-MARCH
2560 392 282 97 1928

610 676 864 89 LITERARY
1573 661 927 89 CONTENTS.

252 919 336 49 FOREWORD
1805 899 36 53 J-
1872 899 30 42 S

251 992 262 48 WILLIAM
543 984 443 50 SHAKESPEARE,
1016 982 125 44 OUR
1170 978 225 47 DUMMY
1413 1010 17 13 ,
1546 1007 13 11 .
1676 1004 13 12 .
1808 970 102 55 John
1940 969 168 46 Balance
2197 999 11 11 .
2327 963 143 55 •9-

251 1067 124 44 THE
405 1059 429 50 SHAKESPEARE
864 1054 320 47 MEMORIAL
1217 1049 285 47 THEATRE
1532 1045 159 45 FUND

370 1135 195 47 FARCE
1805 1115 36 55 J*
1872 1116 29 42 S
2720 1138 11 11 *
2823 1103 25 42 4

255 1213 89 44 MY
374 1208 269 47 MEMOIRS
673 1205 77 45 OF
781 1203 221 45 HENRIK
1033 1199 163 47 IBSEN
1287 1220 403 22 ....
1807 1187 49 45 P.
1887 1189 56 41 A.
1976 1185 233 52 Rosenberg.
2520 1180 265 92 IHI

1807 1260 226 44 Translated
2065 1259 50 53 by
2146 1257 132 53 Georg
2310 1255 170 44 Brochur
2594 1286 10 11 .
2623 1248 20 51 I
2722 1283 12 11 .
2791 1250 58 48 .7

256 1354 264 47 PIRANESI
552 1352 128 45 AND
709 1351 45 43 A
783 1345 290 47 DELUSION
1162 1377 11 11 .
1809 1333 120 44 Allen
1959 1333 131 41 Carric
2802 1324 50 41 10

255 1431 46 42 A
328 1426 287 46 TERRIBLE
643 1422 199 46 TRACT
1809 1408 102 42 Drur
1912 1425 24 35 y
1968 1404 127 44 Pervil
2802 1397 41 40 11

255 1501 124 46 THE
408 1498 235 46 SEARCH
674 1496 114 43 FOR
820 1492 159 45 LOVE
1813 1481 55 49 Q.
1906 1478 49 43 E.
1995 1477 39 43 D
2802 1468 51 42 '4

256 1571 283 47 THEATRE
590 1570 126 43 AND
768 1564 179 46 MUSIC
995 1562 83 46 AT
1127 1556 444 49 BADEN-BADEN,
1600 1554 94 45 with

373 1642 264 56 Biographical
665 1639 122 44 Notes
1812 1622 99 44 Paul
1945 1620 227 45 McPharlin
2805 1613 46 40 15

260 1712 452 52 SC.ENOGRAPHIC
741 1709 205 45 WILL'O
974 1705 123 45 THE
1125 1703 174 46 WISPS
1811 1695 35 55 J.
1883 1695 29 42 S
2800 1686 46 41 21

260 1788 255 48 ARTISTS,
548 1783 291 46 IDEALISTS
868 1779 127 45 AND
1026 1775 217 46 STEELE
1273 1772 300 45 MACKAYE
1685 1803 13 12 .
1812 1769 49 42 C.
1892 1768 54 42 G.
1978 1768 47 42 S.
2076 1799 10 9 .
2211 1798 10 9 .
2334 1785 11 22 ;
2463 1794 12 11 .
2594 1792 12 13 .
2725 1759 129 43 .22

260 1865 61 44 M.
354 1858 244 47 BOMBET
624 1857 129 44 AND
783 1852 262 47 EDWARD
1079 1850 154 43 LEAR
1291 1876 404 15 ....
1814 1840 165 42 Gordon
2009 1840 115 51 Craig
2204 1864 532 28 .....
2799 1831 54 41 24

259 1938 45 42 A
336 1930 230 49 LETTER
595 1926 165 47 FROM
791 1923 294 47 DENMARK
1123 1930 6 33 !
1814 1912 115 44 Lbbe
1959 1911 50 42 de
2040 1909 219 54 Neergaard
2334 1940 11 11 .
2465 1939 11 10 .
2595 1938 12 11 .
2725 1904 129 43 .33

441 2071 558 52 CORRESPONDENCE.
1056 2066 254 47 FOREIGN
1342 2064 204 44 NOTES.
1606 2060 165 46 BOOK
1800 2056 277 47 REVIEWS.
2137 2052 317 47 EDITORIAL
2489 2050 204 45 NOTES.

499 2296 1412 100 ILLUSTRAT
2005 2291 617 79 IONS.

261 2535 123 44 THE
422 2530 204 47 ROYAL
673 2525 219 48 CIRCUS,
937 2517 261 50 LONDON,
1244 2512 293 48 RENAMED
1581 2508 122 46 THE

379 2603 230 46 SURREY
643 2596 285 48 THEATRE
1043 2626 13 10 .
1822 2582 121 40 Anon
1946 2614 11 8 -
2091 2608 10 11 •
2219 2610 13 11 •
2350 2608 12 11 •
2392 2574 111 43 Pla,e
2540 2577 31 47 '»
2651 2574 103 43 Face
2843 2577 8 37 !

266 2668 668 55 CONVERSATIONSHAUS,
976 2659 450 51 BADEN-BADEN:
1475 2655 226 44 TEMPO-
1769 2652 19 44 >
1883 2688 18 27 „
2249 2639 147 79 llf
2435 2687 17 24 s
2538 2686 27 42 2
2567 2718 9 15 ,
2814 2686 9 10 '

381 2749 161 45 RARY
563 2743 275 47 CONCERT
867 2741 174 50 HALL,
1074 2730 423 51 BADEN-BADEN
1692 2760 12 11 .

270 2823 171 45 MLLE.
473 2817 292 47 DELPHINE
796 2814 95 45 FIX
913 2833 790 24 ...••••
2359 2828 12 12 •
2419 2785 53 76 9
2541 2796 23 41 3
2570 2826 10 17 >
2604 2794 172 43 Precede
2814 2794 44 42 17

266 2895 197 45 THREE
491 2887 409 49 CARICATURES
1695 2904 11 12 •
1785 2873 15 61 )
1888 2909 17 25 n
2101 2904 355 46 ...»
2541 2903 40 48 4,
2706 2902 16 26 »
2814 2903 48 42 17

269 2964 297 48 PORTRAIT
594 2963 77 43 OF
699 2959 216 56 JOSEPH
944 2954 243 46 STRASS.
1305 2983 12 12 .
1435 2975 273 17 ...
1784 2946 16 55 )
2101 2939 12 11 '
2570 2935 13 16 '
2725 2935 2 80 ■

267 3039 284 56 TFJEATRE
580 3036 82 44 DU
694 3028 423 49 LUXEMBOURG,
1149 3024 168 44 PARIS
1435 3054 10 12 .
1564 3053 12 10 .
1695 3049 10 17 .
1823 3019 137 40 Anon.
2103 3048 11 11 .
2231 3045 14 14 .
2362 3045 11 10 .
2439 3014 17 24 *
2543 3014 40 47 5,

270 3111 211 45 DESIGN
514 3109 114 43 FOR
659 3109 43 42 A
731 3104 187 44 SCENE
948 3101 113 43 FOR
1092 3100 84 42 AN
1207 3096 198 45 OPERA
1437 3128 12 10 .
1567 3125 11 12 .
1696 3124 12 10 .
1825 3088 154 45 Arnold
1987 3088 94 45 Van
2096 3086 275 44 Westherhout
2538 3087 40 47 6,
2649 3086 100 42 Face
2809 3085 57 42 40

271 3182 289 46 ANOTHER
589 3177 211 46 DESIGN
831 3175 116 44 FOR
976 3175 45 43 A
1049 3171 184 46 SCENE
1264 3167 116 45 FOR
1399 3166 85 43 AN
1506 3165 203 44 OPERA
2033 3161 16 25 ■
2545 3158 36 47 7,
2604 3157 173 42 Precede
2809 3158 48 41 41

783 3228 5 29 \
797 3228 2 29 •

932 3326 119 44 Head
1082 3325 77 43 and
1190 3323 90 44 Tail
1311 3322 134 43 Pieces
1475 3321 97 42 from
1603 3318 67 44 old
1701 3318 78 43 and
1811 3317 160 43 modern
2002 3316 175 52 Designs.

393 3623 230 46 NOTICE
655 3621 77 44 TO
764 3616 490 47 CONTRIBUTORS.
1300 3614 84 43 The
1414 3613 135 42 Editor
1577 3617 33 37 is
1639 3612 152 49 always
1822 3608 100 53 glad
1948 3616 37 34 to
2016 3607 173 42 consider
2219 3605 153 42 articles
2391 3604 85 43 and
2494 3605 253 41 illustrations
2759 3604 108 48 from

276 3708 150 42 experts
453 3703 41 37 in
525 3697 145 43 theatre
698 3696 145 48 history
873 3690 84 44 and
985 3697 76 42 art,
1094 3688 123 44 which
1248 3688 118 43 result
1385 3685 107 50 from
1534 3684 146 50 special
1715 3682 173 41 research
1924 3697 43 25 or
1999 3680 179 51 personal
2213 3682 235 45 experience.
2517 3677 141 43 Where
2691 3674 180 51 stamped

278 3773 85 43 and
389 3770 210 44 addressed
626 3769 200 48 envelopes
856 3782 67 25 are
951 3762 198 49 included,
1183 3777 113 35 every
1325 3760 112 51 effort
1464 3759 80 41 will
1573 3758 46 40 be
1648 3755 116 42 made
1794 3762 37 34 to
1860 3762 126 34 return
2016 3758 40 37 in
2085 3753 77 40 due
2192 3767 134 26 course
2354 3749 169 52 rejected
2565 3748 303 43 contributions:

280 3848 68 42 but
375 3850 40 39 in
444 3862 51 25 no
525 3848 292 38 circumstances
847 3856 75 25 can
953 3839 47 41 he
1029 3837 98 41 hold
1154 3833 163 51 himself
1339 3830 232 52 responsible
1592 3829 70 51 for
1690 3828 88 50 safe
1821 3826 161 52 custody
2026 3843 44 25 or
2114 3833 139 34 return.
2317 3824 71 42 All
2434 3824 153 42 articles
2641 3821 142 42 should
2825 3823 43 40 be

278 3922 252 50 typewritten.

393 3989 207 43 Address:
637 3985 85 43 The
751 3984 168 43 Editor:
1126 3977 127 51 Mask
1360 3976 90 43 Box
2691 3974 114 48 444,
1625 3972 201 49 Florence,
1861 3971 121 51 Italy.

746 4068 3 22 I
2824 4068 10 20 J
2842 4073 25 17 -\y
2871 4070 12 13 •*:
