2740 4198
2076 263 47 36 73

143 390 69 22 can
236 383 70 31 tell
331 391 44 23 us
398 383 40 31 of
457 384 67 30 the
547 391 91 30 very
660 384 131 36 things
813 383 88 30 that
921 381 270 37 Shakespeare,
1214 383 95 29 with
1334 382 49 31 all
1407 383 59 30 his
1489 384 138 35 words,
1649 386 142 29 cannot
1812 385 70 31 tell
1908 393 57 28 us;
1988 388 72 29 and
2084 395 41 22 so

142 447 42 30 to
208 445 264 32 manufacture
494 444 60 31 for
577 445 77 30 him
678 454 21 21 a
721 445 105 31 voice
855 445 32 29 is
921 443 138 30 foolish
1094 445 73 28 and
1203 445 261 37 extravagant.

212 510 81 29 And
318 517 83 22 now
424 517 21 20 a
467 508 104 28 word
596 516 43 21 or
661 509 78 29 two
762 508 116 29 about
901 506 58 29 his
983 506 278 35 construction,
1283 506 60 31 for
1366 508 46 29 he
1435 508 46 35 is,
1504 506 101 33 after
1635 508 64 38 all,
1722 510 39 29 in
1797 510 59 30 his
1889 511 148 36 private
2060 511 65 31 life

144 573 80 36 just
245 580 21 22 a
288 569 103 31 little
415 569 185 29 machine.

210 631 224 32 Sometimes
458 631 46 30 he
527 631 33 30 is
585 633 106 29 made
714 631 39 31 of
775 631 104 30 wood
903 631 72 29 and
1000 632 212 35 suspended
1236 633 47 35 by
1305 632 113 31 wires
1454 632 98 31 from
1590 635 130 30 above.
1757 635 120 30 These
1912 635 113 31 wires
2061 644 65 22 are

142 694 177 31 attached
342 694 41 28 to
406 701 22 21 a
450 693 110 29 short
582 693 100 31 stick
704 694 122 30 which
850 701 103 21 some
977 693 141 29 human
1143 694 173 30 machine
1341 695 108 30 holds
1471 695 98 30 from
1595 698 131 29 above:
1817 699 76 28 two
1920 699 206 36 machines,

139 763 73 30 you
229 762 75 29 see,
318 755 68 29 the
403 762 71 22 one
491 755 155 38 human,
662 756 65 29 the
744 755 125 36 other,
885 755 111 29 when
1014 755 245 31 constructed
1283 756 93 29 with
1401 758 227 31 art-Divine.
1651 760 112 30 Some
1788 760 252 30 marionettes
2062 767 64 23 are

140 817 208 35 supported
374 815 99 30 from
501 818 165 29 beneath
684 819 47 35 by
747 826 21 21 a
784 817 68 30 rod
870 817 85 30 held
974 818 47 36 by
1038 825 21 22 a
1075 818 139 29 human
1233 818 256 36 manipulator
1509 821 241 30 underneath
1777 823 68 29 the
1870 823 107 36 stage
2003 823 124 29 which

140 880 32 29 is
196 877 195 38 generally
413 887 22 21 a
458 886 152 23 narrow
632 878 192 37 platform.
849 879 130 31 Punch
1002 880 33 30 is
1059 887 72 23 one
1155 880 38 30 of
1214 880 124 31 these.
1365 881 39 30 In
1429 881 58 30 his
1511 889 84 23 case
1617 884 67 29 the
1708 892 80 21 arm
1813 884 38 30 of
1871 885 68 30 the
1956 886 148 36 manipu-

140 941 100 30 lator
261 941 108 37 plays
390 941 67 30 the
481 943 88 35 part
591 941 38 31 of
650 942 66 29 the
739 943 68 29 rod
832 943 72 29 and
928 943 67 29 the
1016 942 146 37 fingers
1186 950 108 22 move
1317 943 57 30 his
1398 951 101 23 arms
1527 946 75 28 and
1626 946 108 30 head.
1749 948 112 29 Some
1877 948 250 30 marionettes

139 1011 64 22 are
226 1003 73 30 flat
321 1002 74 31 like
419 1011 21 22 a
463 1004 103 35 piece
590 1004 38 29 of
650 1005 209 29 cardboard
885 1006 73 29 and
984 1007 64 28 cut
1071 1007 38 28 in
1133 1005 222 31 silhouette.
1377 1007 112 29 Some
1512 1006 95 31 have
1631 1015 21 22 a
1674 1007 100 31 little
1792 1017 104 22 more
1926 1011 179 35 complica-

139 1067 66 29 ted
229 1066 231 30 mechanism
484 1073 41 23 as
547 1067 39 28 in
609 1066 65 30 the
698 1074 84 22 case
805 1066 38 31 of
864 1067 68 30 the
957 1068 161 30 Chinese
1140 1067 159 38 figures.
1323 1069 66 30 We
1414 1069 104 29 must
1539 1068 139 31 realise
1693 1070 88 29 that
1796 1071 66 30 the
1878 1072 122 30 whole
2015 1073 112 36 thing

140 1129 33 30 is
206 1137 21 22 a
260 1128 101 31 little
384 1128 143 30 matter
550 1127 39 31 of
610 1136 21 22 a
653 1136 92 29 very
768 1128 101 31 little
913 1130 243 30 mechanism.
1192 1130 83 30 Pull
1309 1139 22 21 a
1366 1131 137 36 string,
1538 1139 48 22 an
1620 1139 81 22 arm
1738 1140 91 29 goes
1866 1141 62 30 up;
1965 1135 163 30 another

139 1192 126 36 string
286 1192 74 29 and
384 1191 31 29 it
438 1191 131 36 bends,
593 1191 164 30 another
779 1192 138 37 string,
940 1193 73 30 and
1038 1193 31 30 it
1093 1200 122 23 comes
1239 1193 137 30 round.
1400 1193 207 37 Nowadays
1630 1202 21 21 a
1675 1202 86 22 man
1786 1196 169 30 controls
1978 1196 48 30 all
2049 1197 78 30 this

140 1255 71 29 but
234 1254 122 36 might
377 1254 32 28 it
432 1254 68 29 not
521 1253 164 37 perhaps
708 1255 45 29 be
775 1254 164 37 possible
961 1256 88 29 that
1072 1256 41 29 at
1135 1263 21 21 a
1181 1254 99 31 later
1302 1256 89 30 date
1414 1263 57 23 we
1503 1263 84 29 may
1609 1256 96 30 have
1728 1257 108 30 these
1859 1258 100 31 little
1981 1258 146 37 figures

140 1316 169 37 brought
330 1317 41 29 to
394 1324 41 22 so
459 1317 110 36 great
593 1324 21 22 a
637 1317 231 30 mechanical
892 1317 210 37 perfection
1125 1318 87 29 that
1234 1318 91 37 they
1348 1326 85 29 may
1456 1319 67 29 not
1546 1319 94 29 need
1664 1319 65 30 the
1753 1320 207 31 assistance
1983 1320 38 32 of
2042 1322 87 30 that

140 1379 143 30 human
307 1378 186 38 machine,
523 1386 85 23 man

211 1442 236 30 Bernardino
471 1442 120 36 Baldi,
634 1443 124 29 Abbot
781 1442 38 30 of
842 1442 206 37 Guastalla,
1071 1443 85 29 who
1179 1451 77 21 was
1281 1443 90 29 both
1395 1444 89 35 poet
1514 1444 73 28 and
1626 1445 272 35 geometrician
1935 1446 73 29 and
2042 1447 85 29 who

140 1505 122 29 wrote
285 1503 39 31 of
345 1505 249 29 Marionettes
618 1505 38 28 in
680 1503 97 38 1589,
801 1504 169 30 declares
993 1512 21 22 a
1038 1504 223 37 knowledge
1286 1505 39 29 of
1347 1505 263 30 mathematics
1633 1506 41 29 to
1697 1507 46 29 be
1767 1508 179 30 essential
1968 1509 42 29 to
2026 1509 103 30 their

141 1567 264 30 construction
429 1588 11 15 ,
464 1567 73 29 and
560 1567 67 29 the
649 1566 110 31 value
783 1566 38 31 of
843 1568 92 29 such
960 1567 224 37 knowledge
1205 1568 42 29 to
1272 1568 91 29 both
1386 1568 68 30 the
1478 1569 243 30 constructor
1748 1569 73 30 and
1851 1571 66 29 the
1955 1572 148 36 manipu-

142 1629 101 31 lator
264 1630 32 30 is
320 1636 88 30 easy
430 1630 41 29 to
495 1629 248 30 understand.

210 1691 65 31 We
299 1699 65 22 are
386 1691 80 30 told
488 1691 87 30 that
598 1692 38 28 in
662 1692 139 30 Greece
826 1701 21 21 a
870 1693 64 29 life
956 1694 102 30 sized
1082 1693 126 36 figure
1231 1700 77 22 was
1332 1700 94 22 once
1450 1693 108 29 made
1583 1694 47 36 by
1653 1701 48 22 an
1725 1695 115 29 artist
1863 1696 195 30 mechanic
2087 1697 39 29 in

139 1755 94 29 such
257 1762 126 29 away
405 1754 87 29 that
513 1754 167 30 without
703 1755 208 30 assistance
935 1756 31 29 if
990 1754 109 31 could
1125 1763 106 22 move
1255 1756 51 29 its
1329 1755 81 37 legs
1433 1755 73 30 and
1531 1763 101 22 arms
1656 1757 73 29 and
1753 1758 165 30 advance
1943 1765 101 29 upon
2059 1759 66 30 the

142 1816 202 31 beholders
366 1817 41 29 to
429 1816 125 30 whom
578 1817 32 29 it
633 1825 94 28 gave
750 1825 21 22 a
794 1817 178 37 blessing.
996 1818 88 30 This
1108 1819 221 29 movement
1351 1825 76 22 was
1462 1819 136 29 caused
1633 1820 48 36 by
1717 1819 66 30 the
1820 1827 175 30 mercury
2031 1822 94 29 with

141 1879 124 30 which
288 1880 33 30 it
342 1887 78 22 was
442 1878 119 37 filled,
606 1880 67 29 the
696 1881 144 28 inward
865 1881 263 29 construction
1153 1880 38 30 of
1212 1881 66 29 the
1301 1880 125 37 figure
1449 1881 146 36 setting
1616 1881 66 29 the
1713 1889 176 30 mercury
1911 1883 38 29 in
1981 1884 144 30 motion

145 1943 73 29 and
241 1942 91 35 this,
356 1942 40 29 in
419 1943 50 28 its
491 1943 107 35 turn,
620 1942 147 36 setting
789 1943 39 28 in
852 1943 145 30 motion
1019 1943 68 30 the
1109 1943 139 37 figure;
1271 1942 113 31 while
1408 1943 170 29 mention
1603 1945 32 28 is
1659 1944 107 29 made
1790 1943 38 31 of
1850 1945 92 29 such
1959 1953 22 21 a
2002 1944 125 38 figure

146 2006 48 36 by
209 2004 197 37 Aristotle,
422 2004 85 30 who
533 2004 139 30 admits
694 2004 86 30 that
795 2005 31 29 it
847 2013 78 21 was
947 2005 66 30 the
1031 2013 175 29 mercury
1222 2006 123 29 which
1356 2006 68 29 she
1442 2006 201 29 contained
1659 2006 124 30 which
1799 2014 94 30 gave
1910 2010 217 29 movement

145 2068 41 29 to
208 2067 67 30 the
297 2066 148 30 famous
467 2067 159 29 wooden
650 2067 127 30 Venus
801 2068 212 29 attributed
1037 2068 41 29 to
1102 2067 200 31 Daedolus.

215 2129 171 30 Another
408 2136 129 23 means
561 2127 39 32 of
621 2129 158 36 causing
800 2129 67 30 the
888 2128 146 38 figures
1055 2131 42 28 to
1121 2138 108 22 move
1251 2138 78 21 was
1352 2131 48 35 by
1422 2130 65 30 the
1511 2138 128 28 power
1662 2130 39 30 of
1722 2139 21 22 a
1767 2134 167 35 magnet,
1950 2133 38 30 of
2004 2134 121 29 which

145 2199 57 22 we
225 2192 96 29 have
344 2198 48 23 an
415 2190 172 36 example
610 2191 39 29 in
671 2190 67 30 the
761 2191 226 36 inscription
1011 2192 111 36 given
1146 2192 47 36 by
1228 2192 161 29 Diodore
1423 2190 38 31 of
1496 2192 67 29 the
1602 2194 235 29 ceremonies
1873 2195 124 30 which
2033 2195 94 30 took

143 2253 105 36 place
272 2254 39 28 in
334 2253 67 29 the
424 2251 143 37 temple
591 2251 38 31 of
666 2253 217 35 Heliopolis.
899 2267 16 10 -
1000 2254 119 30 When
1153 2254 67 28 the
1254 2253 71 36 god
1359 2254 142 29 wished
1524 2255 40 28 to
1603 2253 145 31 deliver
1784 2255 57 29 his
2079 2258 46 30 he

142 2315 89 30 tells
255 2324 58 28 us,
393 2315 66 30 the
481 2315 143 35 statue,
647 2315 123 29 which
794 2323 77 22 was
894 2315 38 30 of
955 2315 100 37 gold,
1099 2315 133 30 moved
1257 2315 37 30 of
1317 2315 115 37 itself;
1455 2315 30 30 if
1504 2316 66 29 the
1593 2317 139 35 priests
1754 2317 157 38 delayed
1948 2320 42 29 to
2026 2321 100 29 raise

144 2378 31 29 it
198 2386 48 23 on
269 2379 104 29 their
395 2376 200 32 shoulders
617 2377 32 29 it
671 2376 197 37 struggled
892 2378 73 29 and
990 2378 133 30 moved
1148 2379 124 35 again.
1296 2378 120 30 When
1440 2378 92 37 they
1555 2378 71 30 had
1650 2378 117 30 taken
1791 2380 31 29 it
1845 2382 73 28 and
1942 2380 129 37 placed
2096 2383 31 28 it

145 2449 48 22 on
218 2449 21 21 a
261 2440 109 30 litter
392 2441 32 28 it
447 2439 59 30 led
528 2439 105 30 them
657 2439 72 30 and
754 2438 148 37 obliged
927 2439 104 30 them
1054 2441 41 28 to
1119 2439 109 30 make
1251 2439 146 31 several
1419 2440 127 30 turns.
1583 2440 49 29 At
1667 2440 75 30 last
1776 2441 67 30 the
1882 2442 89 37 high
2007 2444 121 35 priest

146 2503 204 37 presented
374 2500 153 31 himself
549 2500 128 31 before
699 2501 68 30 the
790 2502 128 29 statue
941 2501 38 30 of
1000 2502 66 29 the
1089 2502 71 36 god
1184 2502 74 29 and
1281 2503 70 35 put
1372 2503 42 28 to
1438 2502 76 29 him
1541 2502 66 30 the
1644 2503 198 36 questions
1879 2512 48 23 on
1950 2506 123 30 which
2096 2507 32 29 it

146 2573 79 23 was
240 2564 144 31 wished
401 2566 40 28 to
459 2562 150 32 consult
624 2564 91 30 him.
733 2563 29 31 If
777 2563 157 37 Apollon
952 2565 248 35 disapproved
1218 2563 39 31 of
1271 2564 66 30 the
1356 2566 214 34 enterprise
1586 2564 67 30 the
1679 2566 128 30 statue
1837 2567 103 30 drew
1970 2568 114 36 back;
2100 2568 29 31 if

145 2629 48 29 he
210 2628 189 36 approved
424 2626 38 30 of
484 2627 32 28 it
537 2627 33 29 it
591 2626 144 36 pushed
760 2627 51 29 its
834 2627 155 29 bearers
1011 2625 166 31 forward
1202 2634 40 22 as
1266 2625 28 31 if
1316 2627 172 36 drawing
1509 2627 106 29 them
1639 2628 93 29 with
1762 2629 117 29 reins.
1932 2631 80 29 And
2081 2632 47 29 he

147 2692 92 29 adds
263 2691 39 29 in
327 2688 232 36 conclusion,
618 2689 68 29 the
708 2688 141 37 priests
874 2689 140 36 having
1035 2688 116 30 taken
1174 2689 68 29 the
1265 2689 129 30 statue
1417 2696 48 22 on
1489 2689 104 30 their
1609 2689 198 32 shoulders
1824 2691 32 30 it
1871 2690 72 31 left
1957 2693 106 30 them
2080 2702 47 21 on

146 2754 68 29 the
237 2752 147 37 ground
417 2752 73 29 and
513 2750 123 30 raised
659 2749 106 32 itself
787 2750 107 38 quite
918 2750 109 31 alone
1049 2752 166 28 towards
1236 2751 68 29 the
1327 2750 108 31 vault
1457 2749 38 31 of
1516 2752 67 29 the
1605 2751 143 38 temple

215 2816 89 30 Now
325 2814 111 30 there
459 2821 121 22 seems
604 2821 49 22 no
675 2821 134 22 reason
833 2814 86 37 why
942 2822 61 29 my
1026 2813 109 37 keen,
1159 2813 124 30 clever
1306 2815 72 28 and
1402 2813 194 37 energetic
1629 2815 264 37 countrymen,
1929 2817 202 38 especially

147 2878 110 29 those
279 2877 86 30 who
387 2876 110 29 dwell
521 2876 39 29 in
586 2875 141 35 Berlin,
749 2875 135 30 should
908 2877 69 28 not
999 2884 91 21 soon
1116 2877 142 28 master
1279 2876 109 29 these
1412 2877 161 29 matters
1596 2875 39 30 of
1667 2884 174 31 mercury
1870 2879 73 29 and
1977 2881 154 35 magnet

149 2940 72 28 and
244 2939 163 36 produce
430 2945 102 22 some
554 2936 144 37 figures
721 2937 152 36 capable
896 2937 38 29 of
955 2938 201 37 exquisite,
1181 2937 30 29 if
1233 2937 245 36 mechanical,
1501 2940 228 28 movement.
1752 2938 155 39 Though
1924 2949 94 22 even
2035 2942 93 29 then

149 3000 68 30 the
239 2998 192 38 difficulty
452 2999 124 30 would
601 3000 69 29 not
692 3000 45 29 be
760 2999 134 35 ended,
915 2999 60 30 for
998 3000 32 29 it
1052 3000 33 30 is
1108 3008 71 22 one
1202 3000 113 36 thing
1336 3001 42 28 to
1402 2999 108 31 make
1533 3008 20 21 a
1577 3000 103 36 piece
1715 2999 38 31 of
1789 3003 230 29 mechanism
2056 3005 73 28 and

151 3061 163 29 another
337 3062 42 27 to
402 3061 60 29 set
484 3060 33 30 it
538 3061 41 28 to
603 3060 52 30 its
678 3060 105 36 right
808 3069 79 26 use,
909 3063 72 28 and
1005 3060 101 31 after
1127 3062 68 29 the
1212 3062 230 29 mechanism
1460 3060 38 31 of
1512 3062 109 29 these
1636 3061 145 37 figures
1797 3064 33 29 is
1847 3065 106 30 made
1968 3065 163 37 perhaps

151 3131 56 22 we
231 3121 96 31 shall
353 3123 94 29 have
468 3123 41 28 to
532 3130 46 27 go
601 3123 41 28 to
667 3121 140 31 France
830 3131 43 21 or
896 3123 168 37 England
1087 3125 41 29 to
1151 3123 81 31 find
1254 3124 111 30 those
1388 3124 85 30 who
1509 3123 96 31 shall
1644 3123 111 32 know
1788 3126 85 30 how
1905 3128 42 29 to
1984 3129 147 28 extract

151 3186 73 29 and
248 3185 157 37 conjure
422 3191 103 22 some
548 3184 139 36 beauty
709 3182 96 31 from
829 3185 33 29 it
884 3185 63 30 all.
1059 3193 46 25 &
1231 3193 46 25 &
1744 3194 47 25 &
1915 3195 46 25 &
2085 3197 46 25 &

220 3248 71 30 For
313 3247 105 30 what
440 3246 134 30 artists
595 3246 67 29 the
685 3254 126 29 young
834 3246 242 38 Englishmen
1093 3257 63 22 are
1174 3250 127 29 beside
1317 3250 67 29 the
1400 3249 231 36 Americans,
1655 3249 39 29 in
1711 3258 42 21 so
1770 3258 112 30 many
1902 3252 116 30 traits
2041 3253 88 30 akin

150 3312 41 29 to
230 3318 44 22 us
290 3311 10 29 I
325 3310 52 37 By
398 3309 68 29 the
489 3308 80 30 side
593 3307 38 30 of
652 3308 109 29 these
785 3309 83 29 how
890 3318 46 21 an
963 3311 242 36 Englishman
1230 3311 130 30 shines
1377 3312 9 28 !
1410 3312 150 33 Indeed,
1581 3319 128 29 young
1732 3312 168 37 England
1940 3322 191 29 possesses

151 3371 182 40 probably
349 3379 104 22 more
477 3370 134 31 artists
634 3370 94 29 with
752 3378 21 21 a
796 3378 103 22 more
921 3372 110 30 virile
1054 3374 73 29 and
1151 3373 279 36 distinguished
1454 3380 109 23 sense
1587 3371 39 32 of
1647 3373 152 38 beauty,
1816 3383 85 30 nay,
1917 3377 94 29 with
2028 3384 103 22 more

150 3436 143 35 brains,
308 3434 94 31 than
426 3441 75 30 any
524 3433 112 30 other
657 3433 165 29 western
846 3434 114 30 state.
1059 3442 45 25 &

219 3499 73 30 But
314 3499 42 29 to
379 3497 132 37 glance
535 3496 113 36 again
672 3495 99 30 most
795 3495 133 37 briefly
951 3498 40 28 at
1012 3498 66 29 the
1102 3498 148 36 history
1272 3497 39 31 of
1331 3498 67 30 the
1421 3498 245 31 Marionette.
2085 3507 47 25 &

218 3562 98 36 Very
337 3559 61 31 far
420 3558 97 32 back
539 3565 129 24 across
691 3558 67 29 the
782 3558 194 30 centuries
1000 3568 84 28 may
1106 3568 56 23 we
1183 3561 108 30 trace
1313 3560 66 31 the
1402 3562 217 34 procession
1643 3560 39 31 of
1703 3562 78 29 this
1814 3561 117 31 silent
1966 3570 87 23 race
2089 3564 42 29 to

147 3624 102 29 their
271 3624 148 29 remote
443 3622 126 37 origin
593 3622 38 29 in
654 3620 67 30 the
745 3619 126 37 figure
895 3619 39 31 of
955 3621 66 30 the
1045 3623 93 36 gods
1162 3624 38 28 in
1225 3623 134 37 Egypt.
1383 3622 73 31 For
1476 3623 67 30 the
1567 3623 102 30 little
1692 3623 146 37 figures
1860 3625 123 29 which
2007 3626 31 29 it
2064 3629 68 27 has

149 3685 152 30 become
322 3685 67 30 the
413 3686 150 29 custom
587 3685 42 29 to
651 3683 107 30 treat
782 3690 40 22 as
845 3683 216 38 something
1083 3685 143 37 trivial,
1249 3686 163 35 perhaps
1434 3693 94 23 even
1551 3686 134 30 rather
1707 3686 295 38 contemptable,
2025 3695 22 23 a
2077 3689 37 29 di-

151 3748 149 29 version
323 3746 62 31 for
407 3747 172 31 children
603 3746 102 37 only,
728 3746 95 29 have
847 3752 21 22 a
906 3746 99 29 most
1038 3746 112 31 noble
1187 3748 188 37 ancestry.
1412 3747 51 30 To
1500 3749 116 36 quote
1652 3750 60 29 Mr
1746 3749 139 32 Ernest
1916 3750 215 36 Maindron,

203 3808 101 38 They
326 3818 107 22 come
455 3809 98 31 from
577 3808 60 31 far
660 3816 118 29 away.
803 3806 101 38 They
938 3807 95 31 have
1067 3809 95 29 been
1198 3810 67 29 the
1309 3810 62 36 joy
1414 3810 39 29 of
1487 3811 67 30 the
1591 3812 263 29 unnumbered
1888 3813 244 35 generations

200 3871 121 31 which
344 3873 184 36 preceded
552 3879 72 23 our
647 3879 98 28 own;
768 3871 93 36 they
885 3871 94 29 have
1002 3871 149 36 gained,
1173 3872 93 30 with
1291 3879 71 23 our
1377 3873 124 29 direct
1516 3874 207 37 ancesters,
1739 3881 113 30 many
1867 3875 74 29 and
1962 3875 170 31 brilliant

2189 397 46 26 &
2305 393 30 29 A
2358 391 119 33 NOTE
2499 393 57 30 ON

2190 454 366 34 MARIONETTES

2189 1710 46 25 j&
2314 1702 159 33 Secrets
2496 1701 47 32 of

2190 1766 241 30 movement.

2198 3528 147 31 T7ieir
2384 3530 178 37 history.
