2308 4175
2036 262 49 36 89

89 379 45 41 li.
179 390 162 31 Greater
363 389 212 36 advantage
597 386 125 32 would
746 394 136 24 accrue
904 388 41 29 to
967 387 66 31 the
1057 388 108 36 stage
1187 386 29 32 if
1237 388 31 30 it
1291 386 162 32 assisted
1477 387 38 30 in
1538 387 67 30 the
1628 387 205 31 education
1856 386 40 32 of
1912 388 92 31 ALL
2027 388 52 30 its

202 453 133 30 artists
357 459 40 23 as
420 451 190 29 indicated
634 451 39 28 in
696 457 149 23 answer
867 450 67 30 No.
958 456 28 23 i.

92 513 55 34 IV.
201 516 13 29 1
240 521 116 24 never
377 520 77 22 saw
478 512 127 36 Irving
617 519 44 22 or
675 511 156 38 Salvini,
845 513 69 29 but
925 512 173 29 Madame
1123 512 216 31 Bernhardt
1351 513 73 30 and
1442 513 172 29 Madame
1633 512 100 30 Duse
1750 512 95 31 have
1861 513 98 29 done
1976 520 105 22 more

201 579 41 28 to
264 576 127 30 create
414 583 21 21 a
457 574 249 31 sentimental
731 576 135 29 unrest
887 575 39 29 in
956 575 67 29 the
1055 574 102 30 mind
1195 574 39 30 of
1269 576 67 29 the
1374 574 158 31 modern
1570 574 72 37 girl
1679 574 94 31 than
1811 573 49 31 all
1898 574 68 30 the
2002 575 80 30 Mrs

204 637 236 31 Pankhursts
463 637 87 30 that
575 645 88 23 ever
693 637 112 31 lived.
851 637 76 31 The
962 637 210 29 exhibition
1203 636 39 31 of
1273 639 174 36 weeping
1481 637 98 38 grief
1613 638 73 29 and
1711 639 255 29 monotonous
1990 644 91 30 grey

203 699 124 38 gloom
351 698 38 30 of
410 699 65 30 the
499 698 281 38 Tragediennes
804 698 38 31 of
863 699 116 37 today
1003 699 66 30 has
1092 699 142 36 proved
1257 708 93 29 very
1374 701 269 37 dangerous,...
1674 708 106 22 more
1809 707 56 29 so,
1900 700 12 29 1
1946 698 135 31 should

201 770 79 29 say,
303 762 94 30 than
419 762 88 30 that
529 760 38 32 of
589 762 65 30 the
677 761 248 31 sentimental
952 760 208 32 novelette.
1205 760 30 30 If
1255 762 67 30 the
1345 762 106 30 State
1474 764 151 29 wanted
1649 764 40 29 to
1718 764 44 29 be
1797 761 38 31 of
1867 762 144 30 service
2041 763 41 29 to

202 823 104 31 itself
328 825 32 28 it
395 823 126 31 would
556 824 74 30 ban
663 822 50 32 all
746 825 92 29 such
872 823 183 31 so-called
1131 824 194 36 tragedies
1400 832 39 22 as
1594 826 116 30 Dame
1744 833 72 23 aux

487 886 117 31 Tosca
664 886 98 31 until
786 887 66 30 the
877 886 99 31 chief
998 887 146 30 actress
1169 886 71 31 had
1265 887 111 36 given
1400 887 68 30 her
1491 895 204 24 assurance
1719 889 68 29 not
1800 889 42 29 to
1860 896 64 30 cry
1940 888 141 36 during

200 949 66 30 the
289 948 85 38 play
397 957 44 22 or
463 950 203 30 otherwise
689 949 133 37 appeal
844 948 62 32 for
927 948 202 39 sympathy
1153 957 48 22 on
1225 949 65 30 the
1315 950 99 30 basis
1439 948 38 32 of
1499 950 319 38 sentimentality.

410 1131 223 49 Walter
666 1131 330 49 Pritchard
1025 1133 201 47 Eaton.
1426 1130 148 48 New
1616 1131 167 49 York.

92 1251 28 29 I.
201 1250 13 28 1
240 1247 142 32 believe
404 1249 88 29 that
515 1249 37 29 in
576 1249 173 29 America
779 1256 21 22 a
822 1247 175 32 National
1028 1247 163 32 Theatre
1223 1248 31 30 is
1289 1248 68 29 not
1391 1247 115 37 likely
1540 1248 41 29 to
1614 1255 172 31 prosper,
1822 1249 161 30 because
2015 1246 66 33 the

204 1313 138 30 United
365 1312 129 30 States
517 1311 67 30 has
608 1318 48 22 no
680 1310 137 37 capital
840 1312 38 28 in
901 1310 67 30 the
990 1318 111 22 sense
1123 1310 88 30 that
1234 1310 119 37 Paris,
1379 1311 154 30 London
1557 1318 43 22 or
1624 1310 126 30 Berlin
1778 1319 65 22 are
1868 1310 169 38 capitals.
2068 1312 13 28 I

205 1376 47 30 do
275 1374 159 37 believe,
457 1374 188 36 however,
668 1373 87 30 that
776 1373 153 29 various
951 1373 169 29 sections
1143 1372 38 30 of
1203 1373 67 29 the
1294 1374 176 35 country,
1494 1380 41 22 as
1559 1373 88 30 New
1664 1372 113 39 York,
1795 1374 87 31 New
1899 1373 183 38 England,

205 1439 67 29 the
295 1437 140 31 Middle
457 1437 119 36 West,
598 1435 194 38 (Chicago)
815 1435 73 29 and
912 1435 66 30 the
1002 1434 139 31 Pacific
1164 1435 127 37 Coast,
1325 1436 90 37 (San
1447 1432 215 41 Prancisco)
1696 1435 110 32 could
1840 1437 73 30 and
1946 1435 135 31 should

208 1499 249 37 individually
480 1498 184 30 maintain
688 1505 48 21 an
759 1498 181 29 endowed
974 1497 166 36 theatre,
1174 1498 184 36 managed
1397 1498 47 36 by
1479 1506 21 21 a
1536 1498 219 30 committee
1793 1500 73 29 and
1903 1496 179 33 removed

206 1564 99 30 from
328 1561 150 38 politics
501 1569 47 22 on
571 1561 66 29 the
661 1568 71 22 one
763 1560 114 36 hand,
910 1559 99 31 from
1044 1561 158 35 present
1235 1561 318 36 indiosyncrasies
1588 1566 47 24 on
1670 1562 66 29 the
1770 1559 124 33 other.
1939 1562 39 29 In
2015 1562 67 29 the

207 1627 129 29 States
358 1625 66 29 the
446 1624 70 29 Art
538 1621 38 32 of
598 1623 66 29 the
689 1622 163 31 Theatre
876 1623 32 29 is
931 1621 78 31 still
1034 1621 133 32 looked
1193 1630 101 28 upon
1317 1622 93 30 with
1437 1623 66 29 too
1526 1622 101 31 little
1656 1622 137 32 favour
1821 1623 61 31 for
1911 1625 69 29 out
2008 1624 74 29 and

207 1688 69 29 out
299 1686 252 37 government
575 1686 256 29 endowment.
877 1685 153 30 Private
1054 1686 243 29 endowment
1320 1686 103 29 must
1446 1693 104 22 come
1573 1685 101 36 first,
1708 1685 59 31 till
1800 1686 66 31 the
1895 1683 127 39 public
2050 1683 32 33 is

205 1749 185 31 educated
412 1750 42 28 to
477 1755 62 23 see
562 1748 87 30 that
670 1748 66 30 the
760 1747 87 38 play
881 1748 118 30 house
1033 1748 32 30 is
1098 1748 219 37 something
1351 1755 105 23 more
1489 1749 95 29 than
1617 1748 227 32 vaudeville.
1890 1750 65 30 We
1988 1750 94 30 have

209 1813 116 35 hopes
348 1810 39 31 of
409 1818 71 23 our
503 1811 87 30 New
614 1810 162 31 Theatre
800 1811 38 28 in
873 1811 88 30 New
995 1809 102 31 York
1131 1811 97 36 City.
1355 1816 45 25 &

98 1875 45 30 11.
211 1875 97 30 lam
332 1875 70 29 not
424 1874 220 36 competent
664 1874 41 29 to
729 1880 162 23 answer.

99 1939 61 29 111.
210 1938 14 29 1
250 1938 46 29 do
320 1938 68 29 not
410 1944 63 22 see
495 1936 87 37 why
604 1936 67 30 the
695 1936 98 37 body
816 1935 38 30 of
877 1936 134 30 artists
1034 1936 38 29 in
1096 1944 22 22 a
1140 1935 174 31 National
1338 1935 162 31 Theatre
1525 1944 183 29 company
1741 1938 94 29 need
1869 1938 41 29 to
1945 1938 45 30 be
2017 1945 44 23 ne-

210 1998 180 38 cessarily
452 1998 73 31 less
797 1999 12 28 1
828 2006 67 22 can
918 1997 117 37 speak
1059 1997 87 38 only
1168 1997 61 31 for
1251 1997 188 36 America,
1463 1999 69 29 but
1555 1999 90 30 here
1669 2007 71 22 our
1762 1999 167 36 political
1963 1999 119 31 ideals

211 2061 125 31 would
360 2062 69 29 not
450 2061 141 36 permit
614 2068 43 22 us
691 2061 41 29 to
766 2061 135 29 endow
924 2061 148 35 private
1095 2060 243 30 individuals.
1381 2060 49 30 As
1454 2061 13 29 I
1499 2060 192 38 naturally
1722 2062 233 37 sympathise
1988 2063 93 29 with

212 2125 107 29 these
343 2123 118 31 ideals
484 2124 13 29 I
521 2123 135 30 should
681 2124 68 28 not
771 2124 41 28 at
833 2131 75 29 any
929 2124 94 28 time
1186 2129 46 25 &
2036 2130 46 25 jsr

103 2187 57 30 VI.
212 2187 95 29 have
329 2185 114 31 voted
466 2185 101 30 state
589 2186 161 35 support
771 2186 41 29 to
837 2186 98 29 Duse
959 2192 43 23 or
1025 2185 227 30 Bernhardt.
1296 2186 33 29 It
1351 2192 121 23 seems
1493 2187 40 28 to
1564 2193 66 22 me
1656 2194 22 21 a
1700 2187 107 29 State
1830 2185 174 38 Theatre,
2034 2187 48 36 by

211 2248 173 36 creating
407 2256 21 21 a
449 2247 198 36 standard,
671 2248 147 29 creates
841 2255 21 22 a
885 2248 249 35 competition
1158 2248 47 36 by
1226 2247 122 30 which
1372 2248 147 35 private
1541 2248 134 29 artists
1698 2248 102 29 must
1822 2249 100 35 gain,
1945 2269 36 9 ...
2007 2249 74 28 and

210 2318 41 22 as
273 2310 66 30 the
362 2310 148 36 private
533 2310 135 29 artists
691 2310 86 35 gain
800 2310 73 28 and
898 2317 104 28 grow
1026 2310 139 35 better,
1188 2317 42 22 so
1252 2310 66 29 the
1341 2309 142 30 State's
1505 2310 181 30 standard
1710 2310 31 30 is
1775 2310 217 37 constantly
2021 2319 40 21 re-

210 2372 132 31 newed
365 2372 74 30 and
462 2371 145 37 pushed
632 2370 125 38 along.
802 2372 75 29 Has
899 2372 32 29 it
953 2372 67 29 not
1043 2372 95 29 been
1162 2379 40 22 so
1225 2372 39 29 in
1289 2371 136 30 Paris?

441 2532 359 47 Herbert
870 2532 335 47 Trench.
1385 2531 355 48 London.

102 2651 24 29 I.
212 2650 12 29 I
247 2649 61 30 do.
332 2648 33 29 It
387 2648 30 29 is
442 2648 37 29 of
501 2649 145 29 service
668 2649 41 28 to
732 2648 103 29 their
859 2646 267 38 development
1148 2647 218 38 indirectly.
1400 2648 195 36 Anything
1616 2648 123 29 which
1755 2649 32 29 is
1805 2656 21 22 a
1842 2650 239 35 recognition

212 2712 47 36 by
280 2711 67 29 the
369 2711 107 29 State
500 2709 38 30 of
560 2710 66 29 the
650 2710 236 35 importance
911 2706 37 33 of
965 2711 110 35 great
1091 2711 74 35 art,
1182 2711 103 28 must
1300 2709 206 38 indirectly
1521 2716 108 24 serve
1646 2710 133 29 artists
1797 2711 46 36 by
1866 2711 215 36 increasing

212 2773 129 37 public
362 2773 151 35 respect
534 2771 61 31 for
617 2772 66 29 the
707 2770 146 31 artist's
878 2771 65 30 life
967 2771 72 30 and
1063 2771 60 30 for
1147 2772 67 29 the
1237 2771 147 30 artist's
1406 2771 188 31 function.
1639 2771 164 37 Perhaps
1819 2772 67 31 the
1910 2772 99 30 chief
2027 2772 53 30 dif

210 2835 135 38 ficulty
368 2834 39 31 of
429 2843 48 22 an
501 2834 148 30 artist's
665 2833 64 31 life
753 2835 31 29 is
807 2834 66 30 the
897 2834 225 31 cultivation
1146 2834 39 30 of
1207 2834 72 30 self
1300 2835 150 36 respect
1472 2835 38 29 in
1533 2835 67 29 the
1622 2833 82 31 face
1721 2834 38 30 of
1774 2834 126 37 public
1917 2834 164 37 neglect.

210 2898 77 30 The
310 2898 193 30 existence
527 2896 39 31 of
588 2905 21 21 a
632 2896 174 31 National
831 2896 164 30 Theatre
1018 2896 92 37 will,
1127 2897 178 29 however
1320 2896 217 37 indirectly,
1555 2897 219 29 contribute
1789 2897 41 29 to
1847 2897 67 29 the
1930 2898 150 35 growth

211 2959 38 30 of
270 2959 66 30 the
360 2959 155 30 Artist's
537 2959 71 30 self
630 2961 163 35 respect.
837 2960 12 29 I
871 2959 125 30 would
1021 2959 191 37 however,
1235 2958 143 38 qualify
1402 2967 61 29 my
1486 2958 106 38 reply
1614 2960 47 36 by
1684 2960 195 36 assuming
1899 2959 87 30 that
2013 2960 67 29 the

211 3020 181 37 practical
417 3022 188 29 direction
629 3021 39 31 of
691 3022 92 30 such
807 3029 22 22 a
851 3021 163 31 Theatre
1037 3020 125 31 would
1186 3021 121 37 really
1329 3023 82 29 rest
1433 3022 94 29 with
1552 3029 72 22 one
1649 3022 174 29 Director
1856 3022 139 36 having
2028 3022 36 30 al-

212 3083 101 29 most
334 3083 217 29 dictatorial
574 3091 162 29 powers,
759 3083 73 29 and
855 3083 67 30 the
946 3083 148 31 control
1119 3083 38 30 of
1178 3084 67 30 the
1270 3084 227 30 Committee
1520 3083 126 30 would
1671 3084 44 29 be
1732 3083 38 30 of
1785 3084 64 30 the
1865 3083 216 31 slenderest

212 3144 106 31 kind.
363 3144 188 31 Practical
576 3144 149 31 control
750 3146 47 36 by
821 3153 21 22 a
866 3146 228 30 Committee
1119 3145 39 30 of
1180 3147 92 29 such
1296 3154 49 21 an
1368 3147 216 35 enterprise
1614 3145 125 30 would
1771 3147 44 29 be
1845 3145 234 37 impossible.

102 3208 41 30 11.
210 3208 63 36 My
295 3207 244 30 observation
563 3207 67 29 has
654 3207 132 30 shown
810 3215 59 22 me
891 3208 88 30 that
1000 3209 67 29 the
1091 3210 171 35 greatest
1289 3207 210 31 individual
1530 3206 135 32 talent
1701 3208 32 30 is
1770 3208 150 37 usually
1955 3210 42 28 to
2035 3209 45 29 be

209 3269 118 31 found
351 3270 39 29 in
412 3269 68 30 the
503 3268 183 31 Theatres
710 3268 38 31 of
769 3270 146 36 private
938 3271 235 36 enterprise:
1209 3272 68 28 but
1310 3271 69 29 not
1411 3271 66 29 the
1499 3268 98 41 [best
1626 3271 130 36 acting
1790 3269 38 31 of
1858 3271 222 36 Companies

209 3332 118 30 taken
351 3340 41 22 as
416 3340 21 21 a
459 3331 138 30 whole.

100 3396 58 29 111.
211 3396 13 28 1
245 3393 114 31 think
381 3394 88 30 that
490 3394 68 30 the
582 3393 175 31 methods
779 3394 191 31 indicated
993 3396 39 29 in
1054 3396 66 30 the
1143 3396 177 36 question
1345 3402 64 22 are
1433 3396 69 28 not
1534 3394 230 38 necessarily
1798 3394 187 37 mutually
2018 3402 42 21 ex-

210 3457 155 31 clusive.
412 3458 117 29 Great
551 3457 214 35 advantage
788 3456 123 30 would
936 3466 134 21 accrue
1094 3457 29 30 if
1143 3458 67 29 the
1233 3458 107 29 State
1362 3457 208 36 pensioned
1595 3457 106 37 early
1734 3458 39 28 in
1806 3456 65 30 life
1904 3457 175 35 separate

209 3521 73 28 and
306 3518 210 32 individual
541 3519 134 30 artists
692 3517 38 30 of
751 3518 139 36 special
912 3518 137 38 talent,
1072 3516 168 34 besides
1263 3518 202 38 endowing
1488 3520 145 29 certain
1650 3519 186 30 dramatic
1852 3518 227 36 companies.

101 3584 55 30 IV.
212 3584 12 28 1
247 3581 136 32 should
407 3582 95 31 have
524 3581 114 31 voted
661 3580 61 31 for
743 3581 66 29 the
831 3581 293 31 establishment
1146 3582 38 30 of
1219 3581 175 32 National
1431 3581 183 31 Theatres
1637 3582 73 30 and
1733 3581 61 30 for
1821 3580 66 30 the
1922 3587 158 23 reasons

208 3645 193 30 Indicated
424 3644 127 38 partly
574 3644 39 30 In
637 3643 59 38 (i)
720 3644 138 29 above:
882 3645 73 29 and
979 3645 126 37 partly
1127 3644 60 30 for
1209 3645 66 29 the
1298 3652 136 22 reason
1451 3645 123 29 which
1592 3643 104 31 leads
1712 3651 58 22 me
1786 3643 41 30 to
1844 3643 45 30 be
1905 3642 174 38 strongly

208 3709 38 28 in
269 3707 136 31 favour
427 3707 39 30 of
486 3707 67 30 the
577 3707 194 30 existence
786 3705 38 30 of
846 3713 48 22 an
918 3707 186 37 Academy
1127 3706 38 31 of
1188 3707 151 31 Letters
1362 3707 115 38 (such
1499 3714 41 23 as
1562 3707 67 30 the
1653 3706 187 36 Academy
1853 3706 39 29 in
1909 3704 170 40 Prance).

210 3770 32 30 It
256 3770 31 30 is
310 3778 41 22 as
374 3770 111 30 much
507 3769 62 31 for
590 3770 67 29 the
680 3767 143 32 State's
846 3776 84 22 own
953 3768 91 31 sake
1068 3770 24 29 i.
1115 3777 33 23 e.
1171 3768 61 32 for
1253 3770 67 30 the
1343 3768 92 32 sake
1458 3768 39 31 of
1512 3769 66 30 the
1595 3768 201 37 organised
1814 3768 132 30 nation
1962 3768 117 37 itself,

209 3833 105 35 quite
337 3841 42 21 as
402 3833 111 30 much
544 3840 40 22 as
620 3831 61 31 for
718 3839 74 30 any
830 3830 145 31 benefit
1010 3833 41 28 to
1087 3832 68 30 the
1192 3832 211 31 individual
1440 3832 128 36 artist,
1605 3832 88 29 that
1729 3832 12 28 I
1778 3829 125 32 would
1927 3831 94 31 have
2059 3839 21 23 a

203 3894 357 37 publicly-founded
585 3895 241 36 recognition
850 3892 37 31 of
908 3894 67 30 the
998 3894 235 36 importance
1256 3894 38 30 of
1317 3894 149 30 Drama.
1524 3898 44 26 &
