2740 4198
2104 241 45 30 57

165 1076 224 69 THE
494 1076 254 69 NEW
839 1077 536 76 THEATRE
1464 1077 107 66 IN
1675 1077 470 68 POLAND:

165 1168 732 69 STANISLAW
1057 1171 828 69 WYSPIANSKI;

2032 1174 114 72 by

170 1264 88 66 L.
306 1266 106 64 de
465 1264 643 67 Schildenfeld
1163 1265 435 66 Schiller.

298 1409 160 30 two-act
478 1409 175 37 tragedy,
717 1408 75 32 The
818 1409 147 37 Legend
1044 1410 203 36 occurring
1269 1409 41 30 at
1331 1409 66 30 the
1421 1409 120 30 Court
1563 1408 38 31 of
1624 1409 154 37 Wawel,
1800 1409 121 31 forms
1942 1409 67 30 the
2042 1416 86 23 over-

228 1472 89 29 ture
339 1473 42 28 to
404 1472 66 29 the
492 1471 104 38 cycle
619 1470 40 31 of
680 1472 150 29 dramas
854 1470 158 37 lauding
1033 1470 145 31 former
1199 1472 124 36 Might
1345 1472 75 29 and
1446 1471 126 37 Glory.
1617 1472 51 29 Its
1690 1472 125 37 tragic
1837 1473 163 35 purport
2022 1472 31 29 is
2083 1472 66 29 the

166 1533 161 37 popular
348 1533 79 31 tale
450 1533 39 31 of
510 1534 67 30 the
602 1534 256 36 King-Knight
882 1534 139 30 Cracus
1044 1534 74 29 and
1142 1534 58 30 his
1224 1533 189 38 daughter
1440 1534 142 37 Vanda,
1604 1534 154 38 already
1787 1534 163 37 adapted
1982 1535 48 37 by
2062 1534 66 30 Kra-

165 1595 122 31 sinski
310 1597 64 37 (in
397 1597 67 30 the
488 1597 131 30 drama
641 1595 163 32 entitled
860 1597 130 30 Vanda
1041 1596 14 37 )
1079 1597 72 29 and
1169 1597 47 36 by
1232 1596 151 31 Norwid
1407 1597 167 36 (Cracus
1590 1597 66 30 the
1680 1595 193 32 unknown
1890 1597 132 36 prince
2074 1596 73 31 and

207 1659 129 30 Vanda
441 1659 123 30 which
587 1660 128 29 theme
738 1658 240 39 Wyspianski
1000 1660 127 29 varies
1151 1660 39 29 in
1207 1659 58 30 his
1287 1667 84 29 way
1402 1660 73 29 and
1510 1660 174 30 enriches
1717 1660 94 29 with
1846 1667 84 23 new
1962 1660 186 36 episodes.

164 1726 47 26 &
232 1721 77 31 The
332 1722 128 30 action
484 1720 39 32 of
543 1722 68 30 the
633 1720 92 32 first
746 1723 63 29 act
830 1729 130 30 passes
983 1723 40 29 in
1046 1722 66 30 the
1135 1723 159 29 wooden
1318 1723 173 29 mansion
1515 1723 124 29 which
1661 1722 68 30 the
1753 1722 138 37 knight
1915 1723 154 36 Cracus,
2099 1729 48 23 an

166 1783 60 31 old
250 1792 88 22 man
360 1784 85 30 who
468 1792 102 22 wore
592 1785 68 29 the
682 1783 133 38 simple
837 1785 162 35 peasant
1030 1785 119 36 dress,
1183 1784 133 30 leaned
1348 1792 48 22 on
1427 1793 22 22 a
1482 1784 162 31 knotted
1678 1784 86 31 club
1798 1785 73 30 and
1900 1793 79 22 was
2011 1785 137 36 strong

167 1847 73 30 and
263 1846 185 37 powerful
473 1854 40 22 as
537 1854 22 23 a
579 1845 123 32 forest
722 1847 153 37 robber,
898 1847 72 30 had
994 1846 153 31 himself
1168 1847 169 37 erected,
1361 1846 133 38 taking
1516 1846 81 38 logs
1619 1846 61 31 for
1701 1847 32 30 it
1755 1846 98 31 from
1877 1847 68 30 the
1959 1846 52 31 fir
2025 1847 122 35 wood,

167 1909 139 37 having
328 1908 90 31 first
439 1910 203 36 destroyed
665 1909 67 30 the
755 1909 131 30 sacred
909 1908 140 37 temple
1072 1909 87 30 that
1180 1910 111 29 stood
1315 1917 47 22 on
1388 1909 140 31 Wawel
1550 1908 67 32 hill
1636 1910 73 30 and
1727 1910 133 30 driven
1876 1917 106 30 away
1998 1908 147 32 blessed

165 1973 179 35 serpents
367 1972 87 30 that
475 1971 61 38 lay
558 1971 141 30 hidden
723 1971 39 30 in
786 1971 51 31 its
859 1978 122 24 caves.

166 2039 46 25 &
234 2034 77 30 The
333 2041 114 23 scene
470 2035 222 35 represents
713 2034 67 29 the
802 2033 107 38 royal
934 2034 76 29 hall
1033 2034 128 30 whose
1184 2034 260 30 architecture
1467 2035 73 29 and
1564 2034 151 38 fittings
1731 2042 65 23 are
1812 2034 185 31 modelled
2015 2042 47 22 on
2079 2035 66 29 the

167 2097 164 29 interior
353 2095 40 31 of
414 2104 21 22 a
459 2095 126 31 Polish
608 2096 84 30 hut.
737 2097 39 29 In
799 2096 66 30 the
888 2097 67 29 red
979 2104 88 29 rays
1090 2096 39 30 of
1157 2096 66 30 the
1255 2097 153 36 waning
1440 2104 73 22 sun
1540 2105 48 21 on
1621 2105 23 22 a
1675 2098 119 29 straw
1826 2096 118 37 pallet
1976 2096 69 30 lies
2077 2096 66 30 the

165 2157 144 31 lifeless
332 2157 106 38 king,
459 2159 86 29 who
569 2159 72 29 had
666 2159 69 29 but
757 2158 80 36 just
858 2159 184 30 breathed
1066 2159 59 29 his
1148 2157 87 38 last,
1258 2159 73 29 and
1355 2159 42 31 at
1418 2159 59 30 his
1500 2158 117 31 knees
1638 2158 86 31 falls
1746 2160 67 29 the
1843 2160 139 29 chorus
2011 2157 40 31 of
2077 2159 66 29 the

165 2220 133 37 people
321 2221 88 37 and,
431 2220 225 38 lamenting,
680 2222 178 29 observes
880 2222 59 29 his
962 2220 84 37 lips.
1070 2221 97 30 Here
1190 2221 111 30 there
1325 2228 65 24 are
1413 2222 174 35 wizards,
1609 2229 105 23 seers
1738 2223 74 28 and
1836 2222 168 30 diviners
2020 2222 123 29 whom

164 2283 66 30 the
254 2282 112 33 Elder
388 2282 101 31 liked
513 2284 40 29 to
577 2282 95 31 have
696 2283 147 30 around
868 2283 76 29 him
967 2284 40 28 in
1031 2282 79 37 life;
1134 2283 91 31 here
1247 2283 112 31 there
1381 2291 65 23 are
1470 2284 59 30 his
1551 2284 217 35 herdsmen,
1785 2284 59 30 his
1860 2284 209 37 equerries,
2086 2283 58 30 his

165 2345 190 31 courtiers
378 2346 73 30 and
475 2345 159 37 harpers
656 2345 85 30 who
764 2345 95 31 have
876 2352 106 23 come
1006 2345 130 30 hither
1157 2347 42 29 to
1221 2346 87 36 sing
1331 2353 47 22 on
1402 2345 66 31 the
1498 2354 69 22 eve
1601 2345 38 31 of
1670 2347 66 29 the
1769 2345 232 38 equinoctial
2032 2345 113 31 feast.

165 2408 134 31 Beside
321 2408 67 30 the
411 2407 177 37 parental
612 2407 108 30 litter
743 2407 176 30 Princess
942 2408 130 29 Vanda
1093 2406 177 38 laments,
1293 2408 160 36 waiting
1475 2408 39 30 in
1540 2408 238 37 resignation
1802 2408 63 31 for
1879 2409 124 37 dawn,
2021 2408 124 36 when,

165 2470 204 37 according
390 2471 41 29 to
456 2471 162 36 custom,
640 2477 42 23 as
704 2470 67 30 the
795 2470 89 37 only
907 2470 204 37 daughter,
1134 2470 92 38 they
1248 2470 126 30 would
1399 2471 97 29 burn
1522 2470 68 31 her
1612 2471 94 30 with
1728 2472 67 30 the
1829 2478 134 29 corpse
1997 2479 47 22 on
2077 2471 68 30 the

164 2542 105 23 same
292 2540 105 30 pyre.
421 2533 144 31 Behind
588 2533 66 30 the
679 2540 131 23 scenes
832 2533 38 30 in
893 2533 67 31 the
984 2533 227 30 meanwhile
1234 2541 21 22 a
1276 2532 118 31 fierce
1416 2532 101 38 fight
1539 2534 32 30 is
1595 2534 112 37 being
1729 2535 129 35 waged
1883 2535 173 29 between
2078 2533 67 31 the

165 2598 118 29 house
306 2597 176 30 servants
505 2596 73 29 and
600 2596 66 29 the
688 2597 180 29 warriors
892 2595 38 31 of
952 2596 66 30 the
1042 2597 164 29 German
1228 2596 132 36 prince
1384 2597 180 36 Rytogar,
1586 2596 85 30 who
1695 2597 140 36 having
1863 2596 117 31 fallen
2004 2604 48 22 on
2080 2596 65 31 the

164 2658 225 38 stronghold
414 2658 38 31 of
475 2659 140 30 Cracus
637 2659 73 29 and
735 2659 95 29 been
854 2658 212 30 enchanted
1090 2659 49 36 by
1160 2658 67 30 the
1251 2658 139 37 beauty
1413 2657 38 31 of
1472 2658 67 31 the
1558 2658 408 31 wonder-of-wonders
1982 2659 164 36 maiden,

164 2724 128 29 exacts
316 2722 69 30 her
407 2722 39 29 in
470 2722 147 30 tribute
639 2720 60 31 for
721 2720 164 31 himself.
908 2720 77 31 The
1018 2721 139 30 chorus
1191 2720 38 30 of
1260 2722 181 29 warriors
1472 2721 167 37 fighting
1672 2721 205 31 leaderless
1908 2721 137 31 behind
2078 2722 67 30 the

165 2792 131 23 scenes
311 2790 220 25 announces
546 2783 105 31 their
664 2782 96 31 final
776 2783 231 37 overthrow,
1021 2782 61 31 for
1097 2783 66 30 the
1179 2782 167 31 Teutons
1362 2783 94 31 have
1472 2783 130 31 forced
1618 2784 66 30 the
1700 2785 101 36 gate,
1816 2783 141 31 rushed
1980 2784 83 30 into
2078 2784 67 30 the

165 2847 205 37 courtyard
395 2846 38 30 of
454 2846 65 31 the
544 2846 116 30 castle
684 2846 73 30 and
780 2853 66 23 are
870 2845 153 38 already
1045 2846 154 37 tearing
1220 2846 168 37 through
1411 2846 67 31 the
1501 2847 136 30 arcade
1659 2848 168 29 towards
1849 2847 66 30 the
1929 2846 108 38 royal
2056 2846 90 31 hall.

234 2909 106 29 Then
361 2909 68 29 the
452 2908 127 37 manly
601 2908 83 30 soul
708 2907 149 31 awakes
880 2909 39 28 in
943 2909 142 36 Vanda;
1107 2908 68 30 she
1198 2908 77 30 will
1298 2909 69 30 not
1389 2909 142 31 render
1552 2910 66 30 the
1642 2909 156 31 beloved
1822 2910 166 30 remains
2022 2917 48 28 up
2103 2910 42 29 to

165 2971 143 36 shame,
331 2970 66 30 she
419 2970 78 29 will
521 2971 69 29 not
611 2971 139 29 render
772 2970 70 30 her
862 2970 163 37 virginal
1049 2971 98 37 body
1168 2972 41 29 to
1234 2971 45 30 be
1301 2971 66 30 the
1392 2978 91 31 prey
1505 2970 39 32 of
1565 2972 67 30 the
1653 2971 126 31 flaxen
1802 2973 173 29 warrior.
1997 2973 62 36 So,
2074 2971 54 31 fol-

166 3032 140 37 lowing
329 3032 66 30 the
418 3032 131 30 advice
572 3031 39 31 of
633 3039 47 22 an
705 3031 60 31 old
789 3032 199 37 chaunter,
1012 3034 67 30 she
1101 3042 105 22 vows
1237 3035 41 29 to
1312 3034 70 30 her
1416 3034 340 31 Goddess-Mother
1788 3034 87 30 that
1907 3033 29 31 if
1966 3034 68 31 she
2067 3034 78 30 will

165 3095 115 37 grant
302 3095 70 29 her
393 3093 61 31 for
476 3094 77 30 this
576 3101 72 23 one
672 3094 109 36 night
803 3102 22 22 a
847 3095 186 31 nine-fold
1056 3097 180 36 strength
1258 3097 89 30 that
1369 3097 66 30 she
1459 3097 124 36 might
1610 3097 107 30 drive
1747 3105 106 29 away
1875 3097 67 31 the
1964 3096 181 32 enemies'

164 3165 108 30 army
294 3157 75 30 and
392 3157 133 29 intone
548 3164 22 22 a
593 3157 204 35 mourning
819 3157 114 30 chant
955 3159 40 30 to
1018 3159 68 30 her
1098 3158 131 32 father
1244 3167 48 22 on
1308 3159 66 31 the
1390 3166 106 30 pyre,
1512 3161 207 28 tomorrow
1735 3159 67 30 she
1818 3159 124 30 would
1961 3158 184 32 demolish

163 3221 67 30 the
253 3218 175 39 paternal
451 3219 193 34 demesne,
667 3218 74 30 and
764 3218 86 31 that
872 3227 49 23 on
943 3221 66 30 the
1032 3221 66 30 hill
1121 3222 128 30 where
1272 3222 66 30 the
1362 3222 93 29 dead
1480 3222 204 36 good-man
1708 3222 202 37 destroyed
1927 3222 70 31 her
2012 3221 132 37 altars,

164 3284 187 37 uprooted
375 3283 67 30 the
465 3281 89 38 holy
576 3281 183 30 orchards
782 3282 73 29 and
879 3281 114 32 killed
1016 3284 66 30 the
1105 3284 147 31 blessed
1275 3284 137 31 adders
1434 3285 67 30 she
1525 3284 127 30 would
1676 3285 106 29 erect
1797 3292 22 22 a
1841 3284 141 37 temple
2004 3285 42 29 to
2076 3285 69 29 her

164 3347 151 30 honour
336 3346 75 30 and
433 3345 88 30 that
542 3344 68 30 she
633 3343 143 31 herself
797 3344 123 31 would
946 3347 84 35 give
1053 3354 50 30 up
1127 3347 70 31 her
1219 3355 86 23 own
1324 3355 130 30 young
1476 3346 65 32 life
1562 3349 42 28 to
1628 3347 82 30 her.
1772 3347 74 31 She
1869 3345 144 39 kneels,
2039 3354 85 30 pros-

164 3411 24 16 -44
211 3410 125 29 trates
358 3407 145 32 herself
525 3408 40 30 to
588 3407 68 31 the
679 3406 123 37 earth,
826 3407 87 37 and,
935 3409 93 30 with
1053 3410 92 29 both
1161 3411 185 37 hands,....
1362 3410 115 31 dumb
1493 3411 33 30 is
1551 3411 66 29 the
1644 3410 202 37 ill-boding
1875 3410 269 30 murderess....

210 3472 121 32 seizes
353 3479 23 23 a
398 3472 84 36 doe,
505 3477 151 30 presses
680 3470 31 29 it
734 3469 174 30 between
932 3470 68 30 her
1022 3470 116 32 knees
1162 3474 73 29 and
1258 3474 151 29 thrusts
1434 3481 21 22 a
1477 3472 202 38 glittering
1702 3472 109 32 blade
1834 3472 82 30 into
1938 3472 67 30 the
2035 3472 109 37 hairy

212 3535 129 30 breast
364 3533 38 32 of
424 3535 66 30 the
513 3535 121 30 beast:
658 3541 22 22 a
701 3533 144 30 stream
869 3532 38 29 of
929 3532 67 31 hot
1018 3533 111 32 blood
1147 3536 139 36 gushes
1301 3535 119 38 forth;
1435 3536 67 30 she
1517 3536 120 30 raises
1652 3535 66 31 the
1735 3535 262 31 bloodstained
2022 3533 123 38 blade,

211 3596 124 36 places
357 3596 70 31 her
449 3597 122 30 hands
593 3596 178 36 thereon,
792 3594 121 30 raises
934 3595 104 30 them
1061 3598 40 29 to
1125 3598 68 29 her
1214 3597 82 31 face
1313 3598 74 30 and
1417 3605 147 24 smears
1592 3599 32 29 it
1652 3598 95 31 with
1776 3598 66 30 the
1871 3604 118 23 warm
2020 3595 124 32 blood.

212 3660 122 30 Dumb
357 3659 33 31 is
411 3660 67 30 the
501 3659 204 36 ill-boding
728 3658 272 30 murderess....
1015 3659 68 30 she
1100 3659 143 38 kneels,
1259 3661 95 30 with
1369 3661 122 31 hands
1511 3661 152 31 crossed
1680 3667 49 23 on
1745 3660 70 31 her
1830 3661 142 29 bosom.
1989 3660 154 30 Around

211 3721 70 30 her
303 3721 130 38 lights,
456 3722 171 30 thunder
649 3722 74 30 and
747 3720 193 38 lightning
971 3721 124 30 round
1131 3723 69 29 her
1222 3723 108 31 head.
1354 3724 103 30 With
1482 3724 69 30 her
1577 3725 101 29 hand
1702 3723 68 30 she
1803 3722 191 30 describes
2028 3730 118 23 runes

211 3784 93 30 with
328 3784 65 31 the
418 3784 111 31 blood
552 3786 74 29 and
650 3785 69 30 her
741 3784 71 36 lips
835 3789 174 24 murmur
1031 3791 22 22 a
1074 3784 95 36 spell
1413 3792 45 25 &
1584 3792 46 26 &
1757 3790 45 26 &
1928 3791 46 26 &

164 3850 45 26 <&
232 3846 146 37 Having
398 3846 164 32 fulfilled
584 3847 66 31 the
672 3845 187 38 sacrifice,
884 3845 141 38 Vanda,
1047 3845 70 31 full
1141 3846 39 30 of
1202 3855 21 22 a
1244 3848 259 35 superhuman
1526 3848 191 36 strength,
1734 3855 89 29 goes
1839 3848 40 29 to
1894 3848 67 30 the
1977 3847 147 37 portcul-

2213 1424 83 31 The
2318 1425 175 37 legend.
2536 1431 44 25 &

2207 2045 83 31 The
2314 2045 137 32 Scene.

2212 2914 181 33 Vanda
2407 2937 10 10 .
2533 2921 44 26 &

1644 1266 504 81 (concluded.)
