2740 4198
612 245 45 30 80

180 365 158 32 JULIUS
369 364 179 34 CESAR.

613 376 43 22 or
677 369 67 31 the
768 369 135 31 Forum
930 371 220 36 Romanum,
1173 372 65 29 the
1260 372 73 29 site
1357 371 38 30 of
1417 371 122 31 which
1561 380 76 23 was
1664 374 38 28 in
1726 373 65 29 the
1813 371 122 38 valley
1959 372 171 30 between
2164 372 65 30 the
2264 372 211 37 Capitoline
2505 373 72 30 and

613 430 170 33 Palatine
807 433 85 31 hills
896 442 87 22 —an
1007 433 191 37 irregular
1220 440 122 30 space,
1366 441 71 22 one
1460 435 71 29 end
1555 435 120 30 wider
1706 435 93 29 than
1832 435 67 29 the
1933 433 112 30 other
2077 435 127 29 where
2237 442 78 22 was
2348 434 130 36 placed
2511 435 66 29 the

611 494 180 35 platform
814 495 97 30 from
933 496 122 29 which
1081 495 177 33 BRUTUS
1281 495 73 29 and
1378 496 180 31 ANTONY
1582 498 108 29 made
1711 497 105 30 their
1829 496 179 36 speeches
2022 496 41 29 to
2079 496 65 30 the
2168 496 144 37 people.
2357 496 76 31 The
2456 496 121 30 whole

611 556 198 31 enclosure
832 558 62 29 did
919 559 68 28 not
1010 564 113 23 cover
1145 557 110 29 much
1281 564 103 23 more
1407 559 146 35 ground
1577 559 93 30 than
1694 567 47 22 an
1764 558 181 37 ordinary
1963 557 192 31 cathedral
2180 559 101 36 does,
2311 558 73 31 and
2415 566 55 29 so,
2499 558 78 30 this

611 619 158 36 proving
792 618 248 37 insufficient,
1065 618 160 34 CAESAR
1249 618 97 31 built
1368 621 175 37 another,
1567 620 119 31 called
1710 621 66 30 the
1800 620 137 31 Forum
1961 619 155 39 Julium,
2147 621 71 29 and
2253 619 100 32 after
2386 621 76 30 him
2497 619 54 31 AU-

611 680 175 30 GUSTUS
810 679 97 31 built
929 689 21 21 a
972 680 118 37 third,
1114 681 68 30 but
1205 680 38 31 of
1263 681 108 31 these
1394 690 56 22 we
1474 682 113 31 know
1611 684 90 29 next
1723 684 40 29 to
1788 683 173 36 nothing,
1984 680 61 32 for
2068 682 65 30 the
2158 683 166 29 remains
2346 682 123 30 which
2492 689 84 23 now

608 742 98 29 exist
728 748 64 24 are
816 742 109 30 those
950 741 38 31 of
1009 742 214 34 TRAJAN'S
1246 743 125 30 forum
1396 743 94 38 (a.d.
1504 745 147 37 98-117).
2191 751 43 23 &
2361 750 44 24 &
2532 750 45 24 &

677 804 38 28 In
740 803 183 37 speaking
945 803 39 31 of
1006 804 65 31 the
1095 803 184 32 costume
1303 805 38 30 of
1362 807 65 30 the
1449 808 93 29 time
1565 805 38 31 of
1624 807 158 31 JULIUS
1806 805 160 35 CAESAR
1988 814 57 22 we
2069 807 103 28 must
2189 806 45 29 be
2252 805 158 37 careful,
2427 814 40 21 as
2483 806 93 29 with

607 865 65 29 the
696 866 271 37 architecture,
991 867 68 29 not
1079 868 42 28 to
1145 866 190 32 confound
1357 868 66 30 the
1446 868 258 37 distinctively
1728 868 141 33 Roman
1893 867 98 38 style
2015 866 38 32 of
2075 868 65 29 the
2171 866 215 32 full-blown
2420 868 157 35 empire,

606 934 40 22 as
670 927 130 30 shown
825 936 48 21 on
896 928 219 36 sculptured
1140 929 150 30 column
1313 931 72 29 and
1409 929 207 37 triumphal
1640 930 103 36 arch,
1765 930 93 30 with
1882 931 65 29 the
1963 929 248 31 transitional
2227 929 99 37 style
2343 929 38 30 of
2395 929 66 30 the
2478 929 99 30 later

606 989 90 37 days
719 989 39 30 of
778 990 66 29 the
868 990 333 31 Commonwealth.
1226 991 133 37 People
1383 1000 64 22 are
1470 991 60 31 far
1551 993 64 28 too
1639 992 111 29 much
1775 992 36 29 in
1835 992 65 29 the
1925 992 107 29 habit
2056 991 39 30 of
2118 990 156 38 looking
2298 999 47 22 on
2368 992 66 29 the
2457 990 119 38 styles

606 1050 37 30 of
666 1053 62 29 art
749 1053 38 28 in
813 1053 139 29 Greece
976 1054 72 29 and
1073 1054 113 33 Rome
1209 1062 40 22 as
1272 1054 193 37 stagnant,
1488 1054 66 30 the
1578 1061 70 23 one
1671 1054 244 35 represented
1940 1054 47 37 by
2010 1054 69 30 her
2113 1054 233 36 Parthenon,
2368 1053 66 30 the
2464 1054 113 29 other

606 1114 47 36 by
682 1114 70 30 her
782 1113 229 39 Colosseum,
1041 1115 122 30 which
1197 1117 32 28 is
1251 1116 117 30 about
1392 1123 40 23 as
1455 1114 222 32 reasonable
1700 1123 41 22 as
1775 1115 30 30 it
1834 1114 124 31 would
1991 1116 45 29 be
2065 1117 41 28 to
2140 1115 88 30 look
2261 1116 41 29 at
2333 1115 66 30 the
2434 1115 140 30 church

605 1174 39 31 of
677 1176 152 33 HENRY
846 1177 57 29 111.
920 1178 39 29 at
975 1178 280 36 Westminster,
1284 1178 73 29 and
1387 1176 125 38 forget
1540 1178 110 29 there
1676 1185 77 22 was
1783 1184 89 23 ever
1895 1185 21 22 a
1944 1176 203 38 Waltham,
2178 1186 21 22 a
2229 1178 199 36 HAROLD,
2455 1185 44 22 or
2526 1185 48 21 an

606 1237 102 32 EAD
720 1238 142 34 WARD-

603 1306 45 25 &
670 1300 120 30 There
814 1308 68 22 can
907 1301 44 29 be
974 1300 100 30 little
1100 1302 175 35 question
1298 1301 87 30 that
1408 1301 97 30 until
1529 1301 65 29 the
1610 1301 142 36 empire
1768 1308 76 22 was
1860 1300 230 30 established
2109 1301 71 29 and
2197 1301 67 29 the
2281 1301 62 29 art
2365 1300 38 30 of
2424 1299 150 37 foreign

604 1362 193 30 countries
822 1363 68 29 not
913 1362 141 37 merely
1077 1362 126 31 looted
1228 1362 68 31 but
1320 1362 168 37 brought
1510 1364 40 29 to
1575 1364 92 29 bear
1690 1371 48 22 on
1763 1363 115 32 Rome
1900 1362 95 30 with
2017 1362 219 37 something
2259 1361 74 31 like
2364 1370 22 22 a
2415 1360 159 32 definite

602 1423 204 38 influence,
828 1425 39 29 in
898 1425 170 29 costume
1091 1432 41 22 as
1154 1425 38 29 in
1217 1425 256 30 architecture
1497 1425 71 29 and
1593 1425 110 29 other
1725 1425 92 35 arts,
1842 1424 184 32 Etruscan
2050 1424 186 30 tradition
2253 1423 79 30 still
2347 1423 146 30 formed
2509 1423 66 30 the

606 1487 111 30 basis.
735 1486 88 34 Real
839 1487 228 30 authorities
1083 1494 41 23 as
1145 1487 40 30 to
1208 1487 64 30 the
1296 1488 168 29 costume
1487 1486 39 31 of
1546 1487 158 31 JULIUS
1727 1486 161 34 C/ESAR
1911 1494 66 22 are
2001 1487 47 35 by
2071 1494 48 22 no
2137 1493 129 22 means
2281 1484 190 38 plentiful.
2489 1486 13 29 1
2524 1485 51 30 tis

604 1549 88 30 true
707 1548 252 32 SUETONIUS
975 1548 316 37 TRANQUILLUS
1307 1550 38 29 in
1361 1549 57 30 his
1469 1550 94 30 Vitas
1580 1550 203 29 Duodecim
1798 1549 191 30 Csesaeum
2055 1549 104 35 gives
2176 1547 162 31 usdetail
2351 1548 45 30 ed
2410 1548 145 35 descrip-

603 1611 102 30 tions
721 1611 38 30 of
773 1611 66 30 the
855 1611 106 31 dress
977 1619 40 22 as
1033 1611 83 30 well
1134 1619 40 22 as
1190 1610 38 31 of
1242 1611 66 30 the
1324 1618 158 29 persons
1498 1609 37 32 of
1549 1611 158 31 JULIUS
1730 1611 73 30 and
1828 1610 237 35 OCTAVIUS,
2090 1611 69 29 but
2180 1609 256 32 SUETONIUS
2455 1609 120 30 wrote

603 1674 105 36 quite
731 1681 22 22 a
776 1674 160 36 century
957 1674 72 29 and
1054 1681 21 22 a
1098 1672 78 31 half
1198 1672 100 31 after
1319 1674 68 29 the
1410 1674 115 29 death
1550 1672 37 31 of
1611 1672 174 37 CESAR,
1809 1673 72 29 and
1907 1674 31 29 is
1962 1674 68 28 not
2052 1680 41 22 so
2119 1671 185 37 carefully
2325 1672 178 29 accurate
2534 1672 39 28 in

602 1735 49 31 all
676 1734 112 32 other
810 1735 159 30 matters
991 1743 40 22 as
1053 1736 42 29 to
1121 1734 82 31 lead
1234 1742 43 22 us
1300 1736 40 28 to
1363 1734 103 37 place
1490 1742 73 29 any
1585 1742 104 22 more
1712 1733 165 31 reliance
1901 1741 49 23 on
1975 1734 57 30 his
2056 1734 229 35 description
2311 1732 38 30 of
2370 1733 66 29 the
2468 1733 107 29 dress

604 1796 38 31 of
665 1796 35 31 b.
714 1805 32 22 c.
770 1804 42 30 44
836 1797 92 30 than
952 1804 57 23 we
1031 1795 133 32 should
1189 1804 48 22 on
1261 1805 21 22 a
1304 1795 130 39 Daily
1458 1795 228 40 Telegraph
1719 1797 138 29 review
1891 1795 39 30 of
1961 1796 66 29 the
2061 1795 126 30 habits
2217 1795 73 30 and
2326 1802 177 22 manners
2536 1793 38 31 of

603 1858 88 31 a.d.
715 1866 98 29 1700.
838 1859 105 30 DION
969 1858 185 31 CASSIUS
1169 1858 122 30 shows
1310 1865 103 23 more
1430 1858 303 30 discrimination
1750 1858 72 29 and
1847 1858 31 29 is
1902 1865 105 22 more
2024 1856 144 31 careful
2192 1855 38 31 of
2245 1855 132 36 detail;
2394 1857 70 29 but
2478 1856 92 30 then

604 1922 106 30 DION
733 1922 32 30 is
787 1921 99 30 later
909 1928 93 23 even
1025 1921 93 29 than
1141 1920 263 37 SUETONIUS,
1427 1919 61 31 for
1510 1921 47 29 he
1579 1921 121 29 wrote
1724 1926 103 22 more
1850 1919 94 29 than
1968 1920 77 28 two
2071 1919 172 29 hundred
2259 1925 111 30 years
2393 1917 99 31 after
2506 1918 67 29 the

604 1985 132 30 events
768 1983 182 31 recorded
978 1983 39 30 In
1040 1983 65 30 the
1129 1982 133 38 play.lt
1285 1983 31 29 is
1340 1990 104 22 more
1467 1983 94 29 than
1585 1981 115 38 likely
1722 1982 86 29 that
1830 1982 65 29 the
1921 1982 190 29 costumes
2134 1980 38 31 of
2194 1980 66 30 the
2284 1980 98 29 later
2403 1987 111 30 years
2537 1979 38 30 of

604 2045 312 32 commonwealth
940 2053 100 22 were
1065 2045 66 29 not
1153 2052 92 29 very
1267 2044 137 38 widely
1427 2043 181 31 different
1629 2042 97 31 from
1749 2044 112 29 those
1878 2043 196 30 described
2092 2043 39 29 in
2148 2051 60 28 my
2224 2041 75 31 last
2314 2041 146 31 article.
2474 2041 46 38 (1)
2544 2041 31 29 It

603 2116 85 29 may
712 2109 45 29 be
779 2108 86 30 that
887 2107 66 30 the
976 2108 90 35 toga
1088 2107 73 29 and
1185 2107 108 29 tunic
1316 2113 99 23 were
1438 2105 115 35 fuller
1575 2104 94 32 than
1693 2107 38 28 in
1754 2105 66 30 the
1844 2106 87 29 true
1958 2105 185 31 Etruscan
2167 2102 203 38 examples,
2393 2103 72 30 and
2488 2103 87 29 that

602 2171 109 30 there
733 2178 76 23 was
832 2169 74 31 less
930 2169 39 30 of
988 2169 67 30 the
1078 2169 142 30 Asiatic
1243 2169 72 29 and
1340 2175 105 24 more
1469 2167 38 31 of
1530 2168 65 30 the
1620 2166 122 32 Greek
1765 2168 39 29 in
1828 2168 65 29 the
1919 2166 153 37 general
2095 2166 188 36 toilettes,
2317 2165 68 29 not
2414 2164 87 37 only
2535 2165 37 28 in

602 2233 66 30 the
692 2233 105 30 dress
822 2233 68 29 but
913 2232 37 29 in
975 2232 64 29 the
1063 2231 108 29 mode
1196 2229 38 31 of
1255 2230 169 37 wearing
1445 2230 65 30 the
1535 2231 95 34 hair,
1654 2229 176 36 personal
1855 2230 237 35 ornaments,
2115 2229 86 35 &c.;
2226 2229 69 28 but
2318 2235 40 22 as
2389 2234 61 29 my
2483 2227 90 29 next

603 2294 110 30 articl
736 2293 75 31 will
837 2295 44 29 be
905 2301 47 23 on
974 2293 67 30 the
1063 2293 85 37 play
1171 2291 38 31 of
1232 2293 151 36 Antony
1406 2292 72 30 and
1504 2291 212 37 Cleopatra,
1741 2291 13 29 I
1777 2298 150 23 reserve
1951 2289 151 32 further
2127 2289 190 31 comment
2340 2296 47 22 on
2411 2288 67 29 the
2495 2295 60 22 cos-

602 2357 106 30 tume
732 2356 37 30 of
801 2356 77 31 this
910 2355 143 37 period.

602 2439 33 30 (1)
669 2439 147 24 Coriolanus.

1050 3459 35 23 An
1107 3459 100 29 antique
1231 3459 92 23 theatre
1346 3457 82 29 design
1451 3457 108 28 showing
1582 3456 39 24 the
1645 3462 98 23 scenery
1764 3456 46 24 and
1839 3457 118 23 costumes
1978 3461 27 17 as
2033 3453 55 24 used
2116 3453 23 23 in

1051 3510 85 25 Venice
1153 3511 23 23 in
1197 3511 38 23 the
1252 3510 117 24 filteenuh
1386 3509 109 27 century,
