3736 5148
732 260 70 73 7b
839 281 58 50 o
934 281 57 50 o
1025 259 58 71 fit
1117 281 44 49 s
1239 257 140 88 of
1442 257 1016 74 International
2517 257 561 80 Interest

332 431 34 49 '
502 428 511 77 Babbitt

456 537 81 66 By
573 533 236 56 Sinclair
842 533 179 52 Lewis

427 616 172 44 Aut6or
624 615 58 54 of

595 671 27 31 is
638 679 66 22 one
720 667 40 33 of
776 667 57 32 the
855 674 148 32 greatest
1025 665 120 33 novels

334 711 13 32 I
365 711 88 33 have
469 711 81 32 read
567 709 57 34 for
637 720 21 22 a
672 709 80 39 long
885 726 27 6 —
919 708 49 33 //.
983 707 163 34 G.Wetfs.

506 779 60 30 has
582 776 98 33 made
703 776 50 32 his
769 776 131 32 Babbitt
913 786 77 21 own
1007 774 140 33 brother

333 827 36 25 to
388 831 65 21 our
467 820 69 32 Mr.
552 817 106 41 Polly,
672 816 113 33 Uncle
797 815 215 38 Ponderovo,
1026 815 120 41 Denry

334 860 40 33 of
383 862 55 31 the
448 857 293 40 FiveTowns,and
752 860 56 31 the
818 857 170 40 Forsythe

846 897 114 43 Hugh
982 897 163 40 Wafpofe.

465 968 82 32 sth.
567 967 109 40 large
699 965 190 42 printing,
910 965 24 40 $
953 967 90 30 2.00

360 1064 211 83 The
614 1069 323 78 Reign
979 1066 143 80 Of

356 1173 212 84 The
610 1178 229 76 Evil
886 1174 232 80 One

489 1288 82 67 By
608 1286 67 53 C.
701 1286 63 53 F.
790 1285 205 53 Ramuz

381 1367 137 45 Trans
519 1369 129 42 fated
653 1367 60 55 By
726 1368 168 53 James
921 1366 184 43 WfiitalT.

344 1430 111 43 With
480 1447 57 25 an
567 1430 296 41 Introduction
893 1427 58 55 By
981 1428 168 43 Ernest

668 1491 143 52 Boyd.

333 1559 33 32 A
382 1565 97 33 story
493 1557 39 34 of
545 1570 20 20 a
580 1556 83 34 little
681 1559 174 30 mountain
871 1556 135 41 village,
1028 1556 39 33 of
1088 1557 56 34 the

333 1607 160 32 peasants
521 1606 34 26 at
581 1599 89 33 their
694 1598 105 38 work,
824 1598 67 32 and
917 1598 57 33 the
1004 1598 141 34 conflict

333 1642 155 31 between
504 1639 89 41 good
609 1638 66 33 and
692 1640 66 31 evil
775 1639 120 40 fought
918 1647 61 24 out
1001 1642 33 29 in
1056 1639 89 32 their

686 1680 104 32 souls.
1013 1681 23 39 $
1056 1683 87 29 2.00

334 1767 413 80 Guilty
800 1769 340 79 Souls

452 1878 82 68 By
568 1878 205 52 Robert
810 1879 223 54 Nichols

623 1961 174 42 Author
814 1963 59 52 of

642 2017 103 40 and

332 2079 33 33 A
381 2079 80 42 play
484 2082 45 40 by
544 2093 18 21 a
579 2092 117 31 young
719 2083 140 40 English
883 2093 81 31 poet
986 2085 73 33 that
1083 2088 60 32 has

332 2121 147 32 aroused
496 2123 57 32 the
568 2123 201 33 admiration
782 2124 41 32 of
832 2125 55 33 the
896 2126 122 34 British
1029 2128 116 40 public

373 2162 66 32 and
468 2165 128 31 critics.
626 2164 95 32 With
744 2176 20 21 a
780 2165 149 34 Shavian
948 2169 142 41 preface
1106 2171 39 31 of

639 2206 40 32 70
699 2217 114 29 pages.
1018 2211 22 38 $
1059 2212 83 31 1.75

1228 448 305 135 zqc
1584 448 542 132 goose
2166 447 443 116 Max

1508 600 105 64 Thy
1644 601 207 62 Jacob
1888 601 439 53 IDassermann

1397 685 208 44 Autßor
1631 686 65 54 of
1892 687 227 44 Worfd's
2155 689 226 43 Iffusion

1438 781 147 43 Goose
1757 785 34 38 is
1812 780 67 43 the
1895 781 155 42 second
2067 783 47 41 of
2123 782 130 53 Jacob
2266 782 337 43 Wassermann's

1224 835 145 43 novels
1389 845 45 32 to
1454 835 49 43 be
1523 834 214 54 presented
1757 845 44 33 to
1824 834 67 45 the
1907 836 174 52 English
2097 836 168 54 reading
2280 837 153 53 public.
2464 837 140 53 Many

1225 890 273 43 Continental
1522 894 142 38 critics
1686 890 192 42 consider
1897 895 32 38 it
1949 890 59 43 his
2032 902 178 41 greatest
2228 891 129 43 work.

1305 944 92 42 Into
1414 944 66 41 the
1500 943 105 42 solid
1620 954 160 32 texture
1796 945 49 41 of
1854 944 80 42 this
1951 949 193 39 immense
2161 946 121 43 novel
2299 945 48 43 he
2363 945 74 44 has
2452 961 150 27 woven

1224 1014 140 26 scores
1387 999 49 41 of
1452 998 152 41 human
1621 998 101 42 lives
1741 999 80 41 and
1837 998 202 44 dramatic
2056 1005 220 38 situations
2278 1000 123 42 —the
2417 999 185 43 material

1224 1053 64 42 for
1308 1068 24 26 a
1353 1052 128 42 dozen
1503 1052 198 52 ordinary
1721 1052 157 43 novels.

1440 1144 116 41 stage
1575 1133 138 43 which
1730 1133 301 44 Wassermann
2054 1144 81 33 sets
2152 1133 138 45 before
2311 1152 48 25 us
2376 1135 72 42 has
2466 1134 53 43 all
2536 1134 66 43 the

1222 1188 161 53 quality
1410 1188 48 42 of
1481 1204 24 26 a
1531 1188 253 42 Rembrandt
1810 1193 209 48 painting/
2049 1193 51 38 its
2130 1189 146 53 golden
2304 1190 217 48 shadows/
2549 1194 52 38 its

1222 1247 175 37 incisive
1425 1242 403 53 draughtsmanship,
1855 1247 51 39 its
1934 1243 197 53 superbly
2158 1243 244 43 marshalled
2429 1260 108 27 mass
2558 1244 49 41 of

1224 1296 273 49 individuals/
1523 1296 105 42 each
1658 1297 211 51 faithfully
1901 1298 205 49 rendered,
2138 1298 104 42 each
2272 1298 104 42 built
2407 1315 54 36 up
2495 1298 105 41 from

1222 1350 143 42 within
1387 1350 180 52 through
1588 1350 208 42 relentless
1816 1351 317 53 psychological
2161 1353 163 51 insight.
2363 1350 88 44 The
2478 1352 122 42 novel

1222 1403 141 44 stands
1376 1405 273 53 four-square,
1670 1405 138 52 firmly
1830 1406 228 52 integrated
2079 1410 39 37 in
2136 1412 288 46 experiences
2439 1411 162 48 picture

1222 1458 81 43 and
1331 1475 51 26 an
1411 1464 312 48 interpretation
1751 1460 48 42 of
1822 1460 79 42 life.
1940 1460 84 42 For
2050 1460 116 42 sheer
2193 1465 159 37 artistic
2373 1477 154 37 power,
2555 1476 44 26 as

1222 1513 92 42 well
1345 1529 45 26 as
1422 1514 65 41 for
1513 1513 260 54 philosophic
1802 1514 279 52 significance.
2113 1513 108 44 'The
2249 1514 146 43 Goose
2416 1515 120 43 Man'
2567 1519 33 38 is

1222 1582 153 38 among
1391 1568 67 42 the
1476 1578 107 32 most
1598 1569 104 41 vital
1724 1568 80 42 and
1824 1573 226 48 important
2070 1579 324 43 contemporary

1851 1624 326 43 Internationaf
2184 1624 128 42 8006
2326 1624 191 42 Review.

1393 1689 147 43 recalls
1567 1690 68 42 the
1662 1690 191 53 personal
1890 1690 166 43 records
2091 1691 47 41 of
2164 1690 251 50 Beethoven,
2442 1690 158 43 Berlioz

1222 1742 81 42 and
1322 1743 202 52 Wagner.
1567 1745 35 41 It
1622 1755 227 42 represents
1871 1744 66 42 the
1958 1745 204 42 Austrian
2184 1745 199 42 Master's
2411 1750 188 37 reaction

1221 1806 44 33 to
1288 1813 23 26 a
1331 1797 132 42 world
1482 1797 157 53 brayed
1659 1803 40 37 in
1721 1798 67 42 the
1810 1809 154 31 mortar
1984 1799 48 41 of
2048 1799 68 42 the
2138 1809 115 41 great

2150 1854 117 42 New
2296 1853 220 54 Repußfic.

1388 1918 132 44 world
1553 1921 48 41 of
1630 1919 240 44 intolerable
2267 1921 50 43 Y.
2348 1918 195 47 Trißune.

1394 2029 261 66 900SC
1679 2031 414 53 07CCL7C—U77
2112 2031 327 66 Pages—#
2458 2037 140 49 2.50

1324 2111 269 65 Offered,
1608 2114 149 51 luitk
1783 2129 47 36 a
1851 2114 214 64 year's
2084 2114 411 65 subscription

1532 2190 66 50 to
1621 2187 330 53 TbfeOOTtl
1962 2188 112 63 for
2100 2190 39 58 $
2166 2193 139 48 5.50

2681 423 281 79 Since
2996 424 469 83 Cezanne

2870 533 81 67 By
2988 533 162 55 Cfive
3186 536 118 54 Bell

2680 607 34 33 A
2743 609 106 31 series
2877 607 39 32 of
2945 606 146 35 brilliant
3122 620 119 32 essays
3270 622 45 22 on
3344 613 138 35 modern

2990 649 111 33 visual
3123 658 61 25 art.

2859 687 70 34 Bell
2941 688 113 33 shines
3067 692 33 30 in
3111 690 57 34 the
3180 692 130 39 highest
3321 693 161 35 aesthetic

2680 728 68 34 line
2763 729 38 32 of
2813 738 143 24 current
2978 732 162 32 criticism
3163 732 66 33 and
3252 735 196 33 commands
3464 747 18 22 a

2680 770 115 40 rarely
2810 769 157 34 cultured
2984 771 199 40 knowledge
3205 773 40 32 of
3265 777 111 31 exotic
3398 787 84 22 con*

2680 819 199 33 temporary
3083 830 41 5 —
3133 814 50 31 At
3184 814 112 33 [antic
3308 815 104 33 Mont
3413 816 69 42 My.

2756 858 84 33 3rd.
2856 858 217 34 American
3089 859 174 42 Edition,
3278 862 22 39 $
3320 865 89 30 2.50

2773 946 618 83 American

2693 1041 569 79 Poetry—
3282 1066 177 58 1922

2875 1151 58 52 A
2967 1151 335 69 Miscellany

2678 1222 74 35 The
2769 1223 147 34 hitherto
2931 1223 227 41 unpublished
3174 1236 114 31 poems
3310 1227 40 33 of
3361 1227 120 35 Robert

2679 1265 112 38 Frost,
2802 1264 83 33 Carl
2898 1263 191 42 Sandburg,
3100 1266 94 41 Amy
3204 1267 137 39 Lowell,
3350 1268 131 34 Vachel

2678 1306 160 40 Lindsay,
2853 1306 98 32 Edna
2967 1306 49 33 St.
3031 1306 152 33 Vincent
3196 1307 132 42 Millay,
3343 1308 138 35 Conrad

2677 1346 123 40 Aiken,
2822 1347 85 32 Sara
2927 1344 180 41 Teasdale,
3132 1348 99 33 Louis
3257 1349 225 43 Untermeyer

2975 1389 65 31 and
3057 1389 126 33 others.

2959 1439 94 22 some
3061 1428 39 33 of
3104 1429 56 33 the
3169 1429 97 33 finest
3274 1437 121 35 poetry
3403 1443 79 22 ever

2677 1471 136 31 written
2829 1469 46 42 by
3143 1489 36 3 —
3196 1471 48 33 N.
3266 1472 38 32 zT.
3325 1470 156 35 Trißune.

3355 1519 22 39 $
3398 1522 81 29 1.75

2708 1604 747 78 Rootabaga

2847 1699 473 80 STORIES

2796 1803 82 68 By
2914 1802 138 55 Carl
3089 1802 283 66 Sandburg

2679 1876 83 34 Carl
2784 1876 179 40 Sandburg
2984 1879 136 30 invents
3143 1887 42 21 an
3200 1875 185 33 American
3408 1875 69 33 folk

2677 1918 70 34 lore
2769 1927 33 24 to
2823 1919 56 32 the
2903 1918 125 40 delight
3050 1917 41 33 of
3112 1927 174 31 everyone
3307 1917 78 32 who
3400 1919 27 31 is
3442 1928 40 22 or

2676 1960 77 32 who
2769 1959 60 32 has
2846 1958 174 33 remained
3035 1967 126 32 young.

2949 2010 183 27 nonsense,
3155 1998 113 33 which
3291 2009 63 21 can
3381 2008 101 32 carry

2675 2044 61 30 wit
2760 2041 66 33 and
2854 2051 152 23 sarcasm
3032 2041 81 31 with
3139 2041 25 31 it
3188 2038 67 34 and
3280 2038 113 34 which
3418 2050 63 22 can

2676 2082 101 33 climb
2803 2090 35 24 to
2864 2081 57 33 the
2948 2081 131 39 heights
3106 2080 38 32 of
3168 2079 152 42 splendid
3349 2087 130 33 poetry.

2675 2124 164 33 America
2855 2123 141 40 keeping
3009 2123 137 32 abreast
3159 2123 39 31 of
3210 2121 94 32 Swift
3315 2120 65 32 and
3397 2120 84 33 Gul-

3187 2163 48 32 N.
3256 2162 38 33 Y.
3315 2160 121 35 Times.

2675 2213 21 32 1
2697 2212 203 34 (fastrated
2903 2211 48 42 By
2967 2211 58 34 tße
3040 2210 237 34 Petersßams.
3294 2211 23 40 $
3336 2210 89 30 2.00
3470 2221 12 19 >

580 2362 567 79 HARCOURT,
1191 2366 332 66 BRACE
1552 2368 118 63 and
1701 2368 334 83 Company
2079 2404 11 13 •
2134 2378 29 54 1
2187 2370 183 64 West
2392 2378 151 54 47th.
2568 2368 105 75 St.,
2715 2368 237 64 NEW
2991 2366 271 65 YORK

771 2668 671 190 LAY
1584 2662 1687 203 WRITING

909 2910 47 43 A
986 2910 348 53 professional
1365 2911 201 43 Course
1601 2916 48 38 in
1679 2912 338 54 Playwriting
2053 2917 39 38 is
2130 2913 198 42 offered
2363 2912 157 44 under
2555 2914 82 42 the
2673 2913 238 54 personal

907 2977 331 48 supervision
1274 2972 55 43 of
1362 2971 264 44 Theodore
1670 2973 181 43 Ballou
1891 2974 279 52 Hinckley,
2206 2975 168 42 editor
2413 2976 55 41 of
2678 2976 233 49 Drama/'

908 3034 222 42 assisted
1185 3033 65 54 by
1306 3033 199 43 famous
1561 3034 363 54 playwrights,
1981 3040 203 45 critics,
2243 3046 173 32 actors
2475 3036 94 42 and
2632 3036 279 53 producers

720 3154 257 43 Individual
1010 3155 283 44 Instruction
1324 3157 90 41 and
1444 3155 241 44 Criticism

609 3220 124 44 THE
762 3223 276 43 DRAMA'S
1068 3240 150 26 course
1247 3228 40 38 in
1317 3224 100 52 play
1445 3229 166 47 writing
1640 3224 156 43 teaches
1827 3229 41 38 in

528 3276 123 43 detail
682 3278 67 41 the
778 3278 207 52 technique
1014 3278 48 41 of
1086 3278 67 42 the
1184 3278 271 52 professional
1486 3279 110 53 play,
1642 3279 103 55 you
1783 3279 84 42 will

528 3330 49 43 be
613 3332 122 42 taken
775 3342 89 43 step
902 3332 57 52 by
995 3342 89 43 step
1121 3332 180 53 through
1336 3333 128 52 study
1500 3349 184 33 courses,
1725 3333 143 50 books,

529 3385 81 42 and
638 3391 188 47 practice
854 3386 134 53 plays,
1025 3387 105 41 from
1160 3387 69 42 the
1258 3387 184 53 simplest
1472 3387 224 42 rudiments
1726 3397 44 32 to
1800 3388 68 42 the

529 3440 141 42 actual
707 3440 254 53 completion
1002 3440 48 42 of
1080 3440 131 53 plays,
1270 3441 125 54 your
1430 3441 117 42 work
1584 3441 84 43 will
1706 3446 162 39 receive

529 3495 66 41 the
626 3494 225 43 individual
883 3500 203 37 attention
1116 3496 48 41 of
1189 3496 84 42 Mr.
1295 3496 211 52 Hinckley.
1538 3496 79 42 His
1646 3501 222 38 criticisms

528 3549 84 40 will
643 3549 48 41 be
729 3549 182 42 directed
951 3549 163 42 toward
1155 3566 108 35 your
1300 3551 168 51 specific
1505 3551 133 42 needs.
1681 3551 67 42 He
1784 3551 84 42 will

529 3604 152 41 dissect
710 3618 109 37 your
848 3604 101 52 plot,
980 3619 109 36 your
1119 3604 253 49 characters,
1410 3604 80 42 and
1518 3620 109 36 your
1662 3605 206 52 dialogue,

530 3658 81 41 and
641 3662 93 47 give
762 3673 87 37 you
879 3658 173 50 definite,
1090 3663 287 38 constructive
1406 3663 201 38 criticism
1645 3658 81 43 and
1761 3660 105 52 help.

760 3751 259 44 Producers
1050 3753 112 42 Will
1191 3753 125 43 Read
1345 3754 133 43 Your
1505 3753 138 54 Plays

610 3818 277 54 Throughout
918 3821 67 41 the
1014 3826 127 37 entire
1171 3837 163 34 course,
1363 3822 68 42 the
1461 3827 82 38 aim
1567 3827 32 37 is
1621 3822 160 43 toward
1803 3822 67 43 the

530 3874 254 53 completion
824 3876 49 40 of
909 3875 121 52 plays
1071 3876 64 41 for
1177 3877 273 51 professional
1494 3877 250 52 production
1788 3877 82 42 and

530 3939 73 31 not
640 3930 161 41 toward
841 3944 108 26 mere
986 3930 251 42 amateurish
1273 3931 129 41 effort,
1461 3931 125 54 your
1625 3931 119 52 plays
1784 3932 84 41 will

530 3983 50 42 be
610 3983 201 52 analyzed
848 3984 56 51 by
939 3984 85 41 Mr.
1058 3984 199 52 Hinckley
1293 3985 101 41 with
1437 3984 67 42 the
1547 3985 91 42 idea
1688 3986 49 41 of
1774 4001 94 37 pro-

530 4037 173 43 duction
734 4042 40 37 in
806 4037 124 49 mind,
961 4038 80 42 and
1063 4039 121 52 plays
1206 4039 47 42 of
1269 4040 82 41 real
1374 4043 118 38 merit
1514 4039 84 42 will
1621 4040 49 41 be
1690 4040 180 52 brought

529 4103 45 30 to
604 4092 68 41 the
703 4098 203 37 attention
936 4092 49 42 of
1009 4093 238 52 producers.
1308 4094 38 42 If
1371 4109 109 36 your
1509 4099 258 48 manuscript
1795 4095 74 41 has

530 4146 68 42 the
633 4146 287 42 endorsement
955 4148 47 41 of
1034 4146 124 43 THE
1193 4147 230 43 DRAMA
1458 4153 32 37 it
1525 4148 85 43 will
1647 4153 162 38 receive
1846 4165 24 26 a

530 4200 169 52 reading
728 4201 58 52 by
815 4216 228 38 managers.

2205 3157 141 44 Good
2375 3158 137 53 Plays
2542 3157 128 44 Earn
2698 3158 84 52 Big
2811 3157 235 53 Royalties

2032 3225 141 52 Many
2201 3225 232 43 successful
2464 3226 120 53 plays
2608 3225 107 42 have
2737 3225 117 42 made
2875 3225 104 43 their
2999 3225 169 43 authors
3189 3225 98 42 rich.

1952 3278 370 55 LigbtninThe
2356 3281 99 47 Bat,
2502 3280 85 43 The
2621 3280 111 43 Lion
2770 3281 101 41 and
2893 3280 71 43 the
2997 3280 174 48 Mouse,
3211 3279 79 42 and

1952 3350 127 35 many
2115 3334 138 42 others
2291 3335 106 41 have
2433 3334 150 43 earned
2622 3333 230 43 thousands
2891 3335 49 40 of
2979 3334 165 42 dollars.
3201 3331 88 45 The

1952 3393 165 38 income
2146 3390 105 40 from
2289 3387 86 44 The
2400 3389 93 42 Bat
2524 3394 33 36 is
2587 3387 90 43 said
2706 3399 45 31 to
2781 3388 108 42 have
2918 3388 100 43 been
3049 3403 113 27 more
3190 3388 99 42 than

1952 3445 27 44 $
1999 3447 121 43 6,000
2139 3458 23 27 a
2179 3443 124 42 week.
2336 3443 37 42 If
2383 3458 87 36 you
2488 3443 106 42 have
2610 3442 112 43 ideas
2732 3442 81 43 and
2823 3446 374 49 imagination,you
3206 3442 83 43 will

1950 3496 82 43 find
2052 3496 66 43 the
2135 3497 204 53 practical
2356 3497 204 42 dramatic
2581 3497 206 53 technique
2808 3497 79 42 and
2909 3497 147 42 honest
3072 3496 80 43 and
3175 3512 114 27 com-

1951 3562 139 42 petent
2113 3556 200 38 criticism
2337 3551 47 42 of
2395 3551 79 42 this
2492 3566 150 27 course
2658 3552 47 41 of
2717 3551 256 43 inestimable
2987 3551 125 43 value
3132 3562 44 32 to
3191 3567 96 36 you.

2032 3606 103 53 you
2165 3606 83 41 will
2278 3606 50 41 be
2357 3606 148 50 taught
2540 3605 96 42 how
2671 3606 68 41 the
2774 3606 141 51 public
2951 3616 107 31 taste
3095 3610 40 37 in
3173 3606 117 52 plays

1952 3659 194 52 changes,
2191 3676 45 25 as
2280 3669 45 33 to
2367 3661 164 51 subject
2575 3670 149 32 matter
2767 3659 82 43 and
2892 3665 51 38 its
2987 3660 301 53 development.

1952 3715 184 41 Because
2173 3715 47 40 of
2251 3713 61 42 his
2350 3713 97 51 long
2483 3714 81 41 and
2600 3714 114 42 close
2757 3719 252 37 connection
3048 3715 102 40 with
3196 3730 93 37 pro-

1952 3768 195 42 fessional
2191 3768 157 49 drama,
2391 3767 86 43 Mr.
2513 3768 211 52 Hinckley
2772 3768 145 42 knows
2965 3768 69 43 the
3083 3769 207 52 changing

1952 3822 194 44 demands
2177 3823 48 42 of
2249 3822 68 43 the
2347 3838 216 37 managers
2593 3822 83 44 and
2703 3822 69 44 the
2800 3822 153 54 public.

2365 3916 197 43 Limited
2589 3916 291 44 Enrollment

2034 3985 124 43 Since
2200 3985 67 42 the
2309 3985 117 42 work
2471 3989 33 38 is
2547 4001 47 27 so
2638 3985 206 52 carefully
2886 3985 296 53 personalized,
3225 3985 65 43 the

1953 4040 244 43 enrollment
2234 4044 33 38 is
2303 4039 156 43 limited
2494 4049 45 32 to
2576 4041 147 51 people
2766 4040 48 42 of
2845 4041 83 41 real
2968 4045 190 48 promise.
3216 4040 74 42 An

1953 4095 244 42 enrollment
2228 4098 279 38 examination
2537 4094 84 42 will
2650 4094 49 42 be
2720 4103 90 33 sent
2833 4110 112 38 upon
2967 4105 184 43 request,-
3178 4110 112 37 upon

1953 4149 80 42 this
2068 4149 84 42 will
2190 4149 50 42 be
2274 4148 126 43 based
2435 4164 77 27 our
2549 4148 184 43 decision
2770 4164 45 27 as
2852 4159 45 32 to
2925 4164 109 37 your
3062 4149 227 53 eligibility.

1952 4203 80 43 Fill
2053 4213 76 33 out
2150 4202 68 44 the
2240 4218 169 38 coupon
2433 4202 81 43 and
2537 4203 95 42 mail
2656 4208 31 38 it
2709 4203 63 43 for
2787 4204 209 52 complete
3012 4204 277 43 information.

648 4355 304 55 Department
980 4358 55 42 of
1063 4357 296 54 Instruction,
1387 4354 134 48 THE
1550 4359 237 44 DRAMA
1818 4354 484 56 CORPORATION,
2332 4362 89 38 528
2449 4358 294 45 Athenaeum
2771 4359 141 54 Bldg.,
2942 4358 227 55 Chicago.

990 4453 140 44 Please
1160 4453 100 44 send
1289 4454 267 44 information
1587 4454 215 54 regarding
1830 4470 108 38 your
1966 4454 282 54 personalized
2277 4470 149 28 course
2455 4459 42 39 in
2526 4454 297 55 play-writing.

527 4588 139 43 Name
1953 4589 106 53 City

529 4723 132 44 Street
1187 4762 7 6 .
1464 4763 6 6 ,
1952 4725 116 44 State
2084 4763 17 5 ~
