3736 5148
2721 4086 91 45 159

568 754 124 48 weg,
725 743 103 45 and
859 754 155 33 never
1045 739 108 48 told
1184 753 85 34 me
1302 738 253 61 anything
1587 739 160 49 about
1916 739 67 48 he
2012 738 155 49 cried.
2459 739 43 49 is
2533 739 153 60 going
2718 742 100 46 on?

567 825 138 46 Who
742 823 43 47 is
821 826 192 42 master
1049 821 57 47 of
1140 821 103 47 this
1584 820 243 49 Jamaika
1863 822 228 59 scarcely
2128 821 154 48 knew
2317 821 142 49 what
2495 826 53 43 to
2584 837 107 44 say,
2730 822 92 48 but

569 904 253 58 suddenly
857 903 91 47 she
983 903 147 46 burst
1164 907 106 51 out,
1522 903 138 56 here,
1699 903 237 56 Kakadu,
1973 903 226 59 perhaps
2236 903 22 46 I
2295 918 86 32 am
2416 904 87 46 the
2538 909 193 42 master
2767 903 55 48 of

567 986 103 47 this
712 985 176 46 house.
965 983 319 60 Everything
1325 983 42 48 is
1410 983 242 59 possible,
1697 985 102 46 and
1841 984 297 48 sometimes
2181 985 173 59 things
2396 986 210 58 happen
2647 985 174 48 which

566 1067 153 46 could
753 1080 155 32 never
943 1065 64 48 be
1386 1064 220 48 Kakadu
1641 1067 86 58 lay
1761 1066 156 47 down
1952 1081 71 33 on
2055 1067 88 47 the
2179 1066 130 57 sofa,
2344 1067 94 47 but
2471 1068 126 46 then
2632 1078 190 47 sprang

566 1162 69 45 up
671 1148 104 46 and
808 1147 249 58 regarded
1092 1146 261 47 Jamaika:
1636 1147 67 48 do
1738 1162 105 45 you
1877 1149 186 46 mean?
2136 1147 99 49 Are
2270 1163 104 44 you
2409 1149 148 47 well?
2628 1148 193 59 Repeat

566 1229 140 47 what
738 1243 103 44 you
875 1229 111 46 said
1406 1229 134 46 shall
1572 1235 177 52 repeat
1780 1229 39 48 it
1852 1229 153 48 when
2037 1245 77 32 we
2146 1230 132 47 have
2310 1229 139 49 time.
2515 1231 129 47 Now
2677 1230 144 48 there

566 1312 42 45 is
643 1325 69 32 no
1145 1325 88 32 are
1269 1315 92 43 not
1398 1311 132 55 well,
1568 1325 103 45 you
1709 1316 141 42 must
1885 1323 63 47 go
1984 1316 53 42 to
2077 1326 29 32 a
2143 1312 196 55 doctor,
2379 1313 102 46 and
2519 1313 133 47 have
2689 1327 131 45 your

565 1392 133 47 head
730 1391 288 48 examined.
1068 1392 44 47 It
1141 1391 43 48 is
1217 1392 68 47 all
1314 1392 88 47 the
1432 1393 104 46 bad
1567 1391 257 49 influence
1856 1392 56 47 of
1940 1394 114 46 that
2084 1393 288 57 comedian,
2405 1395 22 44 I
2458 1395 211 45 warned
2701 1408 117 44 you.

568 1474 130 46 Now
737 1474 21 46 I
797 1474 134 47 shall
967 1474 133 47 have
1137 1474 88 48 the
1261 1474 205 48 trouble
1505 1473 56 49 of
1598 1473 240 60 bringing
1877 1489 104 44 you
2019 1479 54 43 to
2112 1489 132 45 your
2579 1475 64 48 At
2681 1476 139 58 eight

565 1554 198 48 o'clock
802 1555 242 47 Jamaika
1079 1560 106 43 met
1222 1555 293 60 Butterweg
1550 1571 70 32 on
1654 1556 87 48 the
1780 1561 153 54 steps.
2100 1556 111 48 fear
2248 1572 123 44 very
2410 1558 158 46 much
2606 1558 113 47 that
2755 1558 66 47 he

565 1636 105 47 will
701 1636 111 59 give
840 1652 62 32 us
1216 1638 92 48 she
1339 1637 126 47 said.
1533 1635 215 51 "Shan't
1776 1654 79 31 we
1885 1643 83 54 try
1997 1643 53 43 to
2080 1653 152 33 move
2261 1638 110 46 him
2403 1638 68 60 by

566 1718 292 59 Butterweg
891 1719 106 46 had
1031 1720 208 46 thrown
1278 1734 29 32 a
1342 1725 142 54 great
1519 1720 151 47 cloak
1708 1721 159 47 about
1902 1720 126 46 him.
2272 1721 44 47 It
2352 1721 42 47 is
2432 1726 85 42 too
2555 1721 81 46 far
2672 1732 146 47 gone,

771 1800 65 48 he
870 1800 300 48 exclaimed.
1356 1802 65 47 he
1457 1802 106 46 will
1598 1806 106 52 not,
1741 1803 67 47 he
1841 1802 106 47 will
1983 1803 63 46 be
2084 1802 191 47 forced.
2344 1804 82 46 En
2463 1804 177 47 avant!
2709 1803 110 46 The

565 1881 137 48 train
734 1881 168 49 leaves
935 1881 56 48 in
1024 1882 113 47 half
1170 1897 68 33 an
1269 1883 149 56 hour,
1451 1884 89 47 the
1571 1884 98 46 cab
1702 1883 148 48 waits
2168 1883 67 48 As
2270 1884 290 58 Butterweg
2594 1884 224 54 entered,

570 1963 221 47 Kakadu
823 1979 107 32 was
962 1964 377 60 promenading
1372 1965 160 48 about
1563 1964 82 48 his
1677 1980 164 32 room.
1909 1964 79 49 He
2022 1970 115 54 spat
2168 1981 70 32 on
2268 1967 88 46 the
2388 1971 193 54 carpet,
2615 1967 103 46 and
2752 1967 66 46 he

565 2046 233 57 snapped
829 2045 80 47 his
941 2046 189 58 fingers
1161 2046 127 47 with
1318 2060 224 33 nervous
1573 2059 146 46 pops.
2156 2047 111 47 said
2298 2047 293 60 Butterweg
2619 2047 198 59 rudely,

775 2140 102 45 you
908 2127 162 46 heard
1100 2128 112 46 that
1242 2142 104 43 you
1376 2141 86 33 are
1491 2127 153 58 going
1672 2133 53 41 to
2137 2129 193 46 travel?
2398 2129 99 46 Are
2526 2143 104 43 you
2660 2129 154 46 mad?

565 2207 22 46 I
623 2208 133 47 shall
791 2223 156 32 never
982 2209 142 46 leave
1158 2208 103 47 this
1698 2208 131 59 spite
1863 2207 56 49 of
1956 2210 84 54 all,
2076 2224 103 43 you
2216 2210 105 46 will
2357 2211 163 46 travel
2555 2210 103 47 this
2695 2224 123 44 very

563 2288 231 58 evening,
826 2289 126 47 with
984 2288 242 47 Jamaika
1256 2290 103 46 and
1388 2304 84 32 me
1503 2295 52 42 to
2004 2290 243 48 Jamaika
2276 2291 95 48 has
2402 2292 247 55 betrayed

563 2369 140 48 cried
742 2369 235 57 Kakadu,
1017 2370 119 48 who
1177 2372 270 56 suspected
1485 2371 134 47 their
1655 2371 335 47 connivance.
2256 2372 134 47 shall
2444 2378 166 54 regret

564 2451 290 59 Butterweg
880 2452 228 58 grabbed
1132 2453 88 46 the
1245 2467 126 32 man
1394 2452 127 48 with
1544 2453 129 47 little
1697 2468 295 45 ceremony,
2018 2454 215 59 gripped
2259 2454 82 48 his
2366 2455 189 56 throat,
2582 2456 104 46 and
2711 2470 107 31 was

561 2532 153 60 going
744 2538 54 43 to
829 2532 128 49 bind
988 2532 126 57 him,
1148 2533 154 48 when
1335 2533 242 49 Jamaika
1609 2534 313 48 intervened.
1992 2533 190 50 "Don't
2211 2537 124 47 hurt
2584 2538 91 46 she
2708 2535 110 48 said

563 2613 289 60 anxiously.
924 2614 292 60 Butterweg
1251 2615 242 49 reflected
1529 2615 82 49 for
1647 2632 30 31 a
1712 2621 248 52 moment,
1997 2618 126 47 then
2158 2618 125 47 took
2321 2632 30 33 a
2384 2618 130 47 little
2548 2618 144 58 phial
2729 2621 89 44 out

562 2695 56 46 of
648 2694 82 49 his
761 2696 338 57 vest-pocket,
1133 2698 102 46 and
1269 2698 221 58 sprayed
1523 2713 31 31 a
1586 2697 100 48 few
1719 2698 158 59 drops
1910 2698 57 48 of
1998 2699 184 47 brown
2213 2698 164 61 liquid
2410 2699 109 48 into
2554 2697 263 49 Kakadu's

562 2792 141 33 nose.
783 2778 220 47 Kakadu
1045 2779 212 47 became
1300 2779 230 47 will-less
1574 2781 102 45 and
1720 2781 275 58 apathetic,
2040 2781 66 47 he
2147 2781 70 48 let
2260 2781 211 48 himself
2512 2782 63 47 be
2616 2781 200 48 carried

561 2858 109 48 into
698 2859 88 48 the
814 2860 96 46 cab
939 2859 221 49 without
1189 2875 31 33 a
1248 2861 182 46 sound.
1494 2862 76 46 To
1599 2862 87 46 the
1715 2867 175 53 porter
1918 2863 121 47 who
2067 2863 201 47 carried
2297 2864 86 46 the
2412 2863 175 56 trunk,
2618 2864 169 46 Butter-

563 2951 110 47 weg
709 2940 127 56 said,
876 2939 189 49 "Don't
1100 2941 155 48 make
1291 2957 55 32 so
1384 2943 159 46 much
1579 2942 161 56 noise,
1777 2942 146 49 don't
1957 2958 105 45 you
2098 2959 82 32 see
2215 2945 145 46 there
2397 2944 42 47 is
2478 2960 30 31 a
2545 2944 110 48 sick
2691 2959 126 32 man

806 3021 64 49 At
903 3023 88 46 the
1024 3023 190 47 station
1248 3038 30 31 a
1310 3024 288 47 Red-Gross
1631 3039 126 32 man
1790 3026 205 46 wanted
2028 3030 52 43 to
2114 3030 82 54 get
2231 3040 30 32 a
2292 3025 137 48 litter
2462 3025 82 48 for
2580 3025 235 55 Kakadu,

562 3103 93 48 but
693 3103 308 59 Butterweg,
1040 3105 119 46 who
1198 3105 198 47 wished
1432 3110 53 42 to
1525 3120 120 32 save
1683 3121 206 43 money,
1929 3106 112 47 said
2078 3107 115 47 that
2229 3107 39 47 it
2305 3122 107 31 was
2451 3122 362 44 unnecessary.

561 3184 146 48 With
737 3184 286 49 Jamaika's
1053 3185 121 60 help
1206 3186 65 48 he
1300 3185 201 48 carried
1534 3186 221 47 Kakadu
1786 3186 109 48 into
1926 3188 87 46 the
2045 3189 212 57 sleeper,
2290 3203 31 32 a
2350 3189 101 46 few
2481 3203 146 33 more
2658 3189 157 59 drops

562 3266 56 47 of
656 3267 134 58 dope
828 3282 135 32 were
1002 3267 268 59 sprinkled
1308 3267 109 48 into
1455 3267 82 48 his
1576 3283 140 41 nose,
1758 3270 103 46 and
1901 3270 64 46 he
2006 3269 88 47 fell
2132 3268 102 49 fast
2274 3271 169 57 asleep
2484 3272 103 45 and
2628 3271 186 47 snored

562 3348 230 59 happily.
851 3348 292 59 Butterweg
1168 3350 150 46 stuck
1342 3355 90 42 out
1456 3349 81 48 his
1560 3350 164 48 chest:
1979 3366 55 32 so
2060 3352 158 47 much
2243 3350 82 48 for
2575 3351 241 47 Jamaika

560 3428 167 59 began
759 3432 51 45 to
843 3443 159 45 weep,
1035 3436 91 42 out
1157 3430 56 48 of
1244 3430 315 48 indefinable
1591 3431 233 48 motives.
2295 3434 92 47 she
2420 3433 210 56 sobbed,

562 3512 175 46 would
771 3512 132 47 have
937 3512 223 58 thought
1194 3514 113 46 that
1342 3514 65 45 he
1443 3514 174 46 would
1652 3528 148 33 come
1835 3519 52 41 to
1924 3514 146 47 Paris
2106 3514 54 47 in
2195 3515 103 47 this
2572 3516 101 47 She
2708 3531 107 32 saw

560 3593 88 46 the
676 3592 192 48 station
894 3593 277 59 disappear
1198 3594 54 47 in
1281 3595 87 46 the
1396 3594 136 56 mist,
1563 3595 88 47 the
1678 3595 100 47 last
1804 3596 91 46 red
1921 3596 157 58 lights
2107 3597 118 46 shot
2254 3597 84 58 by,
2368 3598 103 45 and
2501 3612 30 31 a
2559 3598 256 46 nameless

561 3674 213 47 sadness
807 3672 141 49 filled
979 3675 94 46 her
1105 3675 163 56 heart,
1303 3690 56 33 so
1391 3675 113 49 that
1536 3674 83 48 for
1652 3692 29 31 a
1712 3676 121 60 long
1865 3675 125 49 time
2023 3677 91 48 she
2145 3678 155 47 could
2333 3677 110 48 find
2476 3694 68 31 no
2576 3692 170 44 peace.

1971 3844 255 46 Richard
2264 3844 413 48 Huelsenbeck

560 3984 83 47 (To
680 3984 51 39 be
764 3983 263 47 concluded)

1826 3986 276 48 (Translated
2133 3986 113 47 from
2279 3986 71 38 the
2381 3987 183 39 German
2598 3987 54 49 by
2681 3987 134 47 M.J.)
