3736 5148
942 4129 95 46 202

950 798 155 48 differ
1145 798 55 47 in
1239 798 103 48 hue
1382 798 104 46 and
1524 802 214 43 texture.
1815 797 340 47 Rodtchenko
2196 812 98 32 one
2334 798 56 46 of
2431 798 81 47 his
2552 798 165 46 ablest
2757 795 188 60 pupils,
2987 792 211 61 painted

1171 893 69 33 on
1493 872 128 63 (mat
1647 878 104 47 and
1775 871 215 66 glossy).
2050 878 149 47 Then
2222 879 67 46 he
2314 879 153 46 made
2492 879 89 46 the
2603 878 101 47 last
2730 882 110 54 step
2868 877 70 59 by
2964 873 234 62 painting

948 960 145 48 three
1122 974 185 45 square
1336 974 273 33 canvasses
1641 959 55 47 in
1723 959 88 48 the
1840 959 145 48 three
2015 959 315 60 elementary
2360 959 186 56 colors,
2576 959 107 55 red,
2712 958 135 56 blue,
2879 958 104 47 and
3012 956 186 60 yellow

948 1041 352 60 respectively.
1373 1041 137 47 Does
1547 1041 113 47 that
1697 1055 155 33 mean
1889 1041 113 47 that
2040 1046 79 42 art
2156 1041 96 47 has
2291 1045 52 43 at
2378 1041 101 46 last
2515 1040 221 47 reached
2775 1055 32 31 a
2843 1039 146 46 blind
3028 1038 166 58 alley?

947 1122 340 47 Rodtchenko
1320 1122 119 47 who
1472 1123 187 58 passed
1690 1121 139 48 from
1862 1121 376 59 Suprematism
2268 1126 53 43 to
2355 1120 402 48 Contructivism
2789 1120 174 47 would
2995 1132 202 33 answer

947 1202 55 48 in
1029 1203 89 48 the
1143 1202 251 60 negative.
1456 1203 168 48 There
1651 1202 44 49 is
1723 1218 30 32 a
1780 1214 215 48 passage
2023 1202 110 48 into
2160 1203 89 48 the
2277 1216 149 45 open.
2489 1202 46 48 It
2561 1202 43 47 is
2633 1202 88 47 the
2749 1212 216 48 passage
2992 1199 204 58 leading

946 1284 139 47 from
1119 1290 81 42 art
1230 1290 54 42 to
1317 1284 326 59 production.
1711 1284 91 49 Art
1836 1284 188 47 should
2057 1295 174 48 merge
2262 1283 128 49 with
2422 1283 104 47 life.
2594 1282 360 47 Autonomous
2989 1287 79 43 art
3101 1281 96 45 has

947 1380 70 32 no
1060 1367 179 57 longer
1282 1380 103 45 any
1429 1366 287 60 important
1758 1366 238 48 function
2038 1372 53 42 to
2136 1365 247 60 perform.
2462 1364 102 49 But
2605 1365 88 47 the
2737 1363 147 48 artist
2928 1364 110 46 has.
3117 1362 79 47 He

947 1445 188 49 should
1170 1446 182 49 devote
1383 1447 82 48 his
1500 1446 315 60 organizing,
1851 1446 221 49 creative
2106 1445 237 49 faculties
2376 1451 55 43 to
2464 1447 88 47 the
2585 1444 303 61 productive
2922 1442 275 48 industrial

947 1540 264 45 processes
1243 1529 104 47 and
1376 1529 122 48 thus
1530 1529 287 59 relinquish
1846 1528 83 49 his
1960 1528 245 60 parasitic
2235 1527 271 49 existence.
2570 1526 342 49 Rodtchenko
2944 1540 106 33 was
3083 1530 114 42 true

947 1613 54 43 to
1039 1609 81 48 his
1158 1610 252 48 doctrine:
1467 1611 66 46 he
1570 1622 126 47 gave
1734 1624 71 45 up
1842 1610 89 48 the
1968 1610 226 58 practice
2231 1609 57 48 of
2325 1615 93 41 art.

1114 1690 102 47 Not
1255 1691 67 46 all
1361 1691 410 46 constructivists
1808 1719 68 6 —
1914 1691 363 58 Medunetzky,
2318 1691 292 57 Sternberg,
2649 1691 273 57 loganson,
2963 1687 232 55 Kliutzis,

948 1770 273 60 Lissitzky,
1264 1771 175 47 Tatlin
1477 1799 69 7 —
1587 1772 126 47 hold
1753 1772 89 47 the
1885 1786 144 33 same
2070 1771 173 48 views.
2320 1770 231 49 Another
2592 1771 255 59 tendency
2890 1774 177 56 grants
3108 1769 88 47 the

946 1850 292 61 legitimacy
1268 1852 56 46 of
1354 1852 197 48 artistic
1581 1852 227 60 activity,
1841 1853 250 58 although
2120 1853 41 47 it
2189 1853 175 46 would
2393 1852 287 47 transform
2709 1853 114 47 that
2852 1851 55 47 in
2936 1852 259 56 harmony

946 1931 127 48 with
1103 1933 88 47 the
1222 1932 254 48 demands
1509 1932 56 48 of
1593 1934 88 46 the
1713 1947 116 33 new
1860 1944 107 47 age.
2033 1933 93 47 Art
2156 1933 189 47 should
2376 1938 116 42 root
2523 1933 56 47 in
2610 1933 88 47 the
2730 1931 286 59 weightiest
3048 1930 122 48 reali-

946 2012 94 49 ties
1067 2013 56 47 of
1148 2028 97 32 our
1269 2015 118 58 day.
1447 2014 167 49 These
1642 2030 87 32 are
1756 2014 199 48 science
1981 2015 103 47 and
2111 2014 254 60 industry.
2426 2015 111 46 The
2564 2013 437 55 Constructivists,
3029 2013 138 47 there-

946 2093 128 58 fore,
1112 2106 62 47 go
1212 2095 82 47 for
1330 2096 311 47 instruction
1676 2101 54 42 to
1768 2096 200 48 science
2004 2096 104 47 and
2144 2096 207 48 borrow
2388 2110 69 32 an
2492 2096 237 57 example
2767 2095 138 46 from
2940 2094 255 57 industry.

946 2174 127 49 Like
1110 2175 200 48 science
1344 2177 124 59 they
1504 2177 105 46 aim
1645 2182 52 43 at
1732 2176 273 59 precision,
2042 2176 169 58 order,
2246 2175 375 60 organization;
2658 2176 105 47 like
2798 2174 239 60 industry
3073 2174 124 59 they

946 2256 115 47 deal
1092 2256 127 48 with
1250 2262 237 43 concrete
1520 2257 282 48 materials:
1854 2272 177 45 paper,
2062 2258 168 56 wood,
2263 2258 130 56 coal,
2426 2257 130 57 iron,
2590 2257 151 59 glass.
2811 2257 104 48 Out
2947 2256 56 47 of
3035 2256 161 54 these,

946 2351 115 33 new
1091 2336 197 61 objects
1316 2367 68 6 —
1413 2344 91 43 not
1534 2339 225 59 pictures
1788 2367 69 7 —
1885 2354 88 33 are
2002 2340 206 47 created
2236 2344 93 43 not
2359 2338 251 48 imitative
2641 2338 56 48 of
2726 2338 184 59 reality
2940 2339 94 46 but
3064 2337 133 46 built

946 2418 125 48 with
1106 2433 32 33 a
1169 2421 279 45 structural
1480 2420 134 59 logic
1645 2425 53 43 to
1732 2421 65 47 be
1829 2420 210 47 utilized
2073 2421 309 58 eventually,
2415 2420 107 59 just
2556 2434 56 33 as
2647 2425 165 42 steam
2845 2434 107 32 was
2986 2418 209 48 utilized

945 2500 122 59 long
1112 2500 132 48 after
1289 2501 63 48 its
1397 2501 289 60 discovery;
1731 2530 69 7 —
1842 2516 117 33 new
2003 2501 197 61 objects
2244 2503 114 46 that
2402 2516 99 33 can
2546 2502 158 47 affect
2749 2500 193 60 society
2987 2500 107 60 just
3138 2515 56 32 as

946 2581 121 59 they
1096 2596 88 33 are
1211 2582 181 47 rooted
1419 2582 56 47 in
1503 2582 53 48 it.
1620 2582 176 49 Hence
1823 2583 88 48 the
1940 2582 420 49 Constructivists
2389 2582 238 49 consider
2656 2582 135 48 their
2818 2582 147 47 work
2996 2581 199 59 strictly

946 2661 298 48 utilitarian.
1315 2663 278 47 Technical
1631 2677 263 45 processes
1929 2664 241 59 organize
2205 2665 133 46 dead
2375 2663 281 56 materials;
2695 2663 384 48 constructivist
3116 2666 79 43 art

946 2743 173 47 would
1151 2744 143 47 mold
1326 2745 87 47 the
1445 2759 116 33 new
1594 2744 158 48 social
1784 2745 333 59 personality.

1111 2827 167 48 There
1305 2842 86 33 are
1418 2829 103 46 still
1548 2829 149 47 other
1721 2830 233 47 versions
1979 2829 56 47 of
2061 2830 89 48 the
2177 2829 394 49 Constructivist
2596 2830 249 56 doctrine,
2874 2830 67 46 all
2969 2829 57 48 of
3050 2829 144 48 them

944 2907 190 61 having
1168 2913 53 43 at
1251 2908 136 48 their
1418 2924 119 33 core
1568 2909 142 49 what
1741 2924 99 33 one
1872 2910 165 59 might
2068 2911 100 47 call
2200 2910 337 60 irreverently
2569 2925 30 32 a
2631 2911 257 47 romantic
2922 2910 272 47 adoration

945 2988 57 47 of
1041 2990 88 46 the
1170 2990 257 48 machine.
1503 2991 111 47 The
1653 2991 101 47 law
1796 2990 56 48 of
1892 2996 247 52 contrast,
2180 2992 241 59 perhaps.
2498 2992 45 47 It
2583 3006 108 33 was
2733 2991 55 48 in
2826 2993 89 47 the
2956 2992 237 48 classical

942 3070 123 47 land
1097 3070 56 47 of
1182 3070 236 48 Political
1449 3071 287 60 Economy,
1768 3073 89 47 the
1887 3072 281 48 Industrial
2200 3072 324 57 Revolution,
2559 3073 102 47 and
2691 3073 171 47 urban
2892 3073 272 47 centraliza-

942 3151 110 47 tion
1082 3181 67 5 —
1178 3151 39 49 it
1248 3167 107 33 was
1387 3153 54 47 in
1472 3152 238 60 England
1741 3154 112 47 that
1883 3155 280 58 landscape
2194 3154 236 60 painting
2460 3155 105 46 had
2596 3155 64 47 its
2692 3155 115 46 rise.

1108 3234 191 58 Tatlin,
1340 3252 98 32 one
1478 3237 57 47 of
1574 3238 87 47 the
1701 3243 137 44 most
1877 3239 299 59 prominent
2215 3239 427 59 representatives
2684 3239 55 47 of
2778 3239 103 48 this
2921 3239 272 59 tendency,

945 3318 282 59 attempted
1267 3317 56 47 in
1362 3318 82 48 his
1485 3320 308 47 Monument
1833 3325 53 42 to
1927 3321 88 46 the
2054 3321 165 46 Third
2261 3320 388 57 International,
2690 3326 54 42 to
2785 3320 144 47 unite
2970 3326 79 42 art
3090 3321 103 46 and

943 3397 199 48 science
1175 3399 103 46 and
1310 3404 52 42 to
1395 3405 169 42 create
1597 3415 31 32 a
1658 3399 285 49 utilitarian
1973 3401 162 48 work.
2201 3401 127 48 This
2361 3406 308 43 monument
2700 3400 317 61 comprising
3049 3401 145 48 three

944 3479 181 47 stories
1158 3473 165 63 (cube,
1350 3481 257 58 pyramid,
1633 3476 252 64 cylinder)
1918 3482 223 60 rotating
2167 3487 51 44 at
2243 3483 244 47 different
2513 3482 260 48 velocities
2807 3477 158 66 (year,
2991 3484 201 55 month,

941 3554 121 64 day)
1101 3560 177 60 brings
1311 3561 88 48 the
1432 3561 124 49 time
1589 3561 167 49 factor
1789 3562 108 48 into
1931 3564 82 47 his
2045 3563 162 47 work.
2277 3565 59 45 In
2369 3563 245 48 different
2646 3564 310 48 connection
2989 3566 103 46 and
3124 3579 70 32 on

941 3654 31 32 a
1002 3642 209 47 smaller
1241 3642 150 56 scale,
1423 3643 87 47 the
1542 3644 230 59 sculptor
1805 3644 142 48 Gabo
1979 3645 110 47 also
2119 3645 296 47 introduces
2445 3645 299 58 dynamism
2776 3646 108 47 into
2918 3647 80 47 his
3030 3647 162 46 work.

942 3721 79 48 He
1053 3723 146 47 seeks
1230 3729 53 41 to
1314 3725 247 47 establish
1592 3725 55 47 in
1677 3725 82 48 his
1793 3726 263 59 sculpture
2087 3741 67 33 an
2184 3725 354 49 interrelation
2570 3726 56 48 of
2658 3726 168 49 forces
2858 3729 176 46 rather
3064 3730 129 45 than

941 3802 56 48 of
1025 3819 211 33 masses.
1300 3805 143 48 Gabo
1472 3812 252 52 operates,
1753 3807 105 48 like
1885 3807 348 60 Archipenko,
2262 3808 126 47 with
2419 3808 87 48 the
2535 3823 225 34 concave
2789 3808 201 49 instead
3021 3810 56 47 of
3105 3810 88 47 the

941 3897 197 35 convex
1173 3885 204 49 surface
1428 3901 246 33 common
1725 3887 54 48 in
1830 3888 277 59 sculpture,
2161 3888 103 47 and
2316 3891 244 56 attempts
2610 3894 54 44 to
2716 3891 141 47 solve
2908 3891 81 47 his
3040 3891 152 46 novel

942 3967 264 58 problems
1241 3967 54 47 in
1331 3968 184 59 plastic
1550 3969 136 59 glass
1722 3970 395 48 constructions.
