3736 5148
921 4032 98 46 212

1844 1023 397 55 COMMENT

1083 1262 335 62 Astonishing
1455 1263 313 49 similarities
1805 1264 106 47 will
1945 1266 64 46 be
2043 1262 208 50 noticed
2285 1264 236 47 between
2555 1277 96 34 our
2687 1261 395 61 reproductions
3118 1261 56 48 of

916 1345 188 60 widely
1150 1346 246 48 different
1442 1346 424 60 origin—Indian
1913 1347 206 59 designs
2168 1347 103 46 and
2318 1348 89 46 the
2456 1346 147 47 work
2651 1345 56 48 of
2756 1345 193 59 George
2999 1344 174 55 Grosz,

918 1426 290 50 madmen's
1247 1428 338 59 productions
1624 1430 103 46 and
1765 1430 89 46 the
1890 1428 217 48 delicate
2144 1428 261 59 drawings
2445 1428 56 48 of
2538 1428 131 47 Paul
2708 1428 138 47 Klee.
2920 1427 111 47 The
3069 1426 77 59 pri-

917 1509 177 48 mitive
1124 1525 124 33 man
1278 1512 103 46 and
1409 1511 89 48 the
1526 1510 198 49 refined
1754 1510 388 60 propagandist,
2171 1511 88 48 the
2288 1510 239 49 imbecile
2557 1511 104 47 and
2691 1525 98 33 one
2820 1509 56 48 of
2904 1509 88 49 the
3022 1507 152 48 finest

919 1592 328 49 sensibilities
1284 1592 57 48 of
1376 1608 96 32 our
1511 1604 91 48 age
1636 1621 69 7 —
1740 1593 142 47 what
1919 1607 99 33 can
2054 1593 144 47 these
2234 1592 358 60 personalities
2630 1592 133 47 have
2800 1592 55 46 in
2890 1592 279 47 common?

1081 1755 22 46 I
1136 1752 159 49 asked
1327 1769 68 31 an
1425 1755 86 46 old
1543 1752 229 49 Arabian
1803 1758 177 55 carpet
2011 1769 202 32 weaver
2244 1753 55 48 in
2331 1753 144 60 Gapa
2504 1759 52 43 to
2589 1754 145 48 draw
2768 1769 143 33 some
2942 1758 233 55 patterns

920 1835 80 47 for
1043 1851 99 31 me.
1220 1835 79 48 He
1342 1835 196 59 replied
1581 1836 114 48 that
1739 1836 249 60 although
2032 1836 66 47 he
2142 1836 105 47 had
2290 1836 211 47 learned
2544 1836 89 48 the
2676 1835 189 60 figures
2910 1835 138 48 from
3091 1835 81 47 his

918 1916 187 55 father,
1142 1918 66 47 he
1245 1917 105 47 had
1385 1918 122 59 long
1545 1917 141 49 since
1722 1917 262 60 forgotten
2018 1918 160 47 them.
2250 1918 256 47 However
2544 1917 133 47 after
2716 1932 143 33 some
2896 1916 279 47 hesitation

919 1997 80 49 his
1030 1998 143 48 hand
1203 1999 404 60 unconsciously
1639 2001 176 46 traced
1845 2000 88 47 the
1965 1999 222 48 outlines
2219 1999 57 48 of
2307 2014 32 32 a
2368 1999 133 57 bird,
2535 2014 31 32 a
2594 1999 102 47 fish
2728 1999 105 47 and
2865 2014 31 31 a
2926 1998 182 47 camel.

1089 2155 110 49 Our
1247 2157 187 48 Indian
1480 2156 236 60 drawing
1764 2157 57 48 of
1868 2172 31 33 a
1945 2172 126 33 man
2120 2157 175 60 sitting
2342 2156 57 49 in
2445 2156 83 49 his
2575 2156 285 49 hammock
2908 2155 42 49 is
2998 2156 177 48 rather

919 2238 326 48 naturalistic
1278 2239 95 48 but
1406 2239 89 48 the
1777 2239 90 47 did
1900 2244 93 43 not
2027 2238 168 61 forget
2226 2244 54 44 to
2301 2239 145 48 draw
2494 2254 31 32 a
2569 2238 119 49 hole
2734 2238 84 48 for
2862 2238 90 49 the
2996 2243 178 55 empty

920 2321 237 46 stomach
1193 2320 168 48 inside
1396 2321 89 47 the
1521 2321 154 59 body.
1748 2321 145 48 Thus
1930 2321 124 48 does
2092 2321 88 48 the
2216 2334 102 47 pen
2356 2321 56 47 of
2451 2321 158 47 Grosz
2648 2325 266 55 penetrate
2950 2319 225 48 beneath

919 2402 88 46 the
1050 2400 157 49 skirts
1249 2403 105 45 and
1396 2402 208 48 blouses
1645 2402 57 47 of
1744 2407 225 43 cocottes
2012 2403 105 47 and
2158 2403 110 48 into
2311 2404 88 47 the
2441 2404 175 47 hearts
2658 2402 57 47 of
2757 2402 270 60 profiteers
3071 2402 103 46 and

920 2482 231 49 soldiers.
1229 2484 112 47 The
1384 2485 216 46 method
1644 2483 56 48 of
1744 2485 144 47 these
1931 2489 103 43 two
2080 2484 476 48 artists—whether
2600 2485 212 47 learned
2857 2484 140 47 from
3041 2483 134 48 their

919 2569 279 51 ancestors,
1225 2564 55 48 in
1306 2566 179 47 school
1511 2581 59 32 or
1595 2565 55 48 in
1675 2565 203 48 life—is
1904 2567 88 47 the
2018 2581 161 33 same:
2208 2566 216 59 empiric
2451 2567 104 47 and
2581 2566 376 59 conceptional.
3018 2564 158 49 Their

919 2646 106 46 aim
1059 2647 89 47 the
1184 2646 283 62 imparting
1503 2647 57 48 of
1595 2647 306 61 knowledge
1937 2648 105 47 and
2077 2647 343 49 information
2456 2653 52 43 to
2545 2648 192 48 others.

1086 2810 111 47 The
1248 2810 251 47 excellent
1549 2811 140 46 book
1739 2811 56 47 of
1847 2811 89 46 Dr.
1982 2811 307 57 Prinzhorn,
2622 2811 319 48 Production
2992 2811 56 47 of
3091 2811 87 47 the

1215 2892 220 47 enabled
1494 2906 61 33 us
1613 2897 54 42 to
1724 2894 287 57 reproduce
2070 2907 143 33 some
2271 2892 262 60 drawings
2592 2894 69 59 by
2704 2894 248 46 madmen
2992 2892 57 48 of
3089 2893 88 47 the

919 2973 394 60 schizophreme
1347 2984 182 49 group,
1566 2974 177 48 whose
1775 2974 174 48 minds
1984 2989 88 33 are
2106 2979 88 43 cut
2228 2975 78 47 off
2340 2975 138 47 from
2514 2975 87 47 the
2635 2974 202 48 outside
2872 2975 165 47 world
3074 2974 102 48 and

922 3069 88 32 are
1058 3054 145 48 often
1251 3055 122 59 split
1418 3055 111 48 into
1578 3056 197 48 several
1822 3056 247 48 different
2115 3056 375 60 personalities.
2573 3056 159 49 Their
2779 3056 263 60 drawings
3090 3071 88 33 are

921 3135 259 49 skeletons
1220 3137 174 47 which
1434 3138 123 59 they
1598 3138 171 48 clothe
1808 3138 56 46 in
1902 3139 88 47 the
2028 3139 132 47 flesh
2201 3138 56 48 of
2295 3138 135 49 their
2469 3138 385 60 imaginations,
2894 3139 121 47 thus
3055 3154 90 32 con-

918 3217 290 60 centrating
1241 3218 144 47 them
1418 3216 111 51 into
1562 3219 143 49 what
1739 3234 99 33 can
1869 3221 67 46 he
1969 3221 165 46 called
2169 3236 32 31 a
2234 3226 107 42 sort
2374 3221 57 47 of
2464 3220 166 46 order.
2701 3220 372 47 Uncontrolled
3108 3219 69 59 by

921 3300 105 46 and
1065 3300 353 48 uninterested
1456 3300 55 48 in
1548 3301 89 47 the
1676 3299 209 50 world's
1925 3302 239 56 realities,
2204 3303 88 46 the
2331 3302 182 47 insane
2554 3302 146 46 mind
2741 3302 42 46 is
2824 3302 189 59 guided
3053 3303 124 58 only

919 3379 70 60 by
1014 3381 88 47 the
1127 3381 134 59 logic
1286 3381 57 47 of
1368 3395 161 46 paper
1556 3383 105 46 and
1686 3382 171 59 pencil
1882 3398 60 32 or
1968 3383 163 48 brush
2159 3384 104 46 and
2288 3382 196 48 colour.
2544 3384 111 47 The
2681 3388 104 43 two
2814 3383 364 48 fundamental

920 3462 271 59 mysteries
1224 3491 69 6 —
1326 3462 218 59 religion
1580 3464 103 46 and
1716 3464 116 47 love
1866 3492 69 7 —
1969 3464 154 56 form,
2160 3464 84 47 for
2279 3465 88 47 the
2401 3470 138 43 most
2572 3470 133 54 part,
2743 3465 88 49 the
2866 3465 312 60 inspiration

920 3543 57 47 of
1014 3543 135 48 their
1186 3544 280 60 drawings:
1509 3546 103 46 and
1650 3544 55 48 in
1743 3546 144 48 them
1926 3546 276 47 memories
2241 3560 253 46 reappear
2533 3561 56 33 as
2628 3546 55 48 in
2721 3547 89 48 the
2848 3547 236 61 drawing
3122 3547 56 48 of

920 3625 88 47 the
1048 3625 337 48 Koroa-man.

1087 3789 111 46 The
1240 3789 289 59 mysticism
1571 3790 56 46 of
1667 3790 131 47 Paul
1842 3791 122 47 Klee
2006 3790 43 49 is
2092 3790 205 53 evident
2356 3790 56 49 in
2452 3806 99 33 one
2594 3792 56 47 of
2690 3791 81 48 his
2813 3793 150 48 latest
3004 3792 174 47 works

920 3869 173 48 which
1126 3869 88 48 Dr.
1247 3871 148 47 Zahn
1424 3872 127 48 calls
1757 3872 205 48 Cosmic
1992 3873 206 48 Picture
2491 3873 112 49 The
2633 3874 341 59 egocentrism
3005 3874 57 48 of
3091 3874 87 48 the
