2654 3866
794 98 1044 98 AFORISMER

234 383 386 66 Rammens
668 382 196 66 Kant
912 401 80 46 er
1042 381 356 66 Billedets
1448 379 387 68 stærkeste
1885 378 372 88 Virkning.

233 627 316 69 Smukke
598 628 271 66 Farver
930 649 80 44 er
1064 649 91 44 en
1203 627 268 88 Fjende
1529 625 76 68 af
1656 625 178 87 godt
1887 623 276 68 Maleri.
2230 625 93 66 Et
2370 625 178 85 godt

80 757 255 67 Maleri
382 778 80 45 er
509 757 179 66 altid
738 758 241 66 smukt
1025 757 25 64 i
1101 758 296 65 Farven.

236 1004 325 66 Naturen
611 1025 80 44 er
738 1003 202 81 intet,
995 1003 316 66 Billedet
1360 1002 78 66 af
1484 1003 139 65 den
1674 1002 119 66 alt.

236 1249 220 66 Værd
504 1253 75 62 at
628 1248 313 66 erindre:
996 1251 90 63 Et
1134 1248 388 67 Landskab
1566 1248 142 66 kan
1748 1248 193 66 taale
1985 1251 75 62 at
2097 1246 456 85 forvrænges

83 1399 305 66 gennem
452 1378 372 85 brydende
890 1378 205 80 Glas;
1166 1378 124 66 det
1349 1376 352 68 beholder
1762 1378 143 85 dog
1966 1376 95 66 sit
2122 1374 431 86 væsentlige

83 1508 321 67 Indhold.

238 1755 123 63 Alt
410 1757 131 82 nyt
589 1774 80 44 er
715 1754 200 85 godt,
965 1751 191 66 fordi
1205 1754 102 64 alt
1355 1752 178 85 godt
1581 1773 80 44 er
1708 1757 146 80 nyt.

239 1997 161 68 God
448 1997 240 66 Kunst
749 2019 80 44 er
889 1997 179 68 altid
1129 1997 341 66 national.
1537 1996 339 69 National
1934 1997 239 65 Kunst
2237 2016 80 45 er
2380 1995 179 66 altid

931 2073 5 10 i

85 2127 300 88 daarlig.

243 2375 94 66 At
385 2375 185 66 male
619 2397 81 44 er
748 2377 74 64 at
870 2375 315 68 indrette
1236 2375 134 86 sig,
1421 2377 76 64 at
1546 2372 122 69 faa
1716 2375 206 66 Fred.

241 2620 732 86 Karakteriseringen
1021 2625 304 82 tvunget
1373 2621 126 66 ind
1546 2621 24 63 i
1618 2620 141 66 den
1798 2617 514 67 kunstneriske
2346 2618 211 65 Form

88 2772 81 43 er
201 2749 288 68 Maalet.
541 2748 436 69 Skønheden
1011 2772 80 43 er
1124 2751 437 66 Resultatet.
1613 2751 95 64 At
1749 2748 295 88 arbejde
2084 2747 116 66 for
2239 2749 75 62 at
2351 2745 167 66 frem-

88 2880 194 67 stille
330 2884 221 81 noget
601 2881 235 79 skønt,
887 2880 200 66 fører
1133 2880 168 66 ikke
1349 2880 85 66 til
1481 2884 240 82 noget.

244 3130 175 80 Ben,
473 3129 130 66 der
652 3128 244 66 elsker
944 3126 369 83 Detailler,
1364 3126 327 86 mangler
1724 3124 188 68 Sans
1951 3123 117 66 for
2102 3123 456 68 Skønheden.

248 3373 322 67 Maleren
612 3393 111 46 ser
757 3374 165 65 ikke
964 3374 158 66 sine
1161 3373 347 75 Billeder,
1551 3392 176 44 naar
1765 3372 140 64 han
1946 3370 226 65 maler
2204 3370 184 82 dem,
2423 3370 142 66 han

88 3505 184 88 føler
315 3505 163 65 dem
527 3504 165 64 kun.

1928 3604 195 48 Harald
2160 3603 250 64 Giersing.
