3058 4046
111 3949 14 22 8

106 78 64 32 Zug
191 77 52 29 mit
263 72 225 31 Verwundeten

103 150 33 29 In
157 148 54 29 das
230 146 188 30 Bienenvolk
440 148 53 28 der
511 145 145 29 Strassen

103 199 59 29 das
180 200 31 27 in
232 197 57 28 das
312 195 116 29 Oelaub
451 195 52 29 der
524 193 89 30 Stadt

103 245 160 30 summend
284 244 81 33 fährt

102 296 118 33 springt
249 294 45 28 ein
318 289 71 32 Tier
414 301 57 23 aus
500 292 103 28 fernen
630 289 139 29 Ländern

105 344 116 29 heisses
242 342 141 32 Keuchen
402 348 55 21 aus
475 340 54 29 der
550 339 103 33 Lunge

101 383 200 38 schüttelfsfe
322 397 73 22 vom
413 386 250 32 Mähnenrücken

102 442 31 28 in
152 440 49 30 die
221 438 252 35 dichtgedrängte
492 437 132 31 Neugier
647 443 124 25 grosser
792 433 119 29 Häuser

103 488 257 30 fensterstarrend

103 544 111 27 graues
234 534 180 35 Sumpfvolk
435 542 53 21 aus
509 534 62 28 den
588 533 122 29 Gräben

103 585 113 31 Fetzen
235 593 56 22 aus
312 585 53 28 der
387 583 81 30 Haut
488 584 54 28 des
563 583 127 31 Krieges

103 633 104 31 Blicke
227 642 55 20 aus
305 633 67 28 dem
392 632 115 32 Zwang
529 633 54 28 des
603 630 103 29 Todes

104 684 60 31 und
185 682 142 29 Gesichte

106 733 47 29 die
171 740 57 22 aus
251 731 137 29 Gräbern

101 781 113 30 durchs
238 779 152 33 Gestrüpp
414 779 51 28 der
487 778 92 28 Bärte

103 837 77 27 zage

103 879 115 29 kauern

105 927 92 30 durch
221 927 54 28 das
299 925 164 30 Hämmern
484 925 29 28 in
538 924 59 28 den
620 922 103 30 Ohren

103 976 57 30 das
178 976 77 29 noch
272 974 102 33 dumpf
388 973 261 34 granatentosend
667 971 94 29 durch
780 971 47 28 die
845 969 90 30 Pulse

881 1018 108 30 dröhnt

103 1075 63 31 fällt
187 1075 57 28 das
268 1073 99 29 sanfte
390 1072 199 29 taubenzarte

103 1122 131 30 Streifen
257 1123 72 28 über
351 1121 225 29 Gänseblumen

102 1171 261 31 Mädchenlachen

103 1220 234 34 Schmetterling

104 1328 73 28 Lied

103 1402 110 31 Keiner
242 1403 80 30 trägt
350 1408 71 21 vom
448 1399 100 33 Hügel
571 1399 118 30 meinen
715 1395 114 30 Traum

105 1451 85 31 diese
207 1450 82 31 Rose
308 1451 27 27 in
357 1449 55 30 der
429 1448 90 29 Hand
538 1447 54 30 des
615 1446 112 29 Monds

103 1499 157 34 Schwingt
282 1500 79 27 mein
381 1498 82 32 Hetz
482 1498 28 28 in
534 1498 99 28 seiner
653 1495 205 34 Hängematte

103 1548 156 29 zwischen
281 1547 144 33 Frühling-
446 1545 49 30 hin
519 1545 60 31 und
602 1545 140 29 Sommer
765 1543 53 29 her

104 1598 84 30 stark
214 1598 58 28 wie
300 1595 154 30 Erdbeern
481 1594 100 31 duftet
603 1594 39 30 all
667 1595 83 28 mein
773 1593 118 28 Fleisch

104 1647 55 30 süß
182 1646 59 30 und
263 1649 65 26 zart

102 1694 64 31 und
190 1696 79 29 mein
296 1693 85 31 Blick
408 1696 52 28 mit
486 1693 196 31 Käferfüssen

101 1745 96 34 hängt
220 1753 48 21 am
290 1743 290 30 Neikenflitterkleid

103 1794 130 33 Morgen
257 1795 49 28 bin
327 1793 49 34 idfe
399 1794 158 28 summend

103 1844 88 30 Hand
215 1842 62 30 voll
295 1841 66 31 Tau

104 1894 48 28 bin
181 1895 46 27 ein
256 1891 125 30 duftend
408 1891 188 29 Gartenbeet

105 1943 54 30 das
180 1942 48 29 die
252 1941 127 31 tausend
402 1940 99 29 Inseln
526 1940 99 28 seiner
649 1939 74 31 Lust

102 1993 31 27 in
152 1993 54 27 das
227 1991 87 29 blaue
333 1988 87 32 Meer
441 1989 53 29 des
513 1988 147 29 Himmels
679 1988 71 30 hebt

104 2100 73 29 Lied

103 2172 89 29 Hand
214 2173 89 33 greift
323 2173 79 28 nacli
423 2172 73 29 dem
520 2171 88 29 Wein
635 2171 52 28 der
710 2169 126 30 Wälder

106 2222 52 29 der
181 2222 55 28 das
261 2221 139 30 schwere
424 2219 207 30 Sommerblut

102 2272 30 29 in
155 2270 54 30 das
234 2269 87 35 gelbe
344 2269 86 31 Meer
453 2270 57 28 -des
535 2269 103 34 Tages
662 2270 97 28 stürzt

104 2321 60 28 und
185 2329 34 21 es
239 2320 120 29 wächst
378 2320 54 29 des
453 2319 137 30 Herzens
612 2317 81 31 volle
711 2317 113 30 Frucht

102 2371 31 28 in
157 2369 54 30 der
232 2369 136 30 Stunden
390 2369 115 29 Gärten
526 2368 53 31 auf

105 2419 101 32 Reifes
225 2418 78 31 Obst
320 2419 61 29 bist
403 2418 47 33 du,
467 2419 55 28 der
545 2417 92 29 Sinne
656 2416 147 29 Schwere

101 2467 216 31 asternfarben
337 2468 84 29 Müht
443 2468 55 28 das
519 2467 85 33 Auge
627 2467 45 28 dir

105 2518 62 29 und
183 2519 47 28 ein
250 2516 119 32 starker
387 2516 200 29 Herbstwind

103 2568 85 28 weht
211 2567 79 29 mein
316 2566 70 30 Blut

107 2615 110 30 durchs
241 2615 147 36 Gezweig
415 2615 53 29 der
493 2615 101 29 Adern
618 2614 49 30 hin

105 2665 162 29 Brennend
289 2665 97 33 liegen
408 2666 99 29 meine
531 2665 114 33 Lippen
670 2664 93 29 wund

105 2723 62 20 von
190 2717 52 28 der
264 2714 174 30 Sehnsucht
454 2713 113 30 wilden
588 2713 143 29 Stürmen

103 2765 51 29 •die
171 2772 59 21 nun
250 2773 57 20 vor
327 2765 69 28 dem
416 2765 119 27 starren
555 2761 86 31 Blick
662 2763 54 29 des
735 2761 110 29 Monds

104 2813 65 30 ihre
198 2813 102 33 Flügel
325 2813 92 29 fallen
442 2813 61 30 läßt

107 2862 77 29 doch
207 2870 56 21 neu
287 2861 131 30 auffahrt

107 2912 38 28 da
167 2912 46 30 die
235 2912 101 28 Sonne
359 2912 94 29 winkt

106 2961 90 30 übers
219 2961 183 31 Felsgeäder
425 2959 72 30 aller
520 2959 187 30 Schmerzen

107 3010 76 29 nach
205 3011 67 28 dem
296 3010 96 33 Gipfel

108 3060 75 29 allen
205 3058 112 30 Glücks

107 3250 124 57 Die
275 3250 144 57 Flut

108 3351 118 47 Sophie
251 3360 65 31 van
341 3353 84 39 Leer

163 3432 30 29 In
213 3434 53 28 der
286 3432 191 34 Mittagsglut
497 3433 91 29 hockt
608 3433 45 29 sie
675 3436 86 26 unter
781 3432 68 29 dem
869 3432 108 29 brüten-

105 3480 61 31 den
204 3481 197 33 Dachgebälk
441 3483 59 27 und
540 3485 119 26 summt.
710 3481 162 30 Zwischen
908 3481 86 29 ihren

107 3528 113 33 Knieen
242 3530 125 29 klemmt
388 3532 44 27 sie
455 3532 66 28 eine
543 3531 115 34 Puppe.

164 3579 38 29 Er
222 3580 114 30 windet
356 3579 57 28 den
434 3579 115 33 Körper
571 3580 94 29 durch
687 3580 46 29 die
755 3588 76 24 enge
849 3579 125 29 Wendel-

108 3630 106 31 treppe
239 3630 58 27 und
324 3629 61 30 läßt
412 3629 63 28 sich
502 3629 98 29 neben
623 3628 45 29 ihr
696 3628 113 31 nieder.
845 3628 51 30 Sie
922 3627 72 30 näht

111 3678 57 28 den
206 3679 191 27 zerrissenen
434 3677 196 33 Puppenleib,
665 3678 84 30 leimt
788 3679 65 28 eine
888 3676 89 31 blond-

106 3726 120 33 lockige
246 3726 140 28 Perücke
408 3726 50 29 auf
481 3727 57 28 den
560 3725 119 30 kleinen
698 3726 296 34 Porzellanschädel,

110 3775 79 29 zieht
218 3775 230 29 Pantöffeichen
475 3784 58 21 aus
562 3775 105 33 Pappe
696 3783 42 22 an
766 3775 47 30 die
843 3776 151 32 winzigen

109 3823 150 29 Füßchen.

1112 66 50 30 Sie
1189 68 93 29 beugt
1309 66 56 29 den
1392 64 79 33 Kopf
1495 71 67 21 vor.

1121 163 38 30 Er
1182 163 62 33 legt
1269 165 62 28 sein
1358 162 126 29 Gesicht
1508 162 73 28 über
1606 160 65 29 ihre
1696 160 150 32 Schulter,
1871 159 83 29 seine

1065 214 118 33 Wange
1208 219 97 27 gegen
1328 211 73 29 ihre.
1436 210 50 29 Sie
1511 209 95 29 wühlt
1631 209 157 29 zwischen
1814 208 121 34 Puppen-

1065 263 145 27 kleklern.

1121 310 38 29 Er
1185 309 82 29 wirft
1292 309 45 30 ihr
1364 308 162 35 Spielzeug
1554 315 59 26 um,
1637 306 119 30 zertritt
1782 312 43 27 es,
1850 305 106 32 gleitet

1066 368 47 20 am
1135 358 151 30 Geländer
1302 359 50 28 die
1373 357 120 34 Treppe
1512 355 113 31 nieder.

1505 403 14 14 *

1121 457 73 29 Eine
1211 456 116 29 Glocke
1344 456 119 32 schlägt
1479 457 60 27 und
1557 456 65 28 eine
1641 452 115 29 Planke
1773 451 92 29 dehnt
1881 450 76 30 sich.

1065 506 34 29 Ei
1131 506 83 28 wirft
1239 507 61 27 den
1330 505 117 33 Körper
1478 513 59 20 um.
1585 503 75 29 Heiß
1690 501 152 30 streichen
1873 501 83 28 seine

1065 555 113 29 Sohlen
1217 555 55 28 das
1310 554 113 29 Laken.
1459 553 72 28 Eine
1570 552 135 29 Flamme
1745 550 132 29 flackert
1916 550 41 27 im

1065 603 119 34 Winde,
1208 606 66 28 eine
1298 604 113 32 Lampe
1436 604 95 31 wiegt
1550 611 40 20 an
1616 602 82 28 einer
1724 600 98 32 Kette.

1121 652 92 31 Seine
1248 652 103 32 Zunge
1387 651 96 29 wühlt
1517 658 51 21 am
1604 649 171 33 glühenden
1810 647 148 30 Gaumen.

1065 703 73 28 Sein
1156 701 78 34 Kopf
1253 707 80 25 zerrt
1350 701 74 29 über
1446 700 48 28 die
1512 699 119 32 Kissen.
1659 699 90 28 Seine
1766 698 108 29 Hände
1893 705 44 20 um-

1065 752 158 29 krammen
1246 750 49 29 die
1317 750 136 28 Pfosten.
1485 748 81 29 Wirr
1590 749 126 31 spinnen
1740 747 85 29 seine
1848 746 110 33 Finger

1067 800 51 29 auf
1133 802 54 28 der
1204 799 113 29 Decke.
1346 798 55 29 Die
1420 797 107 31 Hände
1547 800 113 30 zögern
1679 797 78 28 nach
1774 796 54 28 der
1848 795 111 29 Wand.

1122 850 30 29 In
1173 849 190 29 Schluchzen
1384 847 105 33 gleitet
1504 856 34 22 er
1560 845 114 30 zurück
1693 847 62 28 und
1775 846 98 27 stürzt
1893 844 65 29 sich

1066 899 153 33 rücklings
1243 905 37 22 zu
1303 896 116 29 Boden.

1506 943 15 14 *

1123 997 66 29 Ihre
1218 996 105 29 Blicke
1350 995 139 29 haschen
1519 993 75 30 sich.
1642 993 67 28 Ihre
1738 992 221 33 Bewegungen

1065 1046 89 29 holen
1170 1046 66 29 sich
1252 1047 59 30 ein,
1331 1045 146 28 vereinen
1497 1043 73 30 sich.
1589 1042 38 30 Er
1647 1044 95 27 atmet
1759 1041 59 29 den
1835 1041 124 33 Gesang

1067 1095 79 29 ihrer
1167 1094 142 30 Schritte.

1123 1143 98 30 Wenn
1239 1144 64 29 sein
1320 1143 70 29 Blut
1404 1142 121 30 flehend
1542 1145 97 29 raunt,
1658 1145 106 27 tragen
1782 1139 64 30 ihre
1863 1139 96 29 Füsse

1066 1195 43 27 sie
1135 1193 81 30 nicht
1241 1192 94 30 mehr.

1123 1242 100 28 Wenn
1256 1243 84 28 seine
1373 1241 89 29 Hand
1499 1241 99 29 neben
1635 1239 85 29 ihren
1752 1240 106 32 Augen
1895 1237 64 30 sich

1065 1291 129 35 fragend
1227 1291 99 33 senkt,
1363 1291 99 30 bricht
1502 1291 43 28 ihr
1584 1289 190 33 Herzschlag
1812 1287 52 30 auf
1899 1286 62 30 und

1067 1344 125 31 sprengt
1215 1341 62 28 ihre
1300 1341 111 29 Adern.
1444 1340 101 28 Wenn
1567 1340 54 28 der
1642 1338 93 29 Wind
1755 1339 62 28 den
1836 1336 108 30 Blüten-

1069 1392 62 29 duft
1170 1392 99 28 seiner
1303 1390 237 28 dunkelblassen
1575 1388 81 30 Haut
1693 1387 131 30 herüber
1862 1385 99 35 spielt,

1067 1440 106 33 spülen
1202 1440 91 28 wilde
1323 1439 117 29 Wellen
1471 1439 75 28 über
1576 1439 44 29 sie
1650 1438 60 29 und
1737 1439 130 29 würgen
1895 1435 66 29 ihre

1065 1488 105 31 Kehle.

1123 1538 140 29 Hochauf
1284 1536 118 31 werfen
1425 1538 44 28 sie
1492 1538 64 29 sich
1577 1538 30 28 in
1629 1537 59 29 den
1708 1535 140 34 Himmel,
1871 1534 90 30 fallen

1068 1587 103 31 rleder
1198 1590 29 26 in
1251 1587 59 29 den
1333 1587 92 29 lohen
1451 1586 104 30 Brand
1585 1585 53 30 der
1666 1587 44 28 sie
1738 1585 134 29 umleckt
1900 1583 61 31 und

1065 1637 126 33 flattert,
1224 1637 169 33 wildgierig
1427 1644 50 21 um
1510 1635 46 29 ihr
1587 1635 100 33 Lager
1720 1634 150 31 schleicht
1900 1633 62 29 und

1068 1686 207 33 schmeichelt,
1300 1686 93 30 duckt
1419 1686 60 28 und
1505 1684 136 35 taumelt,
1665 1684 126 33 tänzelt,
1817 1685 144 32 ringsum,

1066 1736 146 32 ringsum.

1124 1785 58 29 Auf
1199 1785 56 29 der
1277 1783 119 30 Gondel
1417 1785 101 28 seines
1541 1783 107 29 Atems
1667 1785 85 32 trägt
1775 1791 32 21 er
1831 1783 44 30 sie
1898 1790 43 21 em-

1067 1843 65 25 por,
1149 1835 97 29 bettet
1263 1835 44 30 sie
1324 1835 29 27 in
1369 1832 263 35 Wolkenhängen,
1649 1832 115 35 pflückt
1781 1832 44 29 ihr
1843 1831 120 34 Sterne,

1068 1884 133 30 schattet
1229 1883 62 29 ihre
1316 1882 101 30 Lider.

1509 1929 15 16 *

1067 1981 114 30 Nachts
1213 1983 94 29 hören
1338 1983 45 28 sie
1417 1981 47 29 die
1497 1980 218 34 Gartenpforte
1747 1980 118 33 klagen.
1906 1979 57 29 Die

1068 2031 223 34 Messingkette
1321 2032 139 30 schwebt
1490 2033 59 28 und
1578 2030 162 31 schwenkt
1770 2029 60 30 und
1860 2029 103 30 stöhnt

1067 2082 40 30 im
1135 2081 113 29 Sturm.

1125 2130 102 34 „Höre
1243 2131 91 29 mich.
1363 2129 78 33 Rufe
1458 2129 91 30 mich.
1575 2129 91 33 Rette
1806 2128 157 30 schmerzt

1069 2189 32 20 er
1118 2182 54 27 mit
1191 2182 204 27 zerrissenem
1412 2180 90 28 Atem
1519 2179 63 29 und
1602 2180 106 29 bäumt
1727 2178 48 30 die
1795 2178 132 30 Glieder.

1124 2229 68 29 Und
1213 2229 45 29 ihr
1281 2229 99 31 Gebet
1402 2228 82 31 kniet
1507 2229 99 28 neben
1626 2229 120 28 seinem
1766 2227 99 30 Bette.
1886 2226 77 34 Kühl

1068 2279 104 30 fassen
1199 2278 64 31 ihre
1290 2278 156 30 schmalen
1476 2277 110 34 Finger
1614 2277 51 30 ihn
1693 2286 38 21 an
1759 2279 61 28 und
1847 2277 116 33 glätten

1067 2328 55 29 mit
1141 2328 102 32 Kosen
1264 2329 47 29 die
1331 2336 110 21 zerren
1458 2327 83 34 Züge
1559 2328 100 29 seiner
1679 2328 82 28 irren
1782 2324 87 34 Qual.

1510 2375 14 14 *

1124 2429 46 28 An
1194 2428 157 28 schwülen
1376 2428 147 28 Abenden
1545 2429 28 28 in
1596 2428 101 29 seiner
1718 2427 144 32 Kammer
1882 2434 61 22 mar-

1068 2479 61 27 tert
1154 2477 170 30 zehrendes
1350 2476 175 33 Verlangen
1551 2477 66 29 sein
1645 2476 123 30 Gehirn.
1805 2475 158 30 Glühende

1070 2526 95 30 Griffe
1194 2527 153 29 schütteln
1376 2527 65 29 sein
1472 2525 79 31 Blut.
1589 2526 130 30 Lüstern
1751 2525 98 34 gehen
1880 2526 83 29 seine

1069 2575 170 31 Gedanken
1258 2585 59 21 um.

1125 2625 71 30 Sein
1225 2625 115 29 Tasten
1368 2626 148 30 umwölbt
1542 2625 65 29 ihre
1633 2625 184 32 schneeigen
1847 2623 97 30 Schen-

1069 2675 57 29 kel.
1160 2675 161 30 Lechzend
1347 2683 129 26 pressen
1499 2675 86 29 seine
1611 2674 117 34 Lippen
1754 2675 57 29 den
1837 2673 126 33 Rücken

1068 2723 82 31 ihrer
1181 2724 98 29 Hand.
1329 2724 91 30 Seine
1449 2723 123 30 Tränen
1603 2723 186 30 schluchzen
1818 2725 30 27 in
1876 2722 86 30 ihren

1069 2773 110 30 Schoß.

1126 2824 80 34 „Laß
1236 2823 78 30 mich
1341 2823 72 30 dein
1441 2824 115 29 Sklave
1587 2824 74 33 sein,
1691 2823 60 28 den
1778 2824 89 27 deine
1896 2822 51 29 fun-

1069 2873 128 29 kelnden
1224 2873 96 29 Füsse
1345 2876 110 27 treten.
1488 2872 59 30 Um
1573 2873 87 29 deine
1685 2871 102 31 Bahre
1808 2872 80 30 baue
1914 2871 48 29 ich

1069 2923 89 30 blaue
1182 2923 95 29 Beete
1304 2923 61 28 und
1388 2923 98 29 wirke
1510 2922 155 34 Teppiche
1690 2931 57 21 aus
1774 2921 188 35 glitzernden

1069 2971 231 30 Silberhalmen.

1126 3021 73 34 „Die
1223 3022 37 28 du
1281 3022 28 29 in
1329 3024 119 27 meinen
1467 3022 153 28 Träumen
1641 3021 70 34 bist,
1734 3020 57 30 daß
1813 3020 47 29 ich
1880 3021 83 27 mein

1069 3071 99 33 Lager
1188 3072 125 28 blutend
1331 3071 164 30 zerwühle.
1525 3071 42 28 Im
1587 3071 119 29 Dunkel
1726 3071 119 29 zucken
1861 3071 102 27 meine

1070 3120 122 29 Glieder
1211 3121 77 28 nach
1306 3120 57 34 dir,
1383 3121 188 33 umpranken
1592 3120 139 30 tückisch
1754 3120 107 29 deinen
1879 3119 84 34 Leib,

1069 3170 109 29 knieen
1196 3170 87 28 deine
1298 3170 122 30 Hüften.
1437 3170 165 29 Brandend
1620 3170 159 28 umbraust
1798 3168 68 29 dich
1883 3170 79 28 mein

1069 3218 170 35 Begehren.

1126 3268 77 34 „Gib
1234 3269 56 29 mir
1325 3269 87 30 deine
1444 3269 228 33 Tulpenlippen,
1708 3269 107 28 deinen
1851 3267 94 29 schim-

1070 3318 146 29 mernden
1233 3318 135 34 Nacken,
1387 3319 86 30 deine
1489 3318 128 34 kleinen,
1634 3317 171 31 zitternden

1511 3365 13 14 *

1127 3416 84 29 Zwei
1246 3417 146 29 Schatten
1429 3417 111 33 gleiten
1579 3418 93 28 durch
1709 3417 57 28 den
1801 3415 162 34 nächtigen

1070 3465 88 34 Weg.
1192 3465 66 30 Ihre
1283 3466 96 29 Füsse
1404 3467 116 28 suchen
1545 3466 174 29 scheuchen
1747 3465 130 30 Schritts
1905 3466 58 28 den

1071 3512 116 31 Boden.

1128 3563 61 30 Der
1215 3563 125 31 Weiher
1369 3565 128 29 fröstelt.
1535 3565 50 29 Sie
1616 3564 87 30 stehn
1732 3565 39 27 im
1803 3563 79 31 Boot
1911 3572 35 24 ge-

1072 3613 158 34 schmiegt,
1256 3614 151 29 umhüllen
1434 3615 63 28 sich
1523 3616 54 28 mit
1603 3613 83 30 ihren
1712 3612 171 30 Schultern.

1128 3662 50 28 Sie
1222 3665 129 30 wiegen,
1391 3664 85 33 leise,
1516 3663 130 32 stärker,
1690 3662 108 33 lauter,
1841 3662 121 30 schwer

1072 3713 39 28 im
1136 3712 133 33 Beugen.

1128 3760 117 30 Wellen
1272 3762 156 32 wachsen,
1453 3763 132 31 kreisen,
1612 3761 109 29 ebben.

2035 58 140 59 Das
2220 58 378 73 Tagebuch

2033 161 79 41 Kurt
2138 160 165 49 Heynieke

2091 242 66 29 Ihre
2184 242 106 32 Augen
2317 240 67 30 sind
2410 240 163 34 schläfrige
2600 240 187 33 Gaslampen
2814 240 30 30 in
2869 238 61 33 den

2034 290 251 32 Kaffeehäusern.
2303 289 57 31 Die
2377 289 173 29 Sehnsucht
2570 290 96 28 vieler
2685 289 130 32 Männer

2036 342 104 28 daran.
2168 341 83 28 Aber
2267 340 49 29 die
2337 338 127 34 Zungen
2481 338 56 29 des
2556 337 120 30 kleinen
2693 337 148 34 Kurortes
2861 337 68 32 Sand

2036 390 47 27 ein
2100 390 147 33 goldenes
2264 388 100 30 Gitter
2382 395 50 21 um
2450 386 65 30 ihre
2531 386 147 30 Stunden.
2702 387 32 30 In
2752 388 55 29 der
2825 387 105 31 Sonne

2035 438 71 33 liegt
2138 440 44 27 sie
2213 446 96 27 ganze
2341 437 85 34 Tage
2457 435 63 30 und
2550 438 121 27 wartet.
2720 435 59 30 Mit
2809 435 120 33 klei&eja

2035 487 116 33 Augen,
2171 487 50 30 die
2242 488 98 28 durch
2364 486 47 31 die
2435 484 159 34 Wimpern
2620 484 134 32 Stechen.
2788 484 52 31 Ste
2859 481 71 35 &6rt

2036 534 56 31 das
2112 536 103 28 Leben
2236 539 53 26 mit
2314 536 54 29 der
2389 536 94 29 Liebe
2507 536 120 27 tanzen.
2659 532 68 31 Und
2750 534 91 31 fühlt:
2863 536 67 28 töte

2038 584 70 28 Glut
2128 586 38 26 im
2190 585 116 31 Kamin.
2336 585 50 30 Sie
2407 584 95 34 bangt
2522 583 78 30 nach
2620 583 54 30 der
2694 583 144 29 Flamme.

2475 631 14 14 *

2093 682 101 29 Meine
2222 684 107 31 Augen
2356 685 68 28 sind
2449 683 79 34 kühl,
2556 684 47 29 ich
2630 682 51 30 bin
2708 682 50 29 ein
2783 677 148 43 Schate

2036 734 29 27 in
2090 734 54 28 der
2170 731 80 29 Glut.
2285 732 48 28 Ich
2361 734 99 32 hänge
2485 741 38 21 an
2550 732 46 29 ihr
2619 732 61 29 wie
2709 732 84 28 eines
2821 732 111 31 Arzte*

2036 780 122 29 Messer
2186 781 62 29 und
2278 781 200 31 zerschneide
2504 782 85 32 jedes
2615 781 82 29 ihrer
2725 778 119 32 Worte.
2879 778 53 32 Sie

2036 830 107 31 wöhnt
2168 830 79 29 mich
2273 830 109 29 knieen
2410 832 30 27 in
2466 830 80 31 ihrer
2574 830 111 30 Asche.
2722 828 82 31 Aber
2831 830 101 35 mßüt

2038 880 191 33 allmächtige
2248 879 90 29 Seele
2354 879 94 33 hockt
2464 880 54 30 auf
2534 883 72 29 dem
2624 879 122 31 flachen
2763 877 171 31 Gewässer

2038 929 80 30 ihrer
2143 929 93 30 Sinne
2263 929 61 30 und
2346 927 93 32 lacht.

2477 976 18 14 ait-

2093 1026 117 33 Feucht
2240 1029 62 28 wie
2332 1025 47 32 ihr
2410 1025 97 32 Mund
2536 1028 67 28 sind
2631 1024 66 34 ihre
2728 1026 110 33 Worte
2870 1026 64 32 und

2037 1077 129 29 unwahr
2182 1078 60 28 wie
2260 1077 45 29 ihr
2321 1075 164 31 Abschied
2502 1075 51 30 Ich
2570 1076 78 30 habe
2664 1075 175 32 Sehnsucht
2852 1075 82 33 nach

2037 1126 81 29 ihrer
2142 1124 188 31 Einsamkeit
2351 1126 29 28 in
2399 1126 59 29 den
2479 1126 119 33 Kissen.
2624 1125 52 32 Sie
2697 1127 40 29 ist
2757 1127 50 29 ein
2825 1125 110 33 Abend

2038 1178 40 28 im
2104 1176 69 33 See,
2198 1179 48 27 rot
2270 1176 62 28 und
2356 1174 105 33 feucht
2487 1176 61 29 und
2570 1176 49 31 ein
2643 1175 291 35 Rohrvogelschtei.

2478 1221 14 16 *

2095 1275 33 29 In
2152 1274 54 29 der
2232 1274 104 30 Sonne
2363 1273 92 33 dehnt
2480 1275 65 29 sich
2568 1274 47 30 ihr
2637 1272 93 31 Haar.
2763 1273 74 32 Sein
2858 1271 86 37 Pults

2038 1326 109 29 brennt
2169 1326 60 28 und
2249 1325 102 33 bringt
2368 1326 59 27 das
2450 1324 95 29 Ende.
2575 1323 75 32 Eine
2672 1322 128 32 Stimme
2822 1323 112 36 klopift:

2037 1374 78 30 Töte
2133 1373 59 30 den
2209 1373 77 30 Tor!
2314 1373 52 29 Ich
2384 1373 98 32 lächle
2497 1374 61 29 und
2576 1374 51 29 bin
2641 1373 88 29 Licht
2745 1373 62 29 und
2821 1372 116 31 Fackel

2039 1425 75 28 über
2141 1423 84 30 alles.

2480 1470 13 16 *

2095 1522 48 30 Ihr
2166 1524 113 28 Atmen
2299 1522 94 31 trinkt
2417 1524 98 30 meine
2539 1521 96 34 Ruhe.
2667 1522 46 30 An
2735 1520 82 33 ihrer
2841 1521 98 38 Li£p*

2039 1573 75 29 höre
2134 1572 51 30 ich
2209 1572 66 29 ihre
2300 1571 90 30 Seele
2415 1572 157 30 wachsen.
2604 1571 59 31 Um
2690 1578 57 25 uns
2772 1570 89 37 föntet
2887 1568 51 32 die

2039 1621 209 32 Mitternacht.

2481 1669 15 16 *

2096 1721 67 29 Ihre
2182 1722 109 32 Augen
2308 1721 149 29 wachsen
2474 1722 29 28 in
2521 1722 59 30 den
2600 1720 140 35 Morgen.
2768 1719 56 33 Ein
2846 1718 93 34 Weib

2038 1771 73 33 liegt
2134 1778 50 23 am
2207 1770 109 34 Wege.
2349 1770 52 29 Ich
2424 1771 51 30 bin
2497 1771 47 30 ein
2567 1770 88 34 Gang
2677 1776 56 24 aus
2758 1771 69 30 dem
2852 1769 64 36 Dim-

2040 1820 79 31 kein.

2481 1867 15 15 *

2097 1919 102 29 Meine
2224 1919 90 29 Seele
2337 1920 95 28 weint
2458 1919 89 30 nicht.
2582 1917 101 33 Meine
2710 1918 90 30 Hand
2824 1920 40 29 ist
2888 1919 49 29 ein

2041 1968 101 31 Gebet
2166 1978 71 21 zum
2262 1968 139 31 Himmel
2441 1968 51 30 Ich
2518 1969 68 33 lege
2612 1969 90 30 keine
2728 1967 130 32 Blumen
2885 1968 56 32 auf

2042 2020 58 28 den
2125 2018 78 30 Tod.
2239 2018 52 30 Sie
2318 2020 39 28 ist
2383 2027 39 22 an
2448 2018 80 31 ihrer
2553 2018 90 31 Seele
2669 2018 179 34 gestorben.
2885 2016 52 31 Sit

2040 2077 67 21 war
2133 2077 39 21 zu
2196 2068 80 30 klein
2299 2067 47 31 für
2371 2068 56 31 das
2453 2068 112 30 Leben.

2481 2123 15 16 *

2097 2176 50 30 Ich
2177 2177 79 34 gehe
2281 2184 60 27 gen
2367 2175 121 35 Mittag.
2526 2175 80 31 Bald
2632 2176 81 30 wird
2738 2176 81 29 mein
2848 2175 89 29 Atem

2040 2228 92 28 müde
2151 2227 74 29 sein.
2253 2226 56 31 Die
2331 2225 96 33 große
2445 2225 85 31 Stille
2547 2227 40 28 ist
2603 2226 83 30 mein
2704 2222 197 37 RuhegenoÖ.

2040 2420 140 59 Der
2222 2419 179 74 Weg

2040 2525 79 40 Kurt
2145 2523 164 48 Heynieke

2099 2604 115 35 Qeigen
2236 2604 199 34 überklingen
2457 2604 49 30 die
2526 2603 108 29 Nacht.
2662 2602 33 29 In
2718 2603 59 29 den
2799 2599 143 31 Bäumen;

2040 2657 167 27 verrinnen
2234 2655 47 29 die
2307 2653 239 35 Bogenlampen,
2572 2650 208 31 schaukelnde
2806 2649 137 31 Leuchte

2040 2705 93 34 vögel
2163 2705 29 28 in
2223 2705 58 28 den
2311 2702 285 31 Sommernächten.
2642 2701 56 30 Die
2729 2698 99 32 weiße
2857 2699 81 30 Frau

2039 2755 84 34 trägt
2143 2754 64 29 ihre
2226 2755 106 32 Augen
2353 2753 186 33 verborgen,
2561 2761 32 21 er
2615 2751 84 35 quält
2716 2750 66 30 sich
2800 2751 30 29 in
2853 2749 84 31 ihren

2042 2804 97 32 Qang.
2171 2803 61 30 Vor
2257 2803 95 29 ihrem
2373 2801 87 30 Blick
2482 2801 79 29 wird
2584 2803 85 28 seine
2691 2801 179 32 Besinnung
2890 2801 49 26 ein

2041 2853 170 34 Wirrspiel,
2240 2853 62 28 ihre
2333 2852 109 29 Worte
2473 2851 167 30 streicheln
2671 2851 66 29 sein
2768 2849 81 30 Blut.
2887 2849 54 34 „In

2043 2904 43 29 dir
2105 2904 51 28 bin
2177 2904 47 27 ich
2245 2902 68 33 hell,
2333 2901 110 34 Maria,
2463 2901 39 28 du
2523 2902 61 28 bist
2605 2901 99 29 meine
2871 2898 68 31 Ihre

2042 2952 166 31 Schönheit
2232 2953 94 32 beugt
2351 2952 66 28 sich
2441 2959 59 21 vor
2526 2950 69 30 ihm.
2631 2949 121 35 „Meine
2778 2949 94 29 Liebe
2899 2950 44 28 ist

2043 3004 46 28 ein
2115 3003 88 33 Sarg,
2227 3001 98 30 Jobst.
2359 3001 51 29 Ich
2433 3000 81 30 fühle
2540 3001 56 30 das
2770 2999 72 29 Sein
2867 2997 75 30 Blut

2039 3053 73 33 liegt
2133 3053 49 28 auf
2203 3051 85 30 ihren
2307 3051 126 33 Lippen.
2461 3050 61 34 „So
2545 3051 96 29 kröne
2662 3050 49 28 ich
2730 3050 110 28 deinen
2858 3048 80 31 Sarg

2041 3103 53 28 mit
2119 3103 115 28 meiner
2404 3100 51 30 Sie
2480 3101 98 29 bettet
2603 3100 45 28 ihr
2673 3098 82 30 Haar
2780 3101 29 26 in
2833 3098 104 28 seine»

2041 3151 111 29 Schoß.
2181 3151 54 29 Ein
2255 3150 127 30 dunkles
2402 3150 201 30 Lautenband
2625 3148 229 30 überdämmert
2872 3147 69 28 sein

2039 3201 166 30 Leuchten.
2236 3200 91 31 Seine
2348 3200 111 32 Finger
2479 3201 117 27 tasten:

2041 3268 51 29 Ich
2111 3267 50 29 bin
2182 3269 47 28 ein
2248 3267 147 29 Abenlied

2041 3319 26 27 ij?
2093 3317 56 29 den
2172 3316 133 34 Wipfeln
2326 3316 54 30 der
2403 3316 99 29 hohen
2525 3314 126 29 Wälder

2043 3368 45 29 ein
2112 3367 157 29 Leuchten

2043 3417 68 29 dem
2140 3417 159 28 Schreiten
2328 3415 105 28 deines
2462 3413 123 33 Ganges

2041 3466 63 29 Das
2128 3467 111 28 Atmen
2265 3466 103 28 deines
2393 3463 139 30 Schlafes

2041 3518 38 28 ist
2101 3516 99 29 meine
2222 3516 108 32 Wiege

2041 3573 54 21 zur
2115 3564 107 29 Nacht.

2099 3622 41 28 Im
2178 3620 127 29 Fenster
2344 3619 200 29 schwimmen
2580 3618 121 30 Sterne.
2749 3617 101 29 Ueber
2888 3615 48 28 die

2043 3671 97 34 Wege
2172 3679 51 21 am
2255 3669 104 30 Hause
2398 3668 165 34 plätschert
2602 3669 48 28 ein
2685 3667 149 30 Fiüstern.
2880 3664 56 30 Die

2041 3721 136 28 fremden
2210 3719 108 28 Worte
2349 3718 99 28 haben
2480 3717 107 30 Hände
2619 3718 193 29 bekommen.
2854 3713 88 31 Böse

2042 3769 106 32 Augen
2172 3768 125 30 stechen
2319 3769 28 27 in
2373 3768 59 28 den
2455 3767 99 34 Gang.

2099 3818 67 34 „Ich
2190 3819 87 31 sagte
2301 3817 83 33 alles,
2408 3817 47 28 ich
2481 3819 86 32 trage
2587 3815 126 31 Fesseln
2736 3815 60 28 und
2819 3815 49 28 bin
2892 3813 46 29 dir

2041 3869 100 28 selber
2302 3866 47 29 Ihr
2367 3866 132 30 Weinen
2514 3866 100 31 löscht
2632 3866 84 29 seine
2731 3863 109 34 Frage.
2867 3862 70 30 Und
