3543 4427
1811 186 109 51 272

296 339 153 63 („Der
947 338 49 55 7,
1037 337 171 56 „Czaar
1238 334 89 49 und
1763 327 50 57 2,

305 418 123 56 „Der
816 416 22 48 1
875 416 136 62 Mal);
1060 413 31 50 9
1125 413 90 47 Mal
1247 409 212 50 Weber
1504 407 151 66 („Der
1686 405 100 47 Frei-

507 493 49 57 6,
877 491 32 50 3
941 489 133 65 Mal);
1107 488 27 50 7
1168 489 90 47 Mal
1290 485 258 56 Gounod,

294 571 31 49 6
350 572 91 47 Mal
466 574 35 45 A
521 573 135 47 über
686 571 142 64 („Die
851 571 208 47 Stumme
1081 585 82 30 von
1444 562 367 58 „Derscbwarze

562 649 47 64 je
653 648 50 55 2,
771 648 120 55 „Des
937 645 182 49 Teufels
1462 640 216 56 „Maurer
1718 637 92 48 und

592 728 45 61 je
682 724 20 48 1
745 723 135 63 Mal);
931 722 30 49 5
993 722 90 48 Mal
1128 718 245 58 Schenk,
1425 718 126 54 „Der
1578 714 202 50 Dorfbar-

433 802 320 56 ;Boieldieu
772 800 13 65 (
1241 797 52 55 4,
1321 795 114 57 „Die

296 878 21 49 1
354 879 135 62 Mal);
518 880 282 55 Maillart,
834 875 396 60 „DasGlöckcben
1255 873 77 48 des
1660 869 34 48 4
1718 869 90 48 Mal

291 957 241 56 Flotow,
870 953 286 48 Donizetti
1187 952 144 62 („Die
1355 949 198 48 Tochter
1577 946 78 50 des
1669 946 113 64 Regi-

491 1032 50 57 3,
575 1032 244 57 „Lucrezia
1073 1029 22 48 1
1124 1026 134 65 Mal);
1283 1025 31 51 3
1340 1026 89 49 Mal
1455 1024 179 49 Gluck
1661 1021 116 65 („Or-

287 1110 143 65 pheus
471 1110 90 49 und
896 1106 53 61 2,
1004 1105 262 66 „Iphigenia
1307 1105 42 47 in
1604 1103 21 47 1
1674 1099 134 66 Mal);

288 1186 273 58 Conradi,
988 1181 241 55 Herold,
1594 1178 177 49 Cheru-

289 1264 144 56 bini,
474 1265 123 56 „Der
1055 1260 201 56 Verdi,
1297 1260 123 55 „Der

288 1341 31 49 2
352 1343 89 48 Mal
474 1343 311 53 Kreutzer,
825 1341 122 55 „Das
968 1339 279 63 Nachtlager
1269 1336 43 49 in
1637 1333 65 49 Ni
1719 1348 60 33 co-

284 1419 102 56 lai,
425 1419 115 56 „Die
561 1418 193 63 lustigen
780 1415 195 51 Weiber
998 1432 84 31 von
1415 1410 204 56 David,
1653 1410 158 56 „Lalla

528 1495 210 56 M£hul,
767 1494 194 65 „Joseph
980 1493 43 48 in
1357 1487 299 56 Schubert,
1685 1487 125 56 „Der

287 1574 231 48 häusliche
768 1571 226 56 Grisar,
1034 1569 330 59 „GuteNacht,
1383 1569 122 47 Herr

579 1651 116 56 „Die
959 1648 241 57 Bellini,

400 1731 74 45 An
508 1728 263 49 namhaften
809 1726 223 49 Balletten
1070 1726 167 64 gingen
1281 1722 264 65 überhaupt
1592 1720 66 49 19
1691 1719 88 48 Vor-

283 1806 254 64 stellungen
568 1805 114 48 über
711 1804 71 48 die
813 1804 176 48 Bühne.

576 2039 182 70 Tages-
800 2037 99 55 und
943 2032 572 72 Unterhaltungs-Blatt.

384 2161 307 40 Bielefeld.
740 2164 78 34 Der
858 2163 145 46 hiesige
1032 2161 262 35 Musikverein
1338 2159 66 34 hat
1439 2156 179 36 Fräulein
1663 2155 149 36 Frida

282 2225 155 36 Schön
448 2225 122 35 heim
611 2223 55 35 als
696 2222 343 45 Concertsängerin
1081 2220 68 35 auf
1186 2221 93 34 zwei
1307 2219 119 36 Jahre
1462 2216 216 48 angestellt.
1735 2216 74 34 Die

275 2286 120 45 junge
423 2284 234 44 Künstlerin,
695 2284 140 35 bereits
862 2283 40 34 in
930 2282 129 35 Berlin
1088 2283 83 33 eine
1201 2279 202 36 Schülerin
1432 2278 65 35 des
1526 2277 172 47 hiesigen
1726 2277 57 34 Mu-

281 2345 274 35 sik-Directors
582 2343 102 37 Alb.
713 2344 154 46 Hahn,
896 2342 65 35 hat
990 2342 130 35 diesen
1149 2342 172 34 Sommer
1349 2340 40 34 in
1420 2339 71 35 den
1512 2338 150 35 Bädern
1687 2337 100 46 Oeyn-

282 2404 145 35 hausen
455 2403 78 35 und
559 2404 184 46 Pyrmont
784 2403 68 34 mit
894 2402 64 35 der
998 2402 189 35 Pianistin
1222 2401 102 34 Frau
1352 2399 138 35 Hahn
1533 2399 69 33 mit
1641 2408 170 36 grossem

280 2463 161 36 Beifalle
470 2464 216 36 concertirt.

383 2589 80 33 Der
491 2586 225 46 Componist
743 2586 178 34 Lassen
962 2585 65 34 hat
1062 2585 104 34 seine
1196 2582 175 46 Stellung
1399 2578 55 37 als
1483 2578 329 37 Musik-Director

284 2660 59 24 am
372 2648 199 35 Weimarer
599 2646 227 35 Hoftheater
852 2644 206 36 verlassen.

382 2765 56 34 Im
467 2761 208 36 Hinblicke
704 2762 69 34 auf
797 2761 73 35 den
900 2760 153 47 Mangel
1083 2771 46 23 an
1158 2756 265 39 brauchbaren
1460 2754 78 35 und
1581 2752 230 37 wirksamen

280 2836 121 24 neuen
429 2821 326 37 Bühnenstücken
785 2821 64 34 hat
877 2820 60 35 die
961 2820 197 34 Direction
1187 2818 64 35 des
1279 2817 229 46 hamburger

282 2886 110 35 einen
421 2884 105 34 Preis
566 2893 76 25 von
674 2879 49 39 50
752 2881 118 35 Stück
914 2879 228 47 hamburger
1170 2877 173 36 Ducaten
1387 2878 61 33 für
1488 2876 67 35 das
1596 2875 117 43 beste,
1752 2874 59 34 ihr

280 2945 256 47 eingesandte,
566 2943 69 34 den
662 2947 116 30 unten
807 2942 223 35 bemerkten
1058 2940 277 46 Bedingungen
1365 2936 300 48 entsprechende
1686 2935 105 45 Origi-

281 3004 273 47 nal-Lustspiel
594 3003 78 35 und
711 3004 110 34 einen
863 3003 108 34 Preis
1011 3013 77 23 von
1130 2999 185 37 ebenfalls
1344 2996 48 39 50
1423 2997 119 36 Stück
1583 2997 228 45 hamburger

282 3070 173 32 Ducaten
494 3066 60 34 für
595 3065 64 34 das
697 3064 105 35 beste
845 3062 242 48 bürgerliche
1116 3058 419 51 Original-Schauspiel
1580 3062 229 42 ausgesetzt.

278 3126 117 37 Jedes
423 3125 122 36 dieser
574 3123 140 36 Stücke
755 3135 103 23 muss
900 3124 37 32 in
982 3122 66 34 der
1075 3120 251 48 Darstellung
1372 3121 109 34 einen
1518 3131 41 24 so
1589 3123 219 42 genannten

280 3185 298 43 Theaterabend,
608 3184 79 34 also
717 3184 68 33 mit
813 3181 224 36 Einschluss
1067 3182 65 34 der
1158 3180 289 36 Zwischenacte
1476 3180 110 33 einen
1617 3178 193 34 Zeitraum

277 3259 74 24 von
381 3247 79 34 drei
488 3245 169 35 Stunden
688 3243 189 36 ausfüllen
919 3243 77 35 und
1037 3242 146 36 sowohl
1226 3242 72 34 den
1341 3239 258 38 ästhetischen
1636 3239 71 34 wie
1737 3238 73 34 den

275 3307 293 37 theatralischen
598 3306 320 46 Anforderungen
947 3304 207 47 möglichst
1183 3304 157 45 Genüge
1368 3302 148 35 leisten.
1547 3300 73 35 Die
1650 3300 138 34 Einsen-

277 3371 101 45 dung
406 3368 64 35 hat
499 3370 215 44 spätestens
742 3365 58 36 bis
828 3377 87 22 zum
946 3363 59 38 16.
1034 3363 216 36 November
1279 3363 33 35 d.
1333 3363 38 35 J.
1402 3373 48 23 zu
1474 3359 183 47 erfolgen.
1689 3359 121 35 Jedes

279 3430 236 46 Manuscript
541 3439 104 23 muss
666 3428 60 33 ein
748 3427 121 34 Motto
893 3431 131 41 tragen
1055 3425 78 34 und
1161 3426 49 33 ist
1237 3424 79 33 ihm
1345 3424 61 33 ein
1435 3422 69 34 mit
1530 3419 259 47 gleichlauten-

277 3492 83 33 dem
388 3490 121 34 Motto
535 3488 239 44 versehenes,
802 3486 311 36 verschlossenes
1142 3484 168 35 Couvert
1346 3483 69 35 mit
1444 3483 84 34 dem
1557 3482 144 33 Namen
1731 3479 79 35 und

282 3552 203 34 Wohnorte
515 3549 64 35 des
608 3549 214 34 Verfassers
852 3547 240 46 beizufügen.
1147 3546 75 34 Die
1251 3542 290 46 Entscheidung
1570 3541 71 35 soll
1670 3552 116 35 unpar-

277 3612 183 35 teiischen
490 3610 76 35 und
594 3610 224 35 erfahrenen
847 3609 185 33 Männern
1056 3607 237 35 überwiesen
1322 3604 163 44 werden,
1516 3602 76 35 und
1621 3601 98 35 auch
1748 3603 60 33 für

279 3676 68 32 Jen
376 3671 96 44 Fall,
515 3671 84 35 dass
640 3670 134 36 keines
804 3671 65 34 der
910 3669 273 47 eingesandten
1212 3667 143 36 Stücke
1397 3666 67 35 des
1506 3668 125 31 ersten
1659 3664 149 35 Preises

279 3733 144 45 würdig
453 3732 207 45 erschiene,
690 3730 175 35 dennoch
895 3730 65 35 das
1003 3730 255 47 gelungenste
1300 3727 198 37 derselben
1543 3725 60 35 ein
1632 3725 176 35 Accessit

277 3806 73 23 von
380 3791 48 36 25
458 3791 120 35 Stück
604 3791 225 45 hamburger
856 3791 177 34 Ducaten
1063 3789 181 36 erhalten.
1291 3787 233 37 Ausserdem
1554 3784 151 36 werden
1734 3784 73 35 den

280 3856 143 34 Iterren
452 3852 221 35 Verfassern
715 3852 59 33 für
807 3850 89 45 jede
926 3849 301 47 Wiederholung
1270 3850 104 35 eines
1415 3845 264 38 Preisstückes
1721 3846 89 34 fünf

277 3917 162 33 Procent
467 3923 76 24 von
572 3911 65 35 der
665 3911 342 34 Netto-Einnahme
1036 3911 55 35 als
1119 3911 199 34 Tantieme
1344 3907 254 49 zugesichert.

378 4034 190 39 Wien.
606 4036 73 33 Die
709 4034 451 47 Symphonie-Concerte,
1190 4033 144 34 welche
1363 4033 99 34 Herr
1491 4029 234 46 Carlberg
1752 4029 53 34 im

281 4097 262 35 lilumensaale
572 4095 260 44 veranstaltet,
861 4094 124 34 haben
1013 4105 60 23 am
1104 4090 32 40 1.
1158 4094 151 46 August
1337 4093 105 34 ihren
1465 4092 156 45 Anfang
1649 4102 131 36 genom-

280 4170 95 24 men.
428 4158 98 34 Herr
555 4158 181 44 Carlberg
764 4156 147 46 dirigirt
938 4155 177 35 ziemlich
1142 4160 80 41 gut,
1260 4165 72 24 nur
1361 4158 115 31 etwas
1504 4153 190 46 unruhig;
1738 4152 67 35 das

1914 324 201 36 Orchester
2158 325 148 35 scheint
2344 329 90 42 gute
2463 325 198 35 Elemente
2703 337 46 23 zu
2780 325 192 36 enthalten
3002 326 77 35 und
3107 326 115 45 kann,
3266 338 108 23 wenn
3404 339 40 24 es

1911 383 81 35 sich
2022 388 75 31 erst
2126 383 225 48 eingespielt
2387 384 124 36 haben
2540 385 105 43 wird,
2687 385 107 35 recht
2822 386 444 35 Anerkennenswerthes
3292 386 151 38 leisten.

1910 443 81 36 Das
2019 444 283 35 Unternehmen
2329 445 51 34 ist
2408 456 47 22 an
2484 445 79 34 sich
2593 445 61 33 ein
2681 444 311 46 lobenswerthes,
3036 445 100 35 denn
3175 446 47 34 da
3259 447 65 35 der
3351 448 69 34 Ein-

1909 504 82 34 tritt
2017 515 71 23 nur
2114 501 49 38 30
2191 505 66 33 Kr.
2287 503 162 48 beträgt,
2493 517 40 22 so
2572 505 104 34 kann
2719 506 98 33 auch
2859 506 66 34 der
2951 507 126 45 wenig
3104 506 220 35 Bemittelte
3352 514 91 39 gute

1909 563 130 34 Musik
2067 564 119 33 hören
2213 564 78 34 und
2320 565 130 33 seinen
2481 564 241 36 Geschmack
2751 565 211 35 ausbilden.
3017 566 77 35 Für
3127 566 147 45 jeden
3304 567 137 35 Abend

1909 622 95 34 wird
2032 623 81 35 sich
2143 623 90 35 aber
2259 623 224 36 schwerlich
2516 625 59 34 ein
2604 625 204 35 Publicum
2835 625 140 41 finden,
3019 626 165 35 welches
3212 638 48 24 an
3290 640 40 25 so
3361 640 62 24 ern-

1908 685 77 30 ster
2013 681 129 35 Musik
2171 682 175 35 Gefallen
2373 682 129 36 findet.

2013 743 73 33 Die
2115 741 205 37 besonders
2349 754 47 23 an
2425 743 145 35 älteren
2591 744 127 47 Opern
2737 745 252 48 reichhaltige
3010 748 269 37 musicalische
3299 750 126 36 Biblio-

1908 801 91 35 thek
2029 802 64 34 des
2121 802 273 36 verstorbenen
2423 804 146 35 Barons
2597 805 229 35 Prandau
2853 807 50 34 ist
2930 808 40 33 in
2993 808 71 34 den
3083 809 127 34 Besitz
3233 809 65 36 des
3316 811 127 34 Herrn

1908 861 185 36 Rudolf
2118 862 175 34 Hirsch
2323 863 306 47 übergegangen.
2670 866 79 33 Der
2772 877 97 24 neue
2898 868 183 47 Besitzer,
3113 869 64 34 der
3205 874 93 31 stets
3325 870 121 36 bereit

1907 922 62 44 ist,
2016 921 315 36 Kunstfreunden
2374 924 69 33 mit
2484 925 95 33 zwei
2620 926 124 34 seiner
2773 926 272 48 Sammlungen
3075 928 167 36 dienlich
3270 943 47 23 zu
3347 933 96 47 sein,

1907 983 138 33 nimmt
2071 983 40 33 in
2140 983 126 34 seiner
2293 983 220 46 Wohnung,
2543 985 288 45 Heinrichshof,
2861 986 146 47 täglich
3035 990 191 35 zwischen
3247 988 102 40 3—4
3363 993 80 35 Uhr

1908 1040 411 47 Verkaufs-Angebote
2346 1044 61 33 für
2434 1043 228 36 Musicalien
2684 1046 110 44 jeder
2821 1047 72 34 Art
2920 1053 200 41 entgegen.

2014 1167 72 35 Die
2115 1168 308 48 Verheirathung
2453 1171 66 35 der
2547 1173 167 34 Tochter
2742 1173 320 38 Offenbach's
3092 1177 68 34 mit
3182 1178 125 35 Herrn
3326 1180 120 34 Karl

1909 1227 163 36 Comte
2109 1228 129 36 wurde
2279 1230 40 34 in
2349 1231 191 36 Etretat
2576 1239 111 29 unter
2715 1234 154 34 Beisein
2910 1234 120 36 vieler
3065 1235 257 38 literarischer
3361 1241 79 35 und

1906 1286 303 37 künstlerischer
2254 1289 257 37 Celebritäten
2555 1294 99 33 nach
2706 1296 360 44 protestantischem
3115 1297 111 35 Ritus
3272 1300 172 45 gefeiert.

1911 1348 210 36 Opfenbach
2149 1350 148 35 schrieb
2326 1362 49 24 zu
2405 1352 142 35 diesem
2576 1353 163 35 Anlasse
2768 1355 85 34 eine
2880 1356 215 36 kirchliche
3114 1357 131 35 Musik
3272 1359 60 35 für
3361 1360 81 35 drei

1908 1409 185 35 Stimmen
2121 1411 70 33 mit
2219 1410 114 46 Orgel
2360 1411 79 36 und
2468 1412 165 37 Ciavier.
2660 1415 73 34 Die
2755 1415 146 46 Sänger
2929 1428 127 25 waren
3077 1418 180 36 Fräulein
3287 1421 127 36 Wert-

1907 1468 237 46 heimber,
2174 1469 60 36 die
2262 1470 147 35 Herren
2440 1472 154 47 Roger
2621 1474 79 34 und
2730 1474 172 48 Guyot.

2276 3620 72 51 pic
2377 3620 330 51 'gUtcberrfjeinifdje

1905 3680 190 36 erscheint
2126 3681 116 45 jeden
2281 3682 172 47 Samstag
2495 3685 40 33 in
2578 3686 124 33 einem
2744 3697 149 34 ganzen
2928 3687 131 45 Bogen
3104 3687 69 33 mit
3207 3685 243 47 zwanglosen

1906 3731 197 48 Beilagen.
2135 3752 47 4 —
2212 3734 78 33 Der
2311 3734 388 48 Abonnementspreis
2720 3737 150 46 beträgt
2903 3738 61 34 für
2993 3738 65 34 das
3079 3737 189 44 Halbjahr
3297 3734 22 37 2
3335 3737 116 43 Thlr.,

1905 3784 61 35 bei
1994 3784 72 34 den
2089 3784 47 34 K.
2166 3795 143 34 preuss.
2331 3786 312 35 Post-Anstalten
2672 3786 23 37 2
2712 3787 103 35 Thlr.
2842 3788 21 37 5
2883 3788 82 47 Sgr.
3022 3789 96 34 Eine
3147 3788 171 34 einzelne
3338 3788 84 36 Num-

1905 3846 79 23 mer
2011 3833 25 37 4
2065 3834 82 47 Sgr.

2009 3887 127 34 Briefe
2163 3887 80 34 und
2262 3888 278 47 Zusendungen
2575 3889 93 36 aller
2687 3890 71 35 Art
2785 3889 153 36 werden
2966 3894 112 31 unter
3106 3890 65 35 der
3196 3890 165 37 Adresse
3391 3890 63 37 der

1904 3939 53 35 M.
1989 3939 182 34 DuMont-
2183 3938 350 48 Schauberg'schen
2562 3942 308 47 Buchhandlung
2897 3944 40 33 in
2966 3942 103 35 Köln
3099 3943 163 36 erbeten.

2025 4041 360 35 Verantwortlicher
2413 4042 289 46 Herausgeber:
2732 4043 102 36 Prof.
2867 4042 35 34 L
2906 4068 12 12 ♦
2948 4042 169 46 Bischof
3146 4045 40 32 in
3214 4043 116 38 Köln.

1981 4092 199 48 Verleger:
2211 4092 54 36 M.
2296 4093 528 48 DuMont-Schauberg'sähe,
2851 4095 307 46 Buchhandlung
3187 4096 39 33 in
3256 4095 116 37 Köln.

1938 4144 193 37 Drucker:
2166 4143 52 38 M.
2248 4144 420 48 DuMont-Schauberg
2696 4148 39 33 in
2764 4146 115 43 Köln,
2918 4147 245 35 Breitstrasse
3193 4146 48 38 76
3268 4160 34 22 u.
3336 4147 60 37 78.

2449 1683 461 78 ättkimbiijuttigett.

2015 1850 52 37 So
2096 1851 90 37 eben
2215 1853 224 36 erschienen
2467 1854 84 36 und
2578 1855 124 36 durch
2729 1858 76 35 alle
2827 1858 129 37 Buch-
2985 1861 85 35 und
3088 1861 364 40 Musicalienhand-

1910 1903 144 46 lungen
2080 1916 47 23 zu
2156 1903 198 37 beziehen:

1909 1961 318 99 Ludwig
2270 1989 147 56 van
2460 1966 475 84 Beethoven's
2991 1974 460 84 sämmtliche

2531 2070 285 84 Werke.

2081 2184 125 32 Erste
2234 2186 302 41 vollständige,
2565 2187 169 33 überall
2761 2190 268 42 berechtigte
3055 2192 215 42 Ausgabe.

1912 2237 494 51 Stimmen-Ausgabe.
2452 2243 74 36 Nr.
2556 2244 89 37 203.
2691 2244 126 37 Missa
2850 2246 186 37 solemnis.
3083 2247 70 47 Op.
3196 2251 76 35 123
3314 2248 42 39 in
3398 2253 52 35 D.

2225 2295 25 33 8
2285 2293 107 36 Thlr.
2424 2297 21 33 9
2476 2293 101 49 Ngr.

2121 2343 73 37 Nr.
2225 2347 88 33 204.
2344 2346 134 36 Missa.
2514 2349 68 43 Op.
2613 2349 50 34 86
2690 2348 41 36 in
2763 2350 39 35 Ö.
2858 2350 24 35 3
2912 2349 107 37 Thlr.
3047 2353 52 33 24
3129 2352 98 47 Ngr.

2121 2394 75 38 Nr.
2224 2399 78 33 207
2312 2396 31 36 b.
2388 2397 132 49 König
2558 2397 189 48 Stejphan.
2802 2400 183 48 Vorspiel.
3035 2405 68 44 Op.
3147 2406 88 34 117.
3281 2409 25 32 4
3342 2405 109 38 Thlr.

2223 2451 51 32 15
2305 2449 98 47 Ngr.

2120 2498 75 39 Nr.
2223 2502 89 34 209.
2359 2502 247 36 Meeresstille
2632 2503 86 37 und
2742 2504 217 48 glückliche
2990 2505 140 39 Fahrt.
3182 2510 69 43 Op.
3279 2510 89 34 112.
3427 2512 23 33 1

2231 2552 106 35 Thlr.
2368 2555 49 33 12
2448 2554 97 47 Ngr.

2015 2612 224 50 Leipzig,
2270 2617 151 46 August
2448 2618 116 34 1865.

2576 2676 352 48 Breithopf
2944 2680 137 37 titirl
3105 2678 244 43 Härtet.

2311 2764 92 66 Die
2444 2766 604 80 Ülu|tli-Dire(tor-steUe

1907 2855 44 37 in
1978 2855 228 47 Landau,
2236 2858 223 47 bayerische
2486 2858 130 49 Pfalz,
2646 2860 140 37 kommt
2813 2862 54 36 bis
2895 2866 35 32 1.
2967 2863 157 36 October
3153 2864 121 37 dieses
3303 2865 144 38 Jahres

1906 2909 44 35 in
1977 2907 255 50 Erledigung.
2283 2910 184 49 Verlangt
2494 2912 100 35 wird
2622 2913 61 36 die
2712 2914 266 49 Befähigung,
3018 2915 134 37 Vocal-
3180 2917 85 36 wwd
3292 2917 155 38 Instru-

1906 2959 464 51 mental-Aufführungen
2399 2963 113 45 (Soli,
2546 2964 132 46 Chore,
2713 2964 221 48 Orchester)
2972 2980 48 23 zu
3047 2968 125 36 leiten.
3228 2969 76 37 Bei
3322 2971 123 46 fixem

1912 3011 159 37 Gehalte
2098 3025 74 25 von
2199 3017 79 34 400
2307 3015 154 36 Gulden
2495 3017 171 47 zugleich
2693 3016 182 37 Aussicht
2916 3020 78 46 auf
3015 3020 244 37 zahlreichen
3287 3021 161 37 Privat-

1918 3064 220 36 unterricht
2166 3065 174 46 (Ciavier
2367 3067 84 36 und
2480 3067 184 49 Gesang).
2706 3069 290 50 Bewerbungen
3024 3072 68 35 mit
3118 3072 181 48 nothigen
3327 3073 120 48 Zeug-

1907 3116 131 36 nissen
2073 3130 53 22 an
2162 3118 76 36 den
2266 3118 230 50 derzeitigen
2535 3121 195 36 Vorstand
2763 3122 74 35 Dr.
2867 3124 96 36 med.
2993 3123 242 38 Lobstein.
3291 3126 157 36 Termin

1907 3168 84 36 vier
2029 3168 174 38 Wochen.

2012 3220 186 47 Landau,
2229 3224 61 34 19.
2322 3223 149 48 August
2499 3225 114 35 1865.

2013 3312 86 35 Alle
2125 3313 42 35 in
2191 3313 132 35 dieser
2351 3314 322 47 Musik-Zeitung
2698 3315 293 45 besprochenen
3027 3317 87 35 und
3137 3318 322 48 angekündigten

1907 3362 236 37 Musicalien
2172 3371 66 29 etc.
2274 3365 93 36 sind
2398 3378 49 23 zu
2477 3366 182 35 erhalten
2684 3367 43 35 in
2753 3368 71 34 der
2851 3373 91 30 stets
2967 3369 236 47 vollständig
3227 3371 229 35 assortirten

1907 3414 477 50 Musicalien-Handlung
2403 3418 87 34 und
2506 3418 256 35 Leihanstalt
2785 3432 77 23 von
2881 3420 320 37 BERNHARD
3220 3422 236 36 BREUER

1902 3467 44 36 in
1974 3466 119 45 Köln,
2127 3481 135 33 grosse
2287 3469 260 46 Budengasse
2577 3470 76 37 Nr.
2684 3474 36 43 1,
2763 3483 42 23 so
2847 3472 73 35 wie
2960 3472 61 35 bei
3047 3472 39 35 J.
3118 3473 85 35 FR.
3244 3474 212 41 WEBER,

1906 3519 133 37 Höhle
2069 3519 78 38 Nr.
2175 3523 38 34 1.
