2697 4127
927 502 218 54 ANDRÉ
1180 515 311 44 PHILIDOR

2030 522 50 40 25

327 655 162 43 touche
508 656 99 44 fiere
626 667 42 34 et
682 668 177 34 savante
880 660 52 41 de
955 660 67 41 M.
1054 660 211 54 Philidor,
1289 669 40 33 et
1348 670 108 33 cette
1478 664 227 43 harmonie
1723 668 77 53 qui
1823 668 256 42 caractérise

327 743 64 28 ses
412 738 145 35 autres
577 745 210 41 ouvrages
812 731 77 55 (i).
923 748 19 23 »

384 806 149 40 Avant
561 805 49 39 de
643 804 139 54 parler
814 805 58 41 du
910 804 236 43 Bûcheron
1177 814 41 34 et
1253 806 300 56 d'enregistrer
1588 824 61 27 un
1681 811 74 41 des
1794 814 98 53 plus
1926 818 159 51 grands

329 880 143 39 succès
494 877 77 54 qui
599 877 119 41 aient
748 879 180 53 marqué
948 879 41 40 la
1011 879 182 42 carrière
1210 881 52 41 de
1286 881 211 55 Philidor,
1524 884 29 40 il
1574 885 94 41 faut
1690 899 85 42 que
1794 885 38 56 je
1864 888 165 54 signale
2046 890 39 42 la

329 950 340 54 représentation
690 950 107 40 d'un
831 951 107 55 petit
971 965 189 42 ouvrage
1186 954 82 42 fort
1299 955 302 53 malheureux,
1625 957 107 42 dont
1767 960 186 42 certains
1988 963 72 40 bio-

323 1022 183 55 graphes
525 1022 65 42 lui
618 1032 80 33 ont
718 1025 191 40 attribué
932 1026 40 41 la
995 1027 229 54 paternité,
1266 1029 106 40 mais
1398 1030 80 54 qui
1511 1031 109 42 n'est
1643 1032 123 55 point
1799 1032 52 42 de
1878 1034 82 53 lui,
1985 1035 100 42 bien

325 1096 110 53 qu'il
459 1110 54 28 ne
534 1097 84 42 soit
635 1111 75 41 pas
730 1100 108 39 resté
859 1100 336 54 complètement
1216 1102 200 54 étranger
1435 1109 24 36 à
1482 1117 77 28 son
1590 1106 265 55 apparition.
1884 1109 61 40 La
1971 1110 115 54 pièce

323 1168 110 42 dont
454 1170 29 40 il
505 1171 126 53 s'agit
651 1172 103 42 était
769 1172 202 42 intitulée
1671 1173 46 42 la
1800 1175 228 54 Bagarre,
1305 1183 41 35 et
1366 1176 66 42 fut
1451 1177 170 43 donnée
1647 1180 38 40 le
1708 1194 49 26 10
1779 1181 150 42 février
1953 1186 129 53 1763;

329 1243 109 41 mais
459 1243 79 41 elle
560 1244 64 41 fut
649 1258 124 40 reçue
795 1246 52 40 de
867 1246 98 40 telle
986 1247 141 57 façon,
1150 1262 101 28 avec
1267 1257 94 33 tant
1378 1251 52 40 de
1451 1252 135 48 bruit,
1611 1253 52 40 de
1685 1252 151 52 fracas,
1861 1256 51 39 de
1934 1257 146 51 huées,

325 1313 53 41 de
405 1313 164 55 sifflets,
593 1328 86 42 que
699 1317 41 40 la
774 1317 210 54 première
1005 1318 345 53 représentation
1380 1319 67 42 fut
1475 1322 116 39 aussi
1614 1322 40 41 la
1692 1323 214 55 dernière,
1930 1333 41 35 et
2001 1340 85 40 que

322 1385 153 54 jamais
497 1388 99 53 plus
613 1387 29 40 il
663 1388 99 43 n'en
784 1389 66 41 fut
864 1389 220 55 question.
1108 1390 59 41 Le
1186 1392 226 42 rédacteur
1431 1393 74 41 des

327 1460 146 41 servir
671 1463 27 38 à
769 1460 219 44 Vhistoire
1244 1463 56 41 de
1417 1465 43 40 la
1525 1464 62 56 République
1588 1476 66 44 est,
1655 1469 64 54 je
1720 1469 105 54 crois,
1837 1471 38 41 le
1897 1473 188 53 premier

325 1533 77 54 qui
422 1534 61 42 ait
508 1547 53 28 eu
583 1535 127 42 l'idée
731 1537 97 40 d'en
852 1538 213 40 attribuer
1084 1538 41 42 la
1146 1539 205 56 musique
1372 1543 23 38 à
1421 1540 197 44 Philidor
1639 1558 10 28 :
1756 1544 118 42 «On
1897 1559 23 27 a
1941 1545 144 42 donné

323 1606 300 55 aujourd'hui,
645 1608 136 52 dit-il,
812 1623 85 28 aux
925 1610 190 52 Italiens,
1138 1611 40 41 la
1207 1613 211 53 première
1445 1622 42 33 et
1512 1614 198 43 dernière
1741 1618 344 54 représentation

325 1681 51 40 de
415 1681 43 40 la
481 1683 232 53 Bagarre,
735 1684 110 41 farce
878 1698 54 28 en
969 1699 61 27 un
1052 1694 91 33 acte
1178 1686 135 42 mêlée
1334 1688 239 49 d'ariettes;
1606 1690 60 41 les
1699 1691 166 54 paroles
1902 1700 99 33 sont
2034 1694 52 41 de

327 1752 117 41 MM.
477 1752 226 44 Guichard
725 1763 40 34 et
796 1755 245 57 Poinsinet,
1064 1759 40 40 la
1129 1760 204 55 musique
1355 1760 50 42 de
1428 1761 64 41 M.
1521 1761 212 44 Philidor.
1756 1764 80 41 Les
1858 1778 108 29 unes
1987 1775 99 33 sont

330 1826 270 53 détestables,
627 1829 39 40 la
687 1829 197 43 dernière
905 1845 24 27 a
951 1831 75 42 des
1047 1832 177 42 beautés
1253 1834 78 54 qui
1355 1835 123 41 n'ont
1513 1849 58 41 pu
1593 1836 105 42 faire
1720 1850 144 42 passer
1884 1853 47 26 ce
1955 1853 96 28 mau-

327 1898 92 41 vais
450 1900 150 42 drame
637 1915 8 27 :
679 1904 99 39 c'est
797 1916 61 27 un
881 1902 108 42 tissu
1012 1904 49 41 de
1084 1905 299 54 plaisanteries
1412 1907 60 41 du
1494 1909 99 53 plus
1623 1910 199 41 mauvais
1845 1924 145 42 genre,
2024 1912 60 41 du

329 1972 97 55 plus
447 1972 78 53 vil,
549 1973 60 41 du
631 1973 98 56 plus
748 1976 251 52 misérable;
1024 1977 94 42 rien
1143 1979 50 40 de
1212 1980 35 40 si
1267 1980 177 54 ignoble
1466 1981 75 56 (2).
1567 1999 18 20 »

383 2047 62 41 La
481 2048 206 54 musique
726 2050 51 40 de
1301 2051 46 41 la
1466 2052 221 54 Bagarre
1143 2053 104 41 était
1285 2053 179 42 l'œuvre
1499 2056 105 41 d'un
1642 2059 214 41 musicien
1891 2060 193 43 flamand

326 2121 178 39 nommé
519 2119 95 42 Van
638 2121 169 40 Malder
829 2135 57 28 ou
910 2122 210 53 Maldere,
1138 2125 233 41 violoniste
1385 2126 85 42 fort
1489 2127 223 55 distingué
1726 2130 111 42 alors
1854 2145 56 27 au
1929 2133 156 41 service

323 2191 60 40 du
405 2192 148 54 prince
576 2192 182 42 Charles
779 2193 51 42 de
856 2196 227 54 Lorraine,
1106 2210 279 40 gouverneur
1404 2199 74 41 des
1503 2199 233 56 Pays-Bas,
1753 2211 41 33 et
1814 2205 94 52 qui,
1930 2208 24 37 à
1977 2213 109 33 cette

325 2266 183 53 époque,
530 2267 106 40 était
663 2281 52 26 en
741 2269 135 52 congé
896 2273 24 37 à
948 2268 139 55 Paris,
1110 2274 57 36 où
1190 2271 31 42 il
1248 2272 149 53 publia
1418 2272 74 42 des
1513 2283 171 35 sonates
1704 2285 42 33 et
1769 2277 72 41 des
1863 2287 222 33 concertos

326 2338 52 42 de
400 2339 254 55 violon,des
678 2342 105 42 trios
806 2356 111 42 pour
937 2343 291 43 instruments
1249 2349 23 37 à
1294 2347 162 53 cordes,
1470 2356 40 33 et
1532 2348 140 42 même
1691 2349 73 42 des
1785 2352 296 54 symphonies.

325 2410 58 42 Ce
405 2412 77 54 qui
508 2427 22 28 a
553 2413 145 42 donné
718 2414 89 42 lieu
826 2415 85 41 àla
933 2417 363 54 confusion,c'est
1317 2433 85 41 que
1427 2420 211 55 Philidor,
1651 2424 195 54 toujours
1863 2426 223 54 obligeant

322 2492 43 33 et
398 2485 103 52 bon,
529 2485 177 43 l'aurait
732 2488 96 42 aidé
857 2489 51 41 de
938 2490 187 42 diverses
1151 2492 147 59 façons
1320 2507 54 28 en
1395 2502 110 34 cette
1531 2495 308 56 circonstance,
1861 2512 54 28 en
1936 2507 124 35 retou-

323 2556 134 42 chant
485 2559 99 55 plus
612 2573 57 29 ou
701 2561 144 42 moins
873 2577 44 26 sa
944 2565 229 54 partition,
1197 2575 174 33 surtout
1398 2582 52 28 en
1478 2583 44 27 ce
1546 2570 78 54 qui
1653 2584 212 30 concerne
1892 2573 173 43 l'instru-

326 2631 260 54 mentation,
612 2643 40 31 et
687 2647 52 27 en
769 2635 149 42 aidant
946 2640 24 37 à
999 2638 39 40 la
1070 2638 107 42 mise
1209 2653 52 28 en
1295 2644 123 38 scène
1449 2641 50 41 de
1530 2643 39 40 la
1597 2644 134 55 pièce.
1764 2645 80 41 Les
1873 2647 213 41 écrivains

323 2716 140 30 venus
497 2709 122 52 après
657 2706 329 57 Bachaumont,
1022 2710 187 57 Laporte
1240 2713 107 41 dans
1379 2728 63 28 ses
1478 2716 254 42 Anecdotes
1764 2718 317 57 dramatiques,

323 2776 230 43 Chamfort
584 2779 109 42 dans
723 2794 79 28 son
1345 2782 313 44 Dictionnaire
2038 2787 48 40 dr
1502 2789 124 43 n'ont
1656 2804 76 42 pas
1760 2793 222 53 reproduit
2005 2807 79 26 son

323 2862 150 31 erreur
494 2860 40 33 et
555 2861 80 33 ont
655 2855 102 40 bien
779 2856 83 41 mis
884 2866 64 32 cet
975 2871 189 43 ouvrage
1192 2859 224 43 infortuné
1446 2875 76 28 sur
1549 2864 39 39 le
1607 2871 174 49 compte
1802 2864 52 42 de
1875 2879 78 28 son
1974 2866 89 42 véri-

323 2925 117 42 table
462 2934 171 35 auteur.

364 3097 48 42 (1)
437 3097 59 33 On
528 3109 44 21 ne
599 3100 135 32 saurait
759 3111 37 23 se
823 3099 74 45 fier,
927 3112 44 23 en
1001 3113 36 22 ce
1061 3104 63 42 qui
1148 3115 177 23 concerne
1357 3106 179 34 l'histoire
1562 3108 44 32 de
1638 3102 33 39 là
1699 3108 106 33 scène
1833 3109 157 45 lyrique,
2014 3122 69 22 aux

323 3150 100 34 dates
444 3152 63 43 qui
531 3160 84 26 sont
637 3154 191 44 indiquées
851 3167 63 22 sur
934 3158 51 32 les
1008 3158 125 33 livrets
1154 3160 194 44 imprimés
1370 3162 63 33 des
1455 3163 141 43 opéras.
1621 3162 85 34 Plus
1721 3165 108 32 d'une
1851 3165 81 42 fois,
1958 3166 68 41 j'en
2048 3167 33 32 ai

320 3205 65 33 fait
406 3207 33 31 la
461 3217 202 35 remarque.
690 3211 77 32 J'en
788 3217 129 28 trouve
938 3224 73 22 une
1038 3224 135 33 preuve
1204 3216 167 34 nouvelle
1397 3227 63 23 sur
1486 3218 91 32 celui
1600 3218 44 32 de
1673 3218 145 35 Sancho
1847 3220 127 44 Pança
1980 3246 7 17 ,
2017 3222 64 42 qui

319 3261 123 33 donne
463 3272 144 24 comme
626 3264 81 33 date
728 3266 44 31 de
793 3268 289 41 représentation
1105 3269 31 33 le
1158 3269 20 33 8
1202 3269 132 34 février
1354 3282 45 22 au
1422 3271 73 33 lieu
1516 3273 48 32 du
1587 3273 21 32 8
1635 3272 115 43 juillet
1776 3272 102 44 1762.
1904 3273 177 45 L'erreur,

319 3316 245 44 assurément,
586 3325 54 26 est
662 3330 50 22 un
731 3332 70 31 peu
824 3321 104 34 forte.
945 3323 63 33 J'ai
1025 3334 50 33 pu
1100 3324 32 33 la
1157 3326 136 32 relever
1314 3327 19 32 à
1350 3327 103 33 l'aide
1475 3327 49 32 du
1544 3327 177 33 Mercure
1741 3334 34 26 et
1796 3327 62 33 des
1879 3329 203 34 Mémoires

319 3375 149 37 secrets,
491 3372 50 33 les
558 3374 199 34 annalistes
779 3377 100 32 étant
900 3376 203 35 forcément
1124 3381 82 42 plus
1224 3387 131 37 exacts,
1382 3382 196 44 puisqu'ils
1596 3382 160 34 écrivent
1775 3392 45 23 au
1842 3383 82 43 jour
1945 3385 33 32 le
1999 3386 84 43 jour

319 3430 34 26 et
374 3425 244 44 enregistrent
639 3429 51 33 les
716 3430 81 33 faits
818 3432 19 32 à
860 3442 144 24 mesure
1025 3434 109 43 qu'ils
1158 3445 37 22 se
1217 3435 231 44 produisent.

364 3480 52 42 (2)
440 3481 202 34 Mémoires
676 3490 154 39 secrets,
860 3491 56 30 etc
921 3511 7 10 .
963 3488 178 34 Addition
1175 3500 71 23 aux
1273 3492 177 42 premiers
1476 3491 168 35 volumes
1675 3491 44 34 de
1750 3499 92 27 cette
1874 3494 205 36 collection.

321 3534 43 33 T.
388 3534 93 43 XVI,
503 3546 35 33 p.
567 3546 82 34 191.
