<?xml version="1.0" encoding="UTF-8"?>
<alto xmlns:xsi="http://www.w3.org/2001/XMLSchema-instance" xmlns="http://www.loc.gov/standards/alto/ns-v2#" xsi:schemaLocation="http://www.loc.gov/standards/alto/ns-v2# http://www.loc.gov/standards/alto/alto-v2.0.xsd" xmlns:xlink="http://www.w3.org/1999/xlink">
	<Description>
		<MeasurementUnit>mm10</MeasurementUnit>
		<sourceImageInformation>
			<fileName>//fileserver7/IN2/Princeton/Batch3/bmtnabc/1874/10/01_01/00000020.tif</fileName>
		</sourceImageInformation>
		<OCRProcessing ID="OCRPROCESSING_1">
			<preProcessingStep>
				<processingSoftware>
					<softwareCreator>CCS Content Conversion Specialists GmbH, Germany</softwareCreator>
					<softwareName>CCS docWORKS</softwareName>
					<softwareVersion>6.6-1.18</softwareVersion>
				</processingSoftware>
			</preProcessingStep>
			<ocrProcessingStep>
				<processingSoftware>
					<softwareCreator>ABBYY (BIT Software), Russia</softwareCreator>
					<softwareName>FineReader</softwareName>
					<softwareVersion>10.0</softwareVersion>
				</processingSoftware>
			</ocrProcessingStep>
		</OCRProcessing>
	</Description>
	<Styles>
		<TextStyle ID="TXT_0" FONTSIZE="15" FONTFAMILY="Times New Roman"/>
		<TextStyle ID="TXT_1" FONTSIZE="47" FONTFAMILY="Courier New"/>
		<TextStyle ID="TXT_2" FONTSIZE="15" FONTFAMILY="Times New Roman" FONTSTYLE="italics"/>
		<TextStyle ID="TXT_3" FONTSIZE="13" FONTFAMILY="Times New Roman"/>
		<TextStyle ID="TXT_4" FONTSIZE="5" FONTFAMILY="Times New Roman" FONTSTYLE="italics"/>
		<ParagraphStyle ID="PAR_RIGHT" ALIGN="Right"/>
		<ParagraphStyle ID="PAR_LEFT" ALIGN="Left"/>
		<ParagraphStyle ID="PAR_BLOCK" ALIGN="Block"/>
	</Styles>
	<Layout>
		<Page ID="P10" PHYSICAL_IMG_NR="10" HEIGHT="4127" WIDTH="2697" PRINTED_IMG_NR="14" PC="0.919">
			<TopMargin ID="P10_TM00001" HPOS="0" VPOS="0" WIDTH="2697" HEIGHT="558">
				<TextBlock ID="P10_TB00001" HPOS="1027" VPOS="494" WIDTH="829" HEIGHT="51" STYLEREFS="TXT_0 PAR_RIGHT">
					<TextLine ID="P10_TL00001" HPOS="1028" VPOS="495" WIDTH="828" HEIGHT="50">
						<String ID="P10_ST00001" HPOS="1028" VPOS="502" WIDTH="76" HEIGHT="38" CONTENT="LA" WC="0.72" CC="50"/>
						<SP ID="P10_SP00001" HPOS="1104" VPOS="540" WIDTH="30"/>
						<String ID="P10_ST00002" HPOS="1134" VPOS="495" WIDTH="379" HEIGHT="50" CONTENT="CHRONIQUE" WC="0.99" CC="224004000"/>
						<SP ID="P10_SP00002" HPOS="1513" VPOS="545" WIDTH="32"/>
						<String ID="P10_ST00003" HPOS="1545" VPOS="496" WIDTH="311" HEIGHT="41" CONTENT="MUSICALE" WC="1.00" CC="00001000"/>
					</TextLine>
				</TextBlock>
				<TextBlock ID="P10_TB00002" HPOS="583" VPOS="518" WIDTH="51" HEIGHT="40" STYLEREFS="TXT_1 PAR_LEFT">
					<TextLine ID="P10_TL00002" HPOS="583" VPOS="518" WIDTH="51" HEIGHT="40">
						<String ID="P10_ST00004" HPOS="583" VPOS="518" WIDTH="51" HEIGHT="40" CONTENT="14" WC="1.00" CC="00"/>
					</TextLine>
				</TextBlock>
			</TopMargin>
			<LeftMargin ID="P10_LM00001" HPOS="0" VPOS="548" WIDTH="561" HEIGHT="3058"/>
			<RightMargin ID="P10_RM00001" HPOS="2299" VPOS="548" WIDTH="398" HEIGHT="3058"/>
			<BottomMargin ID="P10_BM00001" HPOS="0" VPOS="3606" WIDTH="2697" HEIGHT="521"/>
			<PrintSpace ID="P10_PS00001" HPOS="561" VPOS="548" WIDTH="1738" HEIGHT="3058">
				<TextBlock ID="P10_TB00003" HPOS="561" VPOS="636" WIDTH="1738" HEIGHT="2970" STYLEREFS="TXT_0 PAR_BLOCK">
					<TextLine ID="P10_TL00003" HPOS="629" VPOS="638" WIDTH="1666" HEIGHT="65">
						<String ID="P10_ST00005" HPOS="629" VPOS="644" WIDTH="258" HEIGHT="59" CONTENT="Conçoit-on" WC="0.99" CC="3466074406"/>
						<SP ID="P10_SP00003" HPOS="887" VPOS="703" WIDTH="21"/>
						<String ID="P10_ST00006" HPOS="908" VPOS="644" WIDTH="187" HEIGHT="53" CONTENT="quelque" WC="0.99" CC="0444020"/>
						<SP ID="P10_SP00004" HPOS="1095" VPOS="703" WIDTH="19"/>
						<String ID="P10_ST00007" HPOS="1114" VPOS="642" WIDTH="122" HEIGHT="40" CONTENT="chose" WC="1.00" CC="00000"/>
						<SP ID="P10_SP00005" HPOS="1236" VPOS="703" WIDTH="18"/>
						<String ID="P10_ST00008" HPOS="1254" VPOS="641" WIDTH="49" HEIGHT="41" CONTENT="de" WC="1.00" CC="00"/>
						<SP ID="P10_SP00006" HPOS="1303" VPOS="703" WIDTH="23"/>
						<String ID="P10_ST00009" HPOS="1326" VPOS="640" WIDTH="95" HEIGHT="55" CONTENT="plus" WC="0.99" CC="0600"/>
						<SP ID="P10_SP00007" HPOS="1421" VPOS="703" WIDTH="19"/>
						<String ID="P10_ST00010" HPOS="1440" VPOS="647" WIDTH="225" HEIGHT="47" CONTENT="grotesque" WC="0.99" CC="153100080"/>
						<SP ID="P10_SP00008" HPOS="1665" VPOS="703" WIDTH="21"/>
						<String ID="P10_ST00011" HPOS="1686" VPOS="652" WIDTH="84" HEIGHT="41" CONTENT="que" WC="1.00" CC="000"/>
						<SP ID="P10_SP00009" HPOS="1770" VPOS="703" WIDTH="25"/>
						<String ID="P10_ST00012" HPOS="1795" VPOS="638" WIDTH="39" HEIGHT="40" CONTENT="la" WC="0.56" CC="35"/>
						<SP ID="P10_SP00010" HPOS="1834" VPOS="703" WIDTH="22"/>
						<String ID="P10_ST00013" HPOS="1856" VPOS="645" WIDTH="152" HEIGHT="33" CONTENT="nature" WC="0.99" CC="064000"/>
						<SP ID="P10_SP00011" HPOS="2008" VPOS="703" WIDTH="21"/>
						<String ID="P10_ST00014" HPOS="2029" VPOS="645" WIDTH="40" HEIGHT="33" CONTENT="et" WC="1.00" CC="00"/>
						<SP ID="P10_SP00012" HPOS="2069" VPOS="703" WIDTH="21"/>
						<String ID="P10_ST00015" HPOS="2090" VPOS="638" WIDTH="36" HEIGHT="39" CONTENT="le" WC="0.94" CC="10"/>
						<SP ID="P10_SP00013" HPOS="2126" VPOS="703" WIDTH="21"/>
						<String ID="P10_ST00016" HPOS="2147" VPOS="645" WIDTH="76" HEIGHT="33" CONTENT="ton" WC="0.97" CC="206"/>
						<SP ID="P10_SP00014" HPOS="2223" VPOS="703" WIDTH="21"/>
						<String ID="P10_ST00017" HPOS="2244" VPOS="638" WIDTH="51" HEIGHT="39" CONTENT="de" WC="1.00" CC="00"/>
					</TextLine>
					<TextLine ID="P10_TL00004" HPOS="573" VPOS="711" WIDTH="1723" HEIGHT="58">
						<String ID="P10_ST00018" HPOS="573" VPOS="732" WIDTH="66" HEIGHT="26" CONTENT="ces" WC="0.98" CC="500"/>
						<SP ID="P10_SP00015" HPOS="639" VPOS="758" WIDTH="21"/>
						<String ID="P10_ST00019" HPOS="660" VPOS="717" WIDTH="321" HEIGHT="41" CONTENT="réclamations?" WC="0.99" CC="0230000744736"/>
						<SP ID="P10_SP00016" HPOS="981" VPOS="758" WIDTH="21"/>
						<String ID="P10_ST00020" HPOS="1002" VPOS="715" WIDTH="267" HEIGHT="54" CONTENT="L'opprobre" WC="0.99" CC="7066651153" STYLEREFS="TXT_2"/>
						<SP ID="P10_SP00017" HPOS="1269" VPOS="769" WIDTH="14"/>
						<String ID="P10_ST00021" HPOS="1283" VPOS="714" WIDTH="53" HEIGHT="39" CONTENT="de" WC="0.81" CC="03" STYLEREFS="TXT_2"/>
						<SP ID="P10_SP00018" HPOS="1336" VPOS="769" WIDTH="23"/>
						<String ID="P10_ST00022" HPOS="1359" VPOS="714" WIDTH="43" HEIGHT="39" CONTENT="la" WC="1.00" CC="00" STYLEREFS="TXT_2"/>
						<SP ID="P10_SP00019" HPOS="1402" VPOS="769" WIDTH="22"/>
						<String ID="P10_ST00023" HPOS="1424" VPOS="713" WIDTH="252" HEIGHT="40" CONTENT="littérature" WC="0.99" CC="00410653070" STYLEREFS="TXT_2"/>
						<SP ID="P10_SP00020" HPOS="1676" VPOS="769" WIDTH="21"/>
						<String ID="P10_ST00024" HPOS="1697" VPOS="719" WIDTH="40" HEIGHT="33" CONTENT="et" WC="1.00" CC="00" STYLEREFS="TXT_2"/>
						<SP ID="P10_SP00021" HPOS="1737" VPOS="769" WIDTH="17"/>
						<String ID="P10_ST00025" HPOS="1754" VPOS="726" WIDTH="51" HEIGHT="25" CONTENT="DE" WC="0.64" CC="70" STYLEREFS="TXT_3"/>
						<SP ID="P10_SP00022" HPOS="1805" VPOS="769" WIDTH="20"/>
						<String ID="P10_ST00026" HPOS="1825" VPOS="725" WIDTH="51" HEIGHT="26" CONTENT="LA" WC="0.50" CC="35" STYLEREFS="TXT_3"/>
						<SP ID="P10_SP00023" HPOS="1876" VPOS="769" WIDTH="22"/>
						<String ID="P10_ST00027" HPOS="1898" VPOS="711" WIDTH="167" HEIGHT="40" CONTENT="NATION" WC="0.99" CC="030502" STYLEREFS="TXT_3"/>
						<SP ID="P10_SP00024" HPOS="2065" VPOS="769" WIDTH="15"/>
						<String ID="P10_ST00028" HPOS="2080" VPOS="717" WIDTH="103" HEIGHT="32" CONTENT="vaut" WC="0.99" CC="6000"/>
						<SP ID="P10_SP00025" HPOS="2183" VPOS="769" WIDTH="21"/>
						<String ID="P10_ST00029" HPOS="2204" VPOS="722" WIDTH="69" HEIGHT="26" CONTENT="sur" SUBS_TYPE="HypPart1" SUBS_CONTENT="surtout" WC="0.97" CC="035"/>
						<HYP HPOS="2273" VPOS="722" WIDTH="23" CONTENT="-"/>
					</TextLine>
					<TextLine ID="P10_TL00005" HPOS="574" VPOS="780" WIDTH="1725" HEIGHT="64">
						<String ID="P10_ST00030" HPOS="574" VPOS="799" WIDTH="95" HEIGHT="34" CONTENT="tout" SUBS_TYPE="HypPart2" SUBS_CONTENT="surtout" WC="0.98" CC="0304"/>
						<SP ID="P10_SP00026" HPOS="669" VPOS="833" WIDTH="26"/>
						<String ID="P10_ST00031" HPOS="695" VPOS="804" WIDTH="76" HEIGHT="27" CONTENT="son" WC="1.00" CC="100"/>
						<SP ID="P10_SP00027" HPOS="771" VPOS="833" WIDTH="30"/>
						<String ID="P10_ST00032" HPOS="801" VPOS="798" WIDTH="149" HEIGHT="46" CONTENT="pesant" WC="1.00" CC="000004"/>
						<SP ID="P10_SP00028" HPOS="950" VPOS="844" WIDTH="19"/>
						<String ID="P10_ST00033" HPOS="969" VPOS="790" WIDTH="51" HEIGHT="40" CONTENT="de" WC="1.00" CC="00"/>
						<SP ID="P10_SP00029" HPOS="1020" VPOS="844" WIDTH="33"/>
						<String ID="P10_ST00034" HPOS="1053" VPOS="789" WIDTH="181" HEIGHT="40" CONTENT="ridicule" WC="0.99" CC="51000500"/>
						<SP ID="P10_SP00030" HPOS="1234" VPOS="844" WIDTH="26"/>
						<String ID="P10_ST00035" HPOS="1260" VPOS="788" WIDTH="152" HEIGHT="54" CONTENT="poussé" WC="0.99" CC="040003"/>
						<SP ID="P10_SP00031" HPOS="1412" VPOS="844" WIDTH="27"/>
						<String ID="P10_ST00036" HPOS="1439" VPOS="800" WIDTH="82" HEIGHT="26" CONTENT="aux" WC="0.98" CC="301"/>
						<SP ID="P10_SP00032" HPOS="1521" VPOS="844" WIDTH="31"/>
						<String ID="P10_ST00037" HPOS="1552" VPOS="786" WIDTH="210" HEIGHT="40" CONTENT="dernières" WC="0.99" CC="008504000"/>
						<SP ID="P10_SP00033" HPOS="1762" VPOS="844" WIDTH="24"/>
						<String ID="P10_ST00038" HPOS="1786" VPOS="784" WIDTH="174" HEIGHT="41" CONTENT="limites." WC="0.99" CC="01504004"/>
						<SP ID="P10_SP00034" HPOS="1960" VPOS="844" WIDTH="25"/>
						<String ID="P10_ST00039" HPOS="1985" VPOS="784" WIDTH="137" HEIGHT="52" CONTENT="Après" WC="0.98" CC="04410"/>
						<SP ID="P10_SP00035" HPOS="2122" VPOS="844" WIDTH="20"/>
						<String ID="P10_ST00040" HPOS="2142" VPOS="781" WIDTH="102" HEIGHT="51" CONTENT="cela," WC="0.99" CC="00044"/>
						<SP ID="P10_SP00036" HPOS="2244" VPOS="844" WIDTH="23"/>
						<String ID="P10_ST00041" HPOS="2267" VPOS="780" WIDTH="32" HEIGHT="39" CONTENT="il" WC="0.79" CC="40"/>
					</TextLine>
					<TextLine ID="P10_TL00006" HPOS="572" VPOS="852" WIDTH="1727" HEIGHT="60">
						<String ID="P10_ST00042" HPOS="572" VPOS="863" WIDTH="93" HEIGHT="41" CONTENT="faut" WC="1.00" CC="0001"/>
						<SP ID="P10_SP00037" HPOS="665" VPOS="904" WIDTH="18"/>
						<String ID="P10_ST00043" HPOS="683" VPOS="863" WIDTH="103" HEIGHT="41" CONTENT="tirer" WC="0.99" CC="04002"/>
						<SP ID="P10_SP00038" HPOS="786" VPOS="904" WIDTH="20"/>
						<String ID="P10_ST00044" HPOS="806" VPOS="862" WIDTH="202" HEIGHT="50" CONTENT="l'échelle," WC="0.99" CC="3474400104"/>
						<SP ID="P10_SP00039" HPOS="1008" VPOS="912" WIDTH="24"/>
						<String ID="P10_ST00045" HPOS="1032" VPOS="874" WIDTH="167" HEIGHT="27" CONTENT="comme" WC="1.00" CC="00000"/>
						<SP ID="P10_SP00040" HPOS="1199" VPOS="912" WIDTH="20"/>
						<String ID="P10_ST00046" HPOS="1219" VPOS="860" WIDTH="64" HEIGHT="39" CONTENT="dit" WC="0.98" CC="050"/>
						<SP ID="P10_SP00041" HPOS="1283" VPOS="912" WIDTH="27"/>
						<String ID="P10_ST00047" HPOS="1310" VPOS="873" WIDTH="61" HEIGHT="26" CONTENT="un" WC="0.67" CC="06"/>
						<SP ID="P10_SP00042" HPOS="1371" VPOS="912" WIDTH="30"/>
						<String ID="P10_ST00048" HPOS="1401" VPOS="859" WIDTH="71" HEIGHT="40" CONTENT="des" WC="1.00" CC="000"/>
						<SP ID="P10_SP00043" HPOS="1472" VPOS="912" WIDTH="32"/>
						<String ID="P10_ST00049" HPOS="1504" VPOS="870" WIDTH="284" HEIGHT="42" CONTENT="personnages" WC="1.00" CC="00500000002"/>
						<SP ID="P10_SP00044" HPOS="1788" VPOS="912" WIDTH="25"/>
						<String ID="P10_ST00050" HPOS="1813" VPOS="858" WIDTH="51" HEIGHT="39" CONTENT="de" WC="1.00" CC="00"/>
						<SP ID="P10_SP00045" HPOS="1864" VPOS="912" WIDTH="30"/>
						<String ID="P10_ST00051" HPOS="1894" VPOS="855" WIDTH="190" HEIGHT="41" CONTENT="Molière." WC="0.99" CC="05054000"/>
						<SP ID="P10_SP00046" HPOS="2084" VPOS="912" WIDTH="29"/>
						<String ID="P10_ST00052" HPOS="2113" VPOS="853" WIDTH="59" HEIGHT="40" CONTENT="Le" WC="1.00" CC="00"/>
						<SP ID="P10_SP00047" HPOS="2172" VPOS="912" WIDTH="28"/>
						<String ID="P10_ST00053" HPOS="2200" VPOS="852" WIDTH="99" HEIGHT="41" CONTENT="titre" WC="0.99" CC="50040"/>
					</TextLine>
					<TextLine ID="P10_TL00007" HPOS="573" VPOS="925" WIDTH="1726" HEIGHT="65">
						<String ID="P10_ST00054" HPOS="573" VPOS="937" WIDTH="177" HEIGHT="53" CONTENT="proposé" WC="0.99" CC="6300100"/>
						<SP ID="P10_SP00048" HPOS="750" VPOS="990" WIDTH="23"/>
						<String ID="P10_ST00055" HPOS="773" VPOS="948" WIDTH="73" HEIGHT="40" CONTENT="par" WC="1.00" CC="000"/>
						<SP ID="P10_SP00049" HPOS="846" VPOS="990" WIDTH="17"/>
						<String ID="P10_ST00056" HPOS="863" VPOS="934" WIDTH="184" HEIGHT="40" CONTENT="l'auteur" WC="0.99" CC="04004005"/>
						<SP ID="P10_SP00050" HPOS="1047" VPOS="990" WIDTH="20"/>
						<String ID="P10_ST00057" HPOS="1067" VPOS="946" WIDTH="52" HEIGHT="26" CONTENT="en" WC="1.00" CC="00"/>
						<SP ID="P10_SP00051" HPOS="1119" VPOS="990" WIDTH="19"/>
						<String ID="P10_ST00058" HPOS="1138" VPOS="945" WIDTH="213" HEIGHT="27" CONTENT="courroux" WC="0.99" CC="06500663"/>
						<SP ID="P10_SP00052" HPOS="1351" VPOS="990" WIDTH="17"/>
						<String ID="P10_ST00059" HPOS="1368" VPOS="931" WIDTH="185" HEIGHT="53" CONTENT="rappelle" WC="1.00" CC="30000600"/>
						<SP ID="P10_SP00053" HPOS="1553" VPOS="990" WIDTH="21"/>
						<String ID="P10_ST00060" HPOS="1574" VPOS="930" WIDTH="40" HEIGHT="40" CONTENT="la" WC="0.91" CC="10"/>
						<SP ID="P10_SP00054" HPOS="1614" VPOS="990" WIDTH="19"/>
						<String ID="P10_ST00061" HPOS="1633" VPOS="930" WIDTH="163" HEIGHT="40" CONTENT="facture" WC="0.99" CC="0001540"/>
						<SP ID="P10_SP00055" HPOS="1796" VPOS="990" WIDTH="20"/>
						<String ID="P10_ST00062" HPOS="1816" VPOS="929" WIDTH="51" HEIGHT="40" CONTENT="de" WC="1.00" CC="00"/>
						<SP ID="P10_SP00056" HPOS="1867" VPOS="990" WIDTH="21"/>
						<String ID="P10_ST00063" HPOS="1888" VPOS="942" WIDTH="64" HEIGHT="26" CONTENT="ces" WC="1.00" CC="000"/>
						<SP ID="P10_SP00057" HPOS="1952" VPOS="990" WIDTH="14"/>
						<String ID="P10_ST00064" HPOS="1966" VPOS="925" WIDTH="333" HEIGHT="56" CONTENT="amplifications" WC="1.00" CC="00033000013000"/>
					</TextLine>
					<TextLine ID="P10_TL00008" HPOS="573" VPOS="998" WIDTH="1726" HEIGHT="63">
						<String ID="P10_ST00065" HPOS="573" VPOS="1007" WIDTH="297" HEIGHT="54" CONTENT="emphatiques" WC="1.00" CC="10000050000"/>
						<SP ID="P10_SP00058" HPOS="870" VPOS="1061" WIDTH="34"/>
						<String ID="P10_ST00066" HPOS="904" VPOS="1005" WIDTH="104" HEIGHT="40" CONTENT="dont" WC="0.99" CC="0005"/>
						<SP ID="P10_SP00059" HPOS="1008" VPOS="1061" WIDTH="35"/>
						<String ID="P10_ST00067" HPOS="1043" VPOS="1004" WIDTH="184" HEIGHT="40" CONTENT="certains" WC="0.99" CC="00000570"/>
						<SP ID="P10_SP00060" HPOS="1227" VPOS="1061" WIDTH="36"/>
						<String ID="P10_ST00068" HPOS="1263" VPOS="1004" WIDTH="229" HEIGHT="38" CONTENT="directeurs" WC="1.00" CC="0400020500"/>
						<SP ID="P10_SP00061" HPOS="1492" VPOS="1061" WIDTH="39"/>
						<String ID="P10_ST00069" HPOS="1531" VPOS="1002" WIDTH="49" HEIGHT="39" CONTENT="de" WC="1.00" CC="00"/>
						<SP ID="P10_SP00062" HPOS="1580" VPOS="1061" WIDTH="39"/>
						<String ID="P10_ST00070" HPOS="1619" VPOS="1000" WIDTH="203" HEIGHT="55" CONTENT="province" WC="0.99" CC="00171600"/>
						<SP ID="P10_SP00063" HPOS="1822" VPOS="1061" WIDTH="39"/>
						<String ID="P10_ST00071" HPOS="1861" VPOS="1000" WIDTH="288" HEIGHT="40" CONTENT="embellissent" WC="1.00" CC="000004400000"/>
						<SP ID="P10_SP00064" HPOS="2149" VPOS="1061" WIDTH="38"/>
						<String ID="P10_ST00072" HPOS="2187" VPOS="998" WIDTH="112" HEIGHT="39" CONTENT="leurs" WC="0.99" CC="30060"/>
					</TextLine>
					<TextLine ID="P10_TL00009" HPOS="573" VPOS="1072" WIDTH="1301" HEIGHT="56">
						<String ID="P10_ST00073" HPOS="573" VPOS="1079" WIDTH="171" HEIGHT="40" CONTENT="affiches" WC="1.00" CC="00000050"/>
						<SP ID="P10_SP00065" HPOS="744" VPOS="1119" WIDTH="20"/>
						<String ID="P10_ST00074" HPOS="764" VPOS="1081" WIDTH="23" HEIGHT="35" CONTENT="à" WC="0.62" CC="3"/>
						<SP ID="P10_SP00066" HPOS="787" VPOS="1119" WIDTH="22"/>
						<String ID="P10_ST00075" HPOS="809" VPOS="1076" WIDTH="230" HEIGHT="40" CONTENT="sensation." WC="1.00" CC="0050001151"/>
						<SP ID="P10_SP00067" HPOS="1039" VPOS="1119" WIDTH="24"/>
						<String ID="P10_ST00076" HPOS="1063" VPOS="1075" WIDTH="113" HEIGHT="41" CONTENT="C'est" WC="0.99" CC="34000"/>
						<SP ID="P10_SP00068" HPOS="1176" VPOS="1119" WIDTH="20"/>
						<String ID="P10_ST00077" HPOS="1196" VPOS="1075" WIDTH="58" HEIGHT="40" CONTENT="du" WC="0.69" CC="06"/>
						<SP ID="P10_SP00069" HPOS="1254" VPOS="1119" WIDTH="23"/>
						<String ID="P10_ST00078" HPOS="1277" VPOS="1075" WIDTH="198" HEIGHT="53" CONTENT="suprême" WC="0.99" CC="0200700"/>
						<SP ID="P10_SP00070" HPOS="1475" VPOS="1128" WIDTH="20"/>
						<String ID="P10_ST00079" HPOS="1495" VPOS="1073" WIDTH="202" HEIGHT="54" CONTENT="pathos..." WC="0.99" CC="065020644"/>
						<SP ID="P10_SP00071" HPOS="1697" VPOS="1128" WIDTH="23"/>
						<String ID="P10_ST00080" HPOS="1720" VPOS="1072" WIDTH="154" HEIGHT="40" CONTENT="forain." WC="0.98" CC="6555004"/>
					</TextLine>
					<TextLine ID="P10_TL00010" HPOS="627" VPOS="1143" WIDTH="1666" HEIGHT="59">
						<String ID="P10_ST00081" HPOS="627" VPOS="1150" WIDTH="292" HEIGHT="52" CONTENT="Maintenant," WC="1.00" CC="00000030234"/>
						<SP ID="P10_SP00072" HPOS="919" VPOS="1202" WIDTH="28"/>
						<String ID="P10_ST00082" HPOS="947" VPOS="1162" WIDTH="152" HEIGHT="27" CONTENT="encore" WC="0.99" CC="200040"/>
						<SP ID="P10_SP00073" HPOS="1099" VPOS="1202" WIDTH="32"/>
						<String ID="P10_ST00083" HPOS="1131" VPOS="1162" WIDTH="54" HEIGHT="26" CONTENT="au" WC="0.52" CC="90"/>
						<SP ID="P10_SP00074" HPOS="1185" VPOS="1202" WIDTH="38"/>
						<String ID="P10_ST00084" HPOS="1223" VPOS="1155" WIDTH="98" HEIGHT="33" CONTENT="tour" WC="0.97" CC="0064"/>
						<SP ID="P10_SP00075" HPOS="1321" VPOS="1202" WIDTH="28"/>
						<String ID="P10_ST00085" HPOS="1349" VPOS="1147" WIDTH="50" HEIGHT="39" CONTENT="de" WC="1.00" CC="00"/>
						<SP ID="P10_SP00076" HPOS="1399" VPOS="1202" WIDTH="33"/>
						<String ID="P10_ST00086" HPOS="1432" VPOS="1145" WIDTH="118" HEIGHT="41" CONTENT="Pami" WC="0.78" CC="8000"/>
						<SP ID="P10_SP00077" HPOS="1550" VPOS="1202" WIDTH="30"/>
						<String ID="P10_ST00087" HPOS="1580" VPOS="1145" WIDTH="249" HEIGHT="54" CONTENT="d'Argental" WC="0.85" CC="0401000160"/>
						<SP ID="P10_SP00078" HPOS="1829" VPOS="1202" WIDTH="21"/>
						<String ID="P10_ST00088" HPOS="1850" VPOS="1148" WIDTH="23" HEIGHT="35" CONTENT="à" WC="0.82" CC="1"/>
						<SP ID="P10_SP00079" HPOS="1873" VPOS="1202" WIDTH="22"/>
						<String ID="P10_ST00089" HPOS="1895" VPOS="1156" WIDTH="169" HEIGHT="41" CONTENT="essuyer" WC="0.98" CC="3000639"/>
						<SP ID="P10_SP00080" HPOS="2064" VPOS="1202" WIDTH="32"/>
						<String ID="P10_ST00090" HPOS="2096" VPOS="1143" WIDTH="58" HEIGHT="40" CONTENT="les" WC="1.00" CC="000"/>
						<SP ID="P10_SP00081" HPOS="2154" VPOS="1202" WIDTH="31"/>
						<String ID="P10_ST00091" HPOS="2185" VPOS="1143" WIDTH="87" HEIGHT="40" CONTENT="furi" SUBS_TYPE="HypPart1" SUBS_CONTENT="furibondes" WC="0.98" CC="0700"/>
						<HYP HPOS="2272" VPOS="1143" WIDTH="21" CONTENT="-"/>
					</TextLine>
					<TextLine ID="P10_TL00011" HPOS="570" VPOS="1214" WIDTH="1727" HEIGHT="58">
						<String ID="P10_ST00092" HPOS="570" VPOS="1222" WIDTH="157" HEIGHT="41" CONTENT="bondes" SUBS_TYPE="HypPart2" SUBS_CONTENT="furibondes" WC="1.00" CC="020000"/>
						<SP ID="P10_SP00082" HPOS="727" VPOS="1263" WIDTH="32"/>
						<String ID="P10_ST00093" HPOS="759" VPOS="1221" WIDTH="266" HEIGHT="41" CONTENT="confidences" WC="1.00" CC="03522000000"/>
						<SP ID="P10_SP00083" HPOS="1025" VPOS="1263" WIDTH="35"/>
						<String ID="P10_ST00094" HPOS="1060" VPOS="1221" WIDTH="57" HEIGHT="39" CONTENT="du" WC="0.80" CC="03"/>
						<SP ID="P10_SP00084" HPOS="1117" VPOS="1263" WIDTH="35"/>
						<String ID="P10_ST00095" HPOS="1152" VPOS="1221" WIDTH="167" HEIGHT="46" CONTENT="maître," WC="0.98" CC="0552307"/>
						<SP ID="P10_SP00085" HPOS="1319" VPOS="1267" WIDTH="38"/>
						<String ID="P10_ST00096" HPOS="1357" VPOS="1220" WIDTH="75" HEIGHT="52" CONTENT="qui" WC="0.96" CC="064"/>
						<SP ID="P10_SP00086" HPOS="1432" VPOS="1272" WIDTH="37"/>
						<String ID="P10_ST00097" HPOS="1469" VPOS="1217" WIDTH="163" HEIGHT="55" CONTENT="appelle" WC="0.99" CC="9000060"/>
						<SP ID="P10_SP00087" HPOS="1632" VPOS="1272" WIDTH="27"/>
						<String ID="P10_ST00098" HPOS="1659" VPOS="1218" WIDTH="40" HEIGHT="38" CONTENT="la" WC="0.80" CC="30"/>
						<SP ID="P10_SP00088" HPOS="1699" VPOS="1272" WIDTH="35"/>
						<String ID="P10_ST00099" HPOS="1734" VPOS="1216" WIDTH="208" HEIGHT="41" CONTENT="Pandore" WC="0.99" CC="5610000" STYLEREFS="TXT_2"/>
						<SP ID="P10_SP00089" HPOS="1942" VPOS="1272" WIDTH="20"/>
						<String ID="P10_ST00100" HPOS="1962" VPOS="1214" WIDTH="225" HEIGHT="53" CONTENT="musiquée" WC="0.74" CC="09040060"/>
						<SP ID="P10_SP00090" HPOS="2187" VPOS="1272" WIDTH="36"/>
						<String ID="P10_ST00101" HPOS="2223" VPOS="1226" WIDTH="74" HEIGHT="40" CONTENT="par" WC="0.96" CC="074"/>
					</TextLine>
					<TextLine ID="P10_TL00012" HPOS="573" VPOS="1284" WIDTH="1724" HEIGHT="62">
						<String ID="P10_ST00102" HPOS="573" VPOS="1294" WIDTH="141" HEIGHT="52" CONTENT="Royer" WC="0.80" CC="04500"/>
						<SP ID="P10_SP00091" HPOS="714" VPOS="1346" WIDTH="23"/>
						<String ID="P10_ST00103" HPOS="737" VPOS="1308" WIDTH="21" HEIGHT="25" CONTENT="a" WC="0.25" CC="7"/>
						<SP ID="P10_SP00092" HPOS="758" VPOS="1346" WIDTH="17"/>
						<String ID="P10_ST00104" HPOS="775" VPOS="1307" WIDTH="76" HEIGHT="26" CONTENT="son" WC="0.98" CC="040"/>
						<SP ID="P10_SP00093" HPOS="851" VPOS="1346" WIDTH="21"/>
						<String ID="P10_ST00105" HPOS="872" VPOS="1292" WIDTH="230" HEIGHT="40" CONTENT="détestable" WC="1.00" CC="0100000000"/>
						<SP ID="P10_SP00094" HPOS="1102" VPOS="1346" WIDTH="20"/>
						<String ID="P10_ST00106" HPOS="1122" VPOS="1290" WIDTH="260" HEIGHT="55" CONTENT="opéra...On" WC="0.99" CC="2033064736"/>
						<SP ID="P10_SP00095" HPOS="1382" VPOS="1346" WIDTH="16"/>
						<String ID="P10_ST00107" HPOS="1398" VPOS="1304" WIDTH="23" HEIGHT="25" CONTENT="a" WC="1.00" CC="0"/>
						<SP ID="P10_SP00096" HPOS="1421" VPOS="1346" WIDTH="20"/>
						<String ID="P10_ST00108" HPOS="1441" VPOS="1289" WIDTH="76" HEIGHT="40" CONTENT="fait" WC="0.97" CC="0930"/>
						<SP ID="P10_SP00097" HPOS="1517" VPOS="1346" WIDTH="20"/>
						<String ID="P10_ST00109" HPOS="1537" VPOS="1289" WIDTH="50" HEIGHT="39" CONTENT="de" WC="1.00" CC="00"/>
						<SP ID="P10_SP00098" HPOS="1587" VPOS="1346" WIDTH="22"/>
						<String ID="P10_ST00110" HPOS="1609" VPOS="1301" WIDTH="69" HEIGHT="27" CONTENT="ma" WC="1.00" CC="00"/>
						<SP ID="P10_SP00099" HPOS="1678" VPOS="1346" WIDTH="20"/>
						<String ID="P10_ST00111" HPOS="1698" VPOS="1287" WIDTH="208" HEIGHT="41" CONTENT="Pandore" WC="0.99" CC="2100703" STYLEREFS="TXT_2"/>
						<SP ID="P10_SP00100" HPOS="1906" VPOS="1346" WIDTH="22"/>
						<String ID="P10_ST00112" HPOS="1928" VPOS="1299" WIDTH="84" HEIGHT="27" CONTENT="une" WC="1.00" CC="000"/>
						<SP ID="P10_SP00101" HPOS="2012" VPOS="1346" WIDTH="22"/>
						<String ID="P10_ST00113" HPOS="2034" VPOS="1284" WIDTH="195" HEIGHT="55" CONTENT="rapsodie" WC="1.00" CC="00000000"/>
						<SP ID="P10_SP00102" HPOS="2229" VPOS="1346" WIDTH="17"/>
						<String ID="P10_ST00114" HPOS="2246" VPOS="1284" WIDTH="51" HEIGHT="40" CONTENT="de" WC="0.95" CC="00"/>
					</TextLine>
					<TextLine ID="P10_TL00013" HPOS="573" VPOS="1358" WIDTH="1719" HEIGHT="62">
						<String ID="P10_ST00115" HPOS="573" VPOS="1366" WIDTH="163" HEIGHT="54" CONTENT="paroles" WC="1.00" CC="0000000"/>
						<SP ID="P10_SP00103" HPOS="736" VPOS="1420" WIDTH="19"/>
						<String ID="P10_ST00116" HPOS="755" VPOS="1366" WIDTH="60" HEIGHT="40" CONTENT="du" WC="1.00" CC="00"/>
						<SP ID="P10_SP00104" HPOS="815" VPOS="1420" WIDTH="21"/>
						<String ID="P10_ST00117" HPOS="836" VPOS="1373" WIDTH="107" HEIGHT="46" CONTENT="pont" WC="1.00" CC="0000"/>
						<SP ID="P10_SP00105" HPOS="943" VPOS="1420" WIDTH="21"/>
						<String ID="P10_ST00118" HPOS="964" VPOS="1364" WIDTH="129" HEIGHT="41" CONTENT="Neuf." WC="0.99" CC="00004"/>
						<SP ID="P10_SP00106" HPOS="1093" VPOS="1420" WIDTH="21"/>
						<String ID="P10_ST00119" HPOS="1114" VPOS="1380" WIDTH="17" HEIGHT="20" CONTENT="»" WC="1.00" CC="0"/>
						<SP ID="P10_SP00107" HPOS="1131" VPOS="1420" WIDTH="33"/>
						<String ID="P10_ST00120" HPOS="1164" VPOS="1364" WIDTH="61" HEIGHT="39" CONTENT="La" WC="1.00" CC="00"/>
						<SP ID="P10_SP00108" HPOS="1225" VPOS="1420" WIDTH="20"/>
						<String ID="P10_ST00121" HPOS="1245" VPOS="1362" WIDTH="204" HEIGHT="40" CONTENT="conduite" WC="0.99" CC="02606062"/>
						<SP ID="P10_SP00109" HPOS="1449" VPOS="1420" WIDTH="28"/>
						<String ID="P10_ST00122" HPOS="1477" VPOS="1361" WIDTH="59" HEIGHT="39" CONTENT="du" WC="0.72" CC="05"/>
						<SP ID="P10_SP00110" HPOS="1536" VPOS="1420" WIDTH="27"/>
						<String ID="P10_ST00123" HPOS="1563" VPOS="1360" WIDTH="213" HEIGHT="40" CONTENT="musicien" WC="0.99" CC="00025007"/>
						<SP ID="P10_SP00111" HPOS="1776" VPOS="1420" WIDTH="22"/>
						<String ID="P10_ST00124" HPOS="1798" VPOS="1373" WIDTH="52" HEIGHT="26" CONTENT="en" WC="1.00" CC="00"/>
						<SP ID="P10_SP00112" HPOS="1850" VPOS="1420" WIDTH="25"/>
						<String ID="P10_ST00125" HPOS="1875" VPOS="1366" WIDTH="96" HEIGHT="34" CONTENT="tout" WC="0.98" CC="0054"/>
						<SP ID="P10_SP00113" HPOS="1971" VPOS="1420" WIDTH="27"/>
						<String ID="P10_ST00126" HPOS="1998" VPOS="1358" WIDTH="83" HEIGHT="40" CONTENT="ceci" WC="1.00" CC="0002"/>
						<SP ID="P10_SP00114" HPOS="2081" VPOS="1420" WIDTH="23"/>
						<String ID="P10_ST00127" HPOS="2104" VPOS="1365" WIDTH="61" HEIGHT="32" CONTENT="est" WC="0.96" CC="207"/>
						<SP ID="P10_SP00115" HPOS="2165" VPOS="1420" WIDTH="20"/>
						<String ID="P10_ST00128" HPOS="2185" VPOS="1370" WIDTH="81" HEIGHT="39" CONTENT="qua" SUBS_TYPE="HypPart1" SUBS_CONTENT="qualifiée" WC="0.96" CC="064"/>
						<HYP HPOS="2266" VPOS="1370" WIDTH="26" CONTENT="-"/>
					</TextLine>
					<TextLine ID="P10_TL00014" HPOS="569" VPOS="1433" WIDTH="1072" HEIGHT="57">
						<String ID="P10_ST00129" HPOS="569" VPOS="1437" WIDTH="111" HEIGHT="42" CONTENT="lifiée" SUBS_TYPE="HypPart2" SUBS_CONTENT="qualifiée" WC="0.99" CC="033300"/>
						<SP ID="P10_SP00116" HPOS="680" VPOS="1479" WIDTH="22"/>
						<String ID="P10_ST00130" HPOS="702" VPOS="1454" WIDTH="18" HEIGHT="23" CONTENT="«" WC="0.80" CC="1"/>
						<SP ID="P10_SP00117" HPOS="720" VPOS="1479" WIDTH="22"/>
						<String ID="P10_ST00131" HPOS="742" VPOS="1439" WIDTH="49" HEIGHT="39" CONTENT="de" WC="1.00" CC="00"/>
						<SP ID="P10_SP00118" HPOS="791" VPOS="1479" WIDTH="22"/>
						<String ID="P10_ST00132" HPOS="813" VPOS="1437" WIDTH="195" HEIGHT="41" CONTENT="mauvais" WC="1.00" CC="0000000"/>
						<SP ID="P10_SP00119" HPOS="1008" VPOS="1479" WIDTH="23"/>
						<String ID="P10_ST00133" HPOS="1031" VPOS="1435" WIDTH="177" HEIGHT="55" CONTENT="procédé" WC="0.99" CC="0040400"/>
						<SP ID="P10_SP00120" HPOS="1208" VPOS="1490" WIDTH="24"/>
						<String ID="P10_ST00134" HPOS="1232" VPOS="1451" WIDTH="18" HEIGHT="21" CONTENT="»" WC="0.62" CC="3"/>
						<SP ID="P10_SP00121" HPOS="1250" VPOS="1490" WIDTH="24"/>
						<String ID="P10_ST00135" HPOS="1274" VPOS="1445" WIDTH="41" HEIGHT="30" CONTENT="et" WC="0.84" CC="03"/>
						<SP ID="P10_SP00122" HPOS="1315" VPOS="1490" WIDTH="25"/>
						<String ID="P10_ST00136" HPOS="1340" VPOS="1435" WIDTH="49" HEIGHT="39" CONTENT="de" WC="1.00" CC="00"/>
						<SP ID="P10_SP00123" HPOS="1389" VPOS="1490" WIDTH="25"/>
						<String ID="P10_ST00137" HPOS="1414" VPOS="1451" WIDTH="18" HEIGHT="21" CONTENT="«" WC="0.56" CC="4"/>
						<SP ID="P10_SP00124" HPOS="1432" VPOS="1490" WIDTH="25"/>
						<String ID="P10_ST00138" HPOS="1457" VPOS="1433" WIDTH="144" HEIGHT="42" CONTENT="bêtise." WC="0.99" CC="0603006"/>
						<SP ID="P10_SP00125" HPOS="1601" VPOS="1490" WIDTH="22"/>
						<String ID="P10_ST00139" HPOS="1623" VPOS="1449" WIDTH="18" HEIGHT="21" CONTENT="»" WC="0.55" CC="4"/>
					</TextLine>
					<TextLine ID="P10_TL00015" HPOS="626" VPOS="1501" WIDTH="1667" HEIGHT="59">
						<String ID="P10_ST00140" HPOS="626" VPOS="1527" WIDTH="19" HEIGHT="21" CONTENT="&lt;c" WC="0.07" CC="89"/>
						<SP ID="P10_SP00126" HPOS="645" VPOS="1548" WIDTH="23"/>
						<String ID="P10_ST00141" HPOS="668" VPOS="1510" WIDTH="113" HEIGHT="40" CONTENT="Rien" WC="1.00" CC="0002"/>
						<SP ID="P10_SP00127" HPOS="781" VPOS="1550" WIDTH="101"/>
						<String ID="P10_ST00142" HPOS="882" VPOS="1509" WIDTH="174" HEIGHT="41" CONTENT="conclut" WC="1.00" CC="0060000"/>
						<SP ID="P10_SP00128" HPOS="1056" VPOS="1550" WIDTH="25"/>
						<String ID="P10_ST00143" HPOS="1081" VPOS="1507" WIDTH="202" HEIGHT="51" CONTENT="Voltaire," WC="0.99" CC="524307007"/>
						<SP ID="P10_SP00129" HPOS="1283" VPOS="1558" WIDTH="98"/>
						<String ID="P10_ST00144" HPOS="1381" VPOS="1506" WIDTH="107" HEIGHT="40" CONTENT="n'est" WC="0.99" CC="24000"/>
						<SP ID="P10_SP00130" HPOS="1488" VPOS="1558" WIDTH="28"/>
						<String ID="P10_ST00145" HPOS="1516" VPOS="1505" WIDTH="88" HEIGHT="55" CONTENT="pire" WC="0.97" CC="0750"/>
						<SP ID="P10_SP00131" HPOS="1604" VPOS="1560" WIDTH="23"/>
						<String ID="P10_ST00146" HPOS="1627" VPOS="1506" WIDTH="165" HEIGHT="53" CONTENT="qu'une" WC="0.99" CC="002080"/>
						<SP ID="P10_SP00132" HPOS="1792" VPOS="1560" WIDTH="21"/>
						<String ID="P10_ST00147" HPOS="1813" VPOS="1504" WIDTH="219" HEIGHT="41" CONTENT="infortune" WC="1.00" CC="300052002"/>
						<SP ID="P10_SP00133" HPOS="2032" VPOS="1560" WIDTH="21"/>
						<String ID="P10_ST00148" HPOS="2053" VPOS="1501" WIDTH="195" HEIGHT="42" CONTENT="ridicule." WC="0.99" CC="330060003"/>
						<SP ID="P10_SP00134" HPOS="2248" VPOS="1560" WIDTH="23"/>
						<String ID="P10_ST00149" HPOS="2271" VPOS="1517" WIDTH="22" HEIGHT="22" CONTENT="»" WC="0.34" CC="6"/>
					</TextLine>
					<TextLine ID="P10_TL00016" HPOS="569" VPOS="1576" WIDTH="1448" HEIGHT="55">
						<String ID="P10_ST00150" HPOS="569" VPOS="1584" WIDTH="119" HEIGHT="39" CONTENT="Tout" WC="0.99" CC="0500"/>
						<SP ID="P10_SP00135" HPOS="688" VPOS="1623" WIDTH="15"/>
						<String ID="P10_ST00151" HPOS="703" VPOS="1583" WIDTH="204" HEIGHT="40" CONTENT="l'homme" WC="0.99" CC="0360000"/>
						<SP ID="P10_SP00136" HPOS="907" VPOS="1623" WIDTH="20"/>
						<String ID="P10_ST00152" HPOS="927" VPOS="1589" WIDTH="62" HEIGHT="32" CONTENT="est" WC="0.97" CC="070"/>
						<SP ID="P10_SP00137" HPOS="989" VPOS="1623" WIDTH="20"/>
						<String ID="P10_ST00153" HPOS="1009" VPOS="1581" WIDTH="106" HEIGHT="40" CONTENT="dans" WC="0.98" CC="0063"/>
						<SP ID="P10_SP00138" HPOS="1115" VPOS="1623" WIDTH="17"/>
						<String ID="P10_ST00154" HPOS="1132" VPOS="1588" WIDTH="65" HEIGHT="33" CONTENT="cet" WC="0.97" CC="006"/>
						<SP ID="P10_SP00139" HPOS="1197" VPOS="1623" WIDTH="20"/>
						<String ID="P10_ST00155" HPOS="1217" VPOS="1593" WIDTH="107" HEIGHT="27" CONTENT="aveu" WC="1.00" CC="0000"/>
						<SP ID="P10_SP00140" HPOS="1324" VPOS="1623" WIDTH="24"/>
						<String ID="P10_ST00156" HPOS="1348" VPOS="1584" WIDTH="21" HEIGHT="34" CONTENT="à" WC="1.00" CC="0"/>
						<SP ID="P10_SP00141" HPOS="1369" VPOS="1623" WIDTH="16"/>
						<String ID="P10_ST00157" HPOS="1385" VPOS="1579" WIDTH="40" HEIGHT="39" CONTENT="la" WC="0.81" CC="30"/>
						<SP ID="P10_SP00142" HPOS="1425" VPOS="1623" WIDTH="18"/>
						<String ID="P10_ST00158" HPOS="1443" VPOS="1578" WIDTH="290" HEIGHT="40" CONTENT="désinvolture" WC="1.00" CC="000259020030"/>
						<SP ID="P10_SP00143" HPOS="1733" VPOS="1623" WIDTH="16"/>
						<String ID="P10_ST00159" HPOS="1749" VPOS="1576" WIDTH="268" HEIGHT="55" CONTENT="paradoxale." WC="1.00" CC="00000007404"/>
					</TextLine>
					<TextLine ID="P10_TL00017" HPOS="623" VPOS="1644" WIDTH="1674" HEIGHT="64">
						<String ID="P10_ST00160" HPOS="623" VPOS="1654" WIDTH="56" HEIGHT="40" CONTENT="Et" WC="0.81" CC="03"/>
						<SP ID="P10_SP00144" HPOS="679" VPOS="1694" WIDTH="29"/>
						<String ID="P10_ST00161" HPOS="708" VPOS="1654" WIDTH="116" HEIGHT="54" CONTENT="puis," WC="0.99" CC="00204"/>
						<SP ID="P10_SP00145" HPOS="824" VPOS="1708" WIDTH="23"/>
						<String ID="P10_ST00162" HPOS="847" VPOS="1654" WIDTH="38" HEIGHT="40" CONTENT="le" WC="0.81" CC="30"/>
						<SP ID="P10_SP00146" HPOS="885" VPOS="1708" WIDTH="18"/>
						<String ID="P10_ST00163" HPOS="903" VPOS="1653" WIDTH="114" HEIGHT="41" CONTENT="voilà" WC="0.99" CC="02100"/>
						<SP ID="P10_SP00147" HPOS="1017" VPOS="1708" WIDTH="29"/>
						<String ID="P10_ST00164" HPOS="1046" VPOS="1653" WIDTH="74" HEIGHT="52" CONTENT="qui" WC="0.97" CC="042"/>
						<SP ID="P10_SP00148" HPOS="1120" VPOS="1708" WIDTH="25"/>
						<String ID="P10_ST00165" HPOS="1145" VPOS="1665" WIDTH="41" HEIGHT="27" CONTENT="se" WC="1.00" CC="00"/>
						<SP ID="P10_SP00149" HPOS="1186" VPOS="1708" WIDTH="27"/>
						<String ID="P10_ST00166" HPOS="1213" VPOS="1659" WIDTH="133" HEIGHT="32" CONTENT="remet" WC="1.00" CC="00100"/>
						<SP ID="P10_SP00150" HPOS="1346" VPOS="1708" WIDTH="21"/>
						<String ID="P10_ST00167" HPOS="1367" VPOS="1655" WIDTH="23" HEIGHT="36" CONTENT="à" WC="0.82" CC="1"/>
						<SP ID="P10_SP00151" HPOS="1390" VPOS="1708" WIDTH="22"/>
						<String ID="P10_ST00168" HPOS="1412" VPOS="1658" WIDTH="99" HEIGHT="32" CONTENT="tour" WC="0.98" CC="0306"/>
						<SP ID="P10_SP00152" HPOS="1511" VPOS="1708" WIDTH="29"/>
						<String ID="P10_ST00169" HPOS="1540" VPOS="1651" WIDTH="50" HEIGHT="39" CONTENT="de" WC="1.00" CC="00"/>
						<SP ID="P10_SP00153" HPOS="1590" VPOS="1708" WIDTH="28"/>
						<String ID="P10_ST00170" HPOS="1618" VPOS="1651" WIDTH="96" HEIGHT="39" CONTENT="bras" WC="1.00" CC="0000"/>
						<SP ID="P10_SP00154" HPOS="1714" VPOS="1708" WIDTH="27"/>
						<String ID="P10_ST00171" HPOS="1741" VPOS="1663" WIDTH="72" HEIGHT="26" CONTENT="sur" WC="1.00" CC="000"/>
						<SP ID="P10_SP00155" HPOS="1813" VPOS="1708" WIDTH="30"/>
						<String ID="P10_ST00172" HPOS="1843" VPOS="1650" WIDTH="155" HEIGHT="52" CONTENT="Royer," WC="0.87" CC="030004"/>
						<SP ID="P10_SP00156" HPOS="1998" VPOS="1708" WIDTH="22"/>
						<String ID="P10_ST00173" HPOS="2020" VPOS="1646" WIDTH="157" HEIGHT="41" CONTENT="Sireuil" WC="0.80" CC="0260004"/>
						<SP ID="P10_SP00157" HPOS="2177" VPOS="1708" WIDTH="21"/>
						<String ID="P10_ST00174" HPOS="2198" VPOS="1652" WIDTH="41" HEIGHT="33" CONTENT="et" WC="0.82" CC="30"/>
						<SP ID="P10_SP00158" HPOS="2239" VPOS="1708" WIDTH="19"/>
						<String ID="P10_ST00175" HPOS="2258" VPOS="1644" WIDTH="39" HEIGHT="40" CONTENT="la" WC="0.93" CC="10"/>
					</TextLine>
					<TextLine ID="P10_TL00018" HPOS="569" VPOS="1717" WIDTH="1728" HEIGHT="63">
						<String ID="P10_ST00176" HPOS="569" VPOS="1726" WIDTH="263" HEIGHT="54" CONTENT="mythologie" WC="1.00" CC="0000040820"/>
						<SP ID="P10_SP00159" HPOS="832" VPOS="1780" WIDTH="20"/>
						<String ID="P10_ST00177" HPOS="852" VPOS="1726" WIDTH="75" HEIGHT="53" CONTENT="qui" WC="0.96" CC="063"/>
						<SP ID="P10_SP00160" HPOS="927" VPOS="1780" WIDTH="28"/>
						<String ID="P10_ST00178" HPOS="955" VPOS="1725" WIDTH="97" HEIGHT="39" CONTENT="n'en" WC="0.96" CC="6408"/>
						<SP ID="P10_SP00161" HPOS="1052" VPOS="1780" WIDTH="28"/>
						<String ID="P10_ST00179" HPOS="1080" VPOS="1733" WIDTH="102" HEIGHT="45" CONTENT="peut" WC="0.98" CC="0054"/>
						<SP ID="P10_SP00162" HPOS="1182" VPOS="1780" WIDTH="28"/>
						<String ID="P10_ST00180" HPOS="1210" VPOS="1724" WIDTH="120" HEIGHT="45" CONTENT="mais," WC="0.99" CC="00003"/>
						<SP ID="P10_SP00163" HPOS="1330" VPOS="1780" WIDTH="22"/>
						<String ID="P10_ST00181" HPOS="1352" VPOS="1722" WIDTH="100" HEIGHT="42" CONTENT="elle!" WC="0.99" CC="00304"/>
						<SP ID="P10_SP00164" HPOS="1452" VPOS="1780" WIDTH="34"/>
						<String ID="P10_ST00182" HPOS="1486" VPOS="1738" WIDTH="21" HEIGHT="22" CONTENT="«" WC="0.72" CC="2"/>
						<SP ID="P10_SP00165" HPOS="1507" VPOS="1780" WIDTH="21"/>
						<String ID="P10_ST00183" HPOS="1528" VPOS="1723" WIDTH="45" HEIGHT="39" CONTENT="Je" WC="0.56" CC="08"/>
						<SP ID="P10_SP00166" HPOS="1573" VPOS="1780" WIDTH="24"/>
						<String ID="P10_ST00184" HPOS="1597" VPOS="1735" WIDTH="52" HEIGHT="27" CONTENT="ne" WC="0.71" CC="50"/>
						<SP ID="P10_SP00167" HPOS="1649" VPOS="1780" WIDTH="23"/>
						<String ID="P10_ST00185" HPOS="1672" VPOS="1722" WIDTH="82" HEIGHT="39" CONTENT="sais" WC="0.99" CC="0040"/>
						<SP ID="P10_SP00168" HPOS="1754" VPOS="1780" WIDTH="21"/>
						<String ID="P10_ST00186" HPOS="1775" VPOS="1734" WIDTH="74" HEIGHT="41" CONTENT="pas" WC="0.95" CC="580"/>
						<SP ID="P10_SP00169" HPOS="1849" VPOS="1780" WIDTH="22"/>
						<String ID="P10_ST00187" HPOS="1871" VPOS="1720" WIDTH="33" HEIGHT="40" CONTENT="si" WC="1.00" CC="00"/>
						<SP ID="P10_SP00170" HPOS="1904" VPOS="1780" WIDTH="24"/>
						<String ID="P10_ST00188" HPOS="1928" VPOS="1722" WIDTH="143" HEIGHT="51" CONTENT="Royer" WC="0.88" CC="00005"/>
						<SP ID="P10_SP00171" HPOS="2071" VPOS="1780" WIDTH="21"/>
						<String ID="P10_ST00189" HPOS="2092" VPOS="1718" WIDTH="81" HEIGHT="41" CONTENT="sait" WC="0.99" CC="0020"/>
						<SP ID="P10_SP00172" HPOS="2173" VPOS="1780" WIDTH="21"/>
						<String ID="P10_ST00190" HPOS="2194" VPOS="1717" WIDTH="103" HEIGHT="40" CONTENT="taire" WC="0.98" CC="70500"/>
					</TextLine>
					<TextLine ID="P10_TL00019" HPOS="568" VPOS="1791" WIDTH="1727" HEIGHT="59">
						<String ID="P10_ST00191" HPOS="568" VPOS="1798" WIDTH="71" HEIGHT="39" CONTENT="des" WC="1.00" CC="000"/>
						<SP ID="P10_SP00173" HPOS="639" VPOS="1837" WIDTH="20"/>
						<String ID="P10_ST00192" HPOS="659" VPOS="1797" WIDTH="185" HEIGHT="49" CONTENT="croches," WC="0.99" CC="04405004"/>
						<SP ID="P10_SP00174" HPOS="844" VPOS="1846" WIDTH="25"/>
						<String ID="P10_ST00193" HPOS="869" VPOS="1796" WIDTH="107" HEIGHT="40" CONTENT="mais" WC="0.99" CC="0300"/>
						<SP ID="P10_SP00175" HPOS="976" VPOS="1846" WIDTH="18"/>
						<String ID="P10_ST00194" HPOS="994" VPOS="1796" WIDTH="37" HEIGHT="54" CONTENT="je" WC="0.64" CC="70"/>
						<SP ID="P10_SP00176" HPOS="1031" VPOS="1850" WIDTH="20"/>
						<String ID="P10_ST00195" HPOS="1051" VPOS="1797" WIDTH="83" HEIGHT="38" CONTENT="sais" WC="0.99" CC="0040"/>
						<SP ID="P10_SP00177" HPOS="1134" VPOS="1850" WIDTH="23"/>
						<String ID="P10_ST00196" HPOS="1157" VPOS="1795" WIDTH="98" HEIGHT="41" CONTENT="bien" WC="0.98" CC="0207"/>
						<SP ID="P10_SP00178" HPOS="1255" VPOS="1850" WIDTH="21"/>
						<String ID="P10_ST00197" HPOS="1276" VPOS="1795" WIDTH="106" HEIGHT="53" CONTENT="qu'il" WC="0.99" CC="00404"/>
						<SP ID="P10_SP00179" HPOS="1382" VPOS="1850" WIDTH="22"/>
						<String ID="P10_ST00198" HPOS="1404" VPOS="1807" WIDTH="52" HEIGHT="27" CONTENT="ne" WC="0.69" CC="60"/>
						<SP ID="P10_SP00180" HPOS="1456" VPOS="1850" WIDTH="21"/>
						<String ID="P10_ST00199" HPOS="1477" VPOS="1793" WIDTH="80" HEIGHT="41" CONTENT="sait" WC="1.00" CC="0000"/>
						<SP ID="P10_SP00181" HPOS="1557" VPOS="1850" WIDTH="21"/>
						<String ID="P10_ST00200" HPOS="1578" VPOS="1807" WIDTH="73" HEIGHT="40" CONTENT="pas" WC="1.00" CC="001"/>
						<SP ID="P10_SP00182" HPOS="1651" VPOS="1850" WIDTH="22"/>
						<String ID="P10_ST00201" HPOS="1673" VPOS="1793" WIDTH="90" HEIGHT="40" CONTENT="lire." WC="0.99" CC="22003"/>
						<SP ID="P10_SP00183" HPOS="1763" VPOS="1850" WIDTH="25"/>
						<String ID="P10_ST00202" HPOS="1788" VPOS="1794" WIDTH="63" HEIGHT="40" CONTENT="M." WC="0.78" CC="04"/>
						<SP ID="P10_SP00184" HPOS="1851" VPOS="1850" WIDTH="20"/>
						<String ID="P10_ST00203" HPOS="1871" VPOS="1794" WIDTH="50" HEIGHT="38" CONTENT="de" WC="1.00" CC="00"/>
						<SP ID="P10_SP00185" HPOS="1921" VPOS="1850" WIDTH="31"/>
						<String ID="P10_ST00204" HPOS="1952" VPOS="1791" WIDTH="160" HEIGHT="41" CONTENT="Sireuil" WC="0.85" CC="0510030"/>
						<SP ID="P10_SP00186" HPOS="2112" VPOS="1850" WIDTH="30"/>
						<String ID="P10_ST00205" HPOS="2142" VPOS="1798" WIDTH="60" HEIGHT="32" CONTENT="est" WC="1.00" CC="000"/>
						<SP ID="P10_SP00187" HPOS="2202" VPOS="1850" WIDTH="31"/>
						<String ID="P10_ST00206" HPOS="2233" VPOS="1802" WIDTH="62" HEIGHT="26" CONTENT="un" WC="0.33" CC="66"/>
					</TextLine>
					<TextLine ID="P10_TL00020" HPOS="567" VPOS="1863" WIDTH="1725" HEIGHT="59">
						<String ID="P10_ST00207" HPOS="567" VPOS="1869" WIDTH="126" HEIGHT="52" CONTENT="digne" WC="0.99" CC="00061"/>
						<SP ID="P10_SP00188" HPOS="693" VPOS="1921" WIDTH="19"/>
						<String ID="P10_ST00208" HPOS="712" VPOS="1875" WIDTH="347" HEIGHT="47" CONTENT="porte-manteau" WC="1.00" CC="0000040500000"/>
						<SP ID="P10_SP00189" HPOS="1059" VPOS="1922" WIDTH="23"/>
						<String ID="P10_ST00209" HPOS="1082" VPOS="1868" WIDTH="57" HEIGHT="39" CONTENT="du" WC="1.00" CC="00"/>
						<SP ID="P10_SP00190" HPOS="1139" VPOS="1922" WIDTH="17"/>
						<String ID="P10_ST00210" HPOS="1156" VPOS="1867" WIDTH="63" HEIGHT="40" CONTENT="roi" WC="0.98" CC="003"/>
						<SP ID="P10_SP00191" HPOS="1219" VPOS="1922" WIDTH="14"/>
						<String ID="P10_ST00211" HPOS="1233" VPOS="1881" WIDTH="10" HEIGHT="34" CONTENT=";" WC="0.03" CC="9"/>
						<SP ID="P10_SP00192" HPOS="1243" VPOS="1922" WIDTH="22"/>
						<String ID="P10_ST00212" HPOS="1265" VPOS="1866" WIDTH="108" HEIGHT="39" CONTENT="mais" WC="1.00" CC="0010"/>
						<SP ID="P10_SP00193" HPOS="1373" VPOS="1922" WIDTH="15"/>
						<String ID="P10_ST00213" HPOS="1388" VPOS="1867" WIDTH="30" HEIGHT="38" CONTENT="il" WC="0.38" CC="47"/>
						<SP ID="P10_SP00194" HPOS="1418" VPOS="1922" WIDTH="16"/>
						<String ID="P10_ST00214" HPOS="1434" VPOS="1866" WIDTH="139" HEIGHT="39" CONTENT="aurait" WC="1.00" CC="000020"/>
						<SP ID="P10_SP00195" HPOS="1573" VPOS="1922" WIDTH="16"/>
						<String ID="P10_ST00215" HPOS="1589" VPOS="1866" WIDTH="148" HEIGHT="39" CONTENT="mieux" WC="1.00" CC="04000"/>
						<SP ID="P10_SP00196" HPOS="1737" VPOS="1922" WIDTH="21"/>
						<String ID="P10_ST00216" HPOS="1758" VPOS="1865" WIDTH="75" HEIGHT="40" CONTENT="fait" WC="0.98" CC="0042"/>
						<SP ID="P10_SP00197" HPOS="1833" VPOS="1922" WIDTH="16"/>
						<String ID="P10_ST00217" HPOS="1849" VPOS="1865" WIDTH="50" HEIGHT="38" CONTENT="de" WC="1.00" CC="00"/>
						<SP ID="P10_SP00198" HPOS="1899" VPOS="1922" WIDTH="20"/>
						<String ID="P10_ST00218" HPOS="1919" VPOS="1864" WIDTH="150" HEIGHT="53" CONTENT="garder" WC="1.00" CC="000000"/>
						<SP ID="P10_SP00199" HPOS="2069" VPOS="1922" WIDTH="21"/>
						<String ID="P10_ST00219" HPOS="2090" VPOS="1863" WIDTH="59" HEIGHT="39" CONTENT="les" WC="0.98" CC="030"/>
						<SP ID="P10_SP00200" HPOS="2149" VPOS="1922" WIDTH="23"/>
						<String ID="P10_ST00220" HPOS="2172" VPOS="1874" WIDTH="90" HEIGHT="26" CONTENT="man" SUBS_TYPE="HypPart1" SUBS_CONTENT="manteaux" WC="0.98" CC="007"/>
						<HYP HPOS="2262" VPOS="1874" WIDTH="30" CONTENT="-"/>
					</TextLine>
					<TextLine ID="P10_TL00021" HPOS="566" VPOS="1932" WIDTH="1727" HEIGHT="61">
						<String ID="P10_ST00221" HPOS="566" VPOS="1948" WIDTH="126" HEIGHT="34" CONTENT="teaux" SUBS_TYPE="HypPart2" SUBS_CONTENT="manteaux" WC="1.00" CC="00000"/>
						<SP ID="P10_SP00201" HPOS="692" VPOS="1982" WIDTH="21"/>
						<String ID="P10_ST00222" HPOS="713" VPOS="1953" WIDTH="82" HEIGHT="40" CONTENT="que" WC="1.00" CC="000"/>
						<SP ID="P10_SP00202" HPOS="795" VPOS="1993" WIDTH="20"/>
						<String ID="P10_ST00223" HPOS="815" VPOS="1940" WIDTH="51" HEIGHT="40" CONTENT="de" WC="1.00" CC="00"/>
						<SP ID="P10_SP00203" HPOS="866" VPOS="1993" WIDTH="20"/>
						<String ID="P10_ST00224" HPOS="886" VPOS="1939" WIDTH="209" HEIGHT="53" CONTENT="défigurer" WC="0.99" CC="050004015"/>
						<SP ID="P10_SP00204" HPOS="1095" VPOS="1993" WIDTH="19"/>
						<String ID="P10_ST00225" HPOS="1114" VPOS="1939" WIDTH="206" HEIGHT="39" CONTENT="Pandore" WC="1.00" CC="0000000" STYLEREFS="TXT_2"/>
						<String ID="P10_ST00226" HPOS="1327" VPOS="1969" WIDTH="7" HEIGHT="8" CONTENT="." WC="0.62" CC="3"/>
						<SP ID="P10_SP00205" HPOS="1334" VPOS="1993" WIDTH="28"/>
						<String ID="P10_ST00227" HPOS="1362" VPOS="1936" WIDTH="75" HEIGHT="40" CONTENT="Un" WC="0.67" CC="06"/>
						<SP ID="P10_SP00206" HPOS="1437" VPOS="1993" WIDTH="27"/>
						<String ID="P10_ST00228" HPOS="1464" VPOS="1939" WIDTH="72" HEIGHT="37" CONTENT="des" WC="1.00" CC="000"/>
						<SP ID="P10_SP00207" HPOS="1536" VPOS="1993" WIDTH="21"/>
						<String ID="P10_ST00229" HPOS="1557" VPOS="1936" WIDTH="156" HEIGHT="52" CONTENT="grands" WC="1.00" CC="030000"/>
						<SP ID="P10_SP00208" HPOS="1713" VPOS="1993" WIDTH="26"/>
						<String ID="P10_ST00230" HPOS="1739" VPOS="1950" WIDTH="132" HEIGHT="26" CONTENT="maux" WC="0.98" CC="0070"/>
						<SP ID="P10_SP00209" HPOS="1871" VPOS="1993" WIDTH="29"/>
						<String ID="P10_ST00231" HPOS="1900" VPOS="1936" WIDTH="75" HEIGHT="52" CONTENT="qui" WC="0.98" CC="021"/>
						<SP ID="P10_SP00210" HPOS="1975" VPOS="1993" WIDTH="30"/>
						<String ID="P10_ST00232" HPOS="2005" VPOS="1933" WIDTH="139" HEIGHT="41" CONTENT="soient" WC="0.98" CC="024054"/>
						<SP ID="P10_SP00211" HPOS="2144" VPOS="1993" WIDTH="22"/>
						<String ID="P10_ST00233" HPOS="2166" VPOS="1932" WIDTH="127" HEIGHT="41" CONTENT="sortis" WC="0.98" CC="040960"/>
					</TextLine>
					<TextLine ID="P10_TL00022" HPOS="566" VPOS="2005" WIDTH="1729" HEIGHT="58">
						<String ID="P10_ST00234" HPOS="566" VPOS="2013" WIDTH="50" HEIGHT="40" CONTENT="de" WC="1.00" CC="00"/>
						<SP ID="P10_SP00212" HPOS="616" VPOS="2053" WIDTH="30"/>
						<String ID="P10_ST00235" HPOS="646" VPOS="2026" WIDTH="45" HEIGHT="27" CONTENT="sa" WC="1.00" CC="00"/>
						<SP ID="P10_SP00213" HPOS="691" VPOS="2053" WIDTH="28"/>
						<String ID="P10_ST00236" HPOS="719" VPOS="2013" WIDTH="114" HEIGHT="40" CONTENT="boîte" WC="0.99" CC="03300"/>
						<SP ID="P10_SP00214" HPOS="833" VPOS="2053" WIDTH="20"/>
						<String ID="P10_ST00237" HPOS="853" VPOS="2019" WIDTH="62" HEIGHT="32" CONTENT="est" WC="0.98" CC="004"/>
						<SP ID="P10_SP00215" HPOS="915" VPOS="2053" WIDTH="20"/>
						<String ID="P10_ST00238" HPOS="935" VPOS="2011" WIDTH="307" HEIGHT="42" CONTENT="certainement" WC="1.00" CC="020403000050"/>
						<SP ID="P10_SP00216" HPOS="1242" VPOS="2053" WIDTH="17"/>
						<String ID="P10_ST00239" HPOS="1259" VPOS="2017" WIDTH="66" HEIGHT="33" CONTENT="cet" WC="0.98" CC="004"/>
						<SP ID="P10_SP00217" HPOS="1325" VPOS="2053" WIDTH="19"/>
						<String ID="P10_ST00240" HPOS="1344" VPOS="2010" WIDTH="146" HEIGHT="53" CONTENT="opéra." WC="0.98" CC="302514"/>
						<SP ID="P10_SP00218" HPOS="1490" VPOS="2063" WIDTH="29"/>
						<String ID="P10_ST00241" HPOS="1519" VPOS="2008" WIDTH="73" HEIGHT="41" CONTENT="On" WC="0.56" CC="08"/>
						<SP ID="P10_SP00219" HPOS="1592" VPOS="2063" WIDTH="25"/>
						<String ID="P10_ST00242" HPOS="1617" VPOS="2007" WIDTH="90" HEIGHT="41" CONTENT="doit" WC="1.00" CC="0010"/>
						<SP ID="P10_SP00220" HPOS="1707" VPOS="2063" WIDTH="19"/>
						<String ID="P10_ST00243" HPOS="1726" VPOS="2016" WIDTH="172" HEIGHT="32" CONTENT="trouver" WC="0.99" CC="0630005"/>
						<SP ID="P10_SP00221" HPOS="1898" VPOS="2063" WIDTH="20"/>
						<String ID="P10_ST00244" HPOS="1918" VPOS="2021" WIDTH="55" HEIGHT="26" CONTENT="au" WC="0.75" CC="04"/>
						<SP ID="P10_SP00222" HPOS="1973" VPOS="2063" WIDTH="19"/>
						<String ID="P10_ST00245" HPOS="1992" VPOS="2006" WIDTH="101" HEIGHT="40" CONTENT="fond" WC="1.00" CC="0000"/>
						<SP ID="P10_SP00223" HPOS="2093" VPOS="2063" WIDTH="22"/>
						<String ID="P10_ST00246" HPOS="2115" VPOS="2005" WIDTH="51" HEIGHT="39" CONTENT="de" WC="1.00" CC="00"/>
						<SP ID="P10_SP00224" HPOS="2166" VPOS="2063" WIDTH="21"/>
						<String ID="P10_ST00247" HPOS="2187" VPOS="2011" WIDTH="108" HEIGHT="33" CONTENT="cette" WC="0.99" CC="00400"/>
					</TextLine>
					<TextLine ID="P10_TL00023" HPOS="566" VPOS="2079" WIDTH="1727" HEIGHT="59">
						<String ID="P10_ST00248" HPOS="566" VPOS="2088" WIDTH="116" HEIGHT="39" CONTENT="boîte" WC="1.00" CC="00010"/>
						<SP ID="P10_SP00225" HPOS="682" VPOS="2127" WIDTH="26"/>
						<String ID="P10_ST00249" HPOS="708" VPOS="2086" WIDTH="124" HEIGHT="40" CONTENT="fatale" WC="1.00" CC="000060"/>
						<SP ID="P10_SP00226" HPOS="832" VPOS="2127" WIDTH="27"/>
						<String ID="P10_ST00250" HPOS="859" VPOS="2084" WIDTH="98" HEIGHT="54" CONTENT="plus" WC="1.00" CC="0200"/>
						<SP ID="P10_SP00227" HPOS="957" VPOS="2138" WIDTH="30"/>
						<String ID="P10_ST00251" HPOS="987" VPOS="2084" WIDTH="51" HEIGHT="39" CONTENT="de" WC="1.00" CC="00"/>
						<SP ID="P10_SP00228" HPOS="1038" VPOS="2138" WIDTH="31"/>
						<String ID="P10_ST00252" HPOS="1069" VPOS="2083" WIDTH="146" HEIGHT="40" CONTENT="sifflets" WC="0.99" CC="02066000"/>
						<SP ID="P10_SP00229" HPOS="1215" VPOS="2138" WIDTH="25"/>
						<String ID="P10_ST00253" HPOS="1240" VPOS="2096" WIDTH="84" HEIGHT="40" CONTENT="que" WC="1.00" CC="000"/>
						<SP ID="P10_SP00230" HPOS="1324" VPOS="2138" WIDTH="26"/>
						<String ID="P10_ST00254" HPOS="1350" VPOS="2082" WIDTH="279" HEIGHT="53" CONTENT="d'espérance." WC="0.99" CC="040005055104"/>
						<SP ID="P10_SP00231" HPOS="1629" VPOS="2138" WIDTH="22"/>
						<String ID="P10_ST00255" HPOS="1651" VPOS="2081" WIDTH="49" HEIGHT="40" CONTENT="Je" WC="1.00" CC="00"/>
						<SP ID="P10_SP00232" HPOS="1700" VPOS="2138" WIDTH="26"/>
						<String ID="P10_ST00256" HPOS="1726" VPOS="2081" WIDTH="77" HEIGHT="41" CONTENT="fais" WC="0.99" CC="0040"/>
						<SP ID="P10_SP00233" HPOS="1803" VPOS="2138" WIDTH="24"/>
						<String ID="P10_ST00257" HPOS="1827" VPOS="2093" WIDTH="45" HEIGHT="28" CONTENT="ce" WC="1.00" CC="00"/>
						<SP ID="P10_SP00234" HPOS="1872" VPOS="2138" WIDTH="21"/>
						<String ID="P10_ST00258" HPOS="1893" VPOS="2093" WIDTH="86" HEIGHT="41" CONTENT="que" WC="1.00" CC="000"/>
						<SP ID="P10_SP00235" HPOS="1979" VPOS="2138" WIDTH="17"/>
						<String ID="P10_ST00259" HPOS="1996" VPOS="2079" WIDTH="36" HEIGHT="54" CONTENT="je" WC="0.65" CC="70"/>
						<SP ID="P10_SP00236" HPOS="2032" VPOS="2138" WIDTH="21"/>
						<String ID="P10_ST00260" HPOS="2053" VPOS="2092" WIDTH="112" HEIGHT="41" CONTENT="peux" WC="0.98" CC="0036"/>
						<SP ID="P10_SP00237" HPOS="2165" VPOS="2138" WIDTH="20"/>
						<String ID="P10_ST00261" HPOS="2185" VPOS="2091" WIDTH="108" HEIGHT="41" CONTENT="pour" WC="0.98" CC="0055"/>
					</TextLine>
					<TextLine ID="P10_TL00024" HPOS="568" VPOS="2149" WIDTH="1722" HEIGHT="59">
						<String ID="P10_ST00262" HPOS="568" VPOS="2157" WIDTH="180" HEIGHT="48" CONTENT="n'avoir," WC="0.99" CC="03600251"/>
						<SP ID="P10_SP00238" HPOS="748" VPOS="2205" WIDTH="24"/>
						<String ID="P10_ST00263" HPOS="772" VPOS="2169" WIDTH="56" HEIGHT="27" CONTENT="au" WC="0.60" CC="07"/>
						<SP ID="P10_SP00239" HPOS="828" VPOS="2205" WIDTH="21"/>
						<String ID="P10_ST00264" HPOS="849" VPOS="2155" WIDTH="157" HEIGHT="51" CONTENT="moins," WC="0.99" CC="002004"/>
						<SP ID="P10_SP00240" HPOS="1006" VPOS="2206" WIDTH="20"/>
						<String ID="P10_ST00265" HPOS="1026" VPOS="2167" WIDTH="84" HEIGHT="41" CONTENT="que" WC="1.00" CC="000"/>
						<SP ID="P10_SP00241" HPOS="1110" VPOS="2208" WIDTH="19"/>
						<String ID="P10_ST00266" HPOS="1129" VPOS="2154" WIDTH="39" HEIGHT="40" CONTENT="le" WC="0.98" CC="00"/>
						<SP ID="P10_SP00242" HPOS="1168" VPOS="2208" WIDTH="19"/>
						<String ID="P10_ST00267" HPOS="1187" VPOS="2154" WIDTH="99" HEIGHT="40" CONTENT="tiers" WC="1.00" CC="02000"/>
						<SP ID="P10_SP00243" HPOS="1286" VPOS="2208" WIDTH="19"/>
						<String ID="P10_ST00268" HPOS="1305" VPOS="2154" WIDTH="70" HEIGHT="38" CONTENT="des" WC="1.00" CC="000"/>
						<SP ID="P10_SP00244" HPOS="1375" VPOS="2208" WIDTH="21"/>
						<String ID="P10_ST00269" HPOS="1396" VPOS="2152" WIDTH="147" HEIGHT="41" CONTENT="sifflets" WC="1.00" CC="00022000"/>
						<SP ID="P10_SP00245" HPOS="1543" VPOS="2208" WIDTH="17"/>
						<String ID="P10_ST00270" HPOS="1560" VPOS="2167" WIDTH="10" HEIGHT="35" CONTENT=";" WC="0.10" CC="8"/>
						<SP ID="P10_SP00246" HPOS="1570" VPOS="2208" WIDTH="29"/>
						<String ID="P10_ST00271" HPOS="1599" VPOS="2153" WIDTH="59" HEIGHT="39" CONTENT="les" WC="1.00" CC="000"/>
						<SP ID="P10_SP00247" HPOS="1658" VPOS="2208" WIDTH="19"/>
						<String ID="P10_ST00272" HPOS="1677" VPOS="2152" WIDTH="112" HEIGHT="40" CONTENT="deux" WC="1.00" CC="0000"/>
						<SP ID="P10_SP00248" HPOS="1789" VPOS="2208" WIDTH="19"/>
						<String ID="P10_ST00273" HPOS="1808" VPOS="2152" WIDTH="117" HEIGHT="52" CONTENT="tiers," WC="1.00" CC="000004"/>
						<SP ID="P10_SP00249" HPOS="1925" VPOS="2208" WIDTH="23"/>
						<String ID="P10_ST00274" HPOS="1948" VPOS="2164" WIDTH="110" HEIGHT="40" CONTENT="pour" WC="0.97" CC="0195"/>
						<SP ID="P10_SP00250" HPOS="2058" VPOS="2208" WIDTH="16"/>
						<String ID="P10_ST00275" HPOS="2074" VPOS="2150" WIDTH="38" HEIGHT="40" CONTENT="le" WC="1.00" CC="00"/>
						<SP ID="P10_SP00251" HPOS="2112" VPOS="2208" WIDTH="19"/>
						<String ID="P10_ST00276" HPOS="2131" VPOS="2149" WIDTH="159" HEIGHT="52" CONTENT="moins," WC="0.99" CC="004004"/>
					</TextLine>
					<TextLine ID="P10_TL00025" HPOS="571" VPOS="2225" WIDTH="878" HEIGHT="58">
						<String ID="P10_ST00277" HPOS="571" VPOS="2228" WIDTH="331" HEIGHT="55" CONTENT="appartiennent" WC="1.00" CC="0007502001000"/>
						<SP ID="P10_SP00252" HPOS="902" VPOS="2283" WIDTH="20"/>
						<String ID="P10_ST00278" HPOS="922" VPOS="2230" WIDTH="22" HEIGHT="37" CONTENT="à" WC="0.68" CC="3"/>
						<SP ID="P10_SP00253" HPOS="944" VPOS="2283" WIDTH="27"/>
						<String ID="P10_ST00279" HPOS="971" VPOS="2225" WIDTH="155" HEIGHT="42" CONTENT="Sireuil" WC="0.88" CC="0040003"/>
						<SP ID="P10_SP00254" HPOS="1126" VPOS="2283" WIDTH="17"/>
						<String ID="P10_ST00280" HPOS="1143" VPOS="2234" WIDTH="40" HEIGHT="31" CONTENT="et" WC="1.00" CC="00"/>
						<SP ID="P10_SP00255" HPOS="1183" VPOS="2283" WIDTH="18"/>
						<String ID="P10_ST00281" HPOS="1201" VPOS="2230" WIDTH="22" HEIGHT="35" CONTENT="à" WC="1.00" CC="0"/>
						<SP ID="P10_SP00256" HPOS="1223" VPOS="2283" WIDTH="24"/>
						<String ID="P10_ST00282" HPOS="1247" VPOS="2225" WIDTH="158" HEIGHT="54" CONTENT="Royer." WC="0.88" CC="020004"/>
						<SP ID="P10_SP00257" HPOS="1405" VPOS="2283" WIDTH="25"/>
						<String ID="P10_ST00283" HPOS="1430" VPOS="2241" WIDTH="19" HEIGHT="20" CONTENT="»" WC="0.34" CC="6"/>
					</TextLine>
					<TextLine ID="P10_TL00026" HPOS="623" VPOS="2293" WIDTH="1670" HEIGHT="59">
						<String ID="P10_ST00284" HPOS="623" VPOS="2300" WIDTH="125" HEIGHT="42" CONTENT="Voilà" WC="0.99" CC="32100"/>
						<SP ID="P10_SP00258" HPOS="748" VPOS="2342" WIDTH="27"/>
						<String ID="P10_ST00285" HPOS="775" VPOS="2300" WIDTH="50" HEIGHT="40" CONTENT="de" WC="0.86" CC="02"/>
						<SP ID="P10_SP00259" HPOS="825" VPOS="2342" WIDTH="32"/>
						<String ID="P10_ST00286" HPOS="857" VPOS="2300" WIDTH="39" HEIGHT="40" CONTENT="la" WC="0.53" CC="09"/>
						<SP ID="P10_SP00260" HPOS="896" VPOS="2342" WIDTH="30"/>
						<String ID="P10_ST00287" HPOS="926" VPOS="2298" WIDTH="149" HEIGHT="54" CONTENT="justice" WC="0.99" CC="6000220"/>
						<SP ID="P10_SP00261" HPOS="1075" VPOS="2352" WIDTH="28"/>
						<String ID="P10_ST00288" HPOS="1103" VPOS="2298" WIDTH="287" HEIGHT="50" CONTENT="distributive," WC="0.76" CC="0215410401009"/>
						<SP ID="P10_SP00262" HPOS="1390" VPOS="2352" WIDTH="24"/>
						<String ID="P10_ST00289" HPOS="1414" VPOS="2310" WIDTH="56" HEIGHT="27" CONTENT="ou" WC="1.00" CC="00"/>
						<SP ID="P10_SP00263" HPOS="1470" VPOS="2352" WIDTH="21"/>
						<String ID="P10_ST00290" HPOS="1491" VPOS="2296" WIDTH="36" HEIGHT="53" CONTENT="je" WC="0.83" CC="30"/>
						<SP ID="P10_SP00264" HPOS="1527" VPOS="2352" WIDTH="22"/>
						<String ID="P10_ST00291" HPOS="1549" VPOS="2310" WIDTH="53" HEIGHT="27" CONTENT="ne" WC="0.54" CC="35"/>
						<SP ID="P10_SP00265" HPOS="1602" VPOS="2352" WIDTH="21"/>
						<String ID="P10_ST00292" HPOS="1623" VPOS="2298" WIDTH="86" HEIGHT="51" CONTENT="m'y" WC="0.95" CC="039"/>
						<SP ID="P10_SP00266" HPOS="1709" VPOS="2352" WIDTH="21"/>
						<String ID="P10_ST00293" HPOS="1730" VPOS="2296" WIDTH="175" HEIGHT="40" CONTENT="connais" WC="0.99" CC="0500050"/>
						<SP ID="P10_SP00267" HPOS="1905" VPOS="2352" WIDTH="22"/>
						<String ID="P10_ST00294" HPOS="1927" VPOS="2308" WIDTH="73" HEIGHT="41" CONTENT="pas" WC="1.00" CC="000"/>
						<SP ID="P10_SP00268" HPOS="2000" VPOS="2352" WIDTH="22"/>
						<String ID="P10_ST00295" HPOS="2022" VPOS="2310" WIDTH="9" HEIGHT="35" CONTENT=";" WC="0.03" CC="9"/>
						<SP ID="P10_SP00269" HPOS="2031" VPOS="2352" WIDTH="30"/>
						<String ID="P10_ST00296" HPOS="2061" VPOS="2308" WIDTH="53" HEIGHT="27" CONTENT="en" WC="0.50" CC="09"/>
						<SP ID="P10_SP00270" HPOS="2114" VPOS="2352" WIDTH="31"/>
						<String ID="P10_ST00297" HPOS="2145" VPOS="2293" WIDTH="148" HEIGHT="52" CONTENT="vérité," WC="0.99" CC="0322054"/>
					</TextLine>
					<TextLine ID="P10_TL00027" HPOS="568" VPOS="2369" WIDTH="738" HEIGHT="56">
						<String ID="P10_ST00298" HPOS="568" VPOS="2373" WIDTH="99" HEIGHT="40" CONTENT="c'est" WC="0.99" CC="24002"/>
						<SP ID="P10_SP00271" HPOS="667" VPOS="2413" WIDTH="21"/>
						<String ID="P10_ST00299" HPOS="688" VPOS="2383" WIDTH="57" HEIGHT="29" CONTENT="on" WC="0.59" CC="07"/>
						<SP ID="P10_SP00272" HPOS="745" VPOS="2413" WIDTH="19"/>
						<String ID="P10_ST00300" HPOS="764" VPOS="2383" WIDTH="54" HEIGHT="28" CONTENT="ne" WC="1.00" CC="00"/>
						<SP ID="P10_SP00273" HPOS="818" VPOS="2413" WIDTH="21"/>
						<String ID="P10_ST00301" HPOS="839" VPOS="2378" WIDTH="104" HEIGHT="47" CONTENT="peut" WC="1.00" CC="0000"/>
						<SP ID="P10_SP00274" HPOS="943" VPOS="2425" WIDTH="16"/>
						<String ID="P10_ST00302" HPOS="959" VPOS="2371" WIDTH="98" HEIGHT="54" CONTENT="plus" WC="1.00" CC="0100"/>
						<SP ID="P10_SP00275" HPOS="1057" VPOS="2425" WIDTH="19"/>
						<String ID="P10_ST00303" HPOS="1076" VPOS="2369" WIDTH="230" HEIGHT="54" CONTENT="équitable." WC="1.00" CC="5005000001"/>
					</TextLine>
					<TextLine ID="P10_TL00028" HPOS="619" VPOS="2437" WIDTH="1670" HEIGHT="58">
						<String ID="P10_ST00304" HPOS="619" VPOS="2443" WIDTH="180" HEIGHT="43" CONTENT="Comme" WC="1.00" CC="02000"/>
						<SP ID="P10_SP00276" HPOS="799" VPOS="2486" WIDTH="31"/>
						<String ID="P10_ST00305" HPOS="830" VPOS="2442" WIDTH="59" HEIGHT="41" CONTENT="les" WC="1.00" CC="000"/>
						<SP ID="P10_SP00277" HPOS="889" VPOS="2486" WIDTH="25"/>
						<String ID="P10_ST00306" HPOS="914" VPOS="2442" WIDTH="165" HEIGHT="41" CONTENT="enfants" WC="0.99" CC="0600040"/>
						<SP ID="P10_SP00278" HPOS="1079" VPOS="2486" WIDTH="29"/>
						<String ID="P10_ST00307" HPOS="1108" VPOS="2442" WIDTH="114" HEIGHT="53" CONTENT="gâtés" WC="0.99" CC="00150"/>
						<SP ID="P10_SP00279" HPOS="1222" VPOS="2495" WIDTH="28"/>
						<String ID="P10_ST00308" HPOS="1250" VPOS="2441" WIDTH="91" HEIGHT="53" CONTENT="qui," WC="0.98" CC="0034"/>
						<SP ID="P10_SP00280" HPOS="1341" VPOS="2495" WIDTH="22"/>
						<String ID="P10_ST00309" HPOS="1363" VPOS="2443" WIDTH="23" HEIGHT="37" CONTENT="à" WC="0.54" CC="4"/>
						<SP ID="P10_SP00281" HPOS="1386" VPOS="2495" WIDTH="23"/>
						<String ID="P10_ST00310" HPOS="1409" VPOS="2439" WIDTH="112" HEIGHT="40" CONTENT="force" WC="0.98" CC="03900"/>
						<SP ID="P10_SP00282" HPOS="1521" VPOS="2495" WIDTH="21"/>
						<String ID="P10_ST00311" HPOS="1542" VPOS="2439" WIDTH="51" HEIGHT="40" CONTENT="de" WC="1.00" CC="00"/>
						<SP ID="P10_SP00283" HPOS="1593" VPOS="2495" WIDTH="21"/>
						<String ID="P10_ST00312" HPOS="1614" VPOS="2439" WIDTH="184" HEIGHT="54" CONTENT="pleurer," WC="1.00" CC="00004004"/>
						<SP ID="P10_SP00284" HPOS="1798" VPOS="2495" WIDTH="17"/>
						<String ID="P10_ST00313" HPOS="1815" VPOS="2438" WIDTH="188" HEIGHT="40" CONTENT="arrivent" WC="0.98" CC="90309104"/>
						<SP ID="P10_SP00285" HPOS="2003" VPOS="2495" WIDTH="22"/>
						<String ID="P10_ST00314" HPOS="2025" VPOS="2441" WIDTH="22" HEIGHT="36" CONTENT="à" WC="0.59" CC="4"/>
						<SP ID="P10_SP00286" HPOS="2047" VPOS="2495" WIDTH="32"/>
						<String ID="P10_ST00315" HPOS="2079" VPOS="2450" WIDTH="84" HEIGHT="27" CONTENT="une" WC="1.00" CC="000"/>
						<SP ID="P10_SP00287" HPOS="2163" VPOS="2495" WIDTH="19"/>
						<String ID="P10_ST00316" HPOS="2182" VPOS="2437" WIDTH="81" HEIGHT="40" CONTENT="dou" SUBS_TYPE="HypPart1" SUBS_CONTENT="douleur" WC="0.97" CC="015"/>
						<HYP HPOS="2263" VPOS="2437" WIDTH="26" CONTENT="-"/>
					</TextLine>
					<TextLine ID="P10_TL00029" HPOS="566" VPOS="2509" WIDTH="1727" HEIGHT="62">
						<String ID="P10_ST00317" HPOS="566" VPOS="2516" WIDTH="99" HEIGHT="41" CONTENT="leur" SUBS_TYPE="HypPart2" SUBS_CONTENT="douleur" WC="0.99" CC="4000"/>
						<SP ID="P10_SP00288" HPOS="665" VPOS="2557" WIDTH="20"/>
						<String ID="P10_ST00318" HPOS="685" VPOS="2529" WIDTH="181" HEIGHT="42" CONTENT="presque" WC="0.99" CC="0050060"/>
						<SP ID="P10_SP00289" HPOS="866" VPOS="2571" WIDTH="20"/>
						<String ID="P10_ST00319" HPOS="886" VPOS="2514" WIDTH="337" HEIGHT="45" CONTENT="vraisemblable," WC="1.00" CC="00700100000304"/>
						<SP ID="P10_SP00290" HPOS="1223" VPOS="2571" WIDTH="20"/>
						<String ID="P10_ST00320" HPOS="1243" VPOS="2512" WIDTH="188" HEIGHT="42" CONTENT="Voltaire" WC="1.00" CC="01000100"/>
						<SP ID="P10_SP00291" HPOS="1431" VPOS="2571" WIDTH="22"/>
						<String ID="P10_ST00321" HPOS="1453" VPOS="2511" WIDTH="167" HEIGHT="40" CONTENT="s'exalte" WC="1.00" CC="04000000"/>
						<SP ID="P10_SP00292" HPOS="1620" VPOS="2571" WIDTH="17"/>
						<String ID="P10_ST00322" HPOS="1637" VPOS="2510" WIDTH="231" HEIGHT="41" CONTENT="lui-même" WC="0.99" CC="00340700"/>
						<SP ID="P10_SP00293" HPOS="1868" VPOS="2571" WIDTH="20"/>
						<String ID="P10_ST00323" HPOS="1888" VPOS="2517" WIDTH="39" HEIGHT="33" CONTENT="et" WC="1.00" CC="00"/>
						<SP ID="P10_SP00294" HPOS="1927" VPOS="2571" WIDTH="20"/>
						<String ID="P10_ST00324" HPOS="1947" VPOS="2510" WIDTH="99" HEIGHT="40" CONTENT="finit" WC="0.99" CC="22012"/>
						<SP ID="P10_SP00295" HPOS="2046" VPOS="2571" WIDTH="21"/>
						<String ID="P10_ST00325" HPOS="2067" VPOS="2523" WIDTH="75" HEIGHT="41" CONTENT="par" WC="0.98" CC="005"/>
						<SP ID="P10_SP00296" HPOS="2142" VPOS="2571" WIDTH="19"/>
						<String ID="P10_ST00326" HPOS="2161" VPOS="2509" WIDTH="132" HEIGHT="40" CONTENT="croire" WC="0.99" CC="460210"/>
					</TextLine>
					<TextLine ID="P10_TL00030" HPOS="566" VPOS="2581" WIDTH="1725" HEIGHT="61">
						<String ID="P10_ST00327" HPOS="566" VPOS="2588" WIDTH="107" HEIGHT="54" CONTENT="qu'il" WC="0.98" CC="05421"/>
						<SP ID="P10_SP00297" HPOS="673" VPOS="2642" WIDTH="20"/>
						<String ID="P10_ST00328" HPOS="693" VPOS="2602" WIDTH="23" HEIGHT="26" CONTENT="a" WC="1.00" CC="0"/>
						<SP ID="P10_SP00298" HPOS="716" VPOS="2642" WIDTH="16"/>
						<String ID="P10_ST00329" HPOS="732" VPOS="2589" WIDTH="63" HEIGHT="40" CONTENT="été" WC="0.98" CC="401"/>
						<SP ID="P10_SP00299" HPOS="795" VPOS="2642" WIDTH="21"/>
						<String ID="P10_ST00330" HPOS="816" VPOS="2588" WIDTH="247" HEIGHT="40" CONTENT="réellement" WC="1.00" CC="4400100060"/>
						<SP ID="P10_SP00300" HPOS="1063" VPOS="2642" WIDTH="26"/>
						<String ID="P10_ST00331" HPOS="1089" VPOS="2586" WIDTH="173" HEIGHT="40" CONTENT="victime" WC="1.00" CC="0003000"/>
						<SP ID="P10_SP00301" HPOS="1262" VPOS="2642" WIDTH="19"/>
						<String ID="P10_ST00332" HPOS="1281" VPOS="2585" WIDTH="57" HEIGHT="39" CONTENT="du" WC="0.76" CC="04"/>
						<SP ID="P10_SP00302" HPOS="1338" VPOS="2642" WIDTH="23"/>
						<String ID="P10_ST00333" HPOS="1361" VPOS="2584" WIDTH="97" HEIGHT="55" CONTENT="plus" WC="0.98" CC="0240"/>
						<SP ID="P10_SP00303" HPOS="1458" VPOS="2642" WIDTH="20"/>
						<String ID="P10_ST00334" HPOS="1478" VPOS="2583" WIDTH="233" HEIGHT="54" CONTENT="prémédité" WC="0.99" CC="044040250"/>
						<SP ID="P10_SP00304" HPOS="1711" VPOS="2642" WIDTH="20"/>
						<String ID="P10_ST00335" HPOS="1731" VPOS="2583" WIDTH="70" HEIGHT="40" CONTENT="des" WC="1.00" CC="000"/>
						<SP ID="P10_SP00305" HPOS="1801" VPOS="2642" WIDTH="31"/>
						<String ID="P10_ST00336" HPOS="1832" VPOS="2590" WIDTH="268" HEIGHT="46" CONTENT="guet-apens." WC="0.70" CC="06025700604"/>
						<SP ID="P10_SP00306" HPOS="2100" VPOS="2642" WIDTH="32"/>
						<String ID="P10_ST00337" HPOS="2132" VPOS="2596" WIDTH="22" HEIGHT="23" CONTENT="«" WC="0.85" CC="1"/>
						<SP ID="P10_SP00307" HPOS="2154" VPOS="2642" WIDTH="24"/>
						<String ID="P10_ST00338" HPOS="2178" VPOS="2581" WIDTH="113" HEIGHT="41" CONTENT="C'est" WC="0.98" CC="43004"/>
					</TextLine>
					<TextLine ID="P10_TL00031" HPOS="566" VPOS="2653" WIDTH="1724" HEIGHT="57">
						<String ID="P10_ST00339" HPOS="566" VPOS="2674" WIDTH="85" HEIGHT="27" CONTENT="une" WC="0.98" CC="040"/>
						<SP ID="P10_SP00308" HPOS="651" VPOS="2701" WIDTH="17"/>
						<String ID="P10_ST00340" HPOS="668" VPOS="2661" WIDTH="178" HEIGHT="39" CONTENT="cruauté" WC="0.99" CC="0500500"/>
						<SP ID="P10_SP00309" HPOS="846" VPOS="2701" WIDTH="30"/>
						<String ID="P10_ST00341" HPOS="876" VPOS="2659" WIDTH="99" HEIGHT="41" CONTENT="bien" WC="0.99" CC="0500"/>
						<SP ID="P10_SP00310" HPOS="975" VPOS="2701" WIDTH="22"/>
						<String ID="P10_ST00342" HPOS="997" VPOS="2658" WIDTH="200" HEIGHT="52" CONTENT="absurde," WC="1.00" CC="00050004"/>
						<SP ID="P10_SP00311" HPOS="1197" VPOS="2710" WIDTH="22"/>
						<String ID="P10_ST00343" HPOS="1219" VPOS="2660" WIDTH="97" HEIGHT="37" CONTENT="c'est" WC="0.98" CC="04035"/>
						<SP ID="P10_SP00312" HPOS="1316" VPOS="2710" WIDTH="26"/>
						<String ID="P10_ST00344" HPOS="1342" VPOS="2669" WIDTH="85" HEIGHT="27" CONTENT="une" WC="0.98" CC="040"/>
						<SP ID="P10_SP00313" HPOS="1427" VPOS="2710" WIDTH="30"/>
						<String ID="P10_ST00345" HPOS="1457" VPOS="2655" WIDTH="307" HEIGHT="54" CONTENT="impertinence" WC="1.00" CC="000003250000"/>
						<SP ID="P10_SP00314" HPOS="1764" VPOS="2710" WIDTH="28"/>
						<String ID="P10_ST00346" HPOS="1792" VPOS="2654" WIDTH="99" HEIGHT="40" CONTENT="bien" WC="0.98" CC="0207"/>
						<SP ID="P10_SP00315" HPOS="1891" VPOS="2710" WIDTH="22"/>
						<String ID="P10_ST00347" HPOS="1913" VPOS="2654" WIDTH="148" HEIGHT="39" CONTENT="inouïe" WC="0.99" CC="270000"/>
						<SP ID="P10_SP00316" HPOS="2061" VPOS="2710" WIDTH="21"/>
						<String ID="P10_ST00348" HPOS="2082" VPOS="2667" WIDTH="84" HEIGHT="40" CONTENT="que" WC="1.00" CC="000"/>
						<SP ID="P10_SP00317" HPOS="2166" VPOS="2710" WIDTH="21"/>
						<String ID="P10_ST00349" HPOS="2187" VPOS="2653" WIDTH="103" HEIGHT="40" CONTENT="celle" WC="0.99" CC="20003"/>
					</TextLine>
					<TextLine ID="P10_TL00032" HPOS="564" VPOS="2724" WIDTH="1721" HEIGHT="61">
						<String ID="P10_ST00350" HPOS="564" VPOS="2733" WIDTH="51" HEIGHT="39" CONTENT="de" WC="1.00" CC="00"/>
						<SP ID="P10_SP00318" HPOS="615" VPOS="2772" WIDTH="34"/>
						<String ID="P10_ST00351" HPOS="649" VPOS="2745" WIDTH="45" HEIGHT="27" CONTENT="ce" WC="1.00" CC="00"/>
						<SP ID="P10_SP00319" HPOS="694" VPOS="2772" WIDTH="32"/>
						<String ID="P10_ST00352" HPOS="726" VPOS="2731" WIDTH="191" HEIGHT="54" CONTENT="polisson" WC="0.99" CC="00230048"/>
						<SP ID="P10_SP00320" HPOS="917" VPOS="2785" WIDTH="25"/>
						<String ID="P10_ST00353" HPOS="942" VPOS="2731" WIDTH="49" HEIGHT="40" CONTENT="de" WC="1.00" CC="00"/>
						<SP ID="P10_SP00321" HPOS="991" VPOS="2785" WIDTH="30"/>
						<String ID="P10_ST00354" HPOS="1021" VPOS="2731" WIDTH="155" HEIGHT="52" CONTENT="Royer." WC="0.89" CC="020004"/>
						<SP ID="P10_SP00322" HPOS="1176" VPOS="2785" WIDTH="36"/>
						<String ID="P10_ST00355" HPOS="1212" VPOS="2729" WIDTH="140" HEIGHT="41" CONTENT="Faites" WC="1.00" CC="000000"/>
						<SP ID="P10_SP00323" HPOS="1352" VPOS="2785" WIDTH="24"/>
						<String ID="P10_ST00356" HPOS="1376" VPOS="2741" WIDTH="52" HEIGHT="27" CONTENT="en" WC="1.00" CC="00"/>
						<SP ID="P10_SP00324" HPOS="1428" VPOS="2785" WIDTH="29"/>
						<String ID="P10_ST00357" HPOS="1457" VPOS="2733" WIDTH="123" HEIGHT="45" CONTENT="sorte," WC="0.99" CC="061004"/>
						<SP ID="P10_SP00325" HPOS="1580" VPOS="2785" WIDTH="23"/>
						<String ID="P10_ST00358" HPOS="1603" VPOS="2727" WIDTH="59" HEIGHT="40" CONTENT="du" WC="0.75" CC="04"/>
						<SP ID="P10_SP00326" HPOS="1662" VPOS="2785" WIDTH="28"/>
						<String ID="P10_ST00359" HPOS="1690" VPOS="2726" WIDTH="154" HEIGHT="51" CONTENT="moins," WC="0.98" CC="004804"/>
						<SP ID="P10_SP00327" HPOS="1844" VPOS="2785" WIDTH="24"/>
						<String ID="P10_ST00360" HPOS="1868" VPOS="2725" WIDTH="133" HEIGHT="54" CONTENT="qu'on" WC="0.99" CC="00460"/>
						<SP ID="P10_SP00328" HPOS="2001" VPOS="2785" WIDTH="28"/>
						<String ID="P10_ST00361" HPOS="2029" VPOS="2725" WIDTH="85" HEIGHT="40" CONTENT="crie" WC="0.98" CC="3410"/>
						<SP ID="P10_SP00329" HPOS="2114" VPOS="2785" WIDTH="25"/>
						<String ID="P10_ST00362" HPOS="2139" VPOS="2728" WIDTH="22" HEIGHT="36" CONTENT="à" WC="1.00" CC="0"/>
						<SP ID="P10_SP00330" HPOS="2161" VPOS="2785" WIDTH="23"/>
						<String ID="P10_ST00363" HPOS="2184" VPOS="2724" WIDTH="76" HEIGHT="40" CONTENT="Tin" SUBS_TYPE="HypPart1" SUBS_CONTENT="Tinjustice" WC="0.96" CC="816"/>
						<HYP HPOS="2260" VPOS="2724" WIDTH="25" CONTENT="-"/>
					</TextLine>
					<TextLine ID="P10_TL00033" HPOS="563" VPOS="2796" WIDTH="1727" HEIGHT="61">
						<String ID="P10_ST00364" HPOS="563" VPOS="2803" WIDTH="150" HEIGHT="53" CONTENT="justice" SUBS_TYPE="HypPart2" SUBS_CONTENT="Tinjustice" WC="0.99" CC="3000230"/>
						<SP ID="P10_SP00331" HPOS="713" VPOS="2856" WIDTH="17"/>
						<String ID="P10_ST00365" HPOS="730" VPOS="2810" WIDTH="41" HEIGHT="34" CONTENT="et" WC="1.00" CC="00"/>
						<SP ID="P10_SP00332" HPOS="771" VPOS="2856" WIDTH="21"/>
						<String ID="P10_ST00366" HPOS="792" VPOS="2816" WIDTH="83" HEIGHT="41" CONTENT="que" WC="1.00" CC="000"/>
						<SP ID="P10_SP00333" HPOS="875" VPOS="2857" WIDTH="17"/>
						<String ID="P10_ST00367" HPOS="892" VPOS="2803" WIDTH="37" HEIGHT="40" CONTENT="le" WC="0.88" CC="20"/>
						<SP ID="P10_SP00334" HPOS="929" VPOS="2857" WIDTH="23"/>
						<String ID="P10_ST00368" HPOS="952" VPOS="2802" WIDTH="146" HEIGHT="54" CONTENT="public" WC="0.99" CC="060000"/>
						<SP ID="P10_SP00335" HPOS="1098" VPOS="2857" WIDTH="21"/>
						<String ID="P10_ST00369" HPOS="1119" VPOS="2801" WIDTH="171" HEIGHT="54" CONTENT="plaigne" WC="0.99" CC="0005450"/>
						<SP ID="P10_SP00336" HPOS="1290" VPOS="2857" WIDTH="17"/>
						<String ID="P10_ST00370" HPOS="1307" VPOS="2813" WIDTH="61" HEIGHT="27" CONTENT="un" WC="0.69" CC="32"/>
						<SP ID="P10_SP00337" HPOS="1368" VPOS="2857" WIDTH="21"/>
						<String ID="P10_ST00371" HPOS="1389" VPOS="2800" WIDTH="174" HEIGHT="39" CONTENT="homme" WC="1.00" CC="00000"/>
						<SP ID="P10_SP00338" HPOS="1563" VPOS="2857" WIDTH="18"/>
						<String ID="P10_ST00372" HPOS="1581" VPOS="2799" WIDTH="103" HEIGHT="40" CONTENT="dont" WC="0.99" CC="0050"/>
						<SP ID="P10_SP00339" HPOS="1684" VPOS="2857" WIDTH="18"/>
						<String ID="P10_ST00373" HPOS="1702" VPOS="2811" WIDTH="56" HEIGHT="27" CONTENT="on" WC="0.73" CC="04"/>
						<SP ID="P10_SP00340" HPOS="1758" VPOS="2857" WIDTH="15"/>
						<String ID="P10_ST00374" HPOS="1773" VPOS="2797" WIDTH="219" HEIGHT="54" CONTENT="confisque" WC="1.00" CC="000110050"/>
						<SP ID="P10_SP00341" HPOS="1992" VPOS="2857" WIDTH="18"/>
						<String ID="P10_ST00375" HPOS="2010" VPOS="2796" WIDTH="109" HEIGHT="41" CONTENT="ainsi" WC="0.99" CC="05300"/>
						<SP ID="P10_SP00342" HPOS="2119" VPOS="2857" WIDTH="17"/>
						<String ID="P10_ST00376" HPOS="2136" VPOS="2797" WIDTH="38" HEIGHT="40" CONTENT="le" WC="0.83" CC="30"/>
						<SP ID="P10_SP00343" HPOS="2174" VPOS="2857" WIDTH="17"/>
						<String ID="P10_ST00377" HPOS="2191" VPOS="2796" WIDTH="99" HEIGHT="41" CONTENT="bien" WC="0.98" CC="0106"/>
					</TextLine>
					<TextLine ID="P10_TL00034" HPOS="563" VPOS="2870" WIDTH="1729" HEIGHT="52">
						<String ID="P10_ST00378" HPOS="563" VPOS="2884" WIDTH="42" HEIGHT="32" CONTENT="et" WC="0.55" CC="44"/>
						<SP ID="P10_SP00344" HPOS="605" VPOS="2916" WIDTH="27"/>
						<String ID="P10_ST00379" HPOS="632" VPOS="2877" WIDTH="104" HEIGHT="40" CONTENT="dont" WC="0.99" CC="0300"/>
						<SP ID="P10_SP00345" HPOS="736" VPOS="2917" WIDTH="21"/>
						<String ID="P10_ST00380" HPOS="757" VPOS="2890" WIDTH="58" HEIGHT="26" CONTENT="on" WC="0.79" CC="40"/>
						<SP ID="P10_SP00346" HPOS="815" VPOS="2917" WIDTH="22"/>
						<String ID="P10_ST00381" HPOS="837" VPOS="2875" WIDTH="111" HEIGHT="41" CONTENT="vend" WC="1.00" CC="0000"/>
						<SP ID="P10_SP00347" HPOS="948" VPOS="2917" WIDTH="26"/>
						<String ID="P10_ST00382" HPOS="974" VPOS="2875" WIDTH="58" HEIGHT="41" CONTENT="les" WC="0.99" CC="030"/>
						<SP ID="P10_SP00348" HPOS="1032" VPOS="2917" WIDTH="30"/>
						<String ID="P10_ST00383" HPOS="1062" VPOS="2874" WIDTH="117" HEIGHT="41" CONTENT="effets" WC="0.98" CC="467001"/>
						<SP ID="P10_SP00349" HPOS="1179" VPOS="2917" WIDTH="31"/>
						<String ID="P10_ST00384" HPOS="1210" VPOS="2872" WIDTH="240" HEIGHT="43" CONTENT="détériorés." WC="0.99" CC="00061233104"/>
						<SP ID="P10_SP00350" HPOS="1450" VPOS="2917" WIDTH="26"/>
						<String ID="P10_ST00385" HPOS="1476" VPOS="2873" WIDTH="47" HEIGHT="39" CONTENT="Je" WC="1.00" CC="00"/>
						<SP ID="P10_SP00351" HPOS="1523" VPOS="2917" WIDTH="23"/>
						<String ID="P10_ST00386" HPOS="1546" VPOS="2871" WIDTH="90" HEIGHT="41" CONTENT="suis" WC="1.00" CC="0000"/>
						<SP ID="P10_SP00352" HPOS="1636" VPOS="2917" WIDTH="23"/>
						<String ID="P10_ST00387" HPOS="1659" VPOS="2870" WIDTH="165" HEIGHT="41" CONTENT="destiné" WC="1.00" CC="0000400"/>
						<SP ID="P10_SP00353" HPOS="1824" VPOS="2917" WIDTH="21"/>
						<String ID="P10_ST00388" HPOS="1845" VPOS="2875" WIDTH="22" HEIGHT="35" CONTENT="à" WC="1.00" CC="0"/>
						<SP ID="P10_SP00354" HPOS="1867" VPOS="2917" WIDTH="23"/>
						<String ID="P10_ST00389" HPOS="1890" VPOS="2877" WIDTH="139" HEIGHT="33" CONTENT="toutes" WC="0.99" CC="030500"/>
						<SP ID="P10_SP00355" HPOS="2029" VPOS="2917" WIDTH="21"/>
						<String ID="P10_ST00390" HPOS="2050" VPOS="2870" WIDTH="58" HEIGHT="39" CONTENT="les" WC="0.99" CC="010"/>
						<SP ID="P10_SP00356" HPOS="2108" VPOS="2917" WIDTH="21"/>
						<String ID="P10_ST00391" HPOS="2129" VPOS="2872" WIDTH="163" HEIGHT="50" CONTENT="espèces" WC="0.99" CC="4000044"/>
					</TextLine>
					<TextLine ID="P10_TL00035" HPOS="562" VPOS="2947" WIDTH="402" HEIGHT="53">
						<String ID="P10_ST00392" HPOS="562" VPOS="2947" WIDTH="52" HEIGHT="40" CONTENT="de" WC="0.93" CC="01"/>
						<SP ID="P10_SP00357" HPOS="614" VPOS="2987" WIDTH="21"/>
						<String ID="P10_ST00393" HPOS="635" VPOS="2947" WIDTH="287" HEIGHT="53" CONTENT="persécution." WC="0.99" CC="505030416684"/>
						<SP ID="P10_SP00358" HPOS="922" VPOS="3000" WIDTH="23"/>
						<String ID="P10_ST00394" HPOS="945" VPOS="2963" WIDTH="19" HEIGHT="20" CONTENT="»" WC="0.57" CC="4"/>
					</TextLine>
					<TextLine ID="P10_TL00036" HPOS="619" VPOS="3018" WIDTH="462" HEIGHT="54">
						<String ID="P10_ST00395" HPOS="619" VPOS="3018" WIDTH="60" HEIGHT="40" CONTENT="Le" WC="0.70" CC="23"/>
						<SP ID="P10_SP00359" HPOS="679" VPOS="3058" WIDTH="21"/>
						<String ID="P10_ST00396" HPOS="700" VPOS="3030" WIDTH="162" HEIGHT="42" CONTENT="pauvre" WC="0.99" CC="000600"/>
						<SP ID="P10_SP00360" HPOS="862" VPOS="3072" WIDTH="19"/>
						<String ID="P10_ST00397" HPOS="881" VPOS="3019" WIDTH="174" HEIGHT="39" CONTENT="homme" WC="0.96" CC="04786"/>
						<SP ID="P10_SP00361" HPOS="1055" VPOS="3072" WIDTH="19"/>
						<String ID="P10_ST00398" HPOS="1074" VPOS="3022" WIDTH="7" HEIGHT="35" CONTENT="!" WC="0.41" CC="5"/>
					</TextLine>
					<TextLine ID="P10_TL00037" HPOS="616" VPOS="3083" WIDTH="1676" HEIGHT="59">
						<String ID="P10_ST00399" HPOS="616" VPOS="3089" WIDTH="98" HEIGHT="42" CONTENT="Ceci" WC="0.99" CC="1021"/>
						<SP ID="P10_SP00362" HPOS="714" VPOS="3131" WIDTH="22"/>
						<String ID="P10_ST00400" HPOS="736" VPOS="3097" WIDTH="63" HEIGHT="34" CONTENT="est" WC="0.96" CC="405"/>
						<SP ID="P10_SP00363" HPOS="799" VPOS="3131" WIDTH="21"/>
						<String ID="P10_ST00401" HPOS="820" VPOS="3089" WIDTH="102" HEIGHT="41" CONTENT="écrit" WC="0.98" CC="64500"/>
						<SP ID="P10_SP00364" HPOS="922" VPOS="3131" WIDTH="20"/>
						<String ID="P10_ST00402" HPOS="942" VPOS="3090" WIDTH="39" HEIGHT="40" CONTENT="le" WC="1.00" CC="00"/>
						<SP ID="P10_SP00365" HPOS="981" VPOS="3131" WIDTH="18"/>
						<String ID="P10_ST00403" HPOS="999" VPOS="3102" WIDTH="53" HEIGHT="40" CONTENT="29" WC="0.56" CC="43"/>
						<SP ID="P10_SP00366" HPOS="1052" VPOS="3142" WIDTH="16"/>
						<String ID="P10_ST00404" HPOS="1068" VPOS="3090" WIDTH="169" HEIGHT="40" CONTENT="octobre" WC="0.98" CC="5078090"/>
						<SP ID="P10_SP00367" HPOS="1237" VPOS="3142" WIDTH="16"/>
						<String ID="P10_ST00405" HPOS="1253" VPOS="3090" WIDTH="122" HEIGHT="51" CONTENT="1754," WC="0.58" CC="75007"/>
						<SP ID="P10_SP00368" HPOS="1375" VPOS="3142" WIDTH="13"/>
						<String ID="P10_ST00406" HPOS="1388" VPOS="3091" WIDTH="23" HEIGHT="36" CONTENT="à" WC="0.81" CC="1"/>
						<SP ID="P10_SP00369" HPOS="1411" VPOS="3142" WIDTH="16"/>
						<String ID="P10_ST00407" HPOS="1427" VPOS="3086" WIDTH="215" HEIGHT="53" CONTENT="Thieriot," WC="0.80" CC="502020204"/>
						<SP ID="P10_SP00370" HPOS="1642" VPOS="3142" WIDTH="13"/>
						<String ID="P10_ST00408" HPOS="1655" VPOS="3093" WIDTH="40" HEIGHT="33" CONTENT="et" WC="1.00" CC="00"/>
						<SP ID="P10_SP00371" HPOS="1695" VPOS="3142" WIDTH="13"/>
						<String ID="P10_ST00409" HPOS="1708" VPOS="3084" WIDTH="114" HEIGHT="41" CONTENT="voilà" WC="0.99" CC="04103"/>
						<SP ID="P10_SP00372" HPOS="1822" VPOS="3142" WIDTH="16"/>
						<String ID="P10_ST00410" HPOS="1838" VPOS="3083" WIDTH="148" HEIGHT="55" CONTENT="que,le" WC="1.00" CC="000400"/>
						<SP ID="P10_SP00373" HPOS="1986" VPOS="3142" WIDTH="22"/>
						<String ID="P10_ST00411" HPOS="2008" VPOS="3097" WIDTH="49" HEIGHT="40" CONTENT="19" WC="0.69" CC="14"/>
						<SP ID="P10_SP00374" HPOS="2057" VPOS="3142" WIDTH="15"/>
						<String ID="P10_ST00412" HPOS="2072" VPOS="3083" WIDTH="220" HEIGHT="40" CONTENT="décembre" WC="0.99" CC="06500054"/>
					</TextLine>
					<TextLine ID="P10_TL00038" HPOS="564" VPOS="3157" WIDTH="1726" HEIGHT="59">
						<String ID="P10_ST00413" HPOS="564" VPOS="3162" WIDTH="187" HEIGHT="54" CONTENT="suivant," WC="0.99" CC="30307054"/>
						<SP ID="P10_SP00375" HPOS="751" VPOS="3216" WIDTH="22"/>
						<String ID="P10_ST00414" HPOS="773" VPOS="3170" WIDTH="121" HEIGHT="33" CONTENT="toute" WC="1.00" CC="30000"/>
						<SP ID="P10_SP00376" HPOS="894" VPOS="3216" WIDTH="20"/>
						<String ID="P10_ST00415" HPOS="914" VPOS="3169" WIDTH="105" HEIGHT="33" CONTENT="cette" WC="0.99" CC="00063"/>
						<SP ID="P10_SP00377" HPOS="1019" VPOS="3216" WIDTH="27"/>
						<String ID="P10_ST00416" HPOS="1046" VPOS="3161" WIDTH="158" HEIGHT="53" CONTENT="grande" WC="0.99" CC="060602"/>
						<SP ID="P10_SP00378" HPOS="1204" VPOS="3216" WIDTH="32"/>
						<String ID="P10_ST00417" HPOS="1236" VPOS="3160" WIDTH="135" HEIGHT="41" CONTENT="colère" WC="0.98" CC="720606"/>
						<SP ID="P10_SP00379" HPOS="1371" VPOS="3216" WIDTH="25"/>
						<String ID="P10_ST00418" HPOS="1396" VPOS="3160" WIDTH="162" HEIGHT="53" CONTENT="tombe," WC="0.99" CC="060004"/>
						<SP ID="P10_SP00380" HPOS="1558" VPOS="3216" WIDTH="24"/>
						<String ID="P10_ST00419" HPOS="1582" VPOS="3171" WIDTH="167" HEIGHT="28" CONTENT="comme" WC="0.99" CC="01003"/>
						<SP ID="P10_SP00381" HPOS="1749" VPOS="3216" WIDTH="21"/>
						<String ID="P10_ST00420" HPOS="1770" VPOS="3157" WIDTH="50" HEIGHT="52" CONTENT="si," WC="0.96" CC="017"/>
						<SP ID="P10_SP00382" HPOS="1820" VPOS="3216" WIDTH="16"/>
						<String ID="P10_ST00421" HPOS="1836" VPOS="3170" WIDTH="73" HEIGHT="27" CONTENT="sur" WC="1.00" CC="000"/>
						<SP ID="P10_SP00383" HPOS="1909" VPOS="3216" WIDTH="33"/>
						<String ID="P10_ST00422" HPOS="1942" VPOS="3164" WIDTH="106" HEIGHT="32" CONTENT="cette" WC="0.99" CC="00400"/>
						<SP ID="P10_SP00384" HPOS="2048" VPOS="3216" WIDTH="30"/>
						<String ID="P10_ST00423" HPOS="2078" VPOS="3169" WIDTH="131" HEIGHT="41" CONTENT="soupe" WC="1.00" CC="00300"/>
						<SP ID="P10_SP00385" HPOS="2209" VPOS="3216" WIDTH="26"/>
						<String ID="P10_ST00424" HPOS="2235" VPOS="3169" WIDTH="55" HEIGHT="27" CONTENT="au" WC="1.00" CC="00"/>
					</TextLine>
					<TextLine ID="P10_TL00039" HPOS="562" VPOS="3226" WIDTH="1729" HEIGHT="61">
						<String ID="P10_ST00425" HPOS="562" VPOS="3234" WIDTH="78" HEIGHT="41" CONTENT="lait" WC="0.99" CC="0200"/>
						<SP ID="P10_SP00386" HPOS="640" VPOS="3275" WIDTH="20"/>
						<String ID="P10_ST00426" HPOS="660" VPOS="3248" WIDTH="52" HEIGHT="27" CONTENT="en" WC="0.47" CC="19"/>
						<SP ID="P10_SP00387" HPOS="712" VPOS="3275" WIDTH="20"/>
						<String ID="P10_ST00427" HPOS="732" VPOS="3235" WIDTH="124" HEIGHT="51" CONTENT="furie," WC="0.98" CC="005344"/>
						<SP ID="P10_SP00388" HPOS="856" VPOS="3286" WIDTH="25"/>
						<String ID="P10_ST00428" HPOS="881" VPOS="3247" WIDTH="58" HEIGHT="28" CONTENT="on" WC="0.65" CC="06"/>
						<SP ID="P10_SP00389" HPOS="939" VPOS="3286" WIDTH="22"/>
						<String ID="P10_ST00429" HPOS="961" VPOS="3232" WIDTH="115" HEIGHT="42" CONTENT="avait" WC="0.98" CC="40033"/>
						<SP ID="P10_SP00390" HPOS="1076" VPOS="3286" WIDTH="18"/>
						<String ID="P10_ST00430" HPOS="1094" VPOS="3232" WIDTH="81" HEIGHT="55" CONTENT="jeté" WC="0.99" CC="4000"/>
						<SP ID="P10_SP00391" HPOS="1175" VPOS="3287" WIDTH="19"/>
						<String ID="P10_ST00431" HPOS="1194" VPOS="3232" WIDTH="50" HEIGHT="41" CONTENT="de" WC="1.00" CC="00"/>
						<SP ID="P10_SP00392" HPOS="1244" VPOS="3287" WIDTH="23"/>
						<String ID="P10_ST00432" HPOS="1267" VPOS="3232" WIDTH="108" HEIGHT="40" CONTENT="l'eau" WC="0.97" CC="53280"/>
						<SP ID="P10_SP00393" HPOS="1375" VPOS="3287" WIDTH="21"/>
						<String ID="P10_ST00433" HPOS="1396" VPOS="3231" WIDTH="149" HEIGHT="41" CONTENT="froide." WC="0.99" CC="4030004"/>
						<SP ID="P10_SP00394" HPOS="1545" VPOS="3287" WIDTH="22"/>
						<String ID="P10_ST00434" HPOS="1567" VPOS="3230" WIDTH="124" HEIGHT="42" CONTENT="Voici" WC="0.99" CC="01500"/>
						<SP ID="P10_SP00395" HPOS="1691" VPOS="3287" WIDTH="31"/>
						<String ID="P10_ST00435" HPOS="1722" VPOS="3243" WIDTH="72" HEIGHT="27" CONTENT="sur" WC="0.98" CC="005"/>
						<SP ID="P10_SP00396" HPOS="1794" VPOS="3287" WIDTH="28"/>
						<String ID="P10_ST00436" HPOS="1822" VPOS="3229" WIDTH="99" HEIGHT="54" CONTENT="quel" WC="0.99" CC="0030"/>
						<SP ID="P10_SP00397" HPOS="1921" VPOS="3287" WIDTH="21"/>
						<String ID="P10_ST00437" HPOS="1942" VPOS="3236" WIDTH="75" HEIGHT="33" CONTENT="ton" WC="1.00" CC="000"/>
						<SP ID="P10_SP00398" HPOS="2017" VPOS="3287" WIDTH="21"/>
						<String ID="P10_ST00438" HPOS="2038" VPOS="3228" WIDTH="81" HEIGHT="40" CONTENT="fort" WC="0.99" CC="0240"/>
						<SP ID="P10_SP00399" HPOS="2119" VPOS="3287" WIDTH="18"/>
						<String ID="P10_ST00439" HPOS="2137" VPOS="3226" WIDTH="154" HEIGHT="42" CONTENT="adouci" WC="1.00" CC="001013"/>
					</TextLine>
					<TextLine ID="P10_TL00040" HPOS="562" VPOS="3305" WIDTH="627" HEIGHT="42">
						<String ID="P10_ST00440" HPOS="562" VPOS="3305" WIDTH="191" HEIGHT="42" CONTENT="Voltaire" WC="0.98" CC="70546226"/>
						<SP ID="P10_SP00400" HPOS="753" VPOS="3347" WIDTH="18"/>
						<String ID="P10_ST00441" HPOS="771" VPOS="3307" WIDTH="125" HEIGHT="40" CONTENT="récrit" WC="0.98" CC="152503"/>
						<SP ID="P10_SP00401" HPOS="896" VPOS="3347" WIDTH="18"/>
						<String ID="P10_ST00442" HPOS="914" VPOS="3311" WIDTH="23" HEIGHT="36" CONTENT="à" WC="0.58" CC="4"/>
						<SP ID="P10_SP00402" HPOS="937" VPOS="3347" WIDTH="19"/>
						<String ID="P10_ST00443" HPOS="956" VPOS="3305" WIDTH="203" HEIGHT="42" CONTENT="Thieriot" WC="0.97" CC="00000100"/>
						<SP ID="P10_SP00403" HPOS="1159" VPOS="3347" WIDTH="21"/>
						<String ID="P10_ST00444" HPOS="1180" VPOS="3319" WIDTH="9" HEIGHT="27" CONTENT=":" WC="0.24" CC="7"/>
					</TextLine>
					<TextLine ID="P10_TL00041" HPOS="615" VPOS="3410" WIDTH="1673" HEIGHT="53">
						<String ID="P10_ST00445" HPOS="615" VPOS="3430" WIDTH="17" HEIGHT="15" CONTENT="«" WC="0.70" CC="2"/>
						<SP ID="P10_SP00404" HPOS="632" VPOS="3445" WIDTH="21"/>
						<String ID="P10_ST00446" HPOS="653" VPOS="3414" WIDTH="46" HEIGHT="36" CONTENT="Je" WC="1.00" CC="00"/>
						<SP ID="P10_SP00405" HPOS="699" VPOS="3450" WIDTH="24"/>
						<String ID="P10_ST00447" HPOS="723" VPOS="3424" WIDTH="50" HEIGHT="26" CONTENT="ne" WC="0.78" CC="31"/>
						<SP ID="P10_SP00406" HPOS="773" VPOS="3450" WIDTH="20"/>
						<String ID="P10_ST00448" HPOS="793" VPOS="3415" WIDTH="126" HEIGHT="36" CONTENT="savais" WC="0.98" CC="009026"/>
						<SP ID="P10_SP00407" HPOS="919" VPOS="3451" WIDTH="21"/>
						<String ID="P10_ST00449" HPOS="940" VPOS="3427" WIDTH="69" HEIGHT="36" CONTENT="pas" WC="0.99" CC="300"/>
						<SP ID="P10_SP00408" HPOS="1009" VPOS="3463" WIDTH="16"/>
						<String ID="P10_ST00450" HPOS="1025" VPOS="3425" WIDTH="78" HEIGHT="37" CONTENT="que" WC="0.95" CC="068"/>
						<SP ID="P10_SP00409" HPOS="1103" VPOS="3463" WIDTH="18"/>
						<String ID="P10_ST00451" HPOS="1121" VPOS="3425" WIDTH="100" HEIGHT="26" CONTENT="vous" WC="0.97" CC="8050"/>
						<SP ID="P10_SP00410" HPOS="1221" VPOS="3463" WIDTH="21"/>
						<String ID="P10_ST00452" HPOS="1242" VPOS="3414" WIDTH="237" HEIGHT="36" CONTENT="connussiez" WC="0.99" CC="6045700076"/>
						<SP ID="P10_SP00411" HPOS="1479" VPOS="3463" WIDTH="21"/>
						<String ID="P10_ST00453" HPOS="1500" VPOS="3413" WIDTH="56" HEIGHT="38" CONTENT="M." WC="0.81" CC="03"/>
						<SP ID="P10_SP00412" HPOS="1556" VPOS="3463" WIDTH="21"/>
						<String ID="P10_ST00454" HPOS="1577" VPOS="3413" WIDTH="48" HEIGHT="35" CONTENT="de" WC="0.56" CC="08"/>
						<SP ID="P10_SP00413" HPOS="1625" VPOS="3463" WIDTH="22"/>
						<String ID="P10_ST00455" HPOS="1647" VPOS="3410" WIDTH="159" HEIGHT="38" CONTENT="Sireuil." WC="0.72" CC="03506401"/>
						<SP ID="P10_SP00414" HPOS="1806" VPOS="3463" WIDTH="30"/>
						<String ID="P10_ST00456" HPOS="1836" VPOS="3410" WIDTH="31" HEIGHT="36" CONTENT="Il" WC="0.58" CC="71"/>
						<SP ID="P10_SP00415" HPOS="1867" VPOS="3463" WIDTH="24"/>
						<String ID="P10_ST00457" HPOS="1891" VPOS="3421" WIDTH="63" HEIGHT="25" CONTENT="me" WC="0.86" CC="02"/>
						<SP ID="P10_SP00416" HPOS="1954" VPOS="3463" WIDTH="20"/>
						<String ID="P10_ST00458" HPOS="1974" VPOS="3410" WIDTH="138" HEIGHT="48" CONTENT="paraît," WC="0.99" CC="5060304"/>
						<SP ID="P10_SP00417" HPOS="2112" VPOS="3463" WIDTH="25"/>
						<String ID="P10_ST00459" HPOS="2137" VPOS="3422" WIDTH="69" HEIGHT="36" CONTENT="par" WC="0.95" CC="355"/>
						<SP ID="P10_SP00418" HPOS="2206" VPOS="3463" WIDTH="21"/>
						<String ID="P10_ST00460" HPOS="2227" VPOS="3421" WIDTH="61" HEIGHT="25" CONTENT="ses" WC="0.98" CC="004"/>
					</TextLine>
					<TextLine ID="P10_TL00042" HPOS="564" VPOS="3458" WIDTH="1725" HEIGHT="53">
						<String ID="P10_ST00461" HPOS="564" VPOS="3462" WIDTH="149" HEIGHT="47" CONTENT="lettres," WC="0.99" CC="62432004"/>
						<SP ID="P10_SP00419" HPOS="713" VPOS="3509" WIDTH="20"/>
						<String ID="P10_ST00462" HPOS="733" VPOS="3473" WIDTH="55" HEIGHT="25" CONTENT="un" WC="0.22" CC="87"/>
						<SP ID="P10_SP00420" HPOS="788" VPOS="3509" WIDTH="20"/>
						<String ID="P10_ST00463" HPOS="808" VPOS="3462" WIDTH="78" HEIGHT="37" CONTENT="fort" WC="0.98" CC="4040"/>
						<SP ID="P10_SP00421" HPOS="886" VPOS="3509" WIDTH="20"/>
						<String ID="P10_ST00464" HPOS="906" VPOS="3464" WIDTH="133" HEIGHT="47" CONTENT="galant" WC="0.98" CC="635370"/>
						<SP ID="P10_SP00422" HPOS="1039" VPOS="3511" WIDTH="21"/>
						<String ID="P10_ST00465" HPOS="1060" VPOS="3464" WIDTH="177" HEIGHT="36" CONTENT="homme." WC="0.99" CC="430004"/>
						<SP ID="P10_SP00423" HPOS="1237" VPOS="3511" WIDTH="21"/>
						<String ID="P10_ST00466" HPOS="1258" VPOS="3463" WIDTH="46" HEIGHT="36" CONTENT="Je" WC="1.00" CC="00"/>
						<SP ID="P10_SP00424" HPOS="1304" VPOS="3511" WIDTH="23"/>
						<String ID="P10_ST00467" HPOS="1327" VPOS="3462" WIDTH="81" HEIGHT="36" CONTENT="suis" WC="0.97" CC="0830"/>
						<SP ID="P10_SP00425" HPOS="1408" VPOS="3511" WIDTH="21"/>
						<String ID="P10_ST00468" HPOS="1429" VPOS="3460" WIDTH="192" HEIGHT="50" CONTENT="persuadé" WC="0.99" CC="30109066"/>
						<SP ID="P10_SP00426" HPOS="1621" VPOS="3511" WIDTH="22"/>
						<String ID="P10_ST00469" HPOS="1643" VPOS="3472" WIDTH="78" HEIGHT="36" CONTENT="que" WC="0.95" CC="092"/>
						<SP ID="P10_SP00427" HPOS="1721" VPOS="3511" WIDTH="26"/>
						<String ID="P10_ST00470" HPOS="1747" VPOS="3458" WIDTH="181" HEIGHT="49" CONTENT="lorsqu'il" WC="0.99" CC="005007413"/>
						<SP ID="P10_SP00428" HPOS="1928" VPOS="3511" WIDTH="22"/>
						<String ID="P10_ST00471" HPOS="1950" VPOS="3458" WIDTH="223" HEIGHT="49" CONTENT="s'arrangea" WC="0.99" CC="0404607508"/>
						<SP ID="P10_SP00429" HPOS="2173" VPOS="3511" WIDTH="19"/>
						<String ID="P10_ST00472" HPOS="2192" VPOS="3469" WIDTH="97" HEIGHT="27" CONTENT="avec" WC="0.96" CC="0908"/>
					</TextLine>
					<TextLine ID="P10_TL00043" HPOS="1201" VPOS="3594" WIDTH="14" HEIGHT="12">
						<String ID="P10_ST00473" HPOS="1201" VPOS="3594" WIDTH="14" HEIGHT="12" CONTENT="*" WC="0.71" CC="2" STYLEREFS="TXT_4"/>
					</TextLine>
				</TextBlock>
			</PrintSpace>
		</Page>
	</Layout>
</alto>
