5189 7272
4546 6877 78 63 51

484 529 501 96 Menschheit,
1041 541 154 74 und
1247 529 205 86 nicht
1505 563 140 47 nur
1698 525 133 83 der
1884 522 543 107 jugendlichen,

484 656 433 71 bestimmte
949 651 468 86 Denkarten,
1450 647 420 76 besonders
1901 649 340 86 fromme,
2275 649 119 71 ein-

484 767 328 92 gebläut.
920 764 146 76 Wo
1147 764 188 75 alles
1413 762 137 75 das
1625 762 196 75 noch
1897 762 207 73 nicht
2177 761 256 74 helfen

485 881 280 86 wollte,
822 879 452 75 unternahm
1332 905 174 47 man
1564 906 103 60 es,
1728 878 236 74 durch
2019 876 373 93 obrigkeit-

483 994 195 75 liche
834 993 591 93 Anordnungen,
1577 993 238 74 durch
1965 988 426 93 Majoritäts-

483 1110 443 76 beschlüsse
1017 1108 156 74 und
1266 1108 333 76 Gesetze
1693 1106 138 75 das
1925 1104 508 77 menschliche

485 1225 322 72 Denken
866 1252 92 45 zu
1015 1225 446 91 regulieren,
1525 1248 222 46 wenn
1804 1247 173 47 man
2036 1221 205 73 nicht
2302 1237 132 76 gar

487 1340 327 93 glaubte,
856 1367 81 49 es
975 1342 133 69 mit
1144 1336 276 88 Knute,
1461 1335 343 76 Schwert
1837 1336 154 73 und
2023 1333 245 76 Feuer
2300 1335 89 73 be-

487 1455 411 74 einflussen
946 1480 91 46 zu
1083 1453 328 73 können.

485 1589 129 73 All
658 1587 254 75 dieser
956 1585 457 75 lächerliche
1459 1584 251 93 Unfug
1752 1585 183 93 liegt
1979 1584 205 72 nicht
2233 1589 200 67 etwa

487 1706 247 71 hinter
776 1728 141 49 uns
961 1746 97 10 —
1098 1706 136 71 wir
1281 1700 312 75 erleben
1637 1700 125 73 ihn
1804 1699 220 74 noch.

487 1833 212 76 Aber
749 1861 83 48 er
875 1836 215 73 hätte
1134 1836 316 73 niemals
1498 1834 161 73 sich
1701 1860 91 47 zu
1838 1860 85 47 so
1965 1831 422 95 ungeheuer-

485 1949 249 78 lichen
776 1949 542 73 Dimensionen
1359 1948 613 95 ausgewachsen,
2018 1949 144 72 wie
2209 1971 83 48 es
2338 1948 98 71 im

489 2063 232 74 Laufe
754 2065 138 71 der
927 2061 564 76 Jahrtausende
1522 2061 452 80 tatsächlich
2008 2059 428 95 geschehen

489 2183 116 83 ist,
668 2205 222 46 wenn
948 2178 206 75 nicht
1208 2178 136 73 das
1403 2176 508 77 menschliche
1967 2171 325 78 Denken
2343 2217 96 10 —

490 2293 193 73 auch
717 2293 231 73 heute
985 2293 196 73 noch
1217 2337 95 9 —
1345 2291 131 75 auf
1508 2290 488 93 Grundlagen
2031 2290 242 86 ruhte,
2312 2286 122 75 die

489 2412 206 69 einer
727 2408 163 80 Zeit
926 2408 528 92 entsprachen,
1491 2407 122 74 die
1643 2407 197 81 noch
1872 2407 139 72 roh
2038 2403 154 75 und
2219 2420 174 76 grau-

489 2551 159 45 sam
746 2539 242 76 genug
1085 2547 179 61 war,
1340 2518 932 77 Menschenschlächterei
2319 2518 119 71 für

492 2647 239 64 etwas
788 2666 85 45 so
931 2637 585 74 Gewöhnliches
1571 2635 152 75 und
1781 2628 612 80 Selbstverständ-

489 2754 237 73 liches
775 2781 91 46 zu
920 2752 385 86 erachten,
1410 2750 147 75 daß
1632 2754 110 69 sie
1791 2754 264 69 immer
2101 2750 155 75 und
2302 2772 90 49 un-

489 2867 460 75 bedenklich
995 2869 247 73 bereit
1291 2891 180 61 war,
1520 2864 571 74 vermeintliche
2138 2859 249 78 Macht-

492 2982 423 93 ansprüche
992 2982 443 92 geglaubter
1488 2979 452 74 Gottheiten
2016 2981 137 69 mit
2229 2976 168 74 Blut-

492 3097 271 92 opfern
809 3125 91 44 zu
946 3096 393 91 sänftigen.

492 3231 80 71 In
616 3231 249 73 dieser
907 3228 162 74 Zeit
1112 3226 526 93 beginnenden
1679 3223 561 74 Nachdenkens
2280 3248 159 46 war

494 3346 133 73 der
677 3343 320 75 Mensch
1046 3343 435 91 überzeugt,
1532 3340 150 74 daß
1723 3341 249 73 hinter
2016 3338 225 74 allem
2285 3335 102 76 Ge-

494 3460 332 73 schehen
859 3463 168 68 eine
1059 3455 529 76 vollziehende
1623 3453 351 78 Gottheit
2009 3453 237 75 stehe.
2285 3450 154 74 Der

492 3577 379 89 primitive
903 3570 322 74 Mensch
1259 3570 288 74 konnte
1581 3568 159 75 sich
1774 3568 179 73 kein
1986 3567 453 74 Geschehen

495 3690 195 71 ohne
749 3687 353 74 direkten
1159 3687 417 91 göttlichen
1630 3682 315 95 Eingriff
1997 3680 441 76 vorstellen.

497 3800 100 76 So
661 3827 161 48 war
883 3802 149 73 ihm
1097 3800 187 73 alles
1351 3797 455 79 Geschehen
1867 3793 572 77 Götterwirken

492 3917 152 76 und
680 3915 481 78 Götterwille
1195 3914 154 74 und
1386 3910 388 95 Erfüllung
1818 3915 208 70 eines
2065 3909 374 76 Gesetzes

495 4034 134 73 der
678 4031 522 74 zweckvollen
1251 4029 414 93 göttlichen
1711 4024 398 78 Weisheit.

494 4163 230 74 Diese
758 4161 587 91 Vorstellungen
1378 4203 94 10 —
1505 4161 382 90 projiziert
1923 4183 135 47 aus
2094 4154 345 93 plumper

494 4276 667 93 Selbsterfahrung
1220 4279 112 68 ins
1389 4269 674 97 Naturgeschehen
2121 4312 95 13 —
2272 4285 126 77 gru-

495 4395 149 72 ben
695 4391 159 73 sich
903 4417 85 47 so
1036 4390 138 72 tief
1222 4391 73 70 in
1342 4388 136 74 das
1530 4384 323 77 Denken
1903 4384 137 75 der
2085 4381 304 76 Mensch-

494 4508 159 73 heit
710 4508 141 85 ein,
905 4503 153 74 daß
1100 4506 139 70 wir
1293 4506 108 71 sie
1461 4500 191 76 auch
1703 4500 230 76 heute
1989 4498 196 74 noch
2234 4494 207 77 nicht

495 4649 136 45 aus
663 4645 318 49 unserer
1012 4616 215 75 Tiefe
1257 4616 253 75 haben
1538 4611 542 78 herausreißen
2111 4611 328 73 können.

497 4735 256 76 Selbst
805 4733 137 75 das
1000 4732 406 74 exakteste
1461 4728 726 75 wissenschaftliche
2240 4726 153 75 Den-

494 4852 150 71 ken
692 4850 134 73 hat
870 4848 123 75 die
1034 4845 591 91 Verwurzelung
1669 4847 247 71 seiner
1960 4842 433 74 Denkunter-

494 4967 225 91 lagen
776 4969 75 69 in
909 4964 135 72 der
1105 4958 373 77 Steinzeit
1532 4958 196 75 noch
1787 4957 227 74 kaum
2077 4953 364 78 entdeckt

495 5079 153 74 und
699 5084 96 68 ist
846 5077 198 73 noch
1095 5077 218 90 lange
1366 5069 206 77 nicht
1630 5070 545 87 entschlossen,
2229 5069 212 74 diese

497 5194 549 76 atavistischen
1105 5184 786 95 Rückständigkeiten
1950 5189 134 73 mit
2146 5182 297 95 Stumpf

495 5309 154 74 und
695 5307 190 75 Stiel
932 5302 496 80 auszuroden.

497 5443 269 73 Immer
824 5441 196 73 noch
1080 5439 184 75 baut
1347 5436 161 74 sich
1591 5434 193 73 auch
1862 5431 137 74 das
2080 5429 361 76 moderne

495 5558 324 74 Denken
866 5556 129 75 auf
1039 5553 122 76 die
1208 5551 454 85 Kausalität,
1715 5553 260 68 immer
2019 5546 197 75 noch
2260 5546 183 73 baut

499 5700 79 46 es
663 5671 159 75 sich
917 5668 127 74 auf
1134 5665 335 77 Gesetze
1561 5666 98 70 im
1747 5656 692 97 Naturgeschehen,

495 5792 261 69 immer
785 5785 198 73 noch
1010 5785 188 73 baut
1229 5809 81 45 es
1344 5780 159 76 sich
1532 5778 127 73 auf
1689 5776 122 73 die
1843 5773 600 93 Ueberzeugung

504 5927 151 47 von
724 5898 137 75 der
929 5893 694 95 Zweckmäßigkeit
1691 5890 190 79 alles
1948 5888 493 75 Geschehens

502 6015 146 76 auf.

497 6147 185 76 Wer
729 6151 188 72 aber
963 6147 217 75 schuf
1218 6147 138 73 das
1398 6140 721 95 Naturgeschehen?

499 6271 181 74 Wer
731 6281 245 64 setzte
1024 6271 149 74 ihm
1222 6269 362 93 Ordnung
1632 6266 152 76 und
1831 6262 326 77 Zweck?

499 6396 140 73 Die
695 6394 371 77 Gottheit.

500 6526 102 75 So
677 6526 360 75 urteilten
1115 6526 124 73 die
1290 6525 519 73 Urmenschen
1887 6520 136 74 der
2079 6520 364 74 Steinzeit

499 6643 213 74 auch.

2671 520 173 85 Und
2873 529 122 76 die
3029 520 931 85 moderneWissenschaft
3987 525 259 75 urteilt
4280 552 85 48 so
4397 522 220 96 lang
4623 520 5 98 4

2671 646 197 74 noch
2925 646 307 86 ebenso,
3291 647 144 71 wie
3491 647 110 71 sie
3659 668 94 49 an
3811 640 413 89 Ursachen,
4283 639 334 76 Gesetze

2670 759 154 75 und
2932 756 693 94 Zweckmäßigkeit
3736 759 99 71 im
3941 749 676 98 Naturgeschehen

2671 872 280 95 glaubt.

2673 988 141 72 Die
3337 991 95 69 ist
3476 986 250 73 nichts
3769 981 323 78 anderes
4141 983 112 74 als
4295 983 136 74 der
4476 981 94 74 Ur-

2673 1101 464 95 aberglaube
3173 1126 98 48 an
3303 1103 122 71 ein
3462 1099 473 75 bestimmtes
3970 1098 259 93 Agens
4263 1101 75 69 in
4371 1094 248 93 jedem

2673 1215 476 88 Geschehen,
3179 1220 75 69 in
3286 1213 160 93 der
3446 1213 587 93 Umbenennung
4063 1215 209 69 eines
4305 1213 268 73 wissen-

2673 1330 396 74 schaftlich
3118 1328 459 93 klingenden
3625 1325 580 94 Wortsymbols.

2673 1445 154 73 Der
2873 1441 300 77 Glaube
3222 1467 96 47 an
3364 1441 410 75 Gesetztes
3814 1485 99 11 —
3958 1440 188 74 alles
4192 1438 283 75 Gesetz
4522 1441 95 72 ist

2676 1563 122 70 ein
2834 1558 408 75 Gesetztes
3279 1599 92 13 —
3410 1560 98 69 ist
3543 1555 490 93 Aberglaube
4073 1580 95 48 an
4211 1557 221 71 einen
4466 1551 102 75 Ge-

2675 1672 401 93 setzgeber
3120 1716 93 10 —
3261 1699 96 46 an
3408 1673 166 70 eine
3623 1668 373 80 sinnvolle
4050 1667 382 93 Ordnung.

2673 1800 141 78 Die
2869 1800 603 95 Ueberzeugung
3525 1822 152 53 von
3735 1800 135 75 der
3929 1795 693 95 Zweckmäßigkeit

2675 1926 198 66 setzt
2925 1921 170 69 eine
3147 1916 363 93 göttliche
3557 1914 335 78 Einsicht
3946 1914 153 73 und
4151 1917 220 70 einen
4424 1916 156 88 gött-

2675 2032 247 73 lichen
2971 2029 283 76 Willen
3296 2056 303 48 voraus.

2675 2144 105 76 Ist
2888 2144 136 75 das
3130 2142 767 77 wissenschaftliches
4006 2139 321 76 Denken
4436 2139 184 75 oder

2675 2258 565 96 Mystizismus?

2676 2373 295 74 Unsere
3025 2373 373 93 profanen
3447 2373 156 73 und
3653 2369 781 77 wissenschaftlichen
4487 2366 133 74 Er*

2676 2488 415 93 fahrungen
3169 2488 251 74 haben
3493 2486 211 75 diese
3750 2486 589 92 Vorstellungen
4415 2485 207 72 alten

2676 2603 361 75 Denkens
3079 2606 209 72 einer
3315 2605 433 89 primitiven
3774 2600 264 76 Urzeit
4075 2601 246 92 längst
4351 2598 225 74 wider-

2675 2720 154 90 legt
2864 2716 156 77 und
3052 2718 160 73 ihre
3249 2715 540 93 Haltlosigkeit
3826 2720 391 69 erwiesen.
4258 2713 362 75 Dennoch

2675 2840 259 86 zögert
2964 2833 122 73 die
3117 2830 553 76 Wissenschaft
3703 2835 98 69 im
3831 2832 501 91 allgemeinen
4360 2833 262 70 immer

2678 2947 215 88 noch,
2947 2947 175 74 dem
3173 2945 331 93 Beispiel
3559 2948 208 70 einer
3816 2942 296 74 Anzahl
4163 2943 256 73 klarer
4470 2940 155 81 und

2680 3060 371 75 ehrlicher
3142 3059 371 76 Forscher
3596 3086 91 47 zu
3779 3059 252 93 folgen
4124 3057 154 74 und
4370 3057 250 73 dieses

2676 3175 348 75 morsche
3052 3174 818 93 Gedankengerümpel
3904 3172 383 93 endgültig
4317 3197 136 48 aus
4487 3170 135 73 der

2676 3289 481 76 Werkstätte
3205 3291 137 72 des
3388 3287 306 76 Geistes
3742 3314 91 48 zu
3880 3287 419 75 entfernen.

2680 3423 125 74 Ich
2836 3428 210 89 zeige
3078 3421 233 76 Ihnen
3344 3423 208 74 diese
3587 3421 693 91 Zusammenhänge
4307 3445 159 61 nur,
4498 3441 124 51 um

2678 3538 232 74 Ihnen
2959 3538 442 93 begreiflich
3450 3565 90 44 zu
3616 3536 337 86 machen,
4056 3533 149 76 daß
4305 3560 85 47 so
4487 3531 137 76 tief

2681 3653 359 93 lagernde
3173 3650 646 93 Verknüpfungen
3946 3650 237 72 ihrem
4309 3653 315 69 inneren

2678 3766 285 75 Wesen
3003 3766 195 73 nach
3242 3770 261 69 immer
3545 3765 158 74 und
3740 3768 262 69 immer
4041 3761 286 75 wieder
4370 3763 212 91 primi-

2680 3887 206 69 tiven
2959 3882 154 72 und
3184 3880 237 73 rohen
3494 3878 610 93 Auswirkungen
4178 3875 210 93 jeder
4459 3873 163 75 Zeit

2678 3995 395 76 Vorschub
3132 3995 276 73 leisten
3466 3993 308 75 mußten
3850 4034 98 13 —
4024 3993 119 73 ich
4221 3995 211 90 zeige
4514 3992 108 71 sie

2680 4108 252 88 Ihnen,
2973 4108 235 75 damit
3244 4108 235 73 Ihnen
3511 4108 122 75 die
3667 4108 271 94 Augen
3972 4107 218 73 dafür
4228 4103 394 93 aufgehen,

2680 4224 149 76 daß
2903 4227 136 71 wir
3118 4222 657 76 hunderttausend
3831 4220 236 75 Jahre
4150 4220 172 92 lang
4377 4218 198 75 Aber-

2681 4340 326 92 glauben
3062 4339 156 74 und
3272 4337 359 75 Irrtümer
3691 4334 354 78 kritiklos
4106 4340 132 70 mit
4297 4361 140 47 uns
4497 4351 85 77 ge-

2681 4454 349 93 schleppt
3085 4454 269 86 haben,
3413 4454 124 74 die
3591 4452 188 73 alles
3835 4449 321 76 Denken
4209 4450 416 73 verwirren

2678 4569 153 75 und
2908 4569 451 91 fortgesetzt
3442 4571 73 69 in
3596 4567 310 73 alberne
3985 4567 158 75 und
4216 4564 408 74 unlösbare

2680 4681 398 78 Probleme
3115 4681 552 76 hineinstoßen.
3743 4679 229 75 Diese
4014 4677 556 77 Denkhemmun-

2681 4815 144 74 gen
2854 4796 254 76 haben
3144 4798 135 72 wir
3316 4796 114 74 bis
3464 4796 228 74 heute
3725 4794 198 73 noch
3955 4794 206 73 nicht
4195 4789 430 78 loswerden

2680 4909 325 77 können.

2824 5025 127 74 Sie
3017 5025 311 74 werden
3388 5030 182 84 jetzt
3633 5023 195 74 auch
3892 5021 381 86 einsehen,
4339 5043 286 51 warum

2681 5143 119 71 ich
2842 5167 82 49 es
2959 5140 520 86 unternehme,
3521 5140 136 72 das
3697 5155 236 76 ganze
3972 5136 655 93 Denkphänomen

2683 5260 285 69 seinem
3013 5253 285 75 Wesen
3345 5253 195 80 nach
3584 5253 164 71 hier
3792 5277 151 47 von
3989 5250 264 74 Grund
4304 5275 133 48 aus
4487 5273 138 48 vor

2681 5368 232 75 Ihnen
2961 5368 489 75 aufzurollen.
3540 5363 102 78 Es
3687 5367 176 74 muß
3911 5363 298 76 endlich
4255 5365 135 74 der
4436 5361 144 75 Ver-

2683 5485 183 78 such
2927 5483 347 95 gemacht
3335 5482 329 88 werden,
3750 5480 137 76 das
3946 5480 322 75 Denken
4353 5477 272 74 einmal

2681 5599 388 93 gründlich
3122 5626 91 45 zu
3261 5595 565 76 durchdenken.

2683 5712 212 76 Dazu
2980 5714 186 73 aber
3252 5710 269 95 gehört
3603 5710 276 93 völlige
3935 5707 644 93 Voraussetzungs-

2680 5827 357 95 losigkeit
3091 5827 153 75 und
3298 5824 686 95 Unabhängigkeit,
4040 5824 193 74 auch
4285 5847 154 48 von
4490 5820 137 75 der

2683 5942 452 87 Kausalität,
3250 5941 149 74 den
3511 5937 605 95 Naturgesetzen
4224 5937 156 75 und
4490 5936 137 74 der

2685 6054 1265 95 Zweckmäßigkeitsüberzeugung
4028 6056 135 76 der
4243 6049 336 76 Weltord-

2683 6190 197 76 nung
2927 6171 154 76 und
3130 6171 188 74 alles
3366 6169 514 75 Geschehens.
3979 6168 218 74 Denn
4248 6174 211 66 setze
4505 6164 123 76 ich

2683 6288 210 74 diese
2952 6286 166 76 drei
3167 6284 619 92 Anschauungen
3840 6308 299 68 voraus,
4199 6279 250 75 denke
4509 6278 118 76 ich

2685 6403 232 74 schon
2959 6401 197 73 nach
3200 6403 243 71 einem
3488 6399 441 94 gegebenen
3974 6394 343 77 Schema.

2683 6513 170 78 Nun
2883 6515 312 74 werden
3228 6513 127 74 Sie
3388 6513 194 74 mich
3616 6513 291 91 fragen:
3943 6516 97 70 ist
4073 6511 200 75 denn
4305 6510 323 74 Denken

2687 6631 193 75 ohne
2930 6630 210 73 diese
3193 6630 162 73 drei
3398 6626 716 92 Voraussetzungen
4158 6623 373 97 möglich?
