5189 7272
615 6838 85 65 52

632 478 229 75 Diese
915 477 242 96 Frage
1213 487 205 67 wäre
1479 485 122 71 ein
1653 507 236 49 neues
1946 482 435 78 Dokument
2456 482 119 74 für

629 619 276 47 unsere
952 592 779 79 Denkknechtschaft.

631 705 169 75 Ihre
839 705 313 76 Fesseln
1194 709 133 99 gilt
1369 736 81 47 es
1496 736 93 47 zu
1631 729 395 76 sprengen.

631 820 127 75 Ich
813 824 153 72 will
1020 825 445 88 versuchen,
1550 829 73 74 in
1709 827 496 75 einwandfrei
2263 832 266 71 wissen-

632 935 485 77 schaftlicher
1179 937 259 76 Weise
1506 939 232 74 Ihnen
1802 941 149 74 den
2014 939 403 78 Nachweis
2483 968 90 49 zu

629 1049 289 98 führen,
962 1051 149 74 daß
1154 1056 135 69 wir
1328 1052 452 92 Kausalität,
1828 1052 553 97 Naturgesetze
2422 1057 153 73 und

629 1162 692 99 Zweckmäßigkeit
1364 1169 228 95 völlig
1640 1169 420 76 entbehren
2104 1171 325 90 können,
2476 1171 99 74 da

629 1284 110 70 sie
783 1281 200 74 eben
1018 1283 205 74 nicht
1269 1286 334 73 existent
1641 1286 166 73 sind
1848 1286 234 74 außer
2121 1291 73 69 in
2239 1288 136 72 der
2419 1300 116 64 tra-

631 1394 442 75 ditionellen
1122 1396 469 97 Einbildung,

627 1525 378 79 Zunächst
1084 1533 243 90 einige
1381 1530 269 81 Worte
1753 1535 136 73 der
1965 1533 606 97 Verständigung

629 1643 186 73 über
874 1645 122 73 die
1056 1643 392 93 Methode,
1509 1652 146 71 wie
1714 1648 121 75 ich
1894 1648 233 77 Ihnen
2183 1648 138 77 das
2383 1650 141 95 phy-

627 1758 246 75 sische
908 1758 156 75 und
1089 1760 451 93 psychische
1572 1762 437 78 Phänomen
2038 1763 135 78 des
2207 1765 362 76 Denkens

624 1897 95 48 zu
766 1872 356 76 erklären
1167 1877 427 74 versuchen
1643 1877 175 74 will.

625 1982 375 80 Erklären
1064 1987 210 76 heißt
1342 1994 167 71 eine
1579 1990 247 77 Sache
1916 1994 117 74 bis
2122 1997 114 73 ins
2302 1994 267 76 Letzte

624 2100 506 99 durchsichtig
1179 2106 342 76 machen.

624 2214 127 76 Ich
795 2216 176 74 muß
1017 2216 233 76 Ihnen
1296 2221 163 74 also
1504 2222 188 75 alles
1740 2222 401 90 aufhellen,
2194 2251 159 49 was
2400 2249 169 50 zum

622 2329 325 76 Denken
1000 2334 289 93 gehört.

624 2444 125 75 Ich
827 2446 174 74 muß
1079 2448 234 74 Ihnen
1391 2453 393 74 sämtliche
1860 2454 477 75 materiellen
2417 2453 154 76 und

622 2559 329 77 ideellen
995 2561 538 98 Bedingungen
1577 2568 498 93 analysieren,
2122 2597 153 47 von
2319 2570 250 74 denen

624 2676 135 73 das
803 2676 324 76 Denken
1174 2680 371 94 abhängig
1587 2685 99 72 ist
1726 2681 154 76 und
1926 2693 223 66 unter
2190 2683 252 76 denen
2485 2710 81 49 es

620 2791 370 75 zustande
1045 2793 309 78 kommt.

622 2905 125 73 Ich
803 2906 176 73 muß
1034 2935 81 48 es
1172 2913 73 70 in
1301 2915 210 69 seine
1565 2910 212 76 Teile
1831 2913 352 93 zerlegen
2234 2913 158 75 und
2442 2915 122 74 die

620 3017 210 76 Teile
886 3022 286 74 wieder
1227 3035 721 80 zusammensetzen,
2053 3027 149 74 daß
2282 3030 118 71 ich
2456 3032 108 71 sie

620 3133 232 75 Ihnen
893 3138 75 70 in
1017 3133 381 97 Tätigkeit
1442 3140 409 75 vorführen
1892 3140 225 90 kann,
2166 3142 155 76 und
2363 3171 201 45 zwar

622 3276 103 61 so,
808 3250 146 75 daß
1030 3250 127 76 Sie
1233 3257 138 69 mir
1447 3257 487 91 zugestehen:
2039 3262 90 86 ja,
2232 3257 136 78 das
2468 3262 95 71 ist

619 3364 342 74 Denken.

619 3477 144 75 Um
810 3497 188 75 ganz
1047 3484 681 74 wissenschaftlich
1775 3513 93 47 zu
1916 3487 425 90 verfahren,
2390 3487 176 75 muß

619 3594 118 71 ich
785 3594 188 76 alles
1027 3596 206 74 Ihrer
1282 3601 317 91 eigenen
1647 3599 543 97 Beobachtung
2241 3609 277 88 zugäng-

620 3707 146 73 lich
820 3709 339 75 machen.
1240 3711 214 74 Aber
1511 3714 137 73 das
1706 3719 98 70 ist
1858 3716 232 93 grade
2148 3721 73 69 in
2276 3716 287 74 diesem

619 3821 206 74 Falle
888 3824 318 88 einfach,
1269 3826 98 73 da
1426 3826 207 90 jeder
1689 3856 152 46 von
1901 3829 232 75 Ihnen
2188 3831 375 75 imstande

617 3939 117 85 ist,
786 3941 246 70 meine
1083 3938 682 98 Untersuchungen
1816 3970 96 47 an
1963 3948 380 90 eigenster
2392 3973 127 65 per-

617 4051 374 73 sönlicher
1044 4049 420 99 Erfahrung
1514 4083 92 46 zu
1660 4056 569 78 kontrollieren.

617 4180 247 74 Wenn
929 4185 118 73 ich
1108 4185 232 76 Ihnen
1421 4188 163 75 hier
1669 4190 120 73 die
1873 4195 476 73 materiellen
2410 4195 151 73 und

615 4297 327 74 ideellen
986 4298 716 100 Voraussetzungen
1753 4310 207 70 einer
2006 4305 553 76 Nähmaschine

615 4412 603 76 demonstrieren
1269 4419 279 88 würde,
1606 4447 222 46 wenn
1882 4422 118 75 ich
2055 4422 289 75 sodann
2400 4424 159 73 ihre

615 4527 581 75 mechanischen
1264 4530 564 97 Bedingungen:
1897 4534 268 91 Hebel,
2236 4537 276 75 Schrau-

614 4642 167 85 ben,
834 4639 255 76 Räder
1139 4671 182 47 usw,
1376 4646 426 94 planmäßig
1851 4662 705 75 zusammensetzte,

614 4754 260 74 würde
929 4759 118 74 ich
1103 4803 95 10 —
1247 4773 598 81 vorausgesetzt,
1904 4764 146 73 daß
2107 4795 81 47 es
2243 4771 137 68 mir
2434 4784 84 75 ge-

612 4871 218 93 länge
907 4916 96 11 —
1091 4878 168 67 eine
1330 4872 552 80 Nähmaschine
1975 4879 344 75 erhalten
2407 4881 151 73 und

612 4984 249 73 nähen
918 4984 324 76 können.

614 5098 125 74 Ich
780 5101 260 73 würde
1086 5101 230 75 Ihnen
1364 5104 145 73 den
1555 5106 489 92 praktischen
2090 5108 295 74 Beweis
2432 5126 83 77 ge-

612 5213 249 74 liefert
912 5214 269 97 haben,
1235 5216 146 75 daß
1428 5220 120 72 die
1601 5220 303 74 Summe
1953 5225 134 72 der
2134 5223 377 93 Bedingun-

614 5347 142 72 gen
817 5330 134 72 das
1017 5330 191 93 Ding
1269 5333 393 75 ausmacht
1719 5336 154 73 und
1933 5336 149 73 daß
2143 5338 122 73 die
2327 5347 184 64 sämt-

610 5441 247 73 lichen
954 5441 535 97 Bedingungen
1586 5448 182 73 oder
1841 5448 717 97 Voraussetzungen

615 5558 209 70 einer
883 5553 555 80 Nähmaschine
1501 5606 96 10 —
1657 5590 223 46 wenn
1943 5568 108 75 sie
2114 5567 444 73 vorhanden

612 5670 186 88 sind,
856 5677 134 68 mit
1044 5673 135 73 der
1233 5672 554 79 Nähmaschine
1865 5680 239 75 selbst
2183 5680 375 76 identisch

612 5785 185 73 sind,

612 5899 127 72 Sie
773 5900 311 75 werden
1122 5907 135 69 mir
1293 5904 199 74 dann
1530 5907 193 73 auch
1757 5909 122 73 die
1914 5907 597 97 Verallgemeine-

609 6031 186 74 rung
885 6017 360 92 zugeben,
1338 6019 148 73 daß
1577 6021 208 89 jedes
1853 6022 191 93 Ding
2112 6026 242 91 gleich
2419 6026 137 74 der

610 6126 302 76 Summe
1012 6134 248 71 seiner
1359 6132 536 97 Bedingungen
1995 6142 97 70 ist
2190 6185 97 10 —
2380 6168 131 46 vor-

610 6244 600 93 stellungsweise
1250 6247 158 75 und
1447 6249 181 88 real,
1674 6249 228 80 ideell
1943 6254 157 73 und
2139 6253 413 94 praktisch.

610 6356 217 74 Denn
868 6357 120 73 die
1035 6357 539 99 Bedingungen
1613 6364 164 75 sind
1818 6366 123 73 die
1978 6364 397 80 Elemente
2417 6369 135 75 des

609 6469 277 97 Dinges
924 6473 152 72 und
1117 6474 121 75 die
1277 6474 304 78 Summe
1618 6478 137 74 der
1794 6478 210 78 Teile
2044 6484 97 73 ist
2180 6483 374 76 identisch

609 6589 132 77 mit
793 6586 173 75 dem
1015 6586 334 78 Ganzen,

2813 478 247 78 Wenn
3113 480 120 76 ich
3282 480 232 76 Ihnen
3565 483 163 75 also
3777 483 122 73 die
3949 482 304 76 Summe
4302 480 137 78 der
4488 478 228 80 Bedin-

2815 614 295 76 gungen
3169 597 137 74 des
3364 597 362 74 Denkens
3787 598 388 89 vorstelle,
4237 598 312 73 werden
4610 597 147 86 Sie,

2815 712 96 73 da
2976 710 127 76 Sie
3165 712 122 74 die
3352 710 264 76 Praxis
3685 714 241 72 selbst
3987 712 533 88 beherrschen,
4590 717 167 69 eine

2813 825 276 92 völlige
3167 825 153 75 und
3401 824 638 81 kontrollierbare
4117 824 425 96 Erklärung
4625 827 134 73 des

2813 939 610 93 Denkproblems
3462 968 152 45 von
3655 946 139 69 mir
3838 942 343 75 erhalten
4220 942 271 73 haben.

2813 1054 244 74 Dabei
3103 1056 176 72 muß
3328 1056 159 81 sich
3536 1056 193 72 auch
3778 1057 575 87 herausstellen,
4408 1057 95 73 ob
4556 1056 153 74 Kau-

2813 1169 278 86 salität,
3177 1167 285 77 Gesetz
3545 1171 154 73 und
3782 1169 692 95 Zweckmäßigkeit
4557 1171 202 73 beim

2812 1281 323 74 Denken
3213 1284 445 76 vorhanden
3740 1284 154 76 und
3972 1289 209 90 nötig
4237 1284 188 76 sind.
4539 1284 222 75 Denn

2812 1425 221 46 wenn
3091 1404 108 68 sie
3282 1399 165 73 hier
3524 1403 99 69 im
3680 1398 505 96 Mittelpunkt
4242 1401 193 75 aller
4486 1399 219 77 Wahr-

2808 1513 374 95 nehmung
3232 1513 135 74 des
3413 1511 714 97 Naturgeschehens
4175 1515 205 76 nicht
4430 1515 281 74 vorhan-

2812 1626 147 75 den
3015 1626 188 90 sind,
3260 1628 154 75 und
3469 1630 418 95 gebraucht
3941 1630 332 88 werden,
4332 1630 200 74 dann
4590 1630 167 74 sind

2812 1747 108 67 sie
2959 1741 198 75 eben
3196 1741 354 95 nirgends
3585 1743 444 75 vorhanden
4065 1745 154 74 und
4261 1745 493 74 entbehrlich.

2810 1912 322 75 Denken
3213 1918 96 77 ist
3392 1916 110 73 als
3591 1919 169 78 eine
3816 1914 381 78 Funktion
4275 1943 154 47 von
4510 1918 246 71 einem

2808 2024 716 80 funktionierenden
3584 2028 255 96 Organ
3916 2029 330 95 bedingt,
4332 2031 195 75 eben
4605 2055 152 47 von

2808 2139 173 77 dem
3042 2141 274 95 Organ,
3375 2141 278 76 dessen
3709 2143 378 76 Funktion
4143 2143 137 76 das

2808 2265 329 84 genannt
3176 2258 210 74 wird.

2808 2371 269 77 Dieses
3132 2370 257 96 Organ
3441 2400 304 48 nennen
3795 2378 136 71 wir
3983 2375 307 74 Gehirn.
4390 2375 156 76 Das
4601 2371 102 78 Ge-

2806 2485 166 74 hirn
3020 2485 257 90 denkt,
3328 2492 210 69 seine
3587 2487 379 76 Funktion
4012 2487 210 76 heißt
4268 2487 344 76 Denken.

2808 2598 195 76 Jede
3055 2600 381 76 Funktion
3486 2605 98 73 ist
3636 2605 122 73 ein
3806 2602 374 96 Vorgang.

2808 2713 234 77 Jeder
3099 2713 353 97 Vorgang
3513 2720 101 73 ist
3672 2720 169 71 eine
3902 2717 451 96 Bewegung.
4745 2722 16 100 j

2805 2827 198 76 Jede
3052 2827 428 96 Bewegung
3528 2835 98 71 ist
3680 2834 168 72 eine
3897 2830 567 97 Veränderung.

2805 2940 196 77 Jede
3050 2942 547 97 Veränderung
3645 2949 98 73 ist
3795 2949 168 71 eine
4017 2944 733 98 Ortsveränderung,

2803 3055 164 77 Wir
3044 3062 296 87 wissen,
3418 3059 150 76 daß
3646 3062 292 75 sowohl
4017 3066 508 88 quantitative
4605 3066 145 69 wie

2806 3174 448 90 qualitative
3306 3172 567 99 Veränderung,
3980 3176 163 74 also
4219 3176 533 76 mechanische

2805 3287 186 73 oder
3033 3287 449 90 chemische,
3530 3293 98 71 im
3665 3289 312 75 Grunde
4019 3289 733 95 Lageveränderung

2803 3401 153 74 und
2994 3401 591 96 Umschichtung
3626 3403 136 74 der
3802 3404 281 75 Atome
4122 3404 153 75 und
4319 3404 260 77 Zellen
4617 3406 89 75 be-

2805 3516 284 75 deutet.
3191 3516 154 75 Der
3394 3518 522 90 Atomzerfall,
4021 3525 120 69 ein
4242 3530 510 84 sogenannter

2803 3630 467 76 chemischer
3316 3630 374 96 Vorgang,
3748 3635 320 72 beweist
4124 3636 134 75 das
4315 3638 163 71 aufs
4534 3638 172 71 deut-

2803 3743 293 76 lichste.

2803 3855 540 78 Mechanische
3404 3862 149 72 und
3614 3862 427 72 chemische
4100 3862 402 94 Vorgänge
4584 3863 166 75 sind

2805 3972 748 96 Differenzierungen
3616 3977 134 71 der
3834 3977 458 91 physischen
4349 3978 400 95 Vorgänge

2801 4092 73 66 in
2927 4088 145 72 den
3125 4087 374 96 Organen.

2805 4200 100 73 So
2956 4205 96 70 ist
3103 4204 191 71 auch
3340 4204 135 72 das
3530 4204 320 72 Denken
3900 4209 119 69 ein
4070 4205 440 93 physischer
4557 4207 144 73 Vor-

2801 4332 193 76 gang
3033 4322 100 68 im
3172 4315 305 90 Gehirn,
3523 4322 120 70 ein
3680 4319 352 95 Vorgang
4071 4324 75 69 in
4190 4320 147 73 den
4376 4320 373 95 Ganglien

2801 4430 132 72 der
2986 4429 576 76 Gehirnnerven
3607 4432 156 75 und
3809 4430 430 92 Neuronen,
4292 4437 410 90 hauptsäch-

2800 4542 145 73 lich
2998 4542 135 75 der
3186 4544 614 76 Großhirnrinde,

2801 4657 153 73 Das
3011 4659 249 73 dürfte
3320 4659 230 73 Ihnen
3604 4659 340 76 bekannt
4005 4668 163 69 sein
4217 4664 154 73 und
4427 4669 280 70 interes-

2801 4776 183 68 siert
3030 4798 139 47 uns
3213 4773 162 72 hier
3426 4774 420 92 analytisch
3889 4776 206 74 nicht
4139 4781 288 71 weiter.

2800 4884 96 73 Es
2952 4894 298 85 genügt,
3308 4889 545 87 festzustellen,
3916 4891 149 73 daß
4119 4896 135 68 wir
4312 4893 433 74 bestimmte

2800 4998 689 96 Umschichtungen
3570 5006 75 70 in
3726 5001 137 75 der
3919 5003 410 76 Zellmasse
4386 5010 359 89 gewisser

2798 5113 471 76 Gehirnteile
3362 5116 152 73 und
3609 5118 159 73 ihre
3817 5116 510 97 Auswirkung
4424 5120 321 74 Denken

2796 5253 320 48 nennen.

2800 5340 391 76 Bestimmt
3240 5345 188 73 wird
3477 5345 120 73 die
3651 5345 590 96 Umschichtung
4290 5350 250 73 dieser
4593 5348 102 75 Ge-

2796 5457 656 76 hirnmassenteile
3582 5458 234 75 durch
3916 5458 399 97 Vorgänge
4422 5467 73 68 in
4598 5465 147 73 den

2798 5570 581 78 Sinnesnerven,

2796 5685 139 73 Die
2979 5684 715 98 Wahrnehmungen
3736 5716 317 47 unserer
4097 5690 228 75 Sinne
4368 5692 377 95 bedingen

2798 5800 120 73 die
3001 5800 661 78 Gehirnfunktion,
3804 5804 142 74 Die
4029 5804 715 98 Wahrnehmungen

2796 5914 166 74 sind
3066 5916 413 74 wiederum
3577 5917 310 93 bedingt
3988 5944 153 48 von
4241 5921 504 93 spezifischen

2795 6026 479 77 Funktionen
3350 6031 137 74 der
3557 6031 963 98 Wahrnehmungsorgane,
4620 6036 122 74 die

2798 6142 369 75 ebenfalls
3210 6148 98 69 im
3352 6144 286 76 Gehirn
3679 6149 133 71 mit
3855 6146 523 78 konzentriert
4422 6151 186 74 sind.

2793 6256 215 76 Alles
3060 6258 490 96 Bedingtsein
3599 6264 96 71 ist
3745 6259 382 95 komplex.

2793 6371 140 76 Die
3011 6371 480 78 Funktionen
3591 6374 135 77 der
3799 6374 943 100 Wahrnehmungsorgane

2795 6486 166 75 sind
3022 6488 311 95 bedingt
3391 6490 237 74 durch
3685 6490 161 76 ihre
3909 6493 450 91 spezifische
4425 6493 270 95 Organi-

2795 6605 267 84 sation,
3115 6601 233 77 durch
3403 6605 213 74 ihren
3663 6603 180 78 Bau,
