5189 7272
4416 6846 87 70 57

343 473 248 74 liehen
646 471 210 88 wird,
908 476 97 70 ist
1064 502 79 44 er
1194 473 520 93 hoffnungslos
1768 476 122 70 ein
1938 470 305 76 Erwach-

343 615 243 61 sener,
639 588 518 75 vollkommen
1206 590 224 91 fertig
1477 588 154 76 und
1682 615 120 48 am
1851 585 234 89 Ende,
2141 595 116 66 ret-

343 702 340 93 tungslos
762 703 498 73 verwachsen
1340 707 74 69 in
1494 703 178 75 sich,
1780 702 512 93 Zeitgenosse.

346 817 103 74 Zu
534 825 169 85 spät
783 818 288 73 kommt
1154 820 108 73 oft
1345 820 122 73 die
1547 818 269 75 Treue,
1922 817 158 74 Vor
2159 815 138 74 der

344 932 249 74 Treue
695 934 252 74 wacht
1047 934 120 72 die
1269 934 298 89 Demut,
1668 962 139 48 vor
1911 932 135 74 der
2146 932 101 73 De-

344 1064 158 64 mut
559 1057 276 66 wartet
891 1049 230 72 Buße,
1203 1047 127 76 Sie
1381 1055 98 68 ist
1531 1054 124 69 nie
1709 1050 127 73 auf
1889 1054 220 69 einen
2163 1049 87 72 be-

344 1167 385 70 stimmten
781 1160 158 97 Tag
988 1166 535 84 festzusetzen,
1575 1166 491 91 festzulegen.
2170 1160 123 75 Sie

344 1279 205 73 kann
608 1279 193 73 auch
857 1279 207 74 nicht
1121 1279 359 74 befohlen
1540 1279 330 74 werden.
1953 1279 140 73 Die
2153 1277 95 71 Be-

346 1397 501 89 stimmungen
906 1396 136 74 der
1101 1394 430 73 Unterwelt
1592 1392 166 75 sind
1817 1394 480 88 ohnmächtig

344 1536 141 46 vor
542 1509 136 73 der
734 1508 266 76 Macht
1059 1511 135 73 der
1254 1508 589 76 Innen-Wende,
1926 1509 140 73 Die
2122 1506 130 74 Ein-

344 1624 273 75 wände
696 1624 339 75 brechen
1111 1650 454 47 zusammen.
1670 1624 142 73 Die
1870 1623 428 89 Wandlung

348 1740 391 93 geschieht
807 1745 98 67 im
966 1740 611 93 Unbegrenzten,
1665 1736 472 76 Grenzenlos
2200 1741 97 68 im

346 1855 213 74 Licht
593 1863 280 66 wartet
905 1855 137 74 das
1072 1855 129 74 All
1237 1855 137 73 der
1403 1851 408 95 Erfüllung,
1846 1853 176 75 Alle
2056 1853 241 73 sollen

349 1972 427 72 erleuchtet
830 1975 181 83 sein,
1069 1972 288 91 Zeuger
1409 1968 154 75 und
1616 1968 301 93 Zeugen
1972 1970 133 71 der
2158 1968 93 71 Zu-

348 2085 240 74 kunft.

348 2202 213 73 Aber
612 2202 122 73 die
790 2202 543 93 Zeitgenossen
1386 2202 228 73 leben
1665 2204 510 88 gegenwärtig
2227 2202 73 68 in

351 2317 134 73 der
517 2315 638 93 Vergangenheit,
1220 2315 125 73 Sie
1377 2315 251 73 haben
1662 2314 227 72 keine
1928 2314 182 72 Zeit,
2173 2312 125 73 Sie

349 2432 251 73 haben
637 2430 161 73 ihre
839 2429 333 95 Zeitung,
1240 2430 125 73 Sie
1404 2429 165 73 sind
1604 2437 224 65 unter
1863 2427 147 73 den
2051 2427 249 75 Strich

349 2544 413 95 gesunken,
820 2549 75 69 in
945 2546 151 72 den
1152 2544 317 95 Spalten
1519 2542 138 75 der
1711 2542 364 93 Spaltung
2129 2569 127 46 ver-

349 2662 376 73 kommen,
796 2659 485 95 Meinungen,
1350 2659 142 73 Um
1536 2659 129 73 auf
1709 2657 120 75 die
1873 2657 259 75 Folter
2175 2683 84 47 zu-

349 2774 669 76 rückzukommen,
1091 2774 185 73 Man
1323 2774 139 75 soll
1508 2771 423 74 Menschen
1973 2771 207 73 nicht
2227 2774 73 70 in

351 2893 122 74 die
527 2891 273 75 Presse
881 2891 439 90 quetschen,
1397 2889 205 73 nicht
1677 2896 223 64 unter
1977 2886 120 73 die
2151 2886 100 73 Re-

351 3008 538 90 volverpresse
934 3004 359 75 drücken.

351 3140 215 73 Aber
610 3143 108 70 sie
766 3140 244 91 gehen
1052 3138 125 73 auf
1221 3138 121 73 die
1389 3137 288 72 Walze,
1748 3137 125 76 Sie
1919 3135 166 73 sind
2129 3160 130 46 vor-

351 3253 538 94 übergehende
967 3253 634 92 Erscheinungen,
1701 3248 399 93 Gespannt
2178 3248 125 73 auf

351 3369 281 88 Etwas,
683 3369 135 72 das
867 3374 119 67 ein
1032 3367 261 74 Nichts
1337 3372 118 68 ist.
1528 3363 396 95 Gespannt
1970 3365 127 73 auf
2141 3363 157 85 das,

353 3511 159 47 was
568 3484 291 72 kommt
920 3482 173 73 dort
1145 3509 149 46 von
1348 3480 138 73 der
1541 3479 192 74 Höh,
1838 3479 174 72 Und
2090 3479 212 89 ruhig

353 3599 215 79 fließt
624 3597 135 75 der
808 3597 264 75 Rhein,
1150 3597 124 75 Sie
1333 3595 166 75 sind
1550 3595 489 92 überspannt.
2114 3592 188 73 Eine

353 3714 235 73 kurze
658 3712 306 92 Spanne
1032 3712 181 85 Zeit,
1277 3711 154 72 und
1497 3709 121 74 die
1684 3707 245 75 Kunst
1995 3709 132 71 hat
2192 3709 108 71 sie

353 3831 492 90 überspannt,
913 3826 186 73 Eine
1140 3824 296 75 Brücke
1484 3829 95 70 ist
1621 3824 122 73 die
1784 3822 265 73 Kunst.
2114 3821 188 72 Eine

353 3943 310 74 Krücke
707 3946 96 69 ist
851 3941 121 73 die
1016 3941 331 93 Zeitung.

356 4075 154 71 Der
559 4073 342 74 Kritiker
949 4078 96 68 ist
1089 4073 134 74 der
1269 4073 376 85 Holzarm,
1694 4073 134 71 der
1877 4070 120 74 die
2046 4070 256 72 Folter

397 4153 12 11 *
1636 4148 7 10 '

356 4188 334 75 bedient.

356 4303 154 73 Der
554 4303 368 75 Politiker
964 4305 391 90 vernagelt
1399 4307 148 72 den
1594 4302 208 91 Sarg,
1850 4305 72 68 in
1966 4300 170 73 dem
2182 4298 120 73 die

359 4417 500 76 Scheintoten
927 4417 355 73 schlafen.
1374 4417 100 73 Es
1543 4422 95 68 ist
1706 4418 167 70 eine
1943 4415 200 90 Lust,
2212 4440 91 46 zu

358 4534 440 74 überleben.

358 4649 140 71 Die
554 4647 247 78 Kunst
859 4645 240 73 findet
1154 4647 145 71 den
1353 4645 422 73 Menschen
1829 4644 205 72 nicht
2093 4644 210 71 mehr

358 4772 222 63 unter
619 4762 147 73 den
803 4760 430 73 Lebenden,
1301 4762 152 71 Das
1492 4760 175 73 muß
1704 4759 157 73 sich
1900 4762 121 68 ein
2058 4757 205 73 Philo-

358 4879 211 91 soph,
625 4877 136 73 der
810 4876 122 72 die
986 4874 301 74 Ochsen
1338 4877 127 71 auf
1514 4876 148 72 den
1711 4872 220 87 Trab,
1982 4871 152 74 und
2182 4871 121 72 die

358 4992 259 75 Gänse
673 4994 134 70 mit
866 4989 147 73 den
1074 4987 408 93 Pinguinen
1538 5013 434 49 zusammen
2031 4991 73 67 in
2158 4987 147 75 den

359 5103 756 96 Gespenstergalopp
1167 5104 310 93 bringen
1526 5103 208 86 wird,
1792 5109 190 65 stets
2034 5118 226 76 gegen-

358 5224 269 92 wärtig
666 5221 283 73 halten.

359 5336 359 93 Schlaget
766 5333 137 74 das
952 5333 274 86 Leben,
1281 5334 308 92 solange
1643 5360 81 46 es
1777 5329 360 88 schäumt,
2187 5340 118 64 rät

359 5451 136 73 der
534 5448 217 74 Narr.
817 5446 100 75 Es
956 5450 96 74 ist
1093 5446 179 90 Zeit,
1316 5450 146 72 den
1506 5445 630 94 Landes-Bußtag
2173 5446 88 75 ab-

359 5565 463 73 zuschaffen.
915 5558 101 75 Es
1064 5563 95 70 ist
1203 5561 181 85 Zeit,
1435 5590 96 46 an
1579 5565 249 71 seiner
1873 5558 237 75 Stelle
2158 5560 149 73 den

359 5677 1001 93 Reichs-Maulschellentag
1404 5705 90 46 zu
1535 5685 313 66 starten.
1889 5675 140 73 Die
2068 5675 239 73 Leute

361 5795 452 93 langweilen
845 5790 160 73 sich
1035 5817 137 46 nur
1203 5793 152 73 und
1389 5792 323 74 trinken.
1775 5790 153 73 Der
1961 5788 217 77 Geist
2209 5795 98 70 ist

359 5909 348 93 Spiritus.
785 5905 164 73 Wir
1023 5905 383 75 brauchen
1489 5909 220 69 einen
1758 5902 545 95 Volksfesttag,

361 6051 97 44 an
495 6022 173 74 dem
700 6020 261 73 Etwas
998 6020 406 90 geschieht.
1467 6019 162 74 Wir
1663 6019 386 72 brauchen
2087 6024 220 69 einen

359 6137 373 92 Feiertag,
778 6161 96 46 an
913 6134 171 73 dem
1127 6163 127 45 zur
1294 6135 490 90 Belustigung
1824 6132 134 75 der
1997 6132 266 76 Schein-

363 6262 215 65 toten
652 6249 155 74 und
888 6274 166 46 zum
1108 6247 323 76 Zeichen
1509 6247 134 73 der
1696 6246 331 74 Einkehr
2107 6257 200 65 etwa

363 6371 242 90 einige
644 6366 352 88 uneinige
1030 6361 659 88 Volksverführer,
1731 6361 574 89 Parteibonzen,

359 6481 503 81 Putschisten,
908 6474 488 78 Redakteure
1445 6476 186 74 oder
1674 6474 348 78 Minister
2061 6506 185 46 vor-

359 6594 715 92 geschlagen,
1164 6598 132 71 mit
1384 6594 173 73 dem
1619 6589 354 95 Knüppel
2036 6611 226 75 vorge-

2535 474 237 80 walkt
2817 475 154 72 und
3020 475 286 74 wieder
3352 475 352 74 fallen
3751 475 559 94 gelassen,
4359 476 125 75 die

2537 586 296 77 Herren
2888 588 574 76 Kunstkritiker
3518 591 186 73 aber
3756 595 134 71 mit
3949 591 214 73 ihren
4217 590 213 76 Mach-

2535 703 315 75 werken
2932 732 140 46 vor
3153 705 576 74 versammelter
3817 703 507 92 Mannschaft,
4410 710 74 69 in

2542 817 258 95 Pappe
2893 820 420 92 gebunden,
3407 820 420 95 geohrfeigt
3895 820 332 76 werden.
4320 817 163 78 Wir

2535 934 268 74 hätten
2866 935 128 73 auf
3055 935 212 75 diese
3330 935 343 75 einfache
3733 935 281 88 Weise,
4076 937 408 93 gleichsam

2537 1052 97 69 im
2681 1047 642 78 Handumdrehen
3372 1055 166 70 eine
3585 1050 334 95 gesunde
3966 1050 517 95 Innenpolitur

2537 1164 459 91 geschaffen.
3074 1166 266 93 Gegen
3394 1164 676 95 Glockengeläute,
4122 1164 317 95 Flaggen-

2537 1279 379 95 schmuck,
3062 1279 540 90 Bläserbünde,
3744 1279 737 90 Riesenfeuerwerk,

2537 1392 193 88 Bier,
2800 1394 489 76 Lustbarkeit
3353 1394 154 75 und
3575 1394 601 88 Schützenfeste,
4247 1413 239 76 gegen

2539 1508 167 91 jede
2742 1508 146 74 Art
2918 1536 149 46 von
3098 1508 675 94 Rummelplätzen,
3807 1511 129 73 auf
3966 1511 249 73 denen
4244 1519 239 85 gutes,

2535 1624 409 73 hefefreies
2996 1626 645 75 Vollweizenbrot
3697 1626 395 75 kostenlos
4147 1626 337 95 gereicht

2539 1740 308 72 werden
2896 1741 274 87 müßte,
3228 1768 174 46 vom
3452 1740 237 74 Reich
3734 1741 347 87 nämlich,
4131 1768 221 46 wenn
4403 1768 81 48 es

2542 1858 207 70 eines
2791 1860 163 68 sein
2994 1856 280 87 wollte,
3319 1856 283 87 würde,
3645 1883 274 65 panem
3965 1865 74 64 et
4083 1858 400 85 circenses,

2540 1968 136 73 der
2737 1966 195 75 Herr
2993 1968 1188 95 Reichs-Ernährungs-Minister
4241 1970 245 74 nichts

2542 2083 544 75 einzuwenden
3135 2085 269 74 haben.
3502 2083 175 75 Und
3753 2085 193 73 auch
4020 2085 171 73 dem
4239 2083 249 75 Herrn

2539 2197 779 89 Reichs-Kunstwart,
3369 2200 133 73 der
3553 2198 493 77 bekanntlich
4093 2200 122 73 die
4264 2198 222 75 Biere

2540 2314 153 74 und
2730 2314 122 74 die
2889 2315 593 73 Lustbarkeiten
3512 2324 451 64 versteuern
4000 2314 273 88 zuläßt,
4315 2315 173 73 dem

2542 2430 386 73 allsodas
2989 2430 452 92 eigentliche
3501 2430 462 75 Innenleben
4019 2430 134 73 der
4208 2427 282 78 Nation

2540 2546 639 72 überanvertraut
3230 2549 117 85 ist,
3397 2546 148 72 ihm
3594 2544 259 74 würde
3900 2544 403 74 immerdar
4352 2571 136 47 aus

2542 2659 136 73 der
2732 2659 472 93 Jugendzeit,
3262 2659 120 75 die
3438 2661 191 73 Dein
3687 2664 193 71 einst
3932 2688 180 59 war,
4166 2661 136 73 der
4354 2659 90 75 be-

2542 2772 319 75 kränzte
2921 2772 436 95 Paragraph
3438 2801 176 46 vom
3694 2774 455 73 keimenden
4208 2774 278 87 Leben,

2542 2888 136 74 der
2723 2891 122 75 die
2888 2888 448 74 keimfreien
3384 2888 220 74 Biere
3648 2916 139 46 vor
3831 2888 135 74 der
4014 2888 477 72 Pullizei

2544 3004 318 87 schützt,
2911 3006 673 87 voranschweben,
3634 3004 134 73 der
3821 3008 42 85 §
3919 3010 101 83 11,
4068 3008 74 69 in
4188 3003 173 74 dem
4407 3032 81 45 es

2546 3147 81 45 so
2688 3120 233 72 schön
2974 3120 234 72 heißt:
3267 3118 347 74 Pflücket
3670 3120 120 72 die
3846 3118 276 93 Rosen,
4180 3118 308 93 solange

2546 3238 108 70 sie
2695 3260 233 48 warm
2969 3235 186 74 sind.
3225 3233 103 73 Im
3365 3233 298 75 Winter
3709 3235 156 91 gibt
3909 3260 81 46 es
4032 3233 226 75 keine
4296 3260 146 46 war-

2544 3375 171 46 men
2754 3347 394 76 Rosetten,

2546 3480 294 73 Jedoch
2876 3482 117 71 für
3026 3482 148 73 den
3206 3480 362 76 Künstler
3602 3482 332 93 ergeben
3968 3482 178 86 sich,
4181 3480 309 93 solange

2547 3624 82 43 er
2688 3597 206 73 nicht
2954 3595 423 75 Milliardär
3440 3601 116 82 ist,
3619 3623 168 47 zum
3849 3597 327 73 Schutze
4241 3599 249 71 seiner

2544 3711 274 74 Arbeit
2869 3712 154 73 und
3069 3739 167 46 zum
3287 3711 329 76 Schutze
3665 3712 135 73 des
3848 3711 457 74 keimenden
4351 3711 94 72 Le-

2546 3827 186 73 bens
2771 3827 210 87 allso,
3021 3827 190 73 allso
3248 3853 168 47 zum
3453 3826 325 74 Schutze
3817 3826 134 74 des
3988 3824 503 76 fruchtenden

2542 3937 479 90 Nachlasses,
3094 3944 241 88 einige
3379 3939 484 75 Banalitäten
3931 3941 154 73 und
4125 3939 363 92 Sprüche,

2546 4054 121 75 die
2718 4083 83 46 er
2847 4058 117 71 für
3016 4056 158 73 sich
3223 4056 361 75 behalten
3634 4056 244 86 sollte,
3927 4083 124 46 um
4098 4056 210 73 nicht
4356 4053 135 76 der

2544 4169 906 75 Lustbarkeiten-Steuer
3511 4198 91 46 zu
3663 4171 493 93 unterliegen.
4244 4168 247 74 Wenn

2549 4313 81 44 er
2666 4286 411 92 gestorben
3111 4291 117 82 ist,
3265 4290 95 69 ist
3402 4313 80 44 er
3518 4290 325 69 sowieso
3875 4285 489 74 unsterblich.

2546 4417 103 74 Ist
2693 4445 81 45 er
2817 4420 184 73 aber
3045 4420 197 71 noch
3284 4447 137 44 vor
3467 4422 286 71 seinem
3797 4418 489 94 diesseitigen
4332 4417 106 74 Ab-

2546 4532 225 74 leben
2850 4537 121 68 ein
3052 4534 676 72 anerkanntischer
3800 4532 539 74 Wohlhabicht
4418 4535 75 70 in

2547 4649 464 73 materieller
3074 4647 515 95 Hinrichtung,
3656 4676 87 46 so
3805 4649 302 73 komme
4176 4676 82 46 es
4320 4647 170 88 ihm,

2552 4764 276 90 (dieser
2872 4762 180 75 Satz
3091 4764 130 74 hat
3260 4769 222 68 einen
3521 4764 273 91 langen
3829 4762 283 92 Atem),
4153 4789 221 48 wenn
4412 4789 81 46 er

2546 4906 149 46 von
2767 4882 261 71 seinen
3098 4879 225 73 zwölf
3387 4877 386 93 gesunden
3817 4877 476 87 Biozentren,
4366 4877 128 75 auf

2546 4992 547 92 plattdeutsch:
3184 4991 303 88 Sinnen,
3579 4992 369 75 sinnvolle
4037 4991 454 76 Gebräuche

2546 5106 274 88 macht,
2861 5108 204 74 nicht
3108 5106 269 74 darauf
3413 5135 115 59 an,
3572 5106 122 74 die
3734 5108 278 72 beiden
4049 5104 395 97 Wirkungs-

2546 5221 245 75 felder
2833 5226 251 70 seiner
3126 5226 402 70 intuitiven
3572 5221 371 86 Vitalität,
3990 5221 122 75 die
4156 5221 159 75 sich
4361 5248 88 46 na-

2547 5338 393 91 turgemäß
2993 5345 191 67 stets
3236 5363 134 48 aus
3423 5338 172 73 dem
3650 5336 418 95 Optischen
4117 5336 154 75 und
4322 5334 172 77 dem

2547 5450 518 74 Akustischen
3123 5451 342 93 zugleich
3521 5450 154 74 und
3738 5450 426 94 ergänzend
4229 5453 221 71 erwei-

2549 5575 188 78 tern,
2778 5565 155 74 und
2971 5565 157 74 sich
3170 5573 200 66 etwa
3411 5566 110 73 als
3563 5566 374 92 Dichtung
3976 5565 155 74 und
4168 5563 326 76 Malerei

2549 5699 239 76 gegen
2822 5682 120 72 die
2976 5680 792 95 Zeitgenossenschaft
3804 5682 135 72 der
3970 5680 357 93 Pinguine
4359 5682 134 71 mit

2546 5793 591 78 beschränktem
3186 5793 415 88 Horizonit,
3651 5800 77 68 in
3770 5792 466 76 Klammern:
4288 5793 165 75 Zett-

2547 5909 815 86 de-Pi-emm-bee-Ha,
3414 5936 336 64 sperren,
3797 5907 694 95 Gedankenpunkt,

2546 6027 206 71 nicht
2800 6024 271 74 darauf
3115 6051 116 61 an,
3282 6025 210 73 diese
3543 6022 674 93 Tätigkeitsfelder
4259 6024 235 74 durch

3035 6195 328 93 kräftige
3409 6195 569 76 Meisterboxer

2549 6367 362 73 schützen
2991 6393 91 47 zu
3162 6366 273 74 lassen.
3516 6366 105 71 Im
3672 6364 247 76 Ernst.
4000 6364 242 75 Keine
4295 6366 150 73 Aus-

2549 6481 325 93 stellung
2949 6481 196 73 ohne
3192 6481 254 73 Boxer
3496 6481 232 73 mehr.
3827 6479 395 95 Ablösung
4271 6483 180 71 zwei-

2549 6593 398 76 stündlich.
3033 6593 403 94 Wohnung
3494 6594 156 73 und
3711 6593 359 96 Pflegung
4129 6594 161 75 frei.
4373 6593 122 74 Ihr
