3064 4572
261 740 315 57 Gabriele
618 741 209 70 (böse):
870 740 70 56 Es
981 743 71 53 ist
1090 739 226 56 nämlich
1357 739 186 72 Krieg.

259 815 209 56 Pedro
479 837 70 33 so
590 814 317 71 (lächelnd):
949 814 81 54 Ich
1070 812 159 58 weiß.

331 931 64 55 (In
427 932 81 44 der
529 931 142 44 Ferne
703 932 132 43 kräht
867 932 81 43 der
969 929 148 46 Hahn.
1169 928 62 46 Es
1264 931 172 57 schlägt
1455 931 113 44 fünf,
1617 929 160 46 Pause.
1829 931 94 45 Der
1944 932 208 46 Brunnen
2173 937 186 43 rauscht.

329 983 201 49 Pedroso
562 989 92 43 und
686 989 130 44 Flora
846 989 102 44 sind
978 989 361 57 aufgestanden.)

259 1092 437 71 Lötschberg:
743 1092 65 70 Je
855 1092 153 56 mehr
1053 1093 80 55 ich
1183 1092 108 56 den
1331 1091 113 55 Fall
1483 1092 279 71 überlege,
1811 1094 87 54 ein
1937 1093 163 57 desto
2140 1094 187 56 freund-

328 1163 229 57 licheres
580 1164 226 57 Gesicht
826 1168 190 52 nimmt
1037 1187 58 33 er
1112 1187 82 33 an.
1237 1164 91 56 Du
1350 1164 122 56 hast
1489 1168 159 52 einen
1667 1166 439 57 unbezahlbaren
2119 1168 239 71 Vorzug.

329 1237 88 54 Du
456 1240 169 54 trittst
665 1239 109 55 den
814 1261 180 33 neuen
1020 1239 149 70 Weg
1209 1261 86 45 an,
1334 1238 145 57 ohne
1519 1238 101 56 das
1659 1242 281 68 geringste
1982 1240 246 72 Gepäck.

252 1324 336 57 Gabriele:
632 1326 94 55 Sie
766 1327 183 56 haben
976 1328 162 55 keine
1159 1327 467 71 Vergangenheit.
1695 1326 146 58 Gute
1869 1327 196 57 Nacht!
2133 1329 225 71 (Bleibt)

253 1404 437 74 Lötschberg:
734 1406 79 57 So
854 1407 146 71 gehn
1039 1407 96 56 Sie
1174 1407 138 56 doch
1353 1404 192 59 schon!

253 1483 342 58 Gabriele:
637 1487 82 56 Ich
760 1487 133 72 geh!
972 1478 348 80 (Überstürzt
1358 1487 117 68 ab.)

1013 1691 252 56 Dritter
1303 1690 298 58 Auftritt.

380 1807 360 58 Lötschberg.
801 1809 172 44 Flora.
1035 1809 263 45 Pedroso.
1359 1809 101 45 Die
1493 1809 145 46 Frau.
1702 1809 342 45 Manolesku.

248 1910 434 72 Lötschberg:
710 1910 362 67 Schattenlos,
1102 1911 111 56 bist
1240 1912 74 55 du
1342 1915 86 52 ein
1457 1911 325 71 glücklicher
1808 1911 308 57 Schlehmil.
2170 1911 189 57 Selbst

322 2006 158 33 wenn
529 1986 73 53 du
651 1985 254 66 wolltest,
953 1986 260 55 könntest
1251 1986 74 53 du
1366 1986 199 55 keinen
1606 1985 251 56 Schaden
1898 1987 289 55 anrichten.
2266 1986 89 56 Du

323 2060 150 53 wirst
520 2057 108 55 den
668 2057 223 56 Bestien
933 2079 63 34 so
1037 2057 322 55 unheimlich
1400 2061 136 63 sein,
1596 2057 107 56 daß
1744 2061 80 53 sie
1864 2058 119 55 dich
2024 2060 181 54 lieben
2243 2060 113 54 und

324 2131 84 54 dir
446 2131 380 56 nachstreben.
905 2131 82 56 Ich
1028 2141 114 46 rate
1184 2132 107 55 dir:
1331 2132 275 55 Versuchs.
1684 2132 191 56 Bleibe
1916 2132 91 56 bei
2046 2154 120 35 uns.

251 2216 122 56 Die
413 2217 181 55 Frau:
634 2217 234 55 Wieviel
907 2216 234 57 Zimmer
1179 2217 182 56 haben
1400 2217 112 67 Sie,
1552 2218 243 71 gnädige
1834 2217 183 57 Frau?

252 2288 217 57 Flora:
512 2289 78 58 So
628 2289 108 56 viel
774 2289 94 56 Sie
906 2291 212 56 wollen.

1171 2361 98 58 (Ein
1300 2362 157 57 Auto.)

248 2465 409 56 Manolesku:
699 2463 156 58 Halt!
934 2465 115 56 Das
1076 2465 276 56 Schicksal
1386 2466 142 57 fährt
1552 2467 254 56 vorüber.
1871 2467 230 73 Steigen
2126 2471 97 53 wir
2248 2471 104 55 ein.

247 2543 326 58 Pedroso:
614 2545 203 56 Wohin
855 2546 136 70 geht
1029 2545 90 56 die
1160 2545 203 57 Fahrt?

248 2618 225 56 Flora:
513 2616 78 57 Zu
632 2621 115 52 mir.

248 2706 296 56 Pedroso
595 2706 280 70 (während
924 2710 151 52 seine
1115 2705 138 57 Frau
1301 2710 95 53 mit
1434 2706 159 57 Flora
1631 2709 113 54 und
1783 2709 340 72 Lötschberg
2162 2712 53 52 in
2255 2710 99 56 der

323 2780 271 71 Richtung
621 2781 101 55 des
742 2778 183 58 Autos
945 2780 442 72 verschwindet):
1448 2781 116 56 Der
1584 2782 253 55 Brunnen
1858 2786 70 52 ist
1947 2783 171 55 voller
2138 2782 213 57 Sterne.

322 2852 80 55 Ich
418 2853 106 55 will
541 2857 215 51 meinen
775 2852 139 57 Stab
931 2853 416 56 hineintauchen
1364 2855 113 54 und
1499 2877 67 32 an
1584 2856 192 54 diesen
1787 2856 238 56 Himmel
2043 2857 307 55 schreiben:

322 2923 282 59 Gedankt!
670 2926 189 56 Nichts
882 2927 174 55 Böses
1098 2926 142 56 kann
1279 2931 101 51 mir
1405 2927 164 56 heute
1594 2928 376 55 widerfahren.
2037 2930 81 54 Ich
2147 2930 205 55 fürchte

320 2999 143 55 nicht
502 2999 108 55 den
651 2998 139 57 Tod.
856 3001 136 54 Hier
1018 2999 111 56 halt
1156 3001 80 54 ich
1265 3001 91 54 ihn
1383 3002 92 55 auf
1500 3004 209 53 meiner
1737 3001 207 56 flachen
1973 3002 183 56 Hand.
2223 3003 96 55 Nie-

320 3072 166 54 mand
525 3073 143 55 kann
709 3073 136 55 mich
884 3076 266 68 zwingen.
1216 3074 80 55 Ich
1336 3074 93 55 bin
1458 3074 115 55 frei.
1641 3074 209 56 Gelobt
1888 3079 151 51 seien
2067 3076 144 55 Erde
2241 3077 110 54 und

320 3145 254 55 Himmel.
654 3145 263 58 Gedankt
944 3147 83 54 für
1051 3147 165 70 jeden
1244 3147 136 71 Tag.
1444 3148 182 55 Meine
1654 3148 268 66 Freunde,
1963 3170 111 34 was
2102 3158 250 47 erwartet

322 3218 133 54 mich
497 3218 154 56 nun?

249 3289 211 57 Flora:
503 3291 98 55 Ein
642 3291 172 68 Haus,
859 3293 99 54 das
1000 3295 53 51 in
1094 3291 99 56 der
1221 3291 410 58 Gemeinschaft
1669 3294 198 56 andrer
1893 3294 218 57 Häuser
2143 3305 206 46 wartet.

251 3374 403 60 Manolesku:
695 3379 81 55 Ich
817 3379 137 55 bitte
994 3378 92 56 Sie
1127 3401 114 44 nur,
1283 3379 189 71 fragen
1512 3379 95 57 Sie
1646 3380 158 68 nicht,
1842 3382 223 56 worauf.

252 3453 212 58 Flora:
503 3457 115 55 Auf
657 3468 183 57 etwas,
879 3481 112 34 was
1032 3481 61 34 es
1133 3459 136 56 noch
1310 3463 87 52 nie
1437 3462 209 70 gesehn
1686 3462 110 54 hat.

251 3538 321 61 Pedroso:
613 3545 201 56 Keiner
851 3568 110 35 von
1000 3570 100 33 uns
1141 3547 93 56 hat
1273 3547 136 56 noch
1451 3548 192 56 diesen
1684 3547 120 73 Tag
1841 3548 233 72 gesehn!

326 3655 96 58 (Sie
453 3660 99 43 sind
582 3664 357 44 verschwunden.
1001 3662 106 45 Man
1137 3665 104 43 hört
1272 3665 81 43 das
1383 3664 125 43 Auto
1541 3664 250 58 abfahren.)

323 3759 113 57 (Der
456 3760 234 47 Polizist
721 3766 215 42 erscheint
967 3766 91 44 und
1089 3765 138 45 blickt
1258 3766 103 44 dem
1383 3765 124 46 Auto
1528 3769 122 43 nach.
1701 3768 145 52 Dann,
1879 3769 63 43 als
1964 3768 170 44 Gabri
2149 3769 83 44 eie
2252 3770 71 43 auf-

320 3821 115 50 tritt,
478 3820 132 43 dreht
648 3838 48 25 er
733 3822 88 42 sich
858 3822 202 57 langsam
1090 3825 76 43 auf
1198 3825 104 43 dem
1334 3824 123 45 Platz
1486 3843 75 25 um
1594 3826 90 43 und
1716 3827 117 44 sieht
1864 3826 68 43 ihr
1963 3827 266 56 regungslos
2260 3826 86 57 zu.)

750 567 151 55 Rene
938 566 274 56 Schickele
1268 595 13 13 ♦
1336 565 113 56 Am
1494 565 382 57 Glockenturm

2285 573 70 52 33
