<?xml version="1.0" encoding="UTF-8"?>
<alto xmlns:xsi="http://www.w3.org/2001/XMLSchema-instance" xmlns="http://www.loc.gov/standards/alto/ns-v2#" xsi:schemaLocation="http://www.loc.gov/standards/alto/ns-v2# http://www.loc.gov/standards/alto/v2/alto-2-0.xsd" xmlns:xlink="http://www.w3.org/1999/xlink">
	<Description>
		<MeasurementUnit>mm10</MeasurementUnit>
		<sourceImageInformation>
			<fileName>./bmtnabr_1920-01_01_0041.jp2</fileName>
		</sourceImageInformation>
		<OCRProcessing ID="OCRPROCESSING_1">
			<preProcessingStep>
				<processingSoftware>
					<softwareCreator>CCS Content Conversion Specialists GmbH, Germany</softwareCreator>
					<softwareName>CCS docWorks</softwareName>
					<softwareVersion>6.9-1.27</softwareVersion>
				</processingSoftware>
			</preProcessingStep>
			<ocrProcessingStep>
				<processingSoftware>
					<softwareCreator>ABBYY (BIT Software), Russia</softwareCreator>
					<softwareName>FineReader</softwareName>
					<softwareVersion>11.0</softwareVersion>
				</processingSoftware>
			</ocrProcessingStep>
			<postProcessingStep>
				<processingSoftware>
					<softwareCreator>CCS Content Conversion Specialists GmbH, Germany</softwareCreator>
					<softwareName>CCS docWorks</softwareName>
					<softwareVersion>6.9-1.27</softwareVersion>
					<applicationDescription>docWorks: Text modified manually, or automatically replaced</applicationDescription>
				</processingSoftware>
			</postProcessingStep>
		</OCRProcessing>
	</Description>
	<Styles>
		<TextStyle ID="TXT_0" FONTSIZE="21" FONTFAMILY="Times New Roman"/>
		<TextStyle ID="TXT_1" FONTSIZE="20" FONTFAMILY="Times New Roman" FONTSTYLE="bold"/>
		<TextStyle ID="TXT_2" FONTSIZE="15" FONTFAMILY="Times New Roman" FONTSTYLE="bold"/>
		<TextStyle ID="TXT_3" FONTSIZE="21" FONTFAMILY="Times New Roman" FONTSTYLE="italics"/>
		<TextStyle ID="TXT_4" FONTSIZE="60" FONTFAMILY="Arial"/>
		<ParagraphStyle ID="PAR_BLOCK" ALIGN="Block"/>
		<ParagraphStyle ID="PAR_LEFT" ALIGN="Left"/>
		<ParagraphStyle ID="PAR_RIGHT" ALIGN="Right"/>
		<ParagraphStyle ID="PAR_CENTER" ALIGN="Center"/>
	</Styles>
	<Layout>
		<Page ID="P41" PHYSICAL_IMG_NR="41" HEIGHT="4572" WIDTH="3064" PRINTED_IMG_NR="41" PC="0.969">
			<TopMargin ID="P41_TM00001" HPOS="0" VPOS="0" WIDTH="3065" HEIGHT="604"/>
			<LeftMargin ID="P41_LM00001" HPOS="0" VPOS="604" WIDTH="189" HEIGHT="3344"/>
			<RightMargin ID="P41_RM00001" HPOS="2304" VPOS="604" WIDTH="761" HEIGHT="3344"/>
			<BottomMargin ID="P41_BM00001" HPOS="0" VPOS="3948" WIDTH="3065" HEIGHT="624"/>
			<PrintSpace ID="P41_PS00001" HPOS="189" VPOS="604" WIDTH="2115" HEIGHT="3344">
				<TextBlock ID="P41_TB00001" HPOS="189" VPOS="779" WIDTH="2115" HEIGHT="3021" STYLEREFS="TXT_0 PAR_BLOCK">
					<TextLine ID="P41_TL00001" HPOS="203" VPOS="780" WIDTH="2101" HEIGHT="72">
						<String ID="P41_ST00001" HPOS="203" VPOS="780" WIDTH="172" HEIGHT="55" CONTENT="siecht" WC="0.99" CC="020060"/>
						<SP ID="P41_SP00001" HPOS="375" VPOS="835" WIDTH="49"/>
						<String ID="P41_ST00002" HPOS="424" VPOS="781" WIDTH="112" HEIGHT="54" CONTENT="und" WC="1.00" CC="000"/>
						<SP ID="P41_SP00002" HPOS="536" VPOS="835" WIDTH="51"/>
						<String ID="P41_ST00003" HPOS="587" VPOS="780" WIDTH="124" HEIGHT="55" CONTENT="dem" WC="0.95" CC="903"/>
						<SP ID="P41_SP00003" HPOS="711" VPOS="835" WIDTH="41"/>
						<String ID="P41_ST00004" HPOS="752" VPOS="781" WIDTH="145" HEIGHT="54" CONTENT="alten" WC="0.99" CC="05000"/>
						<SP ID="P41_SP00004" HPOS="897" VPOS="835" WIDTH="41"/>
						<String ID="P41_ST00005" HPOS="938" VPOS="780" WIDTH="185" HEIGHT="72" CONTENT="König" WC="0.96" CC="56457"/>
						<SP ID="P41_SP00005" HPOS="1123" VPOS="852" WIDTH="38"/>
						<String ID="P41_ST00006" HPOS="1161" VPOS="791" WIDTH="119" HEIGHT="46" CONTENT="treu" WC="0.99" CC="0600"/>
						<SP ID="P41_SP00006" HPOS="1280" VPOS="852" WIDTH="40"/>
						<String ID="P41_ST00007" HPOS="1320" VPOS="782" WIDTH="192" HEIGHT="67" CONTENT="bleibt," WC="0.98" CC="2506601"/>
						<SP ID="P41_SP00007" HPOS="1512" VPOS="852" WIDTH="49"/>
						<String ID="P41_ST00008" HPOS="1561" VPOS="783" WIDTH="79" HEIGHT="56" CONTENT="als" WC="0.98" CC="050"/>
						<SP ID="P41_SP00008" HPOS="1640" VPOS="852" WIDTH="39"/>
						<String ID="P41_ST00009" HPOS="1679" VPOS="785" WIDTH="90" HEIGHT="54" CONTENT="die" WC="0.97" CC="060"/>
						<SP ID="P41_SP00009" HPOS="1769" VPOS="852" WIDTH="40"/>
						<String ID="P41_ST00010" HPOS="1809" VPOS="786" WIDTH="207" HEIGHT="56" CONTENT="andern" WC="1.00" CC="000030"/>
						<SP ID="P41_SP00010" HPOS="2016" VPOS="852" WIDTH="39"/>
						<String ID="P41_ST00011" HPOS="2055" VPOS="788" WIDTH="92" HEIGHT="55" CONTENT="ihn" WC="0.95" CC="461"/>
						<SP ID="P41_SP00011" HPOS="2147" VPOS="852" WIDTH="39"/>
						<String ID="P41_ST00012" HPOS="2186" VPOS="811" WIDTH="89" HEIGHT="35" CONTENT="ver" SUBS_TYPE="HypPart1" SUBS_CONTENT="verlassen." WC="0.98" CC="005"/>
						<HYP HPOS="2275" VPOS="811" WIDTH="29" CONTENT="-"/>
					</TextLine>
					<TextLine ID="P41_TL00002" HPOS="202" VPOS="852" WIDTH="2100" HEIGHT="71">
						<String ID="P41_ST00013" HPOS="202" VPOS="852" WIDTH="197" HEIGHT="56" CONTENT="lassen." SUBS_TYPE="HypPart2" SUBS_CONTENT="verlassen." WC="0.99" CC="6000013"/>
						<SP ID="P41_SP00012" HPOS="399" VPOS="908" WIDTH="78"/>
						<String ID="P41_ST00014" HPOS="477" VPOS="852" WIDTH="132" HEIGHT="56" CONTENT="Wer" WC="0.95" CC="904"/>
						<SP ID="P41_SP00013" HPOS="609" VPOS="908" WIDTH="38"/>
						<String ID="P41_ST00015" HPOS="647" VPOS="853" WIDTH="213" HEIGHT="55" CONTENT="möchte" WC="0.99" CC="070000"/>
						<SP ID="P41_SP00014" HPOS="860" VPOS="908" WIDTH="39"/>
						<String ID="P41_ST00016" HPOS="899" VPOS="874" WIDTH="191" HEIGHT="49" CONTENT="sagen," WC="0.99" CC="009000"/>
						<SP ID="P41_SP00015" HPOS="1090" VPOS="923" WIDTH="42"/>
						<String ID="P41_ST00017" HPOS="1132" VPOS="853" WIDTH="109" HEIGHT="56" CONTENT="daß" WC="1.00" CC="000"/>
						<SP ID="P41_SP00016" HPOS="1241" VPOS="923" WIDTH="42"/>
						<String ID="P41_ST00018" HPOS="1283" VPOS="876" WIDTH="58" HEIGHT="33" CONTENT="er" WC="1.00" CC="00"/>
						<SP ID="P41_SP00017" HPOS="1341" VPOS="923" WIDTH="36"/>
						<String ID="P41_ST00019" HPOS="1377" VPOS="854" WIDTH="234" HEIGHT="56" CONTENT="wirklich" WC="0.99" CC="24306100"/>
						<SP ID="P41_SP00018" HPOS="1611" VPOS="923" WIDTH="40"/>
						<String ID="P41_ST00020" HPOS="1651" VPOS="858" WIDTH="235" HEIGHT="55" CONTENT="närrisch" WC="1.00" CC="02013000"/>
						<SP ID="P41_SP00019" HPOS="1886" VPOS="923" WIDTH="29"/>
						<String ID="P41_ST00021" HPOS="1915" VPOS="860" WIDTH="92" HEIGHT="55" CONTENT="ist!" WC="0.98" CC="7000"/>
						<SP ID="P41_SP00020" HPOS="2007" VPOS="923" WIDTH="67"/>
						<String ID="P41_ST00022" HPOS="2074" VPOS="860" WIDTH="228" HEIGHT="58" CONTENT="Goneril" WC="0.86" CC="0000405"/>
					</TextLine>
					<TextLine ID="P41_TL00003" HPOS="201" VPOS="926" WIDTH="2103" HEIGHT="75">
						<String ID="P41_ST00023" HPOS="201" VPOS="926" WIDTH="141" HEIGHT="55" CONTENT="weiß" WC="0.99" CC="3000"/>
						<SP ID="P41_SP00021" HPOS="342" VPOS="981" WIDTH="58"/>
						<String ID="P41_ST00024" HPOS="400" VPOS="946" WIDTH="60" HEIGHT="33" CONTENT="es" WC="1.00" CC="00"/>
						<SP ID="P41_SP00022" HPOS="460" VPOS="981" WIDTH="47"/>
						<String ID="P41_ST00025" HPOS="507" VPOS="926" WIDTH="271" HEIGHT="69" CONTENT="besser*)." WC="1.00" CC="100000403"/>
						<SP ID="P41_SP00023" HPOS="778" VPOS="995" WIDTH="55"/>
						<String ID="P41_ST00026" HPOS="833" VPOS="959" WIDTH="68" HEIGHT="6" CONTENT="—" WC="0.20" CC="8"/>
						<SP ID="P41_SP00024" HPOS="901" VPOS="995" WIDTH="59"/>
						<String ID="P41_ST00027" HPOS="960" VPOS="927" WIDTH="229" HEIGHT="71" CONTENT="Steigen" WC="1.00" CC="0200004"/>
						<SP ID="P41_SP00025" HPOS="1189" VPOS="998" WIDTH="46"/>
						<String ID="P41_ST00028" HPOS="1235" VPOS="931" WIDTH="96" HEIGHT="52" CONTENT="wir" WC="0.99" CC="020"/>
						<SP ID="P41_SP00026" HPOS="1331" VPOS="998" WIDTH="46"/>
						<String ID="P41_ST00029" HPOS="1377" VPOS="929" WIDTH="137" HEIGHT="56" CONTENT="noch" WC="0.99" CC="2004"/>
						<SP ID="P41_SP00027" HPOS="1514" VPOS="998" WIDTH="41"/>
						<String ID="P41_ST00030" HPOS="1555" VPOS="932" WIDTH="122" HEIGHT="53" CONTENT="eine" WC="0.98" CC="0340"/>
						<SP ID="P41_SP00028" HPOS="1677" VPOS="998" WIDTH="38"/>
						<String ID="P41_ST00031" HPOS="1715" VPOS="929" WIDTH="159" HEIGHT="58" CONTENT="Stufe" WC="0.99" CC="10060"/>
						<SP ID="P41_SP00029" HPOS="1874" VPOS="998" WIDTH="38"/>
						<String ID="P41_ST00032" HPOS="1912" VPOS="933" WIDTH="190" HEIGHT="68" CONTENT="höher," WC="1.00" CC="000010"/>
						<SP ID="P41_SP00030" HPOS="2102" VPOS="1001" WIDTH="61"/>
						<String ID="P41_ST00033" HPOS="2163" VPOS="936" WIDTH="141" HEIGHT="56" CONTENT="nicht" WC="1.00" CC="12000"/>
					</TextLine>
					<TextLine ID="P41_TL00004" HPOS="201" VPOS="997" WIDTH="2103" HEIGHT="80">
						<String ID="P41_ST00034" HPOS="201" VPOS="1021" WIDTH="112" HEIGHT="33" CONTENT="was" WC="0.99" CC="020"/>
						<SP ID="P41_SP00031" HPOS="313" VPOS="1054" WIDTH="38"/>
						<String ID="P41_ST00035" HPOS="351" VPOS="997" WIDTH="190" HEIGHT="66" CONTENT="Moral," WC="0.99" CC="004050"/>
						<SP ID="P41_SP00032" HPOS="541" VPOS="1063" WIDTH="50"/>
						<String ID="P41_ST00036" HPOS="591" VPOS="999" WIDTH="133" HEIGHT="55" CONTENT="aber" WC="0.99" CC="2300"/>
						<SP ID="P41_SP00033" HPOS="724" VPOS="1063" WIDTH="38"/>
						<String ID="P41_ST00037" HPOS="762" VPOS="999" WIDTH="313" HEIGHT="71" CONTENT="Intelligenz" WC="1.00" CC="00005430030"/>
						<SP ID="P41_SP00034" HPOS="1075" VPOS="1070" WIDTH="47"/>
						<String ID="P41_ST00038" HPOS="1122" VPOS="1001" WIDTH="245" HEIGHT="72" CONTENT="anlangt:" WC="1.00" CC="02400000"/>
						<SP ID="P41_SP00035" HPOS="1367" VPOS="1073" WIDTH="48"/>
						<String ID="P41_ST00039" HPOS="1415" VPOS="1003" WIDTH="71" HEIGHT="55" CONTENT="da" WC="1.00" CC="00"/>
						<SP ID="P41_SP00036" HPOS="1486" VPOS="1073" WIDTH="47"/>
						<String ID="P41_ST00040" HPOS="1533" VPOS="1004" WIDTH="123" HEIGHT="55" CONTENT="sind" WC="0.98" CC="0340"/>
						<SP ID="P41_SP00037" HPOS="1656" VPOS="1073" WIDTH="41"/>
						<String ID="P41_ST00041" HPOS="1697" VPOS="1004" WIDTH="90" HEIGHT="55" CONTENT="die" WC="0.99" CC="020"/>
						<SP ID="P41_SP00038" HPOS="1787" VPOS="1073" WIDTH="38"/>
						<String ID="P41_ST00042" HPOS="1825" VPOS="1007" WIDTH="305" HEIGHT="70" CONTENT="zynischen," WC="1.00" CC="0002005000"/>
						<SP ID="P41_SP00039" HPOS="2130" VPOS="1077" WIDTH="52"/>
						<String ID="P41_ST00043" HPOS="2182" VPOS="1031" WIDTH="92" HEIGHT="33" CONTENT="aus" SUBS_TYPE="HypPart1" SUBS_CONTENT="ausschweifigen," WC="0.83" CC="020"/>
						<HYP HPOS="2274" VPOS="1031" WIDTH="30" CONTENT="-"/>
					</TextLine>
					<TextLine ID="P41_TL00005" HPOS="201" VPOS="1070" WIDTH="2102" HEIGHT="77">
						<String ID="P41_ST00044" HPOS="201" VPOS="1070" WIDTH="366" HEIGHT="70" CONTENT="schweifigen," SUBS_TYPE="HypPart2" SUBS_CONTENT="ausschweifigen," WC="0.86" CC="000003050052"/>
						<SP ID="P41_SP00040" HPOS="567" VPOS="1140" WIDTH="59"/>
						<String ID="P41_ST00045" HPOS="626" VPOS="1072" WIDTH="353" HEIGHT="56" CONTENT="lasterhaften" WC="1.00" CC="700000004005"/>
						<SP ID="P41_SP00041" HPOS="979" VPOS="1140" WIDTH="47"/>
						<String ID="P41_ST00046" HPOS="1026" VPOS="1073" WIDTH="228" HEIGHT="67" CONTENT="Narren," WC="1.00" CC="2000003"/>
						<SP ID="P41_SP00042" HPOS="1254" VPOS="1140" WIDTH="59"/>
						<String ID="P41_ST00047" HPOS="1313" VPOS="1075" WIDTH="91" HEIGHT="55" CONTENT="die" WC="0.99" CC="030"/>
						<SP ID="P41_SP00043" HPOS="1404" VPOS="1140" WIDTH="47"/>
						<String ID="P41_ST00048" HPOS="1451" VPOS="1075" WIDTH="196" HEIGHT="72" CONTENT="jedoch" WC="1.00" CC="200200"/>
						<SP ID="P41_SP00044" HPOS="1647" VPOS="1147" WIDTH="49"/>
						<String ID="P41_ST00049" HPOS="1696" VPOS="1077" WIDTH="100" HEIGHT="54" CONTENT="das" WC="1.00" CC="000"/>
						<SP ID="P41_SP00045" HPOS="1796" VPOS="1147" WIDTH="48"/>
						<String ID="P41_ST00050" HPOS="1844" VPOS="1078" WIDTH="190" HEIGHT="56" CONTENT="Leben" WC="0.99" CC="50000"/>
						<SP ID="P41_SP00046" HPOS="2034" VPOS="1147" WIDTH="54"/>
						<String ID="P41_ST00051" HPOS="2088" VPOS="1081" WIDTH="215" HEIGHT="55" CONTENT="kennen" WC="1.00" CC="000000"/>
					</TextLine>
					<TextLine ID="P41_TL00006" HPOS="200" VPOS="1144" WIDTH="2103" HEIGHT="77">
						<String ID="P41_ST00052" HPOS="200" VPOS="1144" WIDTH="111" HEIGHT="53" CONTENT="und" WC="1.00" CC="000"/>
						<SP ID="P41_SP00047" HPOS="311" VPOS="1197" WIDTH="26"/>
						<String ID="P41_ST00053" HPOS="337" VPOS="1164" WIDTH="99" HEIGHT="35" CONTENT="vor" WC="0.98" CC="032"/>
						<SP ID="P41_SP00048" HPOS="436" VPOS="1199" WIDTH="27"/>
						<String ID="P41_ST00054" HPOS="463" VPOS="1144" WIDTH="171" HEIGHT="56" CONTENT="nichts" WC="0.99" CC="030600"/>
						<SP ID="P41_SP00049" HPOS="634" VPOS="1200" WIDTH="25"/>
						<String ID="P41_ST00055" HPOS="659" VPOS="1147" WIDTH="517" HEIGHT="57" CONTENT="zurückschrecken:" WC="1.00" CC="0010000000000000"/>
						<SP ID="P41_SP00050" HPOS="1176" VPOS="1204" WIDTH="28"/>
						<String ID="P41_ST00056" HPOS="1204" VPOS="1148" WIDTH="350" HEIGHT="71" CONTENT="Apemantus" WC="0.97" CC="000002000"/>
						<SP ID="P41_SP00051" HPOS="1554" VPOS="1219" WIDTH="27"/>
						<String ID="P41_ST00057" HPOS="1581" VPOS="1153" WIDTH="72" HEIGHT="51" CONTENT="im" WC="0.79" CC="40"/>
						<SP ID="P41_SP00052" HPOS="1653" VPOS="1219" WIDTH="30"/>
						<String ID="P41_ST00058" HPOS="1683" VPOS="1149" WIDTH="229" HEIGHT="67" CONTENT="„Timon" WC="0.99" CC="441000"/>
						<SP ID="P41_SP00053" HPOS="1912" VPOS="1219" WIDTH="21"/>
						<String ID="P41_ST00059" HPOS="1933" VPOS="1174" WIDTH="108" HEIGHT="35" CONTENT="von" WC="1.00" CC="000"/>
						<SP ID="P41_SP00054" HPOS="2041" VPOS="1219" WIDTH="18"/>
						<String ID="P41_ST00060" HPOS="2059" VPOS="1152" WIDTH="244" HEIGHT="69" CONTENT="Athen“;" WC="0.99" CC="0000083"/>
					</TextLine>
					<TextLine ID="P41_TL00007" HPOS="198" VPOS="1216" WIDTH="2106" HEIGHT="79">
						<String ID="P41_ST00061" HPOS="198" VPOS="1216" WIDTH="101" HEIGHT="56" CONTENT="der" WC="1.00" CC="000"/>
						<SP ID="P41_SP00055" HPOS="299" VPOS="1272" WIDTH="37"/>
						<String ID="P41_ST00062" HPOS="336" VPOS="1218" WIDTH="458" HEIGHT="70" CONTENT="ungeheuerliche" WC="1.00" CC="10000000051000"/>
						<SP ID="P41_SP00056" HPOS="794" VPOS="1288" WIDTH="28"/>
						<String ID="P41_ST00063" HPOS="822" VPOS="1219" WIDTH="243" HEIGHT="69" CONTENT="Falstaff," WC="0.99" CC="004000453"/>
						<SP ID="P41_SP00057" HPOS="1065" VPOS="1288" WIDTH="40"/>
						<String ID="P41_ST00064" HPOS="1105" VPOS="1221" WIDTH="126" HEIGHT="55" CONTENT="dem" WC="0.99" CC="002"/>
						<SP ID="P41_SP00058" HPOS="1231" VPOS="1288" WIDTH="43"/>
						<String ID="P41_ST00065" HPOS="1274" VPOS="1244" WIDTH="121" HEIGHT="33" CONTENT="man" WC="0.98" CC="500"/>
						<SP ID="P41_SP00059" HPOS="1395" VPOS="1288" WIDTH="42"/>
						<String ID="P41_ST00066" HPOS="1437" VPOS="1223" WIDTH="133" HEIGHT="56" CONTENT="alles" WC="0.99" CC="05400"/>
						<SP ID="P41_SP00060" HPOS="1570" VPOS="1288" WIDTH="27"/>
						<String ID="P41_ST00067" HPOS="1597" VPOS="1224" WIDTH="349" HEIGHT="71" CONTENT="durchgehen" WC="1.00" CC="0010000000"/>
						<SP ID="P41_SP00061" HPOS="1946" VPOS="1295" WIDTH="29"/>
						<String ID="P41_ST00068" HPOS="1975" VPOS="1227" WIDTH="132" HEIGHT="67" CONTENT="läßt," WC="0.97" CC="57041"/>
						<SP ID="P41_SP00062" HPOS="2107" VPOS="1295" WIDTH="43"/>
						<String ID="P41_ST00069" HPOS="2150" VPOS="1233" WIDTH="154" HEIGHT="52" CONTENT="seine" WC="1.00" CC="00300"/>
					</TextLine>
					<TextLine ID="P41_TL00008" HPOS="198" VPOS="1289" WIDTH="2106" HEIGHT="68">
						<String ID="P41_ST00070" HPOS="198" VPOS="1289" WIDTH="191" HEIGHT="54" CONTENT="Laster" WC="1.00" CC="000000"/>
						<SP ID="P41_SP00063" HPOS="389" VPOS="1343" WIDTH="25"/>
						<String ID="P41_ST00071" HPOS="414" VPOS="1290" WIDTH="112" HEIGHT="55" CONTENT="und" WC="1.00" CC="000"/>
						<SP ID="P41_SP00064" HPOS="526" VPOS="1345" WIDTH="27"/>
						<String ID="P41_ST00072" HPOS="553" VPOS="1294" WIDTH="151" HEIGHT="53" CONTENT="seine" WC="1.00" CC="00200"/>
						<SP ID="P41_SP00065" HPOS="704" VPOS="1347" WIDTH="20"/>
						<String ID="P41_ST00073" HPOS="724" VPOS="1291" WIDTH="377" HEIGHT="66" CONTENT="Wahrheiten," WC="1.00" CC="50020000004"/>
						<SP ID="P41_SP00066" HPOS="1101" VPOS="1357" WIDTH="38"/>
						<String ID="P41_ST00074" HPOS="1139" VPOS="1294" WIDTH="121" HEIGHT="56" CONTENT="weil" WC="0.98" CC="0025"/>
						<SP ID="P41_SP00067" HPOS="1260" VPOS="1357" WIDTH="29"/>
						<String ID="P41_ST00075" HPOS="1289" VPOS="1317" WIDTH="121" HEIGHT="33" CONTENT="man" WC="0.99" CC="200"/>
						<SP ID="P41_SP00068" HPOS="1410" VPOS="1357" WIDTH="28"/>
						<String ID="P41_ST00076" HPOS="1438" VPOS="1295" WIDTH="109" HEIGHT="55" CONTENT="ihm" WC="1.00" CC="100"/>
						<SP ID="P41_SP00069" HPOS="1547" VPOS="1357" WIDTH="29"/>
						<String ID="P41_ST00077" HPOS="1576" VPOS="1295" WIDTH="84" HEIGHT="56" CONTENT="für" WC="0.96" CC="605"/>
						<SP ID="P41_SP00070" HPOS="1660" VPOS="1357" WIDTH="26"/>
						<String ID="P41_ST00078" HPOS="1686" VPOS="1300" WIDTH="189" HEIGHT="51" CONTENT="seinen" WC="1.00" CC="600000"/>
						<SP ID="P41_SP00071" HPOS="1875" VPOS="1357" WIDTH="29"/>
						<String ID="P41_ST00079" HPOS="1904" VPOS="1299" WIDTH="211" HEIGHT="57" CONTENT="Humor" WC="0.99" CC="00501"/>
						<SP ID="P41_SP00072" HPOS="2115" VPOS="1357" WIDTH="27"/>
						<String ID="P41_ST00080" HPOS="2142" VPOS="1301" WIDTH="162" HEIGHT="56" CONTENT="Dank" WC="0.99" CC="4010"/>
					</TextLine>
					<TextLine ID="P41_TL00009" HPOS="197" VPOS="1361" WIDTH="2107" HEIGHT="78">
						<String ID="P41_ST00081" HPOS="197" VPOS="1361" WIDTH="158" HEIGHT="66" CONTENT="weiß," WC="1.00" CC="00000"/>
						<SP ID="P41_SP00073" HPOS="355" VPOS="1427" WIDTH="49"/>
						<String ID="P41_ST00082" HPOS="404" VPOS="1364" WIDTH="99" HEIGHT="53" CONTENT="der" WC="1.00" CC="000"/>
						<SP ID="P41_SP00074" HPOS="503" VPOS="1427" WIDTH="47"/>
						<String ID="P41_ST00083" HPOS="550" VPOS="1365" WIDTH="92" HEIGHT="53" CONTENT="ihn" WC="1.00" CC="000"/>
						<SP ID="P41_SP00075" HPOS="642" VPOS="1427" WIDTH="49"/>
						<String ID="P41_ST00084" HPOS="691" VPOS="1366" WIDTH="297" HEIGHT="55" CONTENT="umstrahlt." WC="1.00" CC="0000000503"/>
						<SP ID="P41_SP00076" HPOS="988" VPOS="1427" WIDTH="80"/>
						<String ID="P41_ST00085" HPOS="1068" VPOS="1366" WIDTH="159" HEIGHT="56" CONTENT="Aber" WC="0.99" CC="0300"/>
						<SP ID="P41_SP00077" HPOS="1227" VPOS="1427" WIDTH="45"/>
						<String ID="P41_ST00086" HPOS="1272" VPOS="1389" WIDTH="58" HEIGHT="33" CONTENT="er" WC="0.86" CC="02"/>
						<SP ID="P41_SP00078" HPOS="1330" VPOS="1427" WIDTH="46"/>
						<String ID="P41_ST00087" HPOS="1376" VPOS="1379" WIDTH="124" HEIGHT="60" CONTENT="sagt" WC="1.00" CC="0100"/>
						<SP ID="P41_SP00079" HPOS="1500" VPOS="1439" WIDTH="46"/>
						<String ID="P41_ST00088" HPOS="1546" VPOS="1369" WIDTH="358" HEIGHT="57" CONTENT="schreckliche" WC="1.00" CC="006000000050"/>
						<SP ID="P41_SP00080" HPOS="1904" VPOS="1439" WIDTH="28"/>
						<String ID="P41_ST00089" HPOS="1932" VPOS="1371" WIDTH="194" HEIGHT="59" CONTENT="Worte" WC="0.99" CC="03300"/>
						<SP ID="P41_SP00081" HPOS="2126" VPOS="1439" WIDTH="40"/>
						<String ID="P41_ST00090" HPOS="2166" VPOS="1375" WIDTH="138" HEIGHT="56" CONTENT="über" WC="0.98" CC="0603"/>
					</TextLine>
					<TextLine ID="P41_TL00010" HPOS="198" VPOS="1435" WIDTH="2104" HEIGHT="80">
						<String ID="P41_ST00091" HPOS="198" VPOS="1435" WIDTH="91" HEIGHT="54" CONTENT="die" WC="0.99" CC="010"/>
						<SP ID="P41_SP00082" HPOS="289" VPOS="1489" WIDTH="40"/>
						<String ID="P41_ST00092" HPOS="329" VPOS="1435" WIDTH="202" HEIGHT="71" CONTENT="Dinge," WC="1.00" CC="500000"/>
						<SP ID="P41_SP00083" HPOS="531" VPOS="1506" WIDTH="42"/>
						<String ID="P41_ST00093" HPOS="573" VPOS="1437" WIDTH="92" HEIGHT="55" CONTENT="die" WC="0.99" CC="030"/>
						<SP ID="P41_SP00084" HPOS="665" VPOS="1506" WIDTH="39"/>
						<String ID="P41_ST00094" HPOS="704" VPOS="1439" WIDTH="90" HEIGHT="54" CONTENT="die" WC="1.00" CC="000"/>
						<SP ID="P41_SP00085" HPOS="794" VPOS="1506" WIDTH="36"/>
						<String ID="P41_ST00095" HPOS="830" VPOS="1437" WIDTH="367" HEIGHT="59" CONTENT="Gesellschaft" WC="0.99" CC="100045206050"/>
						<SP ID="P41_SP00086" HPOS="1197" VPOS="1506" WIDTH="39"/>
						<String ID="P41_ST00096" HPOS="1236" VPOS="1441" WIDTH="79" HEIGHT="55" CONTENT="als" WC="0.99" CC="001"/>
						<SP ID="P41_SP00087" HPOS="1315" VPOS="1506" WIDTH="40"/>
						<String ID="P41_ST00097" HPOS="1355" VPOS="1442" WIDTH="115" HEIGHT="55" CONTENT="ihre" WC="0.99" CC="2020"/>
						<SP ID="P41_SP00088" HPOS="1470" VPOS="1506" WIDTH="28"/>
						<String ID="P41_ST00098" HPOS="1498" VPOS="1442" WIDTH="227" HEIGHT="56" CONTENT="Stützen" WC="1.00" CC="0000000"/>
						<SP ID="P41_SP00089" HPOS="1725" VPOS="1506" WIDTH="41"/>
						<String ID="P41_ST00099" HPOS="1766" VPOS="1444" WIDTH="326" HEIGHT="58" CONTENT="betrachtet:" WC="1.00" CC="10006000000"/>
						<SP ID="P41_SP00090" HPOS="2092" VPOS="1506" WIDTH="42"/>
						<String ID="P41_ST00100" HPOS="2134" VPOS="1448" WIDTH="168" HEIGHT="67" CONTENT="Heer," WC="1.00" CC="00000"/>
					</TextLine>
					<TextLine ID="P41_TL00011" HPOS="198" VPOS="1509" WIDTH="2104" HEIGHT="72">
						<String ID="P41_ST00101" HPOS="198" VPOS="1509" WIDTH="432" HEIGHT="72" CONTENT="Gerechtigkeit," WC="1.00" CC="00000003000301"/>
						<SP ID="P41_SP00091" HPOS="630" VPOS="1581" WIDTH="23"/>
						<String ID="P41_ST00102" HPOS="653" VPOS="1511" WIDTH="158" HEIGHT="56" CONTENT="Ehre." WC="0.99" CC="10003"/>
						<SP ID="P41_SP00092" HPOS="811" VPOS="1581" WIDTH="22"/>
						<String ID="P41_ST00103" HPOS="833" VPOS="1544" WIDTH="70" HEIGHT="8" CONTENT="—" WC="0.20" CC="8"/>
						<SP ID="P41_SP00093" HPOS="903" VPOS="1581" WIDTH="23"/>
						<String ID="P41_ST00104" HPOS="926" VPOS="1514" WIDTH="151" HEIGHT="54" CONTENT="Noch" WC="0.99" CC="4000"/>
						<SP ID="P41_SP00094" HPOS="1077" VPOS="1581" WIDTH="31"/>
						<String ID="P41_ST00105" HPOS="1108" VPOS="1514" WIDTH="172" HEIGHT="55" CONTENT="höher" WC="1.00" CC="00000"/>
						<SP ID="P41_SP00095" HPOS="1280" VPOS="1581" WIDTH="21"/>
						<String ID="P41_ST00106" HPOS="1301" VPOS="1515" WIDTH="186" HEIGHT="56" CONTENT="hinauf" WC="0.99" CC="050006"/>
						<SP ID="P41_SP00096" HPOS="1487" VPOS="1581" WIDTH="20"/>
						<String ID="P41_ST00107" HPOS="1507" VPOS="1516" WIDTH="99" HEIGHT="55" CONTENT="der" WC="1.00" CC="000"/>
						<SP ID="P41_SP00097" HPOS="1606" VPOS="1581" WIDTH="20"/>
						<String ID="P41_ST00108" HPOS="1626" VPOS="1519" WIDTH="218" HEIGHT="54" CONTENT="Mensch" WC="1.00" CC="202000"/>
						<SP ID="P41_SP00098" HPOS="1844" VPOS="1581" WIDTH="23"/>
						<String ID="P41_ST00109" HPOS="1867" VPOS="1522" WIDTH="97" HEIGHT="53" CONTENT="mit" WC="1.00" CC="000"/>
						<SP ID="P41_SP00099" HPOS="1964" VPOS="1581" WIDTH="20"/>
						<String ID="P41_ST00110" HPOS="1984" VPOS="1521" WIDTH="126" HEIGHT="55" CONTENT="dem" WC="0.98" CC="004"/>
						<SP ID="P41_SP00100" HPOS="2110" VPOS="1581" WIDTH="28"/>
						<String ID="P41_ST00111" HPOS="2138" VPOS="1522" WIDTH="164" HEIGHT="55" CONTENT="edlen" WC="0.99" CC="00400"/>
					</TextLine>
					<TextLine ID="P41_TL00012" HPOS="197" VPOS="1581" WIDTH="2105" HEIGHT="85">
						<String ID="P41_ST00112" HPOS="197" VPOS="1581" WIDTH="219" HEIGHT="56" CONTENT="Herzen" WC="1.00" CC="000000"/>
						<SP ID="P41_SP00101" HPOS="416" VPOS="1637" WIDTH="40"/>
						<String ID="P41_ST00113" HPOS="456" VPOS="1585" WIDTH="111" HEIGHT="53" CONTENT="und" WC="1.00" CC="000"/>
						<SP ID="P41_SP00102" HPOS="567" VPOS="1638" WIDTH="26"/>
						<String ID="P41_ST00114" HPOS="593" VPOS="1606" WIDTH="108" HEIGHT="33" CONTENT="von" WC="0.99" CC="003"/>
						<SP ID="P41_SP00103" HPOS="701" VPOS="1639" WIDTH="27"/>
						<String ID="P41_ST00115" HPOS="728" VPOS="1587" WIDTH="326" HEIGHT="55" CONTENT="vornehmer" WC="1.00" CC="001000000"/>
						<SP ID="P41_SP00104" HPOS="1054" VPOS="1642" WIDTH="27"/>
						<String ID="P41_ST00116" HPOS="1081" VPOS="1589" WIDTH="291" HEIGHT="66" CONTENT="Herkunft," WC="1.00" CC="004010600"/>
						<SP ID="P41_SP00105" HPOS="1372" VPOS="1655" WIDTH="41"/>
						<String ID="P41_ST00117" HPOS="1413" VPOS="1590" WIDTH="138" HEIGHT="54" CONTENT="doch" WC="1.00" CC="0000"/>
						<SP ID="P41_SP00106" HPOS="1551" VPOS="1655" WIDTH="28"/>
						<String ID="P41_ST00118" HPOS="1579" VPOS="1590" WIDTH="165" HEIGHT="56" CONTENT="durch" WC="0.99" CC="04000"/>
						<SP ID="P41_SP00107" HPOS="1744" VPOS="1655" WIDTH="29"/>
						<String ID="P41_ST00119" HPOS="1773" VPOS="1592" WIDTH="529" HEIGHT="74" CONTENT="Schicksalsschläge" WC="1.00" CC="40030000500004090"/>
					</TextLine>
					<TextLine ID="P41_TL00013" HPOS="196" VPOS="1656" WIDTH="2106" HEIGHT="73">
						<String ID="P41_ST00120" HPOS="196" VPOS="1676" WIDTH="98" HEIGHT="33" CONTENT="aus" WC="0.99" CC="030"/>
						<SP ID="P41_SP00108" HPOS="294" VPOS="1709" WIDTH="40"/>
						<String ID="P41_ST00121" HPOS="334" VPOS="1656" WIDTH="126" HEIGHT="54" CONTENT="dem" WC="1.00" CC="000"/>
						<SP ID="P41_SP00109" HPOS="460" VPOS="1710" WIDTH="42"/>
						<String ID="P41_ST00122" HPOS="502" VPOS="1656" WIDTH="425" HEIGHT="73" CONTENT="Gleichgewicht" WC="1.00" CC="0404000005000"/>
						<SP ID="P41_SP00110" HPOS="927" VPOS="1729" WIDTH="40"/>
						<String ID="P41_ST00123" HPOS="967" VPOS="1660" WIDTH="283" HEIGHT="69" CONTENT="gebracht:" WC="1.00" CC="002200000"/>
						<SP ID="P41_SP00111" HPOS="1250" VPOS="1729" WIDTH="41"/>
						<String ID="P41_ST00124" HPOS="1291" VPOS="1660" WIDTH="194" HEIGHT="57" CONTENT="Timon" WC="0.99" CC="04300"/>
						<SP ID="P41_SP00112" HPOS="1485" VPOS="1729" WIDTH="41"/>
						<String ID="P41_ST00125" HPOS="1526" VPOS="1665" WIDTH="113" HEIGHT="53" CONTENT="und" WC="0.99" CC="030"/>
						<SP ID="P41_SP00113" HPOS="1639" VPOS="1729" WIDTH="40"/>
						<String ID="P41_ST00126" HPOS="1679" VPOS="1663" WIDTH="151" HEIGHT="56" CONTENT="Lear." WC="1.00" CC="00000"/>
						<SP ID="P41_SP00114" HPOS="1830" VPOS="1729" WIDTH="44"/>
						<String ID="P41_ST00127" HPOS="1874" VPOS="1696" WIDTH="71" HEIGHT="8" CONTENT="—" WC="0.20" CC="8"/>
						<SP ID="P41_SP00115" HPOS="1945" VPOS="1729" WIDTH="29"/>
						<String ID="P41_ST00128" HPOS="1974" VPOS="1665" WIDTH="328" HEIGHT="58" CONTENT="Schließlich" WC="1.00" CC="00051004500"/>
					</TextLine>
					<TextLine ID="P41_TL00014" HPOS="197" VPOS="1728" WIDTH="2106" HEIGHT="78">
						<String ID="P41_ST00129" HPOS="197" VPOS="1728" WIDTH="99" HEIGHT="55" CONTENT="der" WC="1.00" CC="000"/>
						<SP ID="P41_SP00116" HPOS="296" VPOS="1783" WIDTH="45"/>
						<String ID="P41_ST00130" HPOS="341" VPOS="1728" WIDTH="227" HEIGHT="57" CONTENT="höchste" WC="1.00" CC="0000000"/>
						<SP ID="P41_SP00117" HPOS="568" VPOS="1785" WIDTH="44"/>
						<String ID="P41_ST00131" HPOS="612" VPOS="1752" WIDTH="111" HEIGHT="35" CONTENT="von" WC="1.00" CC="000"/>
						<SP ID="P41_SP00118" HPOS="723" VPOS="1787" WIDTH="47"/>
						<String ID="P41_ST00132" HPOS="770" VPOS="1732" WIDTH="157" HEIGHT="64" CONTENT="allen," WC="0.99" CC="076010"/>
						<SP ID="P41_SP00119" HPOS="927" VPOS="1796" WIDTH="55"/>
						<String ID="P41_ST00133" HPOS="982" VPOS="1735" WIDTH="99" HEIGHT="53" CONTENT="der" WC="1.00" CC="001"/>
						<SP ID="P41_SP00120" HPOS="1081" VPOS="1796" WIDTH="38"/>
						<String ID="P41_ST00134" HPOS="1119" VPOS="1735" WIDTH="219" HEIGHT="69" CONTENT="klügste" WC="1.00" CC="0600000"/>
						<SP ID="P41_SP00121" HPOS="1338" VPOS="1804" WIDTH="42"/>
						<String ID="P41_ST00135" HPOS="1380" VPOS="1736" WIDTH="111" HEIGHT="54" CONTENT="und" WC="0.99" CC="020"/>
						<SP ID="P41_SP00122" HPOS="1491" VPOS="1804" WIDTH="40"/>
						<String ID="P41_ST00136" HPOS="1531" VPOS="1736" WIDTH="160" HEIGHT="57" CONTENT="beste" WC="1.00" CC="20000"/>
						<SP ID="P41_SP00123" HPOS="1691" VPOS="1804" WIDTH="40"/>
						<String ID="P41_ST00137" HPOS="1731" VPOS="1738" WIDTH="240" HEIGHT="68" CONTENT="Mensch," WC="1.00" CC="0000000"/>
						<SP ID="P41_SP00124" HPOS="1971" VPOS="1806" WIDTH="50"/>
						<String ID="P41_ST00138" HPOS="2021" VPOS="1741" WIDTH="100" HEIGHT="55" CONTENT="der" WC="0.98" CC="004"/>
						<SP ID="P41_SP00125" HPOS="2121" VPOS="1806" WIDTH="37"/>
						<String ID="P41_ST00139" HPOS="2158" VPOS="1742" WIDTH="145" HEIGHT="56" CONTENT="nicht" WC="1.00" CC="00000"/>
					</TextLine>
					<TextLine ID="P41_TL00015" HPOS="193" VPOS="1802" WIDTH="2110" HEIGHT="72">
						<String ID="P41_ST00140" HPOS="193" VPOS="1802" WIDTH="343" HEIGHT="72" CONTENT="wahnsinnig" WC="1.00" CC="0005003020"/>
						<SP ID="P41_SP00126" HPOS="536" VPOS="1874" WIDTH="26"/>
						<String ID="P41_ST00141" HPOS="562" VPOS="1806" WIDTH="86" HEIGHT="63" CONTENT="ist," WC="0.99" CC="1001"/>
						<SP ID="P41_SP00127" HPOS="648" VPOS="1874" WIDTH="42"/>
						<String ID="P41_ST00142" HPOS="690" VPOS="1806" WIDTH="132" HEIGHT="54" CONTENT="aber" WC="1.00" CC="0000"/>
						<SP ID="P41_SP00128" HPOS="822" VPOS="1874" WIDTH="27"/>
						<String ID="P41_ST00143" HPOS="849" VPOS="1827" WIDTH="61" HEIGHT="35" CONTENT="es" WC="1.00" CC="00"/>
						<SP ID="P41_SP00129" HPOS="910" VPOS="1874" WIDTH="26"/>
						<String ID="P41_ST00144" HPOS="936" VPOS="1807" WIDTH="254" HEIGHT="56" CONTENT="scheinen" WC="1.00" CC="00003304"/>
						<SP ID="P41_SP00130" HPOS="1190" VPOS="1874" WIDTH="28"/>
						<String ID="P41_ST00145" HPOS="1218" VPOS="1808" WIDTH="123" HEIGHT="66" CONTENT="will," WC="0.99" CC="01420"/>
						<SP ID="P41_SP00131" HPOS="1341" VPOS="1874" WIDTH="30"/>
						<String ID="P41_ST00146" HPOS="1371" VPOS="1809" WIDTH="113" HEIGHT="55" CONTENT="und" WC="0.98" CC="040"/>
						<SP ID="P41_SP00132" HPOS="1484" VPOS="1874" WIDTH="26"/>
						<String ID="P41_ST00147" HPOS="1510" VPOS="1811" WIDTH="99" HEIGHT="54" CONTENT="der" WC="0.97" CC="007"/>
						<SP ID="P41_SP00133" HPOS="1609" VPOS="1874" WIDTH="26"/>
						<String ID="P41_ST00148" HPOS="1635" VPOS="1822" WIDTH="159" HEIGHT="45" CONTENT="unter" WC="1.00" CC="00003"/>
						<SP ID="P41_SP00134" HPOS="1794" VPOS="1874" WIDTH="24"/>
						<String ID="P41_ST00149" HPOS="1818" VPOS="1812" WIDTH="210" HEIGHT="56" CONTENT="diesem" WC="0.99" CC="040003"/>
						<SP ID="P41_SP00135" HPOS="2028" VPOS="1874" WIDTH="28"/>
						<String ID="P41_ST00150" HPOS="2056" VPOS="1812" WIDTH="247" HEIGHT="58" CONTENT="Schleier" WC="0.99" CC="10050302"/>
					</TextLine>
					<TextLine ID="P41_TL00016" HPOS="196" VPOS="1874" WIDTH="1821" HEIGHT="68">
						<String ID="P41_ST00151" HPOS="196" VPOS="1874" WIDTH="90" HEIGHT="55" CONTENT="die" WC="1.00" CC="000"/>
						<SP ID="P41_SP00136" HPOS="286" VPOS="1929" WIDTH="39"/>
						<String ID="P41_ST00152" HPOS="325" VPOS="1876" WIDTH="192" HEIGHT="55" CONTENT="nackte" WC="1.00" CC="000000"/>
						<SP ID="P41_SP00137" HPOS="517" VPOS="1931" WIDTH="41"/>
						<String ID="P41_ST00153" HPOS="558" VPOS="1877" WIDTH="162" HEIGHT="56" CONTENT="Seele" WC="0.99" CC="00060"/>
						<SP ID="P41_SP00138" HPOS="720" VPOS="1933" WIDTH="40"/>
						<String ID="P41_ST00154" HPOS="760" VPOS="1878" WIDTH="101" HEIGHT="57" CONTENT="des" WC="1.00" CC="000"/>
						<SP ID="P41_SP00139" HPOS="861" VPOS="1935" WIDTH="41"/>
						<String ID="P41_ST00155" HPOS="902" VPOS="1879" WIDTH="250" HEIGHT="57" CONTENT="Dichters" WC="1.00" CC="40000010"/>
						<SP ID="P41_SP00140" HPOS="1152" VPOS="1936" WIDTH="41"/>
						<String ID="P41_ST00156" HPOS="1193" VPOS="1882" WIDTH="339" HEIGHT="56" CONTENT="ausdrücken" WC="0.98" CC="0000000002"/>
						<SP ID="P41_SP00141" HPOS="1532" VPOS="1938" WIDTH="41"/>
						<String ID="P41_ST00157" HPOS="1573" VPOS="1884" WIDTH="166" HEIGHT="56" CONTENT="kann:" WC="1.00" CC="00100"/>
						<SP ID="P41_SP00142" HPOS="1739" VPOS="1940" WIDTH="41"/>
						<String ID="P41_ST00158" HPOS="1780" VPOS="1886" WIDTH="237" HEIGHT="56" CONTENT="Hamlet." WC="0.99" CC="0027004"/>
					</TextLine>
					<TextLine ID="P41_TL00017" HPOS="270" VPOS="1961" WIDTH="2030" HEIGHT="80">
						<String ID="P41_ST00159" HPOS="270" VPOS="1961" WIDTH="208" HEIGHT="56" CONTENT="Stellen" WC="0.99" CC="0004703"/>
						<SP ID="P41_SP00143" HPOS="478" VPOS="2017" WIDTH="46"/>
						<String ID="P41_ST00160" HPOS="524" VPOS="1967" WIDTH="95" HEIGHT="52" CONTENT="wir" WC="0.99" CC="030"/>
						<SP ID="P41_SP00144" HPOS="619" VPOS="2019" WIDTH="47"/>
						<String ID="P41_ST00161" HPOS="666" VPOS="1967" WIDTH="180" HEIGHT="70" CONTENT="einige" WC="0.99" CC="044600"/>
						<SP ID="P41_SP00145" HPOS="846" VPOS="2037" WIDTH="48"/>
						<String ID="P41_ST00162" HPOS="894" VPOS="1967" WIDTH="98" HEIGHT="55" CONTENT="der" WC="0.98" CC="004"/>
						<SP ID="P41_SP00146" HPOS="992" VPOS="2037" WIDTH="46"/>
						<String ID="P41_ST00163" HPOS="1038" VPOS="1967" WIDTH="342" HEIGHT="57" CONTENT="furchtbaren" WC="1.00" CC="61000050600"/>
						<SP ID="P41_SP00147" HPOS="1380" VPOS="2037" WIDTH="39"/>
						<String ID="P41_ST00164" HPOS="1419" VPOS="1971" WIDTH="357" HEIGHT="57" CONTENT="Wahrheiten" WC="0.99" CC="0064704003"/>
						<SP ID="P41_SP00148" HPOS="1776" VPOS="2037" WIDTH="44"/>
						<String ID="P41_ST00165" HPOS="1820" VPOS="1995" WIDTH="330" HEIGHT="46" CONTENT="zusammen," WC="0.99" CC="500055063"/>
						<SP ID="P41_SP00149" HPOS="2150" VPOS="2041" WIDTH="59"/>
						<String ID="P41_ST00166" HPOS="2209" VPOS="1976" WIDTH="91" HEIGHT="56" CONTENT="die" WC="0.98" CC="050"/>
					</TextLine>
					<TextLine ID="P41_TL00018" HPOS="196" VPOS="2033" WIDTH="2102" HEIGHT="80">
						<String ID="P41_ST00167" HPOS="196" VPOS="2033" WIDTH="385" HEIGHT="72" CONTENT="Shakespeare" WC="1.00" CC="00000000000"/>
						<SP ID="P41_SP00150" HPOS="581" VPOS="2105" WIDTH="28"/>
						<String ID="P41_ST00168" HPOS="609" VPOS="2038" WIDTH="191" HEIGHT="53" CONTENT="diesen" WC="1.00" CC="030002"/>
						<SP ID="P41_SP00151" HPOS="800" VPOS="2105" WIDTH="28"/>
						<String ID="P41_ST00169" HPOS="828" VPOS="2039" WIDTH="278" HEIGHT="56" CONTENT="Personen" WC="1.00" CC="40000000"/>
						<SP ID="P41_SP00152" HPOS="1106" VPOS="2105" WIDTH="31"/>
						<String ID="P41_ST00170" HPOS="1137" VPOS="2041" WIDTH="149" HEIGHT="56" CONTENT="leiht." WC="0.99" CC="504003"/>
						<SP ID="P41_SP00153" HPOS="1286" VPOS="2105" WIDTH="55"/>
						<String ID="P41_ST00171" HPOS="1341" VPOS="2042" WIDTH="70" HEIGHT="56" CONTENT="Er" WC="0.78" CC="04"/>
						<SP ID="P41_SP00154" HPOS="1411" VPOS="2105" WIDTH="27"/>
						<String ID="P41_ST00172" HPOS="1438" VPOS="2043" WIDTH="124" HEIGHT="56" CONTENT="hört" WC="1.00" CC="0000"/>
						<SP ID="P41_SP00155" HPOS="1562" VPOS="2105" WIDTH="21"/>
						<String ID="P41_ST00173" HPOS="1583" VPOS="2046" WIDTH="143" HEIGHT="54" CONTENT="nicht" WC="0.99" CC="53000"/>
						<SP ID="P41_SP00156" HPOS="1726" VPOS="2105" WIDTH="21"/>
						<String ID="P41_ST00174" HPOS="1747" VPOS="2047" WIDTH="107" HEIGHT="66" CONTENT="auf," WC="0.99" CC="0070"/>
						<SP ID="P41_SP00157" HPOS="1854" VPOS="2113" WIDTH="30"/>
						<String ID="P41_ST00175" HPOS="1884" VPOS="2047" WIDTH="91" HEIGHT="55" CONTENT="die" WC="0.99" CC="030"/>
						<SP ID="P41_SP00158" HPOS="1975" VPOS="2113" WIDTH="23"/>
						<String ID="P41_ST00176" HPOS="1998" VPOS="2048" WIDTH="300" HEIGHT="56" CONTENT="Heuchelei" WC="1.00" CC="000000504"/>
					</TextLine>
					<TextLine ID="P41_TL00019" HPOS="195" VPOS="2108" WIDTH="2103" HEIGHT="80">
						<String ID="P41_ST00177" HPOS="195" VPOS="2127" WIDTH="67" HEIGHT="34" CONTENT="zu" WC="1.00" CC="00"/>
						<SP ID="P41_SP00159" HPOS="262" VPOS="2161" WIDTH="25"/>
						<String ID="P41_ST00178" HPOS="287" VPOS="2108" WIDTH="303" HEIGHT="71" CONTENT="verfolgen." WC="0.99" CC="0055040031"/>
						<SP ID="P41_SP00160" HPOS="590" VPOS="2179" WIDTH="40"/>
						<String ID="P41_ST00179" HPOS="630" VPOS="2108" WIDTH="127" HEIGHT="56" CONTENT="Alle" WC="0.98" CC="0540"/>
						<SP ID="P41_SP00161" HPOS="757" VPOS="2179" WIDTH="22"/>
						<String ID="P41_ST00180" HPOS="779" VPOS="2110" WIDTH="209" HEIGHT="56" CONTENT="Völker" WC="1.00" CC="004000"/>
						<SP ID="P41_SP00162" HPOS="988" VPOS="2179" WIDTH="27"/>
						<String ID="P41_ST00181" HPOS="1015" VPOS="2113" WIDTH="182" HEIGHT="55" CONTENT="leiden" WC="0.99" CC="500006"/>
						<SP ID="P41_SP00163" HPOS="1197" VPOS="2179" WIDTH="28"/>
						<String ID="P41_ST00182" HPOS="1225" VPOS="2114" WIDTH="256" HEIGHT="56" CONTENT="darunter" WC="1.00" CC="00000003"/>
						<SP ID="P41_SP00164" HPOS="1481" VPOS="2179" WIDTH="26"/>
						<String ID="P41_ST00183" HPOS="1507" VPOS="2117" WIDTH="111" HEIGHT="54" CONTENT="und" WC="0.98" CC="510"/>
						<SP ID="P41_SP00165" HPOS="1618" VPOS="2179" WIDTH="28"/>
						<String ID="P41_ST00184" HPOS="1646" VPOS="2140" WIDTH="88" HEIGHT="33" CONTENT="um" WC="0.94" CC="01"/>
						<SP ID="P41_SP00166" HPOS="1734" VPOS="2179" WIDTH="24"/>
						<String ID="P41_ST00185" HPOS="1758" VPOS="2140" WIDTH="63" HEIGHT="34" CONTENT="so" WC="0.86" CC="20"/>
						<SP ID="P41_SP00167" HPOS="1821" VPOS="2179" WIDTH="18"/>
						<String ID="P41_ST00186" HPOS="1839" VPOS="2119" WIDTH="153" HEIGHT="55" CONTENT="mehr" WC="1.00" CC="0000"/>
						<SP ID="P41_SP00168" HPOS="1992" VPOS="2179" WIDTH="19"/>
						<String ID="P41_ST00187" HPOS="2011" VPOS="2121" WIDTH="287" HEIGHT="67" CONTENT="vielleicht," WC="1.00" CC="00040000000"/>
					</TextLine>
					<TextLine ID="P41_TL00020" HPOS="196" VPOS="2182" WIDTH="2103" HEIGHT="73">
						<String ID="P41_ST00188" HPOS="196" VPOS="2182" WIDTH="51" HEIGHT="67" CONTENT="je" WC="0.63" CC="70"/>
						<SP ID="P41_SP00169" HPOS="247" VPOS="2249" WIDTH="47"/>
						<String ID="P41_ST00189" HPOS="294" VPOS="2182" WIDTH="210" HEIGHT="54" CONTENT="stärker" WC="1.00" CC="0002005"/>
						<SP ID="P41_SP00170" HPOS="504" VPOS="2249" WIDTH="45"/>
						<String ID="P41_ST00190" HPOS="549" VPOS="2185" WIDTH="80" HEIGHT="51" CONTENT="sie" WC="1.00" CC="000"/>
						<SP ID="P41_SP00171" HPOS="629" VPOS="2249" WIDTH="47"/>
						<String ID="P41_ST00191" HPOS="676" VPOS="2183" WIDTH="140" HEIGHT="65" CONTENT="sind," WC="1.00" CC="00000"/>
						<SP ID="P41_SP00172" HPOS="816" VPOS="2249" WIDTH="53"/>
						<String ID="P41_ST00192" HPOS="869" VPOS="2187" WIDTH="52" HEIGHT="67" CONTENT="je" WC="0.65" CC="60"/>
						<SP ID="P41_SP00173" HPOS="921" VPOS="2254" WIDTH="47"/>
						<String ID="P41_ST00193" HPOS="968" VPOS="2185" WIDTH="260" HEIGHT="70" CONTENT="kräftiger" WC="0.99" CC="040500900"/>
						<SP ID="P41_SP00174" HPOS="1228" VPOS="2255" WIDTH="38"/>
						<String ID="P41_ST00194" HPOS="1266" VPOS="2188" WIDTH="91" HEIGHT="55" CONTENT="die" WC="0.98" CC="040"/>
						<SP ID="P41_SP00175" HPOS="1357" VPOS="2255" WIDTH="39"/>
						<String ID="P41_ST00195" HPOS="1396" VPOS="2190" WIDTH="285" HEIGHT="55" CONTENT="tierischen" WC="0.99" CC="0200450502"/>
						<SP ID="P41_SP00176" HPOS="1681" VPOS="2255" WIDTH="40"/>
						<String ID="P41_ST00196" HPOS="1721" VPOS="2190" WIDTH="260" HEIGHT="58" CONTENT="Instinkte" WC="0.99" CC="603000040"/>
						<SP ID="P41_SP00177" HPOS="1981" VPOS="2255" WIDTH="41"/>
						<String ID="P41_ST00197" HPOS="2022" VPOS="2194" WIDTH="125" HEIGHT="54" CONTENT="sind" WC="0.99" CC="0400"/>
						<SP ID="P41_SP00178" HPOS="2147" VPOS="2255" WIDTH="38"/>
						<String ID="P41_ST00198" HPOS="2185" VPOS="2194" WIDTH="114" HEIGHT="55" CONTENT="und" WC="0.99" CC="200"/>
					</TextLine>
					<TextLine ID="P41_TL00021" HPOS="193" VPOS="2254" WIDTH="2105" HEIGHT="80">
						<String ID="P41_ST00199" HPOS="193" VPOS="2255" WIDTH="52" HEIGHT="66" CONTENT="je" WC="0.78" CC="40"/>
						<SP ID="P41_SP00179" HPOS="245" VPOS="2321" WIDTH="41"/>
						<String ID="P41_ST00200" HPOS="286" VPOS="2274" WIDTH="170" HEIGHT="50" CONTENT="enger" WC="1.00" CC="00000"/>
						<SP ID="P41_SP00180" HPOS="456" VPOS="2324" WIDTH="40"/>
						<String ID="P41_ST00201" HPOS="496" VPOS="2254" WIDTH="90" HEIGHT="55" CONTENT="die" WC="0.98" CC="050"/>
						<SP ID="P41_SP00181" HPOS="586" VPOS="2324" WIDTH="42"/>
						<String ID="P41_ST00202" HPOS="628" VPOS="2254" WIDTH="363" HEIGHT="57" CONTENT="Gesellschaft" WC="1.00" CC="000043000050"/>
						<SP ID="P41_SP00182" HPOS="991" VPOS="2324" WIDTH="39"/>
						<String ID="P41_ST00203" HPOS="1030" VPOS="2279" WIDTH="66" HEIGHT="33" CONTENT="an" WC="1.00" CC="00"/>
						<SP ID="P41_SP00183" HPOS="1096" VPOS="2324" WIDTH="42"/>
						<String ID="P41_ST00204" HPOS="1138" VPOS="2262" WIDTH="158" HEIGHT="52" CONTENT="einen" WC="0.99" CC="04200"/>
						<SP ID="P41_SP00184" HPOS="1296" VPOS="2324" WIDTH="42"/>
						<String ID="P41_ST00205" HPOS="1338" VPOS="2260" WIDTH="364" HEIGHT="57" CONTENT="Staatswillen" WC="1.00" CC="100060022400"/>
						<SP ID="P41_SP00185" HPOS="1702" VPOS="2324" WIDTH="39"/>
						<String ID="P41_ST00206" HPOS="1741" VPOS="2265" WIDTH="299" HEIGHT="69" CONTENT="gebunden" WC="1.00" CC="00005002"/>
						<SP ID="P41_SP00186" HPOS="2040" VPOS="2334" WIDTH="39"/>
						<String ID="P41_ST00207" HPOS="2079" VPOS="2269" WIDTH="87" HEIGHT="52" CONTENT="ist." WC="0.98" CC="4004"/>
						<SP ID="P41_SP00187" HPOS="2166" VPOS="2334" WIDTH="77"/>
						<String ID="P41_ST00208" HPOS="2243" VPOS="2268" WIDTH="55" HEIGHT="53" CONTENT="ln" WC="0.66" CC="06"/>
					</TextLine>
					<TextLine ID="P41_TL00022" HPOS="195" VPOS="2328" WIDTH="2104" HEIGHT="75">
						<String ID="P41_ST00209" HPOS="195" VPOS="2347" WIDTH="224" HEIGHT="33" CONTENT="unserer" WC="0.99" CC="0000504"/>
						<SP ID="P41_SP00188" HPOS="419" VPOS="2380" WIDTH="46"/>
						<String ID="P41_ST00210" HPOS="465" VPOS="2328" WIDTH="302" HEIGHT="56" CONTENT="modernen" WC="0.99" CC="00004602"/>
						<SP ID="P41_SP00189" HPOS="767" VPOS="2384" WIDTH="41"/>
						<String ID="P41_ST00211" HPOS="808" VPOS="2328" WIDTH="335" HEIGHT="58" CONTENT="Zivilisation" WC="1.00" CC="060045000402"/>
						<SP ID="P41_SP00190" HPOS="1143" VPOS="2386" WIDTH="47"/>
						<String ID="P41_ST00212" HPOS="1190" VPOS="2334" WIDTH="121" HEIGHT="69" CONTENT="gibt" WC="0.99" CC="0400"/>
						<SP ID="P41_SP00191" HPOS="1311" VPOS="2403" WIDTH="39"/>
						<String ID="P41_ST00213" HPOS="1350" VPOS="2356" WIDTH="59" HEIGHT="34" CONTENT="es" WC="1.00" CC="00"/>
						<SP ID="P41_SP00192" HPOS="1409" VPOS="2403" WIDTH="42"/>
						<String ID="P41_ST00214" HPOS="1451" VPOS="2337" WIDTH="160" HEIGHT="54" CONTENT="kaum" WC="0.99" CC="4002"/>
						<SP ID="P41_SP00193" HPOS="1611" VPOS="2403" WIDTH="42"/>
						<String ID="P41_ST00215" HPOS="1653" VPOS="2338" WIDTH="135" HEIGHT="54" CONTENT="noch" WC="0.99" CC="0006"/>
						<SP ID="P41_SP00194" HPOS="1788" VPOS="2403" WIDTH="41"/>
						<String ID="P41_ST00216" HPOS="1829" VPOS="2340" WIDTH="86" HEIGHT="54" CONTENT="ein" WC="0.98" CC="041"/>
						<SP ID="P41_SP00195" HPOS="1915" VPOS="2403" WIDTH="41"/>
						<String ID="P41_ST00217" HPOS="1956" VPOS="2339" WIDTH="201" HEIGHT="62" CONTENT="Laster," WC="1.00" CC="0100004"/>
						<SP ID="P41_SP00196" HPOS="2157" VPOS="2403" WIDTH="40"/>
						<String ID="P41_ST00218" HPOS="2197" VPOS="2342" WIDTH="102" HEIGHT="56" CONTENT="das" WC="0.99" CC="003"/>
					</TextLine>
					<TextLine ID="P41_TL00023" HPOS="193" VPOS="2398" WIDTH="2103" HEIGHT="83">
						<String ID="P41_ST00219" HPOS="193" VPOS="2398" WIDTH="110" HEIGHT="54" CONTENT="sich" WC="0.99" CC="0400"/>
						<SP ID="P41_SP00197" HPOS="303" VPOS="2452" WIDTH="40"/>
						<String ID="P41_ST00220" HPOS="343" VPOS="2398" WIDTH="150" HEIGHT="55" CONTENT="offen" WC="0.98" CC="04605"/>
						<SP ID="P41_SP00198" HPOS="493" VPOS="2453" WIDTH="27"/>
						<String ID="P41_ST00221" HPOS="520" VPOS="2420" WIDTH="66" HEIGHT="33" CONTENT="zu" WC="0.94" CC="10"/>
						<SP ID="P41_SP00199" HPOS="586" VPOS="2453" WIDTH="25"/>
						<String ID="P41_ST00222" HPOS="611" VPOS="2403" WIDTH="194" HEIGHT="67" CONTENT="zeigen" WC="0.98" CC="005704"/>
						<SP ID="P41_SP00200" HPOS="805" VPOS="2470" WIDTH="21"/>
						<String ID="P41_ST00223" HPOS="826" VPOS="2413" WIDTH="197" HEIGHT="59" CONTENT="wagte." WC="1.00" CC="000004"/>
						<SP ID="P41_SP00201" HPOS="1023" VPOS="2472" WIDTH="44"/>
						<String ID="P41_ST00224" HPOS="1067" VPOS="2404" WIDTH="94" HEIGHT="56" CONTENT="Sie" WC="0.98" CC="040"/>
						<SP ID="P41_SP00202" HPOS="1161" VPOS="2472" WIDTH="23"/>
						<String ID="P41_ST00225" HPOS="1184" VPOS="2406" WIDTH="164" HEIGHT="70" CONTENT="borgt" WC="0.99" CC="62000"/>
						<SP ID="P41_SP00203" HPOS="1348" VPOS="2476" WIDTH="20"/>
						<String ID="P41_ST00226" HPOS="1368" VPOS="2408" WIDTH="111" HEIGHT="54" CONTENT="sich" WC="0.99" CC="0300"/>
						<SP ID="P41_SP00204" HPOS="1479" VPOS="2476" WIDTH="22"/>
						<String ID="P41_ST00227" HPOS="1501" VPOS="2409" WIDTH="101" HEIGHT="56" CONTENT="das" WC="0.99" CC="030"/>
						<SP ID="P41_SP00205" HPOS="1602" VPOS="2476" WIDTH="21"/>
						<String ID="P41_ST00228" HPOS="1623" VPOS="2409" WIDTH="402" HEIGHT="58" CONTENT="heuchlerische" WC="1.00" CC="0000060300000"/>
						<SP ID="P41_SP00206" HPOS="2025" VPOS="2476" WIDTH="25"/>
						<String ID="P41_ST00229" HPOS="2050" VPOS="2400" WIDTH="246" HEIGHT="81" CONTENT="Äußere," WC="1.00" CC="0001012"/>
					</TextLine>
					<TextLine ID="P41_TL00024" HPOS="193" VPOS="2470" WIDTH="2103" HEIGHT="79">
						<String ID="P41_ST00230" HPOS="193" VPOS="2491" WIDTH="88" HEIGHT="34" CONTENT="um" WC="1.00" CC="00"/>
						<SP ID="P41_SP00207" HPOS="281" VPOS="2525" WIDTH="48"/>
						<String ID="P41_ST00231" HPOS="329" VPOS="2470" WIDTH="98" HEIGHT="56" CONTENT="der" WC="1.00" CC="000"/>
						<SP ID="P41_SP00208" HPOS="427" VPOS="2526" WIDTH="38"/>
						<String ID="P41_ST00232" HPOS="465" VPOS="2470" WIDTH="234" HEIGHT="74" CONTENT="Tugend" WC="1.00" CC="000000"/>
						<SP ID="P41_SP00209" HPOS="699" VPOS="2544" WIDTH="47"/>
						<String ID="P41_ST00233" HPOS="746" VPOS="2475" WIDTH="89" HEIGHT="55" CONTENT="die" WC="0.98" CC="050"/>
						<SP ID="P41_SP00210" HPOS="835" VPOS="2544" WIDTH="42"/>
						<String ID="P41_ST00234" HPOS="877" VPOS="2475" WIDTH="141" HEIGHT="56" CONTENT="Ehre" WC="0.99" CC="4000"/>
						<SP ID="P41_SP00211" HPOS="1018" VPOS="2544" WIDTH="45"/>
						<String ID="P41_ST00235" HPOS="1063" VPOS="2498" WIDTH="65" HEIGHT="34" CONTENT="zu" WC="1.00" CC="00"/>
						<SP ID="P41_SP00212" HPOS="1128" VPOS="2544" WIDTH="48"/>
						<String ID="P41_ST00236" HPOS="1176" VPOS="2479" WIDTH="198" HEIGHT="70" CONTENT="geben." WC="0.99" CC="025003"/>
						<SP ID="P41_SP00213" HPOS="1374" VPOS="2549" WIDTH="66"/>
						<String ID="P41_ST00237" HPOS="1440" VPOS="2481" WIDTH="291" HEIGHT="57" CONTENT="Vielleicht" WC="0.99" CC="0205400050"/>
						<SP ID="P41_SP00214" HPOS="1731" VPOS="2549" WIDTH="46"/>
						<String ID="P41_ST00238" HPOS="1777" VPOS="2488" WIDTH="70" HEIGHT="52" CONTENT="ist" WC="0.99" CC="100"/>
						<SP ID="P41_SP00215" HPOS="1847" VPOS="2549" WIDTH="46"/>
						<String ID="P41_ST00239" HPOS="1893" VPOS="2507" WIDTH="58" HEIGHT="33" CONTENT="es" WC="1.00" CC="00"/>
						<SP ID="P41_SP00216" HPOS="1951" VPOS="2549" WIDTH="41"/>
						<String ID="P41_ST00240" HPOS="1992" VPOS="2485" WIDTH="134" HEIGHT="55" CONTENT="aber" WC="0.98" CC="0602"/>
						<SP ID="P41_SP00217" HPOS="2126" VPOS="2549" WIDTH="37"/>
						<String ID="P41_ST00241" HPOS="2163" VPOS="2488" WIDTH="133" HEIGHT="54" CONTENT="auch" WC="0.99" CC="0006"/>
					</TextLine>
					<TextLine ID="P41_TL00025" HPOS="193" VPOS="2544" WIDTH="2102" HEIGHT="81">
						<String ID="P41_ST00242" HPOS="193" VPOS="2546" WIDTH="125" HEIGHT="52" CONTENT="eine" WC="0.99" CC="0420"/>
						<SP ID="P41_SP00218" HPOS="318" VPOS="2598" WIDTH="39"/>
						<String ID="P41_ST00243" HPOS="357" VPOS="2544" WIDTH="99" HEIGHT="55" CONTENT="der" WC="1.00" CC="000"/>
						<SP ID="P41_SP00219" HPOS="456" VPOS="2599" WIDTH="40"/>
						<String ID="P41_ST00244" HPOS="496" VPOS="2546" WIDTH="417" HEIGHT="70" CONTENT="gefährlichsten" WC="1.00" CC="00500053000003"/>
						<SP ID="P41_SP00220" HPOS="913" VPOS="2616" WIDTH="42"/>
						<String ID="P41_ST00245" HPOS="955" VPOS="2549" WIDTH="201" HEIGHT="68" CONTENT="Fallen," WC="0.99" CC="0221032"/>
						<SP ID="P41_SP00221" HPOS="1156" VPOS="2617" WIDTH="42"/>
						<String ID="P41_ST00246" HPOS="1198" VPOS="2552" WIDTH="90" HEIGHT="55" CONTENT="die" WC="1.00" CC="000"/>
						<SP ID="P41_SP00222" HPOS="1288" VPOS="2617" WIDTH="41"/>
						<String ID="P41_ST00247" HPOS="1329" VPOS="2554" WIDTH="81" HEIGHT="53" CONTENT="ihr" WC="0.99" CC="300"/>
						<SP ID="P41_SP00223" HPOS="1410" VPOS="2617" WIDTH="38"/>
						<String ID="P41_ST00248" HPOS="1448" VPOS="2556" WIDTH="222" HEIGHT="69" CONTENT="gestellt" WC="0.99" CC="00000650"/>
						<SP ID="P41_SP00224" HPOS="1670" VPOS="2625" WIDTH="37"/>
						<String ID="P41_ST00249" HPOS="1707" VPOS="2558" WIDTH="238" HEIGHT="55" CONTENT="werden." WC="1.00" CC="0020003"/>
						<SP ID="P41_SP00225" HPOS="1945" VPOS="2625" WIDTH="66"/>
						<String ID="P41_ST00250" HPOS="2011" VPOS="2559" WIDTH="161" HEIGHT="56" CONTENT="Denn" WC="0.97" CC="5223"/>
						<SP ID="P41_SP00226" HPOS="2172" VPOS="2625" WIDTH="33"/>
						<String ID="P41_ST00251" HPOS="2205" VPOS="2561" WIDTH="90" HEIGHT="55" CONTENT="die" WC="0.98" CC="050"/>
					</TextLine>
					<TextLine ID="P41_TL00026" HPOS="195" VPOS="2616" WIDTH="2101" HEIGHT="74">
						<String ID="P41_ST00252" HPOS="195" VPOS="2616" WIDTH="182" HEIGHT="56" CONTENT="Masse" WC="1.00" CC="00000"/>
						<SP ID="P41_SP00227" HPOS="377" VPOS="2672" WIDTH="41"/>
						<String ID="P41_ST00253" HPOS="418" VPOS="2618" WIDTH="227" HEIGHT="72" CONTENT="gelangt" WC="1.00" CC="0050000"/>
						<SP ID="P41_SP00228" HPOS="645" VPOS="2690" WIDTH="39"/>
						<String ID="P41_ST00254" HPOS="684" VPOS="2620" WIDTH="182" HEIGHT="67" CONTENT="dahin," WC="0.99" CC="000402"/>
						<SP ID="P41_SP00229" HPOS="866" VPOS="2690" WIDTH="42"/>
						<String ID="P41_ST00255" HPOS="908" VPOS="2622" WIDTH="143" HEIGHT="56" CONTENT="nicht" WC="0.99" CC="05000"/>
						<SP ID="P41_SP00230" HPOS="1051" VPOS="2690" WIDTH="26"/>
						<String ID="P41_ST00256" HPOS="1077" VPOS="2624" WIDTH="153" HEIGHT="54" CONTENT="mehr" WC="1.00" CC="0000"/>
						<SP ID="P41_SP00231" HPOS="1230" VPOS="2690" WIDTH="24"/>
						<String ID="P41_ST00257" HPOS="1254" VPOS="2627" WIDTH="264" HEIGHT="56" CONTENT="zwischen" WC="1.00" CC="00600000"/>
						<SP ID="P41_SP00232" HPOS="1518" VPOS="2690" WIDTH="29"/>
						<String ID="P41_ST00258" HPOS="1547" VPOS="2630" WIDTH="98" HEIGHT="53" CONTENT="der" WC="1.00" CC="000"/>
						<SP ID="P41_SP00233" HPOS="1645" VPOS="2690" WIDTH="25"/>
						<String ID="P41_ST00259" HPOS="1670" VPOS="2630" WIDTH="239" HEIGHT="56" CONTENT="falschen" WC="1.00" CC="30500000"/>
						<SP ID="P41_SP00234" HPOS="1909" VPOS="2690" WIDTH="29"/>
						<String ID="P41_ST00260" HPOS="1938" VPOS="2632" WIDTH="113" HEIGHT="54" CONTENT="und" WC="0.96" CC="450"/>
						<SP ID="P41_SP00235" HPOS="2051" VPOS="2690" WIDTH="26"/>
						<String ID="P41_ST00261" HPOS="2077" VPOS="2634" WIDTH="219" HEIGHT="54" CONTENT="wahren" WC="1.00" CC="010000"/>
					</TextLine>
					<TextLine ID="P41_TL00027" HPOS="192" VPOS="2687" WIDTH="2102" HEIGHT="86">
						<String ID="P41_ST00262" HPOS="192" VPOS="2687" WIDTH="234" HEIGHT="72" CONTENT="Tugend" WC="0.99" CC="060000"/>
						<SP ID="P41_SP00236" HPOS="426" VPOS="2759" WIDTH="38"/>
						<String ID="P41_ST00263" HPOS="464" VPOS="2712" WIDTH="65" HEIGHT="35" CONTENT="zu" WC="1.00" CC="00"/>
						<SP ID="P41_SP00237" HPOS="529" VPOS="2759" WIDTH="28"/>
						<String ID="P41_ST00264" HPOS="557" VPOS="2693" WIDTH="433" HEIGHT="68" CONTENT="unterscheiden," WC="1.00" CC="03004000050000"/>
						<SP ID="P41_SP00238" HPOS="990" VPOS="2761" WIDTH="40"/>
						<String ID="P41_ST00265" HPOS="1030" VPOS="2697" WIDTH="137" HEIGHT="55" CONTENT="oder" WC="1.00" CC="0000"/>
						<SP ID="P41_SP00239" HPOS="1167" VPOS="2761" WIDTH="27"/>
						<String ID="P41_ST00266" HPOS="1194" VPOS="2698" WIDTH="90" HEIGHT="55" CONTENT="die" WC="0.98" CC="040"/>
						<SP ID="P41_SP00240" HPOS="1284" VPOS="2761" WIDTH="28"/>
						<String ID="P41_ST00267" HPOS="1312" VPOS="2710" WIDTH="161" HEIGHT="57" CONTENT="erste," WC="0.99" CC="330000"/>
						<SP ID="P41_SP00241" HPOS="1473" VPOS="2767" WIDTH="42"/>
						<String ID="P41_ST00268" HPOS="1515" VPOS="2702" WIDTH="91" HEIGHT="55" CONTENT="die" WC="0.98" CC="040"/>
						<SP ID="P41_SP00242" HPOS="1606" VPOS="2767" WIDTH="26"/>
						<String ID="P41_ST00269" HPOS="1632" VPOS="2706" WIDTH="242" HEIGHT="67" CONTENT="weniger" WC="0.99" CC="0035000"/>
						<SP ID="P41_SP00243" HPOS="1874" VPOS="2773" WIDTH="26"/>
						<String ID="P41_ST00270" HPOS="1900" VPOS="2705" WIDTH="167" HEIGHT="54" CONTENT="Mühe" WC="1.00" CC="0000"/>
						<SP ID="P41_SP00244" HPOS="2067" VPOS="2773" WIDTH="29"/>
						<String ID="P41_ST00271" HPOS="2096" VPOS="2706" WIDTH="198" HEIGHT="67" CONTENT="kostet," WC="1.00" CC="0000000"/>
					</TextLine>
					<TextLine ID="P41_TL00028" HPOS="191" VPOS="2765" WIDTH="2103" HEIGHT="77">
						<String ID="P41_ST00272" HPOS="191" VPOS="2765" WIDTH="377" HEIGHT="57" CONTENT="vorzuziehen." WC="1.00" CC="000005000002"/>
						<SP ID="P41_SP00245" HPOS="568" VPOS="2822" WIDTH="69"/>
						<String ID="P41_ST00273" HPOS="637" VPOS="2767" WIDTH="152" HEIGHT="56" CONTENT="Noch" WC="1.00" CC="0000"/>
						<SP ID="P41_SP00246" HPOS="789" VPOS="2823" WIDTH="42"/>
						<String ID="P41_ST00274" HPOS="831" VPOS="2768" WIDTH="175" HEIGHT="56" CONTENT="mehr:" WC="1.00" CC="00000"/>
						<SP ID="P41_SP00247" HPOS="1006" VPOS="2824" WIDTH="42"/>
						<String ID="P41_ST00275" HPOS="1048" VPOS="2771" WIDTH="99" HEIGHT="56" CONTENT="der" WC="0.98" CC="040"/>
						<SP ID="P41_SP00248" HPOS="1147" VPOS="2827" WIDTH="37"/>
						<String ID="P41_ST00276" HPOS="1184" VPOS="2773" WIDTH="259" HEIGHT="69" CONTENT="gerechte" WC="1.00" CC="00000000"/>
						<SP ID="P41_SP00249" HPOS="1443" VPOS="2842" WIDTH="28"/>
						<String ID="P41_ST00277" HPOS="1471" VPOS="2776" WIDTH="222" HEIGHT="56" CONTENT="Mensch" WC="1.00" CC="000000"/>
						<SP ID="P41_SP00250" HPOS="1693" VPOS="2842" WIDTH="40"/>
						<String ID="P41_ST00278" HPOS="1733" VPOS="2779" WIDTH="135" HEIGHT="53" CONTENT="wird" WC="0.99" CC="0030"/>
						<SP ID="P41_SP00251" HPOS="1868" VPOS="2842" WIDTH="28"/>
						<String ID="P41_ST00279" HPOS="1896" VPOS="2781" WIDTH="190" HEIGHT="52" CONTENT="immer" WC="0.99" CC="40004"/>
						<SP ID="P41_SP00252" HPOS="2086" VPOS="2842" WIDTH="26"/>
						<String ID="P41_ST00280" HPOS="2112" VPOS="2781" WIDTH="182" HEIGHT="55" CONTENT="scheel" WC="0.99" CC="050007"/>
					</TextLine>
					<TextLine ID="P41_TL00029" HPOS="192" VPOS="2837" WIDTH="2104" HEIGHT="82">
						<String ID="P41_ST00281" HPOS="192" VPOS="2837" WIDTH="314" HEIGHT="69" CONTENT="angesehen" WC="1.00" CC="040000004"/>
						<SP ID="P41_SP00253" HPOS="506" VPOS="2906" WIDTH="21"/>
						<String ID="P41_ST00282" HPOS="527" VPOS="2837" WIDTH="190" HEIGHT="74" CONTENT="(sogar" WC="1.00" CC="000003"/>
						<SP ID="P41_SP00254" HPOS="717" VPOS="2911" WIDTH="25"/>
						<String ID="P41_ST00283" HPOS="742" VPOS="2841" WIDTH="372" HEIGHT="71" CONTENT="gekreuzigt);" WC="1.00" CC="000000069003"/>
						<SP ID="P41_SP00255" HPOS="1114" VPOS="2912" WIDTH="31"/>
						<String ID="P41_ST00284" HPOS="1145" VPOS="2846" WIDTH="144" HEIGHT="53" CONTENT="denn" WC="1.00" CC="0000"/>
						<SP ID="P41_SP00256" HPOS="1289" VPOS="2912" WIDTH="30"/>
						<String ID="P41_ST00285" HPOS="1319" VPOS="2869" WIDTH="58" HEIGHT="31" CONTENT="er" WC="0.95" CC="00"/>
						<SP ID="P41_SP00257" HPOS="1377" VPOS="2912" WIDTH="25"/>
						<String ID="P41_ST00286" HPOS="1402" VPOS="2850" WIDTH="70" HEIGHT="52" CONTENT="ist" WC="0.98" CC="500"/>
						<SP ID="P41_SP00258" HPOS="1472" VPOS="2912" WIDTH="26"/>
						<String ID="P41_ST00287" HPOS="1498" VPOS="2848" WIDTH="177" HEIGHT="71" CONTENT="lästig." WC="0.99" CC="5000400"/>
						<SP ID="P41_SP00259" HPOS="1675" VPOS="2919" WIDTH="51"/>
						<String ID="P41_ST00288" HPOS="1726" VPOS="2850" WIDTH="70" HEIGHT="56" CONTENT="Er" WC="1.00" CC="00"/>
						<SP ID="P41_SP00260" HPOS="1796" VPOS="2919" WIDTH="27"/>
						<String ID="P41_ST00289" HPOS="1823" VPOS="2853" WIDTH="70" HEIGHT="53" CONTENT="ist" WC="0.99" CC="100"/>
						<SP ID="P41_SP00261" HPOS="1893" VPOS="2919" WIDTH="28"/>
						<String ID="P41_ST00290" HPOS="1921" VPOS="2853" WIDTH="86" HEIGHT="53" CONTENT="ein" WC="0.99" CC="030"/>
						<SP ID="P41_SP00262" HPOS="2007" VPOS="2919" WIDTH="23"/>
						<String ID="P41_ST00291" HPOS="2030" VPOS="2851" WIDTH="266" HEIGHT="57" CONTENT="lebender" WC="1.00" CC="10300005"/>
					</TextLine>
					<TextLine ID="P41_TL00030" HPOS="191" VPOS="2909" WIDTH="2103" HEIGHT="78">
						<String ID="P41_ST00292" HPOS="191" VPOS="2909" WIDTH="254" HEIGHT="56" CONTENT="Vorwurf" WC="1.00" CC="0000016"/>
						<SP ID="P41_SP00263" HPOS="445" VPOS="2965" WIDTH="26"/>
						<String ID="P41_ST00293" HPOS="471" VPOS="2911" WIDTH="100" HEIGHT="55" CONTENT="der" WC="1.00" CC="000"/>
						<SP ID="P41_SP00264" HPOS="571" VPOS="2966" WIDTH="19"/>
						<String ID="P41_ST00294" HPOS="590" VPOS="2913" WIDTH="308" HEIGHT="71" CONTENT="bequemen" WC="1.00" CC="00000402"/>
						<SP ID="P41_SP00265" HPOS="898" VPOS="2984" WIDTH="22"/>
						<String ID="P41_ST00295" HPOS="920" VPOS="2916" WIDTH="170" HEIGHT="71" CONTENT="Lüge," WC="0.98" CC="20902"/>
						<SP ID="P41_SP00266" HPOS="1090" VPOS="2987" WIDTH="24"/>
						<String ID="P41_ST00296" HPOS="1114" VPOS="2918" WIDTH="98" HEIGHT="55" CONTENT="der" WC="1.00" CC="000"/>
						<SP ID="P41_SP00267" HPOS="1212" VPOS="2987" WIDTH="21"/>
						<String ID="P41_ST00297" HPOS="1233" VPOS="2919" WIDTH="238" HEIGHT="56" CONTENT="falschen" WC="1.00" CC="40000600"/>
						<SP ID="P41_SP00268" HPOS="1471" VPOS="2987" WIDTH="22"/>
						<String ID="P41_ST00298" HPOS="1493" VPOS="2922" WIDTH="287" HEIGHT="57" CONTENT="Wahrheit" WC="1.00" CC="01000040"/>
						<SP ID="P41_SP00269" HPOS="1780" VPOS="2987" WIDTH="20"/>
						<String ID="P41_ST00299" HPOS="1800" VPOS="2926" WIDTH="112" HEIGHT="53" CONTENT="und" WC="1.00" CC="000"/>
						<SP ID="P41_SP00270" HPOS="1912" VPOS="2987" WIDTH="25"/>
						<String ID="P41_ST00300" HPOS="1937" VPOS="2926" WIDTH="98" HEIGHT="53" CONTENT="der" WC="1.00" CC="000"/>
						<SP ID="P41_SP00271" HPOS="2035" VPOS="2987" WIDTH="21"/>
						<String ID="P41_ST00301" HPOS="2056" VPOS="2925" WIDTH="238" HEIGHT="57" CONTENT="falschen" WC="1.00" CC="50400000"/>
					</TextLine>
					<TextLine ID="P41_TL00031" HPOS="191" VPOS="2980" WIDTH="2102" HEIGHT="78">
						<String ID="P41_ST00302" HPOS="191" VPOS="2980" WIDTH="250" HEIGHT="73" CONTENT="Tugend." WC="1.00" CC="0000002"/>
						<SP ID="P41_SP00272" HPOS="441" VPOS="3053" WIDTH="168"/>
						<String ID="P41_ST00303" HPOS="609" VPOS="2986" WIDTH="105" HEIGHT="55" CONTENT="Die" WC="0.97" CC="350"/>
						<SP ID="P41_SP00273" HPOS="714" VPOS="3053" WIDTH="52"/>
						<String ID="P41_ST00304" HPOS="766" VPOS="2988" WIDTH="235" HEIGHT="70" CONTENT="größten" WC="1.00" CC="0000001"/>
						<SP ID="P41_SP00274" HPOS="1001" VPOS="3058" WIDTH="48"/>
						<String ID="P41_ST00305" HPOS="1049" VPOS="2991" WIDTH="225" HEIGHT="55" CONTENT="Dichter" WC="1.00" CC="4200000"/>
						<SP ID="P41_SP00275" HPOS="1274" VPOS="3058" WIDTH="45"/>
						<String ID="P41_ST00306" HPOS="1319" VPOS="2993" WIDTH="181" HEIGHT="56" CONTENT="haben" WC="0.99" CC="00306"/>
						<SP ID="P41_SP00276" HPOS="1500" VPOS="3058" WIDTH="46"/>
						<String ID="P41_ST00307" HPOS="1546" VPOS="2998" WIDTH="54" HEIGHT="51" CONTENT="in" WC="0.94" CC="00"/>
						<SP ID="P41_SP00277" HPOS="1600" VPOS="3058" WIDTH="47"/>
						<String ID="P41_ST00308" HPOS="1647" VPOS="2996" WIDTH="100" HEIGHT="54" CONTENT="der" WC="0.99" CC="002"/>
						<SP ID="P41_SP00278" HPOS="1747" VPOS="3058" WIDTH="45"/>
						<String ID="P41_ST00309" HPOS="1792" VPOS="2997" WIDTH="300" HEIGHT="56" CONTENT="Heuchelei" WC="0.99" CC="004050601"/>
						<SP ID="P41_SP00279" HPOS="2092" VPOS="3058" WIDTH="48"/>
						<String ID="P41_ST00310" HPOS="2140" VPOS="2999" WIDTH="153" HEIGHT="56" CONTENT="ihren" WC="1.00" CC="10000"/>
					</TextLine>
					<TextLine ID="P41_TL00032" HPOS="191" VPOS="3055" WIDTH="2103" HEIGHT="88">
						<String ID="P41_ST00311" HPOS="191" VPOS="3055" WIDTH="343" HEIGHT="70" CONTENT="Hauptfeind" WC="1.00" CC="0000050600"/>
						<SP ID="P41_SP00280" HPOS="534" VPOS="3125" WIDTH="48"/>
						<String ID="P41_ST00312" HPOS="582" VPOS="3059" WIDTH="243" HEIGHT="56" CONTENT="erkannt." WC="1.00" CC="00000303"/>
						<SP ID="P41_SP00281" HPOS="825" VPOS="3125" WIDTH="77"/>
						<String ID="P41_ST00313" HPOS="902" VPOS="3060" WIDTH="124" HEIGHT="56" CONTENT="Wie" WC="0.98" CC="060"/>
						<SP ID="P41_SP00282" HPOS="1026" VPOS="3125" WIDTH="47"/>
						<String ID="P41_ST00314" HPOS="1073" VPOS="3064" WIDTH="91" HEIGHT="54" CONTENT="die" WC="0.98" CC="040"/>
						<SP ID="P41_SP00283" HPOS="1164" VPOS="3125" WIDTH="38"/>
						<String ID="P41_ST00315" HPOS="1202" VPOS="3064" WIDTH="146" HEIGHT="71" CONTENT="Jagd" WC="0.99" CC="4100"/>
						<SP ID="P41_SP00284" HPOS="1348" VPOS="3135" WIDTH="40"/>
						<String ID="P41_ST00316" HPOS="1388" VPOS="3067" WIDTH="91" HEIGHT="54" CONTENT="die" WC="0.99" CC="030"/>
						<SP ID="P41_SP00285" HPOS="1479" VPOS="3135" WIDTH="50"/>
						<String ID="P41_ST00317" HPOS="1529" VPOS="3067" WIDTH="370" HEIGHT="73" CONTENT="Zerstreuung" WC="1.00" CC="00500401600"/>
						<SP ID="P41_SP00286" HPOS="1899" VPOS="3140" WIDTH="38"/>
						<String ID="P41_ST00318" HPOS="1937" VPOS="3072" WIDTH="99" HEIGHT="53" CONTENT="der" WC="1.00" CC="000"/>
						<SP ID="P41_SP00287" HPOS="2036" VPOS="3140" WIDTH="39"/>
						<String ID="P41_ST00319" HPOS="2075" VPOS="3071" WIDTH="219" HEIGHT="72" CONTENT="Könige" WC="0.99" CC="400200"/>
					</TextLine>
					<TextLine ID="P41_TL00033" HPOS="192" VPOS="3130" WIDTH="2101" HEIGHT="85">
						<String ID="P41_ST00320" HPOS="192" VPOS="3130" WIDTH="85" HEIGHT="64" CONTENT="ist," WC="0.99" CC="2003"/>
						<SP ID="P41_SP00288" HPOS="277" VPOS="3194" WIDTH="47"/>
						<String ID="P41_ST00321" HPOS="324" VPOS="3151" WIDTH="64" HEIGHT="34" CONTENT="so" WC="1.00" CC="00"/>
						<SP ID="P41_SP00289" HPOS="388" VPOS="3194" WIDTH="47"/>
						<String ID="P41_ST00322" HPOS="435" VPOS="3133" WIDTH="69" HEIGHT="52" CONTENT="ist" WC="0.98" CC="400"/>
						<SP ID="P41_SP00290" HPOS="504" VPOS="3194" WIDTH="46"/>
						<String ID="P41_ST00323" HPOS="550" VPOS="3132" WIDTH="90" HEIGHT="55" CONTENT="die" WC="0.98" CC="050"/>
						<SP ID="P41_SP00291" HPOS="640" VPOS="3194" WIDTH="37"/>
						<String ID="P41_ST00324" HPOS="677" VPOS="3133" WIDTH="145" HEIGHT="71" CONTENT="Jagd" WC="0.98" CC="3700"/>
						<SP ID="P41_SP00292" HPOS="822" VPOS="3204" WIDTH="47"/>
						<String ID="P41_ST00325" HPOS="869" VPOS="3134" WIDTH="91" HEIGHT="55" CONTENT="auf" WC="0.97" CC="026"/>
						<SP ID="P41_SP00293" HPOS="960" VPOS="3204" WIDTH="39"/>
						<String ID="P41_ST00326" HPOS="999" VPOS="3137" WIDTH="271" HEIGHT="57" CONTENT="Heuchler" WC="0.99" CC="00005404"/>
						<SP ID="P41_SP00294" HPOS="1270" VPOS="3204" WIDTH="45"/>
						<String ID="P41_ST00327" HPOS="1315" VPOS="3139" WIDTH="90" HEIGHT="56" CONTENT="die" WC="0.99" CC="030"/>
						<SP ID="P41_SP00295" HPOS="1405" VPOS="3204" WIDTH="38"/>
						<String ID="P41_ST00328" HPOS="1443" VPOS="3140" WIDTH="245" HEIGHT="56" CONTENT="beliebte" WC="0.99" CC="00450620"/>
						<SP ID="P41_SP00296" HPOS="1688" VPOS="3204" WIDTH="39"/>
						<String ID="P41_ST00329" HPOS="1727" VPOS="3144" WIDTH="423" HEIGHT="71" CONTENT="Beschäftigung" WC="1.00" CC="0000605040009"/>
						<SP ID="P41_SP00297" HPOS="2150" VPOS="3215" WIDTH="44"/>
						<String ID="P41_ST00330" HPOS="2194" VPOS="3147" WIDTH="99" HEIGHT="54" CONTENT="der" WC="0.98" CC="005"/>
					</TextLine>
					<TextLine ID="P41_TL00034" HPOS="191" VPOS="3200" WIDTH="2099" HEIGHT="76">
						<String ID="P41_ST00331" HPOS="191" VPOS="3200" WIDTH="236" HEIGHT="56" CONTENT="Dichter." WC="1.00" CC="03000051"/>
						<SP ID="P41_SP00298" HPOS="427" VPOS="3256" WIDTH="62"/>
						<String ID="P41_ST00332" HPOS="489" VPOS="3203" WIDTH="71" HEIGHT="56" CONTENT="Es" WC="0.79" CC="40"/>
						<SP ID="P41_SP00299" HPOS="560" VPOS="3259" WIDTH="40"/>
						<String ID="P41_ST00333" HPOS="600" VPOS="3214" WIDTH="226" HEIGHT="62" CONTENT="genügt," WC="0.99" CC="0700003"/>
						<SP ID="P41_SP00300" HPOS="826" VPOS="3276" WIDTH="40"/>
						<String ID="P41_ST00334" HPOS="866" VPOS="3229" WIDTH="68" HEIGHT="33" CONTENT="an" WC="0.99" CC="00"/>
						<SP ID="P41_SP00301" HPOS="934" VPOS="3276" WIDTH="29"/>
						<String ID="P41_ST00335" HPOS="963" VPOS="3208" WIDTH="211" HEIGHT="57" CONTENT="Namen" WC="1.00" CC="00000"/>
						<SP ID="P41_SP00302" HPOS="1174" VPOS="3276" WIDTH="28"/>
						<String ID="P41_ST00336" HPOS="1202" VPOS="3214" WIDTH="101" HEIGHT="52" CONTENT="wie" WC="0.99" CC="020"/>
						<SP ID="P41_SP00303" HPOS="1303" VPOS="3276" WIDTH="30"/>
						<String ID="P41_ST00337" HPOS="1333" VPOS="3213" WIDTH="226" HEIGHT="56" CONTENT="Moliere" WC="0.71" CC="0177003"/>
						<SP ID="P41_SP00304" HPOS="1559" VPOS="3276" WIDTH="26"/>
						<String ID="P41_ST00338" HPOS="1585" VPOS="3215" WIDTH="112" HEIGHT="54" CONTENT="und" WC="0.98" CC="060"/>
						<SP ID="P41_SP00305" HPOS="1697" VPOS="3276" WIDTH="27"/>
						<String ID="P41_ST00339" HPOS="1724" VPOS="3215" WIDTH="158" HEIGHT="58" CONTENT="Ibsen" WC="0.97" CC="66041"/>
						<SP ID="P41_SP00306" HPOS="1882" VPOS="3276" WIDTH="39"/>
						<String ID="P41_ST00340" HPOS="1921" VPOS="3240" WIDTH="66" HEIGHT="33" CONTENT="zu" WC="1.00" CC="00"/>
						<SP ID="P41_SP00307" HPOS="1987" VPOS="3276" WIDTH="36"/>
						<String ID="P41_ST00341" HPOS="2023" VPOS="3222" WIDTH="267" HEIGHT="53" CONTENT="erinnern." WC="1.00" CC="000420004"/>
					</TextLine>
					<TextLine ID="P41_TL00035" HPOS="193" VPOS="3273" WIDTH="2098" HEIGHT="91">
						<String ID="P41_ST00342" HPOS="193" VPOS="3273" WIDTH="248" HEIGHT="72" CONTENT="England" WC="0.99" CC="4006000"/>
						<SP ID="P41_SP00308" HPOS="441" VPOS="3345" WIDTH="47"/>
						<String ID="P41_ST00343" HPOS="488" VPOS="3280" WIDTH="71" HEIGHT="52" CONTENT="ist" WC="1.00" CC="000"/>
						<SP ID="P41_SP00309" HPOS="559" VPOS="3345" WIDTH="46"/>
						<String ID="P41_ST00344" HPOS="605" VPOS="3279" WIDTH="141" HEIGHT="54" CONTENT="reich" WC="0.99" CC="00406"/>
						<SP ID="P41_SP00310" HPOS="746" VPOS="3345" WIDTH="47"/>
						<String ID="P41_ST00345" HPOS="793" VPOS="3303" WIDTH="67" HEIGHT="32" CONTENT="an" WC="0.94" CC="01"/>
						<SP ID="P41_SP00311" HPOS="860" VPOS="3345" WIDTH="46"/>
						<String ID="P41_ST00346" HPOS="906" VPOS="3281" WIDTH="213" HEIGHT="70" CONTENT="großen" WC="1.00" CC="020003"/>
						<SP ID="P41_SP00312" HPOS="1119" VPOS="3351" WIDTH="37"/>
						<String ID="P41_ST00347" HPOS="1156" VPOS="3285" WIDTH="227" HEIGHT="70" CONTENT="Jägern:" WC="0.99" CC="0090000"/>
						<SP ID="P41_SP00313" HPOS="1383" VPOS="3355" WIDTH="55"/>
						<String ID="P41_ST00348" HPOS="1438" VPOS="3287" WIDTH="114" HEIGHT="55" CONTENT="Ben" WC="0.97" CC="402"/>
						<SP ID="P41_SP00314" HPOS="1552" VPOS="3355" WIDTH="38"/>
						<String ID="P41_ST00349" HPOS="1590" VPOS="3288" WIDTH="229" HEIGHT="70" CONTENT="Jonson," WC="0.94" CC="0000300"/>
						<SP ID="P41_SP00315" HPOS="1819" VPOS="3358" WIDTH="47"/>
						<String ID="P41_ST00350" HPOS="1866" VPOS="3289" WIDTH="175" HEIGHT="70" CONTENT="Swift," WC="0.99" CC="304600"/>
						<SP ID="P41_SP00316" HPOS="2041" VPOS="3359" WIDTH="52"/>
						<String ID="P41_ST00351" HPOS="2093" VPOS="3293" WIDTH="198" HEIGHT="71" CONTENT="Byron," WC="1.00" CC="000010"/>
					</TextLine>
					<TextLine ID="P41_TL00036" HPOS="193" VPOS="3345" WIDTH="856" HEIGHT="80">
						<String ID="P41_ST00352" HPOS="193" VPOS="3345" WIDTH="259" HEIGHT="69" CONTENT="Dickens," WC="1.00" CC="31000100"/>
						<SP ID="P41_SP00317" HPOS="452" VPOS="3414" WIDTH="42"/>
						<String ID="P41_ST00353" HPOS="494" VPOS="3349" WIDTH="336" HEIGHT="76" CONTENT="Thackeray," WC="0.97" CC="0000000003"/>
						<SP ID="P41_SP00318" HPOS="830" VPOS="3425" WIDTH="40"/>
						<String ID="P41_ST00354" HPOS="870" VPOS="3353" WIDTH="179" HEIGHT="57" CONTENT="Shaw." WC="0.98" CC="00604"/>
					</TextLine>
					<TextLine ID="P41_TL00037" HPOS="266" VPOS="3431" WIDTH="2022" HEIGHT="79">
						<String ID="P41_ST00355" HPOS="266" VPOS="3431" WIDTH="382" HEIGHT="75" CONTENT="Shakespeare" WC="1.00" CC="10000000000"/>
						<SP ID="P41_SP00319" HPOS="648" VPOS="3506" WIDTH="25"/>
						<String ID="P41_ST00356" HPOS="673" VPOS="3441" WIDTH="135" HEIGHT="54" CONTENT="wird" WC="0.98" CC="0520"/>
						<SP ID="P41_SP00320" HPOS="808" VPOS="3506" WIDTH="29"/>
						<String ID="P41_ST00357" HPOS="837" VPOS="3441" WIDTH="142" HEIGHT="56" CONTENT="nicht" WC="0.99" CC="04000"/>
						<SP ID="P41_SP00321" HPOS="979" VPOS="3506" WIDTH="27"/>
						<String ID="P41_ST00358" HPOS="1006" VPOS="3444" WIDTH="179" HEIGHT="66" CONTENT="müde," WC="0.99" CC="60000"/>
						<SP ID="P41_SP00322" HPOS="1185" VPOS="3510" WIDTH="42"/>
						<String ID="P41_ST00359" HPOS="1227" VPOS="3445" WIDTH="132" HEIGHT="55" CONTENT="nach" WC="1.00" CC="0000"/>
						<SP ID="P41_SP00323" HPOS="1359" VPOS="3510" WIDTH="29"/>
						<String ID="P41_ST00360" HPOS="1388" VPOS="3447" WIDTH="207" HEIGHT="55" CONTENT="diesem" WC="1.00" CC="000000"/>
						<SP ID="P41_SP00324" HPOS="1595" VPOS="3510" WIDTH="30"/>
						<String ID="P41_ST00361" HPOS="1625" VPOS="3448" WIDTH="287" HEIGHT="57" CONTENT="Hochwild" WC="1.00" CC="00000210"/>
						<SP ID="P41_SP00325" HPOS="1912" VPOS="3510" WIDTH="26"/>
						<String ID="P41_ST00362" HPOS="1938" VPOS="3472" WIDTH="65" HEIGHT="34" CONTENT="zu" WC="0.92" CC="10"/>
						<SP ID="P41_SP00326" HPOS="2003" VPOS="3510" WIDTH="28"/>
						<String ID="P41_ST00363" HPOS="2031" VPOS="3452" WIDTH="257" HEIGHT="55" CONTENT="fahnden." WC="0.99" CC="50000014"/>
					</TextLine>
					<TextLine ID="P41_TL00038" HPOS="195" VPOS="3504" WIDTH="2094" HEIGHT="77">
						<String ID="P41_ST00364" HPOS="195" VPOS="3504" WIDTH="541" HEIGHT="73" CONTENT="Heuchlergestalten" WC="1.00" CC="00000506000006000"/>
						<SP ID="P41_SP00327" HPOS="736" VPOS="3577" WIDTH="59"/>
						<String ID="P41_ST00365" HPOS="795" VPOS="3513" WIDTH="186" HEIGHT="57" CONTENT="finden" WC="1.00" CC="500000"/>
						<SP ID="P41_SP00328" HPOS="981" VPOS="3577" WIDTH="59"/>
						<String ID="P41_ST00366" HPOS="1040" VPOS="3518" WIDTH="117" HEIGHT="53" CONTENT="sich" WC="0.99" CC="0500"/>
						<SP ID="P41_SP00329" HPOS="1157" VPOS="3577" WIDTH="59"/>
						<String ID="P41_ST00367" HPOS="1216" VPOS="3518" WIDTH="106" HEIGHT="54" CONTENT="fast" WC="0.99" CC="4100"/>
						<SP ID="P41_SP00330" HPOS="1322" VPOS="3577" WIDTH="58"/>
						<String ID="P41_ST00368" HPOS="1380" VPOS="3521" WIDTH="52" HEIGHT="53" CONTENT="in" WC="0.58" CC="52"/>
						<SP ID="P41_SP00331" HPOS="1432" VPOS="3577" WIDTH="47"/>
						<String ID="P41_ST00369" HPOS="1479" VPOS="3520" WIDTH="141" HEIGHT="56" CONTENT="allen" WC="0.98" CC="07304"/>
						<SP ID="P41_SP00332" HPOS="1620" VPOS="3577" WIDTH="48"/>
						<String ID="P41_ST00370" HPOS="1668" VPOS="3525" WIDTH="192" HEIGHT="54" CONTENT="seinen" WC="0.99" CC="004055"/>
						<SP ID="P41_SP00333" HPOS="1860" VPOS="3579" WIDTH="40"/>
						<String ID="P41_ST00371" HPOS="1900" VPOS="3523" WIDTH="257" HEIGHT="58" CONTENT="Stücken." WC="1.00" CC="00000043"/>
						<SP ID="P41_SP00334" HPOS="2157" VPOS="3581" WIDTH="78"/>
						<String ID="P41_ST00372" HPOS="2235" VPOS="3525" WIDTH="54" HEIGHT="56" CONTENT="In" WC="0.68" CC="60"/>
					</TextLine>
					<TextLine ID="P41_TL00039" HPOS="192" VPOS="3577" WIDTH="2096" HEIGHT="92">
						<String ID="P41_ST00373" HPOS="192" VPOS="3577" WIDTH="165" HEIGHT="56" CONTENT="welch" WC="0.98" CC="06700"/>
						<SP ID="P41_SP00335" HPOS="357" VPOS="3633" WIDTH="43"/>
						<String ID="P41_ST00374" HPOS="400" VPOS="3581" WIDTH="320" HEIGHT="74" CONTENT="mächtigem" WC="1.00" CC="000003007"/>
						<SP ID="P41_SP00336" HPOS="720" VPOS="3655" WIDTH="40"/>
						<String ID="P41_ST00375" HPOS="760" VPOS="3586" WIDTH="268" HEIGHT="59" CONTENT="Reliefstil" WC="0.99" CC="4351200004"/>
						<SP ID="P41_SP00337" HPOS="1028" VPOS="3655" WIDTH="49"/>
						<String ID="P41_ST00376" HPOS="1077" VPOS="3591" WIDTH="123" HEIGHT="55" CONTENT="sind" WC="0.99" CC="0500"/>
						<SP ID="P41_SP00338" HPOS="1200" VPOS="3655" WIDTH="47"/>
						<String ID="P41_ST00377" HPOS="1247" VPOS="3595" WIDTH="79" HEIGHT="51" CONTENT="sie" WC="0.98" CC="041"/>
						<SP ID="P41_SP00339" HPOS="1326" VPOS="3655" WIDTH="47"/>
						<String ID="P41_ST00378" HPOS="1373" VPOS="3595" WIDTH="342" HEIGHT="67" CONTENT="gezeichnet!" WC="1.00" CC="00052001202"/>
						<SP ID="P41_SP00340" HPOS="1715" VPOS="3662" WIDTH="84"/>
						<String ID="P41_ST00379" HPOS="1799" VPOS="3598" WIDTH="193" HEIGHT="71" CONTENT="Einige" WC="0.97" CC="746604"/>
						<SP ID="P41_SP00341" HPOS="1992" VPOS="3669" WIDTH="53"/>
						<String ID="P41_ST00380" HPOS="2045" VPOS="3599" WIDTH="107" HEIGHT="55" CONTENT="will" WC="0.98" CC="0206"/>
						<SP ID="P41_SP00342" HPOS="2152" VPOS="3669" WIDTH="56"/>
						<String ID="P41_ST00381" HPOS="2208" VPOS="3600" WIDTH="80" HEIGHT="55" CONTENT="ich" WC="0.98" CC="400"/>
					</TextLine>
					<TextLine ID="P41_TL00040" HPOS="193" VPOS="3652" WIDTH="2098" HEIGHT="88">
						<String ID="P41_ST00382" HPOS="193" VPOS="3671" WIDTH="233" HEIGHT="35" CONTENT="nennen." WC="0.98" CC="6677403"/>
						<SP ID="P41_SP00343" HPOS="426" VPOS="3706" WIDTH="85"/>
						<String ID="P41_ST00383" HPOS="511" VPOS="3652" WIDTH="86" HEIGHT="56" CONTENT="Da" WC="1.00" CC="00"/>
						<SP ID="P41_SP00344" HPOS="597" VPOS="3708" WIDTH="52"/>
						<String ID="P41_ST00384" HPOS="649" VPOS="3660" WIDTH="70" HEIGHT="52" CONTENT="ist" WC="1.00" CC="000"/>
						<SP ID="P41_SP00345" HPOS="719" VPOS="3712" WIDTH="56"/>
						<String ID="P41_ST00385" HPOS="775" VPOS="3660" WIDTH="100" HEIGHT="54" CONTENT="der" WC="0.95" CC="056"/>
						<SP ID="P41_SP00346" HPOS="875" VPOS="3714" WIDTH="59"/>
						<String ID="P41_ST00386" HPOS="934" VPOS="3661" WIDTH="266" HEIGHT="66" CONTENT="„ehrliche" WC="0.99" CC="630008005"/>
						<SP ID="P41_SP00347" HPOS="1200" VPOS="3727" WIDTH="39"/>
						<String ID="P41_ST00387" HPOS="1239" VPOS="3664" WIDTH="195" HEIGHT="71" CONTENT="Jago“," WC="0.94" CC="000003"/>
						<SP ID="P41_SP00348" HPOS="1434" VPOS="3735" WIDTH="59"/>
						<String ID="P41_ST00388" HPOS="1493" VPOS="3666" WIDTH="100" HEIGHT="55" CONTENT="der" WC="0.96" CC="046"/>
						<SP ID="P41_SP00349" HPOS="1593" VPOS="3735" WIDTH="54"/>
						<String ID="P41_ST00389" HPOS="1647" VPOS="3673" WIDTH="167" HEIGHT="52" CONTENT="weise" WC="0.98" CC="07106"/>
						<SP ID="P41_SP00350" HPOS="1814" VPOS="3735" WIDTH="39"/>
						<String ID="P41_ST00390" HPOS="1853" VPOS="3670" WIDTH="278" HEIGHT="70" CONTENT="Vergifter" WC="0.99" CC="070066060"/>
						<SP ID="P41_SP00351" HPOS="2131" VPOS="3740" WIDTH="59"/>
						<String ID="P41_ST00391" HPOS="2190" VPOS="3673" WIDTH="101" HEIGHT="54" CONTENT="der" WC="0.95" CC="076"/>
					</TextLine>
					<TextLine ID="P41_TL00041" HPOS="192" VPOS="3722" WIDTH="2096" HEIGHT="78">
						<String ID="P41_ST00392" HPOS="192" VPOS="3722" WIDTH="216" HEIGHT="69" CONTENT="Seelen," WC="0.99" CC="1005040"/>
						<SP ID="P41_SP00352" HPOS="408" VPOS="3791" WIDTH="49"/>
						<String ID="P41_ST00393" HPOS="457" VPOS="3725" WIDTH="98" HEIGHT="54" CONTENT="der" WC="1.00" CC="000"/>
						<SP ID="P41_SP00353" HPOS="555" VPOS="3791" WIDTH="37"/>
						<String ID="P41_ST00394" HPOS="592" VPOS="3727" WIDTH="245" HEIGHT="60" CONTENT="Italiener" WC="0.99" CC="600430000"/>
						<SP ID="P41_SP00354" HPOS="837" VPOS="3791" WIDTH="37"/>
						<String ID="P41_ST00395" HPOS="874" VPOS="3732" WIDTH="100" HEIGHT="57" CONTENT="der" WC="0.99" CC="010"/>
						<SP ID="P41_SP00355" HPOS="974" VPOS="3791" WIDTH="38"/>
						<String ID="P41_ST00396" HPOS="1012" VPOS="3735" WIDTH="385" HEIGHT="57" CONTENT="Renaissance." WC="1.00" CC="104054000061"/>
						<SP ID="P41_SP00356" HPOS="1397" VPOS="3792" WIDTH="80"/>
						<String ID="P41_ST00397" HPOS="1477" VPOS="3739" WIDTH="287" HEIGHT="59" CONTENT="Raffiniert" WC="0.99" CC="0266301000"/>
						<SP ID="P41_SP00357" HPOS="1764" VPOS="3798" WIDTH="38"/>
						<String ID="P41_ST00398" HPOS="1802" VPOS="3746" WIDTH="54" HEIGHT="51" CONTENT="in" WC="0.67" CC="14"/>
						<SP ID="P41_SP00358" HPOS="1856" VPOS="3798" WIDTH="38"/>
						<String ID="P41_ST00399" HPOS="1894" VPOS="3749" WIDTH="181" HEIGHT="51" CONTENT="seiner" WC="0.99" CC="003003"/>
						<SP ID="P41_SP00359" HPOS="2075" VPOS="3800" WIDTH="40"/>
						<String ID="P41_ST00400" HPOS="2115" VPOS="3744" WIDTH="173" HEIGHT="56" CONTENT="Ruch-" WC="1.00" CC="00004"/>
					</TextLine>
				</TextBlock>
				<TextBlock ID="P41_TB00002" HPOS="706" VPOS="924" WIDTH="73" HEIGHT="75" STYLEREFS="TXT_1 PAR_LEFT">
					<TextLine ID="P41_TL00042" HPOS="709" VPOS="926" WIDTH="69" HEIGHT="69">
						<String ID="P41_ST00401" HPOS="709" VPOS="926" WIDTH="69" HEIGHT="69" CONTENT="*)." WC="0.74" CC="034"/>
					</TextLine>
				</TextBlock>
				<TextBlock ID="P41_TB00003" HPOS="278" VPOS="3867" WIDTH="2006" HEIGHT="81" STYLEREFS="TXT_2 PAR_RIGHT">
					<TextLine ID="P41_TL00043" HPOS="279" VPOS="3867" WIDTH="2005" HEIGHT="81">
						<String ID="P41_ST00402" HPOS="279" VPOS="3867" WIDTH="38" HEIGHT="58" CONTENT="*)" WC="0.86" CC="20"/>
						<SP ID="P41_SP00360" HPOS="317" VPOS="3925" WIDTH="20"/>
						<String ID="P41_ST00403" HPOS="337" VPOS="3868" WIDTH="186" HEIGHT="47" CONTENT="Goneril" WC="0.68" CC="0056045"/>
						<SP ID="P41_SP00361" HPOS="523" VPOS="3925" WIDTH="16"/>
						<String ID="P41_ST00404" HPOS="539" VPOS="3889" WIDTH="99" HEIGHT="26" CONTENT="zum" WC="0.99" CC="100"/>
						<SP ID="P41_SP00362" HPOS="638" VPOS="3925" WIDTH="9"/>
						<String ID="P41_ST00405" HPOS="647" VPOS="3872" WIDTH="193" HEIGHT="47" CONTENT="Narren:" WC="0.99" CC="0020650"/>
						<SP ID="P41_SP00363" HPOS="840" VPOS="3925" WIDTH="23"/>
						<String ID="P41_ST00406" HPOS="863" VPOS="3878" WIDTH="95" HEIGHT="50" CONTENT="„Ihr" WC="0.96" CC="1674"/>
						<SP ID="P41_SP00364" HPOS="958" VPOS="3928" WIDTH="15"/>
						<String ID="P41_ST00407" HPOS="973" VPOS="3880" WIDTH="378" HEIGHT="47" CONTENT="damehrSchurk" WC="0.64" CC="507062006147"/>
						<SP ID="P41_SP00365" HPOS="1351" VPOS="3928" WIDTH="15"/>
						<String ID="P41_ST00408" HPOS="1366" VPOS="3884" WIDTH="66" HEIGHT="44" CONTENT="als" WC="0.94" CC="736"/>
						<SP ID="P41_SP00366" HPOS="1432" VPOS="3928" WIDTH="9"/>
						<String ID="P41_ST00409" HPOS="1441" VPOS="3884" WIDTH="117" HEIGHT="45" CONTENT="Narr" WC="0.98" CC="2023"/>
						<SP ID="P41_SP00367" HPOS="1558" VPOS="3929" WIDTH="199"/>
						<String ID="P41_ST00410" HPOS="1757" VPOS="3890" WIDTH="22" HEIGHT="19" CONTENT='"' WC="0.20" CC="8"/>
						<SP ID="P41_SP00368" HPOS="1779" VPOS="3929" WIDTH="14"/>
						<String ID="P41_ST00411" HPOS="1793" VPOS="3886" WIDTH="200" HEIGHT="60" CONTENT="(„König-" WC="0.98" CC="36670278"/>
						<SP ID="P41_SP00369" HPOS="1993" VPOS="3946" WIDTH="16"/>
						<String ID="P41_ST00412" HPOS="2009" VPOS="3889" WIDTH="157" HEIGHT="45" CONTENT="Lear“." WC="0.98" CC="047080"/>
						<SP ID="P41_SP00370" HPOS="2166" VPOS="3946" WIDTH="16"/>
						<String ID="P41_ST00413" HPOS="2182" VPOS="3890" WIDTH="102" HEIGHT="58" CONTENT="1,4.)" WC="0.85" CC="30040"/>
					</TextLine>
				</TextBlock>
				<TextBlock ID="P41_TB00004" HPOS="293" VPOS="604" WIDTH="1914" HEIGHT="79" STYLEREFS="TXT_3 PAR_CENTER">
					<TextLine ID="P41_TL00044" HPOS="294" VPOS="604" WIDTH="1913" HEIGHT="79">
						<String ID="P41_ST00414" HPOS="294" VPOS="604" WIDTH="240" HEIGHT="56" CONTENT="Romain" WC="1.00" CC="040000"/>
						<SP ID="P41_SP00371" HPOS="534" VPOS="660" WIDTH="38"/>
						<String ID="P41_ST00415" HPOS="572" VPOS="606" WIDTH="252" HEIGHT="54" CONTENT="Rolland" WC="1.00" CC="0400000"/>
						<SP ID="P41_SP00372" HPOS="824" VPOS="660" WIDTH="33"/>
						<String ID="P41_ST00416" HPOS="857" VPOS="636" WIDTH="12" HEIGHT="14" CONTENT="•" WC="0.54" CC="4" STYLEREFS="TXT_0"/>
						<SP ID="P41_SP00373" HPOS="869" VPOS="660" WIDTH="37"/>
						<String ID="P41_ST00417" HPOS="906" VPOS="606" WIDTH="108" HEIGHT="56" CONTENT="Die" WC="0.98" CC="005"/>
						<SP ID="P41_SP00374" HPOS="1014" VPOS="662" WIDTH="24"/>
						<String ID="P41_ST00418" HPOS="1038" VPOS="606" WIDTH="281" HEIGHT="56" CONTENT="Wahrheit" WC="1.00" CC="32000200"/>
						<SP ID="P41_SP00375" HPOS="1319" VPOS="662" WIDTH="35"/>
						<String ID="P41_ST00419" HPOS="1354" VPOS="611" WIDTH="56" HEIGHT="51" CONTENT="in" WC="1.00" CC="00"/>
						<SP ID="P41_SP00376" HPOS="1410" VPOS="662" WIDTH="28"/>
						<String ID="P41_ST00420" HPOS="1438" VPOS="607" WIDTH="123" HEIGHT="55" CONTENT="dem" WC="1.00" CC="000"/>
						<SP ID="P41_SP00377" HPOS="1561" VPOS="662" WIDTH="28"/>
						<String ID="P41_ST00421" HPOS="1589" VPOS="607" WIDTH="186" HEIGHT="57" CONTENT="Werke" WC="1.00" CC="00000"/>
						<SP ID="P41_SP00378" HPOS="1775" VPOS="664" WIDTH="24"/>
						<String ID="P41_ST00422" HPOS="1799" VPOS="610" WIDTH="408" HEIGHT="73" CONTENT="Shakespeares" WC="1.00" CC="100300000000"/>
						<SP ID="P41_SP00379" HPOS="2207" VPOS="683" WIDTH="0"/>
					</TextLine>
				</TextBlock>
				<TextBlock ID="P41_TB00005" HPOS="2233" VPOS="618" WIDTH="64" HEIGHT="52" STYLEREFS="TXT_4 PAR_RIGHT">
					<TextLine ID="P41_TL00045" HPOS="2233" VPOS="618" WIDTH="64" HEIGHT="52">
						<String ID="P41_ST00423" HPOS="2233" VPOS="618" WIDTH="64" HEIGHT="52" CONTENT="41" WC="1.00" CC="00"/>
					</TextLine>
				</TextBlock>
			</PrintSpace>
		</Page>
	</Layout>
</alto>
