3075 4572
713 742 440 67 Lötschberg:
1208 734 100 56 Ein
1357 731 257 71 richtiger
1650 722 396 66 Wanderstab,
2092 718 145 56 weiß
2283 734 110 36 von
2444 708 195 57 Staub.
2723 704 118 55 Der

788 818 169 56 Mann
997 817 71 53 ist
1108 832 68 34 an
1216 809 110 55 ihm
1368 799 428 76 eingeschlafen,
1838 819 69 32 an
1947 795 111 55 ihm
2097 790 137 57 wird
2275 809 57 35 er
2371 789 333 52 aufwachen.

717 893 214 56 Flora:
973 887 133 58 Und
1147 884 90 66 da,
1279 882 83 56 ihr
1387 874 381 61 Reisebündel
1808 874 72 53 ist
1914 870 92 54 die
2032 866 225 70 Treppe
2285 856 559 70 hinuntergekollert.

794 966 119 63 (Sie
954 963 119 56 holt
1113 982 61 34 es
1213 954 194 59 herauf
1447 953 113 56 und
1599 952 117 68 legt
1755 969 60 35 es
1856 945 100 55 der
1997 941 236 70 Gruppe
2274 959 66 33 zu
2380 936 243 60 Fußen.)

720 1038 439 68 Lötschberg:
1181 1032 146 72 Jetzt
1352 1028 143 57 weiß
1523 1025 99 57 ich.
1659 1024 108 56 Die
1790 1020 136 56 Rast
1946 1016 93 56 auf
2068 1015 96 55 der
2187 1011 187 56 Flucht
2403 1007 132 56 nach
2557 1007 288 68 Ägypten.

797 1114 95 67 (Er
931 1115 193 52 nimmt
1164 1108 110 54 den
1315 1104 118 55 Hut
1472 1100 115 70 ab.)
2670 1148 11 22 ,

724 1189 214 56 Flora:
981 1185 82 56 Ich
1104 1181 108 58 will
1251 1183 80 54 sie
1371 1176 224 57 wecken
1636 1170 113 57 und
1790 1170 80 53 sie
1912 1174 96 47 mit
2049 1183 99 34 mir
2183 1159 134 55 nach
2357 1156 193 55 Hause
2597 1155 256 49 nehmen.

725 1267 446 68 Lötschberg:
1212 1261 119 56 Das
1371 1256 150 57 Kind
1562 1250 210 66 schläft,
1814 1247 80 55 als
1933 1249 146 51 wäre
2121 1263 61 34 es
2223 1237 137 57 noch
2401 1235 144 54 nicht
2587 1231 266 71 geboren.

729 1344 217 56 Flora:
987 1339 74 56 Es
1101 1341 73 53 ist
1212 1339 55 52 in
1307 1334 109 54 den
1446 1324 317 62 Mutterleib
1811 1313 442 74 zurückgekehrt
2392 1307 113 56 und
2533 1306 91 54 die
2651 1303 207 55 Mutter

806 1424 160 61 spürt
1005 1418 71 50 im
1103 1410 202 57 Traum
1345 1407 93 55 die
1463 1400 240 60 Wehen.
1771 1395 94 57 Sie
1905 1392 173 56 leidet
2119 1387 329 57 Schmerzen
2488 1380 115 57 und
2642 1377 213 55 lächelt.

732 1490 439 69 Lötschberg:
1213 1484 95 56 Sie
1348 1482 96 55 hat
1484 1476 110 58 sich
1636 1495 67 34 an
1734 1471 109 56 den
1871 1468 168 56 Mann
2067 1462 228 74 gelehnt
2352 1480 80 34 sie
2459 1460 244 52 vertraut
2730 1453 128 51 ihm.

808 1566 132 57 Und
996 1562 109 56 ihm
1164 1559 134 72 geht
1353 1554 90 57 auf
1490 1552 257 56 finsterer
1783 1536 430 66 Wanderschaft
2257 1533 111 57 hell
2415 1551 119 36 sein
2582 1526 139 57 Stab
2766 1542 92 36 zur

811 1640 171 57 Seite.
1061 1635 108 56 Die
1217 1628 127 60 sind
1382 1628 127 55 weit
1548 1618 341 78 gewandert,
1937 1617 92 53 die
2070 1609 243 60 schlafen
2351 1606 116 55 tief.
2544 1604 95 54 Sie
2681 1604 182 50 haben

813 1714 112 57 sich
966 1710 221 57 hierher
1235 1711 235 66 gesetzt,
1518 1697 123 57 weil
1682 1694 72 55 da
1795 1693 99 55 der
1933 1691 257 54 Brunnen
2232 1693 87 55 ist,
2368 1702 53 33 in
2463 1678 127 55 dem
2632 1696 80 34 sie
2754 1675 109 51 sich

813 1786 253 58 waschen
1104 1782 245 62 werden,
1390 1777 176 55 bevor
1608 1773 79 54 sie
1725 1763 404 60 weiterziehen.
2582 1825 9 10 .
2732 1818 13 21 ~
2829 1815 16 13 ,

742 1862 216 57 Flora:
1000 1858 150 56 Mein
1170 1852 469 58 Toilettezimmer
1665 1842 104 57 soll
1797 1844 88 52 ein
1905 1835 254 60 Wunder
2187 1830 243 58 erleben.
2484 1825 149 55 Mein
2662 1823 177 53 Schlai-

821 1941 223 52 zimmer
1084 1929 123 58 darf
1245 1927 136 56 alles
1420 1938 323 54 vergessen.

749 2008 439 68 Lötschberg;
1232 2000 182 56 Deine
1442 1995 138 56 Zofe
1620 1990 181 58 findet
1826 1982 216 61 endlich
2070 1980 94 55 die
2184 1975 328 63 Wanderer,
2552 1967 92 58 auf
2672 1967 94 56 die
2791 1985 81 35 sie

823 2087 107 55 seit
988 2082 127 54 dem
1164 2072 311 62 Unterricht
1522 2072 54 52 in
1625 2067 97 54 der
1769 2059 305 58 biblischen
2125 2049 326 61 Geschichte
2497 2053 211 54 wartet,
2763 2040 113 53 und

823 2161 169 61 kniet,
1035 2154 185 55 neben
1261 2153 152 52 einer
1439 2139 262 62 Schüssel
1741 2140 97 51 mit
1876 2134 179 56 lauem
2082 2128 232 57 Wasser
2371 2120 93 58 auf
2505 2119 127 54 dem
2658 2119 197 52 Boden

827 2255 90 33 um
977 2229 166 55 ihnen
1204 2224 92 55 die
1336 2218 154 58 Füße
1550 2238 66 33 zu
1674 2209 254 58 waschen
1966 2247 98 14 ...
2161 2201 118 54 Das
2316 2192 254 61 Wunder
2627 2190 251 68 beginnt.

830 2304 273 72 (Pedroso
1151 2293 274 71 erwacht.)
1510 2290 108 55 Die
1668 2285 195 56 nackte
1905 2280 157 56 Rebe
2109 2275 248 67 behängt
2404 2270 153 54 ihren
2596 2263 140 56 Stab
2784 2269 97 47 mit

828 2380 265 61 Blättern,
1133 2375 80 54 sie
1253 2369 189 57 bilden
1485 2368 89 52 ein
1613 2357 267 66 Dickicht,
1923 2351 174 76 große
2136 2346 260 57 Trauben
2437 2342 229 71 glanzen
2708 2341 173 49 dann.

831 2455 99 55 Ein
971 2448 226 58 Mensch
1236 2446 196 55 betritt
1470 2440 91 55 die
1603 2436 159 55 Erde.

759 2529 191 56 Flora
990 2523 194 72 (reicht
1222 2517 253 58 Pedroso
1515 2512 92 56 die
1648 2502 250 73 Hände):
1938 2498 416 61 Willkommen,
2393 2492 235 52 Freund.

1543 2629 107 56 (Die
1682 2625 114 45 Frau
1828 2622 126 44 rührt
1985 2614 124 58 sich.)

762 2744 416 69 Lötschberg
1219 2737 208 73 (indem
1465 2754 61 36 er
1562 2729 112 58 sich
1701 2724 171 58 bückt
1900 2719 114 58 und
2042 2719 101 56 das
2171 2714 150 56 Kind
2352 2714 53 53 in
2430 2709 117 55 ihre
2573 2701 317 61 suchenden

835 2822 174 56 Arme
1049 2815 163 73 legt):
1255 2813 137 55 Hier
1432 2813 71 51 ist
1541 2806 84 54 Ihr
1665 2801 167 57 Kind.

764 2897 322 57 Pedroso:
1129 2890 89 55 Da
1258 2886 122 57 seid
1420 2884 81 55 ihr
1537 2878 76 74 ja!
1693 2876 191 57 Guten
1923 2864 259 73 Morgen!
2683 2925 11 14 ,

764 2968 443 63 Lötschberg:
1247 2962 121 56 Wir
1406 2957 184 57 haben
1632 2956 283 68 gewartet,
1959 2943 86 55 bis
2088 2939 81 55 ihr
2210 2937 92 54 die
2331 2933 110 54 Tur
2469 2931 92 55 auf
2566 2931 254 51 machtet.

765 3048 123 55 Die
931 3043 162 56 Frau
1143 2987 120 122 fhat
1303 3036 116 54 ihre
1448 3032 164 54 Brust
1654 3019 272 65 entblößt,
1970 3019 80 55 sie
2086 3013 122 72 gibt
2237 3010 127 55 dem
2392 3005 150 56 Kind
2568 3024 66 33 zu
2661 2999 235 56 trinken.

841 3119 189 56 Indem
1072 3118 80 54 sie
1194 3113 92 55 die
1325 3108 206 70 Augen
1574 3094 355 72 aufschlägt):
1971 3090 83 56 Ich
2095 3085 181 57 danke
2317 3083 186 59 Ihnen,
2544 3078 53 54 H
2604 3097 48 34 ei
2652 3097 57 90 J-

769 3194 321 56 Pedroso:
1133 3184 214 74 (wischt
1386 3184 96 52 mit
1523 3180 179 54 einem
1730 3169 147 58 Tuch
1921 3166 109 55 den
2067 3160 176 58 Staub
2284 3178 127 34 vom
2441 3150 163 68 Stab)
2644 3150 159 53 Alles
2831 3152 71 46 ist

842 3277 118 58 gut,
1004 3262 125 58 sind
1169 3259 145 57 nicht
1357 3253 224 65 Hunde,
1642 3249 91 55 die
1782 3246 160 54 einen
1983 3236 241 57 wecken.
2317 3230 90 55 Du
2468 3224 155 57 mußt
2680 3239 163 37 wisse
2886 3259 14 23 ,

846 3340 111 58 daß
986 3339 90 55 die
1098 3337 216 54 Bauern
1343 3330 91 56 die
1456 3324 205 58 Hunde
1691 3320 144 56 nicht
1862 3314 153 58 mehr
2044 3333 67 33 an
2140 3310 92 55 die
2260 3305 170 56 Kette
2457 3301 182 70 legen,
2669 3292 177 60 seitde

847 3418 91 56 die
967 3412 327 57 Brotkarten
1322 3404 212 57 Bettler
1560 3422 66 34 zu
1655 3395 221 56 Dieben
1905 3386 254 75 gemacht
2185 3381 197 56 haben.
2448 3376 108 55 Die
2577 3372 43 55 B
2627 3370 207 57 lotkart

850 3490 184 57 haben
1075 3486 91 55 die
1197 3483 199 56 Armut
1435 3499 69 33 an
1545 3475 110 55 den
1682 3469 122 70 Tag
1833 3461 279 78 gebracht,
2142 3479 69 84 u^
2218 3455 35 54 d
2241 3528 35 35 ft
2295 3455 71 53 da
2361 3528 10 12 .
2393 3451 110 112 h^.
2666 3466 34 32 n
2695 3540 24 23 r
2704 3466 33 32 U
2744 3485 59 78 c;
2807 3536 57 27 re
2869 3516 13 28 :
2887 3522 23 41 t

851 3565 184 57 früher
1056 3560 202 71 Speise
1286 3554 114 57 und
1420 3550 187 57 Trank
1625 3568 109 34 von
1762 3544 109 54 den
1899 3536 234 57 Tischen
2162 3528 132 66 floß,
2323 3549 89 34 ein
2440 3519 279 60 häßlicher
2740 3516 170 56 Streit

851 3662 90 34 um
971 3638 302 54 Brosamen
1308 3631 98 52 mit
1441 3626 109 55 den
1579 3619 263 58 Hunden.
1908 3611 190 58 Selbst
2128 3607 88 55 die
2246 3599 207 58 Hunde
2490 3594 124 59 sind
2641 3593 143 55 böse
2815 3608 64 50 ge-

850 3713 250 57 worden.
1142 3706 95 57 Sie
1255 3702 184 58 halten
1460 3701 96 53 mit
1574 3697 171 55 ihrem
1758 3688 206 59 Gebell
1982 3687 91 53 die
2083 3680 243 58 Wolken
2341 3696 99 34 vor
2459 3672 99 54 der
2577 3668 189 57 Sonne
2785 3663 125 56 fest.

780 3796 213 56 Flora:
1034 3790 84 56 Ich
1159 3789 139 54 bitte
1339 3782 113 66 Sie,
1495 3782 98 52 mit
1631 3779 100 53 mir
1771 3794 64 34 zu
1879 3770 273 54 kommen.
2220 3758 83 56 Ich
2343 3757 141 55 bitte
2526 3751 112 66 Sie,
2679 3751 91 52 bei
2812 3763 99 36 mir

855 3892 65 33 zu
960 3866 256 57 wohnen.
1293 3859 83 55 Ich
1416 3856 146 55 habe
1603 3852 163 54 keine
1809 3842 222 58 Hunde.
2110 3837 82 55 Ich
2234 3832 163 56 heiße
2437 3832 176 51 Flora.

1227 558 153 54 Rene
1418 550 277 59 Sdiickele
1750 578 12 12 •
1822 544 114 57 Am
1980 540 390 57 Glockenturm

705 570 76 55 28
