3075 4572
814 757 101 56 Ein
940 756 184 65 wenig
1154 747 153 60 Gold
1344 742 202 58 befreit
1585 739 91 55 die
1703 734 328 71 kräftigsten
2058 724 297 60 Menschen
2394 720 92 55 bei
2526 718 101 54 der
2652 713 184 56 Ersatz-

744 829 376 63 kommission,
1181 824 101 56 der
1326 819 101 56 der
1473 809 417 71 dickbäuchige,
1948 801 305 61 schamlose
2301 793 114 59 und
2456 791 147 71 felge
2641 786 77 56 Fa
2740 783 130 59 staft

743 908 116 56 und
886 906 101 54 der
1013 902 182 56 kleine
1223 894 219 59 Richter
1469 888 194 58 Schaal
1688 882 316 59 vorstehen.
2046 872 281 74 (Heinrich
2350 870 108 65 IV.,
2479 870 33 51 1
2530 870 70 51 eil
2622 870 150 60 11,111,
2794 870 78 60 2.)

877 978 158 57 Aber
1075 976 90 54 die
1206 969 209 59 Bettler
1453 963 225 58 werden
1725 963 192 52 immer
1964 952 138 55 noch
2156 957 132 63 „gut
2336 963 187 53 genug
2568 958 124 37 zum
2731 946 106 45 Aut-

748 1053 237 74 spießen
1025 1051 173 55 sein.“
1282 1042 181 71 Sogar
1502 1037 223 63 Lahme,
1764 1023 412 75 Verkrüppelte
2255 1040 108 36 von
2403 1013 308 58 Krankheit
2755 1028 90 35 ver-

750 1131 191 69 folgte,
982 1117 533 68 Schwindsüchtige:
1560 1155 28 24 „
1924 1101 191 55 Futter
2153 1096 84 55 für
2275 1087 222 61 Pulver!
2563 1086 189 56 Futter
2791 1082 85 55 für

752 1199 222 61 Pulver!
1042 1197 95 57 Sie
1179 1192 169 57 füllen
1391 1193 122 52 eine
1554 1183 195 58 Grube
1792 1200 64 35 so
1898 1185 99 62 gut
2034 1193 103 35 wie
2177 1169 259 54 Bessere!

1978 1258 289 76 (Heinrich
2307 1254 91 66 IV,
2438 1249 120 57 Teil
2596 1249 36 64 I,
2672 1245 89 67 IV,
2802 1242 79 71 2.)

832 1380 117 55 Das
990 1374 150 59 Geld
1198 1405 71 5 -
1328 1368 139 57 oder
1514 1386 89 34 um
1654 1382 61 34 es
1762 1362 71 51 im
1874 1355 290 56 weitesten
2205 1345 170 57 Sinne
2415 1362 66 34 zu
2523 1339 203 62 fassen,
2784 1331 101 56 der

756 1452 235 67 Vorteil,
1032 1453 69 52 ist
1142 1447 99 56 der
1281 1444 144 55 Herr
1465 1440 100 56 der
1592 1435 278 56 Nationen
1909 1449 103 36 wie
2054 1424 100 55 des
2184 1418 314 58 Einzelnen.
2563 1413 130 54 Man

762 1533 160 54 einen
963 1526 175 64 Staat,
1178 1524 104 54 wie
1322 1538 124 36 man
1489 1517 160 53 einen
1691 1508 218 57 Richter
1946 1499 173 58 kauft.
2197 1493 150 58 Nach
2389 1491 129 55 dem
2558 1486 172 64 Preis,

762 1626 125 33 man
927 1601 270 62 festsetzt,
1253 1589 243 59 herrscht
1547 1584 235 57 Frieden
1830 1578 140 57 oder
2008 1573 191 68 Krieg.
2276 1566 109 56 Die
2444 1585 71 35 na
2518 1581 96 36 ™
2620 1559 96 55 cbe
2717 1575 132 109 JjJ

762 1677 192 57 blinde
982 1674 189 56 Masse
1211 1669 170 55 kennt
1420 1663 144 56 nicht
1604 1659 89 56 die
1733 1654 221 58 wahren
1983 1646 249 65 Grunde,
2274 1663 124 34 man
2440 1636 177 57 macht
2836 1670 56 66 «[

765 1775 115 34 was
921 1771 125 34 man
1085 1744 126 57 will.
1289 1740 102 56 Ein
1432 1735 210 59 solcher
1682 1730 159 57 Staat
1880 1733 170 49 nennt
2088 1720 118 57 sich
2251 1716 208 67 „Ritter
2498 1711 102 55 des
2629 1711 200 52 Rechts
2878 1744 13 13 .

1183 1863 71 7 —
1406 1827 108 54 den
1557 1821 291 56 Gewissen
1889 1813 175 55 selbst
2106 1813 319 66 gepanzert,

1037 1910 110 54 den
1189 1898 377 62 Christenlieb
1608 1894 112 56 und
1761 1890 148 56 Eifer
1946 1885 141 56 trieb
2129 1886 85 50 ins
2252 1876 137 56 Feld

1039 1983 82 54 als
1162 1979 205 56 Gottes
1409 1973 255 57 Streiter:
1707 1966 73 55 da
1819 1964 100 53 der
1959 1956 219 60 schlaue
2217 1955 214 60 Teufel,

1042 2058 99 54 der
1178 2034 503 75 Vorsatz-Ändrer,
1721 2040 111 56 ihm
1872 2039 84 52 ins
1997 2031 124 57 Ohr
2161 2032 255 66 geraunt;

1043 2131 100 56 der
1181 2124 229 65 Mäkler,
1453 2121 101 55 der
1593 2119 91 53 die
1724 2114 146 55 Treu
1909 2130 95 34 zur
2043 2102 185 59 Makel
2269 2102 199 61 macht;

1047 2206 100 55 der
1185 2190 512 73 Alltags-Meineid,
1740 2189 99 54 der
1879 2205 89 34 um
2011 2180 103 56 alle
2153 2176 178 62 wirbt,

1047 2300 93 35 um
1180 2271 243 71 Kön’ge,
1463 2266 228 63 Bettler,
1731 2261 153 63 Alte,
1924 2257 200 70 Junge,
2164 2248 225 70 Mägde,

1051 2352 99 56 der
1192 2349 171 71 glatte
1405 2342 161 65 Herr,
1608 2338 99 55 der
1748 2329 366 61 Schmeichler
2153 2324 324 69 Eigennutz.

1051 2427 66 69 Ja
1157 2423 325 69 Eigennutz,
1526 2416 100 54 der
1665 2408 205 60 schiefe
1912 2406 167 67 Hang
2119 2420 92 34 zur
2236 2398 168 61 Welt,

1054 2501 100 55 der
1190 2495 171 64 Welt,
1405 2491 90 54 die
1537 2486 175 72 gleich
1754 2500 273 54 gewogen
2068 2478 70 51 ist
2176 2493 68 32 an
2286 2472 130 61 sich,

1053 2573 94 57 auf
1187 2571 200 56 ebnem
1428 2563 194 56 Boden
1664 2557 208 73 gerade
1912 2554 92 52 hin
2044 2571 65 32 zu
2148 2545 201 63 rollen,

1057 2650 88 54 bis
1185 2646 184 53 dieser
1406 2636 233 66 Vorteil,
1681 2634 184 54 dieser
1904 2622 243 62 schnöde
2187 2622 183 64 Hang,

1062 2722 99 56 der
1199 2717 216 57 Lenker
1455 2714 101 54 der
1594 2709 341 68 Bewegung,
1977 2698 323 70 Eigennutz,

1062 2801 79 53 sie
1183 2794 239 55 abwärts
1461 2789 154 68 neigt
1653 2804 110 33 von
1804 2778 159 56 allem
2004 2770 373 69 Gleichgewic
2412 2771 23 45 t

2227 2853 212 71 (König
2478 2846 233 72 Johann,
2751 2840 56 67 11,
2846 2837 79 72 2.)

872 2976 152 57 Nach
1066 2976 209 55 seinem
1303 2964 206 60 Willen
1550 2959 137 58 wird
1714 2956 175 68 Krieg
1931 2949 200 57 erklärt
2158 2943 139 57 oder
2323 2937 197 57 Friede
2549 2929 357 75 geschlossen

799 3043 289 82 Übrigen»
1132 3051 70 52 ist
1250 3065 60 34 es
1350 3037 212 60 überall
1622 3056 83 44 so,
1764 3029 115 57 und
1937 3027 90 54 die
2088 3041 122 35 eine
2257 3015 206 56 Nation
2511 3019 71 45 ist
2632 3005 142 56 nicht
2821 3000 108 57 viel

804 3127 153 57 mehr
995 3132 135 48 wert
1171 3119 78 56 als
1291 3117 90 54 die
1423 3112 188 56 andre.
2199 3165 11 7 ,
2399 3161 10 11 .
2547 3156 12 21 i

927 3201 71 64 la,
1059 3199 99 53 der
1206 3191 201 59 Friede
1455 3186 196 66 macht,
1712 3176 109 61 daß
1869 3173 92 56 die
2009 3166 297 61 Menschen
2364 3156 265 61 einander
2674 3153 204 56 hassen
2921 3191 12 23 ,

807 3288 127 58 sagt
973 3278 55 53 in
1067 3265 416 71 verständigem
1524 3255 175 63 Urteil
1750 3255 86 53 ein
1879 3247 201 58 Sklave
2128 3242 104 56 des
2271 3232 281 63 Anfidius.
2636 3272 28 23 „
2743 3245 150 35 arum

807 3346 150 61 Weil
1001 3349 81 53 sie
1125 3344 147 55 dann
1313 3333 267 61 einander
1615 3328 247 69 weniger
1897 3323 160 69 nötig
2090 3316 234 56 haben/'
2372 3303 358 74 (Cor.olanus
2751 3298 88 66 IV,
2862 3298 31 53 5
2916 3295 23 69 )

886 3420 132 61 Und
1056 3438 117 35 was
1214 3415 91 56 die
1346 3405 462 63 Grausamkeiten
1851 3397 102 56 des
1981 3394 239 66 Krieges
2255 3382 234 58 anbelan
2494 3387 79 63 «‘'
2611 3397 66 99 f

815 3499 92 55 die
950 3493 162 59 allein
1161 3486 241 61 darüber
1435 3493 251 51 staunen,
1745 3473 91 56 die
1887 3471 89 55 die
2024 3460 460 61 Grausamkeiten
2535 3453 101 53 des
2677 3448 162 56 Fried

815 3570 147 58 nicht
1001 3567 172 59 sehen
1201 3562 224 58 wollen:
1470 3549 280 77 „Göttlich
1780 3544 193 61 Gebot
2032 3534 325 64 menschlich
2387 3529 211 58 Gesetz
2631 3521 127 59 sind
2786 3539 128 54 grau-

818 3666 142 38 sam:
998 3641 140 58 Was
1178 3636 104 58 soll
1321 3633 101 56 der
1460 3628 173 71 Krieg
1674 3626 144 53 denn
1862 3613 160 61 sein?
2126 3608 218 71 (Timon
2372 3605 89 64 I/,
2491 3605 74 64 3.)

894 3720 127 55 Man
1064 3717 145 53 kann
1249 3732 99 36 nur
1389 3707 140 56 über
1569 3702 89 56 die
1702 3689 469 74 Gehaltlosigkeit
2210 3684 101 56 der
2349 3676 234 59 Grunde
2631 3674 318 53 “beirascht

823 3796 137 58 sein,
1001 3791 86 56 für
1125 3788 94 56 die
1255 3778 299 61 Tausende
1592 3796 110 35 von
1737 3765 305 61 Menschen
2083 3758 109 58 sich
2235 3760 356 69 gegenseitig
2624 3768 17 51 J
2649 3745 66 56 ah
2723 3742 106 127 p^
2832 3740 53 56 hl
2928 3770 18 10 '

825 3864 249 66 morden,
1133 3864 101 54 wie
1282 3880 64 35 es
1392 3854 101 56 der
1542 3841 373 77 norwegische
1956 3839 358 68 Hauptmann
2362 3826 152 59 offen
2555 3821 127 56 dem
2723 3819 227 53 Prinzen

835 580 244 58 Romain
1120 567 251 64 Rolland
1409 598 13 13 ■
1458 565 109 56 Die
1587 557 285 61 Wahrheit
1910 560 56 51 in
2006 552 125 56 dem
2154 545 190 60 Werke
2375 539 413 72 Shakespeares

734 582 74 58 46
