2540 4120
1228 427 119 59 551

306 577 249 79 prêtres
595 578 77 60 de
713 579 287 60 Bacchus
1033 585 265 72 portant
1350 579 108 59 des
1492 579 344 77 amphores
1881 593 350 61 grecques:

306 670 108 58 des
484 667 393 79 triérarques
947 668 108 78 qui
1119 670 255 58 avaient
1432 667 245 60 soumis
1737 667 90 60 les
1901 666 329 79 paraliens

303 757 308 73 révoltés;
645 757 108 59 des
786 776 364 59 messagers
1188 762 299 56 couverts
1530 757 75 59 de
1637 759 258 74 byssus,
1942 757 106 76 qui
2084 774 115 59 por-

298 847 205 59 taient
559 846 58 59 le
683 846 278 60 caducée
997 847 331 59 d'Hermès
1384 846 443 79 Trismégiste;
1865 845 370 79 d'opulents

302 940 368 71 tétrarques
722 936 280 78 tyriens;
1040 938 108 57 des
1194 936 262 60 sufTètes
1498 940 364 55 renommés
1898 938 108 57 des
2062 940 173 55 cotes

305 1025 74 59 de
414 1025 343 78 Carthage,
778 1029 310 55 entourés
1112 1025 75 59 de
1221 1025 228 78 gardes
1470 1044 12 54 ;
1512 1026 107 58 des
1643 1024 279 77 patrices
1948 1024 288 60 romains

303 1115 243 70 tenant,
583 1113 75 58 de
691 1113 171 61 leurs
898 1113 235 79 doigts,
1166 1115 91 59 les
1290 1114 225 60 fibules
1548 1114 138 59 d'or
1719 1114 75 57 de
1825 1113 170 58 leurs
2046 1114 152 59 chla-

305 1203 245 77 mydes.

386 1293 82 59 Ils
503 1293 414 59 s'abattaient
952 1310 248 42 comme
1235 1311 122 41 une
1392 1310 136 42 mer
1559 1293 309 59 houleuse
1898 1310 80 40 au
2015 1292 115 60 bas
2155 1292 76 60 de

306 1382 308 60 l'escalier
659 1387 62 53 et
755 1401 84 38 un
881 1381 158 77 long
1086 1382 133 58 râle
1253 1382 75 58 de
1381 1382 176 58 désir
1605 1385 276 55 montait
1940 1382 75 57 de
2061 1382 173 58 leurs

307 1489 235 59 gorges
603 1474 399 73 oppressées.
1069 1471 234 69 Gloris,
1364 1476 35 53 à
1455 1471 245 58 chacun
1770 1471 323 58 demanda
2146 1489 89 39 un

307 1578 159 59 gage
529 1560 74 58 de
665 1559 320 59 vaillance
1039 1578 81 40 ou
1171 1559 75 59 de
1291 1560 186 76 génie
1536 1565 64 53 et
1648 1560 78 58 ils
1785 1560 131 58 s'en
1968 1560 269 58 allèrent

311 1653 401 66 consternés,
744 1649 58 59 le
846 1649 176 59 front
1082 1650 186 58 barré
1333 1650 151 58 d'un
1547 1651 174 71 trait,
1759 1650 160 57 mais
1972 1651 177 74 prêts
2198 1653 38 54 à

308 1744 137 53 tout
477 1740 308 57 affronter
829 1755 165 61 pour
1026 1739 263 60 mériter
1338 1739 57 58 le
1430 1757 122 59 peu
1587 1738 186 59 d'elle
1818 1739 228 77 qu'elle
2095 1739 141 58 leur

311 1828 169 60 avait
517 1829 262 76 promis.

390 1919 120 57 Des
545 1921 331 72 étrangers
899 1917 316 58 suivirent
1248 1933 78 41 en
1356 1917 203 73 grand
1592 1918 297 71 nombre;
1911 1918 108 58 des
2060 1917 142 75 prin-

312 2025 102 42 ces
448 2007 75 58 de
557 2011 148 53 tous
740 2007 89 57 les
861 2023 189 63 pays;
1086 2006 108 58 des
1227 2008 262 66 ascètes,
1528 2007 276 75 maigres
1849 2023 246 42 comme
2128 2006 108 58 des

308 2096 305 68 momies;
673 2095 108 58 des
839 2095 287 77 lépreux,
1164 2095 110 76 qui
1329 2095 253 58 avaient
1637 2112 122 41 une
1809 2100 293 54 sonnette
2157 2111 80 41 au

308 2204 117 40 cou
454 2205 13 50 ;
505 2185 108 59 des
650 2185 409 76 corybantes,
1096 2183 345 60 serviteurs
1472 2183 364 78 deCybèle;
1876 2187 106 56 des
2014 2200 221 60 mages

308 2274 287 59 d'Orient
655 2291 126 41 aux
842 2272 198 60 étoles
1083 2274 442 67 chamarrées;
1566 2275 109 58 des
1719 2272 386 60 chameliers
2157 2276 75 57 de

308 2363 198 78 Lybie
543 2380 126 41 aux
702 2361 255 59 oreilles
1014 2360 357 77 pendantes
1406 2365 61 53 et
1519 2364 35 53 à
1597 2360 63 57 la
1713 2360 199 60 barbe
1945 2363 245 58 hirsute
2213 2384 13 47 ;

310 2454 109 58 des
444 2458 224 53 tueurs
712 2451 497 59 d'ichneumons
1239 2467 123 40 aux
1404 2449 187 76 joues
1634 2450 391 60 rubéfineset
2062 2453 169 57 enfin

308 2542 92 58 les
444 2544 264 73 parents
748 2539 75 58 de
856 2538 63 58 la
970 2538 203 68 reine,
1210 2538 90 58 les
1347 2539 342 57 serviteurs
1743 2538 84 58 du
1879 2539 224 76 palais,
2140 2540 91 59 les

310 2630 303 78 gardiens
647 2628 84 57 du
753 2627 339 59 sacerdoce
1127 2629 59 56 et
1224 2627 85 58 du
1341 2628 298 75 sérapum
1674 2630 202 56 sacré.

390 2721 49 58 Il
472 2737 78 41 en
579 2717 193 60 défila
802 2716 299 80 jusqu'au
1138 2714 400 79 crépuscule.
1564 2718 115 56 Les
1710 2735 146 39 rues
1882 2717 75 58 de
1983 2719 249 60 Thèbes

311 2810 237 59 étaient
580 2807 211 58 noires
816 2804 75 59 de
914 2804 233 60 monde
1169 2807 136 56 .Les
1333 2808 309 73 épreuves
1666 2807 231 56 étaient
1921 2811 314 73 engagées

313 2901 60 57 et
430 2897 108 59 des
586 2896 320 58 clameurs
947 2892 422 60 formidables
1412 2893 354 59 montaient
1804 2912 144 41 vers
1986 2896 56 58 le
2086 2898 145 60 ciel.

312 2991 120 57 Des
465 2987 146 59 flots
644 2985 353 58 d'hommes
1036 2982 348 59 arrivaient
1432 3000 149 41 sans
1624 2992 170 50 cessé
1834 2984 275 61 déferler
2154 3005 81 42 au

313 3076 164 60 seuil
510 3075 75 58 de
621 3075 98 57 cet
752 3072 193 73 autel,
987 3089 246 43 comme
1277 3075 224 56 autant
1540 3071 231 60 d'êtres
1809 3075 108 75 qui
1963 3076 273 59 seraient

311 3184 203 42 venus
546 3163 180 61 offrir
754 3161 174 59 leurs
978 3161 311 78 poitrines
1340 3179 121 42 aux
1507 3161 225 78 ongles
1761 3163 74 58 de
1887 3164 62 58 la
1991 3166 240 60 Lamie.

311 3258 174 60 leurs
515 3272 168 61 yeux
716 3252 305 58 luisaient
1064 3253 461 75 étrangement,
1569 3250 173 60 leurs
1784 3252 206 59 lèvres
2034 3259 162 55 trem-

313 3347 240 58 blaient
586 3349 37 52 à
655 3340 265 78 l'espoir
936 3340 75 59 de
1037 3339 238 60 délices
1303 3340 438 78 impossibles,
1759 3339 174 61 leurs
1954 3342 278 77 jambes,

313 3434 417 79 flageolantes
749 3448 62 42 se
828 3428 270 80 pliaient
1117 3446 245 43 comme
1379 3431 107 58 des
1500 3447 290 42 roseaux.
1813 3432 426 62 Etau-dessus

317 3526 75 58 de
435 3525 308 57 l'énorme
777 3519 223 59 souffle
1045 3518 424 71 d'adoration,
1507 3518 352 60 au-dessus
1903 3521 74 59 de
2016 3539 70 43 ce
2135 3528 105 56 rut

317 3612 257 79 épandu
609 3610 158 59 dans
800 3606 159 77 l'air,
998 3607 75 60 de
1107 3611 97 57 cet
1247 3607 545 61 anéantissement
1837 3608 75 60 de
1958 3615 141 56 tout
2155 3633 86 40 un
