2540 4120
1189 377 120 59 540

368 535 156 62 Mais
595 553 80 43 ne
738 553 118 62 pas
919 534 310 62 réfléchir
1298 535 95 60 est
1460 534 79 61 de
1611 534 319 61 l'essence
2002 530 79 62 de
2150 546 119 45 son

285 629 160 61 être.

362 718 177 72 Puis,
567 722 37 57 à
638 734 324 64 supposer
994 717 213 62 même
1230 717 162 81 qu'il
1417 715 91 63 ait
1543 717 223 62 cueilli
1804 736 118 62 par
1958 715 60 61 ci
2051 732 123 63 par
2204 713 68 61 là

279 809 282 82 quelque
590 811 370 80 important
976 811 281 80 trophée
1286 808 324 77 d'amour,
1649 830 72 42 ce
1747 828 83 44 ne
1850 808 103 62 fut
1975 826 170 63 pour
2170 805 98 63 lui

279 902 238 80 qu'une
585 901 135 80 joie
785 902 326 64 illusoire.
1192 901 569 85 Vamour-propre
1837 911 111 51 tua
2021 921 74 41 en
2176 898 92 62 lui

280 1000 136 54 tout
448 1012 221 42 amour
701 1014 12 42 :
755 993 50 60 il
834 1012 80 42 ne
946 993 287 63 chercha
1265 996 191 79 point
1489 995 113 61 des
1644 993 376 63 tendresses
2055 995 60 59 et
2150 992 114 62 des

279 1103 288 45 caresses
624 1086 171 61 mais
854 1085 113 62 des
1021 1090 230 58 succès
1304 1105 170 61 pour
1526 1086 62 61 le
1638 1103 414 63 personnage
2105 1082 162 82 qu'il

278 1175 344 64 s'inventa.
655 1178 51 59 Il
734 1197 81 42 ne
837 1176 203 82 jugea
1065 1178 193 80 point
1280 1178 95 61 les
1398 1178 282 61 femmes
1714 1197 80 42 en
1818 1176 450 61 elles-mêmes

277 1286 85 44 ou
392 1268 260 79 d'après
685 1288 126 42 une
844 1269 235 61 intime
1125 1272 62 59 et
1210 1269 434 80 mystérieuse
1674 1266 402 82 sympathie,
2094 1264 173 62 mais

275 1358 183 63 selon
518 1359 67 61 la
645 1364 143 57 cote
851 1360 345 80 publique,
1248 1359 333 78 officielle,
1648 1366 38 57 à
1741 1359 123 62 elle
1921 1358 343 63 accordée.

273 1451 193 64 Ainsi
510 1452 153 62 telle
706 1453 244 61 actrice
979 1453 91 61 lui
1103 1452 167 82 plaît
1309 1471 199 62 parce
1553 1452 239 81 qu'elle
1835 1456 95 58 est
1977 1470 290 54 connue,

273 1543 153 63 telle
464 1542 246 64 femme
755 1543 88 61 du
886 1545 241 61 monde
1171 1542 262 79 l'attire,
1477 1564 200 61 parce
1718 1543 237 83 qu'elle
2000 1546 96 58 est
2133 1548 38 55 à
2202 1542 68 61 la

271 1636 218 62 mode.
515 1637 49 60 Il
588 1636 237 61 n'aime
851 1655 123 61 que
998 1655 122 62 par
1136 1656 127 44 une
1289 1642 167 58 sotte
1475 1637 247 74 vanité,
1745 1655 169 62 pour
1930 1636 97 62 les
2047 1640 225 58 autres

275 1735 65 56 et
377 1748 131 43 non
544 1749 161 60 pour
748 1729 369 63 lui-même.
1154 1730 527 62 Eternellement
1719 1731 264 79 trompé
2016 1747 122 62 par
2193 1744 74 46 sa

275 1819 221 62 fausse
539 1821 394 79 conception
975 1820 80 62 de
1098 1820 68 64 la
1209 1821 128 74 vie,
1380 1820 50 61 il
1470 1823 231 80 ignore
1751 1820 517 81 complètement

269 1909 305 66 l'amour.

359 2004 488 79 Plaignons-le,
881 2004 166 64 mais
1079 2008 139 61 très
1261 2023 150 65 peu,
1450 2025 114 45 car
1591 2006 49 62 il
1674 2007 148 63 n'en
1861 2013 160 59 vaut
2053 2026 121 65 pas
2202 2007 67 63 la

270 2096 219 81 peine.

1231 2473 85 60 III

351 2711 182 64 Celui
577 2714 113 81 qui
736 2715 288 81 péchera
1062 2735 125 64 par
1225 2719 245 77 vanité,
1516 2738 146 46 sera
1711 2721 221 63 châtié
1986 2720 166 65 dans
2198 2742 72 43 sa

265 2813 246 63 vanité.
590 2817 178 62 Cette
835 2819 221 61 manie
1135 2820 81 61 de
1290 2820 373 65 s'accorder
1747 2824 524 64 d'innombrales

270 2908 357 79 conquêtes
654 2911 209 61 excite
892 2916 146 57 tout
1065 2912 277 66 d'abord
1372 2914 65 63 la
1463 2916 290 80 jalousie
1788 2918 113 61 des
1935 2916 328 64 crédules.

270 2999 157 61 Puis
483 2999 131 63 l'on
662 3020 39 42 a
758 3003 260 64 bientôt
1076 3005 122 62 fait
1259 3007 79 62 de
1404 3026 232 62 percer
1691 3010 61 62 le
1800 3012 319 79 mystère,
2174 3029 91 43 un

270 3092 298 64 contrôle
600 3092 358 67 inévitable
996 3099 216 62 révèle
1243 3097 300 66 l'inanité
1579 3104 112 61 des
1718 3104 443 72 vantardises,
2202 3109 64 57 et

269 3185 176 62 voilà
486 3185 60 62 le
587 3186 408 66 bonhomme
1033 3195 169 60 voué
1245 3209 84 43 au
1376 3194 283 63 ridicule
1723 3201 216 58 toutes
1978 3196 97 63 les
2131 3195 132 64 fois

273 3276 158 80 qu'il
466 3280 269 61 ouvrira
770 3280 65 62 la
862 3281 260 64 bouche
1151 3302 172 62 pour
1353 3286 273 63 exhiber
1656 3289 94 61 les
1788 3289 283 62 femmes
2108 3289 163 67 dont

269 3387 72 44 sa
375 3369 332 66 vaillance
739 3373 364 82 triompha.
1141 3378 210 61 Même
1396 3378 305 82 lorsqu'il
1730 3382 147 62 dira
1912 3382 65 63 la
2020 3382 234 76 vérité,

270 3459 50 62 il
364 3481 80 42 ne
504 3482 146 44 sera
704 3483 117 63 pas
863 3486 140 43 cru.
1061 3467 159 65 Mais
1248 3471 362 81 hypnotisé
1635 3492 123 62 par
1789 3474 369 73 lui-même,
2199 3495 69 44 se

270 3554 418 80 proclamant
718 3561 423 79 irrésistible,
1178 3568 66 58 et
1277 3584 66 43 se
1386 3567 414 64 confondant
1851 3589 80 42 en
1971 3570 260 63 admira-

271 3645 141 62 tion
447 3666 111 42 sur
590 3669 71 42 sa
687 3671 242 64 propre
965 3674 354 63 personne,
1357 3659 50 61 il
1436 3679 81 44 ne
1558 3679 439 65 remarquera
2033 3683 120 62 pas
2179 3664 97 64 les
