2540 4120
331 1419 312 109 Les
722 1419 559 140 Temps
1365 1422 830 119 dérisoires

903 2102 106 46 LES
1052 2105 212 47 PETITS
1310 2110 121 46 DON
1472 2113 154 44 JUAN

1259 2354 23 57 I

383 2548 85 57 Le
502 2562 192 42 suave
728 2545 294 77 Feuillet,
1168 2547 157 61 dont
1353 2547 92 61 les
1478 2549 269 77 phrases
1790 2551 434 63 mélodieuses

302 2638 59 60 et
382 2635 88 59 les
493 2635 182 59 rêves
699 2636 188 60 d'une
911 2636 407 62 aristocratie
1338 2643 314 56 surannée
1672 2646 113 55 ont
1806 2645 136 56 tant
1966 2641 261 77 alangui

302 2727 59 59 et
393 2725 260 58 charmé
695 2723 93 60 les
832 2726 174 60 âmes
1052 2726 76 60 de
1180 2727 229 78 quinze
1460 2748 138 52 ans,
1756 2730 120 73 fut,
1911 2732 64 75 je
2030 2732 196 68 crois,

299 2814 386 59 l'inventeur
745 2812 76 60 de
870 2816 163 57 cette
1083 2817 369 77 expression
1490 2835 13 42 :
1547 2836 124 42 une
1700 2823 451 58 conversation
2191 2825 38 58 à

296 2903 164 80 faire
491 2901 213 80 rougir
733 2922 83 39 un
846 2903 193 78 singe.
1074 2904 49 59 Il
1157 2923 64 42 se
1254 2908 235 58 servait
1517 2908 76 59 de
1640 2911 158 59 cette
1846 2910 382 61 véhémente

299 2991 282 61 formule
619 3009 164 60 pour
829 2991 416 63 caractériser
1265 2994 93 60 les
1381 2998 321 59 causeries
1734 2998 76 59 de
1837 3003 129 57 très
1991 3000 238 61 douces

295 3080 231 79 jeunes
562 3080 162 59 filles
752 3079 130 61 s'en
915 3082 226 73 allant,
1188 3084 363 74 gracieuses
1597 3089 60 57 et
1702 3088 267 75 rieuses,
2017 3092 211 77 parmi

300 3170 94 61 les
423 3169 230 60 teintes
686 3168 242 79 apâlies
961 3169 150 61 d'un
1132 3190 152 59 parc
1333 3173 498 83 mélancolique.
1876 3179 49 58 Il
1959 3183 91 56 est
2081 3200 111 59 pos-

302 3258 162 62 sible
510 3277 146 60 que,
694 3259 157 61 dans
884 3278 70 42 ce
989 3261 190 77 qu'on
1230 3266 91 56 est
1372 3281 291 44 convenu
1707 3267 331 80 d'appeler
2082 3291 34 37 «
2167 3271 60 62 le

299 3348 203 75 grand
531 3348 234 60 monde
806 3366 58 52 »,
916 3348 108 60 des
1074 3350 165 59 flirts
1287 3355 429 75 prématurés,
1779 3356 447 66 d'énervantes

299 3438 278 60 lectures
642 3440 58 57 et
755 3436 359 80 d'étranges
1175 3441 405 62 confidences
1636 3444 172 61 aient
1867 3447 77 59 de
2007 3447 219 66 bonne

299 3526 199 60 heure
530 3524 203 59 vieilli
765 3525 92 61 les
888 3527 172 60 âmes
1091 3529 345 62 féminines
1470 3550 76 42 en
1579 3532 225 61 fanant
1852 3535 142 61 leur
2043 3538 148 80 igno-

299 3630 193 46 rance
538 3612 108 60 des
675 3612 248 64 choses.
971 3616 153 61 Mais
1182 3618 92 60 les
1325 3619 255 63 fillettes
1630 3632 220 53 naïves
1899 3626 330 64 abondent
