2540 4120
1183 382 119 61 566

279 555 154 62 c'est
459 551 59 58 le
543 543 238 64 nouvel
816 541 207 60 Adam
1051 538 414 63 enbouteille
1487 537 109 80 (1).
1619 537 173 57 Dans
1821 550 90 42 un
1943 528 312 74 alambic,

280 642 365 63 condensez
670 635 88 60 du
788 631 253 80 liquide
1078 630 279 61 séminal
1388 626 296 72 humain,
1710 625 285 61 ferment
2027 622 76 60 de
2127 620 132 73 vie,

280 750 155 45 avec
467 730 93 60 les
594 730 229 75 quatre
857 722 319 61 éléments
1216 721 370 78 chimiques
1621 716 293 81 pendant
1943 716 321 76 quarante

278 825 207 80 jours.
527 824 134 56 Peu
688 824 39 53 à
759 814 263 81 peu,les
1052 814 313 61 ténèbres
1413 813 88 59 du
1548 809 302 80 mélange
1884 804 342 63 s'éclairci-

280 913 251 77 ront,le
558 908 160 62 fond
745 908 78 60 de
844 905 65 61 la
942 905 147 61 fiole
1115 904 171 61 luira
1314 921 254 43 comme
1590 919 85 42 un
1696 899 298 62 charbon
2015 896 243 72 animé,

282 1025 90 42 un
430 1003 299 62 diamant
787 999 112 78 qui
950 997 161 79 jette
1174 996 112 60 des
1351 994 317 61 flammes.
1745 990 294 61 Distillez
2108 1004 156 46 avec

282 1097 144 61 soin
458 1098 81 68 et,
579 1091 344 61 au-dessus
948 1088 115 60 des
1089 1087 285 80 liquides
1404 1090 233 66 morts,
1675 1101 287 61 surnage
1996 1082 60 60 le
2081 1097 137 64 mys-

277 1189 257 62 térieux
571 1183 226 61 enfant
829 1180 425 78 alchimique.
1294 1177 382 61 Nourrissez
1712 1192 71 44 ce
1813 1191 273 61 poupon
2108 1189 155 44 avec

279 1280 90 60 du
402 1297 165 59 sang
602 1274 299 70 humain,
937 1274 60 59 le
1028 1274 183 59 vôtre
1246 1271 53 61 si
1328 1269 328 81 possible;
1698 1284 160 62 ayez
1888 1266 149 60 soin
2074 1263 77 61 de
2201 1262 62 61 le

279 1371 229 60 laisser
544 1366 296 80 pendant
873 1369 319 75 quarante
1225 1361 328 63 semaines
1585 1365 39 56 à
1652 1377 127 41 une
1813 1359 452 77 température

282 1459 416 81 équivalente
726 1462 37 55 à
796 1455 65 60 la
894 1454 272 62 chaleur
1197 1454 162 61 d'un
1406 1457 227 57 ventre
1679 1450 78 60 de
1794 1448 255 75 cheval,
2099 1464 165 45 vous

279 1553 60 61 le
372 1568 223 43 verrez
630 1548 175 61 enfin
834 1545 494 61 distinctement
1384 1561 155 43 avec
1567 1561 73 42 sa
1672 1542 134 61 tête
1850 1545 151 74 trop
2035 1554 230 64 grosse

283 1647 61 60 et
379 1639 510 79 mélancolique,
928 1656 99 42 ses
1064 1638 329 60 membres
1427 1633 398 64 semblables
1851 1639 37 55 à
1907 1651 167 42 ceux
2107 1628 158 62 d'un

279 1737 197 59 fœtus
509 1733 171 61 flétri
743 1749 119 61 par
895 1728 263 64 l'alcool
1214 1730 169 59 mais
1430 1730 198 77 ayant
1681 1726 205 80 gardé
1940 1725 165 59 dans
2164 1740 101 43 ses

282 1845 176 61 yeux
487 1825 243 80 jamais
765 1822 160 74 clos,
976 1840 256 42 comme
1285 1839 168 43 ceux
1496 1820 113 59 des
1638 1817 300 80 reptiles,
1973 1817 64 60 la
2085 1815 179 61 fixité

282 1919 78 61 de
392 1919 69 60 la
486 1915 398 64 fascination
919 1918 62 55 et
1014 1914 94 61 les
1135 1914 224 59 tristes
1404 1912 231 61 lueurs
1679 1910 453 62 divinatrices.
2165 1909 99 59 Au

274 2009 166 61 bout
476 2010 88 60 du
614 2019 216 67 temps
863 2006 129 60 fixé
1021 2005 48 60 il
1106 2005 311 61 affectera
1450 2023 130 42 une
1623 2003 101 62 vie
1767 2000 380 64 machinale
2203 2000 62 61 et

275 2099 416 79 intelligente
755 2099 402 59 d'automate
1243 2095 364 74 conscient,
1672 2100 64 56 et
1816 2094 49 60 il
1921 2094 335 70 s'écriera,

280 2208 254 44 comme
567 2187 507 65 l'Homunculus
1103 2188 79 61 de
1219 2189 230 60 Gœthe
1479 2193 38 53 à
1550 2189 291 75 Wagner
1868 2206 11 40 :

358 2302 34 36 «
428 2282 75 60 Et
534 2281 178 72 bien,
749 2299 197 59 papa,
990 2281 330 58 comment
1350 2297 76 60 ça
1458 2277 227 61 va-t-il
1709 2278 27 57 ?
1769 2278 82 60 Ce
1887 2276 234 62 n'était
2148 2292 117 64 pas

277 2391 128 42 une
459 2372 433 80 plaisanterie
923 2372 28 57 ?
971 2372 226 73 Viens,
1257 2371 345 60 serre-moi
1635 2370 155 61 bien
1845 2370 423 61 tendrement

275 2483 112 42 sur
419 2470 113 56 ton
594 2481 183 46 cœur
810 2465 10 57 !
882 2462 158 61 Mais
1101 2479 119 63 pas
1272 2466 150 74 trop
1456 2461 158 76 fort,
1652 2461 60 61 le
1741 2479 188 43 verre
1964 2460 305 79 pourrait

275 2556 266 61 éclater.
594 2578 36 36 »

357 2650 149 59 Sort
578 2647 402 62 lamentable
1042 2648 65 59 et
1168 2647 305 78 comique
1539 2647 79 62 de
1701 2644 510 62 l'Homunculus
2251 2645 13 57 !

274 2739 212 61 N'être
543 2739 200 80 qu'un
792 2738 296 61 fantôme
1148 2738 305 62 matériel
1506 2738 80 62 de
1651 2738 268 71 vitrine,
1963 2756 81 43 ne
2105 2757 124 61 pou-

271 2833 146 61 voir
448 2850 265 61 rompre
765 2850 73 42 sa
900 2829 227 80 prison
1186 2833 467 76 transparente
1713 2845 154 45 sous
1922 2831 199 78 peine
2185 2829 82 64 de

274 2926 273 60 mourir.
585 2923 52 63 Il
669 2928 370 69 marmotte,
1073 2927 37 56 à
1136 2923 92 61 lui
1262 2928 146 56 tout
1442 2926 163 71 seul,
1634 2923 67 61 la
1728 2923 253 79 grande
2005 2923 262 79 plainte

274 3017 307 79 magique
599 3016 113 79 qui
735 3020 290 56 traverse
1049 3015 94 61 les
1169 3016 262 75 siècles,
1461 3016 248 62 l'effort
1731 3016 77 61 de
1840 3034 105 43 ces
1963 3015 305 65 volontés

274 3108 282 62 exaltées
617 3111 65 57 et
735 3105 279 62 tendues
1089 3108 424 62 aboutissant
1569 3114 38 56 à
1675 3125 72 45 ce
1837 3108 431 62 monstrillon

270 3200 267 73 délicat,
569 3199 82 60 lié
683 3198 165 61 dans
885 3199 112 61 des
1025 3199 288 61 cloisons
1342 3200 80 61 de
1454 3218 188 43 verre
1677 3202 54 59 si
1757 3202 253 59 minces
2044 3219 126 61 que
2201 3202 67 62 la

269 3293 303 62 moindre
604 3292 407 61 maladresse
1066 3294 407 60 anéantirait
1520 3293 60 61 le
1643 3294 216 78 grand
1920 3311 225 44 œuvre
2202 3301 66 55 et

808 3494 10 9 «

334 3527 46 48 1.
420 3524 146 51 Cette
603 3524 117 50 idée
761 3537 433 48 moyennageuse
1237 3524 65 48 de
1335 3523 398 52 l'hoimmculus
1780 3541 30 34 a
1854 3524 89 62 dû,
2000 3528 240 49 certaine-

272 3604 161 56 ment,
493 3600 199 62 inpirer
750 3600 30 46 à
838 3599 216 49 Villiers
1116 3600 64 47 de
1239 3599 350 51 ldsle-Adam
1641 3599 150 52 l'Eve
1830 3602 202 62 future
2050 3640 10 22 ,
2104 3603 136 49 beau-

273 3687 135 48 coup
435 3675 116 60 plus
618 3688 101 49 que
755 3675 80 48 les
867 3673 300 50 merveilles
1208 3674 334 63 exotériques
1576 3675 278 51 d'Edison.
