2540 4120
1217 304 121 61 538

289 468 231 69 muler,
544 468 61 60 et
637 482 70 44 sa
724 462 386 60 découverte
1141 458 217 78 afflige
1382 456 507 81 profondément
1918 471 165 43 ceux
2121 452 136 81 qui,

290 557 182 64 selon
507 557 60 59 le
610 555 196 59 verbe
840 548 402 82 magnifique
1281 548 77 60 de
1404 547 161 60 Paul
1602 545 230 73 Adam,
1880 547 150 57 sont
2072 545 192 78 épars

287 668 126 42 aux
439 660 403 65 apparences
878 641 110 60 des
1021 641 251 60 choses.
1315 642 119 58 Les
1470 640 170 60 êtres
1677 636 409 79 d'exception
2114 639 151 57 sont

287 758 178 44 rares
496 755 78 42 en
609 739 186 56 notre
827 738 215 72 temps
1076 731 370 78 égalitaire,
1479 730 170 60 mais
1687 727 85 63 ils
1818 727 343 63 dominent
2208 729 54 61 si

290 825 604 85 prodigieusement
944 824 65 60 la
1066 839 347 45 commune
1457 820 296 62 banalité
1799 820 161 80 qu'il
2011 821 140 60 faut
2195 838 69 43 se

286 921 271 59 hausser
585 933 167 62 pour
773 914 94 60 les
887 913 165 72 voir,
1090 914 61 59 et
1182 931 123 61 que
1333 912 141 59 leur
1503 912 179 61 seule
1707 912 557 81 compréhension

289 1011 204 61 exalte
530 1007 257 79 l'esprit
822 1008 61 57 et
910 1004 297 61 l'irradie
1242 1004 78 60 de
1352 1004 303 63 lumière.

373 1100 180 61 Voici
583 1116 121 42 nos
736 1096 200 80 petits
962 1096 129 59 don
1123 1097 170 60 Jiïan
1316 1095 224 60 lâchés
1569 1101 38 53 à
1637 1100 254 55 travers
1922 1095 94 60 les
2043 1095 218 80 jupes.

291 1195 84 58 Le
409 1188 314 83 parallèle
755 1187 77 60 de
853 1186 177 61 leurs
1062 1186 360 61 existences
1447 1188 60 58 et
1537 1186 78 60 de
1648 1185 176 61 leurs
1848 1186 419 60 confidences

298 1298 335 66 provoque
666 1279 60 61 le
759 1277 252 61 sourire
1049 1280 61 57 et
1147 1295 83 42 va
1260 1276 268 80 jusqu'à
1564 1275 346 74 réclamer,
1946 1277 53 59 si
2037 1275 61 61 le
2131 1276 136 60 mal

290 1370 357 64 n'émanait
680 1370 77 59 de
799 1369 179 60 leurs
1021 1373 202 68 actes,
1259 1387 90 40 un
1392 1384 129 62 peu
1565 1368 78 59 de
1687 1366 583 63 miséricordieuse

300 1463 187 81 pitié.

367 1557 178 58 Vous
597 1552 205 59 l'avez
870 1549 309 73 entendu,
1217 1549 60 61 le
1340 1548 165 81 petit
1564 1548 266 61 homme
1889 1549 77 61 de
2026 1554 147 56 tout
2229 1556 38 54 à

293 1646 271 70 l'heure,
607 1661 65 43 se
704 1646 231 56 vanter
972 1641 255 62 d'avoir
1263 1641 279 80 conquis
1573 1639 268 80 jusqu'à
1875 1642 66 60 la
1998 1646 179 57 mort
2208 1642 61 61 le

295 1755 178 42 cœur
508 1735 192 61 d'une
738 1740 149 71 trop
930 1731 231 62 tendre
1208 1731 329 61 ouvrière!
1588 1731 331 63 Suivez-le
1966 1733 163 61 dans
2173 1732 97 62 les

296 1830 167 60 soirs
494 1827 182 60 noirs
701 1823 254 61 d'hiver
986 1841 84 42 ou
1105 1823 163 61 dans
1301 1822 94 62 les
1423 1841 181 45 roses
1635 1823 170 61 soirs
1836 1825 193 75 d'été,
2049 1827 223 59 errant

296 1924 38 54 à
355 1919 65 59 la
450 1921 185 76 porte
674 1916 109 60 des
821 1914 517 71 manufactures,
1375 1933 128 42 aux
1535 1916 237 61 heures
1808 1915 78 61 de
1924 1916 232 71 sortie,
2185 1934 85 43 ou

296 2009 61 62 le
395 2008 230 71 matin,
663 2009 191 76 après
884 2024 89 41 un
1004 2006 148 60 bref
1187 2006 325 74 sommeil,
1546 2006 163 61 dans
1740 2006 66 60 la
1842 2008 277 78 propice
2152 2027 117 42 rue

299 2100 77 60 de
407 2100 63 60 la
496 2097 158 62 Paix
687 2117 86 42 ou
793 2098 160 58 dans
985 2097 83 61 tel
1096 2097 337 61 favorable
1457 2098 334 79 faubourg
1822 2099 77 60 de
1926 2100 341 79 province.

295 2191 50 60 Il
378 2193 94 57 est
524 2188 289 81 possible
860 2187 148 80 qu'à
1044 2188 179 61 force
1268 2188 77 60 de
1383 2189 305 79 patience
1740 2189 50 59 il
1847 2191 90 59 ait
1980 2191 116 60 fini
2151 2210 123 62 par

299 2278 165 64 lever
487 2298 124 42 une
635 2279 201 79 petite
869 2278 241 60 femme
1132 2283 38 56 à
1195 2286 187 53 court
1413 2279 297 80 d'argent
1739 2298 13 41 :
1778 2281 172 61 mais
1977 2288 297 74 comptez

295 2372 60 62 le
386 2377 215 73 temps
634 2370 231 80 perdu,
905 2368 59 61 le
1011 2368 218 63 chaud
1273 2373 61 59 et
1373 2370 61 61 le
1476 2370 179 61 froid
1690 2371 313 75 endurés,
2040 2373 94 61 les
2171 2391 68 43 re-

295 2464 296 61 buffades
624 2465 61 58 et
723 2461 60 60 le
818 2461 272 81 lâchage
1133 2466 191 74 après
1361 2461 67 61 la
1455 2467 270 56 savante
1766 2469 250 58 carotte
2063 2466 77 60 de
2173 2466 96 60 lui

296 2555 187 71 tirée,
519 2554 167 78 puis,
723 2551 191 61 faites
947 2551 66 61 la
1039 2551 278 62 balance
1357 2573 12 39 :
1408 2572 77 43 ne
1517 2572 165 41 vous
1730 2555 398 61 semble-t-il
2156 2575 118 63 pas

299 2645 328 62 entrevoir
675 2644 63 61 la
787 2643 361 81 prétendue
1212 2649 213 57 morte
1491 2645 168 61 faire
1717 2646 61 63 le
1844 2646 436 80 pied-de-nez

299 2739 61 60 et
389 2738 365 79 pirouetter
774 2754 110 41 sur
919 2754 100 42 ses
1042 2735 217 61 talons
1300 2756 78 42 en
1410 2737 290 80 rigolant
1734 2756 83 43 au
1846 2740 310 61 souvenir
2190 2742 88 61 du

299 2827 133 62 bon
459 2832 152 56 tour
649 2826 234 80 qu'elle
911 2827 94 58 lui
1037 2827 202 79 joua?

383 2920 183 59 Ainsi
606 2923 217 55 toutes
881 2936 100 42 ses
1014 2918 253 62 bonnes
1319 2920 299 62 fortunes
1665 2926 152 56 sont
1857 2940 121 61 par
2017 2922 95 61 lui
2149 2930 99 56 tra-

299 3010 265 63 vesties.
599 3008 172 60 Elles
803 3013 282 73 peuvent
1119 3012 135 59 être
1278 3010 437 81 symbolisées
1739 3031 122 61 par
1889 3031 105 43 ces
2020 3015 263 62 vieilles

301 3101 273 62 femmes
605 3118 128 42 aux
764 3100 130 61 airs
920 3101 444 80 respectables
1389 3102 196 80 qu'on
1620 3109 346 56 rencontre
2002 3106 162 64 dans
2187 3107 96 63 les

301 3213 149 42 rues
484 3195 61 60 et
588 3193 160 61 dont
789 3210 85 44 on
914 3210 348 64 remarque
1292 3195 60 61 le
1386 3196 141 60 seul
1580 3196 262 80 rythme
1902 3203 282 73 austère,
2223 3200 60 60 et

305 3285 107 82 qui
468 3284 366 61 s'exhibent
875 3285 252 61 ensuite
1182 3303 113 42 sur
1338 3285 92 62 les
1474 3287 346 80 planches,
1862 3290 418 80 maquillées,

305 3378 281 75 attifées,
620 3375 1099 82 fanfreluchées,poudrederizées,
1742 3381 544 69 vermillonnéesi

303 3469 307 79 plâtrées,
658 3469 356 74 reverdies,
1063 3469 357 82 récrêpies,
1467 3472 413 75 rafraîchies,
1918 3477 368 80 regarnies,

304 3561 359 79 revernies,
700 3561 485 79 ragaillardies.
