3495 4572
959 505 137 49 Rene
1296 505 104 49 ScßicßeCe
1401 530 49 11 •
1451 506 136 49 Hans
1620 513 68 42 im
1719 506 356 50 ScßnafienCocß

2572 512 65 50 85

482 693 356 79 Korporal:
882 692 159 61 Käse
1082 691 150 62 heißt
1272 692 91 61 Ihr
1402 693 135 61 das?
1585 693 81 60 Ich
1708 693 94 61 hin
1843 693 124 62 kein
2009 694 357 64 Zahnathlet.
2426 698 204 61 Schafft

409 814 117 38 was
568 786 200 62 anders
811 785 113 62 her.

484 880 245 78 Hopla:
776 878 84 61 Es
903 886 70 52 ist
1013 877 103 62 das
1925 878 186 73 letzte,
1387 904 120 37 was
1550 889 105 52 wir
1695 889 74 52 im
1811 881 204 61 Hause
2057 880 201 63 haben,

484 972 358 78 Korporal:
885 972 97 60 Da
1022 971 208 64 könnte
1271 974 75 61 ich
1388 974 207 76 gerade
1627 998 67 38 so
1728 992 101 60 gut
1860 984 182 52 meine
2067 975 294 61 Munition
2396 975 234 64 fressen.

482 1066 246 78 Hopla:
788 1064 77 61 Ei
922 1065 74 60 da
1053 1065 142 61 freßt
1251 1065 114 62 hak
1413 1066 162 63 Eure
1615 1068 292 62 Munition
1959 1068 117 61 und
2116 1069 203 61 schießt
2359 1078 98 52 mit
2499 1068 128 62 dem

406 1163 169 61 Käse.

479 1252 335 79 Korporal
856 1259 237 63 (bequemt
1123 1261 105 59 sieb,
1261 1267 159 45 weiter
1451 1282 60 30 zu
1544 1270 178 48 essen):
1760 1256 177 77 Krieg
1977 1265 70 52 ist
2088 1256 188 77 Krieg.

476 1345 244 78 Hopla:
764 1345 159 61 Geht
962 1346 168 61 schon
1172 1348 211 60 herum.
1427 1348 88 60 Ihr
1556 1357 171 52 meint
1768 1348 136 61 doch
1944 1348 156 70 auch,
2141 1348 109 61 daß
2283 1357 104 52 wir
2418 1348 214 61 wieder

402 1439 329 62 französisch
773 1439 266 61 werden?

477 1533 360 77 Korporal:
880 1533 150 60 Was
1073 1533 147 62 denn
1262 1535 191 61 sonst?

479 1625 245 76 Hopla:
769 1625 193 61 Unser
994 1627 153 60 Herr
1186 1637 191 61 meint,
1417 1627 90 60 die
1539 1627 352 71 Franzosen,
1933 1627 90 62 die
2064 1628 257 61 scherzen
2362 1651 136 54 gern
2532 1635 99 52 mit

405 1719 104 61 den
550 1718 299 71 Mädchen,
891 1719 135 61 aber
1067 1729 81 52 sie
1189 1720 245 61 heiraten
1477 1731 81 50 sie
1599 1722 153 61 nicht.
1812 1722 86 59 Er
1938 1729 189 63 meint,
2177 1720 83 61 ihr
2300 1722 178 61 macht
2518 1745 108 38 uns

402 1822 86 52 ein
528 1836 136 55 paar
703 1812 229 61 Visiten
974 1814 117 60 und
1131 1814 171 61 bleibt
1342 1813 150 62 dann
1537 1814 125 63 fort.

476 1906 361 77 Korporal:
881 1906 87 60 Er
1008 1915 94 52 irrt
1143 1908 126 69 sich.
1312 1907 164 62 Euer
1515 1908 168 61 Herr,

476 1999 245 77 Hopla:
766 1999 151 61 Was
974 2000 136 61 aber
1166 2000 99 61 der
1321 2001 207 79 Hopsa
1577 2011 89 63 ist,
1723 2001 99 62 der
1868 2001 414 71 Pferdeknecht,
2332 2001 100 61 der
2484 2016 145 63 sagt,

401 2114 163 38 wenn
604 2091 88 61 die
731 2093 256 61 Preußen
1027 2094 291 70 verlieren,
1360 2094 231 62 werden
1633 2104 103 51 wir
1775 2098 253 58 russisch.
2072 2095 285 61 Russisch!
2401 2096 82 60 Ich
2520 2094 110 62 hab

400 2202 212 61 gesagt:
655 2187 224 77 Hopsa,
922 2187 77 61 du
1040 2187 109 62 bist
1190 2197 193 52 immer
1415 2197 89 52 ein
1529 2188 161 62 Narr
1722 2212 287 55 gewesen,
2042 2212 61 38 es
2130 2198 153 52 wäre
2318 2199 87 51 ein
2431 2189 201 61 Wum*

396 2278 116 71 der,
566 2302 168 38 wenn
783 2279 79 61 du
915 2289 135 66 jetzt
1097 2281 109 59 auf
1255 2282 200 60 einmal
1502 2282 239 76 gescheit
1780 2282 271 71 würdest,
2102 2306 96 37 wo
2240 2306 172 55 sogar
2451 2282 179 61 brave

396 2372 175 61 Leute
612 2373 108 60 den
762 2373 296 61 Verstand
1097 2375 286 61 verlieren,

470 2466 338 79 Korporal
863 2474 188 55 <s<biebt
1091 2475 89 49 den
1211 2472 153 54 Teller
1394 2477 108 49 fort.
1552 2474 150 52 Steckt
1741 2481 100 45 eine
1874 2476 238 61 Zigarette
2144 2482 106 51 an):
2304 2467 89 62 Ihr
2451 2469 178 60 könnt

397 2560 127 60 euch
569 2560 211 62 freuen.

468 2653 246 78 Hopla:
763 2655 118 70 Ha,
923 2655 75 60 ich
1041 2654 109 61 hab
1191 2655 130 78 lang
1359 2678 186 55 genug
1585 2672 293 62 gewartet,
1929 2655 109 61 daß
2080 2655 90 62 die
2212 2672 161 47 roten
2422 2656 204 60 Hosen

397 2744 135 62 über
571 2749 89 60 die
701 2748 278 77 Vogesen
1020 2748 279 62 kommen.

470 2839 358 82 Korporal:
886 2842 167 62 Aber
1107 2843 111 62 daß
1275 2853 103 52 wir
1426 2867 67 38 so
1543 2844 198 61 schnell
1792 2843 73 62 da
1906 2853 213 61 wären,
2179 2842 136 62 habt
2353 2842 90 62 Ihr
2485 2842 136 63 doch

397 2933 132 61 nicht
569 2936 258 76 gedacht?

468 3027 246 79 Hopla:
755 3031 83 61 Ich
879 3031 148 62 hätte
1067 3031 247 78 gedacht,
1357 3031 89 62 die
1486 3031 256 62 Preußen
1783 3031 231 62 wehren
2056 3032 107 60 sich
2205 3031 210 62 besser,

470 3120 359 80 Korporal:
872 3125 80 78 Ja,
996 3124 113 62 die!

468 3214 244 80 Hopla:
758 3218 138 61 Sind
936 3220 145 60 viele
1121 3218 346 62 Landsleute
1509 3234 162 46 unter
1713 3219 165 61 euch?

470 3305 358 82 Korporal:
872 3311 89 60 Ihr
985 3312 154 70 wißt,
1173 3321 103 52 wir
1300 3335 193 38 waren
1528 3321 194 52 immer
1754 3327 164 62 gutes
1944 3311 468 60 Kanonenfutter.
2456 3311 169 60 Aber

395 3399 72 60 ich
508 3402 143 62 lasse
700 3406 132 59 mich
881 3406 356 61 tausendmal
1285 3406 170 61 lieber
1504 3405 90 60 für
1634 3405 89 60 die
1764 3406 333 61 Franzosen
2137 3403 357 71 totschießen,
2536 3405 83 60 als

397 3490 85 62 für
523 3496 88 60 die
650 3496 274 62 Preußen.
970 3498 85 61 Es
1098 3507 70 52 ist
1209 3498 115 61 halt
1364 3521 85 38 so,
1493 3506 204 56 (Sdkiß.)

470 3587 244 80 Hopla:
755 3592 160 61 Habt
956 3592 89 60 Ihr
1086 3592 228 78 gehört?

470 3678 354 81 Korporal:
869 3684 86 61 Es
997 3686 132 75 geht
1169 3694 195 51 immer
1403 3684 111 61 mal
1556 3694 124 52 eine
1712 3685 186 61 Flinte
1938 3684 100 62 los.
2081 3683 249 80 Solange
2363 3694 83 53 sie
2480 3688 141 59 nicht

396 3778 93 52 mit
542 3773 281 65 Kanonen
881 3778 269 71 schießen,
1208 3778 180 61 bleibe
1444 3778 76 61 ich
1576 3778 161 79 ruhig
1792 3787 176 52 sitzen
2025 3778 120 61 und
2191 3779 200 62 rauche
2441 3789 183 54 meine

395 3859 289 80 Zigarette.
