3489 4572
879 517 67 53 90

1441 525 142 50 Rene
1615 526 234 50 Sdßtcßefe
1881 551 9 12 •
1924 528 155 51 Hans
2112 536 66 43 im
2210 529 356 51 Scfmaftenfocß

957 708 141 63 Der
1145 706 269 68 Teufel:
1474 715 218 78 Später,
1852 717 293 62 Vielleicht
2201 744 92 35 am
2350 720 197 62 besten
2605 721 195 62 durchs
2857 724 257 63 Fenster.

879 801 223 64 Hassen
1161 805 97 62 Sie
1314 830 99 49 an,
1471 809 152 61 Herr
1669 810 193 63 Abbe,
1923 812 99 61 So,
2083 821 97 55 (Sie
2222 821 155 50 lassen
2410 823 89 49 den
2532 835 129 38 toten
2694 825 161 61 Hopla
2899 844 85 32 aus
3018 826 106 50 dem

877 905 199 51 Fenster
1109 906 205 61 gleiten.)
1358 901 81 60 Ich
1481 903 112 61 will
1635 913 102 51 mir
1770 906 198 60 schnell
2002 906 89 61 die
2124 908 211 61 Hände
2368 912 273 60 waschen.
2679 919 282 55 (Verwischt
2982 920 139 51 Blui>

879 1018 172 42 spuren
1085 1019 75 30 am
1193 1000 157 50 Boden
1385 1008 82 43 mit
1498 1003 104 48 dem
1636 1004 196 56 Stiefel.)
1872 998 99 61 So,
2018 999 140 61 Lind
2198 1012 133 65 jetzt
2373 1003 133 61 fort!

953 1084 289 62 Schmitt:
1289 1086 199 60 Wenn
1521 1087 95 62 Sie
1649 1089 228 70 wollen,
1916 1089 186 63 helfen
2138 1092 95 62 Sie
2267 1103 105 51 mir
2405 1103 88 52 ein
2526 1106 187 67 wenig
2745 1097 109 61 den
2887 1098 233 79 Wagen

874 1180 273 59 waschen.

949 1271 140 60 Der
1113 1266 270 66 Teufel:
1411 1272 82 61 Ich
1519 1273 113 60 will
1659 1273 170 63 lieber
1853 1276 202 61 einmal
2082 1286 84 52 ins
2186 1277 170 74 Dorf,
2382 1281 133 61 nach
2542 1282 128 61 dem
2688 1284 241 62 Rechten
2956 1285 156 62 sehn,

950 1364 290 61 Schmitt:
1286 1366 96 60 Da
1422 1366 115 76 gibt
1578 1390 61 38 es
1681 1392 106 36 nur
1828 1371 136 59 noch
2006 1381 186 68 wenig
2232 1398 73 36 zu
2349 1375 156 62 sehn.

896 1456 138 51 Beide
1069 1458 72 49 ab.
1187 1459 50 49 In
1272 1459 81 49 der
1383 1458 101 52 Tür
1516 1461 284 63 Begegnung
1842 1469 82 43 mit
1956 1464 256 51 Balthasar,
2255 1465 165 52 Teufel
2460 1469 122 50 steht
2620 1483 218 47 stramm,
2880 1473 147 49 bevor
3066 1492 54 32 er

1833 1541 305 61 weitergeht,)

1442 1677 631 59 DREIZEHNTER
2109 1682 434 59 AUFTRITT

1168 1762 312 50 Balthasar
1512 1770 54 43 in
1601 1765 595 55 Leutnantsuniform,
2247 1771 154 51 Klär,
2450 1774 116 49 Der
2598 1771 212 54 Teufel.

944 1858 361 63 Balthasar
1347 1869 134 53 (noch
1516 1872 45 44 in
1594 1868 82 49 der
1707 1865 77 51 Tü
1785 1898 21 30 r
1810 1883 42 50 );
1898 1867 86 59 Hs
2020 1867 150 76 geht,
2212 1867 152 61 Herr
2405 1891 177 38 —es
2623 1868 133 77 geht
2797 1868 204 63 famos.

943 1949 270 67 Teufel:
1258 1955 98 61 Zu
1397 1955 215 72 Befehl,
1653 1958 152 62 Herr
1844 1959 300 61 Leutnant,
2190 1968 142 56 (Ab,)

1441 2126 631 57 VIERZEHNTER
2107 2127 432 58 AUFTRITT

1720 2213 320 51 Balthasar,
2091 2216 155 48 Klär,

939 2302 386 62 Balthasar:
1368 2305 159 72 Klär,
1569 2329 169 38 wenn
1781 2307 77 60 du
1900 2309 140 60 nicht
2079 2331 267 55 gewesen
2388 2320 193 62 wärst,
2615 2311 148 61 hätte
2794 2314 74 59 ich
2904 2312 199 63 keinen

860 2394 131 63 Fuß
1033 2396 140 61 über
1215 2396 88 62 die
1345 2397 270 63 Schwelle
1655 2416 230 61 gesetzt.

938 2489 189 61 Klär:
1170 2490 141 61 Sind
1353 2491 103 61 das
1499 2491 164 63 deine
1704 2494 181 61 Leute
1927 2504 72 51 im
2041 2495 158 61 Hof?

935 2582 382 63 Balthasar:
1377 2585 81 77 Ja,
1516 2585 137 61 aber
1709 2596 82 53 sie
1848 2588 126 61 sind
2031 2613 106 37 aus
2198 2589 128 61 dem
2378 2589 239 64 Gefecht
2671 2616 271 54 gezogen.
3004 2594 100 63 Sie

858 2674 177 63 sollen
1077 2678 105 60 sich
1225 2687 73 50 im
1340 2678 353 78 Spargelfeld
1735 2681 308 71 ausruhen,
2085 2684 180 59 bevor
2305 2706 61 38 es
2407 2686 344 77 weitergeht,

935 2768 83 60 KI
1030 2778 93 50 är;
1168 2771 101 60 Du
1310 2771 109 61 bist
1460 2781 339 69 wenigstens
1842 2776 138 58 nicht
2020 2776 325 77 trübsinnig,

933 2861 382 62 Balthasar:
1358 2864 114 60 Die
1504 2865 443 62 Franzosenzeit
1987 2893 73 35 zu
2095 2869 185 63 Ende.
2326 2870 197 62 Wenn
2565 2874 139 59 nicht
2744 2874 166 61 schon
2943 2884 152 67 jetzt,

855 2978 69 38 so
976 2955 136 60 doch
1162 2956 84 61 bis
1296 2980 132 37 zum
1469 2958 231 62 Abend,
1754 2960 115 61 Die
1908 2961 220 63 Armee
2177 2973 70 52 ist
2294 2964 344 63 beisammen
2689 2969 117 58 und
2848 2968 96 62 hat
2985 2969 108 61 den

853 3048 344 62 Aufmarsch
1237 3050 315 75 begonnen.
1596 3053 133 59 Wir
1770 3078 72 36 an
1885 3054 99 61 der
2018 3055 216 79 Spitze!
2278 3059 156 70 Bitte,
2476 3059 91 78 gib
2601 3069 102 52 mir
2736 3071 161 52 einen
2930 3062 164 62 Kuß:

855 3142 75 59 ich
975 3143 92 60 bin
1110 3166 68 38 so
1220 3143 292 62 zufrieden
1554 3154 97 52 mit
1692 3156 102 50 mir
1834 3148 116 61 und
1992 3149 100 61 der
2130 3175 217 53 ganzen
2396 3153 171 61 Welt,

930 3234 192 61 Klär:
1151 3236 79 59 Im
1248 3236 350 62 Ausnutzen
1623 3262 116 37 von
1761 3239 447 79 Gelegenheiten
2233 3262 177 45 warst
2427 3246 79 59 du
2525 3247 165 61 schon
2711 3256 194 52 immer
2923 3247 166 62 stark.

928 3328 383 63 Balthasar:
1347 3330 160 61 Nur:
1545 3331 89 62 die
1670 3332 445 79 Gelegenheiten
2151 3361 193 38 waren
2378 3340 215 62 ebenso
2627 3341 176 62 selten
2836 3351 111 51 wie
2981 3365 72 37 un-

849 3421 319 79 zulänglich.
1213 3424 187 61 Einen
1443 3425 137 61 Kuß
1740 3429 107 59 auf
1881 3429 89 61 die
2011 3430 194 62 Backe,

925 3515 188 61 Klär:
1159 3516 197 61 Wenn
1399 3518 78 59 du
1522 3519 289 79 fortgehst,
1855 3546 130 36 zum
2027 3524 301 62 Abschied.

926 3608 380 62 Balthasar:
1350 3610 191 63 Dafür
1582 3614 137 61 aber
1759 3615 110 61 auf
1902 3615 109 63 den
2054 3617 225 63 Mund?

924 3702 188 61 Klär;
1155 3704 79 78 Ja,
1277 3704 127 61 hast
1444 3707 78 61 du
1565 3707 113 62 dich
1721 3711 140 59 nicht
1900 3712 168 60 schon
2110 3721 98 52 mit
2247 3713 166 62 Hans
2455 3717 313 75 gestritten?

924 3793 385 65 Balthasar:
1353 3801 79 59 Im
1476 3801 318 77 Gegenteil,

922 3886 84 61 KI
1019 3897 91 51 är;
1155 3890 121 61 Um
1316 3916 69 37 so
1427 3893 207 63 besser.
1677 3895 273 63 Erzähle!

921 3979 382 64 Balthasar:
1340 3985 116 61 Ein
1481 3987 370 64 Komödiant.
1880 3991 86 60 Er
1998 3991 200 77 gehört
2229 3993 237 61 wirklich
2499 4018 74 37 zu
2600 3995 109 61 den
2733 3995 350 61 Franzosen,
