3468 4572
924 470 66 52 84

1484 480 137 49 Rene
1652 480 236 52 Scßidiefe
1922 508 8 10 *
1967 484 154 50 Hans
2153 492 66 42 im
2251 487 351 50 Scßnaßenfocß

1605 667 398 58 ZWEITER
2039 670 431 59 AUFTRITT

1760 756 324 51 Dieselben,
2121 760 204 59 Hopla.

999 841 234 79 Hopla
1274 852 396 55 <hereinstürzend
1702 855 158 57 links):
1909 850 141 76 Jetzt
2103 852 124 61 sind
2283 877 61 38 es
2399 855 212 62 wieder
2658 855 90 64 die
2796 858 357 64 Franzosen.

918 932 431 67 Haufenweise,
1394 946 179 55 (Rechts
1606 948 96 56 ab.)

1618 1105 363 60 DRITTER
2017 1112 434 58 AUFTRITT

1854 1198 173 49 Hans,
2062 1199 153 50 Klär,

989 1284 217 61 Hans:
1265 1284 213 63 Schnell
1526 1296 55 52 in
1630 1287 110 62 den
1780 1288 210 65 Keller,
2048 1292 121 62 Laß
2220 1293 89 62 die
2349 1294 217 64 Mutter
2606 1307 99 52 mit
2744 1300 165 62 ihnen
2951 1302 196 71 reden,

910 1400 169 38 wenn
1121 1387 80 52 sie
1243 1378 539 65 hinunterkommen.

988 1471 193 61 Klär:
1225 1472 74 79 Ja.

987 1564 215 62 Hans:
1246 1565 265 62 Worauf
1543 1584 233 46 wartest
1817 1570 111 61 du?

987 1658 189 59 Klär:
1227 1659 82 60 Ich
1357 1661 163 60 sollte
1571 1661 113 61 dich
1727 1686 116 38 von
1884 1663 100 62 der
2024 1665 217 63 Mutter
2288 1668 188 72 bitten,
2519 1672 625 67 hinunterzukommen.

908 1750 82 60 Ich
1032 1752 164 61 sollte
1238 1753 83 60 dir
1361 1777 193 55 sagen,
1596 1764 81 52 sie
1719 1755 144 64 habe
1905 1758 113 61 dich
2060 1769 104 52 seit
2202 1781 329 58 vorgestern
2574 1768 138 60 nicht
2751 1768 228 76 gesehn,

985 1844 217 63 Hans:
1256 1846 138 62 Gut,
1454 1846 216 63 Sobald
1719 1849 89 61 die
1857 1851 330 63 Franzosen
2239 1857 418 79 untergebracht
2706 1861 139 62 sind.
2898 1871 143 56 <Klär
3082 1874 64 48 ah

907 1936 152 57 links,)

1605 2065 372 59 VIERTER
2013 2069 432 60 AUFTRITT

1351 2152 52 48 H
1411 2169 112 31 ans.
1559 2152 204 61 Hopla.
1797 2155 110 47 Ein
1940 2156 415 52 französischer
2387 2161 304 62 Korporal.

976 2241 226 78 Hopla
1244 2255 116 50 <von
1394 2252 183 56 rechts):
1628 2246 262 71 Hierher,
1930 2249 151 60 Herr
2121 2251 302 77 Korporal,
2483 2256 123 61 Der
2644 2258 152 61 Herr
2843 2261 295 80 Korporal

896 2335 136 61 muß
1074 2335 90 61 die
1204 2352 133 60 gute
1380 2337 179 62 Stube
1601 2338 201 65 haben.
1845 2341 114 61 Ein
2001 2342 383 65 Landsmann,

973 2427 214 61 Hans:
1230 2429 244 62 Beifort?

971 2520 367 79 Korporal:
1380 2524 234 77 Jawohl.

970 2613 220 62 Hans:
1234 2615 254 62 General
1530 2618 280 63 Vautier?

970 2707 366 78 Korporal:
1379 2712 235 76 Jawohl.

970 2798 216 62 Hans:
1230 2801 199 62 Guten
1472 2804 255 78 Appetit,
1770 2807 203 62 Leider
2011 2810 117 76 gibt
2168 2834 61 39 es
2272 2836 106 37 nur
2418 2816 137 61 noch
2596 2818 188 63 Reste,

969 2890 367 81 Korporal:
1380 2895 197 62 Wenn
1619 2921 61 38 es
1722 2923 107 36 nur
1868 2901 109 61 den
2018 2902 220 80 Magen
2281 2906 137 62 füllt.
2465 2918 156 54 <Hans
2654 2920 95 56 ab.)

1573 3079 412 61 FÜNFTER
2020 3086 433 61 AUFTRITT

1732 3170 207 61 Hopla.
1973 3174 309 61 Korporal.

961 3254 252 80 Hopla:
1257 3257 81 62 So
1380 3267 70 53 ist
1472 3283 26 38 s
1538 3262 160 61 recht.
1740 3263 158 61 Setzt
1938 3265 173 63 Euch.
2151 3269 126 61 Das
2320 3296 122 37 war
2481 3299 172 38 unser
2692 3277 167 63 Herr.
2913 3290 206 54 (Nimmt

884 3354 92 51 ihm
1011 3356 82 49 das
1130 3358 206 51 Gewehr
1369 3362 94 56 ab.)
1503 3354 82 61 Ich
1620 3366 182 52 meine
1837 3367 213 64 immer,
2085 3386 170 38 unser
2288 3365 333 82 Chassepot
2652 3381 82 52 sei
2767 3373 216 64 leichter
3015 3400 103 53 ge*

881 3465 193 39 wesen
1120 3492 10 14 .
1168 3493 10 13 ,
1215 3493 10 13 .
1271 3445 361 64 SchmedkTs?

956 3535 346 80 Korporal
1343 3549 106 54 (auf
1477 3554 72 44 ein
1583 3550 120 49 Loch
1735 3556 47 45 in
1815 3553 81 49 der
1928 3554 165 51 Wand
2124 3556 241 60 deutend):
2400 3551 151 64 War
2592 3555 90 62 die
2720 3582 118 37 von
2881 3561 141 60 uns?

955 3627 250 80 Hopla:
1248 3631 142 62 Von
1434 3634 108 62 den
1582 3636 272 64 Preußen.
1898 3640 83 60 Ich
2023 3641 199 73 denke,
2264 3644 74 61 da
2378 3646 216 63 drüben
2636 3659 74 52 im
2743 3652 145 61 Fort
2927 3653 183 61 haben

879 3728 81 53 sie
1017 3725 104 57 sich
1178 3743 215 61 gesagt,
1451 3737 74 52 im
1575 3730 406 64 Schnakenloch
2038 3747 230 52 müssen
2326 3748 82 52 sie
2410 3740 18 21 7
2429 3765 27 36 s
2507 3743 207 61 schwül
2765 3744 203 73 haben,
3010 3756 105 51 wir

877 3814 207 62 wollen
1125 3817 165 63 ihnen
1333 3831 88 50 ein
1454 3822 226 63 bißchen
1713 3827 243 79 Luftzug
1987 3832 242 61 machen.
2274 3833 258 64 Saubere
2555 3837 226 72 Arbeit,
2815 3840 134 60 alles
2986 3864 123 36 was

875 3908 147 60 recht
1061 3917 86 54 ist.
