3548 4572
920 545 91 54 132

1958 556 216 52 Glossen

1569 1212 221 50 Annette
1825 1212 139 50 Kolb

916 741 281 62 verdächtigt
1235 742 156 60 sehen,
1439 762 61 38 er,
1546 746 189 49 welcher
1776 746 109 49 nach
1926 746 104 48 dem

916 817 108 61 Sieg
1056 837 96 31 von
1192 821 118 48 1870
1343 822 282 61 Lothringen
1658 825 272 49 Frankreich
1971 845 59 29 zu

916 894 154 51 lassen
1103 903 85 45 riet
1220 898 95 49 und
1348 905 81 43 mit
1461 919 56 30 so
1551 901 249 49 feierlichen
1825 903 206 49 Worten

916 973 72 51 die
1019 977 404 61 Verantwortung
1456 980 72 47 für
1561 978 154 50 diesen
1749 981 160 60 Krieg,
1941 981 90 48 den

916 1070 50 30 er
999 1052 175 51 damals
1207 1066 328 48 voraussagte,
1568 1061 133 53 jenen
1737 1057 294 56 aufbürdete,

914 1128 72 51 die
1019 1131 175 49 damals
1227 1132 155 48 diesen
1415 1138 155 43 seinen
1593 1133 90 48 Rat
1707 1134 324 50 mißachteten?

1227 1333 145 62 Das
1419 1334 294 62 Gewitter

977 1442 142 49 »Und
1152 1443 158 50 David
1352 1444 164 50 sandte
1549 1444 76 50 hin
1667 1446 95 49 und
1799 1447 86 49 ließ
1919 1448 111 48 nach

912 1518 104 50 dem
1058 1519 173 51 Weibe
1272 1521 176 61 fragen,
1489 1523 95 48 und
1618 1541 107 30 man
1767 1535 154 49 sagte:
1965 1526 65 47 Ist

914 1596 82 49 das
1039 1597 117 48 nicht
1197 1598 249 58 Bathseba,
1488 1601 71 49 die
1599 1598 193 53 Tochter
1833 1602 193 57 Eliams,

911 1674 84 50 das
1020 1674 144 50 Weib
1188 1677 161 57 Urias,
1382 1677 80 49 des
1486 1678 266 50 Hethiters?
1785 1679 115 49 Und
1922 1681 104 48 Da»

911 1753 80 48 vid
1023 1753 164 50 sandte
1213 1756 149 48 Boten
1395 1756 76 48 hin
1505 1757 96 48 und
1634 1757 86 49 ließ
1756 1763 64 43 sie
1843 1758 179 50 holen.«

976 1830 126 51 »Des
1124 1832 232 61 Morgens
1380 1834 169 49 schrieb
1573 1836 156 49 David
1750 1841 133 44 einen
1905 1838 126 47 Brief

910 1926 59 30 an
1002 1908 145 61 Jakob
1182 1909 95 50 und
1309 1910 163 50 sandte
1504 1910 76 50 ihn
1613 1912 135 51 durch
1782 1914 163 49 Uria.«

971 1985 70 49 Er
1072 1987 170 49 schrieb
1277 1994 45 43 in
1356 1989 101 48 dem
1493 1990 163 49 Briefe:
1697 1992 187 49 »Stellet
1907 1993 118 50 Uria

910 2082 58 29 an
1002 2064 88 50 den
1113 2064 152 59 Streit,
1300 2065 58 50 da
1392 2084 49 31 er
1474 2086 73 30 am
1571 2068 234 51 härtesten
1838 2076 60 43 ist
1930 2070 95 49 und

907 2142 183 48 wendet
1131 2142 108 49 euch
1281 2143 147 49 hinter
1470 2144 93 48 ihm
1603 2145 83 59 ab,
1726 2148 91 48 daß
1858 2164 49 32 er
1947 2166 77 30 er»

906 2218 211 62 schlagen
1151 2220 154 50 werde
1339 2222 95 48 und
1467 2222 197 50 sterbe.«

1571 2302 44 48 2,
1640 2300 225 51 Samuelis
1903 2303 51 48 11

1322 2417 30 26 ★
1446 2418 30 27 ★
1571 2418 29 27 ★

902 2498 112 54 (Die
1046 2498 147 51 Szene
1225 2506 59 43 ist
1317 2502 87 49 auf
1430 2502 103 50 dem
1566 2502 168 50 flachen
1761 2505 153 49 Dache
1938 2505 80 49 des

901 2575 220 50 Palastes,
1141 2577 225 61 Ringsum
1390 2580 216 49 Himmel.
1632 2581 66 48 Im
1720 2582 159 50 Boden
1904 2590 116 42 zwei

900 2650 172 53 Türen,
1107 2655 232 50 Bathseba
1380 2656 109 58 hier,
1523 2658 120 49 Uria
1665 2660 120 57 dort,
1818 2666 87 43 wie
1940 2662 84 49 auf

900 2736 125 46 einer
1061 2733 173 61 Wage,
1267 2736 86 47 auf
1381 2736 95 48 und
1509 2736 95 56 ab.)

1240 2858 192 61 König
1465 2860 208 50 David:

900 2933 115 49 Wie
1048 2946 84 48 gut
1165 2939 60 45 ist
1258 2935 123 50 diese
1415 2937 178 50 Stunde
1626 2939 111 50 doch
1771 2959 58 30 zu
1864 2947 97 52 mir,

897 3017 89 44 wie
1019 3013 182 49 streicht
1232 3019 65 43 sie
1329 3014 171 50 lieblich
1526 3017 111 49 über
1660 3024 148 43 meine
1832 3020 179 50 Haare!

897 3089 174 50 Strahlt
1088 3090 116 50 nicht
1215 3090 71 51 die
1309 3092 133 49 Stadt
1453 3099 84 43 wie
1554 3094 146 51 kleine
1710 3097 175 49 Abend
1890 3117 122 32 ware

897 3172 46 43 in
977 3173 196 43 meinem
1206 3169 233 51 uferlosen
1472 3172 386 61 Reichsquartier?

896 3274 65 50 So
994 3277 246 50 mütterlich
1274 3283 59 45 ist
1367 3283 85 45 mir
1484 3297 96 31 von
1615 3281 255 61 Anbeginn

892 3371 89 32 vor
1014 3354 133 61 Aug'
1182 3356 95 49 und
1301 3357 164 50 Ohren
1496 3358 110 49 blau
1639 3360 72 48 die
1738 3361 131 49 Welt
1900 3381 110 31 ver»

1637 3437 204 62 hangen:

891 3509 89 50 daß
1006 3516 149 44 meine
1173 3512 132 49 Füße
1330 3512 109 51 bloß
1467 3514 94 49 und
1587 3516 141 48 wund
1753 3534 255 44 gegangen,

888 3587 90 51 daß
1021 3594 149 45 meine
1211 3591 175 61 Lippen
1428 3592 355 62 Hirtensprache
1815 3614 192 43 sangen,

887 3666 90 49 daß
1051 3667 167 51 Gottes
1303 3669 346 64 Sturmesflügel
1730 3674 112 49 mich
1922 3676 81 49 be»

1631 3751 271 62 schwangen

884 3819 167 51 scheint
1091 3822 111 51 alles
1245 3829 123 45 eines
1410 3827 206 49 fremden
1655 3828 177 51 Lebens
1875 3831 126 49 Sinn,

883 3927 136 50 Auch
1055 3930 88 51 daß
1176 3950 89 33 vor
1298 3940 124 43 einer
1453 3936 163 50 steilen
1649 3937 134 50 Stadt

882 4011 119 43 mein
1024 4007 127 50 Heer
1180 4016 89 43 wie
1301 4017 100 45 eine
1433 4015 378 62 Riesenschlange
1836 4017 162 59 lauert.

2079 750 61 44 im
2175 747 152 61 Hagel
2360 748 147 49 blutet
2540 747 96 50 und
2670 766 75 31 am
2779 748 153 49 Feuer
2966 747 178 56 kauert,

2079 823 80 50 hat
2181 831 146 43 meine
2351 826 130 49 Seele
2511 826 259 48 schüchtern
2803 844 89 30 nur
2916 825 281 58 beschauert,

2079 901 103 49 weil
2215 907 148 45 meine
2396 902 128 50 Seele
2557 900 175 52 Traum
2766 902 96 50 und
2893 902 178 50 Abend
3103 902 93 50 hat.

2266 1025 108 49 Ein
2399 1027 260 49 Wächter
2680 1027 327 55 (unsichtbar):

2079 1110 106 49 Den
2219 1117 160 43 innern
2407 1113 136 48 Kreis

2079 1188 207 49 beschritt
2318 1189 69 48 ihr
2418 1190 121 56 Fuß,

2079 1265 73 50 die
2184 1267 177 49 Stunde
2394 1267 102 50 heiß

2078 1344 184 61 bewegt
2294 1364 107 31 zum
2436 1347 137 48 Gruß

2078 1420 75 50 die
2187 1423 212 49 Wolken
2434 1442 58 30 an
2526 1423 79 49 der
2638 1424 370 50 Himmelswand

2078 1500 95 50 und
2206 1500 115 50 baut
2354 1503 89 48 viel
2476 1502 205 49 Schatten
2723 1502 135 50 übers
2893 1503 141 49 Land.

2078 1578 127 48 Beim
2238 1575 192 65 Tempel
2464 1579 137 50 schon

2077 1656 87 49 den
2199 1656 159 61 Bogen
2392 1658 138 48 schon

2074 1734 223 61 betrogen
2330 1735 138 48 schon

2074 1811 94 49 und
2203 1818 158 43 immer
2394 1813 150 48 Wind
2579 1814 93 48 und
2706 1814 176 48 Wolke
2916 1819 82 43 mit

2073 1890 230 50 Bathseba
2336 1891 112 50 naht
2481 1898 81 43 mit
2592 1891 187 50 holdem
2811 1891 183 51 Schritt?

2474 2017 306 50 Bathseba:

2074 2102 121 48 Wer
2227 2120 96 30 von
2358 2104 160 60 König
2549 2104 182 49 Davids
2764 2104 204 52 Stamme

2071 2178 80 49 hat
2184 2180 78 48 des
2297 2181 180 48 Harzes
2511 2182 323 60 aufgefangen,

2071 2257 191 60 spiegelt
2295 2258 322 49 nimmermehr
2651 2258 71 49 die
2756 2260 225 59 Wangen

2071 2340 60 43 im
2164 2335 261 49 verklärten
2449 2337 452 50 Wiesenschlamme.

2069 2412 344 50 Nimmermehr
2446 2418 163 45 nimmt
2642 2415 118 49 klein
2793 2415 217 61 Behagen

2069 2496 181 43 meinen
2284 2491 187 49 Scheitel
2504 2510 61 30 an
2598 2493 72 49 die
2702 2493 179 50 Brüste.

2071 2568 48 49 In
2153 2568 144 49 Urias
2331 2568 145 50 fahler
2516 2571 169 48 Wäste

2067 2647 120 48 kann
2223 2647 62 48 ich
2319 2648 191 49 niemals
2544 2648 195 50 Früchte
2772 2661 175 48 tragen.

2065 2725 119 57 Ach,
2218 2726 133 57 Uria,
2384 2733 88 42 wie
2505 2745 54 30 so
2592 2728 127 47 ferne

2065 2803 219 55 (Wurzel
2318 2816 144 37 warst
2495 2805 61 48 du
2591 2811 84 43 mir
2708 2806 97 48 und
2836 2806 181 56 Mitte!)

2064 2881 239 49 schweben
2336 2887 85 45 wir
2455 2883 85 49 auf
2568 2890 148 43 einem
2739 2885 161 49 Sterne
2939 2910 46 10 —-

2064 2961 137 48 Fort!
2239 2961 68 48 Ich
2342 2962 113 50 höre
2488 2968 126 44 seine
2647 2962 183 51 Schritte
2855 3001 8 11 ,
2893 3001 8 11 .
2929 3001 9 11 ,

2534 3088 160 48 Uria:

2060 3163 80 48 Du
2175 3164 193 56 hießest,
2402 3166 137 56 Flerr,
2575 3166 109 49 mich
2718 3168 132 48 rufen

2060 3240 96 48 und
2187 3241 94 50 läßt
2317 3243 110 48 mich
2462 3245 160 60 fragen
2657 3263 103 32 aus;

2062 3319 155 49 »Was
2250 3320 182 50 schläfst
2465 3321 63 49 du
2562 3323 86 48 auf
2675 3323 88 49 den
2796 3323 176 58 Stufen,

2058 3414 100 32 was
2192 3398 131 59 gehst
2356 3399 61 48 du
2453 3400 115 48 nicht
2591 3401 109 49 nach
2730 3403 165 48 Haus?

2060 3474 106 49 Vor
2198 3475 154 50 deines
2387 3478 186 49 Hauses
2608 3479 261 58 Schwellen,

2057 3551 80 51 des
2172 3554 200 49 Windes
2405 3555 327 59 Zeitvertreib,

2055 3631 73 50 die
2161 3633 230 49 schweren
2425 3635 157 50 Rosen
2617 3638 195 59 quellen.

2055 3710 113 50 Und
2201 3710 191 52 drinnen
2427 3715 163 59 sproßt
2622 3715 104 50 dein
2760 3716 191 50 Weib.«

2053 3786 96 51 Soll
2182 3789 79 57 ich,
2294 3790 61 48 da
2388 3790 131 50 deine
2552 3793 199 58 Helden,

2051 3873 73 42 ein
2157 3868 347 50 tausendfacher
2535 3870 149 56 Häuf,

2050 3963 80 30 um
2166 3945 169 50 Gottes
2368 3946 152 51 Ruhm
2554 3968 59 29 zu
2647 3949 180 49 melden

2049 4022 72 49 die
2154 4024 182 49 Heiden
2370 4026 173 58 greifen
2577 4028 95 55 auf.
