3517 4572
988 515 137 48 Rene
1154 515 187 49 Schieße
1342 516 45 48 Ce
1420 540 9 11 •
1463 518 154 49 Hans
1650 525 67 42 im
1747 520 361 48 ScfmadenCocß

2604 526 60 50 89

437 711 74 63 ich
552 716 80 53 sei
672 706 165 61 schon
880 705 126 60 fort.
1058 704 188 61 Einen
1289 704 315 61 Deserteur
1645 703 97 62 hat
1781 728 60 38 er
1881 729 106 37 aus
2029 715 102 52 mir
2171 709 227 61 machen
2437 711 225 64 wollen.

436 805 122 60 Der
597 797 492 78 Franzosenkopf!

511 893 248 77 Hopla:
803 890 95 63 Sei
940 890 123 61 still.
1108 892 153 59 Hast
1303 899 195 54 immer
1538 892 130 61 dein
1708 907 163 62 gutes
1907 893 191 61 Essen
2142 894 118 61 und
2290 889 244 68 Trinken
2567 920 101 54 ge«

436 990 180 73 kriegt.
673 984 221 69 Besser,
953 983 77 61 du
1087 992 129 52 sitzt
1264 992 74 52 im
1391 984 471 73 Kanindienstall,
1921 986 83 61 als
2054 984 110 64 daß
2215 987 79 61 du
2335 987 332 64 Franzosen

436 1080 215 63 schießt.

511 1175 135 60 Der
686 1167 245 65 Teufel
973 1179 249 57 (lachend):
1265 1171 151 62 Was
1460 1172 97 61 hat
1597 1172 94 61 er?

510 1266 259 77 Hopsa:
828 1264 124 61 Der
992 1265 296 60 Verstand
1344 1274 71 52 ist
1471 1275 100 51 mir
1620 1288 105 38 aus
1778 1266 110 61 den
1929 1268 216 76 Augen
2186 1269 335 76 geschossen
2562 1293 106 37 vor

435 1360 70 61 all
545 1359 127 60 dem
713 1358 286 79 Bumpern
1042 1359 118 60 und
1200 1359 129 60 dem
1366 1359 266 61 Geschrei
1665 1360 268 61 draußen.
1979 1362 116 70 Da,
2136 1363 167 60 schau
2345 1363 114 71 her,
2492 1363 176 79 blutig

433 1452 254 79 gehauen
745 1449 110 61 hab
912 1452 76 60 ich
1047 1452 134 60 mich
1231 1476 71 37 an
1355 1452 99 61 der
1494 1448 140 75 Tür,
1674 1453 158 61 wie's
1874 1453 251 61 draußen
2177 1454 238 78 losging:
2479 1457 189 60 »Kar«

432 1543 320 78 toffelsupp.
794 1543 447 79 Kartoffelsupp,
1286 1545 109 60 den
1437 1567 218 55 ganzen
1697 1541 126 81 Tag
1863 1546 428 79 Kartoffelsupp
2336 1594 10 14 .
2385 1595 11 13 .
2435 1597 11 14 .
2500 1561 168 56 <gegen

432 1645 160 61 Hopla
623 1645 317 61 eindringend)
983 1637 616 79 Supp=Supp-Supp!«

508 1731 136 60 Der
684 1726 53 64 T
747 1731 203 61 eufel:
996 1732 226 78 Hopsa,
1265 1740 103 51 wir
1411 1731 209 61 wollen
1662 1731 92 61 ihn
1796 1731 306 62 verhaften.

508 1824 257 77 Hopsa:
808 1824 83 61 Ich
934 1823 93 61 bin
1067 1825 168 60 schon
1278 1824 182 62 dabei,
1504 1833 93 54 <Er
1630 1832 109 49 hebt
1773 1833 73 48 die
1874 1834 161 48 Faust,
2070 1834 163 61 Hopla
2267 1835 130 61 greift
2429 1833 238 51 nachdem

435 1917 204 50 Gewehr
672 1918 85 48 auf
784 1917 104 50 dem
921 1915 150 61 Tisch,
1104 1923 61 43 im
1199 1918 372 62 Handgemenge
1603 1919 119 50 reißt
1755 1920 171 61 Hopsa
1957 1919 84 51 das
2077 1920 207 51 Gewehr
2317 1940 60 30 an
2408 1920 109 56 sich)
2561 1957 11 13 .
2609 1959 10 12 .
2656 1959 9 11 .

506 1994 225 79 Hopla
770 2002 298 56 (taumelnd):
1112 1995 212 60 Komm
1367 1995 99 61 her
1507 2044 8 12 .
1554 2045 10 13 .
1604 2045 11 13 .

506 2089 260 77 Hopsa:
811 2089 120 60 Da!
976 2097 117 56 (und
1126 2097 171 61 schlägt
1329 2097 162 61 Hopla
1524 2097 191 57 nieder).

507 2181 249 79 Hopla:
799 2182 226 78 Knirps.

505 2276 233 76 Hopsa
779 2284 133 56 (noch
946 2284 166 49 einmal
1146 2284 344 61 zuschlagend):
1532 2276 113 62 Da.

506 2370 136 61 Der
681 2365 245 66 Teufel
977 2378 165 62 (völlig
1175 2378 299 57 ernüchtert):
1523 2370 177 78 Junge
1744 2418 10 14 .
1795 2418 10 14 .
1846 2417 11 15 .
1899 2370 175 79 Junge
2120 2418 10 14 .
2170 2420 11 15 .
2220 2417 12 15 .
2277 2370 103 62 das
2422 2380 71 52 ist
2533 2393 133 39 ver«

428 2463 188 61 boten.

503 2558 258 77 Hopsa:
804 2558 82 60 Im
919 2557 133 61 Hof
1085 2558 129 76 liegt
1246 2566 88 53 ein
1369 2572 149 46 toter
1551 2555 582 79 Dreiundneunziger,
2167 2557 130 61 dem
2328 2566 155 53 seine
2509 2558 156 61 Uni«

430 2648 144 62 form
615 2651 160 61 ziehe
816 2651 75 61 ich
935 2675 72 35 an
1051 2651 118 59 und
1211 2649 150 61 dann
1395 2649 112 61 los!
1556 2649 483 79 »Kartoffelsupp,
2072 2651 448 78 Kartoffelsupp,
2554 2649 111 63 den

427 2765 216 55 ganzen
684 2740 125 81 Tag
850 2743 485 79 Kartoffelsupp«.
1380 2751 143 56 (Ab.)

1146 2943 339 57 ELFTER
1522 2942 432 58 AUFTRITT

1366 3049 114 49 Der
1510 3046 220 52 Teufel,

505 3140 134 61 Der
680 3137 237 66 Teufel
968 3149 130 61 (geht
1137 3155 146 55 einige
1316 3149 133 49 Male
1490 3168 80 30 um
1603 3149 161 61 Hopla
1805 3147 179 59 herum,
2025 3149 160 49 wischt
2215 3147 90 51 sich
2340 3147 89 52 den
2459 3149 203 49 Schweiß

427 3249 94 33 von
569 3234 79 49 der
696 3235 136 49 Stirn,
897 3236 143 48 Dann
1089 3235 109 49 hebt
1247 3254 49 32 er
1336 3246 93 40 erst
1477 3235 83 49 das
1598 3236 208 48 Gewehr
1855 3237 86 47 auf
1978 3234 96 50 und
2114 3235 171 49 schiebt
2324 3253 50 31 es
2408 3245 135 38 unter
2575 3232 89 51 den

2493 3293 9 9 ft

426 3316 206 52 Schrank,
668 3321 141 49 Dann
844 3340 83 31 ans
960 3323 218 54 Fenster)
1190 3338 10 32 :
1253 3315 152 61 Herr
1446 3314 200 61 Abbe!
1691 3315 151 60 Herr
1882 3314 201 61 Abbe!

1067 3495 481 59 ZWÖLFTER
1584 3494 434 60 AUFTRITT

1124 3602 113 48 Der
1269 3598 217 51 Teufel,
1522 3599 169 50 Abbe
1722 3599 243 50 Schmitt,

505 3693 135 63 Der
689 3691 238 66 Teufel
983 3702 116 62 (legt
1131 3702 89 50 den
1253 3702 172 60 Finger
1467 3702 85 49 auf
1580 3700 89 49 den
1702 3700 198 56 Mund):
1951 3693 121 60 Pst!
2125 3691 203 80 Später
2371 3739 12 14 .
2422 3739 12 14 .
2474 3740 12 16 .
2529 3691 135 62 Wir

427 3786 202 62 wollen
685 3789 94 61 ihn
835 3813 105 37 aus
988 3789 130 61 dem
1159 3787 252 61 Zimmer
1452 3787 239 61 schaffen
1736 3833 11 14 .
1783 3833 12 14 .
1832 3834 11 14 .
1888 3785 134 61 Daß
2064 3784 90 62 die
2201 3785 323 62 Herrschaft
2563 3785 94 61 ihn

430 3879 135 61 nicht
606 3883 156 59 sieht,

505 3970 285 66 Schmitt:
833 3975 150 61 Wer
1019 3975 101 60 —?
