3510 4572
983 517 137 49 Rene
1149 517 235 49 SSicßefe
1418 542 9 10 •
1463 519 155 48 Hans
1649 525 68 42 im
1748 519 357 51 ScßnaßenCocß

2600 526 64 49 59

431 731 119 40 war
588 704 367 70 verzweifelt,
997 704 83 60 als
1123 703 90 61 die
1254 704 219 61 Mutter
1514 705 112 61 ihm
1668 729 207 39 unsere
1914 708 156 77 Lage
2110 709 299 64 schilderte.
2458 713 206 77 Richtig

430 804 92 60 hat
562 799 132 61 auch
737 797 98 61 der
858 797 176 59 Abbe
1077 806 125 52 eine
1241 822 180 54 ganze
1447 799 192 61 Nacht
1680 801 368 77 aufgesessen
2091 803 117 60 und
2241 812 97 52 mit
2362 804 167 61 Hans
2562 830 100 53 ge*

428 895 276 80 sprechen.
751 891 114 59 Als
907 891 76 61 ich
1026 892 202 60 einmal
1269 916 74 37 zu
1385 893 167 61 ihnen
1594 893 344 79 hineinging,
1988 896 129 61 weil
2159 897 75 60 ich
2279 896 216 72 dachte,
2545 921 117 38 nun

427 997 79 53 sei
546 985 88 61 die
666 983 235 61 Bresche
940 985 347 76 geschlagen,
1329 985 132 62 hielt
1494 987 166 61 Hans
1703 987 129 61 dem
1857 989 177 61 Abbe
2075 997 163 53 einen
2265 989 277 78 Vortrag,
2576 1000 87 51 in*

424 1080 229 61 wiefern
687 1077 380 61 Mohammed
1108 1079 81 61 als
1225 1079 99 61 der
1354 1080 213 62 Luther
1608 1081 99 62 des
1743 1081 235 62 Orients
2020 1108 73 35 zu
2126 1084 186 77 gelten
2346 1084 164 71 habe,
2545 1086 117 60 und

424 1174 98 60 der
560 1170 176 62 Abbe
778 1194 121 37 war
940 1171 227 61 sichtlich
1211 1173 360 78 hingerissen.
1616 1177 240 60 Andern
1895 1173 151 82 Tags
2089 1179 331 61 versicherte
2462 1203 59 37 er
2563 1179 99 61 der

423 1267 231 68 Mutter,
695 1273 81 52 sie
817 1276 193 50 müsse
1051 1268 105 58 sich
1197 1276 167 68 geirrt
1404 1268 204 70 haben,
1649 1269 166 62 Hans
1856 1281 100 61 sei,
2007 1272 192 61 davon
2248 1272 146 62 habe
2435 1273 93 61 ihn
2571 1273 89 61 die

421 1358 463 78 stattgefundene,
911 1358 127 62 sehr
1065 1377 185 45 ernste
1277 1362 405 79 Unterredung
1707 1364 327 78 überzeugt,
2063 1375 87 50 ein
2177 1364 484 80 hervorragender

421 1451 302 63 Landwirt.

496 1545 81 59 KI
588 1554 92 50 är:
724 1545 197 61 Wenn
964 1546 79 60 du
1085 1549 269 69 wüßtest,
1395 1558 112 52 wie
1552 1549 78 61 du
1670 1559 134 66 fetzt
1844 1574 73 37 an
1959 1551 166 61 Hans
2166 1560 288 53 erinnerst,

494 1638 380 62 Balthasar:
918 1640 81 60 Ich
1042 1643 147 59 weiß
1233 1665 60 37 es
1336 1651 70 68 ja.
1443 1644 81 60 Ich
1561 1644 109 60 hab
1714 1668 60 37 es
1807 1654 55 66 ja
1894 1668 117 38 von
2046 1645 112 61 ihm
2190 1646 228 77 gelernt.
2455 1646 203 61 Leider

419 1733 91 59 bin
551 1731 74 60 ich
668 1733 139 59 nicht
846 1757 108 37 nur
995 1743 53 51 in
1091 1734 99 61 der
1231 1735 517 64 Ausdruckswelse
1796 1747 126 52 eine
1962 1738 340 62 wandelnde
2342 1739 316 80 Hypothek

417 1848 113 37 von
573 1824 127 64 ihm.
745 1825 86 61 Es
873 1838 209 66 genügt
1123 1837 102 52 mir
1256 1829 187 71 schon,
1485 1829 110 61 daß
1630 1833 75 59 ich
1739 1831 100 61 der
1872 1841 214 68 einzige
2120 1832 117 62 hier
2269 1833 111 70 bin,
2417 1833 98 61 der
2548 1834 108 61 sich

417 1919 137 60 nicht
595 1919 208 60 einfach
844 1944 116 38 von
1004 1921 111 61 ihm
1159 1921 96 62 hat
1294 1923 284 61 schlucken
1621 1925 200 60 lassen.

492 2012 185 61 Klär:
722 2013 151 63 Was
915 2016 133 60 mich
1091 2016 247 79 anlangt,
1380 2017 313 73 Balthasar,
1735 2043 67 36 so
1847 2019 155 63 fühle
2042 2020 75 61 ich
2161 2021 133 60 mich
2337 2020 130 61 sehr
2501 2021 154 61 wohl

419 2106 179 61 dabei.

1087 2293 400 57 ZWEITER
1533 2294 433 60 AUFTRITT

1264 2400 329 49 Dieselben.
1627 2401 173 48 Hans,

480 2487 384 64 Balthasar:
916 2490 98 61 Da
1062 2491 215 61 kommt
1325 2515 72 38 er.
1451 2492 97 61 Da
1600 2492 150 61 steht
1800 2516 71 38 er.
1914 2493 142 61 Und
2105 2519 117 37 nun
2271 2495 98 62 hat
2408 2497 107 61 sich
2558 2496 92 62 die

409 2580 160 62 Welt
610 2581 117 62 hier
769 2608 96 35 um
907 2584 93 61 ihn
1042 2609 73 37 zu
1159 2585 189 61 drehn.

483 2676 211 61 Hans:
746 2678 166 61 Aber
953 2688 81 51 sie
1075 2680 134 60 tut's
1253 2680 166 71 nicht,
1468 2690 148 52 mein
1656 2683 193 77 Junge.
1894 2684 80 60 Im
2017 2683 316 77 Gegenteil,
2378 2685 81 60 Ich
2502 2684 146 62 habe

407 2769 130 60 mich
588 2770 214 61 soeben
851 2773 306 76 vergeblich
1209 2798 96 36 um
1364 2783 162 52 einen
1583 2775 442 63 auskneifenden
2074 2777 267 61 Planeten
2398 2777 248 63 bemüht.

410 2861 120 62 Der
571 2863 196 79 Hopla
808 2864 97 61 hat
944 2866 306 77 gekündigt
1292 2868 117 60 und
1449 2871 158 76 packt
1649 2878 119 52 sein
1810 2869 236 63 Bündel.

480 2956 188 61 Klär;
714 2957 151 62 Was
908 2967 70 52 ist
1020 2958 149 61 denn
1212 2961 385 62 Schreckliches
1639 2963 301 77 geschehn?

479 3050 105 62 Ha
595 3074 95 38 ns:
728 3052 81 60 Ich
845 3051 146 62 habe
1025 3054 112 59 ihm
1171 3062 125 54 eine
1329 3054 545 80 heruntergehauen.
1912 3059 103 61 An
2049 3068 181 53 seiner
2257 3059 173 62 Stelle
2463 3059 183 61 bliebe

405 3142 74 60 ich
521 3145 135 60 auch
698 3144 161 62 keine
901 3145 221 62 Stunde
1162 3148 193 76 länger
1396 3158 72 51 im
1510 3150 183 61 Haus.
1736 3150 152 62 Eine
1923 3151 381 71 Gemeinheit,
2347 3151 109 61 den
2498 3153 148 61 alten

404 3235 211 64 Knecht
647 3248 185 52 seines
859 3239 214 62 Vaters
1108 3264 75 37 zu
1217 3242 274 77 schlagen,
1526 3243 99 61 der
1656 3268 108 36 nur
1797 3245 135 60 noch
1969 3245 132 61 fünf
2119 3245 294 77 wackelige
2440 3245 206 61 Zähne

404 3336 73 53 im
525 3330 194 61 Mund
776 3332 115 71 hat,
949 3357 117 37 von
1124 3333 183 62 denen
1366 3336 154 74 jeder
1578 3346 124 52 eine
1753 3337 556 79 Sehenswürdigkeit
2365 3348 84 51 ist.
2511 3338 133 61 Wir

403 3424 227 61 werden
673 3426 112 62 ihm
828 3437 125 51 eine
993 3428 333 78 anständige
1367 3429 180 63 Rente
1588 3447 302 46 aussetzen
1932 3442 248 51 müssen.

478 3517 380 65 Balthasar:
903 3522 85 60 Er
1029 3546 122 36 war
1192 3521 153 62 wohl
1386 3523 212 61 rabiat?

478 3611 208 62 Hans:
736 3614 80 77 Ja,
866 3638 60 38 er
967 3615 134 61 übte
1143 3615 212 61 wieder
1396 3625 53 51 in
1493 3616 511 79 hervorragendem
2045 3617 182 61 Maße
2267 3617 377 63 Widerstand

402 3725 175 56 gegen
619 3706 89 63 die
750 3708 415 78 Staatsgewalt,
1208 3710 122 61 Der
1363 3705 204 66 Teufel
1600 3711 225 61 schickte
1858 3711 134 60 nach
2026 3720 124 52 mir:
2188 3736 168 36 wenn
2390 3714 77 60 ich
2501 3714 141 60 nicht

397 3797 166 74 gleich
604 3799 184 74 käme,
828 3803 146 77 gäbe
1009 3827 61 37 es
1104 3813 89 52 ein
1228 3804 275 78 Unglück.
1540 3804 132 61 Den
1706 3799 204 66 Teufel
1942 3805 202 61 sollten
2177 3814 83 54 sie
2291 3831 134 37 zum
2459 3807 184 62 Statt*

403 3888 171 66 halter
614 3897 242 61 machen.
901 3897 127 62 Das
1071 3906 71 52 ist
1183 3907 89 52 ein
1312 3899 487 75 ausgezeichneter
1838 3898 276 64 Politiker.

478 3984 377 68 Balthasar:
901 3991 101 61 Du
1043 3992 160 61 mußt
1244 3991 114 61 dich
1401 3991 114 62 halt
1557 3992 431 76 entschuldigen.
