3487 4572
1403 512 219 49 Gfossen

2561 511 91 50 127

375 717 233 49 besinnen,
647 705 89 50 daß
770 704 72 48 die
874 703 211 56 Frauen,
1116 718 78 30 wo
1226 705 161 42 immer
1419 704 65 43 sie

375 808 80 33 zur
495 780 359 56 Herrscherrolle
895 779 271 60 gelangten,
1207 776 137 49 schon
1386 794 98 31 von

375 869 79 48 der
474 864 120 50 alten
613 859 123 51 Dido
761 859 80 47 her
859 856 88 50 sich
966 858 91 47 fast
1075 861 160 42 immer
1254 853 230 61 glänzend

374 943 261 52 bewährten
667 936 95 50 und
795 935 141 61 große
958 935 318 60 Regentinnen
1307 950 177 37 waren,

374 1028 65 44 sei
460 1038 64 38 es,
539 1015 103 51 weil
660 1015 82 48 das
760 1015 223 57 Regieren
1001 1028 85 43 gar
1103 1010 118 50 nicht
1237 1028 56 30 so
1312 1010 172 50 schwer

374 1105 72 50 ist,
468 1094 124 57 oder,
616 1093 61 48 da
702 1108 48 32 es
768 1088 440 52 erwiesenermaßen
1231 1105 53 31 so
1311 1088 172 49 außer»

374 1171 241 54 ordentlich
647 1169 171 48 schwer
840 1173 72 49 ist,
945 1168 106 47 weil
1080 1170 66 43 sie
1169 1164 221 51 vielleicht
1423 1184 60 29 zu

373 1256 199 55 regieren
605 1246 189 50 berufen
827 1244 127 56 sind,
994 1244 105 48 weil
1132 1242 95 50 dies
1259 1242 225 51 vielleicht

375 1329 140 57 <hört!
550 1325 148 53 hört!)
731 1339 139 44 sogar
892 1322 95 49 ihre
1010 1321 269 60 Spezialität
1302 1328 71 43 ist
1410 1321 70 48 Es

374 1404 154 63 gefällt
567 1408 84 43 mir
691 1419 60 30 an
793 1400 89 48 den
914 1400 327 61 Engländern,
1282 1399 90 49 daß
1414 1404 66 44 sie

373 1489 142 44 einem
557 1479 170 62 Impuls
776 1477 82 50 der
897 1477 340 50 Selbsteinkehr
1277 1476 203 62 folgend,

374 1566 148 44 mitten
557 1564 44 42 in
625 1556 71 48 die
727 1555 232 62 politische
982 1555 210 49 Debäcle
1216 1555 169 55 hinein,
1411 1555 68 48 als

373 1637 68 49 die
474 1646 149 38 ersten
656 1651 82 31 zur
762 1634 237 59 Berufung
1030 1632 82 49 des
1145 1644 152 38 ersten
1330 1631 149 50 weih»

371 1715 135 48 liehen
530 1712 300 61 Diplomaten
863 1711 89 48 sich
976 1710 311 49 entschlossen
1310 1710 164 49 haben.

371 1794 77 47 Bei
486 1809 86 30 uns
605 1790 204 60 dagegen
844 1789 124 49 heißt
1008 1806 48 31 es
1089 1794 134 54 jetzt,
1263 1789 72 48 die
1368 1790 109 47 Un»

371 1867 256 65 politischen
660 1867 190 50 müßten
872 1866 244 61 politisiert
1136 1866 199 57 werden,
1370 1866 110 50 aber

371 1949 141 49 dieser
543 1946 114 56 Ruf,
690 1964 55 30 so
778 1945 245 61 berechtigt
1055 1964 48 30 er
1136 1945 109 48 auch
1281 1951 81 52 ist,
1403 1963 76 31 er»

371 2025 103 62 geht
505 2043 54 30 so
591 2029 128 55 spät,
760 2024 88 49 daß
883 2025 112 48 audi
1027 2024 138 48 schon
1199 2024 71 48 die
1302 2022 177 52 Stunde

370 2104 71 47 für
481 2107 99 44 eine
619 2100 339 49 Selbsteinkehr
1009 2101 80 48 der
1128 2101 167 48 Politik
1334 2101 143 48 selbst

371 2178 259 61 geschlagen
663 2178 93 49 hat.
792 2178 138 49 Denn
953 2196 99 31 was
1076 2177 123 50 diese
1225 2178 113 49 noch
1362 2178 115 49 nicht

369 2256 270 49 wahrhaben
670 2256 174 57 wollte,
876 2275 99 30 war
1009 2257 152 60 längst
1194 2262 46 43 in
1273 2256 84 49 das
1384 2257 93 48 Be»

366 2335 221 48 wußtsein
630 2335 80 48 der
754 2333 180 50 Völker
975 2335 355 59 eingedrungen.
1381 2335 95 48 Ein

365 2412 173 48 Beweis
586 2411 135 49 dafür
760 2411 103 49 sind
912 2412 168 60 gerade
1119 2417 101 55 jene
1259 2418 217 54 jüngsten

365 2490 189 57 Völker,
575 2490 69 49 die
662 2496 46 43 in
726 2490 160 49 letzter
903 2490 177 49 Stunde
1098 2491 85 47 auf
1196 2490 87 48 den
1301 2490 174 49 Schau»

365 2567 118 60 platz
524 2568 80 49 der
635 2567 326 61 europäischen
1005 2567 263 50 Geschichte
1309 2579 163 38 traten,

365 2645 278 61 Rakowsky,
667 2646 80 49 der
764 2646 142 61 große
916 2646 318 61 Vorkämpfer
1250 2646 75 48 für
1343 2651 132 43 einen

362 2723 314 59 Balkanbund,
709 2723 208 51 erblickte
950 2725 73 48 die
1047 2723 208 51 Gewähr
1277 2725 73 48 für
1373 2730 102 43 eine

362 2801 230 48 nationale
624 2802 245 61 Befreiung
902 2802 95 48 und
1030 2802 324 60 Vereinigung
1401 2802 74 50 bei

362 2876 86 49 den
488 2878 421 51 Balkanvölkern
959 2880 97 48 und
1104 2880 117 48 nicht
1269 2880 74 48 bei
1384 2880 88 49 den

361 2954 409 53 Balkanstaaten
897 2957 97 50 und
1038 2958 57 49 10
1127 2958 132 61 Jahre
1301 2963 173 55 später,

366 3032 137 58 1874,
544 3034 171 49 schrieb
757 3036 322 48 Karawelow:
1121 3036 119 48 »Die
1281 3036 194 59 Haupt»

361 3111 183 49 Ursache
566 3112 80 49 der
662 3112 257 61 bisherigen
936 3113 237 50 Sklaverei
1196 3118 58 43 ist
1270 3113 87 57 die,
1384 3114 88 49 daß

360 3188 70 48 die
463 3188 272 52 christlichen
769 3192 241 48 Nationen
1043 3192 87 47 auf
1156 3192 80 48 der
1268 3192 206 48 Balkan»

359 3263 242 62 halbinsel,
641 3274 146 44 sowie
829 3268 87 50 alle
957 3268 173 50 andern
1164 3268 183 50 Völker
1378 3268 97 50 und

360 3341 235 52 Nationen
642 3346 221 61 betrogen
912 3346 127 57 sind,
1080 3346 103 49 weil
1223 3352 68 43 sie
1330 3347 145 58 Hilfe,

359 3419 370 65 Unterstützung
761 3423 97 50 und
882 3423 108 50 Heil
1022 3442 96 31 von
1142 3423 87 50 den
1253 3429 221 55 europäi»

361 3498 127 50 sehen
541 3502 276 49 Kabinetten
881 3513 297 46 erwarteten,
1239 3502 96 48 und
1399 3521 73 30 am

360 3582 187 44 meisten
564 3598 96 31 von
676 3581 243 49 Rußland«
938 3579 96 50 und
1051 3582 202 58 Botjow:
1281 3581 191 48 »Wenn

359 3650 69 51 die
445 3654 262 64 Regierung
728 3664 123 44 eines
869 3658 134 61 jeden
1020 3658 183 48 Volkes
1222 3657 89 48 den
1328 3658 143 48 Aus»

362 3728 131 52 druck
533 3741 149 43 seines
717 3741 190 55 eigenen
940 3735 205 50 Willens
1185 3733 97 49 und
1323 3739 151 43 seiner

361 3805 341 66 Bestrebungen
750 3831 214 43 gewesen
1010 3818 151 51 wäre,
1216 3831 56 30 so
1320 3812 152 48 hätten

360 3885 441 55 selbstverständlich
811 3892 203 58 Serbien,
1028 3890 334 51 Griechenland
1378 3889 96 50 und

359 3960 270 65 Rumänien,
661 3974 145 45 sowie
837 3970 319 59 Montenegro
1189 3968 155 61 längst
1376 3967 96 50 ihre

1533 697 364 61 Staatsgrenzen
1930 696 320 50 überschritten
2281 697 97 48 und
2410 697 89 49 den
2530 698 118 48 Bul»

1535 792 142 43 garen
1726 773 215 62 geholfen
2067 776 132 56 aber,
2239 781 89 43 wie
2370 792 49 32 es
2468 776 186 56 scheint,

1532 852 151 49 haben
1715 852 74 49 die
1817 853 321 60 Regierungen
2172 852 147 49 dieser
2341 852 191 49 Staaten
2565 853 87 48 sich

1531 928 153 51 bisher
1717 936 82 43 mit
1832 931 141 48 nichts
2006 929 217 50 anderem
2256 929 173 56 befaßt,
2469 929 69 49 als
2571 936 83 43 mit

1532 1008 81 48 der
1636 1008 342 62 Nachahmung
2010 1008 81 50 der
2124 1008 169 61 klugen
2316 1009 176 49 Devise
2526 1014 124 45 eines

1530 1086 290 49 Metternich:
1857 1086 202 49 »Divide
2090 1097 47 38 et
2161 1087 225 61 impera!«
2421 1084 114 51 Und
2563 1086 89 49 sich

1531 1164 331 60 gleicherweise
1918 1182 145 43 gegen
2119 1164 87 50 den
2255 1164 395 50 Panhellenismus

1532 1242 359 49 Griechenlands
1913 1249 89 44 wie
2020 1260 145 43 gegen
2185 1242 72 49 die
2275 1242 373 62 großserbischen

1531 1319 137 50 Ideen
1700 1321 228 49 wendend
1960 1322 127 59 klagt
2120 1340 48 30 er
2201 1322 124 48 diese
2351 1321 192 49 Staaten
2570 1338 78 41 an,

1530 1398 88 48 daß
1651 1403 66 45 sie
1752 1398 80 50 der
1866 1398 104 50 Idee
2005 1406 124 43 eines
2161 1399 308 50 brüderlichen
2502 1399 145 49 freien

1528 1475 344 50 südslavischen
1905 1477 185 48 Bundes
2125 1488 224 48 entgegen
2382 1482 139 43 seien.
2557 1477 91 48 Die

1528 1552 261 62 Neulinge,
1822 1553 73 49 die
1927 1553 84 49 das
2044 1553 256 58 schrieben,
2332 1566 174 38 nannte
2539 1572 109 30 man

1527 1630 377 51 Revolutionäre.
1931 1630 114 50 Und
2069 1649 179 31 warum
2271 1632 189 48 wollten
2481 1637 65 43 sie
2565 1632 83 48 das

1527 1708 331 61 Unmögliche?
1893 1709 170 50 Gewiß
2087 1709 132 57 nicht,
2241 1709 105 48 weil
2370 1727 49 32 es
2443 1714 204 55 unmög»

1527 1785 80 49 lieh
1639 1804 114 40 war,
1786 1788 202 48 sondern
2013 1787 105 49 weil
2152 1788 71 48 die
2247 1788 311 48 Großmächte
2581 1787 70 49 ihr

1527 1863 204 61 Prestige
1771 1883 98 31 von
1909 1883 56 31 so
2005 1865 273 49 rationellen
2317 1865 328 60 Bewegungen

1528 1947 80 43 mit
1641 1942 139 48 Recht
1811 1942 197 49 bedroht
2040 1943 159 56 sahen,
2233 1948 65 43 sie
2328 1943 102 48 also
2463 1942 184 49 nieder»

1527 2019 168 56 hielten
1729 2020 95 49 und
1850 2020 127 50 ihren
1998 2022 368 48 vorchristlichen
2391 2022 129 48 Kurs
2547 2022 100 48 bei»

1527 2098 259 57 behaltend,
1822 2098 82 48 das
1928 2099 190 60 Dogma
2151 2117 96 30 von
2271 2103 149 46 einem
2441 2098 206 49 Balkan»

1527 2176 352 49 Wetterwinkel
1921 2175 263 51 aufstellten
2225 2176 97 49 und
2355 2176 74 50 die
2460 2176 185 50 Völker

1526 2260 82 43 mit
1639 2260 166 43 weiser
1827 2255 162 48 Miene
2022 2254 139 48 dahin
2186 2265 250 46 steuerten,
2468 2274 79 29 wo
2580 2260 67 45 sie

1524 2331 139 50 heute
1697 2331 249 63 angelangt
1979 2333 116 48 sind.

1585 2410 77 50 Sie
1693 2429 159 31 waren
1885 2417 61 54 ja,
1978 2410 124 50 diese
2119 2410 198 59 Völker,
2349 2429 78 29 wo
2459 2417 67 44 sie
2553 2429 88 31 nur

1524 2489 220 56 konnten,
1801 2507 89 30 vor
1938 2489 252 48 Ausbruch
2245 2488 148 50 dieses
2444 2489 197 60 Krieges

1523 2565 281 50 zueinander
1828 2577 283 49 unterwegs:
2139 2566 89 49 Die
2245 2566 264 49 Deutschen
2532 2566 110 49 nach

1523 2644 80 48 der
1617 2644 258 56 Provence,
1898 2644 71 48 die
1992 2644 352 48 Französinnen
2370 2649 82 42 mit
2476 2644 167 48 Kisten

1522 2721 96 49 und
1635 2721 259 50 Schachteln
1911 2721 110 49 nach
2031 2723 235 48 München
2284 2721 96 50 und
2389 2723 254 59 Bayreuth,

1522 2800 180 56 Autos,
1720 2799 244 49 überfüllte
1983 2799 541 61 Sleepings,Wanderer,
2534 2818 109 30 wo»

1522 2878 77 48 hin
1641 2897 108 30 man
1789 2878 108 58 sah,
1937 2878 97 49 und
2073 2889 109 38 statt
2223 2878 80 49 der
2342 2878 193 57 Salons,
2577 2878 65 49 ich

1522 2968 133 48 sagte
1696 2974 49 32 es
1778 2956 163 56 schon,
1980 2956 154 49 hatten
2167 2955 72 48 die
2272 2955 241 50 Bahnhöfe
2546 2955 96 51 ihre

1524 3034 307 49 »Habitues«,
1856 3035 121 48 Wer
1999 3040 73 43 ein
2090 3035 135 48 Haus
2250 3034 158 56 besaß,
2429 3052 100 31 war
2546 3052 97 31 von

1523 3112 104 50 dem
1660 3118 134 44 einen
1817 3111 210 51 Wunsch
2062 3111 188 57 beseelt,
2285 3129 48 32 es
2366 3111 172 50 wieder
2571 3111 71 50 los

1522 3209 60 29 zu
1615 3190 207 56 werden,
1856 3190 96 48 und
1984 3208 88 30 nur
2105 3201 134 37 unter
2274 3189 87 49 den
2394 3189 248 49 Politikern

1523 3266 95 50 und
1651 3267 308 60 Kapitalisten
1993 3266 90 61 gab
2116 3285 50 31 es
2200 3266 112 48 noch
2346 3271 132 43 einen
2501 3266 141 48 Aus»

1522 3345 162 57 schuß,
1725 3345 81 48 der
1838 3364 50 30 es
1921 3346 75 47 für
2027 3344 221 61 dringend
2283 3342 200 61 geboten
2516 3342 125 58 hielt,

1522 3422 89 50 daß
1645 3424 197 58 Europa
1881 3441 60 30 zu
1983 3426 147 45 einem
2163 3420 145 61 Spital
2341 3438 300 31 zusammen»

1521 3501 181 53 breche,-
1734 3511 135 38 sonst
1907 3518 99 30 war
2045 3500 137 48 schon
2223 3499 84 48 das
2341 3504 156 54 gröste
2530 3499 111 49 Zu»

1521 3576 218 50 einander
1761 3582 61 44 im
1843 3576 248 60 Schwung:
2116 3581 73 43 ein
2213 3580 170 56 ewiges
2402 3576 236 50 Kommen

1521 3654 95 49 und
1640 3654 192 54 Gehen,-
1865 3654 103 48 kein
1989 3652 294 56 Verweilen/
2305 3654 239 59 nirgends,-
2566 3654 72 49 bei

1521 3732 228 50 niemand.

1583 3810 128 49 Und
1744 3815 98 44 mit
1874 3808 174 51 Recht,

1583 3890 123 48 Herr
1745 3888 251 50 Borchardt
2036 3894 82 44 mit
2157 3894 174 53 seiner,
2378 3906 99 32 von
2519 3888 121 51 allen

1519 3968 244 59 Registern
1799 3966 333 61 geschwellten,
2166 3966 98 51 und
2297 3966 111 49 doch
2443 3985 54 32 so
2530 3974 111 43 weit
