3449 4572
897 472 63 49 70

1464 477 137 48 Rene
1798 477 186 51 Schicke
1986 478 43 50 fe
1890 504 8 10 •
1934 480 154 51 Hans

896 676 155 46 stens
1101 662 91 61 die
1232 662 334 65 Franzosen
1617 668 138 60 nicht
1795 670 362 61 mitmachten.
2216 670 237 72 Scheint,
2496 681 81 52 sie
2619 672 185 61 hätten
2846 673 140 60 nicht
3025 696 103 55 ge»

896 752 246 74 braucht,
1184 780 169 37 wenn
1395 767 81 51 sie
1518 760 138 60 nicht
1696 761 232 76 gewollt
1969 761 202 61 hätten,

974 847 214 64 Hans:
1236 851 353 61 »Revanche!
1632 854 358 61 Revanche!«
2036 856 94 61 Sie
2171 856 221 79 kriegen
2435 868 82 51 sie
2558 861 417 77 ausgeprügelt,
3018 860 109 61 daß

896 949 81 52 sie
1019 941 146 61 weiß
1208 943 144 61 Gott
1399 953 109 52 wie
1556 945 163 76 lange
1767 947 295 71 hraudsen,
2112 973 98 36 um
2257 950 212 61 wieder
2517 952 296 61 ordentlich
2864 953 146 77 gehn
3052 978 75 36 zu

893 1034 208 62 lernen,
1263 1037 416 62 Dummheiten,
1721 1039 87 61 Es
1849 1041 115 76 gibt
2003 1041 199 62 keinen
2243 1043 196 76 Krieg.

971 1127 320 77 Dimpfel:
1333 1128 95 61 Bis
1470 1152 106 37 vor
1617 1138 88 52 ein
1738 1155 138 54 paar
1908 1132 198 77 Jahren
2142 1135 184 60 hatten
2360 1143 81 54 sie
2474 1137 136 58 noch
2644 1137 107 61 alle
2784 1138 194 78 Angst
3018 1164 107 37 vor

893 1217 128 61 dem
1062 1220 194 77 Krieg,
1312 1221 130 61 weil
1493 1222 88 61 die
1631 1246 185 38 neuen
1866 1225 494 63 Mordmaschinen
2418 1230 136 58 noch
2611 1231 140 60 nicht
2799 1232 145 60 recht
2985 1256 141 37 aus»

889 1311 247 78 probiert
1175 1338 212 38 waren.
1447 1315 249 62 Seitdem
1747 1316 88 61 die
1876 1317 412 64 Balkanvölker
2329 1344 61 38 es
2434 1321 166 61 ihnen
2642 1324 136 61 aber
2818 1348 68 37 so
2929 1334 53 51 in
3024 1326 99 60 der

887 1404 180 61 Nähe
1106 1408 357 77 vorgemacht
1503 1409 203 71 haben,
1750 1410 225 62 können
2009 1422 82 50 sie
2124 1414 106 60 sich
2265 1413 169 62 kaum
2468 1415 187 62 halten
2680 1441 107 36 vor
2808 1418 315 77 Ungeduld

887 1496 397 66 loszubollern.
1327 1502 199 60 Wenn
1575 1527 61 37 es
1678 1505 166 60 schon
1886 1507 202 59 einmal
2129 1507 261 62 kommen
2441 1510 155 70 muß,
2646 1510 150 61 dann
2837 1513 285 76 möglichst

887 1592 217 71 schnell,
1155 1593 174 62 damit
1368 1604 103 52 wir
1519 1596 89 60 die
1650 1597 174 61 Sache
1874 1597 176 62 hinter
2092 1623 105 39 uns
2241 1599 200 64 haben.
2501 1602 81 61 Ich
2625 1602 200 72 denke,
2867 1615 81 52 sie
2987 1629 135 38 ver»

887 1684 199 63 sohlen
1120 1688 267 61 einander
1420 1714 87 47 so,
1550 1691 109 61 daß
1692 1701 80 52 sie
1805 1692 235 61 nachher
2073 1693 105 61 alle
2213 1696 368 61 miteinander
2614 1696 124 61 froh
2773 1698 142 70 sind,
2951 1723 167 38 wenn

885 1786 81 51 sie
1007 1795 181 46 etwas
1230 1781 158 77 übrig
1428 1782 280 73 behalten,
1750 1809 96 37 um
1888 1795 54 51 in
1983 1786 244 62 Frieden
2269 1789 210 61 darauf
2516 1813 74 37 zu
2632 1799 190 52 sitzen,

960 1871 220 62 Hans:
1222 1874 265 62 Müßtest
1528 1876 78 61 du
1649 1879 125 59 mit?

962 1964 322 80 Dimpfel:
1321 1968 142 61 Gott
1496 1979 82 51 sei
1611 1970 189 71 Dank,
1834 1980 141 54 nein.
2008 1973 201 62 Meine
2242 1975 181 61 Leber
2456 1977 256 60 bewahrt
2745 1978 133 59 mich
2914 1978 202 71 davor,

883 2058 455 80 überschnappen
1387 2086 74 35 zu
1510 2073 251 61 müssen,
1821 2088 96 37 um
1968 2067 138 59 nicht
2154 2067 173 62 selbst
2375 2092 116 37 von
2543 2068 570 83 Übergeschnappten

883 2152 354 75 umgebracht
1277 2178 76 36 zu
1392 2156 248 61 werden.
1687 2157 132 61 Du?

958 2244 215 61 Hans:
1216 2246 174 61 Nein.

957 2337 321 79 Dimpfel:
1322 2338 152 63 Was
1517 2340 134 62 fehlt
1693 2341 84 61 dir
1818 2342 185 63 denn?

954 2430 219 62 Hans:
1208 2431 305 79 Eigentlich
1548 2435 181 61 nichts.
1764 2436 99 61 Bei
1898 2436 97 61 der
2020 2438 350 80 Musterung
2403 2441 147 61 hatte
2583 2444 74 58 ich
2686 2451 89 53 ein
2801 2445 308 62 schwaches

875 2523 176 61 Herz,

958 2615 321 80 Dimpfel:
1324 2618 114 61 Ein
1480 2619 468 65 Studentenherz,
1993 2623 155 65 Freu
2154 2625 17 21 7
2211 2625 132 63 dich,

955 2711 215 61 Hans:
1213 2712 81 60 Ich
1338 2713 200 61 würde
1579 2716 132 59 mich
1754 2739 99 54 gar
1894 2718 141 60 nicht
2077 2718 209 62 freuen,

954 2802 321 80 Dimpfel:
1319 2805 133 62 Daß
1494 2806 77 61 du
1607 2817 87 51 ein
1728 2808 294 64 Raufbold
2062 2812 128 71 bist,
2223 2815 146 59 weiß
2404 2815 92 61 ich.
2540 2815 168 62 Aber
2858 2817 230 78 überleg
3090 2819 17 21 7

877 2918 61 38 es
982 2896 81 60 dir
1106 2899 218 62 einmal,

952 2987 214 63 Hans:
1209 2990 188 61 Wenn
1439 2991 89 62 die
1561 2994 330 62 Franzosen
1935 2996 232 61 wirklich
2201 2999 175 77 Krieg
2417 3001 250 70 machen,
2709 3027 69 37 so
2811 3003 184 62 haben
3028 3014 83 52 sie

875 3083 168 59 nichts
1086 3083 236 62 anderes
1364 3085 272 73 verdient,
1682 3088 81 61 als
1808 3089 107 61 daß
1959 3090 89 61 die
2096 3092 260 61 deutsche
2398 3094 410 78 Dampfwalze
2850 3097 139 61 über
3028 3107 81 52 sie

874 3175 147 78 geht.
1066 3177 81 61 Ich
1190 3178 198 62 würde
1429 3189 103 51 mir
1573 3180 90 61 die
1703 3182 172 61 Liebe
1915 3207 74 37 zu
2032 3183 165 62 ihnen
2233 3210 105 37 aus
2374 3187 127 60 dem
2535 3188 173 61 Leibe
2740 3191 209 69 reißen,
2992 3192 117 60 und

873 3294 167 36 wenn
1084 3272 73 60 ich
1202 3272 164 61 dabei
1407 3274 295 61 verbluten
1743 3276 179 63 sollte.
1966 3277 87 61 Es
2096 3280 194 59 müßte
2332 3288 89 51 ein
2462 3281 170 61 Ende
2675 3282 201 64 haben.
2929 3285 179 62 Diese

873 3362 409 75 Zebranation,
1410 3366 169 61 deren
1625 3376 122 52 eine
1780 3368 193 63 Hälfte
2006 3371 82 61 als
2121 3387 134 61 gute
2280 3372 370 79 Weltbürger
2683 3400 72 36 an
2790 3376 100 62 der
2916 3377 192 79 Spitze

872 3456 100 61 der
1011 3457 355 64 Menschheit
1413 3462 364 61 marschieren
1820 3462 136 73 will,
2006 3465 157 61 indes
2216 3465 89 62 die
2355 3467 208 63 andere
2605 3471 135 59 noch
2783 3480 194 52 immer
3018 3471 89 63 bei

878 3549 315 80 Napoleon
1236 3553 128 62 dem
1406 3554 212 62 Ersten
1661 3555 131 62 hält.

949 3643 321 80 Dimpfel:
1298 3648 137 62 Pass
1440 3649 17 20 7
1475 3649 117 71 auf,
1620 3658 80 53 sie
1725 3649 179 79 geben
1933 3659 123 54 eine
2082 3653 315 79 großartige
2415 3655 688 83 Abschiedsvorstellung,

950 3737 216 62 Hans:
1209 3739 183 63 Wer?

950 3829 320 80 Dimpfel:
1324 3835 113 60 Die
1471 3835 300 63 Welschen
1931 3838 97 61 der
2069 3838 178 64 Welt.
2290 3841 200 62 Wenn
2542 3851 81 53 sie
2674 3843 236 63 friedlich
2962 3846 142 71 sind,

874 3922 314 64 schwätzen
1246 3935 80 52 sie
1382 3929 105 59 sich
1546 3930 162 76 jeden
1750 3926 127 83 Tag
1935 3942 87 51 ein
2081 3932 223 64 bißchen
2356 3935 177 62 höher
2582 3946 54 51 in
2688 3937 108 63 den
2837 3940 265 61 Himmel.
