3443 4572
897 516 65 50 64

1458 519 138 50 Rens
1798 519 98 51 ScßicßeCe
1897 545 54 11 -
1952 521 136 49 Hans
2120 527 67 43 im
2220 519 356 52 Scßnaüenfodj

976 706 189 61 Klär:
1208 707 142 62 Und
1390 725 175 46 warst
1608 711 325 68 enttäuscht,
1976 710 82 62 als
2100 710 101 62 das
2244 710 381 62 Wiedersehn
2667 718 124 54 eine
2825 708 305 79 Wendung

898 800 191 71 nahm,
1129 801 92 62 die
1261 804 107 59 sich
1409 805 138 58 nicht
1588 812 98 53 mit
1725 804 99 61 der
1866 804 408 62 französischen
2309 804 529 62 Satzkonstruktion
2869 804 262 77 vertrug?

977 894 213 62 Hans:
1249 896 80 60 Im
1386 914 187 43 ersten
1622 896 371 78 Augenblick,
2049 898 206 77 glaube
2304 899 95 71 ich,
2449 923 122 37 war
2620 899 75 61 ich
2745 896 236 63 wirklich
3022 919 108 38 aus

898 985 130 62 dem
1068 988 270 78 Konzept
1377 989 272 77 gebracht.

976 1080 186 60 Klär:
1203 1082 141 76 Jetzt
1382 1080 136 61 aber
1557 1083 205 60 scheint
1794 1082 83 61 dir
1910 1082 99 62 der
2032 1083 355 77 Augenblick
2411 1084 354 78 gekommen,
2798 1108 76 37 zu
2907 1083 223 62 deinem

896 1172 270 79 Konzept
1204 1173 522 62 zurüdczukehren?

972 1266 213 61 Hans:
1227 1266 88 61 Es
1358 1276 69 52 ist
1468 1267 328 79 unmöglich,
1838 1268 271 61 ernsthaft
2147 1279 99 50 mit
2286 1270 83 61 dir
2408 1294 75 37 zu
2523 1272 279 76 sprechen.

972 1359 84 61 KI
1067 1369 92 51 är:
1209 1360 83 61 Ich
1341 1361 223 78 spreche
1607 1361 91 61 die
1736 1385 182 55 ganze
1957 1362 135 61 Zeit
2140 1364 285 62 ernsthaft.
2478 1365 183 70 Höre,
2704 1365 94 62 du.
2858 1365 154 61 Hast
3052 1364 79 61 du

893 1451 168 61 schon
1103 1453 202 61 einmal
1348 1454 174 61 daran
1565 1455 246 79 gedacht,
1856 1455 110 62 daß
2008 1456 75 60 ich
2117 1458 134 59 mich
2286 1467 181 53 einem
2492 1458 212 61 andern
2733 1458 185 59 Mann
2949 1458 182 77 geben

894 1544 243 62 könnte?

973 1639 215 61 Hans:
1247 1641 88 62 Es
1382 1642 117 77 gibt
1546 1643 166 60 nichts
1757 1642 437 65 Schmerzhaftes
2244 1653 74 52 im
2359 1646 223 61 Bereich
2624 1654 211 53 meines
2877 1646 249 71 Lebens,

894 1755 201 37 woran
1137 1734 75 59 ich
1254 1736 136 58 noch
1432 1734 139 61 nicht
1611 1736 230 76 gedacht
1882 1736 163 62 hätte.

973 1826 184 61 Klär:
1216 1827 82 61 Ich
1348 1837 202 63 meine,
1599 1831 140 60 nicht
1786 1854 107 37 nur
1941 1854 66 37 so
2056 1855 74 38 an
2172 1832 89 61 die
2294 1832 361 79 Möglichkeit
2693 1834 249 78 gedacht,
2985 1856 142 39 son*

896 1917 138 61 dem
1190 1920 233 77 gesehn.

974 2013 214 62 Hans:
1232 2014 76 77 Ja,

973 2105 186 63 Klär:
1204 2107 176 61 Dann
1420 2109 159 60 mußt
1620 2108 77 61 du
1739 2108 90 62 die
1869 2110 173 61 Hölle
2082 2110 240 73 kennen,
2363 2121 55 52 in
2460 2112 89 62 die
2591 2113 78 61 du
2712 2114 132 60 mich
2888 2123 108 61 nie,
3039 2123 92 52 nie

893 2199 211 61 wieder
1143 2211 226 51 stürzen
1413 2202 191 62 darfst.
1658 2204 82 60 Ich
1790 2203 94 61 bin
1923 2204 273 77 glücklich,
2238 2206 109 61 daß
2389 2208 75 59 ich
2506 2207 103 61 das
2653 2207 343 62 Schlimmste
3038 2232 93 37 er*

893 2292 196 61 fahren
1132 2293 164 70 habe,
1344 2295 151 61 ohne
1545 2296 89 61 für
1674 2297 114 60 dich
1838 2300 371 59 verunstaltet
2248 2324 74 35 zu
2371 2309 136 53 sein.
2567 2300 171 62 Nicht
2778 2301 190 61 wahr?
3025 2302 103 61 Du

892 2385 202 61 hättest
1133 2387 135 60 mich
1308 2387 140 60 nicht
1488 2389 157 61 mehr
1683 2389 222 78 geliebt,
1947 2414 169 38 wenn
2148 2392 75 60 ich
2258 2392 83 60 dir
2375 2410 202 43 untreu
2610 2395 309 76 geworden
2953 2405 172 52 wäre.

892 2479 82 59 Idi
1015 2480 165 71 weiß,
1222 2480 109 62 daß
1374 2481 77 62 du
1493 2484 174 61 selbst
1706 2507 178 56 gegen
1927 2485 201 61 deinen
2169 2486 312 78 Egoismus
2531 2489 167 61 nichts
2738 2490 388 61 vermöchtest.

892 2571 142 63 Und
1075 2575 92 70 ich,
1212 2577 75 58 ich
1329 2585 155 51 wäre
1526 2578 82 59 dir
1650 2594 203 45 untreu
1894 2579 329 76 geworden,
2265 2604 167 37 wenn
2474 2583 75 60 ich
2585 2592 162 52 einen
2782 2583 212 61 andern
3025 2607 106 53 ge*

889 2665 132 60 liebt
1062 2665 163 63 hätte.
1273 2667 169 62 Nicht
1481 2669 348 71 stückweise,
1872 2672 140 61 nicht
2053 2673 109 60 auf
2195 2673 244 72 Urlaub,
2482 2684 146 63 nein,
2680 2700 164 53 ganz,
2886 2687 99 51 mit
3025 2686 103 52 mir

894 2759 117 60 und
1053 2770 220 50 meinen
1314 2762 269 62 Kindern.
1623 2773 155 54 <Hans
1813 2772 156 51 richtet
2002 2775 89 49 sich
2125 2777 116 55 auf.)
2284 2768 96 61 Sei
2423 2768 141 73 froh,
2609 2771 109 61 daß
2761 2771 77 61 du
2872 2773 133 60 mich
3041 2773 90 60 die

892 2851 192 70 Liebe,
1128 2852 90 61 die
1265 2876 179 54 ganze
1485 2856 176 61 Liebe
1701 2857 212 76 gelehrt
1952 2860 146 70 hast,
2149 2861 78 61 du
2269 2862 180 61 allein.
2509 2864 246 60 Forsche
2806 2866 156 69 nicht,
3005 2890 123 37 was

892 2945 90 59 die
1016 2945 131 62 Ehe
1188 2955 87 62 ist,
1317 2947 140 61 oder
1498 2958 109 52 wie
1649 2959 81 52 sie
1771 2961 118 51 sein
1924 2954 120 61 soll.
2089 2954 134 62 Sieh
2257 2958 132 58 mich
2425 2980 89 37 an.
2558 2958 142 60 Hier
2732 2958 127 62 hast
2892 2959 79 61 du
3005 2969 123 51 eine

893 3036 281 71 Geliebte,
1225 3040 110 60 reif
1369 3040 117 61 und
1527 3043 141 59 nicht
1706 3044 339 71 verdorben,
2095 3048 279 67 erfahren,
2426 3049 135 61 aber
2609 3051 138 60 nicht
2789 3062 74 49 im
2904 3062 224 67 gering*

892 3148 123 44 sten
1054 3142 308 68 resigniert,
1402 3134 247 62 bestrafe
1689 3145 82 53 sie
1813 3139 155 71 nicht,
2012 3142 127 58 weil
2182 3142 78 61 du
2307 3152 81 52 sie
2429 3143 307 77 geheiratet
2777 3145 144 70 hast,
2965 3147 166 59 dafür

892 3225 231 61 werden
1165 3228 115 60 ihre
1315 3228 217 61 Kinder
1573 3231 138 61 nicht
1750 3232 107 60 auf
1884 3231 98 62 der
2015 3233 201 62 Straße
2258 3245 98 52 mit
2388 3236 230 62 Steinen
2650 3239 312 75 geworfen,
2996 3264 135 36 ver*

891 3318 209 62 wohne
1156 3330 81 52 sie
1287 3331 87 51 ein
1416 3322 245 71 bißchen,
1720 3323 117 62 und
1886 3349 168 38 wenn
2103 3336 82 52 sie
2234 3328 113 61 dich
2392 3339 86 52 ein
2519 3330 197 64 Leben
2758 3332 129 78 lang
2925 3333 206 78 geliebt

888 3411 117 71 hat,
1047 3436 66 37 so
1155 3413 141 61 wird
1338 3415 103 62 das
1484 3416 150 61 dann
1677 3425 123 52 eine
1841 3417 130 62 Ehe
2013 3443 267 53 gewesen
2322 3431 136 54 sein,

971 3507 212 61 Hans:
1223 3509 78 76 Ja,

969 3599 186 62 Klär:
1202 3601 141 63 Und
1383 3603 71 62 da
1499 3605 77 61 du
1617 3629 135 55 gern
1794 3608 229 62 Frauen
2065 3618 74 52 im
2180 3610 384 65 Herrensattel
2605 3614 191 72 siehst,
2846 3639 66 37 so
2954 3624 176 54 reiten

891 3700 104 51 wir
1034 3717 231 55 morgen
1307 3697 164 61 durch
1517 3699 89 61 die
1639 3700 224 73 Felder,
1905 3703 84 61 bis
2031 3727 72 37 an
2145 3703 91 62 die
2277 3706 193 77 Berge,
2517 3707 133 61 Wir
2690 3731 164 39 essen
2897 3711 108 59 auf
3032 3709 98 63 der

889 3780 273 68 Terrasse
1212 3788 100 62 des
1353 3791 206 63 Hotels
1609 3817 75 38 zu
1725 3794 217 64 Abend
1992 3797 117 62 und
2157 3797 141 62 sehn
2340 3798 90 62 die
2472 3800 188 63 Nacht
2700 3826 92 37 am
2836 3802 295 64 Schwarz*

893 3878 153 60 wald
1085 3880 404 81 herabsteigen.

973 3972 214 62 Hans:
1228 3976 77 76 Ja.
