3483 4572
949 484 64 49 82

1514 487 139 50 Rene
1676 487 228 50 Scßicßefe
1937 511 9 12 •
1982 488 153 49 Hans
2167 495 66 42 im
2266 486 358 51 ScfmaßenCocß

947 696 134 38 zum
1121 675 243 80 Beispiel
1412 677 118 61 fällt
1578 686 103 51 mir
1721 686 194 52 immer
1954 677 165 78 gleich
2161 686 88 54 ein
2292 676 586 64 Universitätsfreund
2920 686 107 61 ein,
3080 677 100 61 der

950 768 103 63 das
1095 770 472 61 Dienstmädchen
1617 780 182 51 seiner
1840 770 338 62 Wirtsleute
2218 770 248 62 heiraten
2508 771 210 71 mußte,
2768 770 102 61 das
2912 770 94 61 ihn
3045 794 132 38 ver»

952 863 154 61 führt
1147 863 163 62 hatte.

1027 957 189 59 Klär:
1261 957 80 59 Ich
1384 955 131 61 bitte
1556 955 135 72 dich,
1732 957 196 59 werde
1968 957 207 61 endlich
2217 976 169 44 ernst.

1025 1051 214 59 Hans:
1298 1048 188 62 Siehst
1528 1049 95 69 du,
1674 1049 100 60 der
1815 1049 214 61 Keller!
2090 1052 122 60 Der
2253 1052 239 60 Anblick
2540 1052 100 61 der
2681 1052 335 71 Kartoffeln,
3073 1077 107 38 aus

948 1141 182 61 denen
1180 1142 151 60 dicke
1376 1152 180 66 grüne
1596 1142 273 61 Würmer
1918 1143 276 72 wachsen,
2252 1143 96 61 hat
2396 1145 84 61 dir
2521 1145 164 61 deine
2725 1146 313 61 Heiterkeit
3077 1169 103 54 ge»

947 1258 282 39 nommen.

1023 1326 191 61 Klär:
1256 1328 240 61 Findest
1538 1328 79 61 du
1658 1328 103 62 das
1804 1328 117 62 hier
1962 1329 197 79 lustig?

1022 1422 216 61 Hans:
1281 1423 142 60 Hier
1464 1430 70 53 ist
1576 1446 60 37 es
1680 1423 174 70 frisch,
1897 1423 123 71 hell,
2065 1424 117 61 und
2215 1425 75 60 ich
2325 1424 146 62 habe
2503 1449 75 37 zu
2611 1442 118 46 tun.
2775 1427 266 77 Spaziere
3073 1451 107 37 nur

947 1514 205 60 einmal
1194 1514 162 61 durch
1399 1514 102 62 das
1535 1516 186 60 Haus.
1766 1517 113 59 Die
1912 1512 193 64 Türen
2147 1517 163 61 stehn
2351 1518 109 61 auf
2484 1518 157 70 oder,
2682 1542 168 38 wenn
2884 1519 77 60 du
2997 1519 183 61 Glück

948 1606 145 71 hast,
1149 1608 125 61 sind
1329 1617 82 52 sie
1467 1632 169 54 sogar
1690 1610 366 77 zerschlagen.
2116 1611 172 59 Dazu
2347 1612 162 60 lärmt
2556 1635 61 38 es
2677 1613 502 71 ununterbrochen,

947 1724 169 37 wenn
1159 1701 78 61 du
1279 1702 136 60 auch
1456 1703 140 59 nicht
1634 1726 187 54 genau
1862 1705 189 68 weißt,
2093 1728 110 38 wo.
2245 1705 198 61 Blickst
2485 1705 78 61 du
2605 1729 106 37 aus
2754 1706 129 60 dem
2916 1706 261 71 Fenster,

946 1817 69 36 so
1064 1794 273 77 bewegen
1387 1796 105 60 sich
1543 1796 173 60 kreuz
1759 1796 117 60 und
1916 1820 136 55 quer
2090 1797 146 61 viele
2276 1799 216 61 Reihen
2532 1823 117 37 von
2691 1799 330 71 Kommata,
3080 1810 100 52 mit

945 1888 598 77 Ausrufungszeichen
1586 1890 117 60 und
1746 1889 550 65 Gedankenstrichen
2338 1893 366 71 dazwischen,
2747 1893 117 61 und
2897 1917 167 37 wenn
3097 1903 83 53 sie

946 1982 105 58 sich
1095 1980 374 71 verhaddern,
1510 2006 68 37 so
1619 1982 201 61 kannst
1860 1983 78 61 du
1972 1984 83 60 dir
2088 2008 198 54 sagen:
2330 1985 141 60 Dies
2514 1996 69 50 ist
2616 1996 123 50 eine
2773 1985 406 73 Staatsaktion,

945 2096 118 37 von
1105 2073 171 61 deren
1317 2074 303 78 Ausgang,
1681 2076 102 61 das
1826 2086 125 51 eine
1990 2101 131 36 zum
2163 2078 212 60 andern
2417 2079 128 60 Mal
2586 2081 307 75 gerechnet,
2949 2081 230 61 schließ»

943 2166 96 59 lieh
1082 2166 101 61 das
1228 2166 265 62 Schicksal
1537 2168 99 61 der
1660 2168 221 61 Völker
1921 2170 263 77 ahhängt.
2229 2171 86 61 Es
2358 2195 130 53 mag
2527 2172 193 60 dumm
2754 2182 138 61 sein,
2934 2173 109 61 daß
3076 2198 103 36 so»

942 2258 109 60 viel
1100 2283 134 36 vom
1276 2261 286 77 Ausgang
1610 2271 151 52 einer
1810 2264 268 61 Rauferei
2126 2264 266 78 abhängt,
2448 2266 135 60 aber
2625 2267 74 59 ich
2748 2266 147 61 kann
2937 2292 61 36 es
3041 2270 139 58 nicht

945 2352 228 63 ändern.
1219 2354 141 61 Von
1394 2355 134 60 Zeit
1558 2379 75 37 zu
1667 2356 132 61 Zeit
1826 2358 240 59 schicken
2094 2366 81 53 sie
2201 2368 101 51 mir
2328 2368 123 52 eine
2476 2359 370 79 Abordnung
2879 2369 84 53 ins
2991 2361 185 63 Haus,

941 2445 115 61 Ein
1098 2448 237 59 Haufen
1376 2448 274 62 Soldaten
1691 2460 180 51 stürzt
1911 2450 188 61 herein
2142 2452 118 60 und
2293 2453 211 61 wieder
2545 2453 217 62 hinaus.
2804 2455 206 61 Etwas
3052 2478 128 38 zer»

941 2539 253 76 schlagen
1243 2549 83 52 sie
1375 2551 212 61 immer,
1646 2543 117 60 und
1820 2544 75 60 ich
1944 2543 181 61 bliebe
2174 2546 265 60 vielleicht
2488 2547 139 59 nicht
2666 2570 68 38 so
2777 2549 402 75 ungeschoren,

941 2656 168 37 wenn
1159 2636 75 58 ich
1277 2636 141 59 nicht
1464 2637 166 76 gleich
1672 2646 183 52 meine
1896 2638 457 79 Vorkehrungen
2391 2642 273 75 getroffen
2707 2641 166 62 hätte.
2932 2643 103 60 An
3078 2643 99 60 der

940 2719 123 67 Tür
1105 2726 99 61 der
1237 2727 338 62 Schreinerei
1615 2728 197 61 überm
1846 2731 132 60 Hof
2011 2731 202 61 kannst
2254 2732 78 60 du
2372 2756 116 37 von
2531 2744 211 50 meiner
2773 2735 177 59 Hand
2992 2736 179 61 lesen:

943 2819 179 61 »Hier
1162 2820 115 77 gibt
1317 2844 61 38 es
1420 2846 73 36 zu
1537 2846 165 37 essen
1744 2824 118 61 und
1901 2849 74 36 zu
2009 2826 232 73 trinken,
2282 2850 69 37 so
2384 2827 162 78 lange
2582 2827 99 63 der
2705 2829 221 61 Vorrat
2956 2831 216 60 reicht.«

942 2911 144 61 Und
1126 2936 91 36 am
1244 2908 122 66 Tor
1404 2939 133 37 zum
1563 2916 347 61 Weinkeller
1951 2927 72 52 im
2064 2920 148 60 alten
2245 2920 201 78 Flügel
2488 2921 148 61 steht
2674 2923 140 76 groß
2857 2925 117 59 und
3008 2924 168 60 deut»

940 3004 122 61 lieh:
1109 3005 301 80 »Eingang
1450 3032 131 37 zum
1617 3009 402 66 Weinkeller«.
2064 3013 280 62 Daneben
2389 3024 123 51 eine
2547 3015 337 63 Weinkarte
2925 3027 97 51 mit
3063 3018 113 60 Be»

940 3099 304 78 Zeichnung
1285 3100 100 61 der
1425 3102 231 71 Fässer,
1699 3103 89 61 die
1830 3106 75 58 ich
1948 3107 291 77 sorgfältig
2279 3117 54 51 in
2376 3108 287 78 Ordnung
2705 3108 165 62 halte.
2927 3111 114 61 Die
3081 3111 94 59 In»

938 3192 251 60 Schriften
1224 3193 125 60 sind
1382 3197 409 76 zweisprachig.
1829 3197 122 60 Der
1982 3198 197 78 Hopla
2212 3201 133 76 paßt
2379 3225 90 36 am
2497 3202 369 61 Dachfenster
2899 3203 118 70 auf,
3053 3226 121 37 was

938 3285 92 61 für
1048 3286 203 61 Hosen
1276 3288 106 60 sich
1417 3288 128 61 dem
1572 3288 403 63 Schnakenloch
2018 3292 230 70 nähern,
2283 3294 117 59 und
2438 3305 54 66 je
2532 3296 280 71 nachdem,
2856 3297 76 60 ob
2973 3306 82 52 sie
3086 3313 89 44 rot

937 3377 141 61 oder
1117 3403 141 53 grau
1300 3381 143 71 sind,
1486 3381 171 79 hängt
1698 3405 61 38 er
1799 3382 89 63 die
1931 3384 371 62 französische
2335 3386 140 61 oder
2517 3388 90 60 die
2640 3389 262 62 deutsche
2935 3391 239 60 Inschrift

937 3495 123 39 aus.
1120 3474 218 62 Nachts
1397 3476 197 60 stellen
1644 3487 103 50 wir
1803 3478 210 61 einfach
2062 3488 123 52 eine
2225 3480 214 80 Lampe
2480 3506 108 38 vor
2636 3484 90 60 die
2767 3484 249 62 Kantine
3057 3483 115 62 und

937 3565 111 61 den
1091 3567 193 62 Keller
1324 3569 117 61 und
1483 3572 192 59 öffnen
1717 3581 136 52 weit
1892 3572 90 61 die
2024 3568 211 66 Türen.

1013 3659 188 63 Klär:
1248 3661 181 62 Schon
1473 3664 210 61 wieder
1724 3664 89 61 die
1855 3666 306 61 Kanonen.

1015 3752 214 64 Hans:
1272 3755 284 63 Erschrick
1597 3758 158 71 nicht,
1796 3769 147 52 mein
1982 3760 268 78 Liebling.
2295 3763 96 63 Sie
2432 3762 201 73 bellen,
2674 3763 136 63 aber
2851 3774 81 52 sie
2973 3765 194 61 beißen

937 3847 154 61 nicht.
1139 3847 366 80 Wenigstens
1548 3852 140 61 nicht
1730 3876 123 39 uns.
1897 3854 114 62 Die
2052 3856 183 62 weiße
2276 3856 202 64 Fahne
2519 3859 211 61 schützt
2771 3859 397 63 dieVerwun»

936 3937 170 63 deten
1148 3943 118 59 und
1307 3967 124 37 uns.
