3424 4572
773 611 106 96 30

1330 614 136 50 Rene
1496 614 232 51 Scßidtefe
1761 642 10 10 •
1805 617 154 49 Hans
1990 623 66 43 im
2089 617 354 49 ScßnaHenfoS

774 800 202 61 suchen
1010 800 202 71 haben,
1254 825 94 37 wo
1383 802 117 61 ihre
1532 804 460 76 Vergangenheit
2032 829 144 36 war:
2220 805 141 62 dort.
2407 805 132 62 Wir
2570 806 228 61 werden
2832 805 166 61 ihnen

775 893 205 69 helfen,
1021 917 168 38 wenn
1231 894 88 61 die
1361 894 219 62 Stunde
1620 896 217 77 schlägt,

853 986 215 60 Hans:
1112 986 172 60 Dann
1326 986 92 61 bin
1461 989 72 58 ich
1576 988 125 59 kein
1742 988 220 61 wahrer
2003 989 280 64 Elsässer,

854 1078 273 61 Louise:
1173 1079 149 60 Herr
1358 1078 270 70 General,
1670 1080 183 60 finden
1888 1080 95 61 Sie
2023 1083 139 58 nicht
2201 1083 192 71 selbst,
2435 1084 109 61 daß
2577 1086 89 59 die
2699 1084 173 71 Hilfe,
2907 1083 91 61 die

776 1171 97 61 Sie
913 1171 160 59 Ihren
1114 1171 384 61 Landsleuten
1540 1172 274 71 brächten,
1865 1173 91 61 für
1996 1183 81 51 sie
2116 1176 264 61 vielleicht
2420 1193 179 46 etwas
2639 1188 126 68 spät
2804 1177 194 61 käme?

853 1262 275 61 Cavrel:
1180 1262 324 61 Verzeihen
1554 1263 96 61 Sie
1700 1287 134 47 uns,
1885 1274 145 52 mein
2078 1267 177 70 Herr,
2305 1277 99 51 wir
2453 1270 124 59 sind
2624 1270 160 61 keine
2834 1270 164 61 eitlen

772 1352 219 74 Toren,
1040 1378 169 39 wenn
1259 1365 102 51 wir
1409 1356 108 61 auf
1550 1356 122 62 Ihre
1714 1357 462 79 Anhänglichkeit
2215 1384 68 37 so
2324 1361 108 60 viel
2473 1361 171 61 Wert
2684 1362 175 77 legen.
2901 1362 97 63 Sie

771 1459 230 49 müssen
1049 1449 313 61 verstehen.
1411 1450 116 60 Mit
1575 1449 212 62 diesem
1827 1451 161 60 Land
2036 1451 97 61 hat
2171 1453 329 61 Frankreich
2540 1463 118 53 sein
2702 1455 261 78 Gleichge-

771 1541 160 60 wicht
969 1541 277 61 verloren.
1283 1541 122 61 Der
1438 1541 194 61 Süden
1673 1552 201 68 regiert
1914 1567 126 47 uns,
2082 1544 117 61 und
2232 1545 99 61 der
2364 1545 194 63 Süden
2590 1547 249 62 verdirbt
2871 1572 123 39 uns.

775 1633 85 60 Er
916 1634 149 60 zieht
1119 1658 107 37 uns
1275 1658 73 36 zu
1397 1635 106 60 tief
1542 1634 258 62 hinunter
1848 1638 272 61 zwischen
2169 1638 247 79 Spanien
2465 1639 116 61 und
2628 1642 208 61 Italien,
2897 1642 101 61 Bei

770 1726 239 76 gleichen
1063 1727 281 61 Chancen
1394 1727 208 62 könnte
1650 1728 191 62 Italien
1891 1740 151 53 eines
2083 1727 189 82 Tages
2321 1756 106 38 vor
2477 1757 107 37 uns
2633 1735 194 60 durchs
2869 1735 127 62 Ziel

771 1817 163 78 gehn.
978 1820 80 58 Ich
1100 1820 146 61 weiß
1297 1842 76 39 es.
1418 1821 81 60 Ich
1541 1837 236 46 stamme
1827 1846 105 37 aus
1983 1822 127 61 dem
2152 1823 211 64 Süden,
2407 1826 122 61 Wir
2568 1827 276 61 brauchen
2886 1827 110 61 den

771 1911 267 70 Norden,
1080 1935 95 37 um
1216 1936 75 36 zu
1331 1912 234 61 bestehn
1612 1953 62 9 -

850 2004 212 61 Hans;
1123 2004 267 80 Spannen
1447 2005 95 62 Sie
1599 2015 162 54 einen
1816 2008 308 62 Menschen
2181 2019 99 52 mit
2335 2011 219 61 Armen
2613 2013 117 61 und
2784 2013 211 61 Beinen

771 2098 275 59 zwischen
1079 2107 144 52 zwei
1255 2098 219 71 Pferde,
1505 2109 163 67 jagen
1701 2100 95 61 Sie
1830 2102 89 61 die
1945 2102 198 62 Pferde
2176 2113 53 50 in
2263 2121 548 61 entgegengesetzter
2835 2107 160 59 Rieh*

769 2206 138 59 tung
964 2189 210 71 davon,
1232 2190 116 60 und
1397 2192 96 62 Sie
1548 2192 183 62 haben
1787 2216 187 54 genau
2031 2196 100 60 das
2191 2196 279 62 erhabene
2520 2197 319 80 Schauspiel
2896 2198 100 62 der

776 2282 356 61 elsässischen
1174 2279 204 66 Treue,

846 2373 320 63 General:
1212 2377 164 60 Mein
1415 2378 169 70 Herr,
1626 2389 104 50 wir
1769 2380 267 62 Elsässer

842 2467 218 61 Hans:
1095 2469 188 77 Sagen
1316 2470 97 62 Sie
1444 2470 136 61 doch
1622 2471 135 62 bitte
1790 2475 160 60 nicht;
1993 2484 104 52 wir
2129 2476 265 61 Elsässer
2422 2524 12 14 ~
2507 2477 97 61 Sie
2644 2477 183 61 haben
2862 2479 133 59 auf*

765 2559 217 77 gehört,
1016 2570 89 51 ein
1138 2561 267 63 Elsässer
1435 2587 75 38 zu
1543 2574 139 62 sein,
1716 2566 83 60 als
1833 2566 95 63 Sie
1961 2568 103 61 das
2097 2569 161 61 Land
2289 2570 298 62 verließen,
2623 2570 122 62 Ihre
2778 2571 216 61 Kinder

764 2662 208 52 wissen
1013 2677 134 38 vom
1189 2655 179 61 Elsaß
1410 2658 137 59 nicht
1587 2659 110 60 viel
1738 2659 175 71 mehr,
1954 2662 81 61 als
2077 2686 115 37 von
2234 2662 99 61 der
2365 2663 260 62 Schweiz,
2667 2664 124 61 Ihre
2821 2665 171 60 Lieb*

767 2744 299 62 habereien
1107 2749 226 60 machen
1374 2773 107 37 uns
1523 2751 103 60 das
1658 2752 193 61 Leben
1891 2754 224 63 schwer,
2159 2756 200 61 Hören
2394 2756 96 62 Sie
2530 2757 205 61 endlich
2777 2757 116 70 auf,
2935 2767 55 51 in

766 2861 208 37 unsern
1014 2838 343 78 geheimsten
1399 2842 457 79 Empfindungen
1905 2870 73 35 zu
2027 2847 254 71 wühlen,
2331 2858 110 51 wie
2491 2858 87 53 ein
2620 2850 275 61 Sammler
2935 2860 55 51 in

765 2931 240 61 schönen
1047 2932 148 61 alten
1237 2933 235 63 Stoffen,
1515 2936 172 61 Denn
1729 2946 101 52 wir
1871 2938 180 61 lieben
2092 2941 348 72 Frankreich,
2482 2942 175 61 hören
2699 2944 146 71 Sie?,
2887 2954 103 51 wir

764 3022 181 61 lieben
986 3025 345 62 Frankreich,

844 3116 276 61 Cavrel:
1164 3118 122 62 Ihre
1326 3119 461 79 Anhänglichkeit

840 3209 214 61 Hans:
1096 3210 78 61 Ist
1214 3210 192 62 dumm
1447 3243 62 17 ■—
1550 3215 399 61 unverzeihlich
1992 3217 205 62 dumm.
2237 3219 166 61 Aber
2434 3228 81 52 sie
2547 3220 235 63 besteht.
2818 3222 168 62 Seien

762 3300 97 63 Sie
907 3302 316 72 zufrieden,
1280 3304 110 61 daß
1438 3314 102 51 wir
1587 3316 80 52 sie
1715 3308 170 61 Ihnen
1936 3327 258 45 umsonst
2241 3312 195 76 geben.
2498 3313 171 62 Denn
2719 3314 120 73 Sie,
2891 3316 96 62 Sie

764 3393 166 62 holen
973 3420 108 37 uns
1123 3406 90 52 nie
1253 3401 219 58 zurück.

839 3488 256 64 Simon:
1137 3491 197 61 Wenn
1377 3501 103 52 wir
1531 3493 326 73 fortfahren,
1905 3496 268 62 Kulissen
2214 3523 74 37 zu
2330 3500 270 71 schieben,
2650 3519 128 44 statt
2817 3526 170 39 unser

761 3581 169 62 Haus
981 3582 90 61 für
1120 3585 235 77 Angriff
1397 3586 117 61 und
1564 3587 411 79 Verteidigung
2023 3591 389 62 auszubauen.
2572 3595 133 61 Wir
2760 3596 225 63 können

762 3698 106 37 uns
910 3675 136 61 aber
1085 3678 227 62 ändern,

839 3768 276 62 Cavrel:
1159 3772 81 59 Ich
1273 3789 263 46 vertraue
1569 3774 108 61 auf
1702 3774 89 62 die
1827 3775 423 80 Gerechtigkeit,
2285 3779 382 64 Deutschland
2699 3784 142 60 wird
2876 3808 106 37 uns

760 3867 153 52 eines
955 3855 190 84 Tages
1187 3863 557 83 Elsaß*Lothringen
1785 3869 402 79 zurückgeben.
2247 3871 121 62 Für
2408 3873 109 61 den
2558 3876 170 71 Preis,
2770 3876 109 61 den
2921 3900 61 38 es

760 3968 142 44 wert
941 3962 85 53 ist.
1075 3956 186 62 Unter
1303 3984 127 38 uns:
1474 3971 102 51 wir
1616 3962 237 62 würden
1893 3963 163 77 jeden
2097 3965 150 61 Preis
2289 3966 288 63 bezahlen.

840 4045 212 63 Hans:
1080 4048 381 65 Deutschland
1479 4054 557 79 Elsaß*Lothringen
2063 4060 391 62 Umtauschen?
2481 4061 137 62 Nie.
2639 4062 96 63 Sie
2751 4064 231 62 müßten
