3517 4572
969 539 137 48 Rene
1130 537 232 50 Scßicßefe
1395 561 8 11 •
1440 538 155 48 Hans
1727 537 355 50 Scßnaßenfodo

2581 540 63 49 55

1044 798 453 65 DRITTER
1545 798 453 63 AUFZUG

1091 897 212 48 Zimmer
1334 902 90 43 wie
1457 902 61 42 im
1552 907 153 38 ersten
1736 896 216 59 Aufzug.

1122 975 326 60 Nachmittags
1481 980 62 42 im
1576 973 352 50 Hochsommer.

1129 1126 323 58 ERSTER
1488 1126 435 58 AUFTRITT

1260 1217 154 48 Klär.
1470 1216 320 52 Balthasar.

414 1317 93 56 (Sie
545 1320 145 44 sitzen
729 1312 172 50 wieder
940 1311 370 51 nebeneinander
1348 1312 85 47 auf
1460 1311 81 50 der
1573 1311 343 59 Klavierbank,
1952 1310 185 51 Rücken
2178 1330 106 31 zum
2327 1312 315 54 Instrument.)

488 1391 380 62 Balthasar;
914 1389 101 61 Du
1057 1389 193 78 spielst
1289 1390 141 60 nicht
1470 1389 157 61 mehr
1669 1413 66 37 so
1777 1405 117 61 gut.

487 1486 183 61 Klär;
714 1485 83 60 Ich
837 1484 113 61 will
991 1483 171 60 lieber
1203 1484 140 59 nicht
1376 1507 66 36 so
1474 1500 100 60 gut
1606 1484 209 77 spielen
1850 1481 118 62 und
2001 1481 167 61 dafür
2200 1490 220 52 meinen
2455 1481 186 61 Mann

412 1588 70 52 im
524 1579 167 60 Haus
733 1575 198 62 haben.

488 1670 373 63 Balthasar:
906 1670 121 60 Bist
1051 1669 77 61 du
1155 1669 160 71 böse,
1340 1693 169 38 wenn
1542 1670 76 60 ich
1654 1669 84 61 dir
1770 1691 154 54 sage,
1957 1668 111 62 daß
2102 1668 90 61 die
2227 1668 117 61 drei
2377 1668 268 70 Monate,

416 1766 86 59 die
543 1764 89 61 für
670 1764 113 61 dich
825 1787 68 38 so
934 1773 211 69 traurig
1184 1787 215 47 waren,
1441 1764 90 60 für
1571 1764 132 60 mich
1747 1772 124 53 eine
1912 1763 203 61 schöne
2154 1762 135 62 Zeit

487 1857 185 61 Klär:
714 1858 80 78 Ja,
836 1866 146 52 mein
1023 1858 194 77 Junge,
1258 1857 78 61 du
1378 1874 176 45 warst
1594 1857 129 61 sehr
1762 1874 100 61 gut
1902 1881 75 36 zu
2017 1865 120 53 mir.

484 1951 384 62 Balthasar:
914 1954 214 59 Davon
1170 1952 224 78 spreche
1435 1952 75 60 ich
1554 1952 156 61 nicht.

486 2045 185 61 Klär;
724 2045 196 61 Unser
959 2045 353 62 Musizieren
1362 2045 96 61 hat
1507 2054 101 51 mir
1648 2045 109 61 viel
1797 2044 367 79 geholfen...
2217 2046 161 60 Doch
2421 2046 224 60 manch«

409 2138 127 71 mal,
577 2161 169 38 wenn
788 2148 103 52 wir
931 2162 69 38 so
1041 2139 144 61 recht
1225 2148 73 52 im
1339 2138 133 77 Zug
1514 2161 214 48 waren,
1777 2138 202 61 bekam
2021 2139 76 60 ich
2138 2138 249 79 plötzlich
2431 2138 214 79 Angst,

411 2233 73 60 ich
525 2233 199 61 würde
765 2233 370 78 wahnsinnig.
1179 2233 80 61 Ich
1303 2232 201 61 bekam
1545 2233 194 76 Angst
1778 2256 108 37 vor
1926 2242 103 51 mir
2069 2233 191 61 selbst.

484 2326 377 62 Balthasar:
908 2326 82 62 So
1032 2326 133 61 wild
1206 2326 200 61 wurde
1447 2326 89 61 die
1575 2327 182 60 sanfte
1795 2325 209 63 blonde
2045 2326 174 63 Frau.

482 2420 184 61 Klär:
710 2421 83 61 So
834 2420 363 62 verzweifelt.
1242 2419 141 62 Und
1418 2420 150 61 dazu
1601 2429 54 52 in
1689 2429 152 53 einer
1872 2421 135 70 Art,
2041 2420 90 62 die
2164 2421 134 61 mich
2333 2420 312 79 irgendwie

406 2513 243 78 bösartig
690 2516 302 60 entzückte.

480 2608 376 61 Balthasar:
898 2609 82 60 Ich
1021 2606 177 63 fühlte
1240 2631 61 36 es
1340 2606 170 63 wohl.
1555 2606 82 61 Ich
1678 2606 135 63 muß
1855 2606 82 63 dir
1977 2608 254 77 gestehn,
2274 2608 110 61 daß
2418 2631 61 38 es
2515 2617 124 62 mir,

406 2725 163 36 wenn
611 2703 75 60 ich
729 2726 68 37 so
837 2702 183 61 neben
1063 2700 83 61 dir
1187 2702 120 70 saß,
1348 2699 113 61 kalt
1502 2700 107 63 den
1651 2700 224 61 Rücken
1917 2700 371 63 hinunterlief.

482 2796 184 61 Klär:
718 2796 201 61 Weißt
974 2794 78 61 du
1100 2819 151 47 was.
1300 2794 204 78 Junge?
1568 2794 83 60 Ich
1707 2793 231 79 glaube,
1997 2793 110 64 daß
2164 2796 77 61 ich
2299 2805 55 52 in
2413 2796 223 61 solchen

406 2888 420 78 Augenblicken
859 2888 127 61 dem
1013 2888 213 61 Wesen
1267 2897 210 52 meines
1509 2888 252 61 Mannes
1804 2887 147 62 nahe
1990 2888 148 70 kam,
2171 2897 110 54 wie
2314 2897 91 52 nie
2436 2913 201 36 zuvor.

480 2982 357 61 Balthasar
878 2990 265 56 (lächelnd):
1190 2981 158 62 Weil
1391 2981 78 61 du
1510 2981 143 61 böse
1695 2982 204 61 warst?

479 3075 84 61 KI
574 3085 89 51 är:
723 3076 479 61 Leidenschaftlich
1259 3076 143 60 böse
1559 3075 118 61 und
1731 3076 134 60 mich
1908 3075 166 62 dabei
2124 3075 303 79 irgendwie
2469 3076 167 61 schön

407 3167 188 64 fühlte.
639 3172 81 59 Ich
762 3170 148 61 kann
950 3179 103 52 mir
1094 3169 239 70 denken,
1367 3168 109 62 daß
1510 3193 130 37 man
1676 3193 87 47 so,
1797 3179 110 52 wie
1940 3170 109 60 auf
2074 3178 153 53 einer
2258 3168 379 70 Rutschbahn,

406 3269 53 52 in
500 3263 107 61 den
648 3259 133 66 Tod
822 3263 173 71 fährt,
1046 3263 149 61 ohne
1235 3262 127 77 jede
1402 3262 211 62 andere
1654 3263 423 78 Ergriffenheit,
2126 3263 83 61 als
2260 3272 162 52 einen
2464 3285 175 38 won*

407 3362 159 69 nigen
607 3357 327 62 Schwindel.

479 3447 379 65 Balthasar:
900 3451 134 61 Aus
1077 3450 98 62 der
1218 3448 247 79 Gegend
1505 3448 127 61 kam
1674 3450 168 59 schon
1881 3450 112 59 viel
2034 3447 185 64 starke
2260 3447 219 61 Musik.

480 3541 185 64 Klär;
709 3544 126 62 Wo
877 3544 90 61 die
999 3544 165 62 Seele
1204 3542 167 61 durch
1411 3542 110 61 den
1554 3542 271 61 schmalen
1860 3541 240 62 Streifen
2140 3541 190 78 gleitet
2361 3541 276 62 zwischen

406 3628 123 83 Tag
577 3638 117 61 und
733 3639 205 61 Nacht.
988 3638 127 62 Wo
1157 3647 103 50 wir
1310 3636 326 61 aufwachen
1687 3635 116 61 und
1851 3634 242 62 sterben.
2145 3635 185 61 Sicher
2375 3635 261 61 wachsen

408 3724 123 64 dort
563 3729 90 62 die
685 3732 277 62 stärksten
996 3730 269 63 Gefühle,
1301 3728 198 62 Wenn
1533 3729 75 60 ich
1644 3728 199 70 denke,
1876 3727 220 62 wieviel
2129 3728 201 61 Musik
2363 3728 75 61 ich
2472 3729 166 60 schon

407 3819 193 74 gehört
648 3824 117 61 und
812 3824 175 63 selbst
1033 3823 183 80 tapfer
1262 3823 345 76 mitgemacht
1656 3821 172 71 habe,
1879 3821 118 61 und
2037 3819 111 64 daß
2190 3822 76 61 ich
2308 3821 192 71 dabei,
2551 3822 83 62 bis

407 3932 103 41 vor
549 3925 215 71 einigen
806 3918 287 72 Wochen,
1141 3941 117 38 von
1306 3916 143 62 ihrer
1498 3915 353 78 eigentlichen
1891 3915 166 61 Kraft
2102 3915 383 63 vollkommen
2526 3940 113 38 un«

408 4002 227 68 berührt
672 4012 107 75 geh
783 4012 180 61 lieben
1004 4035 122 38 war
