<?xml version="1.0" encoding="UTF-8"?>
<alto xmlns:xsi="http://www.w3.org/2001/XMLSchema-instance" xmlns="http://www.loc.gov/standards/alto/ns-v2#" xsi:schemaLocation="http://www.loc.gov/standards/alto/ns-v2# http://www.loc.gov/standards/alto/v2/alto-2-0.xsd" xmlns:xlink="http://www.w3.org/1999/xlink">
	<Description>
		<MeasurementUnit>mm10</MeasurementUnit>
		<sourceImageInformation>
			<fileName>./bmtnabr_1916-01_01_0035.jp2</fileName>
		</sourceImageInformation>
		<OCRProcessing ID="OCRPROCESSING_1">
			<preProcessingStep>
				<processingSoftware>
					<softwareCreator>CCS Content Conversion Specialists GmbH, Germany</softwareCreator>
					<softwareName>CCS docWorks</softwareName>
					<softwareVersion>6.8-1.27</softwareVersion>
				</processingSoftware>
			</preProcessingStep>
			<ocrProcessingStep>
				<processingSoftware>
					<softwareCreator>ABBYY (BIT Software), Russia</softwareCreator>
					<softwareName>FineReader</softwareName>
					<softwareVersion>11.0</softwareVersion>
				</processingSoftware>
			</ocrProcessingStep>
			<postProcessingStep>
				<processingSoftware>
					<softwareCreator>CCS Content Conversion Specialists GmbH, Germany</softwareCreator>
					<softwareName>CCS docWorks</softwareName>
					<softwareVersion>6.8-1.27</softwareVersion>
					<applicationDescription>docWorks: Text modified manually, or automatically replaced</applicationDescription>
				</processingSoftware>
			</postProcessingStep>
		</OCRProcessing>
	</Description>
	<Styles>
		<TextStyle ID="TXT_0" FONTSIZE="17" FONTFAMILY="Times New Roman" FONTSTYLE="bold italics"/>
		<TextStyle ID="TXT_1" FONTSIZE="7" FONTFAMILY="Times New Roman"/>
		<TextStyle ID="TXT_2" FONTSIZE="36" FONTFAMILY="Times New Roman"/>
		<TextStyle ID="TXT_3" FONTSIZE="21" FONTFAMILY="Times New Roman"/>
		<TextStyle ID="TXT_4" FONTSIZE="17" FONTFAMILY="Times New Roman"/>
		<ParagraphStyle ID="PAR_LEFT" ALIGN="Left"/>
		<ParagraphStyle ID="PAR_RIGHT" ALIGN="Right"/>
		<ParagraphStyle ID="PAR_BLOCK" ALIGN="Block"/>
	</Styles>
	<Layout>
		<Page ID="P35" PHYSICAL_IMG_NR="35" HEIGHT="4572" WIDTH="3468" PRINTED_IMG_NR="35" PC="0.939">
			<TopMargin ID="P35_TM00001" HPOS="0" VPOS="0" WIDTH="3468" HEIGHT="608">
				<TextBlock ID="P35_TB00001" HPOS="992" VPOS="546" WIDTH="1119" HEIGHT="54" STYLEREFS="TXT_0 PAR_LEFT">
					<TextLine ID="P35_TL00001" HPOS="993" VPOS="547" WIDTH="1118" HEIGHT="53">
						<String ID="P35_ST00001" HPOS="993" VPOS="549" WIDTH="136" HEIGHT="47" CONTENT="Rene" WC="1.00" CC="0000"/>
						<SP ID="P35_SP00001" HPOS="1129" VPOS="596" WIDTH="30"/>
						<String ID="P35_ST00002" HPOS="1159" VPOS="547" WIDTH="230" HEIGHT="49" CONTENT="SSicßefe" WC="0.57" CC="69604060"/>
						<SP ID="P35_SP00002" HPOS="1389" VPOS="596" WIDTH="35"/>
						<String ID="P35_ST00003" HPOS="1424" VPOS="571" WIDTH="7" HEIGHT="12" CONTENT="■" WC="0.57" CC="4" STYLEREFS="TXT_1"/>
						<SP ID="P35_SP00003" HPOS="1431" VPOS="596" WIDTH="37"/>
						<String ID="P35_ST00004" HPOS="1468" VPOS="549" WIDTH="155" HEIGHT="48" CONTENT="Hans" WC="1.00" CC="0000"/>
						<SP ID="P35_SP00004" HPOS="1623" VPOS="597" WIDTH="32"/>
						<String ID="P35_ST00005" HPOS="1655" VPOS="555" WIDTH="67" HEIGHT="43" CONTENT="im" WC="0.98" CC="00"/>
						<SP ID="P35_SP00005" HPOS="1722" VPOS="598" WIDTH="33"/>
						<String ID="P35_ST00006" HPOS="1755" VPOS="549" WIDTH="356" HEIGHT="51" CONTENT="SSnaßenCoS" WC="0.58" CC="7900400739"/>
					</TextLine>
				</TextBlock>
				<TextBlock ID="P35_TB00002" HPOS="2607" VPOS="555" WIDTH="64" HEIGHT="50" STYLEREFS="TXT_2 PAR_RIGHT">
					<TextLine ID="P35_TL00002" HPOS="2607" VPOS="555" WIDTH="64" HEIGHT="50">
						<String ID="P35_ST00007" HPOS="2607" VPOS="555" WIDTH="64" HEIGHT="50" CONTENT="35" WC="1.00" CC="00"/>
					</TextLine>
				</TextBlock>
			</TopMargin>
			<LeftMargin ID="P35_LM00001" HPOS="0" VPOS="608" WIDTH="429" HEIGHT="3746"/>
			<RightMargin ID="P35_RM00001" HPOS="3419" VPOS="608" WIDTH="49" HEIGHT="3746"/>
			<BottomMargin ID="P35_BM00001" HPOS="0" VPOS="4354" WIDTH="3468" HEIGHT="218"/>
			<PrintSpace ID="P35_PS00001" HPOS="429" VPOS="608" WIDTH="2990" HEIGHT="3746">
				<TextBlock ID="P35_TB00003" HPOS="429" VPOS="730" WIDTH="2246" HEIGHT="3356" STYLEREFS="TXT_3 PAR_BLOCK">
					<TextLine ID="P35_TL00003" HPOS="520" VPOS="732" WIDTH="2152" HEIGHT="77">
						<String ID="P35_ST00008" HPOS="520" VPOS="741" WIDTH="270" HEIGHT="58" CONTENT="Louise:" WC="0.98" CC="0256034"/>
						<SP ID="P35_SP00006" HPOS="790" VPOS="799" WIDTH="42"/>
						<String ID="P35_ST00009" HPOS="832" VPOS="733" WIDTH="79" HEIGHT="76" CONTENT="Ja," WC="0.95" CC="544"/>
						<SP ID="P35_SP00007" HPOS="911" VPOS="809" WIDTH="42"/>
						<String ID="P35_ST00010" HPOS="953" VPOS="732" WIDTH="136" HEIGHT="59" CONTENT="aber" WC="0.95" CC="4755"/>
						<SP ID="P35_SP00008" HPOS="1089" VPOS="809" WIDTH="40"/>
						<String ID="P35_ST00011" HPOS="1129" VPOS="755" WIDTH="59" HEIGHT="38" CONTENT="er" WC="0.66" CC="06"/>
						<SP ID="P35_SP00009" HPOS="1188" VPOS="809" WIDTH="42"/>
						<String ID="P35_ST00012" HPOS="1230" VPOS="733" WIDTH="176" HEIGHT="60" CONTENT="macht" WC="0.96" CC="04794"/>
						<SP ID="P35_SP00010" HPOS="1406" VPOS="809" WIDTH="38"/>
						<String ID="P35_ST00013" HPOS="1444" VPOS="732" WIDTH="198" HEIGHT="61" CONTENT="keinen" WC="0.97" CC="706762"/>
						<SP ID="P35_SP00011" HPOS="1642" VPOS="809" WIDTH="36"/>
						<String ID="P35_ST00014" HPOS="1678" VPOS="733" WIDTH="302" HEIGHT="62" CONTENT="Gebrauch" WC="0.98" CC="60960697"/>
						<SP ID="P35_SP00012" HPOS="1980" VPOS="809" WIDTH="43"/>
						<String ID="P35_ST00015" HPOS="2023" VPOS="736" WIDTH="207" HEIGHT="62" CONTENT="davon." WC="0.98" CC="802023"/>
						<SP ID="P35_SP00013" HPOS="2230" VPOS="809" WIDTH="45"/>
						<String ID="P35_ST00016" HPOS="2275" VPOS="738" WIDTH="86" HEIGHT="60" CONTENT="Er" WC="0.50" CC="45"/>
						<SP ID="P35_SP00014" HPOS="2361" VPOS="809" WIDTH="41"/>
						<String ID="P35_ST00017" HPOS="2402" VPOS="748" WIDTH="68" HEIGHT="51" CONTENT="ist" WC="0.96" CC="505"/>
						<SP ID="P35_SP00015" HPOS="2470" VPOS="809" WIDTH="33"/>
						<String ID="P35_ST00018" HPOS="2503" VPOS="739" WIDTH="169" HEIGHT="64" CONTENT="heute" WC="0.98" CC="72050"/>
					</TextLine>
					<TextLine ID="P35_TL00004" HPOS="445" VPOS="826" WIDTH="2227" HEIGHT="77">
						<String ID="P35_ST00019" HPOS="445" VPOS="831" WIDTH="132" HEIGHT="61" CONTENT="noch" WC="0.98" CC="4300"/>
						<SP ID="P35_SP00016" HPOS="577" VPOS="892" WIDTH="43"/>
						<String ID="P35_ST00020" HPOS="620" VPOS="851" WIDTH="65" HEIGHT="37" CONTENT="so" WC="0.48" CC="54"/>
						<SP ID="P35_SP00017" HPOS="685" VPOS="892" WIDTH="43"/>
						<String ID="P35_ST00021" HPOS="728" VPOS="850" WIDTH="137" HEIGHT="44" CONTENT="arm," WC="0.97" CC="0634"/>
						<SP ID="P35_SP00018" HPOS="865" VPOS="894" WIDTH="42"/>
						<String ID="P35_ST00022" HPOS="907" VPOS="833" WIDTH="109" HEIGHT="51" CONTENT="wie" WC="0.96" CC="730"/>
						<SP ID="P35_SP00019" HPOS="1016" VPOS="894" WIDTH="43"/>
						<String ID="P35_ST00023" HPOS="1059" VPOS="847" WIDTH="59" HEIGHT="37" CONTENT="er" WC="0.48" CC="45"/>
						<SP ID="P35_SP00020" HPOS="1118" VPOS="894" WIDTH="39"/>
						<String ID="P35_ST00024" HPOS="1157" VPOS="847" WIDTH="107" HEIGHT="37" CONTENT="vor" WC="0.99" CC="020"/>
						<SP ID="P35_SP00021" HPOS="1264" VPOS="894" WIDTH="41"/>
						<String ID="P35_ST00025" HPOS="1305" VPOS="833" WIDTH="256" HEIGHT="69" CONTENT="zwanzig" WC="0.97" CC="7900757"/>
						<SP ID="P35_SP00022" HPOS="1561" VPOS="902" WIDTH="39"/>
						<String ID="P35_ST00026" HPOS="1600" VPOS="826" WIDTH="199" HEIGHT="77" CONTENT="Jahren" WC="0.98" CC="407600"/>
						<SP ID="P35_SP00023" HPOS="1799" VPOS="903" WIDTH="43"/>
						<String ID="P35_ST00027" HPOS="1842" VPOS="851" WIDTH="138" HEIGHT="47" CONTENT="war," WC="0.98" CC="0064"/>
						<SP ID="P35_SP00024" HPOS="1980" VPOS="903" WIDTH="45"/>
						<String ID="P35_ST00028" HPOS="2025" VPOS="828" WIDTH="116" HEIGHT="63" CONTENT="und" WC="0.92" CC="749"/>
						<SP ID="P35_SP00025" HPOS="2141" VPOS="903" WIDTH="41"/>
						<String ID="P35_ST00029" HPOS="2182" VPOS="852" WIDTH="106" HEIGHT="39" CONTENT="nur" WC="0.98" CC="600"/>
						<SP ID="P35_SP00026" HPOS="2288" VPOS="903" WIDTH="40"/>
						<String ID="P35_ST00030" HPOS="2328" VPOS="840" WIDTH="155" HEIGHT="52" CONTENT="seine" WC="0.98" CC="00650"/>
						<SP ID="P35_SP00027" HPOS="2483" VPOS="903" WIDTH="41"/>
						<String ID="P35_ST00031" HPOS="2524" VPOS="828" WIDTH="148" HEIGHT="65" CONTENT="Tra*" WC="0.61" CC="0509"/>
					</TextLine>
					<TextLine ID="P35_TL00005" HPOS="442" VPOS="917" WIDTH="2233" HEIGHT="78">
						<String ID="P35_ST00032" HPOS="442" VPOS="925" WIDTH="203" HEIGHT="60" CONTENT="banten" WC="0.58" CC="716404"/>
						<SP ID="P35_SP00028" HPOS="645" VPOS="985" WIDTH="50"/>
						<String ID="P35_ST00033" HPOS="695" VPOS="918" WIDTH="124" HEIGHT="61" CONTENT="sind" WC="1.00" CC="0000"/>
						<SP ID="P35_SP00029" HPOS="819" VPOS="985" WIDTH="47"/>
						<String ID="P35_ST00034" HPOS="866" VPOS="917" WIDTH="327" HEIGHT="61" CONTENT="Millionäre" WC="0.99" CC="0375053000"/>
						<SP ID="P35_SP00030" HPOS="1193" VPOS="985" WIDTH="48"/>
						<String ID="P35_ST00035" HPOS="1241" VPOS="918" WIDTH="324" HEIGHT="77" CONTENT="geworden." WC="0.99" CC="760050600"/>
						<SP ID="P35_SP00031" HPOS="1565" VPOS="995" WIDTH="52"/>
						<String ID="P35_ST00036" HPOS="1617" VPOS="918" WIDTH="292" HEIGHT="64" CONTENT="Vielleicht" WC="0.99" CC="3000006074"/>
						<SP ID="P35_SP00032" HPOS="1909" VPOS="995" WIDTH="48"/>
						<String ID="P35_ST00037" HPOS="1957" VPOS="931" WIDTH="70" HEIGHT="52" CONTENT="ist" WC="0.98" CC="005"/>
						<SP ID="P35_SP00033" HPOS="2027" VPOS="995" WIDTH="48"/>
						<String ID="P35_ST00038" HPOS="2075" VPOS="931" WIDTH="155" HEIGHT="54" CONTENT="seine" WC="1.00" CC="03000"/>
						<SP ID="P35_SP00034" HPOS="2230" VPOS="995" WIDTH="41"/>
						<String ID="P35_ST00039" HPOS="2271" VPOS="924" WIDTH="404" HEIGHT="63" CONTENT="Verderbtheit" WC="0.99" CC="103007707455"/>
					</TextLine>
					<TextLine ID="P35_TL00006" HPOS="442" VPOS="1010" WIDTH="2233" HEIGHT="79">
						<String ID="P35_ST00040" HPOS="442" VPOS="1015" WIDTH="132" HEIGHT="61" CONTENT="auch" WC="0.99" CC="0060"/>
						<SP ID="P35_SP00035" HPOS="574" VPOS="1076" WIDTH="42"/>
						<String ID="P35_ST00041" HPOS="616" VPOS="1035" WIDTH="104" HEIGHT="37" CONTENT="nur" WC="0.92" CC="666"/>
						<SP ID="P35_SP00036" HPOS="720" VPOS="1076" WIDTH="41"/>
						<String ID="P35_ST00042" HPOS="761" VPOS="1010" WIDTH="89" HEIGHT="61" CONTENT="die" WC="0.97" CC="060"/>
						<SP ID="P35_SP00037" HPOS="850" VPOS="1076" WIDTH="41"/>
						<String ID="P35_ST00043" HPOS="891" VPOS="1010" WIDTH="181" HEIGHT="76" CONTENT="Folge" WC="0.99" CC="24000"/>
						<SP ID="P35_SP00038" HPOS="1072" VPOS="1086" WIDTH="41"/>
						<String ID="P35_ST00044" HPOS="1113" VPOS="1019" WIDTH="184" HEIGHT="52" CONTENT="seines" WC="0.99" CC="052700"/>
						<SP ID="P35_SP00039" HPOS="1297" VPOS="1086" WIDTH="43"/>
						<String ID="P35_ST00045" HPOS="1340" VPOS="1034" WIDTH="74" HEIGHT="37" CONTENT="zu" WC="0.40" CC="65"/>
						<SP ID="P35_SP00040" HPOS="1414" VPOS="1086" WIDTH="42"/>
						<String ID="P35_ST00046" HPOS="1456" VPOS="1011" WIDTH="426" HEIGHT="78" CONTENT="weitgehenden" WC="0.99" CC="036500705047"/>
						<SP ID="P35_SP00041" HPOS="1882" VPOS="1089" WIDTH="41"/>
						<String ID="P35_ST00047" HPOS="1923" VPOS="1014" WIDTH="478" HEIGHT="65" CONTENT="Verständnisses" WC="1.00" CC="00006000020000"/>
						<SP ID="P35_SP00042" HPOS="2401" VPOS="1089" WIDTH="52"/>
						<String ID="P35_ST00048" HPOS="2453" VPOS="1018" WIDTH="90" HEIGHT="61" CONTENT="für" WC="0.96" CC="506"/>
						<SP ID="P35_SP00043" HPOS="2543" VPOS="1089" WIDTH="42"/>
						<String ID="P35_ST00049" HPOS="2585" VPOS="1019" WIDTH="90" HEIGHT="61" CONTENT="die" WC="0.98" CC="060"/>
					</TextLine>
					<TextLine ID="P35_TL00007" HPOS="443" VPOS="1104" WIDTH="2231" HEIGHT="70">
						<String ID="P35_ST00050" HPOS="443" VPOS="1106" WIDTH="327" HEIGHT="64" CONTENT="Schwächen" WC="1.00" CC="400000000"/>
						<SP ID="P35_SP00044" HPOS="770" VPOS="1170" WIDTH="41"/>
						<String ID="P35_ST00051" HPOS="811" VPOS="1113" WIDTH="182" HEIGHT="52" CONTENT="seiner" WC="0.98" CC="045254"/>
						<SP ID="P35_SP00045" HPOS="993" VPOS="1170" WIDTH="40"/>
						<String ID="P35_ST00052" HPOS="1033" VPOS="1104" WIDTH="287" HEIGHT="62" CONTENT="Freunde," WC="0.99" CC="46007004"/>
						<SP ID="P35_SP00046" HPOS="1320" VPOS="1170" WIDTH="46"/>
						<String ID="P35_ST00053" HPOS="1366" VPOS="1104" WIDTH="208" HEIGHT="62" CONTENT="Dieser" WC="0.99" CC="040035"/>
						<SP ID="P35_SP00047" HPOS="1574" VPOS="1170" WIDTH="40"/>
						<String ID="P35_ST00054" HPOS="1614" VPOS="1106" WIDTH="238" HEIGHT="63" CONTENT="Ansicht" WC="0.99" CC="1305006"/>
						<SP ID="P35_SP00048" HPOS="1852" VPOS="1170" WIDTH="39"/>
						<String ID="P35_ST00055" HPOS="1891" VPOS="1117" WIDTH="70" HEIGHT="53" CONTENT="ist" WC="0.98" CC="005"/>
						<SP ID="P35_SP00049" HPOS="1961" VPOS="1170" WIDTH="41"/>
						<String ID="P35_ST00056" HPOS="2002" VPOS="1119" WIDTH="147" HEIGHT="52" CONTENT="mein" WC="0.98" CC="0224"/>
						<SP ID="P35_SP00050" HPOS="2149" VPOS="1171" WIDTH="34"/>
						<String ID="P35_ST00057" HPOS="2183" VPOS="1110" WIDTH="277" HEIGHT="64" CONTENT="Mann,.." WC="0.99" CC="2000443"/>
						<SP ID="P35_SP00051" HPOS="2460" VPOS="1174" WIDTH="43"/>
						<String ID="P35_ST00058" HPOS="2503" VPOS="1113" WIDTH="171" HEIGHT="61" CONTENT="Seine" WC="0.98" CC="34406"/>
					</TextLine>
					<TextLine ID="P35_TL00008" HPOS="441" VPOS="1195" WIDTH="2230" HEIGHT="73">
						<String ID="P35_ST00059" HPOS="441" VPOS="1199" WIDTH="263" HEIGHT="64" CONTENT="Freunde" WC="0.99" CC="0706000"/>
						<SP ID="P35_SP00052" HPOS="704" VPOS="1263" WIDTH="18"/>
						<String ID="P35_ST00060" HPOS="722" VPOS="1198" WIDTH="179" HEIGHT="61" CONTENT="lieben" WC="0.98" CC="760730"/>
						<SP ID="P35_SP00053" HPOS="901" VPOS="1263" WIDTH="17"/>
						<String ID="P35_ST00061" HPOS="918" VPOS="1195" WIDTH="93" HEIGHT="61" CONTENT="ihn" WC="0.94" CC="276"/>
						<SP ID="P35_SP00054" HPOS="1011" VPOS="1263" WIDTH="19"/>
						<String ID="P35_ST00062" HPOS="1030" VPOS="1197" WIDTH="464" HEIGHT="62" CONTENT="leidenschaftlich." WC="1.00" CC="00600400006074000"/>
						<SP ID="P35_SP00055" HPOS="1494" VPOS="1263" WIDTH="15"/>
						<String ID="P35_ST00063" HPOS="1509" VPOS="1198" WIDTH="465" HEIGHT="65" CONTENT="Wahrscheinlich" WC="1.00" CC="70760000007100"/>
						<SP ID="P35_SP00056" HPOS="1974" VPOS="1263" WIDTH="20"/>
						<String ID="P35_ST00064" HPOS="1994" VPOS="1227" WIDTH="104" HEIGHT="38" CONTENT="aus" WC="0.98" CC="050"/>
						<SP ID="P35_SP00057" HPOS="2098" VPOS="1265" WIDTH="12"/>
						<String ID="P35_ST00065" HPOS="2110" VPOS="1203" WIDTH="321" HEIGHT="63" CONTENT="demselben" WC="0.99" CC="040007700"/>
						<SP ID="P35_SP00058" HPOS="2431" VPOS="1266" WIDTH="13"/>
						<String ID="P35_ST00066" HPOS="2444" VPOS="1206" WIDTH="227" HEIGHT="62" CONTENT="Grund." WC="0.98" CC="505503"/>
					</TextLine>
					<TextLine ID="P35_TL00009" HPOS="517" VPOS="1288" WIDTH="1000" HEIGHT="65">
						<String ID="P35_ST00067" HPOS="517" VPOS="1293" WIDTH="216" HEIGHT="60" CONTENT="Hans:" WC="0.97" CC="60355"/>
						<SP ID="P35_SP00059" HPOS="733" VPOS="1353" WIDTH="43"/>
						<String ID="P35_ST00068" HPOS="776" VPOS="1289" WIDTH="141" HEIGHT="60" CONTENT="Und" WC="0.95" CC="570"/>
						<SP ID="P35_SP00060" HPOS="917" VPOS="1353" WIDTH="41"/>
						<String ID="P35_ST00069" HPOS="958" VPOS="1288" WIDTH="90" HEIGHT="62" CONTENT="die" WC="0.97" CC="060"/>
						<SP ID="P35_SP00061" HPOS="1048" VPOS="1353" WIDTH="41"/>
						<String ID="P35_ST00070" HPOS="1089" VPOS="1289" WIDTH="232" HEIGHT="61" CONTENT="Frauen" WC="0.98" CC="357005"/>
						<SP ID="P35_SP00062" HPOS="1321" VPOS="1353" WIDTH="43"/>
						<String ID="P35_ST00071" HPOS="1364" VPOS="1292" WIDTH="153" HEIGHT="60" CONTENT="auch." WC="0.98" CC="00074"/>
					</TextLine>
					<TextLine ID="P35_TL00010" HPOS="516" VPOS="1383" WIDTH="2158" HEIGHT="82">
						<String ID="P35_ST00072" HPOS="516" VPOS="1387" WIDTH="273" HEIGHT="59" CONTENT="Louise:" WC="0.99" CC="5003003"/>
						<SP ID="P35_SP00063" HPOS="789" VPOS="1446" WIDTH="46"/>
						<String ID="P35_ST00073" HPOS="835" VPOS="1383" WIDTH="308" HEIGHT="61" CONTENT="Natürlich," WC="1.00" CC="0000600002"/>
						<SP ID="P35_SP00064" HPOS="1143" VPOS="1446" WIDTH="46"/>
						<String ID="P35_ST00074" HPOS="1189" VPOS="1385" WIDTH="114" HEIGHT="61" CONTENT="Die" WC="0.98" CC="040"/>
						<SP ID="P35_SP00065" HPOS="1303" VPOS="1446" WIDTH="33"/>
						<String ID="P35_ST00075" HPOS="1336" VPOS="1401" WIDTH="172" HEIGHT="61" CONTENT="guten" WC="0.98" CC="07400"/>
						<SP ID="P35_SP00066" HPOS="1508" VPOS="1462" WIDTH="35"/>
						<String ID="P35_ST00076" HPOS="1543" VPOS="1387" WIDTH="117" HEIGHT="60" CONTENT="und" WC="0.98" CC="040"/>
						<SP ID="P35_SP00067" HPOS="1660" VPOS="1462" WIDTH="34"/>
						<String ID="P35_ST00077" HPOS="1694" VPOS="1387" WIDTH="91" HEIGHT="62" CONTENT="die" WC="0.99" CC="002"/>
						<SP ID="P35_SP00068" HPOS="1785" VPOS="1462" WIDTH="34"/>
						<String ID="P35_ST00078" HPOS="1819" VPOS="1390" WIDTH="325" HEIGHT="73" CONTENT="schlechten,-" WC="1.00" CC="090000020014"/>
						<SP ID="P35_SP00069" HPOS="2144" VPOS="1463" WIDTH="39"/>
						<String ID="P35_ST00079" HPOS="2183" VPOS="1391" WIDTH="92" HEIGHT="62" CONTENT="die" WC="1.00" CC="010"/>
						<SP ID="P35_SP00070" HPOS="2275" VPOS="1463" WIDTH="32"/>
						<String ID="P35_ST00080" HPOS="2307" VPOS="1392" WIDTH="94" HEIGHT="61" CONTENT="ihn" WC="0.97" CC="070"/>
						<SP ID="P35_SP00071" HPOS="2401" VPOS="1463" WIDTH="33"/>
						<String ID="P35_ST00081" HPOS="2434" VPOS="1392" WIDTH="240" HEIGHT="73" CONTENT="kennen," WC="0.98" CC="4030554"/>
					</TextLine>
					<TextLine ID="P35_TL00011" HPOS="443" VPOS="1476" WIDTH="2228" HEIGHT="85">
						<String ID="P35_ST00082" HPOS="443" VPOS="1479" WIDTH="115" HEIGHT="62" CONTENT="und" WC="0.96" CC="630"/>
						<SP ID="P35_SP00072" HPOS="558" VPOS="1541" WIDTH="56"/>
						<String ID="P35_ST00083" HPOS="614" VPOS="1477" WIDTH="90" HEIGHT="60" CONTENT="die" WC="0.98" CC="050"/>
						<SP ID="P35_SP00073" HPOS="704" VPOS="1541" WIDTH="56"/>
						<String ID="P35_ST00084" HPOS="760" VPOS="1476" WIDTH="92" HEIGHT="61" CONTENT="ihn" WC="0.95" CC="570"/>
						<SP ID="P35_SP00074" HPOS="852" VPOS="1541" WIDTH="58"/>
						<String ID="P35_ST00085" HPOS="910" VPOS="1477" WIDTH="139" HEIGHT="60" CONTENT="nicht" WC="0.99" CC="02003"/>
						<SP ID="P35_SP00075" HPOS="1049" VPOS="1541" WIDTH="55"/>
						<String ID="P35_ST00086" HPOS="1104" VPOS="1477" WIDTH="236" HEIGHT="61" CONTENT="kennen." WC="0.99" CC="0040012"/>
						<SP ID="P35_SP00076" HPOS="1340" VPOS="1541" WIDTH="57"/>
						<String ID="P35_ST00087" HPOS="1397" VPOS="1479" WIDTH="167" HEIGHT="61" CONTENT="Auch" WC="1.00" CC="0000"/>
						<SP ID="P35_SP00077" HPOS="1564" VPOS="1541" WIDTH="48"/>
						<String ID="P35_ST00088" HPOS="1612" VPOS="1504" WIDTH="118" HEIGHT="38" CONTENT="von" WC="0.97" CC="042"/>
						<SP ID="P35_SP00078" HPOS="1730" VPOS="1542" WIDTH="50"/>
						<String ID="P35_ST00089" HPOS="1780" VPOS="1491" WIDTH="194" HEIGHT="52" CONTENT="seinen" WC="0.99" CC="000106"/>
						<SP ID="P35_SP00079" HPOS="1974" VPOS="1543" WIDTH="51"/>
						<String ID="P35_ST00090" HPOS="2025" VPOS="1482" WIDTH="273" HEIGHT="79" CONTENT="Gegnern" WC="1.00" CC="0000070"/>
						<SP ID="P35_SP00080" HPOS="2298" VPOS="1561" WIDTH="56"/>
						<String ID="P35_ST00091" HPOS="2354" VPOS="1487" WIDTH="193" HEIGHT="61" CONTENT="wüßte" WC="0.99" CC="00440"/>
						<SP ID="P35_SP00081" HPOS="2547" VPOS="1561" WIDTH="49"/>
						<String ID="P35_ST00092" HPOS="2596" VPOS="1489" WIDTH="75" HEIGHT="59" CONTENT="ich" WC="0.98" CC="400"/>
					</TextLine>
					<TextLine ID="P35_TL00012" HPOS="443" VPOS="1567" WIDTH="991" HEIGHT="74">
						<String ID="P35_ST00093" HPOS="443" VPOS="1571" WIDTH="213" HEIGHT="70" CONTENT="keinen," WC="0.98" CC="0543504"/>
						<SP ID="P35_SP00082" HPOS="656" VPOS="1641" WIDTH="41"/>
						<String ID="P35_ST00094" HPOS="697" VPOS="1569" WIDTH="100" HEIGHT="61" CONTENT="der" WC="0.97" CC="006"/>
						<SP ID="P35_SP00083" HPOS="797" VPOS="1641" WIDTH="40"/>
						<String ID="P35_ST00095" HPOS="837" VPOS="1567" WIDTH="93" HEIGHT="61" CONTENT="ihn" WC="0.94" CC="275"/>
						<SP ID="P35_SP00084" HPOS="930" VPOS="1641" WIDTH="43"/>
						<String ID="P35_ST00096" HPOS="973" VPOS="1569" WIDTH="234" HEIGHT="61" CONTENT="wirklich" WC="0.99" CC="04507300"/>
						<SP ID="P35_SP00085" HPOS="1207" VPOS="1641" WIDTH="44"/>
						<String ID="P35_ST00097" HPOS="1251" VPOS="1570" WIDTH="183" HEIGHT="62" CONTENT="haßte." WC="0.98" CC="708004"/>
					</TextLine>
					<TextLine ID="P35_TL00013" HPOS="516" VPOS="1663" WIDTH="2158" HEIGHT="85">
						<String ID="P35_ST00098" HPOS="516" VPOS="1665" WIDTH="211" HEIGHT="60" CONTENT="Hans:" WC="0.99" CC="00305"/>
						<SP ID="P35_SP00086" HPOS="727" VPOS="1725" WIDTH="43"/>
						<String ID="P35_ST00099" HPOS="770" VPOS="1663" WIDTH="81" HEIGHT="59" CONTENT="Ich" WC="0.95" CC="409"/>
						<SP ID="P35_SP00087" HPOS="851" VPOS="1725" WIDTH="43"/>
						<String ID="P35_ST00100" HPOS="894" VPOS="1663" WIDTH="146" HEIGHT="61" CONTENT="finde" WC="0.99" CC="61000"/>
						<SP ID="P35_SP00088" HPOS="1040" VPOS="1725" WIDTH="42"/>
						<String ID="P35_ST00101" HPOS="1082" VPOS="1687" WIDTH="61" HEIGHT="38" CONTENT="es" WC="1.00" CC="00"/>
						<SP ID="P35_SP00089" HPOS="1143" VPOS="1725" WIDTH="35"/>
						<String ID="P35_ST00102" HPOS="1178" VPOS="1665" WIDTH="185" HEIGHT="71" CONTENT="schön," WC="0.99" CC="000164"/>
						<SP ID="P35_SP00090" HPOS="1363" VPOS="1736" WIDTH="36"/>
						<String ID="P35_ST00103" HPOS="1399" VPOS="1665" WIDTH="109" HEIGHT="61" CONTENT="daß" WC="1.00" CC="000"/>
						<SP ID="P35_SP00091" HPOS="1508" VPOS="1736" WIDTH="33"/>
						<String ID="P35_ST00104" HPOS="1541" VPOS="1667" WIDTH="282" HEIGHT="78" CONTENT="politische" WC="1.00" CC="0072060000"/>
						<SP ID="P35_SP00092" HPOS="1823" VPOS="1745" WIDTH="35"/>
						<String ID="P35_ST00105" HPOS="1858" VPOS="1669" WIDTH="235" HEIGHT="79" CONTENT="Gegner" WC="0.99" CC="400036"/>
						<SP ID="P35_SP00093" HPOS="2093" VPOS="1748" WIDTH="33"/>
						<String ID="P35_ST00106" HPOS="2126" VPOS="1672" WIDTH="267" HEIGHT="62" CONTENT="einander" WC="0.99" CC="02450006"/>
						<SP ID="P35_SP00094" HPOS="2393" VPOS="1748" WIDTH="32"/>
						<String ID="P35_ST00107" HPOS="2425" VPOS="1673" WIDTH="84" HEIGHT="61" CONTENT="bis" WC="0.95" CC="760"/>
						<SP ID="P35_SP00095" HPOS="2509" VPOS="1748" WIDTH="35"/>
						<String ID="P35_ST00108" HPOS="2544" VPOS="1674" WIDTH="130" HEIGHT="61" CONTENT="aufs" WC="1.00" CC="0000"/>
					</TextLine>
					<TextLine ID="P35_TL00014" HPOS="442" VPOS="1755" WIDTH="2232" HEIGHT="79">
						<String ID="P35_ST00109" HPOS="442" VPOS="1758" WIDTH="226" HEIGHT="60" CONTENT="Messer" WC="0.99" CC="000006"/>
						<SP ID="P35_SP00096" HPOS="668" VPOS="1818" WIDTH="40"/>
						<String ID="P35_ST00110" HPOS="708" VPOS="1755" WIDTH="354" HEIGHT="79" CONTENT="bekämpfen," WC="0.99" CC="0020050454"/>
						<SP ID="P35_SP00097" HPOS="1062" VPOS="1834" WIDTH="43"/>
						<String ID="P35_ST00111" HPOS="1105" VPOS="1757" WIDTH="150" HEIGHT="62" CONTENT="ohne" WC="0.98" CC="0702"/>
						<SP ID="P35_SP00098" HPOS="1255" VPOS="1834" WIDTH="42"/>
						<String ID="P35_ST00112" HPOS="1297" VPOS="1782" WIDTH="71" HEIGHT="37" CONTENT="an" WC="0.78" CC="04"/>
						<SP ID="P35_SP00099" HPOS="1368" VPOS="1834" WIDTH="43"/>
						<String ID="P35_ST00113" HPOS="1411" VPOS="1759" WIDTH="174" HEIGHT="62" CONTENT="ihrem" WC="0.98" CC="27500"/>
						<SP ID="P35_SP00100" HPOS="1585" VPOS="1834" WIDTH="41"/>
						<String ID="P35_ST00114" HPOS="1626" VPOS="1762" WIDTH="391" HEIGHT="62" CONTENT="menschlichen" WC="1.00" CC="000000720006"/>
						<SP ID="P35_SP00101" HPOS="2017" VPOS="1834" WIDTH="33"/>
						<String ID="P35_ST00115" HPOS="2050" VPOS="1763" WIDTH="329" HEIGHT="64" CONTENT="Verhältnis" WC="1.00" CC="0007004060"/>
						<SP ID="P35_SP00102" HPOS="2379" VPOS="1834" WIDTH="43"/>
						<String ID="P35_ST00116" HPOS="2422" VPOS="1766" WIDTH="252" HEIGHT="62" CONTENT="Schaden" WC="1.00" CC="2000004"/>
					</TextLine>
					<TextLine ID="P35_TL00015" HPOS="441" VPOS="1848" WIDTH="366" HEIGHT="64">
						<String ID="P35_ST00117" HPOS="441" VPOS="1874" WIDTH="71" HEIGHT="38" CONTENT="zu" WC="0.36" CC="65"/>
						<SP ID="P35_SP00103" HPOS="512" VPOS="1912" WIDTH="41"/>
						<String ID="P35_ST00118" HPOS="553" VPOS="1848" WIDTH="254" HEIGHT="64" CONTENT="nehmen," WC="0.98" CC="4072422"/>
					</TextLine>
					<TextLine ID="P35_TL00016" HPOS="515" VPOS="1943" WIDTH="2157" HEIGHT="83">
						<String ID="P35_ST00119" HPOS="515" VPOS="1943" WIDTH="273" HEIGHT="61" CONTENT="Louise:" WC="1.00" CC="0002003"/>
						<SP ID="P35_SP00104" HPOS="788" VPOS="2004" WIDTH="43"/>
						<String ID="P35_ST00120" HPOS="831" VPOS="1943" WIDTH="86" HEIGHT="61" CONTENT="Es" WC="0.65" CC="70"/>
						<SP ID="P35_SP00105" HPOS="917" VPOS="2004" WIDTH="45"/>
						<String ID="P35_ST00121" HPOS="962" VPOS="1952" WIDTH="71" HEIGHT="52" CONTENT="ist" WC="0.99" CC="003"/>
						<SP ID="P35_SP00106" HPOS="1033" VPOS="2004" WIDTH="39"/>
						<String ID="P35_ST00122" HPOS="1072" VPOS="1945" WIDTH="154" HEIGHT="61" CONTENT="wohl" WC="0.97" CC="0077"/>
						<SP ID="P35_SP00107" HPOS="1226" VPOS="2006" WIDTH="42"/>
						<String ID="P35_ST00123" HPOS="1268" VPOS="1946" WIDTH="157" HEIGHT="61" CONTENT="mehr" WC="0.97" CC="0076"/>
						<SP ID="P35_SP00108" HPOS="1425" VPOS="2007" WIDTH="41"/>
						<String ID="P35_ST00124" HPOS="1466" VPOS="1956" WIDTH="89" HEIGHT="52" CONTENT="ein" WC="0.97" CC="016"/>
						<SP ID="P35_SP00109" HPOS="1555" VPOS="2008" WIDTH="40"/>
						<String ID="P35_ST00125" HPOS="1595" VPOS="1948" WIDTH="510" HEIGHT="78" CONTENT="gesellschaftliches" WC="1.00" CC="000070007000720020"/>
						<SP ID="P35_SP00110" HPOS="2105" VPOS="2026" WIDTH="33"/>
						<String ID="P35_ST00126" HPOS="2138" VPOS="1950" WIDTH="534" HEIGHT="67" CONTENT="Übereinkommen," WC="0.99" CC="07360630200060"/>
					</TextLine>
					<TextLine ID="P35_TL00017" HPOS="441" VPOS="2036" WIDTH="2234" HEIGHT="88">
						<String ID="P35_ST00127" HPOS="441" VPOS="2036" WIDTH="137" HEIGHT="61" CONTENT="Und" WC="0.96" CC="640"/>
						<SP ID="P35_SP00111" HPOS="578" VPOS="2097" WIDTH="41"/>
						<String ID="P35_ST00128" HPOS="619" VPOS="2036" WIDTH="96" HEIGHT="61" CONTENT="hat" WC="0.96" CC="702"/>
						<SP ID="P35_SP00112" HPOS="715" VPOS="2097" WIDTH="40"/>
						<String ID="P35_ST00129" HPOS="755" VPOS="2037" WIDTH="134" HEIGHT="60" CONTENT="auch" WC="0.99" CC="3000"/>
						<SP ID="P35_SP00113" HPOS="889" VPOS="2097" WIDTH="43"/>
						<String ID="P35_ST00130" HPOS="932" VPOS="2036" WIDTH="110" HEIGHT="62" CONTENT="den" WC="0.98" CC="004"/>
						<SP ID="P35_SP00114" HPOS="1042" VPOS="2098" WIDTH="40"/>
						<String ID="P35_ST00131" HPOS="1082" VPOS="2039" WIDTH="281" HEIGHT="71" CONTENT="Nachteil," WC="0.99" CC="000030064"/>
						<SP ID="P35_SP00115" HPOS="1363" VPOS="2110" WIDTH="43"/>
						<String ID="P35_ST00132" HPOS="1406" VPOS="2040" WIDTH="111" HEIGHT="62" CONTENT="daß" WC="1.00" CC="000"/>
						<SP ID="P35_SP00116" HPOS="1517" VPOS="2110" WIDTH="42"/>
						<String ID="P35_ST00133" HPOS="1559" VPOS="2065" WIDTH="61" HEIGHT="37" CONTENT="es" WC="1.00" CC="00"/>
						<SP ID="P35_SP00117" HPOS="1620" VPOS="2110" WIDTH="41"/>
						<String ID="P35_ST00134" HPOS="1661" VPOS="2042" WIDTH="287" HEIGHT="61" CONTENT="allerhand" WC="0.99" CC="064066020"/>
						<SP ID="P35_SP00118" HPOS="1948" VPOS="2110" WIDTH="41"/>
						<String ID="P35_ST00135" HPOS="1989" VPOS="2044" WIDTH="546" HEIGHT="80" CONTENT="Zweideutigkeiten" WC="1.00" CC="6000006160026600"/>
						<SP ID="P35_SP00119" HPOS="2535" VPOS="2124" WIDTH="51"/>
						<String ID="P35_ST00136" HPOS="2586" VPOS="2048" WIDTH="89" HEIGHT="62" CONTENT="die" WC="0.98" CC="050"/>
					</TextLine>
					<TextLine ID="P35_TL00018" HPOS="441" VPOS="2126" WIDTH="2234" HEIGHT="80">
						<String ID="P35_ST00137" HPOS="441" VPOS="2126" WIDTH="151" HEIGHT="64" CONTENT="Türe" WC="0.97" CC="3064"/>
						<SP ID="P35_SP00120" HPOS="592" VPOS="2190" WIDTH="41"/>
						<String ID="P35_ST00138" HPOS="633" VPOS="2131" WIDTH="189" HEIGHT="61" CONTENT="öffnet." WC="0.99" CC="0660500"/>
						<SP ID="P35_SP00121" HPOS="822" VPOS="2192" WIDTH="47"/>
						<String ID="P35_ST00139" HPOS="869" VPOS="2131" WIDTH="213" HEIGHT="60" CONTENT="Keiner" WC="0.98" CC="004235"/>
						<SP ID="P35_SP00122" HPOS="1082" VPOS="2192" WIDTH="41"/>
						<String ID="P35_ST00140" HPOS="1123" VPOS="2131" WIDTH="133" HEIGHT="63" CONTENT="haßt" WC="0.98" CC="7000"/>
						<SP ID="P35_SP00123" HPOS="1256" VPOS="2194" WIDTH="33"/>
						<String ID="P35_ST00141" HPOS="1289" VPOS="2133" WIDTH="219" HEIGHT="73" CONTENT="Simon," WC="0.98" CC="620404"/>
						<SP ID="P35_SP00124" HPOS="1508" VPOS="2206" WIDTH="44"/>
						<String ID="P35_ST00142" HPOS="1552" VPOS="2135" WIDTH="135" HEIGHT="61" CONTENT="aber" WC="0.97" CC="0726"/>
						<SP ID="P35_SP00125" HPOS="1687" VPOS="2206" WIDTH="33"/>
						<String ID="P35_ST00143" HPOS="1720" VPOS="2135" WIDTH="107" HEIGHT="62" CONTENT="alle" WC="0.99" CC="0600"/>
						<SP ID="P35_SP00126" HPOS="1827" VPOS="2206" WIDTH="34"/>
						<String ID="P35_ST00144" HPOS="1861" VPOS="2136" WIDTH="245" HEIGHT="63" CONTENT="fürchten" WC="0.99" CC="60507302"/>
						<SP ID="P35_SP00127" HPOS="2106" VPOS="2206" WIDTH="34"/>
						<String ID="P35_ST00145" HPOS="2140" VPOS="2139" WIDTH="109" HEIGHT="62" CONTENT="ihn." WC="0.97" CC="6700"/>
						<SP ID="P35_SP00128" HPOS="2249" VPOS="2206" WIDTH="46"/>
						<String ID="P35_ST00146" HPOS="2295" VPOS="2141" WIDTH="80" HEIGHT="59" CONTENT="Ich" WC="1.00" CC="000"/>
						<SP ID="P35_SP00129" HPOS="2375" VPOS="2206" WIDTH="36"/>
						<String ID="P35_ST00147" HPOS="2411" VPOS="2140" WIDTH="146" HEIGHT="62" CONTENT="habe" WC="0.97" CC="7070"/>
						<SP ID="P35_SP00130" HPOS="2557" VPOS="2206" WIDTH="33"/>
						<String ID="P35_ST00148" HPOS="2590" VPOS="2141" WIDTH="85" HEIGHT="63" CONTENT="oft" WC="0.95" CC="245"/>
					</TextLine>
					<TextLine ID="P35_TL00019" HPOS="441" VPOS="2222" WIDTH="2234" HEIGHT="88">
						<String ID="P35_ST00149" HPOS="441" VPOS="2222" WIDTH="105" HEIGHT="60" CONTENT="den" WC="0.96" CC="055"/>
						<SP ID="P35_SP00131" HPOS="546" VPOS="2282" WIDTH="42"/>
						<String ID="P35_ST00150" HPOS="588" VPOS="2222" WIDTH="309" HEIGHT="72" CONTENT="Eindruck," WC="0.99" CC="050050074"/>
						<SP ID="P35_SP00132" HPOS="897" VPOS="2294" WIDTH="49"/>
						<String ID="P35_ST00151" HPOS="946" VPOS="2224" WIDTH="83" HEIGHT="61" CONTENT="als" WC="0.96" CC="460"/>
						<SP ID="P35_SP00133" HPOS="1029" VPOS="2294" WIDTH="42"/>
						<String ID="P35_ST00152" HPOS="1071" VPOS="2242" WIDTH="274" HEIGHT="46" CONTENT="warteten" WC="0.99" CC="02254442"/>
						<SP ID="P35_SP00134" HPOS="1345" VPOS="2294" WIDTH="42"/>
						<String ID="P35_ST00153" HPOS="1387" VPOS="2237" WIDTH="81" HEIGHT="51" CONTENT="sie" WC="0.99" CC="030"/>
						<SP ID="P35_SP00135" HPOS="1468" VPOS="2294" WIDTH="44"/>
						<String ID="P35_ST00154" HPOS="1512" VPOS="2228" WIDTH="229" HEIGHT="71" CONTENT="darauf," WC="0.99" CC="0060044"/>
						<SP ID="P35_SP00136" HPOS="1741" VPOS="2299" WIDTH="51"/>
						<String ID="P35_ST00155" HPOS="1792" VPOS="2228" WIDTH="109" HEIGHT="62" CONTENT="daß" WC="0.99" CC="020"/>
						<SP ID="P35_SP00137" HPOS="1901" VPOS="2299" WIDTH="42"/>
						<String ID="P35_ST00156" HPOS="1943" VPOS="2253" WIDTH="60" HEIGHT="38" CONTENT="er" WC="0.71" CC="05"/>
						<SP ID="P35_SP00138" HPOS="2003" VPOS="2299" WIDTH="38"/>
						<String ID="P35_ST00157" HPOS="2041" VPOS="2230" WIDTH="249" HEIGHT="80" CONTENT="plötzlich" WC="1.00" CC="000300007"/>
						<SP ID="P35_SP00139" HPOS="2290" VPOS="2310" WIDTH="45"/>
						<String ID="P35_ST00158" HPOS="2335" VPOS="2233" WIDTH="88" HEIGHT="61" CONTENT="die" WC="0.98" CC="050"/>
						<SP ID="P35_SP00140" HPOS="2423" VPOS="2310" WIDTH="41"/>
						<String ID="P35_ST00159" HPOS="2464" VPOS="2234" WIDTH="211" HEIGHT="62" CONTENT="Maske" WC="1.00" CC="00000"/>
					</TextLine>
					<TextLine ID="P35_TL00020" HPOS="443" VPOS="2315" WIDTH="2232" HEIGHT="75">
						<String ID="P35_ST00160" HPOS="443" VPOS="2315" WIDTH="162" HEIGHT="61" CONTENT="fallen" WC="0.97" CC="677606"/>
						<SP ID="P35_SP00141" HPOS="605" VPOS="2376" WIDTH="40"/>
						<String ID="P35_ST00161" HPOS="645" VPOS="2317" WIDTH="140" HEIGHT="61" CONTENT="ließe" WC="0.99" CC="60000"/>
						<SP ID="P35_SP00142" HPOS="785" VPOS="2378" WIDTH="43"/>
						<String ID="P35_ST00162" HPOS="828" VPOS="2318" WIDTH="118" HEIGHT="61" CONTENT="und" WC="0.98" CC="600"/>
						<SP ID="P35_SP00143" HPOS="946" VPOS="2379" WIDTH="41"/>
						<String ID="P35_ST00163" HPOS="987" VPOS="2318" WIDTH="165" HEIGHT="61" CONTENT="ihnen" WC="0.99" CC="07020"/>
						<SP ID="P35_SP00144" HPOS="1152" VPOS="2379" WIDTH="34"/>
						<String ID="P35_ST00164" HPOS="1186" VPOS="2319" WIDTH="110" HEIGHT="61" CONTENT="den" WC="0.98" CC="005"/>
						<SP ID="P35_SP00145" HPOS="1296" VPOS="2380" WIDTH="33"/>
						<String ID="P35_ST00165" HPOS="1329" VPOS="2321" WIDTH="130" HEIGHT="62" CONTENT="Fuß" WC="0.98" CC="400"/>
						<SP ID="P35_SP00146" HPOS="1459" VPOS="2383" WIDTH="42"/>
						<String ID="P35_ST00166" HPOS="1501" VPOS="2322" WIDTH="108" HEIGHT="61" CONTENT="auf" WC="0.96" CC="065"/>
						<SP ID="P35_SP00147" HPOS="1609" VPOS="2383" WIDTH="33"/>
						<String ID="P35_ST00167" HPOS="1642" VPOS="2322" WIDTH="110" HEIGHT="61" CONTENT="den" WC="0.99" CC="003"/>
						<SP ID="P35_SP00148" HPOS="1752" VPOS="2383" WIDTH="33"/>
						<String ID="P35_ST00168" HPOS="1785" VPOS="2323" WIDTH="238" HEIGHT="62" CONTENT="Nacken" WC="0.99" CC="000700"/>
						<SP ID="P35_SP00149" HPOS="2023" VPOS="2385" WIDTH="42"/>
						<String ID="P35_ST00169" HPOS="2065" VPOS="2342" WIDTH="192" HEIGHT="45" CONTENT="setzte." WC="0.99" CC="0037503"/>
						<SP ID="P35_SP00150" HPOS="2257" VPOS="2387" WIDTH="46"/>
						<String ID="P35_ST00170" HPOS="2303" VPOS="2327" WIDTH="189" HEIGHT="61" CONTENT="Dafür" WC="0.98" CC="05505"/>
						<SP ID="P35_SP00151" HPOS="2492" VPOS="2388" WIDTH="33"/>
						<String ID="P35_ST00171" HPOS="2525" VPOS="2328" WIDTH="150" HEIGHT="62" CONTENT="halte" WC="0.98" CC="73060"/>
					</TextLine>
					<TextLine ID="P35_TL00021" HPOS="440" VPOS="2409" WIDTH="2230" HEIGHT="82">
						<String ID="P35_ST00172" HPOS="440" VPOS="2411" WIDTH="73" HEIGHT="58" CONTENT="ich" WC="0.97" CC="600"/>
						<SP ID="P35_SP00152" HPOS="513" VPOS="2469" WIDTH="49"/>
						<String ID="P35_ST00173" HPOS="562" VPOS="2409" WIDTH="92" HEIGHT="61" CONTENT="ihn" WC="0.95" CC="560"/>
						<SP ID="P35_SP00153" HPOS="654" VPOS="2470" WIDTH="49"/>
						<String ID="P35_ST00174" HPOS="703" VPOS="2409" WIDTH="135" HEIGHT="63" CONTENT="aber" WC="0.97" CC="0744"/>
						<SP ID="P35_SP00154" HPOS="838" VPOS="2472" WIDTH="50"/>
						<String ID="P35_ST00175" HPOS="888" VPOS="2411" WIDTH="90" HEIGHT="61" CONTENT="für" WC="0.97" CC="204"/>
						<SP ID="P35_SP00155" HPOS="978" VPOS="2472" WIDTH="48"/>
						<String ID="P35_ST00176" HPOS="1026" VPOS="2436" WIDTH="74" HEIGHT="37" CONTENT="zu" WC="0.66" CC="60"/>
						<SP ID="P35_SP00156" HPOS="1100" VPOS="2473" WIDTH="50"/>
						<String ID="P35_ST00177" HPOS="1150" VPOS="2412" WIDTH="256" HEIGHT="79" CONTENT="bequem," WC="0.99" CC="0016300"/>
						<SP ID="P35_SP00157" HPOS="1406" VPOS="2491" WIDTH="46"/>
						<String ID="P35_ST00178" HPOS="1452" VPOS="2423" WIDTH="99" HEIGHT="55" CONTENT="&lt;Da" WC="0.45" CC="545" STYLEREFS="TXT_4"/>
						<SP ID="P35_SP00158" HPOS="1551" VPOS="2491" WIDTH="32"/>
						<String ID="P35_ST00179" HPOS="1583" VPOS="2425" WIDTH="136" HEIGHT="48" CONTENT="Hans" WC="0.98" CC="6040" STYLEREFS="TXT_4"/>
						<SP ID="P35_SP00159" HPOS="1719" VPOS="2491" WIDTH="34"/>
						<String ID="P35_ST00180" HPOS="1753" VPOS="2425" WIDTH="89" HEIGHT="49" CONTENT="sich" WC="0.95" CC="0778" STYLEREFS="TXT_4"/>
						<SP ID="P35_SP00160" HPOS="1842" VPOS="2491" WIDTH="35"/>
						<String ID="P35_ST00181" HPOS="1877" VPOS="2426" WIDTH="219" HEIGHT="57" CONTENT="umsieht)" WC="0.98" CC="66064707" STYLEREFS="TXT_4"/>
						<SP ID="P35_SP00161" HPOS="2096" VPOS="2491" WIDTH="48"/>
						<String ID="P35_ST00182" HPOS="2144" VPOS="2420" WIDTH="124" HEIGHT="61" CONTENT="Wir" WC="0.93" CC="944"/>
						<SP ID="P35_SP00162" HPOS="2268" VPOS="2491" WIDTH="47"/>
						<String ID="P35_ST00183" HPOS="2315" VPOS="2421" WIDTH="126" HEIGHT="61" CONTENT="sind" WC="0.99" CC="0060"/>
						<SP ID="P35_SP00163" HPOS="2441" VPOS="2491" WIDTH="48"/>
						<String ID="P35_ST00184" HPOS="2489" VPOS="2422" WIDTH="181" HEIGHT="62" CONTENT="allein." WC="0.99" CC="0070444"/>
					</TextLine>
					<TextLine ID="P35_TL00022" HPOS="512" VPOS="2503" WIDTH="2160" HEIGHT="88">
						<String ID="P35_ST00185" HPOS="512" VPOS="2503" WIDTH="213" HEIGHT="60" CONTENT="Hans:" WC="0.99" CC="60000"/>
						<SP ID="P35_SP00164" HPOS="725" VPOS="2563" WIDTH="53"/>
						<String ID="P35_ST00186" HPOS="778" VPOS="2505" WIDTH="299" HEIGHT="62" CONTENT="Danke.,," WC="0.99" CC="00000433"/>
						<SP ID="P35_SP00165" HPOS="1077" VPOS="2567" WIDTH="52"/>
						<String ID="P35_ST00187" HPOS="1129" VPOS="2506" WIDTH="216" HEIGHT="61" CONTENT="Sollten" WC="0.98" CC="0067430"/>
						<SP ID="P35_SP00166" HPOS="1345" VPOS="2567" WIDTH="51"/>
						<String ID="P35_ST00188" HPOS="1396" VPOS="2507" WIDTH="97" HEIGHT="62" CONTENT="Sie" WC="0.96" CC="550"/>
						<SP ID="P35_SP00167" HPOS="1493" VPOS="2569" WIDTH="48"/>
						<String ID="P35_ST00189" HPOS="1541" VPOS="2509" WIDTH="235" HEIGHT="62" CONTENT="wirklich" WC="1.00" CC="00300007"/>
						<SP ID="P35_SP00168" HPOS="1776" VPOS="2571" WIDTH="49"/>
						<String ID="P35_ST00190" HPOS="1825" VPOS="2510" WIDTH="198" HEIGHT="62" CONTENT="keinen" WC="0.98" CC="037407"/>
						<SP ID="P35_SP00169" HPOS="2023" VPOS="2572" WIDTH="49"/>
						<String ID="P35_ST00191" HPOS="2072" VPOS="2512" WIDTH="247" HEIGHT="79" CONTENT="Ehrgeiz" WC="0.98" CC="7760006"/>
						<SP ID="P35_SP00170" HPOS="2319" VPOS="2591" WIDTH="57"/>
						<String ID="P35_ST00192" HPOS="2376" VPOS="2514" WIDTH="183" HEIGHT="62" CONTENT="haben" WC="0.99" CC="00700"/>
						<SP ID="P35_SP00171" HPOS="2559" VPOS="2591" WIDTH="59"/>
						<String ID="P35_ST00193" HPOS="2618" VPOS="2525" WIDTH="54" HEIGHT="52" CONTENT="in" WC="0.68" CC="06"/>
					</TextLine>
					<TextLine ID="P35_TL00023" HPOS="436" VPOS="2595" WIDTH="2127" HEIGHT="91">
						<String ID="P35_ST00194" HPOS="436" VPOS="2596" WIDTH="183" HEIGHT="60" CONTENT="dieser" WC="0.97" CC="950057"/>
						<SP ID="P35_SP00172" HPOS="619" VPOS="2656" WIDTH="43"/>
						<String ID="P35_ST00195" HPOS="662" VPOS="2595" WIDTH="392" HEIGHT="74" CONTENT="Gesellschaft," WC="0.99" CC="0000770075664"/>
						<SP ID="P35_SP00173" HPOS="1054" VPOS="2669" WIDTH="44"/>
						<String ID="P35_ST00196" HPOS="1098" VPOS="2599" WIDTH="90" HEIGHT="61" CONTENT="die" WC="0.98" CC="060"/>
						<SP ID="P35_SP00174" HPOS="1188" VPOS="2669" WIDTH="39"/>
						<String ID="P35_ST00197" HPOS="1227" VPOS="2609" WIDTH="99" HEIGHT="52" CONTENT="mit" WC="0.98" CC="006"/>
						<SP ID="P35_SP00175" HPOS="1326" VPOS="2669" WIDTH="40"/>
						<String ID="P35_ST00198" HPOS="1366" VPOS="2604" WIDTH="341" HEIGHT="73" CONTENT="gestreckten" WC="1.00" CC="00014007300"/>
						<SP ID="P35_SP00176" HPOS="1707" VPOS="2677" WIDTH="42"/>
						<String ID="P35_ST00199" HPOS="1749" VPOS="2604" WIDTH="221" HEIGHT="61" CONTENT="Hälsen" WC="0.99" CC="007005"/>
						<SP ID="P35_SP00177" HPOS="1970" VPOS="2677" WIDTH="43"/>
						<String ID="P35_ST00200" HPOS="2013" VPOS="2614" WIDTH="73" HEIGHT="51" CONTENT="im" WC="1.00" CC="00"/>
						<SP ID="P35_SP00178" HPOS="2086" VPOS="2677" WIDTH="40"/>
						<String ID="P35_ST00201" HPOS="2126" VPOS="2606" WIDTH="236" HEIGHT="61" CONTENT="Rennen" WC="0.98" CC="435005"/>
						<SP ID="P35_SP00179" HPOS="2362" VPOS="2677" WIDTH="41"/>
						<String ID="P35_ST00202" HPOS="2403" VPOS="2608" WIDTH="160" HEIGHT="78" CONTENT="liegt?" WC="0.97" CC="600946"/>
					</TextLine>
					<TextLine ID="P35_TL00024" HPOS="511" VPOS="2688" WIDTH="2159" HEIGHT="86">
						<String ID="P35_ST00203" HPOS="511" VPOS="2688" WIDTH="278" HEIGHT="62" CONTENT="Louise:" WC="0.99" CC="1400004"/>
						<SP ID="P35_SP00180" HPOS="789" VPOS="2750" WIDTH="52"/>
						<String ID="P35_ST00204" HPOS="841" VPOS="2690" WIDTH="123" HEIGHT="71" CONTENT="Oh," WC="0.96" CC="062"/>
						<SP ID="P35_SP00181" HPOS="964" VPOS="2761" WIDTH="50"/>
						<String ID="P35_ST00205" HPOS="1014" VPOS="2691" WIDTH="73" HEIGHT="60" CONTENT="ich" WC="1.00" CC="100"/>
						<SP ID="P35_SP00182" HPOS="1087" VPOS="2761" WIDTH="44"/>
						<String ID="P35_ST00206" HPOS="1131" VPOS="2716" WIDTH="121" HEIGHT="36" CONTENT="war" WC="0.95" CC="065"/>
						<SP ID="P35_SP00183" HPOS="1252" VPOS="2761" WIDTH="41"/>
						<String ID="P35_ST00207" HPOS="1293" VPOS="2694" WIDTH="130" HEIGHT="61" CONTENT="sehr" WC="0.97" CC="0075"/>
						<SP ID="P35_SP00184" HPOS="1423" VPOS="2761" WIDTH="40"/>
						<String ID="P35_ST00208" HPOS="1463" VPOS="2694" WIDTH="292" HEIGHT="80" CONTENT="ehrgeizig." WC="0.99" CC="0760045601"/>
						<SP ID="P35_SP00185" HPOS="1755" VPOS="2774" WIDTH="51"/>
						<String ID="P35_ST00209" HPOS="1806" VPOS="2696" WIDTH="127" HEIGHT="63" CONTENT="Das" WC="1.00" CC="000"/>
						<SP ID="P35_SP00186" HPOS="1933" VPOS="2774" WIDTH="43"/>
						<String ID="P35_ST00210" HPOS="1976" VPOS="2698" WIDTH="126" HEIGHT="61" CONTENT="sind" WC="1.00" CC="0200"/>
						<SP ID="P35_SP00187" HPOS="2102" VPOS="2774" WIDTH="41"/>
						<String ID="P35_ST00211" HPOS="2143" VPOS="2709" WIDTH="103" HEIGHT="51" CONTENT="wir" WC="0.97" CC="016"/>
						<SP ID="P35_SP00188" HPOS="2246" VPOS="2774" WIDTH="39"/>
						<String ID="P35_ST00212" HPOS="2285" VPOS="2699" WIDTH="234" HEIGHT="64" CONTENT="Mädels" WC="0.99" CC="000070"/>
						<SP ID="P35_SP00189" HPOS="2519" VPOS="2774" WIDTH="50"/>
						<String ID="P35_ST00213" HPOS="2569" VPOS="2702" WIDTH="101" HEIGHT="62" CONTENT="der" WC="0.98" CC="004"/>
					</TextLine>
					<TextLine ID="P35_TL00025" HPOS="436" VPOS="2782" WIDTH="2234" HEIGHT="88">
						<String ID="P35_ST00214" HPOS="436" VPOS="2782" WIDTH="504" HEIGHT="77" CONTENT="republikanischen" WC="1.00" CC="0005770000000000"/>
						<SP ID="P35_SP00190" HPOS="940" VPOS="2859" WIDTH="37"/>
						<String ID="P35_ST00215" HPOS="977" VPOS="2784" WIDTH="376" HEIGHT="64" CONTENT="Gesellschaft" WC="1.00" CC="050006000004"/>
						<SP ID="P35_SP00191" HPOS="1353" VPOS="2859" WIDTH="32"/>
						<String ID="P35_ST00216" HPOS="1385" VPOS="2797" WIDTH="209" HEIGHT="54" CONTENT="immer." WC="0.99" CC="000050"/>
						<SP ID="P35_SP00192" HPOS="1594" VPOS="2859" WIDTH="37"/>
						<String ID="P35_ST00217" HPOS="1631" VPOS="2790" WIDTH="114" HEIGHT="60" CONTENT="Die" WC="0.98" CC="040"/>
						<SP ID="P35_SP00193" HPOS="1745" VPOS="2859" WIDTH="33"/>
						<String ID="P35_ST00218" HPOS="1778" VPOS="2799" WIDTH="235" HEIGHT="54" CONTENT="meisten" WC="1.00" CC="0000500"/>
						<SP ID="P35_SP00194" HPOS="2013" VPOS="2859" WIDTH="33"/>
						<String ID="P35_ST00219" HPOS="2046" VPOS="2816" WIDTH="304" HEIGHT="54" CONTENT="vergessen" WC="1.00" CC="034000000"/>
						<SP ID="P35_SP00195" HPOS="2350" VPOS="2870" WIDTH="34"/>
						<String ID="P35_ST00220" HPOS="2384" VPOS="2797" WIDTH="149" HEIGHT="60" CONTENT="dann" WC="0.98" CC="0405"/>
						<SP ID="P35_SP00196" HPOS="2533" VPOS="2870" WIDTH="35"/>
						<String ID="P35_ST00221" HPOS="2568" VPOS="2796" WIDTH="102" HEIGHT="62" CONTENT="das" WC="1.00" CC="000"/>
					</TextLine>
					<TextLine ID="P35_TL00026" HPOS="437" VPOS="2873" WIDTH="2234" HEIGHT="77">
						<String ID="P35_ST00222" HPOS="437" VPOS="2873" WIDTH="216" HEIGHT="77" CONTENT="Elysee" WC="0.68" CC="507060"/>
						<SP ID="P35_SP00197" HPOS="653" VPOS="2950" WIDTH="42"/>
						<String ID="P35_ST00223" HPOS="695" VPOS="2876" WIDTH="140" HEIGHT="61" CONTENT="über" WC="0.97" CC="0705"/>
						<SP ID="P35_SP00198" HPOS="835" VPOS="2950" WIDTH="39"/>
						<String ID="P35_ST00224" HPOS="874" VPOS="2877" WIDTH="156" HEIGHT="62" CONTENT="ihren" WC="0.98" CC="36600"/>
						<SP ID="P35_SP00199" HPOS="1030" VPOS="2950" WIDTH="42"/>
						<String ID="P35_ST00225" HPOS="1072" VPOS="2878" WIDTH="272" HEIGHT="64" CONTENT="Kindern," WC="0.99" CC="03603603"/>
						<SP ID="P35_SP00200" HPOS="1344" VPOS="2950" WIDTH="46"/>
						<String ID="P35_ST00226" HPOS="1390" VPOS="2881" WIDTH="81" HEIGHT="61" CONTENT="Ich" WC="1.00" CC="000"/>
						<SP ID="P35_SP00201" HPOS="1471" VPOS="2950" WIDTH="43"/>
						<String ID="P35_ST00227" HPOS="1514" VPOS="2882" WIDTH="146" HEIGHT="61" CONTENT="habe" WC="0.97" CC="7070"/>
						<SP ID="P35_SP00202" HPOS="1660" VPOS="2950" WIDTH="41"/>
						<String ID="P35_ST00228" HPOS="1701" VPOS="2882" WIDTH="161" HEIGHT="62" CONTENT="keine" WC="0.99" CC="00602"/>
						<SP ID="P35_SP00203" HPOS="1862" VPOS="2950" WIDTH="32"/>
						<String ID="P35_ST00229" HPOS="1894" VPOS="2884" WIDTH="319" HEIGHT="64" CONTENT="Kinder..." WC="0.99" CC="050006444"/>
						<SP ID="P35_SP00204" HPOS="2213" VPOS="2950" WIDTH="43"/>
						<String ID="P35_ST00230" HPOS="2256" VPOS="2887" WIDTH="166" HEIGHT="61" CONTENT="Aber" WC="0.97" CC="5006"/>
						<SP ID="P35_SP00205" HPOS="2422" VPOS="2950" WIDTH="33"/>
						<String ID="P35_ST00231" HPOS="2455" VPOS="2888" WIDTH="216" HEIGHT="62" CONTENT="Cavrel" WC="0.77" CC="000607"/>
					</TextLine>
					<TextLine ID="P35_TL00027" HPOS="436" VPOS="2967" WIDTH="2235" HEIGHT="86">
						<String ID="P35_ST00232" HPOS="436" VPOS="2975" WIDTH="67" HEIGHT="52" CONTENT="ist" WC="0.97" CC="403"/>
						<SP ID="P35_SP00206" HPOS="503" VPOS="3027" WIDTH="40"/>
						<String ID="P35_ST00233" HPOS="543" VPOS="2967" WIDTH="124" HEIGHT="61" CONTENT="kein" WC="0.97" CC="0345"/>
						<SP ID="P35_SP00207" HPOS="667" VPOS="3028" WIDTH="41"/>
						<String ID="P35_ST00234" HPOS="708" VPOS="2970" WIDTH="279" HEIGHT="72" CONTENT="Politiker," WC="0.99" CC="4005040053"/>
						<SP ID="P35_SP00208" HPOS="987" VPOS="3042" WIDTH="42"/>
						<String ID="P35_ST00235" HPOS="1029" VPOS="2995" WIDTH="61" HEIGHT="37" CONTENT="er" WC="0.53" CC="44"/>
						<SP ID="P35_SP00209" HPOS="1090" VPOS="3042" WIDTH="41"/>
						<String ID="P35_ST00236" HPOS="1131" VPOS="2982" WIDTH="71" HEIGHT="51" CONTENT="ist" WC="0.98" CC="005"/>
						<SP ID="P35_SP00210" HPOS="1202" VPOS="3042" WIDTH="39"/>
						<String ID="P35_ST00237" HPOS="1241" VPOS="2982" WIDTH="89" HEIGHT="52" CONTENT="ein" WC="0.98" CC="040"/>
						<SP ID="P35_SP00211" HPOS="1330" VPOS="3042" WIDTH="41"/>
						<String ID="P35_ST00238" HPOS="1371" VPOS="2975" WIDTH="256" HEIGHT="78" CONTENT="Prophet," WC="0.99" CC="35007052"/>
						<SP ID="P35_SP00212" HPOS="1627" VPOS="3053" WIDTH="51"/>
						<String ID="P35_ST00239" HPOS="1678" VPOS="2977" WIDTH="60" HEIGHT="60" CONTENT="In" WC="1.00" CC="00"/>
						<SP ID="P35_SP00213" HPOS="1738" VPOS="3053" WIDTH="50"/>
						<String ID="P35_ST00240" HPOS="1788" VPOS="2977" WIDTH="110" HEIGHT="61" CONTENT="den" WC="0.98" CC="005"/>
						<SP ID="P35_SP00214" HPOS="1898" VPOS="3053" WIDTH="40"/>
						<String ID="P35_ST00241" HPOS="1938" VPOS="2978" WIDTH="287" HEIGHT="64" CONTENT="zahllosen" WC="0.99" CC="806605061"/>
						<SP ID="P35_SP00215" HPOS="2225" VPOS="3053" WIDTH="41"/>
						<String ID="P35_ST00242" HPOS="2266" VPOS="2981" WIDTH="270" HEIGHT="62" CONTENT="Arbeiter" WC="0.98" CC="16744506"/>
						<SP ID="P35_SP00216" HPOS="2536" VPOS="3053" WIDTH="6"/>
						<String ID="P35_ST00243" HPOS="2542" VPOS="3006" WIDTH="129" HEIGHT="38" CONTENT="ver*" WC="0.66" CC="0507"/>
					</TextLine>
					<TextLine ID="P35_TL00028" HPOS="436" VPOS="3062" WIDTH="2235" HEIGHT="85">
						<String ID="P35_ST00244" HPOS="436" VPOS="3062" WIDTH="400" HEIGHT="78" CONTENT="Sammlungen," WC="1.00" CC="00006000254"/>
						<SP ID="P35_SP00217" HPOS="836" VPOS="3140" WIDTH="43"/>
						<String ID="P35_ST00245" HPOS="879" VPOS="3072" WIDTH="55" HEIGHT="52" CONTENT="in" WC="0.84" CC="30"/>
						<SP ID="P35_SP00218" HPOS="934" VPOS="3140" WIDTH="43"/>
						<String ID="P35_ST00246" HPOS="977" VPOS="3065" WIDTH="90" HEIGHT="61" CONTENT="die" WC="1.00" CC="000"/>
						<SP ID="P35_SP00219" HPOS="1067" VPOS="3140" WIDTH="41"/>
						<String ID="P35_ST00247" HPOS="1108" VPOS="3066" WIDTH="75" HEIGHT="60" CONTENT="ich" WC="0.97" CC="007"/>
						<SP ID="P35_SP00220" HPOS="1183" VPOS="3140" WIDTH="43"/>
						<String ID="P35_ST00248" HPOS="1226" VPOS="3076" WIDTH="99" HEIGHT="51" CONTENT="mit" WC="0.97" CC="026"/>
						<SP ID="P35_SP00221" HPOS="1325" VPOS="3140" WIDTH="39"/>
						<String ID="P35_ST00249" HPOS="1364" VPOS="3067" WIDTH="113" HEIGHT="60" CONTENT="ihm" WC="0.96" CC="460"/>
						<SP ID="P35_SP00222" HPOS="1477" VPOS="3140" WIDTH="40"/>
						<String ID="P35_ST00250" HPOS="1517" VPOS="3077" WIDTH="150" HEIGHT="70" CONTENT="ging," WC="0.99" CC="04004"/>
						<SP ID="P35_SP00223" HPOS="1667" VPOS="3147" WIDTH="41"/>
						<String ID="P35_ST00251" HPOS="1708" VPOS="3070" WIDTH="117" HEIGHT="60" CONTENT="und" WC="0.98" CC="600"/>
						<SP ID="P35_SP00224" HPOS="1825" VPOS="3147" WIDTH="41"/>
						<String ID="P35_ST00252" HPOS="1866" VPOS="3070" WIDTH="81" HEIGHT="62" CONTENT="als" WC="0.97" CC="060"/>
						<SP ID="P35_SP00225" HPOS="1947" VPOS="3147" WIDTH="43"/>
						<String ID="P35_ST00253" HPOS="1990" VPOS="3072" WIDTH="75" HEIGHT="60" CONTENT="ich" WC="0.98" CC="500"/>
						<SP ID="P35_SP00226" HPOS="2065" VPOS="3147" WIDTH="43"/>
						<String ID="P35_ST00254" HPOS="2108" VPOS="3081" WIDTH="195" HEIGHT="54" CONTENT="immer" WC="0.99" CC="30005"/>
						<SP ID="P35_SP00227" HPOS="2303" VPOS="3147" WIDTH="32"/>
						<String ID="P35_ST00255" HPOS="2335" VPOS="3075" WIDTH="212" HEIGHT="62" CONTENT="wieder" WC="0.99" CC="000006"/>
						<SP ID="P35_SP00228" HPOS="2547" VPOS="3147" WIDTH="33"/>
						<String ID="P35_ST00256" HPOS="2580" VPOS="3076" WIDTH="91" HEIGHT="61" CONTENT="die" WC="0.97" CC="015"/>
					</TextLine>
					<TextLine ID="P35_TL00029" HPOS="433" VPOS="3146" WIDTH="2236" HEIGHT="95">
						<String ID="P35_ST00257" HPOS="433" VPOS="3146" WIDTH="306" HEIGHT="70" CONTENT="Tausende" WC="0.99" CC="74603005"/>
						<SP ID="P35_SP00229" HPOS="739" VPOS="3216" WIDTH="49"/>
						<String ID="P35_ST00258" HPOS="788" VPOS="3182" WIDTH="115" HEIGHT="36" CONTENT="von" WC="0.99" CC="030"/>
						<SP ID="P35_SP00230" HPOS="903" VPOS="3218" WIDTH="51"/>
						<String ID="P35_ST00259" HPOS="954" VPOS="3175" WIDTH="245" HEIGHT="55" CONTENT="ernsten," WC="0.99" CC="06003333"/>
						<SP ID="P35_SP00231" HPOS="1199" VPOS="3230" WIDTH="42"/>
						<String ID="P35_ST00260" HPOS="1241" VPOS="3163" WIDTH="226" HEIGHT="59" CONTENT="offenen" WC="0.99" CC="2060006"/>
						<SP ID="P35_SP00232" HPOS="1467" VPOS="3230" WIDTH="42"/>
						<String ID="P35_ST00261" HPOS="1509" VPOS="3163" WIDTH="615" HEIGHT="78" CONTENT="Menschengesichtern" WC="1.00" CC="035000040000006033"/>
						<SP ID="P35_SP00233" HPOS="2124" VPOS="3241" WIDTH="51"/>
						<String ID="P35_ST00262" HPOS="2175" VPOS="3191" WIDTH="73" HEIGHT="36" CONTENT="zu" WC="0.64" CC="70"/>
						<SP ID="P35_SP00234" HPOS="2248" VPOS="3241" WIDTH="43"/>
						<String ID="P35_ST00263" HPOS="2291" VPOS="3168" WIDTH="112" HEIGHT="61" CONTENT="ihm" WC="0.95" CC="570"/>
						<SP ID="P35_SP00235" HPOS="2403" VPOS="3241" WIDTH="41"/>
						<String ID="P35_ST00264" HPOS="2444" VPOS="3178" WIDTH="109" HEIGHT="52" CONTENT="wie" WC="0.98" CC="040"/>
						<SP ID="P35_SP00236" HPOS="2553" VPOS="3241" WIDTH="41"/>
						<String ID="P35_ST00265" HPOS="2594" VPOS="3194" WIDTH="75" HEIGHT="36" CONTENT="zu" WC="0.65" CC="70"/>
					</TextLine>
					<TextLine ID="P35_TL00030" HPOS="433" VPOS="3249" WIDTH="2236" HEIGHT="89">
						<String ID="P35_ST00266" HPOS="433" VPOS="3253" WIDTH="148" HEIGHT="53" CONTENT="einer" WC="0.99" CC="00400"/>
						<SP ID="P35_SP00237" HPOS="581" VPOS="3306" WIDTH="39"/>
						<String ID="P35_ST00267" HPOS="620" VPOS="3249" WIDTH="204" HEIGHT="61" CONTENT="milden" WC="0.99" CC="007030"/>
						<SP ID="P35_SP00238" HPOS="824" VPOS="3310" WIDTH="42"/>
						<String ID="P35_ST00268" HPOS="866" VPOS="3251" WIDTH="197" HEIGHT="61" CONTENT="Sonne" WC="0.99" CC="60020"/>
						<SP ID="P35_SP00239" HPOS="1063" VPOS="3312" WIDTH="40"/>
						<String ID="P35_ST00269" HPOS="1103" VPOS="3254" WIDTH="268" HEIGHT="76" CONTENT="gewandt" WC="0.99" CC="0005605"/>
						<SP ID="P35_SP00240" HPOS="1371" VPOS="3330" WIDTH="40"/>
						<String ID="P35_ST00270" HPOS="1411" VPOS="3255" WIDTH="123" HEIGHT="70" CONTENT="sah," WC="0.98" CC="0074"/>
						<SP ID="P35_SP00241" HPOS="1534" VPOS="3330" WIDTH="42"/>
						<String ID="P35_ST00271" HPOS="1576" VPOS="3257" WIDTH="120" HEIGHT="59" CONTENT="und" WC="0.99" CC="300"/>
						<SP ID="P35_SP00242" HPOS="1696" VPOS="3330" WIDTH="40"/>
						<String ID="P35_ST00272" HPOS="1736" VPOS="3267" WIDTH="111" HEIGHT="51" CONTENT="wie" WC="1.00" CC="000"/>
						<SP ID="P35_SP00243" HPOS="1847" VPOS="3330" WIDTH="40"/>
						<String ID="P35_ST00273" HPOS="1887" VPOS="3258" WIDTH="89" HEIGHT="61" CONTENT="die" WC="1.00" CC="000"/>
						<SP ID="P35_SP00244" HPOS="1976" VPOS="3330" WIDTH="38"/>
						<String ID="P35_ST00274" HPOS="2014" VPOS="3259" WIDTH="215" HEIGHT="79" CONTENT="Lippen" WC="1.00" CC="050000"/>
						<SP ID="P35_SP00245" HPOS="2229" VPOS="3338" WIDTH="51"/>
						<String ID="P35_ST00275" HPOS="2280" VPOS="3262" WIDTH="99" HEIGHT="61" CONTENT="der" WC="0.98" CC="005"/>
						<SP ID="P35_SP00246" HPOS="2379" VPOS="3338" WIDTH="39"/>
						<String ID="P35_ST00276" HPOS="2418" VPOS="3262" WIDTH="251" HEIGHT="62" CONTENT="Männer" WC="0.99" CC="004005"/>
					</TextLine>
					<TextLine ID="P35_TL00031" HPOS="435" VPOS="3339" WIDTH="2231" HEIGHT="88">
						<String ID="P35_ST00277" HPOS="435" VPOS="3339" WIDTH="114" HEIGHT="60" CONTENT="und" WC="0.97" CC="700"/>
						<SP ID="P35_SP00247" HPOS="549" VPOS="3399" WIDTH="49"/>
						<String ID="P35_ST00278" HPOS="598" VPOS="3340" WIDTH="229" HEIGHT="64" CONTENT="Frauen" WC="0.98" CC="660060"/>
						<SP ID="P35_SP00248" HPOS="827" VPOS="3404" WIDTH="51"/>
						<String ID="P35_ST00279" HPOS="878" VPOS="3345" WIDTH="134" HEIGHT="61" CONTENT="leise" WC="0.99" CC="00500"/>
						<SP ID="P35_SP00249" HPOS="1012" VPOS="3406" WIDTH="49"/>
						<String ID="P35_ST00280" HPOS="1061" VPOS="3356" WIDTH="99" HEIGHT="52" CONTENT="mit" WC="0.97" CC="053"/>
						<SP ID="P35_SP00250" HPOS="1160" VPOS="3408" WIDTH="48"/>
						<String ID="P35_ST00281" HPOS="1208" VPOS="3357" WIDTH="194" HEIGHT="52" CONTENT="seinen" WC="0.99" CC="002600"/>
						<SP ID="P35_SP00251" HPOS="1402" VPOS="3409" WIDTH="42"/>
						<String ID="P35_ST00282" HPOS="1444" VPOS="3349" WIDTH="250" HEIGHT="62" CONTENT="Worten" WC="0.97" CC="926056"/>
						<SP ID="P35_SP00252" HPOS="1694" VPOS="3411" WIDTH="51"/>
						<String ID="P35_ST00283" HPOS="1745" VPOS="3351" WIDTH="235" HEIGHT="73" CONTENT="bebten,-" WC="0.98" CC="70760034"/>
						<SP ID="P35_SP00253" HPOS="1980" VPOS="3424" WIDTH="48"/>
						<String ID="P35_ST00284" HPOS="2028" VPOS="3354" WIDTH="117" HEIGHT="60" CONTENT="und" WC="0.96" CC="640"/>
						<SP ID="P35_SP00254" HPOS="2145" VPOS="3424" WIDTH="49"/>
						<String ID="P35_ST00285" HPOS="2194" VPOS="3363" WIDTH="109" HEIGHT="52" CONTENT="wie" WC="0.98" CC="060"/>
						<SP ID="P35_SP00255" HPOS="2303" VPOS="3424" WIDTH="49"/>
						<String ID="P35_ST00286" HPOS="2352" VPOS="3356" WIDTH="131" HEIGHT="69" CONTENT="alle," WC="0.98" CC="20704"/>
						<SP ID="P35_SP00256" HPOS="2483" VPOS="3425" WIDTH="59"/>
						<String ID="P35_ST00287" HPOS="2542" VPOS="3356" WIDTH="124" HEIGHT="71" CONTENT="alle," WC="0.97" CC="45704"/>
					</TextLine>
					<TextLine ID="P35_TL00032" HPOS="433" VPOS="3437" WIDTH="2232" HEIGHT="86">
						<String ID="P35_ST00288" HPOS="433" VPOS="3437" WIDTH="190" HEIGHT="56" CONTENT="immer" WC="0.98" CC="55105"/>
						<SP ID="P35_SP00257" HPOS="623" VPOS="3493" WIDTH="41"/>
						<String ID="P35_ST00289" HPOS="664" VPOS="3437" WIDTH="211" HEIGHT="62" CONTENT="wieder" WC="0.99" CC="040006"/>
						<SP ID="P35_SP00258" HPOS="875" VPOS="3499" WIDTH="42"/>
						<String ID="P35_ST00290" HPOS="917" VPOS="3439" WIDTH="362" HEIGHT="78" CONTENT="fortgerissen" WC="1.00" CC="306100700003"/>
						<SP ID="P35_SP00259" HPOS="1279" VPOS="3517" WIDTH="43"/>
						<String ID="P35_ST00291" HPOS="1322" VPOS="3451" WIDTH="55" HEIGHT="51" CONTENT="in" WC="0.83" CC="30"/>
						<SP ID="P35_SP00260" HPOS="1377" VPOS="3517" WIDTH="42"/>
						<String ID="P35_ST00292" HPOS="1419" VPOS="3442" WIDTH="90" HEIGHT="61" CONTENT="die" WC="0.98" CC="040"/>
						<SP ID="P35_SP00261" HPOS="1509" VPOS="3517" WIDTH="41"/>
						<String ID="P35_ST00293" HPOS="1550" VPOS="3443" WIDTH="161" HEIGHT="61" CONTENT="Bahn" WC="0.98" CC="0074"/>
						<SP ID="P35_SP00262" HPOS="1711" VPOS="3517" WIDTH="51"/>
						<String ID="P35_ST00294" HPOS="1762" VPOS="3445" WIDTH="184" HEIGHT="62" CONTENT="dieses" WC="0.99" CC="060000"/>
						<SP ID="P35_SP00263" HPOS="1946" VPOS="3517" WIDTH="51"/>
						<String ID="P35_ST00295" HPOS="1997" VPOS="3447" WIDTH="326" HEIGHT="76" CONTENT="lebendigen" WC="0.99" CC="0670000060"/>
						<SP ID="P35_SP00264" HPOS="2323" VPOS="3523" WIDTH="42"/>
						<String ID="P35_ST00296" HPOS="2365" VPOS="3443" WIDTH="300" HEIGHT="76" CONTENT="Traumes," WC="0.99" CC="06050004"/>
					</TextLine>
					<TextLine ID="P35_TL00033" HPOS="431" VPOS="3528" WIDTH="2234" HEIGHT="89">
						<String ID="P35_ST00297" HPOS="431" VPOS="3545" WIDTH="142" HEIGHT="53" CONTENT="ganz" WC="0.95" CC="9246"/>
						<SP ID="P35_SP00265" HPOS="573" VPOS="3598" WIDTH="46"/>
						<String ID="P35_ST00298" HPOS="619" VPOS="3528" WIDTH="228" HEIGHT="73" CONTENT="einfach," WC="0.99" CC="06051074"/>
						<SP ID="P35_SP00266" HPOS="847" VPOS="3601" WIDTH="41"/>
						<String ID="P35_ST00299" HPOS="888" VPOS="3555" WIDTH="146" HEIGHT="55" CONTENT="ganz" WC="0.97" CC="0057"/>
						<SP ID="P35_SP00267" HPOS="1034" VPOS="3610" WIDTH="42"/>
						<String ID="P35_ST00300" HPOS="1076" VPOS="3533" WIDTH="166" HEIGHT="61" CONTENT="schön" WC="1.00" CC="00004"/>
						<SP ID="P35_SP00268" HPOS="1242" VPOS="3610" WIDTH="35"/>
						<String ID="P35_ST00301" HPOS="1277" VPOS="3536" WIDTH="237" HEIGHT="60" CONTENT="wurden" WC="0.98" CC="066040"/>
						<SP ID="P35_SP00269" HPOS="1514" VPOS="3610" WIDTH="126"/>
						<String ID="P35_ST00302" HPOS="1640" VPOS="3546" WIDTH="72" HEIGHT="66" CONTENT="ja," WC="0.96" CC="704"/>
						<SP ID="P35_SP00270" HPOS="1712" VPOS="3612" WIDTH="36"/>
						<String ID="P35_ST00303" HPOS="1748" VPOS="3538" WIDTH="73" HEIGHT="59" CONTENT="ich" WC="0.99" CC="300"/>
						<SP ID="P35_SP00271" HPOS="1821" VPOS="3612" WIDTH="36"/>
						<String ID="P35_ST00304" HPOS="1857" VPOS="3537" WIDTH="91" HEIGHT="60" CONTENT="bin" WC="0.95" CC="740"/>
						<SP ID="P35_SP00272" HPOS="1948" VPOS="3612" WIDTH="35"/>
						<String ID="P35_ST00305" HPOS="1983" VPOS="3538" WIDTH="344" HEIGHT="61" CONTENT="wahrhafter" WC="0.99" CC="0160750605"/>
						<SP ID="P35_SP00273" HPOS="2327" VPOS="3612" WIDTH="30"/>
						<String ID="P35_ST00306" HPOS="2357" VPOS="3541" WIDTH="308" HEIGHT="76" CONTENT="geworden" WC="0.99" CC="00055003"/>
					</TextLine>
					<TextLine ID="P35_TL00034" HPOS="432" VPOS="3615" WIDTH="2231" HEIGHT="92">
						<String ID="P35_ST00307" HPOS="432" VPOS="3615" WIDTH="163" HEIGHT="63" CONTENT="durch" WC="0.98" CC="90400"/>
						<SP ID="P35_SP00274" HPOS="595" VPOS="3678" WIDTH="50"/>
						<String ID="P35_ST00308" HPOS="645" VPOS="3621" WIDTH="120" HEIGHT="72" CONTENT="ihn," WC="0.96" CC="0754"/>
						<SP ID="P35_SP00275" HPOS="765" VPOS="3693" WIDTH="48"/>
						<String ID="P35_ST00309" HPOS="813" VPOS="3626" WIDTH="75" HEIGHT="59" CONTENT="ich" WC="0.99" CC="300"/>
						<SP ID="P35_SP00276" HPOS="888" VPOS="3693" WIDTH="52"/>
						<String ID="P35_ST00310" HPOS="940" VPOS="3626" WIDTH="145" HEIGHT="61" CONTENT="habe" WC="0.97" CC="6070"/>
						<SP ID="P35_SP00277" HPOS="1085" VPOS="3693" WIDTH="42"/>
						<String ID="P35_ST00311" HPOS="1127" VPOS="3635" WIDTH="124" HEIGHT="53" CONTENT="eine" WC="0.99" CC="0300"/>
						<SP ID="P35_SP00278" HPOS="1251" VPOS="3693" WIDTH="41"/>
						<String ID="P35_ST00312" HPOS="1292" VPOS="3652" WIDTH="147" HEIGHT="38" CONTENT="neue" WC="0.99" CC="0060"/>
						<SP ID="P35_SP00279" HPOS="1439" VPOS="3693" WIDTH="42"/>
						<String ID="P35_ST00313" HPOS="1481" VPOS="3630" WIDTH="163" HEIGHT="60" CONTENT="Welt" WC="0.99" CC="0005"/>
						<SP ID="P35_SP00280" HPOS="1644" VPOS="3693" WIDTH="47"/>
						<String ID="P35_ST00314" HPOS="1691" VPOS="3630" WIDTH="212" HEIGHT="77" CONTENT="gesehn" WC="0.84" CC="000072"/>
						<SP ID="P35_SP00281" HPOS="1903" VPOS="3707" WIDTH="250"/>
						<String ID="P35_ST00315" HPOS="2153" VPOS="3640" WIDTH="150" HEIGHT="56" CONTENT="&lt;ldse&gt;" WC="0.41" CC="479066"/>
						<SP ID="P35_SP00282" HPOS="2303" VPOS="3707" WIDTH="49"/>
						<String ID="P35_ST00316" HPOS="2352" VPOS="3643" WIDTH="54" HEIGHT="50" CONTENT="in" WC="1.00" CC="00"/>
						<SP ID="P35_SP00283" HPOS="2406" VPOS="3707" WIDTH="43"/>
						<String ID="P35_ST00317" HPOS="2449" VPOS="3635" WIDTH="99" HEIGHT="61" CONTENT="der" WC="0.98" CC="005"/>
						<SP ID="P35_SP00284" HPOS="2548" VPOS="3707" WIDTH="41"/>
						<String ID="P35_ST00318" HPOS="2589" VPOS="3636" WIDTH="74" HEIGHT="60" CONTENT="ich" WC="0.97" CC="007"/>
					</TextLine>
					<TextLine ID="P35_TL00035" HPOS="431" VPOS="3711" WIDTH="2234" HEIGHT="95">
						<String ID="P35_ST00319" HPOS="431" VPOS="3711" WIDTH="131" HEIGHT="59" CONTENT="mich" WC="0.97" CC="8600"/>
						<SP ID="P35_SP00285" HPOS="562" VPOS="3770" WIDTH="34"/>
						<String ID="P35_ST00320" HPOS="596" VPOS="3716" WIDTH="231" HEIGHT="61" CONTENT="niemals" WC="0.99" CC="0400060"/>
						<SP ID="P35_SP00286" HPOS="827" VPOS="3777" WIDTH="36"/>
						<String ID="P35_ST00321" HPOS="863" VPOS="3718" WIDTH="255" HEIGHT="62" CONTENT="heimisch" WC="0.99" CC="70203000"/>
						<SP ID="P35_SP00287" HPOS="1118" VPOS="3780" WIDTH="35"/>
						<String ID="P35_ST00322" HPOS="1153" VPOS="3720" WIDTH="192" HEIGHT="61" CONTENT="fühlen" WC="0.99" CC="507000"/>
						<SP ID="P35_SP00288" HPOS="1345" VPOS="3781" WIDTH="34"/>
						<String ID="P35_ST00323" HPOS="1379" VPOS="3721" WIDTH="294" HEIGHT="64" CONTENT="werde.,," WC="1.00" CC="00500400"/>
						<SP ID="P35_SP00289" HPOS="1673" VPOS="3785" WIDTH="37"/>
						<String ID="P35_ST00324" HPOS="1710" VPOS="3732" WIDTH="265" HEIGHT="55" CONTENT="&lt;Lädielnd&gt;" WC="0.47" CC="4047727666" STYLEREFS="TXT_4"/>
						<SP ID="P35_SP00290" HPOS="1975" VPOS="3787" WIDTH="36"/>
						<String ID="P35_ST00325" HPOS="2011" VPOS="3724" WIDTH="180" HEIGHT="62" CONTENT="Schon" WC="0.99" CC="20050"/>
						<SP ID="P35_SP00291" HPOS="2191" VPOS="3787" WIDTH="34"/>
						<String ID="P35_ST00326" HPOS="2225" VPOS="3725" WIDTH="90" HEIGHT="61" CONTENT="die" WC="0.99" CC="030"/>
						<SP ID="P35_SP00292" HPOS="2315" VPOS="3787" WIDTH="32"/>
						<String ID="P35_ST00327" HPOS="2347" VPOS="3726" WIDTH="318" HEIGHT="80" CONTENT="Propheten" WC="0.99" CC="070060665"/>
					</TextLine>
					<TextLine ID="P35_TL00036" HPOS="432" VPOS="3799" WIDTH="2234" HEIGHT="85">
						<String ID="P35_ST00328" HPOS="432" VPOS="3799" WIDTH="98" HEIGHT="63" CONTENT="des" WC="0.95" CC="920"/>
						<SP ID="P35_SP00293" HPOS="530" VPOS="3862" WIDTH="33"/>
						<String ID="P35_ST00329" HPOS="563" VPOS="3805" WIDTH="176" HEIGHT="64" CONTENT="Alten" WC="0.99" CC="50400"/>
						<SP ID="P35_SP00294" HPOS="739" VPOS="3869" WIDTH="33"/>
						<String ID="P35_ST00330" HPOS="772" VPOS="3805" WIDTH="362" HEIGHT="69" CONTENT="Testaments" WC="1.00" CC="0004000360"/>
						<SP ID="P35_SP00295" HPOS="1134" VPOS="3874" WIDTH="42"/>
						<String ID="P35_ST00331" HPOS="1176" VPOS="3838" WIDTH="193" HEIGHT="37" CONTENT="waren" WC="0.98" CC="01535"/>
						<SP ID="P35_SP00296" HPOS="1369" VPOS="3875" WIDTH="44"/>
						<String ID="P35_ST00332" HPOS="1413" VPOS="3824" WIDTH="101" HEIGHT="51" CONTENT="mir" WC="0.97" CC="006"/>
						<SP ID="P35_SP00297" HPOS="1514" VPOS="3875" WIDTH="41"/>
						<String ID="P35_ST00333" HPOS="1555" VPOS="3815" WIDTH="420" HEIGHT="64" CONTENT="unheimlich,,." WC="1.00" CC="0070200000234"/>
						<SP ID="P35_SP00298" HPOS="1975" VPOS="3879" WIDTH="45"/>
						<String ID="P35_ST00334" HPOS="2020" VPOS="3818" WIDTH="143" HEIGHT="61" CONTENT="Und" WC="0.96" CC="650"/>
						<SP ID="P35_SP00299" HPOS="2163" VPOS="3879" WIDTH="39"/>
						<String ID="P35_ST00335" HPOS="2202" VPOS="3819" WIDTH="83" HEIGHT="62" CONTENT="als" WC="0.97" CC="070"/>
						<SP ID="P35_SP00300" HPOS="2285" VPOS="3881" WIDTH="41"/>
						<String ID="P35_ST00336" HPOS="2326" VPOS="3831" WIDTH="147" HEIGHT="52" CONTENT="mein" WC="0.99" CC="0003"/>
						<SP ID="P35_SP00301" HPOS="2473" VPOS="3883" WIDTH="34"/>
						<String ID="P35_ST00337" HPOS="2507" VPOS="3822" WIDTH="159" HEIGHT="62" CONTENT="Ehr*" WC="0.94" CC="7759"/>
					</TextLine>
					<TextLine ID="P35_TL00037" HPOS="431" VPOS="3898" WIDTH="2232" HEIGHT="82">
						<String ID="P35_ST00338" HPOS="431" VPOS="3904" WIDTH="119" HEIGHT="64" CONTENT="geiz" WC="0.97" CC="0436"/>
						<SP ID="P35_SP00302" HPOS="550" VPOS="3968" WIDTH="27"/>
						<String ID="P35_ST00339" HPOS="577" VPOS="3898" WIDTH="109" HEIGHT="62" CONTENT="fort" WC="0.97" CC="3341"/>
						<SP ID="P35_SP00303" HPOS="686" VPOS="3968" WIDTH="32"/>
						<String ID="P35_ST00340" HPOS="718" VPOS="3926" WIDTH="120" HEIGHT="38" CONTENT="war" WC="0.97" CC="006"/>
						<SP ID="P35_SP00304" HPOS="838" VPOS="3968" WIDTH="35"/>
						<String ID="P35_ST00341" HPOS="873" VPOS="3906" WIDTH="117" HEIGHT="60" CONTENT="und" WC="0.96" CC="720"/>
						<SP ID="P35_SP00305" HPOS="990" VPOS="3968" WIDTH="33"/>
						<String ID="P35_ST00342" HPOS="1023" VPOS="3908" WIDTH="75" HEIGHT="58" CONTENT="ich" WC="1.00" CC="000"/>
						<SP ID="P35_SP00306" HPOS="1098" VPOS="3968" WIDTH="34"/>
						<String ID="P35_ST00343" HPOS="1132" VPOS="3908" WIDTH="133" HEIGHT="58" CONTENT="mich" WC="0.99" CC="0300"/>
						<SP ID="P35_SP00307" HPOS="1265" VPOS="3968" WIDTH="36"/>
						<String ID="P35_ST00344" HPOS="1301" VPOS="3908" WIDTH="219" HEIGHT="71" CONTENT="umsah," WC="0.98" CC="300564"/>
						<SP ID="P35_SP00308" HPOS="1520" VPOS="3979" WIDTH="37"/>
						<String ID="P35_ST00345" HPOS="1557" VPOS="3908" WIDTH="74" HEIGHT="61" CONTENT="da" WC="1.00" CC="00"/>
						<SP ID="P35_SP00309" HPOS="1631" VPOS="3979" WIDTH="32"/>
						<String ID="P35_ST00346" HPOS="1663" VPOS="3909" WIDTH="209" HEIGHT="61" CONTENT="merkte" WC="0.99" CC="007060"/>
						<SP ID="P35_SP00310" HPOS="1872" VPOS="3979" WIDTH="35"/>
						<String ID="P35_ST00347" HPOS="1907" VPOS="3912" WIDTH="94" HEIGHT="68" CONTENT="ich," WC="0.99" CC="1004"/>
						<SP ID="P35_SP00311" HPOS="2001" VPOS="3980" WIDTH="34"/>
						<String ID="P35_ST00348" HPOS="2035" VPOS="3911" WIDTH="109" HEIGHT="63" CONTENT="daß" WC="1.00" CC="000"/>
						<SP ID="P35_SP00312" HPOS="2144" VPOS="3980" WIDTH="34"/>
						<String ID="P35_ST00349" HPOS="2178" VPOS="3914" WIDTH="75" HEIGHT="60" CONTENT="ich" WC="0.97" CC="007"/>
						<SP ID="P35_SP00313" HPOS="2253" VPOS="3980" WIDTH="28"/>
						<String ID="P35_ST00350" HPOS="2281" VPOS="3916" WIDTH="135" HEIGHT="59" CONTENT="auch" WC="1.00" CC="0000"/>
						<SP ID="P35_SP00314" HPOS="2416" VPOS="3980" WIDTH="26"/>
						<String ID="P35_ST00351" HPOS="2442" VPOS="3926" WIDTH="221" HEIGHT="53" CONTENT="meinen" WC="0.99" CC="000305"/>
					</TextLine>
					<TextLine ID="P35_TL00038" HPOS="432" VPOS="3983" WIDTH="2230" HEIGHT="103">
						<String ID="P35_ST00352" HPOS="432" VPOS="3983" WIDTH="180" HEIGHT="67" CONTENT="Mann" WC="0.96" CC="7252"/>
						<SP ID="P35_SP00315" HPOS="612" VPOS="4050" WIDTH="42"/>
						<String ID="P35_ST00353" HPOS="654" VPOS="3994" WIDTH="257" HEIGHT="64" CONTENT="verloren" WC="0.99" CC="00664600"/>
						<SP ID="P35_SP00316" HPOS="911" VPOS="4058" WIDTH="43"/>
						<String ID="P35_ST00354" HPOS="954" VPOS="3998" WIDTH="249" HEIGHT="64" CONTENT="halte..." WC="0.99" CC="70600443"/>
						<SP ID="P35_SP00317" HPOS="1203" VPOS="4062" WIDTH="44"/>
						<String ID="P35_ST00355" HPOS="1247" VPOS="4001" WIDTH="87" HEIGHT="62" CONTENT="Er" WC="0.70" CC="05"/>
						<SP ID="P35_SP00318" HPOS="1334" VPOS="4063" WIDTH="33"/>
						<String ID="P35_ST00356" HPOS="1367" VPOS="4002" WIDTH="146" HEIGHT="61" CONTENT="weiß" WC="1.00" CC="0010"/>
						<SP ID="P35_SP00319" HPOS="1513" VPOS="4063" WIDTH="35"/>
						<String ID="P35_ST00357" HPOS="1548" VPOS="4001" WIDTH="171" HEIGHT="62" CONTENT="heute" WC="0.97" CC="60632"/>
						<SP ID="P35_SP00320" HPOS="1719" VPOS="4063" WIDTH="34"/>
						<String ID="P35_ST00358" HPOS="1753" VPOS="4005" WIDTH="134" HEIGHT="59" CONTENT="noch" WC="0.99" CC="5000"/>
						<SP ID="P35_SP00321" HPOS="1887" VPOS="4064" WIDTH="36"/>
						<String ID="P35_ST00359" HPOS="1923" VPOS="4006" WIDTH="156" HEIGHT="71" CONTENT="nicht," WC="0.99" CC="300054"/>
						<SP ID="P35_SP00322" HPOS="2079" VPOS="4077" WIDTH="36"/>
						<String ID="P35_ST00360" HPOS="2115" VPOS="4006" WIDTH="110" HEIGHT="62" CONTENT="daß" WC="1.00" CC="000"/>
						<SP ID="P35_SP00323" HPOS="2225" VPOS="4077" WIDTH="36"/>
						<String ID="P35_ST00361" HPOS="2261" VPOS="4008" WIDTH="74" HEIGHT="60" CONTENT="ich" WC="0.99" CC="200"/>
						<SP ID="P35_SP00324" HPOS="2335" VPOS="4077" WIDTH="35"/>
						<String ID="P35_ST00362" HPOS="2370" VPOS="4011" WIDTH="292" HEIGHT="75" CONTENT="irgendwo" WC="1.00" CC="06000003"/>
					</TextLine>
				</TextBlock>
			</PrintSpace>
		</Page>
	</Layout>
</alto>
