3527 4572
881 568 91 50 108

1553 568 229 52 Theodor
1808 569 234 51 Däußfer
2070 595 9 10 •
2112 569 345 51 Simuftanität

1437 1402 894 78 SIMULTANITÄT

1657 1220 320 71 Theodor
2023 1220 319 71 Däubler

881 1600 240 162 STIL
1169 1619 70 52 ist
1287 1609 286 62 Schicksal:
1630 1618 102 52 wir
1780 1609 222 61 können
2058 1632 240 38 unseren
2340 1607 104 63 Stil
2484 1607 138 61 nickt
2663 1607 178 61 selber
2879 1606 241 62 wählen.

1032 1704 220 61 Früher
1299 1704 311 61 zeichneten
1662 1703 88 61 die
1799 1703 346 61 Baumeister
2193 1701 115 61 ihre
2358 1701 171 61 Pläne
2578 1709 99 52 mit
2725 1701 160 60 freier
2924 1699 200 71 Hand,

877 1800 168 61 heute
1085 1807 197 68 regiert
1323 1797 103 62 das
1468 1797 195 61 Lineal
1712 1797 116 59 und
1869 1797 103 59 das
2014 1795 296 61 Reißbrett:
2361 1794 172 62 daher
2589 1794 144 61 wird
2781 1804 122 51 eine
2950 1794 173 78 groß»

876 1903 199 68 zügige
1107 1892 348 61 Einfachheit
1496 1892 106 58 den
1645 1889 119 70 Stil,
1807 1888 98 62 der
1945 1891 228 69 kommt,
2206 1889 328 61 bestimmen
2569 1889 247 61 müssen!
2860 1888 263 78 Wagner

876 1996 56 52 in
972 1986 196 71 Wien,
1209 1985 160 61 Loos
1412 1993 54 51 in
1507 1983 188 73 Wien,
1737 1983 161 60 Peter
1939 1983 265 71 Behrens,
2247 1983 261 60 Martens
2548 1991 55 52 in
2645 1983 198 70 Berlin,
2898 1982 227 76 Poelzig

876 2090 56 51 in
974 2079 249 71 Breslau,
1264 2077 263 61 Franklin
1554 2077 229 77 Wright
1814 2085 55 52 in
1906 2076 263 78 Chicago
2211 2077 124 60 sind
2373 2076 201 61 bereits
2615 2075 269 62 moderne
2915 2075 172 61 Archi-

876 2173 203 61 tekten.
1124 2171 125 60 Wo
1291 2179 70 52 ist
1403 2170 74 60 da
1517 2194 168 36 unser
1727 2169 131 61 Stil?
1901 2169 115 61 Wo
2067 2179 70 51 ist
2187 2169 87 61 bei
2325 2169 164 61 ihnen
2541 2169 101 61 das
2686 2167 437 63 Gemeinsame?

875 2267 82 59 Im
1005 2264 416 71 Säuberlichen,
1472 2272 54 52 in
1577 2263 154 71 dem,
1783 2287 123 37 was
1959 2270 80 52 sie
2095 2263 342 76 weglassen,
2495 2270 55 52 in
2607 2263 99 59 der
2761 2278 359 61 gemauerten

875 2358 360 71 Selbstkritik,
1278 2357 89 61 die
1407 2366 80 52 sie
1530 2380 107 36 uns
1676 2357 248 76 bringen.
1969 2353 282 80 Übrigens
2292 2355 113 61 will
2444 2355 78 60 ich
2562 2378 117 38 von
2721 2354 400 69 Simultanität,

875 2453 135 61 noch
1052 2452 140 60 nicht
1231 2475 117 38 von
1390 2451 101 61 Stil
1531 2451 280 77 sprechen!

953 2547 113 60 Die
1116 2543 428 78 Gründerjahre
1600 2545 124 61 sind
1781 2542 99 61 der
1929 2542 302 62 Ausdruck
2288 2542 99 61 der
2437 2541 682 79 bürgerlich-unsittlichen

876 2640 366 62 Gesellschaft
1282 2648 74 50 im
1398 2639 392 59 neunzehnten
1832 2637 384 77 Jahrhundert.
2259 2636 159 78 Jeder
2458 2635 377 77 angestiefelte
2870 2636 213 76 Empor-

873 2734 304 76 kömmling
1218 2733 207 59 konnte
1459 2739 179 52 seiner
1670 2731 158 60 Frau
1860 2755 74 36 zu
1958 2730 409 62 Weihnachten
2404 2738 122 53 eine
2559 2729 340 77 Gotenburg
2931 2729 161 61 schen-

873 2828 135 70 ken,
1065 2828 151 75 j'eder
1273 2825 225 61 Streber
1557 2825 80 61 als
1686 2825 348 61 Baumeister
2090 2825 147 60 hatte
2296 2824 105 61 auf
2452 2824 98 61 der
2598 2823 372 61 Kunstschule
3020 2822 105 60 das

873 2919 193 68 Recht,
1117 2918 273 78 Neigung
1437 2941 103 37 zur
1587 2918 385 61 Renaissance
2019 2942 74 36 zu
2147 2917 214 71 fühlen,
2413 2918 137 60 oder
2598 2917 104 61 sich
2752 2916 240 62 Rokoko
3050 2938 73 40 zu

873 3012 329 71 wünschen,-
1243 3012 98 61 der
1381 3012 418 60 Protzenbauer
1832 3011 179 61 durfte
2043 3020 118 52 sein
2195 3011 160 61 Dorf
2380 3011 162 61 durch
2578 3018 87 52 ein
2700 3009 423 79 Stadtgebäude

873 3105 422 63 verschandeln:
1339 3120 204 44 anstatt
1583 3105 106 59 sich
1731 3128 73 36 zu
1844 3105 202 59 Hause
2087 3129 74 35 zu
2202 3103 366 73 verkriechen,
2612 3103 279 61 errichtete
2926 3126 58 38 er
3016 3103 105 60 sich

875 3208 123 53 eine
1038 3199 387 70 Wohnstätte,
1478 3197 87 60 die
1624 3197 239 78 zugleich
1922 3206 89 52 ein
2053 3196 407 62 Wahrzeichen
2519 3196 342 62 öffentlichen
2903 3195 185 79 Ärger-

872 3302 194 63 nisses,
1107 3302 183 52 seines
1331 3291 295 61 schlechten
1670 3291 298 77 Beispieles
2010 3290 213 64 wurde.
2268 3290 853 79 Versicherungsgesellschaften

872 3403 272 45 ersetzten
1196 3385 133 63 bald
1379 3387 89 59 die
1525 3385 331 61 himmlische
1897 3385 342 78 Vorsehung
2287 3384 117 61 und
2451 3384 261 61 schafften
2763 3385 103 60 das
2913 3407 169 38 warm-

871 3490 232 69 nestige,
1146 3479 389 79 hergebrachte
1568 3478 307 64 Strohdach
1921 3479 102 72 ab,-
2061 3502 67 38 so
2162 3478 345 61 bedauerlich
2542 3478 103 61 das
2678 3487 86 62 ist,
2799 3502 67 38 so
2899 3479 224 60 können

871 3585 104 51 wir
1016 3599 106 37 uns
1173 3575 136 61 doch
1361 3575 140 59 nicht
1552 3573 255 78 dagegen
1858 3573 335 70 auflehnen,
2244 3573 117 60 hier
2407 3572 195 79 spricht
2651 3581 87 53 ein
2788 3571 335 72 ordnendes,

871 3669 301 62 modernes
1214 3669 219 77 Prinzip
1475 3678 116 62 mit,
1637 3667 125 61 dem
1806 3667 269 63 Schicksal
2115 3667 204 61 wollen
2361 3675 104 52 wir
2505 3690 107 37 uns
2645 3666 140 61 nicht
2818 3683 272 61 entgegen-

872 3779 290 46 stemmen.
1223 3763 229 61 Freilich
1511 3763 115 77 gibt
1677 3785 60 39 es
1788 3770 418 70 imprägniertes
2255 3760 197 72 Stroh,
2501 3783 108 37 nur
2656 3769 69 51 ist
2772 3783 131 38 man
2946 3778 178 42 etwas

872 3864 125 69 spät
1037 3855 210 61 darauf
1280 3857 355 76 gekommen!

951 3948 226 61 Unsere
1226 3951 146 59 alten
1425 3949 199 63 Städte
1681 3948 258 62 brauchte
1996 3972 133 38 man
2181 3948 134 61 aber
2363 3948 140 61 nicht
2550 3971 73 38 zu
2672 3947 452 68 brandschatzen,

875 4042 104 64 das
1027 4042 178 61 Neue
1263 4042 151 61 hätte
1472 4052 247 67 weniger
1776 4042 315 62 erbärmlich
2151 4042 272 62 ausfallen
2480 4052 254 60 müssen,
2791 4041 187 62 zumal
3034 4038 89 61 die
