3404 4572
848 602 97 101 38

1410 606 136 50 Rene
1739 606 157 50 Scßicßefe•
1897 609 134 47 Hans

850 789 168 61 lerien
1066 790 228 61 beiseite
1343 792 240 61 nahmen
1631 793 117 61 und
1795 793 81 61 ihr
1923 794 385 61 zuflüsterten:
2474 793 110 61 daß
2632 793 90 61 die
2761 792 303 61 tatsächlich

851 884 135 59 noch
1028 883 193 62 leben?
1261 884 139 61 Wie
1439 894 82 51 sie
1562 886 168 61 heute
1769 887 154 60 wohl
1964 887 265 71 aussehn,
2271 887 89 61 die
2402 910 190 38 armen
2633 887 263 60 Frauen?

927 976 376 61 Balthasar:
1339 976 94 61 Sie
1466 987 272 51 träumen.
1775 978 140 60 Und
1949 980 123 68 alle,
2107 980 88 59 die
2229 987 79 52 sie
2342 978 215 64 damals
2590 978 240 78 gekannt
2863 977 202 69 haben,

850 1084 100 44 tun
999 1068 104 60 sich
1153 1067 117 61 und
1319 1068 165 60 ihnen
1534 1068 107 60 den
1686 1068 292 72 Gefäßen,
2026 1080 444 53 mitzuträumen.
2523 1071 82 61 So
2653 1080 153 68 gütig
2853 1079 71 52 ist
2963 1070 102 59 das

847 1160 207 60 Leben.
1117 1160 185 61 Selbst
1357 1160 108 70 die,
1523 1160 88 61 die
1667 1170 134 51 weit
1857 1161 137 61 über
2051 1162 116 60 ihre
2215 1162 131 60 Zeit
2403 1164 200 59 hinaus
2658 1173 406 61 vereinsamen,

849 1250 218 61 bleiben
1093 1259 88 51 nie
1206 1273 144 53 ganz
1376 1251 176 60 allein.
1585 1251 96 61 Sie
1706 1253 123 59 sind
1856 1253 82 59 ihr
1961 1253 193 61 letzter
2177 1254 252 68 Freund,
2463 1255 117 59 und
2604 1254 99 60 der
2727 1264 337 67 wenigstens

846 1342 116 62 läßt
1001 1352 80 50 sie
1122 1345 138 59 nicht
1300 1353 73 51 im
1415 1343 155 62 Stich,
1612 1344 188 61 Welch
1842 1353 89 52 ein
1971 1340 174 65 Trost
2186 1345 90 60 für
2317 1345 87 60 die
2445 1345 254 61 Frauen!

924 1435 271 63 Louise:
1242 1437 85 61 Es
1369 1446 70 52 ist
1479 1435 233 63 wirklich
1755 1446 88 52 ein
1884 1439 434 77 gespenstisches
2360 1439 184 60 Haus,

922 1528 376 62 Balthasar:
1334 1529 77 78 Ja,
1446 1538 86 52 ein
1565 1529 392 72 Mausoleum,
1989 1540 97 52 mit
2120 1531 462 61 Offenbachscher
2606 1529 214 64 Musik.
2857 1531 207 61 Haben

849 1620 94 62 Sie
985 1621 199 61 einmal
1226 1621 86 61 die
1355 1621 199 61 Gräfin
1595 1622 89 60 die
1729 1622 251 61 »Schöne
2021 1622 258 61 Helena«
2323 1631 194 69 singen
2559 1622 205 61 hören?

922 1714 270 61 Louise:
1241 1714 79 77 Ja,
1369 1714 148 59 dann
1568 1714 144 61 fährt
1768 1714 98 61 der
1905 1710 204 66 Teufel
2166 1724 52 52 in
2269 1725 80 51 sie
2397 1716 117 60 und
2561 1716 175 59 macht
2783 1724 81 52 sie
2912 1724 148 67 jung.

846 1805 334 61 Außerdem
1222 1815 69 51 ist
1331 1806 82 60 ihr
1454 1806 188 61 Gebiß
1682 1806 311 78 vorzüglich
2034 1808 318 76 gearbeitet,

924 1898 379 61 Balthasar:
1345 1899 355 76 Vorzüglich,

922 1992 272 59 Louise:
1239 1990 139 61 Und
1419 1992 98 59 der
1557 1992 110 61 alte
1710 1992 250 62 General
2001 1993 330 61 Kaufmann
2371 1994 202 60 scheint
2613 1992 233 61 wirklich

922 2082 376 61 Balthasar:
1349 2084 146 60 Man
1545 2083 146 61 kann
1733 2084 167 60 kaum
1942 2084 175 61 daran
2158 2086 272 61 zweifeln.
2481 2086 76 61 Ist
2597 2084 148 61 denn
2785 2107 116 37 nun
2944 2092 118 52 sein

844 2176 205 60 rechter
1089 2176 148 60 Arm
1277 2176 232 61 wirklich
1552 2177 116 60 und
1707 2177 334 78 wahrhaftig
2081 2203 102 36 aus
2227 2178 189 61 Gold?

921 2267 272 61 Louise:
1235 2269 81 58 Ich
1358 2267 298 79 behaupte,
1700 2293 102 37 aus
1846 2270 127 60 dem
2013 2271 120 59 Erz
2173 2271 282 60 eroberter
2495 2270 297 60 Kanonen.

921 2359 385 62 Balthasar:
1349 2360 136 61 Gab
1527 2384 61 37 es
1634 2361 148 60 1870
1823 2363 255 59 eroberte
2117 2363 317 59 Kanonen?

920 2451 270 61 Louise:
1231 2453 171 61 Kann
1444 2453 74 59 ich
1560 2451 171 63 Ihnen
1773 2455 139 59 nicht
1945 2477 188 55 sagen.
2177 2454 165 61 Aber
2383 2478 60 37 es
2477 2453 230 62 werden
2741 2453 152 61 wohl
2926 2453 135 59 noch

842 2553 178 67 einige
1061 2568 104 37 aus
1208 2545 97 60 der
1345 2547 132 59 Zeit
1518 2545 99 61 des
1660 2562 183 46 ersten
1885 2547 314 77 Napoleon
2239 2545 332 63 vorhanden
2619 2568 263 56 gewesen
2924 2553 136 53 sein.

919 2636 379 62 Balthasar:
1341 2638 96 61 Sie
1479 2638 124 60 sind
1644 2639 138 60 nicht
1822 2638 127 61 sehr
1989 2641 330 76 patriotisch.

919 2728 271 61 Louise:
1236 2730 192 61 Unser
1468 2731 384 61 Patriotismus
1886 2742 273 66 vergnügt
2200 2732 104 61 sich
2338 2740 54 52 in
2426 2731 97 61 der
2554 2730 504 78 Rumpelkammer,

841 2820 81 59 Ich
973 2820 146 61 kann
1169 2821 138 61 altes
1355 2821 167 78 Zeug
1571 2825 137 58 nicht
1755 2824 286 63 ausstehn.
2100 2825 86 61 Es
2237 2825 127 77 liegt
2403 2824 266 61 vielleicht
2709 2824 192 71 daran,
2952 2821 109 62 daß

844 2921 146 51 mein
1030 2913 186 60 Vater
1254 2914 358 76 begeisterter
1653 2915 275 61 Sammler
1968 2940 137 39 war.

1548 3094 374 60 ZWEITER
1959 3095 396 58 AUFTRITT

1560 3184 222 49 Louise.
1816 3183 317 50 Balthasar,
2169 3186 173 47 Hans,

920 3259 209 62 Hans;
1150 3267 195 56 <kommt
1360 3285 97 31 von
1475 3267 114 49 links
1608 3268 73 48 die
1696 3266 184 63 Treppe
1898 3268 401 61 heraufgestürmt.
2319 3269 104 49 Vor
2441 3269 170 50 Louise
2627 3268 160 50 stehen
2806 3269 249 58 bleibend):

849 3351 130 61 Uff!

917 3445 276 61 Louise:
1237 3446 129 61 Uff!

919 3536 384 65 Balthasar:
1350 3540 200 61 Guten
1592 3540 232 61 Abend.

916 3630 215 62 Hans:
1176 3631 200 61 Guten
1413 3633 229 71 Abend,
1675 3633 301 61 Madame!
2020 3633 172 61 Hätte
2225 3634 74 60 ich
2333 3634 137 60 nicht
2503 3635 248 76 gewußt,
2784 3635 109 62 daß
2928 3659 129 37 man

840 3721 115 61 hier
996 3732 89 50 nie
1124 3748 74 36 zu
1240 3734 126 69 spät
1405 3724 212 61 kommt

916 3815 274 63 Louise:
1236 3818 81 61 So
1359 3828 192 51 wären
1594 3819 95 61 Sie
1731 3819 317 63 vermutlich
2091 3818 269 79 pünktlich
2399 3843 282 54 gewesen.

917 3907 377 65 Balthasar:
1340 3911 184 62 Deine
1566 3912 156 61 Frau
1766 3913 199 61 findest
2004 3912 78 61 du
2122 3921 74 52 im
2229 3912 438 79 Wintergarten.

917 3998 215 63 Hans:
1175 4001 206 62 Danke
1421 4003 98 61 dir.
