3529 4572
1025 463 36 48 2
1065 462 188 49 ßeodor
1278 461 236 49 DäußCer
1542 485 9 11 •
1585 460 347 50 Simuftanität

2504 464 84 47 111

367 684 144 45 man,
553 656 82 59 bis
673 675 129 37 zum
836 649 439 78 Reichspostamt
1315 656 53 52 in
1402 647 455 77 Backsteingotik,
1899 647 141 61 Und
2072 671 156 37 zwar
2261 649 137 60 über
2429 649 165 61 Land

369 752 113 64 und
520 748 180 63 Meer.
760 745 148 61 Eine
958 741 257 63 Schmach
1264 741 158 61 brach
1472 741 139 61 über
1650 765 107 37 uns
1806 740 215 71 herein,
2070 741 89 61 die
2208 742 138 60 nicht
2387 742 208 60 wieder

366 863 95 62 gut
499 867 73 38 zu
611 839 224 62 machen
877 846 81 52 ist.
1001 835 473 77 Kunstgeiehrten
1515 844 130 68 ging
1686 835 103 61 das
1820 835 154 61 Licht
2016 835 88 59 für
2137 833 102 63 das
2272 835 323 61 Mittelalter

367 938 122 69 auf,-
527 958 127 37 man
696 930 204 62 denke:
941 929 315 61 Historiker
1289 929 119 59 und
1441 929 101 59 das
1575 929 239 76 gotische
1847 927 364 73 Bekenntnis,-
2242 927 352 63 Schulfüchse

367 1032 112 62 und
520 1028 86 61 die
647 1024 340 62 romanische
1028 1023 280 59 Inbrunst!

440 1123 79 61 Ich
560 1119 108 62 will
708 1117 129 62 bloß
889 1126 177 67 einige
1107 1114 576 79 Nationalunglücke,
1734 1115 89 63 die
1879 1140 106 36 uns
2043 1115 245 61 beschert
2335 1114 259 70 wurden,

366 1216 288 63 anführen:
698 1212 89 60 die
811 1209 514 78 Verunglimpfung
1364 1234 115 36 von
1514 1209 165 61 Stadt
1719 1209 118 61 und
1869 1209 196 61 Kirche
2097 1209 156 61 Uim,
2298 1209 113 61 Die
2436 1208 158 62 Ver«

365 1322 181 63 irrung
571 1331 72 36 zu
670 1303 387 78 Marienburg.
1101 1305 114 59 Die
1246 1302 400 64 wiederholten
1673 1303 319 78 Anschläge
2016 1326 176 55 gegen
2228 1302 102 61 das
2356 1302 201 61 Heidel-

364 1408 188 72 berger
583 1400 212 63 Schloß,
839 1400 113 60 Die
976 1397 407 78 Auslieferung
1425 1397 98 61 der
1562 1399 182 59 Ruine
1776 1397 481 78 Hohkönigsburg
2290 1406 74 51 im
2398 1396 192 61 Elsaß,

364 1499 120 61 Das
510 1494 355 62 Verbrechen
908 1517 73 37 an
1014 1493 247 61 Meißen,
1305 1493 111 59 Die
1448 1490 341 78 Bedrohung
1830 1490 100 61 des
1970 1490 342 61 Hradschins
2346 1499 55 51 in
2435 1490 157 76 Prag,

362 1593 134 65 <Die
535 1584 191 65 Toren
774 1588 173 60 sehen
996 1588 166 70 nicht,
1212 1587 109 61 daß
1371 1588 89 58 die
1507 1585 335 77 prachtvolle
1881 1584 375 62 Horizontale
2298 1584 98 60 der
2435 1583 157 61 Hof«

362 1687 137 74 bürg
539 1684 199 60 bereits
779 1689 99 53 mit
919 1689 182 53 einem
1142 1681 219 61 stecken
1401 1678 363 79 gebliebenen
1804 1678 307 62 Veitsdom
2159 1678 261 70 rechnet.)
2477 1677 113 61 Die

362 1777 480 76 Zurechtrichtung
882 1775 306 61 sämtlicher
1228 1773 380 76 ehrwürdiger
1648 1772 236 62 Kirchen
1926 1781 54 52 in
2022 1772 172 61 Köln.
2239 1772 115 61 Die
2387 1771 207 61 mond«

364 1871 210 76 silbrige
623 1869 368 60 Innerlichkeit
1041 1891 114 37 von
1206 1866 177 63 Sankt
1432 1866 233 61 Gereon
1723 1875 68 52 ist
1847 1866 140 61 nicht
2041 1866 170 60 mehr.
2271 1865 194 61 Maria
2520 1872 75 51 im

362 1963 228 80 Kapitol
630 1964 146 59 kann
818 1985 130 37 man
990 1985 106 37 nur
1136 1963 137 59 noch
1315 1959 216 62 abends
1571 1959 267 62 betreten.
1891 1959 140 61 Und
2070 1983 67 37 so
2178 1957 173 78 geht's
2394 1957 197 61 endlos

362 2068 202 52 weiter,
609 2058 115 61 Wb
767 2081 61 36 es
870 2073 181 44 etwas
1091 2055 334 61 Erhabenes
1469 2063 53 52 in
1564 2053 381 62 Deutschland
1985 2054 129 77 gab,
2157 2053 127 62 dort
2324 2053 97 61 hat
2460 2077 131 35 man

364 2150 436 78 herumgetiftelt,
826 2152 321 76 geschmiert
1179 2149 117 60 und
1329 2148 404 77 ausgebessert,
1758 2148 84 61 bis
1876 2148 168 60 nichts
2077 2148 156 60 mehr
2267 2147 159 76 übrig
2450 2170 139 36 war.

361 2246 365 77 Handlanger
766 2244 99 61 des
907 2244 441 61 Materialismus
1400 2242 184 61 haben
1627 2241 89 61 die
1766 2250 313 52 steinernen
2123 2239 469 78 Offenbarungen

364 2363 223 36 unserer
626 2337 285 78 Mystiker
950 2336 400 77 vergewaltigt.
1410 2335 398 69 Deutschland,
1850 2357 120 37 was
2012 2333 126 61 hast
2178 2333 78 60 du
2298 2332 137 61 über
2477 2332 114 60 dich

362 2432 234 78 ergehen
630 2432 209 60 lassen!
882 2430 132 61 Wir
1044 2429 294 77 religiösen
1363 2429 309 59 Menschen
1706 2436 362 69 protestieren
2102 2449 178 55 gegen
2314 2426 89 60 die
2427 2425 168 61 Will«

362 2528 116 70 kür,
519 2526 88 61 die
632 2525 519 76 Unbotmäßigkeit,
1193 2533 98 51 mit
1324 2524 98 60 der
1453 2545 132 39 man
1618 2524 105 60 sich
1757 2523 138 59 über
1927 2521 225 77 Erbgut
2184 2520 193 71 macht,
2412 2520 182 61 Herr«

361 2620 152 61 liebes
539 2620 82 61 bis
647 2643 100 37 zur
770 2617 479 63 Unkenntlichkeit
1281 2617 208 59 wäscht
1515 2615 119 61 und
1667 2615 235 71 lackiert.
1936 2614 334 61 Erhabenes
2305 2629 285 45 ausrottet.

361 2716 245 77 Heiliges
647 2714 174 70 Köln,
864 2714 77 60 du
981 2713 109 61 bist
1129 2712 139 61 nicht
1308 2712 177 61 mehr!
1529 2709 248 78 Heiliger
1809 2711 178 68 Dom,
2020 2708 152 61 wohl
2205 2708 108 61 bist
2346 2707 78 62 du
2457 2708 135 60 noch

361 2810 188 69 schön,
600 2808 334 60 furchtbarer
974 2805 420 77 Mitschuldiger
1443 2829 72 35 an
1557 2803 98 61 der
1695 2803 426 78 Verpfuschung
2162 2801 430 70 Deutschlands,

362 2902 202 61 könnte
605 2902 76 61 ich
723 2902 84 60 dir
846 2900 239 62 fluchen?
1132 2900 132 61 Wie
1312 2909 88 50 ein
1444 2897 513 78 Gletschergebirge
2006 2897 101 60 sah
2158 2896 76 60 ich
2285 2895 140 71 dich,
2477 2918 117 38 von

361 2995 314 62 Mühlheim
731 3019 123 48 aus,
912 3005 84 51 ins
1038 2994 368 77 Augustblau
1462 2991 429 78 tausendzackig
1940 2989 244 63 funkeln.
2243 2990 126 60 Das
2427 2989 167 61 indu«

361 3090 196 61 strielle
599 3088 389 78 Großgewölk
1035 3088 209 59 konnte
1292 3086 140 61 nicht
1477 3086 84 60 bis
1611 3109 72 37 zu
1740 3084 83 61 dir
1879 3083 246 62 hinüber.
2184 3081 407 78 Unweigerlich

360 3184 270 78 gipfeltest
662 3183 98 70 du,
787 3184 174 69 Dom,
988 3191 98 50 mit
1117 3189 312 52 steinernen
1458 3178 531 63 Sehnsuchtshälsen
2023 3178 140 61 über
2195 3177 104 61 alle
2326 3175 266 61 Mensch«

360 3278 200 61 lichkeit
610 3300 194 56 empor
853 3286 82 51 ins
995 3283 176 69 ewige
1221 3273 305 62 Sanftblau,
1582 3273 369 75 Lilasilbriges
1999 3269 408 78 Eigengewölk
2463 3292 128 36 um«

361 3370 172 62 halste
573 3371 114 61 dich
729 3380 55 51 in
826 3367 362 62 riesenhafter
1228 3365 605 76 Schwanenhaftigkeit,
1890 3365 102 58 Du
2041 3363 271 70 wußtest,
2361 3361 110 59 daß
2512 3361 82 59 du

362 3474 84 51 ein
487 3465 143 77 Berg
670 3464 124 71 bist,
837 3464 146 58 denn
1027 3462 76 60 du
1145 3460 204 60 hattest
1381 3457 192 63 Nebel
1613 3459 116 59 und
1758 3456 269 70 Wolken,
2069 3456 78 60 du
2186 3455 260 70 wußtest,
2483 3453 111 60 daß

364 3558 75 61 du
484 3575 187 45 zuerst
719 3556 277 61 abkühlen
1044 3555 275 67 würdest,
1377 3575 95 37 um
1531 3553 151 59 dann
1739 3550 98 61 der
1893 3550 164 61 Stadt
2104 3546 359 64 Nachtkühle
2518 3570 74 37 zu

360 3653 261 76 spenden.
681 3653 102 60 Du
832 3652 108 59 bist
982 3658 86 52 ein
1110 3649 174 69 Sinai,
1326 3647 216 59 Kölner
1570 3644 403 77 Gebirgswelt,
2013 3641 442 63 Bekennerhand
2496 3641 96 60 hat

362 3746 111 59 dich
515 3747 331 76 aufgebaut/
894 3744 78 60 du
1019 3743 108 60 bist
1176 3742 98 59 der
1314 3741 144 76 Berg
1510 3762 103 37 aus
1663 3761 240 38 unseren
1946 3735 290 63 Gesetzen
2286 3735 308 77 hervorge«

361 3848 187 53 türmt:
590 3840 95 71 du,
728 3838 78 61 du
846 3838 175 77 birgst
1063 3859 206 38 unsere
1311 3833 196 76 heilige
1547 3831 203 62 Wolke
1792 3840 54 50 in
1888 3829 320 61 Pfeilerhut.

436 3934 81 59 Ich
558 3934 145 61 habe
743 3934 108 59 den
893 3931 216 62 Kölner
1150 3930 157 61 Dom
1348 3928 261 60 betreten.
1667 3925 115 61 Ein
1827 3925 222 71 Schritt,
2092 3923 117 61 und
2251 3923 75 61 ich
2368 3946 120 38 war
2537 3931 55 52 in
