3371 4572
758 600 63 52 24

1310 604 135 48 Rene
1475 602 228 50 Scßicßete
1734 626 9 11 ■
1776 602 154 48 Hans
1963 607 66 42 im
2061 598 351 52 ScßnaftenfoS

832 785 282 64 Schmitt;
1160 789 155 60 Weil
1357 789 97 60 der
1487 788 224 59 Bisdiof
1743 788 133 58 midi
1917 786 94 59 hat
2052 785 190 76 fragen
2284 784 203 68 lassen,
2519 805 120 37 was
2675 781 73 60 ich
2783 780 181 60 nachts

756 877 162 61 durch
968 878 89 62 die
1097 880 211 60 Dörfer
1355 903 74 37 zu
1478 880 356 75 galoppieren
1884 877 161 59 hätte.
2097 877 141 58 Und
2276 899 121 36 was
2446 877 75 58 ich
2571 883 53 51 in
2666 874 98 60 der
2804 870 162 62 Stadt

763 972 201 60 suchte.

832 1062 342 60 Starkfuß:
1237 1062 186 61 Siehst
1471 1062 101 60 du!
1627 1061 116 61 Gib
1793 1061 135 68 acht,
1978 1082 59 37 es
2082 1059 200 59 dauert
2322 1059 138 59 nicht
2500 1058 180 75 lange,
2729 1057 73 58 da
2842 1054 125 61 sind

758 1162 102 50 wir
901 1162 121 50 eine
1064 1150 472 80 Teufelslegende
1575 1152 321 76 geworden,

832 1245 211 60 Hans:
1104 1245 227 61 Schnell.
1439 1274 19 13 -
1519 1245 81 61 Ich
1657 1246 177 59 stecke
1885 1242 152 61 Geld
2094 1251 87 51 ein
2240 1241 116 60 und
2412 1241 181 60 lösche
2651 1241 99 60 das
2799 1240 164 59 Licht.

760 1335 189 60 Macht
989 1335 149 62 leise,

1359 1413 297 60 (Dimpfel,
1691 1413 237 54 Sdimitt,
1961 1409 272 51 Starkfuß
2267 1409 102 54 ab,)

1313 1576 645 61 SECHZEHNTER
1994 1573 428 58 AUFTRITT

1680 1700 172 47 Hans,
1887 1696 151 48 Klär,

763 1805 111 55 <Die
906 1805 158 49 Bühne
1097 1806 140 50 bleibt
1279 1813 131 43 einen
1443 1805 288 61 Augenblick
1772 1805 105 55 leer,
1909 1802 218 50 während
2159 1804 135 47 Hans
2336 1802 72 50 die
2440 1800 529 51 Schreibtischsdiublade

1781 1881 176 53 öffnet.)

837 1975 164 59 Klär
1043 1988 66 48 <in
1142 1988 148 43 einem
1322 1984 178 48 weißen
1533 1981 268 55 Schlafrock)
1812 1998 9 30 :
1862 1973 277 69 Verzeih,
2181 1973 193 68 Hans,
2417 1973 74 58 ich
2533 1971 142 60 habe
2717 1970 82 61 dir
2839 1993 96 38 ver-

762 2067 259 76 sprechen
1062 2078 248 58 müssen,
1351 2068 113 60 dich
1506 2067 168 61 heute
1716 2068 137 58 nicht
1895 2065 385 61 fortzulassen.

835 2158 210 61 Hans:
1091 2159 166 61 Mach
1261 2159 17 22 7
1280 2208 17 21 ,
1337 2159 147 70 bitte,
1518 2168 335 66 wenigstens
1887 2158 89 60 die
2008 2153 154 65 Türe
2202 2181 90 35 zu.
2336 2157 125 58 Das
2496 2155 251 60 Kleinste
2780 2154 191 60 schreit

763 2251 211 59 wieder
1014 2261 108 51 wie
1162 2252 283 60 besessen,
1490 2260 160 54 <Klär
1682 2258 181 50 schließt
1895 2258 71 49 die
1998 2255 133 57 Tür.)

836 2342 183 60 Klär;
1064 2343 101 60 Du
1205 2343 167 60 willst
1411 2343 136 60 nicht
1588 2342 172 70 mehr,
1804 2342 107 60 daß
1952 2342 75 60 ich
2070 2341 112 60 dich
2223 2338 382 63 zurückhalte?

835 2435 60 58 H
907 2458 138 38 ans:
1089 2436 149 60 Hast
1280 2436 78 60 du
1400 2436 134 59 noch
1576 2436 137 60 nicht
1753 2434 338 77 geschlafen?

835 2528 182 59 Klär;
1078 2529 80 58 Ich
1209 2528 144 61 habe
1402 2538 73 51 im
1514 2529 122 60 Bett
1684 2528 365 76 aufgesessen
2099 2526 117 60 und
2263 2540 287 61 gewartet,
2601 2524 83 59 bis
2726 2524 74 58 ich
2842 2530 122 52 ein*

757 2620 208 75 greifen
1007 2620 223 71 könnte,
1271 2630 110 51 wie
1421 2620 78 60 du
1539 2637 223 59 sagtest,

835 2712 209 61 Hans:
1090 2713 80 58 Ich
1212 2713 145 60 habe
1397 2714 83 59 dir
1527 2713 137 58 nicht
1703 2728 212 61 gesagt,
1958 2712 108 61 daß
2110 2712 76 58 du
2226 2710 225 60 wachen
2491 2708 228 62 solltest.

835 2803 182 61 Klär:
1062 2804 80 59 Im
1184 2803 185 61 Schlaf
1402 2803 146 60 hätte
1589 2804 74 59 ich
1706 2804 113 60 dich
1859 2804 138 59 nicht
2035 2820 99 59 gut
2173 2802 293 60 aufhalten
2507 2801 238 58 können,

836 2896 211 61 Hans:
1099 2897 100 59 Du
1241 2897 124 60 hast
1405 2896 186 61 Schlaf
1633 2905 178 67 nötig.
1853 2896 159 70 Klär,
2054 2896 76 58 du
2171 2896 155 60 mußt
2365 2893 108 61 viel
2515 2892 153 61 mehr
2709 2891 253 61 schlafen.

760 2987 81 60 Ich
882 2989 185 58 mache
1108 2997 101 51 mir
1249 2989 214 75 Sorgen
1506 3011 94 36 um
1644 2987 161 61 deine
1845 2986 373 61 Gesundheit.

837 3080 180 61 Klär:
1062 3080 141 61 Sehr
1245 3080 292 61 freundlich
1694 3080 77 60 du
1812 3079 197 61 bleibst
2050 3080 165 60 nicht?

837 3173 211 59 Hans:
1092 3173 157 61 Wo?

841 3264 185 61 Klär:
1071 3265 99 60 Bei
1212 3265 132 60 mir?

838 3356 211 62 Hans:
1095 3357 349 76 Unmöglich,
1486 3357 89 60 die
1617 3356 209 61 andern
1871 3372 274 43 erwarten
2187 3356 149 59 midi.

837 3450 185 61 Klär:
1067 3450 183 61 Wäre
1292 3450 127 61 dein
1458 3450 130 59 Fuß
1628 3451 136 58 nicht
1806 3458 86 50 ein
1934 3448 301 60 Vorwand
2282 3479 60 16 ■—

841 3542 211 60 Hans:
1096 3542 159 69 Klär,
1297 3542 77 60 du
1416 3542 169 60 weißt
1624 3541 154 70 doch,
1820 3540 108 61 daß
1970 3563 60 38 es
2072 3540 328 61 verabredet
2442 3564 134 37 war.

836 3635 185 61 Klär:
1067 3635 98 61 Du
1207 3635 124 61 hast
1372 3635 166 60 Recht
1581 3682 9 13 ,
1630 3682 10 13 .
1679 3682 10 13 .
1726 3634 150 59 Was
1919 3634 173 59 macht
2131 3632 81 60 ihr
2253 3641 52 51 in
2347 3632 98 61 der
2486 3632 193 61 Stadt?

837 3728 210 61 Hans:
1106 3728 154 59 Zum
1316 3728 375 61 zehntenmal:
1757 3725 248 79 Dimpfel
2063 3725 116 61 und
2235 3726 74 59 ich
2365 3725 145 78 gehn
2566 3735 83 51 ins
2705 3721 266 72 Theater,

762 3818 266 62 Starkfuß
1068 3829 54 51 in
1162 3829 118 52 sein
1313 3822 220 59 Kasino
1575 3819 116 61 und
1725 3819 98 61 der
1848 3818 173 62 Abbe
2061 3842 74 36 zu
2176 3827 180 52 seiner
2388 3818 216 61 Mama,
2644 3818 123 60 Das
2803 3817 165 69 heißt,

765 3909 73 61 da
870 3933 226 55 morgen
1124 3912 254 77 Sonntag
1410 3921 85 61 ist,
1529 3912 141 60 wird
1697 3935 58 37 er
1779 3909 152 63 wohl
1956 3911 164 76 gleich
2145 3912 389 60 zurückreiten.
2578 3911 150 59 Dem
2761 3909 210 60 kommt

762 4024 60 38 es
864 4025 104 37 nur
1009 4003 106 60 auf
1148 4003 89 61 die
1276 4005 324 76 Bewegung
1641 4027 89 37 an.
