3498 4572
978 560 136 50 Rene
1143 558 230 49 Sctiicßefe
1406 582 14 14 •
1450 560 154 47 Hans

2589 569 63 48 39

505 735 373 63 Balthasar;
922 729 94 63 Sie
1051 729 96 61 hat
1179 729 133 60 mich
1347 729 391 77 fortgeschickt,
1772 731 128 61 weil
1935 732 75 60 ich
2045 732 83 61 ihr
2161 735 108 58 auf
2294 735 90 59 die
2408 736 242 61 Nerven

427 840 141 69 ging,
611 825 115 62 und
766 825 74 59 ich
882 832 128 68 ging
1049 822 83 61 ihr
1173 822 109 60 auf
1315 822 90 61 die
1437 822 263 73 Nerven,
1740 825 129 59 weil
1911 826 76 58 ich
2027 835 103 51 mir
2165 826 105 61 alle
2303 827 188 61 Mühe
2523 829 128 76 gah,

428 933 79 52 sie
548 945 72 37 zu
663 928 207 52 stören,

501 1015 272 60 Louise:
816 1010 95 61 Sie
952 1009 193 70 sehen,
1188 1032 60 39 es
1288 1009 205 79 gelingt
1535 1010 134 61 doch
1712 1011 140 61 nicht
1893 1020 212 54 immer.

501 1104 369 64 Balthasar:
931 1103 96 61 Sie
1082 1112 55 52 in
1187 1103 100 61 der
1326 1104 347 61 verzweifelt
1719 1105 355 79 tiefsinnigen
2124 1107 371 80 Betrachtung
2551 1108 99 62 des

426 1197 437 65 Türausschnitts
906 1221 74 36 zu
1022 1204 210 63 stören,
1274 1206 55 52 in
1372 1197 128 62 dem
1542 1198 78 61 du
1663 1201 315 61 ersdieinen
2020 1199 235 64 solltest.

501 1292 209 60 Hans:
756 1288 221 62 Danke.
1023 1297 152 56 (Nach
1209 1304 125 44 einer
1356 1298 195 58 Weile.)
1590 1293 121 61 Bist
1750 1292 78 61 du
1871 1293 196 78 fertig?

500 1386 271 58 Louise:
799 1382 259 61 Werden
1085 1382 95 62 Sie
1213 1394 90 50 nie
1336 1385 305 71 aufhören,
1674 1385 163 62 Ihren
1870 1386 220 61 Bruder
2124 1396 110 51 wie
2267 1396 162 52 einen
2457 1387 194 63 Schuh»

425 1477 185 63 buben
651 1500 73 36 zu
765 1475 352 62 behandeln?

500 1571 209 60 Hans:
773 1569 217 61 Sobald
1038 1593 61 38 er
1147 1571 140 60 nicht
1334 1573 157 59 mehr
1538 1580 55 52 in
1641 1582 103 52 mir
1792 1573 110 62 den
1942 1573 211 62 Lehrer
2204 1574 161 70 sieht,
2416 1574 98 61 der
2556 1599 95 37 um

423 1664 159 78 jeden
623 1664 148 59 Preis
814 1673 256 66 geärgert
1110 1664 232 61 werden
1383 1665 152 61 muß,

500 1757 269 60 Louise:
814 1756 134 61 Daß
990 1756 96 62 Sie
1128 1757 269 61 einander
1438 1758 136 60 noch
1616 1758 140 61 nicht
1795 1759 416 78 totgeschlagen
2255 1759 209 63 haben!

500 1848 185 60 Hans
736 1856 246 56 (lachend):
1055 1848 222 63 Früher
1336 1850 167 62 liebte
1561 1874 60 38 er
1669 1875 83 47 es,
1809 1853 133 59 mich
2001 1852 341 73 anzufallen,
2399 1862 100 51 mit
2553 1853 99 61 der

425 1940 313 72 Schleuder,
779 1950 98 52 mit
917 1941 129 61 dem
1088 1944 285 77 Knüppel,
1415 1952 98 53 mit
1546 1944 128 61 dem
1707 1945 248 61 Messer.
2001 1945 81 61 Ich
2118 1945 146 62 habe
2297 1945 94 61 ihn
2424 1955 90 52 nie
2547 1970 105 37 an«

423 2032 240 79 gerührt,
713 2057 61 38 es
817 2044 80 51 sei
939 2035 147 61 denn
1136 2059 287 53 gewesen,
1474 2060 96 37 um
1618 2038 113 59 ihm
1780 2048 119 51 sein
1940 2038 489 78 Mordwerkzeug
2469 2039 183 62 abzu«

425 2126 251 63 nehmen.
721 2128 81 59 Ich
845 2129 147 61 weiß
1034 2129 158 71 nicht,
1234 2153 221 37 warum
1496 2130 97 63 Sic
1632 2130 125 76 jede
1792 2130 376 78 Gelegenheit
2200 2132 302 71 benützen,
2544 2156 107 38 uns

422 2229 53 52 in
517 2220 527 80 hochnotpeinlicher
1085 2223 204 62 Weise
1329 2248 75 36 zu
1444 2224 436 61 konfrontieren,

498 2313 272 61 Louise:
814 2314 158 61 Weil
1014 2314 95 63 Sie
1151 2316 163 61 beide
1353 2332 102 61 gut
1495 2317 369 61 aufeinander
1904 2318 329 76 eingespielt
2275 2317 137 61 sind,

498 2407 212 61 Hans;
747 2408 127 61 Das
892 2408 180 63 kleine
1090 2408 282 63 Mädchen
1391 2410 146 61 kann
1556 2419 90 53 nie
1663 2434 187 54 genug
1865 2410 340 62 bekommen
2225 2420 98 52 mit
2341 2411 311 79 Spielen—

423 2501 137 79 gelt?
601 2500 132 61 Wir
774 2502 127 60 sind
941 2502 162 61 keine
1146 2502 323 61 feindlichen
1509 2504 236 71 Brüder,
1786 2504 330 61 Balthasar?

497 2595 378 61 Balthasar:
897 2594 177 62 Nein,
1095 2590 310 66 Trotzdem
1423 2595 142 78 gehe
1583 2596 76 60 ich
1677 2607 131 64 jetzt
1827 2596 157 70 nicht,
2003 2595 181 61 bevor
2201 2595 79 61 du
2298 2596 133 60 mich
2449 2596 198 63 bittest.

497 2689 211 61 Hans;
751 2689 150 61 Wer
941 2704 125 61 sagt
1107 2688 83 59 dir
1231 2688 169 70 denn,
1442 2689 109 61 daß
1593 2689 79 62 du
1712 2688 146 79 gehn
1902 2689 193 61 sollst?

498 2783 357 61 Balthasar
888 2796 80 49 (zu
1002 2791 213 56 Louise):
1250 2782 97 62 Sie
1389 2784 171 60 nicht?

497 2876 249 62 Louise
789 2885 156 59 (greift
977 2882 93 51 ihm
1103 2888 46 45 in
1185 2883 74 51 die
1291 2885 181 56 Haare)
1485 2901 10 32 :
1531 2876 343 79 Kindskopf,

497 2968 357 61 Balthasar
895 2981 275 51 (verwirrt);
1215 2970 174 59 Dann
1430 2970 182 61 bleibe
1654 2971 93 61 ich,

497 3062 213 63 Hans:
736 3064 78 76 Ja,
841 3062 140 73 also,
1011 3062 150 61 dann
1188 3064 110 59 will
1324 3065 75 58 ich
1428 3064 99 61 der
1554 3064 199 61 Gräfin
1780 3073 183 52 meine
1987 3062 398 79 Aufwartung
2410 3065 224 60 machen

497 3155 273 62 Louise:
799 3156 113 61 Die
929 3173 134 61 gute
1074 3156 246 61 Pauline,
1342 3156 113 61 Als
1476 3156 89 63 bei
1584 3167 182 52 einem
1791 3156 305 63 ländlichen
2115 3156 143 63 Fest
2283 3164 54 53 in
2356 3156 295 63 St.Cloud

422 3255 85 53 ein
564 3249 348 61 Feuerwerk
976 3249 348 78 abgebrannt
1386 3250 221 70 wurde,
1670 3266 159 63 sagte
1886 3259 82 54 sie
2025 3249 298 62 seufzend:
2387 3250 264 60 »Woran

423 3348 159 54 einen
624 3342 184 61 dieses
848 3342 144 70 Puff,
1033 3342 135 61 Puff
1201 3342 135 61 alles
1380 3344 306 60 erinnert!«

497 3433 61 61 H
568 3459 142 37 ans:
761 3436 81 60 Ich
886 3435 193 61 werde
1128 3435 101 61 der
1269 3435 202 62 Gräfin
1521 3436 184 61 dieses
1756 3435 516 62 unveröffentlichte
2313 3435 246 61 Bonmot
2599 3442 53 52 in

422 3525 177 63 Ihrem
638 3529 255 76 Auftrag
934 3527 287 61 schenken,

496 3620 273 63 Louise:
814 3621 98 62 Sie
953 3621 208 60 wollen
1203 3621 155 61 wohl
1399 3644 108 37 vor
1547 3621 89 61 die
1676 3617 123 64 Tür
1838 3636 217 63 gesetzt
2095 3620 264 61 werden?

496 3713 211 63 Hans:
750 3714 181 71 Nein,
964 3714 169 70 denn,
1165 3738 95 37 um
1296 3714 211 61 wieder
1540 3714 189 61 herein
1763 3738 74 37 zu
1870 3714 281 71 kommen,
2192 3714 192 61 müßte
2417 3714 75 60 ich
2526 3729 126 46 ent«

422 3805 188 63 weder
658 3808 165 61 durch
873 3808 84 61 ihr
997 3807 416 63 Schlafzimmer
1461 3807 140 61 oder
1649 3807 165 61 durch
1858 3807 91 61 die
1989 3807 261 78 Kapelle,
2299 3807 120 61 und
2458 3807 193 62 beides

421 3908 153 52 wäre
600 3911 101 52 mir
727 3927 74 36 zu
826 3902 397 62 beschwerlich.
1253 3901 155 62 Also
1535 3915 194 49 (summt
1767 3908 263 63 abgehend)
2065 3901 119 61 »Ich
2217 3902 94 61 bin
2337 3901 99 62 der
2462 3902 190 76 König

423 3988 356 68 Menelaus«,
