3459 4572
969 547 148 49 Rene’
1131 547 233 49 Scßicfiefe
1398 570 7 10 •
1442 547 154 49 Hans
1628 565 67 29 tm
1727 546 355 50 ScbnaßenCocß

2576 550 58 48 31

411 764 60 38 es
520 739 164 61 schon
726 734 464 62 zurückerobern,
1243 734 237 61 Kommt
1521 734 136 61 aber
1698 734 184 61 dieser
1922 734 195 77 Krieg,
2159 758 123 37 was
2325 734 146 61 Gott
2510 759 99 37 ver-

412 834 171 60 hüten
631 838 185 67 möge,
873 851 68 38 so
991 827 225 60 erleben
1266 827 96 62 Sie
1412 835 124 52 eine
1585 827 407 78 Katastrophe,
2042 835 98 52 mit
2189 827 99 60 der
2335 828 309 77 verglichen

412 924 190 63 Sedan
642 931 125 50 eine
809 919 368 78 unglückliche
1210 919 493 79 Manöverübung
1734 943 138 37 war.
1919 919 270 62 Glauben
2225 920 95 61 Sie
2353 929 101 51 mir
2488 920 157 70 doch,

410 1020 146 68 bitte,
599 1016 75 59 ich
715 1013 181 61 kenne
929 1014 405 70 Deutschland,
1376 1014 118 61 und
1535 1016 76 58 ich
1653 1014 182 61 kenne
1874 1013 357 62 Frankreich:
2277 1014 181 61 dieses
2486 1014 159 61 Volk

411 1134 114 38 von
558 1108 118 61 hier
708 1108 84 60 bis
826 1131 73 37 an
933 1107 90 61 die
1054 1108 274 61 russische
1362 1107 253 71 Grenze,
1656 1108 169 79 Kopf
1850 1131 72 37 an
1957 1108 177 79 Kopf,
2170 1107 178 62 Hand
2381 1117 53 51 in
2467 1108 178 61 Hand

411 1214 69 52 ist
528 1211 123 52 eine
701 1210 214 69 einzige
965 1202 503 77 Kriegsmaschine,
1519 1201 88 61 die
1657 1225 107 37 nur
1812 1211 98 51 mit
1958 1211 183 52 einem
2181 1202 359 61 Hebeldruck
2589 1211 53 52 in

412 1296 172 77 Gang
631 1309 216 62 gesetzt
886 1318 75 37 zu
1002 1294 231 61 werden
1273 1295 243 61 braucht.
1577 1294 96 62 Sie
1715 1304 70 52 ist
1828 1295 177 78 fertig,
2048 1295 140 61 nicht
2230 1304 87 52 ein
2361 1295 281 62 Schräub*

411 1390 147 68 dien,
600 1387 102 62 das
746 1387 73 61 da
862 1387 151 71 fehlt,
1055 1388 380 61 vollkommen
1478 1388 267 61 bemannt
1784 1389 118 60 und
1943 1389 161 76 jeden
2147 1388 352 79 Augenblick
2540 1389 104 61 be*

411 1492 117 62 reit,
571 1482 90 61 die
701 1482 209 61 Arbeit
950 1506 73 37 zu
1065 1482 293 77 beginnen,

490 1575 277 60 Cavrel:
810 1575 82 60 Ich
934 1575 348 62 bewundere
1324 1575 184 60 dieses
1536 1576 182 59 Volk!
1762 1576 79 76 Ja,
1883 1576 75 59 ich
2001 1575 147 60 kann
2190 1599 193 54 sagen,
2425 1575 110 60 daß
2568 1576 74 59 ich

412 1693 59 36 es
513 1669 157 59 liebe,

489 1761 268 62 Gräfin:
800 1762 152 61 Herr
991 1761 464 78 Abgeordneter!

489 1855 276 61 Cavrel:
819 1856 113 60 Die
974 1856 324 60 Deutschen
1346 1855 128 61 sind
1524 1864 88 52 ein
1662 1856 203 78 großes
1907 1856 178 72 Volk,
2136 1856 119 61 und
2296 1855 75 61 ich
2413 1855 233 62 verehre

411 1949 89 61 die
542 1949 220 71 Größe,
803 1973 97 37 wo
942 1950 76 60 ich
1059 1958 82 52 sie
1183 1949 160 61 finde.
1386 1949 135 61 Wir
1560 1949 249 61 könnten
1851 1950 146 61 stolz
2038 1958 140 62 sein,
2218 1949 118 62 ihre
2377 1949 269 62 Freunde

412 2067 73 37 zu
527 2043 214 61 heißen.
787 2043 141 61 Und
969 2052 104 52 wir
1112 2043 246 62 könnten
1400 2053 82 52 sie
1522 2044 294 61 brauchen.

489 2136 227 62 Simon
757 2150 182 51 <immer
971 2146 234 55 ironisch):
1240 2137 124 62 Ihre
1381 2137 347 79 Verehrung
1755 2138 89 61 für
1870 2138 89 61 die
1986 2137 203 62 Größe
2223 2147 70 52 ist
2315 2147 90 52 ein
2423 2133 221 75 Tribut,

414 2230 109 61 den
565 2231 96 61 Sie
702 2231 107 61 sich
850 2231 176 61 selbst
1065 2231 202 62 zollen.

487 2324 215 60 Hans:
746 2324 113 61 Die
892 2324 450 77 Eigenschaften,
1384 2325 90 61 die
1516 2325 95 62 Sie
1653 2349 74 37 an
1761 2324 318 79 Napoleon
2119 2324 257 71 rühmen,
2419 2324 90 61 die
2551 2324 96 60 hat

412 2418 182 76 gewiß
642 2418 125 61 kein
825 2418 267 61 lebender
1139 2419 333 70 Deutscher,
1527 2419 136 61 aber
1712 2418 384 62 Deutschland
2152 2419 83 61 als
2286 2418 361 61 Gesamtheit

411 2519 269 69 vereinigt
727 2521 82 52 sie
850 2512 107 61 alle
998 2522 54 51 in
1094 2513 124 61 sich.
1271 2513 126 61 Das
1438 2512 172 79 klingt
1649 2513 173 61 Ihnen
1861 2512 268 61 vielleicht
2169 2512 293 70 lächerlich,
2512 2511 135 62 aber

411 2612 53 51 in
505 2603 99 61 der
643 2605 134 60 Zeit
817 2605 100 60 der
948 2606 638 77 Massenbewegungen
1621 2615 71 52 ist
1726 2606 135 59 auch
1896 2606 103 61 das
2035 2605 190 62 Genie
2256 2605 267 60 vielleicht
2556 2613 89 52 ein

411 2696 490 80 Kollektivbegriff
933 2698 309 78 geworden
1284 2700 118 59 und
1442 2698 268 63 bedeutet
1750 2721 146 55 ganz
1929 2698 209 61 einfach
2174 2698 109 61 den
2319 2697 195 79 Gipfel
2548 2697 99 62 der

411 2790 648 80 Massenorganisation.

487 2884 250 62 Simon:
773 2886 147 78 Mag
944 2895 138 54 sein.
1110 2886 184 72 Aber,
1322 2888 139 61 nicht
1485 2886 178 72 wahr,
1690 2888 136 59 auch
1854 2886 317 79 Napoleon
2197 2886 200 61 wurde
2423 2885 224 62 nieder*

410 2998 301 57 gerungen.

487 3071 214 62 Hans:
744 3072 157 61 Weil
928 3095 60 38 er
1013 3081 88 52 ein
1127 3072 280 61 einzelner
1431 3072 237 62 Mensch
1703 3096 137 38 war.
1877 3073 186 61 Wäre
2098 3072 101 62 das
2226 3096 180 55 ganze
2424 3072 223 61 Frank*

410 3165 136 58 reich
589 3173 87 53 ein
717 3166 316 79 Napoleon
1075 3190 286 53 gewesen,
1403 3191 67 36 so
1512 3167 149 60 hätte
1703 3190 61 38 es
1806 3166 125 61 kein
1964 3167 308 61 Waterloo
2315 3167 174 60 erlebt
2529 3166 118 61 und

414 3255 144 63 hätte
593 3275 111 45 erst
735 3262 145 59 recht
911 3262 139 60 nicht
1084 3261 108 61 auf
1218 3270 124 52 eine
1375 3270 250 52 einsame
1651 3261 146 61 Insel
1822 3261 293 78 geworfen
2143 3260 230 61 werden
2400 3260 241 62 können.

489 3351 275 62 Cavrel:
809 3354 82 61 Ich
933 3355 93 60 bin
1059 3354 379 62 vollkommen
1473 3355 151 61 Ihrer
1657 3355 251 60 Ansicht,
1953 3354 166 61 Aber
2159 3355 76 58 ich
2268 3354 206 76 glaube
2508 3354 136 58 auch

411 3466 71 36 an
525 3444 102 62 das
668 3447 242 60 Massen
923 3469 77 54 ge
1011 3457 265 50 wissen.
1322 3448 113 59 Die
1468 3447 223 60 Völker
1731 3447 233 60 werden
2005 3447 105 60 sich
2152 3454 99 52 mit
2291 3445 155 60 ihren
2486 3453 160 52 wirt*

411 3538 334 62 schaftlichen
788 3540 117 60 und
946 3549 268 69 geistigen
1247 3542 313 59 Interessen
1602 3565 68 36 so
1713 3540 418 77 durchdringen,
2171 3539 231 61 werden
2435 3539 107 61 sich
2576 3563 69 37 so

412 3629 127 61 sehr
563 3656 73 37 an
663 3632 88 62 die
769 3633 535 61 Zusammenarbeit
1328 3633 146 61 ihrer
1491 3633 572 76 verschiedenartigen
2082 3632 200 61 Kräfte
2305 3632 340 77 gewöhnen,

412 3722 108 64 daß
569 3728 105 59 sich
723 3736 98 52 mit
870 3727 99 61 der
1008 3727 133 61 Zeit
1187 3727 136 60 auch
1375 3727 103 61 das
1520 3727 381 61 Verständnis
1953 3726 90 60 für
2090 3726 90 61 die
2228 3735 417 70 gegenseitigen

412 3815 615 85 Lebensbedingungen
1070 3820 118 62 und
1228 3830 124 51 eine
1393 3819 460 78 Nachgiebigkeit
1893 3819 287 62 einstellen
2213 3820 154 71 muß,
2410 3829 112 53 wie
2561 3830 81 52 sie

414 3916 54 52 in
509 3913 152 69 jeder
702 3914 239 62 Familie
981 3939 75 36 zu
1098 3914 186 61 finden
1327 3913 128 61 sind

491 4004 249 64 Simon:
782 4008 202 62 Lieber
1023 4008 253 70 Freund,
1318 4007 133 61 darf
1484 4008 75 60 ich
1604 4007 95 62 Sie
1742 4005 428 64 unterbrechen?
