3388 4323
2326 315 316 55 TEK
2722 315 60 55 H
2865 314 61 56 N
3007 306 45 63 É

514 3825 56 58 8

515 471 61 29 ou
610 472 101 29 avec
744 456 193 47 l'accord
969 457 209 57 explicite
1209 475 60 26 ou
1300 460 129 43 tacite
1461 458 50 43 de
1543 473 42 28 ce
1617 456 72 44 der-

518 522 107 43 nier,
656 522 135 43 Ainsi
822 523 271 44 l'architecte
1122 540 53 26 ne
1205 524 135 52 reçoit
1370 538 168 28 aucune
1566 521 117 43 rému-

520 585 209 44 nération
769 588 172 41 occulte
981 603 105 27 sous
1127 588 193 54 quelque
1359 587 146 41 forme
1546 600 85 40 que
1672 599 42 28 ce

517 650 89 44 soit
644 650 52 42 de
735 651 40 42 la
813 665 101 39 part
952 651 400 54 d'entrepreneurs,
1394 649 317 42 fournisseurs*

515 714 223 42 vendeurs
771 729 60 26 ou
865 715 227 45 acheteurs
1127 715 50 41 de
1211 714 186 43 terrains
1430 728 60 26 ou
1524 712 51 42 de
1604 727 81 38 pro-

516 776 160 54 priétés
709 777 140 43 bâties
883 790 140 42 ayant
1053 778 225 42 contracté
1310 792 100 28 avec
1440 792 81 26 son
1554 776 155 44 client;

517 856 51 26 en
601 853 142 36 outre,
778 843 181 53 lorsque
990 843 40 42 la
1062 841 335 43 rémunération
1429 841 50 41 de
1510 855 82 27 son
1622 850 68 31 tra-

515 905 91 42 vail
639 905 99 42 doit
769 917 145 35 rester,
948 921 51 26 en
1029 905 68 42 fin
1129 905 51 42 de
1209 915 192 43 compte,
1434 904 21 41 à
1486 905 40 42 la
1554 903 157 54 charge

517 967 51 43 de
595 968 115 53 tiers,
743 968 272 43 l'architecte
1040 985 52 26 ne
1119 981 107 41 peut
1252 969 231 53 s'opposer
1510 967 22 41 à
1560 982 42 26 ce
1627 981 85 40 que

519 1032 59 42 les
621 1032 267 42 honoraires
931 1033 78 54 qui
1055 1032 62 42 lui
1161 1044 104 30 sont
1310 1032 82 41 dus
1435 1032 51 41 de
1529 1046 41 26 ce
1613 1030 100 42 chef

519 1095 148 45 soient
698 1095 146 42 soldés
876 1110 79 38 par
987 1111 82 26 son
1097 1095 151 46 client,
1283 1093 100 43 sauf
1415 1094 22 41 à
1470 1108 42 27 ce
1542 1091 172 44 dernier

518 1157 22 42 à
573 1159 91 41 s'en
696 1158 111 43 faire
837 1159 282 42 rembourser
1150 1173 80 39 par
1258 1157 78 56 qui
1368 1157 51 42 de
1450 1155 135 45 droit,

599 1249 71 40 13,
812 1233 39 44 Il
888 1246 137 31 remet
1062 1234 21 41 à
1121 1249 82 30 son
1239 1233 134 42 client
1411 1248 86 26 une
1533 1230 153 55 expédi-

521 1297 100 43 tion
663 1297 73 43 des
776 1297 145 53 plans,
966 1297 165 42 cahiers
1168 1296 73 42 des
1279 1296 178 54 charges
1496 1310 58 27 ou
1595 1310 88 26 mar-

517 1360 99 42 chés
649 1373 140 42 ayant
820 1361 113 42 servi
965 1361 22 41 à
1018 1361 40 42 la
1090 1361 230 53 passation
1354 1360 59 41 du
1446 1370 198 34 contrat;
1681 1358 31 43 il

517 1439 210 28 conserve
761 1423 236 44 lui-même
1032 1440 61 25 un
1127 1423 269 54 exemplaire
1430 1423 191 44 dûment
1655 1422 38 41 si-

518 1487 85 55 gné
632 1488 52 42 de
713 1503 63 27 ces
806 1488 165 42 mêmes
1000 1488 267 41 documents
1297 1500 40 31 et
1368 1497 106 31 reste
1502 1502 52 26 en
1585 1496 128 32 outre

522 1566 53 26 en
623 1552 256 52 possession
928 1550 50 44 de
1024 1567 62 29 ses
1134 1550 196 43 minutes
1374 1550 112 42 ainsi
1534 1565 85 39 que
1665 1549 50 42 de

523 1627 151 31 toutes
717 1616 58 41 les
819 1615 150 42 études
1013 1614 323 55 préparatoires
1379 1615 22 40 à
1444 1614 72 41 des
1557 1612 157 44 détails

519 1677 304 43 d'exécution.
863 1677 37 43 Il
936 1690 138 31 remet
1108 1677 248 55 également
1387 1677 22 42 à
1444 1693 82 26 son
1559 1677 150 42 client,

517 1741 34 42 si
580 1757 41 26 ce
649 1742 174 41 dernier
853 1742 36 41 le
918 1742 234 49 demande,
1182 1742 58 42 les
1271 1740 234 43 mémoires
1535 1740 71 43 des
1636 1756 50 26 en-

518 1819 281 39 trepreneurs
835 1805 115 55 qu'il
987 1822 22 26 a
1046 1804 175 43 vérifiés
1255 1816 40 32 et
1330 1803 149 56 réglés,

599 1896 71 39 14,
818 1881 124 42 Pour
983 1881 56 42 les
1079 1893 192 30 travaux
1309 1880 281 46 d'entretien,
1635 1879 52 43 ad-

519 1944 329 46 ministration,
902 1944 246 46 vacations,
1205 1944 267 41 l'architecte
1525 1942 189 55 produit

518 2024 44 26 sa
599 2020 107 31 note
743 2008 329 45 d'honoraires,
1110 2007 88 45 soit
1234 2007 351 48 annuellement,
1625 2007 88 42 soit

519 2072 21 41 à
575 2071 327 43 l'achèvement
935 2071 51 43 de
1020 2071 169 55 chaque
1220 2071 254 53 opération.

588 2147 125 42 Pour
748 2147 59 42 les
844 2158 194 31 travaux
1076 2146 130 44 neufs
1243 2161 59 27 ou
1339 2147 58 42 les
1432 2159 192 30 travaux
1661 2146 51 42 de

516 2225 171 39 grosses
723 2210 293 54 réparations,
1056 2211 30 42 il
1123 2210 134 52 reçoit
1293 2225 73 27 sur
1401 2225 61 30 ses
1496 2210 189 42 honorai-

519 2289 62 27 res
614 2274 72 42 des
718 2285 228 42 acomptes
975 2274 80 54 qui
1086 2285 105 30 sont
1221 2274 88 44 soit
1338 2272 375 55 proportionnels

520 2352 55 27 au
616 2338 164 42 travail
821 2337 72 43 des
932 2347 337 43 entrepreneurs
1306 2352 103 28 sous
1447 2352 62 28 ses
1544 2337 165 47 ordres,

517 2400 104 52 soit,
663 2416 42 27 ce
743 2401 79 54 qui
861 2412 61 31 est
960 2400 103 53 plus
1103 2402 193 46 normal,
1338 2399 375 54 proportionnels

515 2463 22 41 à
569 2479 83 26 son
683 2478 165 39 propre
877 2462 177 45 travail.

583 2538 82 42 Les
700 2538 266 42 honoraires
999 2538 52 42 de
1085 2538 269 42 l'architecte
1388 2554 53 27 ne
1472 2550 105 31 sont
1610 2553 76 39 pas-

520 2601 131 43 sibles
691 2600 223 45 d'aucune
954 2612 178 32 retenue
1174 2601 51 42 de
1265 2602 200 54 garantie
1505 2615 40 31 et
1584 2601 107 44 l'exi-

517 2680 132 39 gence
702 2679 85 40 par
840 2664 270 44 l'architecte
1165 2666 60 41 du
1280 2677 243 42 payement
1576 2665 137 42 d'une

515 2728 240 54 provision
794 2741 139 32 avant
969 2740 104 33 tout
1108 2740 389 32 commencement
1533 2728 181 44 d'étude

516 2808 60 26 ou
614 2793 239 42 d'examen
891 2793 114 44 n'est
1039 2808 78 38 pas
1150 2791 166 45 illicite*

596 2871 71 41 15*
859 2855 295 44 L'architecte
1213 2871 41 27 se
1316 2855 142 44 récuse
1520 2855 69 44 s'il
1651 2867 61 32 est

517 2919 188 43 nommé
730 2932 156 41 expert
914 2920 112 42 dans
1054 2934 87 28 une
1169 2918 160 44 affaire
1357 2920 59 43 où
1446 2920 97 42 l'un
1572 2920 51 42 de
1651 2935 62 27 ses

517 2984 157 43 clients
708 2994 63 32 est
804 2998 53 27 en
891 2998 139 28 cause*
1067 2982 38 42 II
1140 2998 52 27 en
1225 2996 63 31 est
1321 2983 53 43 de
1408 2983 142 43 même
1585 2983 70 43 s'il
1690 3000 22 26 a

518 3047 100 53 déjà
664 3046 109 44 émis
818 3062 62 27 un
924 3047 94 43 avis
1061 3062 55 27 au
1162 3047 119 53 sujet
1324 3047 51 41 de
1419 3047 196 43 l'affaire
1659 3062 52 27 en

516 3111 138 54 litige*

589 3174 236 55 Lorsqu'il
874 3186 62 31 est
984 3173 180 55 désigné
1208 3189 175 26 comme
1431 3186 154 41 expert
1632 3189 81 38 par

515 3252 83 28 son
642 3238 150 48 client,
839 3252 80 39 par
963 3236 203 55 exemple
1213 3237 113 44 dans
1370 3252 85 28 une
1500 3238 211 54 question

515 3302 296 44 d'assurance,
873 3301 434 54 d'enregistrement,
1364 3313 94 34 etc,,
1516 3300 31 42 il
1604 3313 108 31 reste

518 3365 273 42 néanmoins
830 3364 282 43 mandataire
1151 3364 52 41 de
1239 3379 82 27 son
1358 3364 134 44 client
1528 3375 40 31 et
1606 3376 107 42 peut

516 3428 142 43 même
693 3440 195 42 accepter
922 3443 62 26 un
1020 3428 191 42 mandat
1244 3427 246 54 impératif.

585 3493 171 55 Quand
790 3492 30 45 il
855 3492 131 54 opère
1018 3507 176 27 comme
1228 3491 177 53 arbitre,
1441 3506 62 28 ses
1535 3491 151 55 obliga-

517 3556 123 44 tions
675 3567 106 31 sont
816 3555 126 43 celles
977 3555 52 42 de
1064 3556 40 42 la
1142 3554 212 43 fonction
1393 3554 156 45 même,
1586 3555 123 44 selon

515 3619 58 43 les
628 3632 159 31 termes
843 3619 61 42 du
961 3617 332 56 procès-verbal
1352 3617 260 44 délimitant
1666 3635 45 27 sa

515 3682 204 42 mission*

1864 453 82 47 11L
2082 454 195 44 Devoirs
2310 456 52 43 de
2396 455 270 45 Varchitecte
2699 468 154 30 envers
2885 456 61 42 les
2977 470 51 27 en-

1935 528 278 44 trepreneurs
2245 529 42 33 et
2316 520 38 42 le
2382 522 240 51 personnel
2655 519 65 42 du
2747 517 239 44 bâtiment*

1944 620 71 41 16*
2168 619 292 42 L'architecte
2504 620 194 53 emploie
2740 634 82 27 son
2864 617 195 44 autorité

1866 682 170 42 morale
2065 698 52 26 en
2148 697 85 27 vue
2265 682 51 42 de
2347 683 155 41 rendre
2532 698 90 27 aux
2651 682 199 42 ouvriers
2882 682 58 44 les
2971 693 65 31 tra-

1866 761 122 26 vaux
2037 745 51 42 de
2136 745 92 43 leur
2274 745 256 54 profession
2580 746 36 41 le
2664 745 149 42 moins
2858 745 201 54 pénibles

1865 809 197 54 possible
2104 820 40 31 et
2185 809 219 41 d'assurer
2444 810 41 41 la
2528 809 152 42 bonne
2720 809 252 47 harmonie,
3017 809 40 41 la

1865 872 233 42 cordialité
2137 886 41 31 et
2217 871 346 43 l'honorabilité
2601 872 112 42 dans
2751 874 57 41 les
2849 882 209 43 rapports

1865 945 120 33 entre
2017 947 151 31 toutes
2203 938 57 40 les
2293 950 244 38 personnes
2573 935 207 53 occupées
2815 936 22 40 à
2871 950 64 26 ces
2968 947 67 31 tra-

1863 1014 135 27 vaux,

1940 1089 71 41 17*
2137 1074 228 43 Vis-à-vis
2393 1075 73 42 des
2495 1086 351 41 entrepreneurs,
2881 1074 154 41 l'archi-

1865 1149 108 31 tecte
2027 1138 226 42 s'interdit
2309 1138 50 42 de
2417 1138 190 42 recevoir
2664 1152 170 29 aucune
2888 1137 167 45 remise,

1866 1202 297 42 commission
2205 1216 59 28 ou
2307 1201 108 47 don,
2461 1204 88 40 soit
2589 1217 51 26 en
2684 1216 156 40 argent
2878 1201 87 43 soit
3005 1216 52 26 en

1864 1277 172 37 nature,
2093 1280 84 41 que
2232 1281 64 26 ces
2350 1277 336 41 entrepreneurs
2740 1280 60 26 ou
2855 1264 177 43 fournis-

1864 1344 117 27 seurs
2015 1329 146 42 soient
2196 1328 229 43 d'ailleurs
2459 1328 231 54 employés
2723 1343 59 27 ou
2816 1343 94 28 non
2946 1328 112 42 dans

1865 1408 64 28 ses
1962 1405 208 31 travaux»

1942 1469 71 41 18*
2186 1468 293 42 L'architecte
2532 1467 226 43 s'interdit
2812 1467 247 54 également

1866 1532 198 55 d'exiger
2109 1531 71 42 des
2224 1543 351 42 entrepreneurs,
2624 1541 254 32 autrement
2923 1531 135 55 qu'en

1865 1595 238 42 exécution
2144 1595 51 42 de
2234 1595 165 42 clauses
2438 1594 337 54 explicitement
2815 1594 245 54 exprimées

1866 1659 111 43 dans
2006 1660 58 41 les
2091 1659 166 41 cahiers
2287 1658 72 43 des
2386 1658 185 54 charges
2598 1674 58 26 ou
2685 1657 199 43 marchés
2913 1669 40 31 et
2980 1673 81 38 par

1864 1722 276 55 conséquent
2187 1721 277 55 approuvées
2510 1736 80 39 par
2634 1722 37 42 le
2717 1722 148 44 client,
2914 1736 145 27 aucun

1866 1785 391 42 remboursement
2310 1800 59 27 ou
2424 1800 170 27 aucune
2650 1785 238 42 redevance
2944 1800 117 38 pour

1864 1848 109 45 frais
2002 1850 51 41 de
2082 1848 321 55 déplacement,
2435 1848 108 42 frais
2572 1849 50 41 de
2650 1849 146 53 plans,
2828 1848 232 42 vacations

1865 1928 62 26 ou
1968 1912 247 44 allocation
2255 1912 200 55 générale
2495 1912 50 42 de
2585 1912 108 42 frais
2735 1911 224 55 généraux
3001 1926 58 28 ou

1865 1975 293 54 particuliers*

1942 2067 72 39 19*
2147 2051 37 42 Il
2217 2051 165 43 délivre
2412 2051 21 42 à
2467 2051 350 53 l'entrepreneur
2851 2051 72 41 des
2956 2066 78 38 pro-

1865 2115 228 53 positions
2140 2115 279 54 d'acomptes
2469 2130 58 26 ou
2577 2115 50 42 de
2674 2114 159 45 soldes,
2886 2114 174 54 d'après

1865 2178 58 44 les
1954 2178 263 43 conditions
2250 2179 60 41 du
2341 2178 192 53 marché,
2566 2194 75 31 ou,
2672 2194 55 26 en
2762 2178 217 42 l'absence
3009 2178 51 41 de

1866 2242 191 49 marché,
2100 2242 175 54 d'après
2314 2241 125 44 l'état
2476 2242 344 44 d'avancement
2858 2241 72 43 des
2969 2253 68 31 tra-

1867 2318 136 30 vaux*

1932 2381 129 43 Dans
2101 2382 58 42 les
2199 2393 193 31 travaux
2431 2396 52 27 en
2525 2380 257 56 règlement,
2824 2381 31 43 il
2892 2380 166 47 donne,

1865 2460 101 28 sans
2001 2445 308 55 déplacement
2343 2445 51 42 de
2426 2445 151 53 pièces,
2613 2444 391 42 communication
3039 2444 22 41 à

1868 2509 352 54 l'entrepreneur
2257 2509 50 41 de
2344 2524 61 26 ses
2441 2507 237 44 mémoires
2711 2507 176 44 vérifiés
2921 2521 40 30 et
2998 2507 42 42 ré-

1869 2572 109 54 glés;
2025 2572 29 43 il
2100 2570 156 45 vérifie
2298 2584 41 31 et
2378 2571 114 55 règle
2534 2572 170 42 ensuite
2747 2587 62 26 ses
2850 2570 185 45 réclama-

1865 2636 137 47 tions,
2038 2636 70 43 s'il
2143 2651 53 27 en
2230 2646 62 32 est
2324 2634 205 56 produit*

1934 2711 43 42 A
2018 2712 151 42 moins
2212 2712 137 42 d'une
2390 2710 189 44 mission
2619 2710 184 55 spéciale
2841 2723 40 31 et
2921 2710 136 42 d'une

1865 2774 338 43 rémunération
2238 2774 281 54 particulière
2555 2775 51 41 de
2638 2789 82 28 son
2756 2773 148 55 client,
2941 2773 32 47 il
3005 2789 53 27 ne

1863 2853 40 27 se
1937 2838 156 55 charge
2126 2853 80 39 pas
2241 2838 60 42 du
2334 2849 259 43 payement*

1935 2902 71 42 En
2029 2917 68 27 cas
2121 2902 51 42 de
2195 2901 276 55 divergelnce
2495 2902 51 41 de
2570 2916 83 28 vue
2676 2911 121 33 entre
2820 2917 82 27 son
2927 2900 134 43 client

1867 2975 40 31 et
1938 2980 61 26 un
2031 2975 314 43 entrepreneur
2372 2979 104 27 sous
2505 2979 61 27 ses
2597 2963 164 49 ordres,
2794 2963 267 43 l'architecte

1867 3027 297 54 s'emploiera,
2206 3043 52 27 en
2299 3027 150 47 raison
2488 3027 52 43 de
2577 3043 43 26 sa
2657 3027 229 51 fonction,
2926 3027 51 43 de
3015 3044 44 27 sa

1866 3092 316 41 connaissance
2214 3091 72 42 des
2319 3090 107 44 faits
2459 3090 60 42 du
2554 3091 137 55 litige,
2729 3090 51 43 de
2812 3106 44 28 sa
2888 3090 148 44 techni-

1865 3170 86 39 que
1984 3166 40 31 et
2057 3154 51 43 de
2138 3170 82 26 son
2254 3154 268 55 expérience,
2559 3154 21 42 à
2614 3154 208 42 résoudre
2854 3155 36 43 le
2922 3153 115 43 diffé-

1868 3218 123 53 rend,
2032 3233 95 27 non
2166 3234 80 38 pas
2285 3218 123 42 selon
2450 3217 268 44 l'arbitraire
2756 3217 204 45 éventuel
3000 3218 59 41 du

1865 3281 148 49 client,
2052 3281 112 43 mais
2200 3281 184 45 suivant
2417 3297 44 28 sa
2495 3281 266 51 conscience,
2801 3283 40 42 la
2878 3280 183 56 logique

1865 3356 39 31 et
1937 3344 196 55 l'équité.

1864 3559 240 42 Favorisez
2142 3560 57 41 les
2234 3558 155 43 firmes
2423 3560 79 55 qui
2538 3558 206 43 confient
2779 3558 92 43 leur
2906 3557 129 55 publi-

1865 3622 82 42 cité
1979 3622 22 42 à
2039 3622 84 42 LA
2157 3622 155 42 CITE
2450 3637 129 27 revue
2613 3622 53 42 de
2699 3620 183 56 progrès
2918 3619 119 43 archi-

1864 3686 186 42 tectural
2081 3696 41 31 et
2151 3685 255 55 technique*
