3388 4323
324 340 320 57 TEK
723 340 61 57 H
865 341 62 56 N
1009 331 48 66 É

2830 3863 48 59 5

398 482 65 45 La
487 482 235 44 sécheresse
748 482 50 44 de
823 482 99 44 l'air
945 496 63 31 est
1035 483 248 55 également
1306 499 87 27 une
1417 500 81 27 con-

329 546 150 43 dition
513 545 50 43 de
597 547 316 42 conservation
950 547 51 42 de
1034 550 39 42 la
1108 546 195 48 matière,
1339 561 115 29 nous
1490 547 35 42 le

329 608 222 55 répétons,
584 609 34 42 si
649 609 103 44 c'est
783 608 261 44 l'obscurité
1075 609 73 43 des
1180 609 177 44 tombes
1388 609 109 56 égyp-

330 672 171 43 tiennes
542 671 79 57 qui
660 687 116 27 nous
817 689 22 26 a
878 672 210 42 conservé
1129 672 40 43 la
1207 672 227 43 fraîcheur
1473 672 52 43 de

329 735 114 43 leurs
475 735 242 54 peintures,
750 745 109 32 cette
890 735 317 43 conservation
1239 747 62 31 est
1334 736 84 43 due
1450 752 50 26 au-

330 809 101 32 tant
464 798 22 42 à
522 799 40 43 la
594 809 238 32 constance
865 797 51 43 de
950 799 40 42 la
1023 797 300 54 température
1357 811 39 30 et
1429 799 22 42 à
1485 798 40 42 la

328 860 235 43 sécheresse
591 860 52 43 de
670 859 99 44 l'air
800 860 78 56 qui
906 875 27 39 y
963 860 143 56 règne.

363 935 223 45 Ramenés
609 936 21 42 à
656 936 40 42 la
720 936 185 42 lumière
930 950 39 30 et
996 936 22 42 à
1044 936 98 44 l'air
1167 936 51 44 de
1244 952 83 28 nos
1349 935 177 44 climats

329 1015 86 39 que
451 999 220 45 dureront
706 999 59 43 les
799 998 162 44 trésors
998 998 132 43 sortis
1167 999 72 42 des
1275 1001 249 41 tombeaux

330 1062 72 43 des
436 1062 115 43 rois?
584 1062 133 42 Nous
750 1077 142 28 avons
922 1062 85 44 fait
1042 1076 86 28 une
1160 1061 254 55 expérience
1446 1061 78 57 qui

330 1125 114 43 n'est
473 1140 80 39 pas
586 1136 253 31 rassurante
878 1140 8 27 :
922 1124 242 43 descendus
1198 1124 111 44 dans
1343 1125 96 43 l'un
1475 1125 50 42 de

329 1203 64 31 ces
431 1187 266 47 tombeaux,
740 1202 117 31 nous
896 1187 160 43 avions
1096 1188 168 42 ramasé
1303 1203 61 27 un
1402 1187 98 56 frag-

330 1250 210 43 d'enduit
592 1250 128 54 peint
775 1250 138 42 d'une
966 1249 113 43 belle
1134 1250 182 43 couleur
1372 1265 150 40 rouge.

329 1313 146 55 Après
534 1312 163 44 lavoir
758 1312 249 55 enveloppé
1066 1313 51 43 de
1176 1314 168 53 papier;
1411 1329 114 27 nous

330 1375 197 45 l'avions
568 1376 83 42 mis
692 1375 112 43 dans
844 1387 129 31 notre
1011 1377 155 53 poche.
1207 1376 67 43 De
1313 1388 150 32 retour
1501 1377 23 41 à

330 1439 176 45 l'hôtel,
553 1454 115 27 nous
708 1438 240 43 voulûmes
988 1437 99 45 voir
1129 1450 128 31 notre
1296 1438 230 56 fragment

330 1514 40 31 et
405 1502 21 42 à
463 1513 128 32 notre
626 1502 168 54 grande
828 1502 206 53 surprise,
1075 1517 115 27 nous
1226 1502 299 42 constatâmes

329 1580 85 40 que
452 1576 109 32 cette
599 1564 206 54 peinture
841 1564 79 56 qui
958 1564 113 42 dans
1110 1564 38 44 la
1188 1564 154 43 tombe
1379 1564 146 43 s'était

329 1627 234 44 conservée
609 1627 163 43 intacte
817 1628 102 53 plus
966 1627 51 42 de
1061 1639 158 43 quatre
1265 1627 121 43 mille
1430 1643 92 29 ans,

330 1690 173 43 n'avait
526 1705 78 39 pas
629 1690 147 43 résisté
799 1690 21 41 à
845 1705 61 27 un
932 1689 150 54 séjour
1105 1689 51 42 de
1179 1689 214 56 quelques
1417 1690 81 42 heu-

330 1769 62 26 res
426 1753 111 43 dans
570 1764 130 31 notre
731 1752 143 55 poche
906 1766 40 31 et
977 1752 164 56 qu'elle
1172 1752 120 46 avait
1325 1751 112 44 collé
1470 1767 53 27 au

329 1816 168 54 papier,

395 1890 63 43 La
496 1890 299 54 température
830 1890 60 42 du
926 1889 156 43 Musée
1118 1890 132 43 devra
1287 1890 117 42 donc
1439 1889 86 42 être

329 1963 237 33 constante
621 1965 41 30 et
716 1968 82 27 son
854 1952 64 44 air
971 1967 78 28 sec,
1108 1952 63 42 La
1226 1952 298 54 température

330 2027 250 33 constante,
615 2031 116 29 nous
762 2015 337 44 l'obtiendrons
1129 2031 81 38 par
1239 2015 39 42 la
1306 2014 196 43 constitu-

333 2080 98 42 tion
457 2079 73 42 des
556 2094 122 31 murs
703 2091 41 32 et
769 2078 72 42 des
866 2089 285 31 couvertures
1178 2078 50 42 de
1256 2088 127 32 notre
1409 2077 94 42 bâti-

333 2154 140 30 ment,
513 2141 100 43 Nos
651 2156 137 35 murs,
830 2156 118 38 pour
985 2140 87 43 être
1110 2139 189 43 isolants
1338 2140 110 42 dans
1487 2138 39 42 la

332 2220 170 27 mesure
546 2203 248 48 nécessaire,
842 2204 194 42 devront
1078 2203 86 42 être
1206 2202 170 44 formés
1421 2202 104 42 d'au

332 2267 152 42 moins
523 2281 23 41 5
589 2266 150 55 parois
777 2266 193 54 séparées
1007 2282 80 38 par
1124 2276 156 45 quatre
1317 2264 122 44 vides
1476 2264 51 42 de

334 2345 27 39 4
411 2330 302 45 centimètres;
765 2344 63 27 ces
877 2328 123 43 vides
1049 2328 322 54 parfaitement
1419 2326 105 44 clos,

332 2408 118 38 pour
483 2408 86 40 que
604 2391 99 43 l'air
737 2407 28 39 y
800 2403 197 31 contenu
1033 2406 52 27 ne
1120 2407 40 26 se
1195 2401 134 32 mette
1362 2406 77 38 pas
1474 2406 52 27 en

332 2466 310 32 mouvement.

401 2531 37 42 Il
467 2544 62 31 est
556 2545 198 28 reconnu
781 2545 86 40 que
894 2529 72 43 des
994 2544 123 28 murs
1143 2528 112 44 ainsi
1282 2526 244 44 constitués

330 2606 108 30 sont
469 2593 103 55 plus
607 2593 190 43 isolants
829 2607 85 41 que
948 2593 57 41 les
1042 2607 123 27 murs
1198 2607 51 26 en
1285 2605 211 38 maçonne-

332 2657 59 42 rie
419 2659 57 42 les
503 2655 102 56 plus
634 2655 132 54 épais.
797 2655 82 42 Les
907 2654 104 56 cinq
1039 2653 150 56 parois
1217 2666 196 41 peuvent
1441 2652 86 42 être

331 2718 270 43 construites
640 2734 100 27 avec
780 2718 58 42 les
878 2717 253 43 matériaux
1169 2718 57 42 les
1265 2716 101 54 plus
1402 2714 100 43 ordi-

332 2782 156 49 naires.
525 2782 58 42 les
616 2780 194 56 briques,
847 2795 210 27 carreaux
1092 2780 51 42 de
1176 2779 156 54 plâtre,
1371 2777 130 56 agglo-

333 2845 136 42 mérés
501 2844 52 42 de
583 2843 120 44 sable
734 2859 59 28 ou
826 2843 51 42 de
910 2842 236 44 mâchefer.
1182 2841 118 43 Elles
1333 2841 194 42 devront

331 2907 87 43 être
452 2906 153 43 isolées
639 2907 60 42 du
734 2907 66 42 sol
835 2921 80 39 par
951 2904 358 54 l'interposition
1345 2903 51 43 de
1432 2903 70 53 pla-

332 2986 107 34 ques
479 2970 27 42 d
530 2968 203 56 asphalte
771 2984 59 27 ou
869 2968 51 43 de
958 2968 138 42 dalles
1134 2967 51 42 de
1221 2967 138 46 béton
1397 2979 41 30 et
1475 2967 51 41 de

330 3033 167 45 ciment
532 3033 267 42 hautement
835 3030 141 44 dosés.

398 3108 82 42 Les
523 3106 139 43 dalles
703 3107 51 41 de
795 3117 264 31 couverture
1085 3104 222 47 Jformant
1350 3115 177 30 terrasse

330 3170 195 45 devront
551 3179 258 43 comporter
838 3170 37 42 le
904 3167 141 43 même
1075 3167 191 43 nombre
1295 3167 51 41 de
1375 3164 149 55 parois

330 3245 40 30 et
400 3233 51 43 de
480 3231 123 44 vides
634 3247 86 40 que
750 3231 57 44 les
838 3246 139 27 murs.

403 3295 82 42 Les
530 3294 221 55 plafonds
795 3293 136 44 vitrés
977 3305 40 30 et
1063 3293 57 42 les
1166 3291 118 44 baies
1329 3289 198 44 latérales

332 3358 195 42 devront
574 3367 257 44 comporter
877 3356 168 42 double
1089 3370 120 27 verre
1254 3369 59 27 ou
1358 3351 168 44 double

330 3421 132 55 glace,
506 3420 170 55 séparés
715 3436 80 38 par
837 3435 60 27 un
940 3418 102 43 vide
1083 3417 51 44 de
1178 3432 27 39 4
1247 3415 277 44 centimètres

330 3483 197 44 étanche.

394 3546 81 43 Un
513 3545 155 43 édifice
703 3544 113 44 ainsi
853 3542 224 45 constitué
1110 3541 209 45 varierait
1354 3556 83 39 peu
1473 3539 51 42 de

330 3609 300 54 température
665 3621 41 31 et
741 3609 40 43 la
817 3618 237 31 constance
1091 3604 192 55 parfaite
1319 3602 205 56 pourrait

329 3672 88 43 être
452 3671 169 44 assurée
656 3686 80 39 par
772 3686 61 27 un
870 3669 114 55 léger
1017 3668 242 55 chauffage
1294 3682 50 27 en
1381 3665 139 44 hiver,

393 3735 64 44 La
482 3733 299 55 température
803 3748 176 28 comme
1004 3731 125 47 l'état
1151 3727 372 61 hygrométrique

1679 485 51 43 de
1762 484 98 45 l'air
1891 494 198 45 peuvent
2120 482 88 43 être
2242 482 260 42 maintenus
2530 493 236 33 constants
2797 495 80 41 par

1679 548 73 42 des
1780 562 190 39 moyens
1998 545 285 58 mécaniques
2399 544 64 44 air
2489 544 122 43 séché
2636 560 61 27 ou
2723 542 124 46 humi-

1679 610 123 47 difié,
1835 611 64 42 air
1929 608 187 43 chauffé
2145 620 41 32 et
2216 608 123 42 filtré
2467 606 101 56 puis
2599 606 192 44 insufflé
2822 621 54 28 au

1679 689 167 39 moyen
1878 673 51 42 de
1959 671 310 51 ventilateurs,
2301 672 105 44 c'est
2436 673 37 42 le
2503 670 175 44 dernier
2706 670 73 44 cri.

1743 748 121 44 Mais
1907 748 22 42 à
1973 763 65 28 ces
2083 747 302 55 dispositions
2429 745 285 49 artificielles,
2761 761 116 27 nous

1675 812 298 55 préférerions
1996 809 249 46 substituer
2268 811 72 42 des
2364 824 190 40 moyens
2578 808 198 44 naturels
2799 807 78 58 qui

1681 875 295 43 assureraient
2020 888 102 28 sans
2170 872 37 43 le
2253 888 174 28 secours
2474 872 51 43 de
2571 872 223 44 l'homme
2838 872 39 43 la

1677 937 231 55 pérennité
1935 938 73 41 des
2032 935 163 45 trésors
2223 935 270 47 accumulés;
2522 950 61 27 un
2610 935 191 54 système
2827 933 51 43 de

1677 1013 254 40 ventouses,
1966 999 377 54 judicieusement
2373 997 168 56 placées
2573 1010 40 32 et
2646 996 228 47 orientées,

1678 1064 208 55 pourrait
1919 1063 176 44 suffire*

1749 1140 65 43 La
1862 1138 130 44 visite
2037 1138 113 42 d'un
2197 1136 157 43 Musée
2401 1150 62 31 est
2510 1136 214 54 toujours
2770 1133 87 45 fati-

1679 1215 134 43 gante
1840 1215 40 31 et
1902 1213 110 31 cette
2035 1200 174 55 fatigue
2230 1199 215 55 provient
2469 1215 52 28 en
2546 1198 168 56 grande
2737 1196 142 57 partie

1681 1267 50 41 de
1757 1267 38 42 la
1822 1276 159 33 nature
2004 1263 74 43 des
2102 1263 90 42 sols
2216 1262 94 56 qui,
2336 1277 121 39 pour
2481 1262 39 43 la
2545 1262 200 54 plupart,
2773 1273 106 32 sont

1680 1328 72 43 des
1779 1338 215 45 parquets
2022 1326 120 44 cirés,

1747 1404 43 42 A
1834 1414 129 32 notre
2004 1401 108 45 avis,
2158 1401 36 43 le
2237 1399 205 44 meilleur
2483 1399 262 45 rendement
2789 1414 89 27 sera

1679 1465 154 43 donné
1873 1481 81 38 par
1997 1464 73 46 des
2114 1474 213 45 parquets
2371 1473 252 33 recouverts
2665 1462 113 43 dans
2821 1462 57 42 les

1679 1528 289 43 circulations
2001 1528 52 42 de
2084 1527 203 43 chemins
2320 1526 51 42 de
2404 1525 130 55 tapis,
2571 1525 52 43 de
2655 1524 222 43 linoléum

1679 1608 59 26 ou
1768 1592 52 42 de
1851 1591 296 43 caoutchouc.

1750 1667 105 42 Une
1887 1665 212 56 question
2133 1664 83 43 très
2251 1664 280 54 importante
2563 1662 124 55 après
2720 1661 140 44 l'éclai-

1681 1745 99 39 rage
1806 1742 62 32 est
1895 1729 104 43 celle
2027 1728 51 42 de
2106 1730 40 41 la
2174 1738 159 32 nature
2360 1726 73 43 des
2460 1726 152 54 parois
2637 1726 62 42 où
2728 1736 151 32 seront

1678 1792 251 44 accrochées
1960 1794 58 42 les
2048 1791 245 54 peintures,

1748 1867 65 44 La
1837 1867 108 42 mise
1968 1882 52 27 en
2042 1866 155 43 valeur
2220 1865 72 42 des
2316 1864 214 44 tableaux
2554 1878 90 28 sera
2667 1864 212 43 d'autant

1681 1930 153 43 mieux
1878 1928 174 44 réalisée
2093 1928 138 56 qu'ils
2272 1943 42 27 se
2357 1927 294 45 détacheront
2691 1940 73 31 sur
2806 1925 73 43 des

1681 1993 193 43 surfaces
1910 1992 118 42 dont
2066 1993 40 42 la
2145 1990 182 44 matière
2364 2006 53 26 ne
2453 2005 41 27 se
2532 1999 235 33 rencontre
2801 2003 78 40 pas

1681 2057 112 41 dans
1825 2056 92 42 leur
1948 2053 311 56 composition
2389 2068 42 27 ce
2462 2069 90 27 sera
2584 2053 40 43 la
2654 2052 153 53 pierre,
2844 2050 35 42 le

1680 2119 114 50 bois,
1826 2119 58 42 les
1910 2116 179 44 étoffes.

1745 2194 61 42 Le
1844 2192 157 43 Musée
2037 2191 238 44 devra-t-il
2315 2191 88 43 être
2439 2190 179 43 décoré?
2657 2191 133 43 Nous
2829 2204 51 27 ne

1681 2257 36 42 le
1747 2272 196 38 croyons
1973 2271 92 38 pas.
2099 2255 206 53 L'aspect
2333 2254 73 43 des
2435 2253 127 44 salles
2591 2269 53 26 ne
2676 2252 98 45 doit
2802 2267 78 39 pas

1682 2321 136 41 lutter
1848 2333 100 29 avec
1978 2319 58 42 les
2066 2333 171 27 œuvres
2267 2316 223 55 exposées.

1745 2394 61 42 Le
1834 2393 158 42 Musée
2020 2393 100 43 doit
2147 2408 40 26 se
2215 2391 224 55 présenter
2468 2406 176 27 comme
2672 2406 61 26 un
2763 2387 115 45 écrin

1681 2457 250 42 fortement
1956 2454 242 55 charpenté
2225 2471 80 38 par
2333 2457 11 41 l
2368 2465 200 31 ossature
2594 2453 52 43 de
2672 2452 205 45 l'édifice,

1682 2520 116 42 dont
1827 2521 59 42 les
1914 2518 222 43 divisions
2166 2517 224 44 serviront
2416 2517 23 42 à
2467 2516 127 42 sérier
2623 2516 58 42 les
2709 2529 171 29 œuvres

1680 2598 119 38 pour
1823 2598 51 26 en
1900 2581 157 42 rendre
2083 2580 224 43 l'examen
2333 2592 40 31 et
2398 2579 165 44 l'étude
2590 2579 103 54 plus
2718 2577 159 47 lisible.

1741 2657 63 42 La
1827 2656 143 54 partie
1991 2655 192 43 centrale
2206 2671 60 26 ou
2289 2655 86 42 lieu
2398 2655 51 42 de
2472 2653 269 43 délectation
2766 2665 42 30 et
2829 2652 51 43 de

1680 2720 88 42 fête
1800 2720 112 42 dans
1945 2718 193 56 laquelle
2169 2720 58 42 les
2258 2716 230 51 tableaux,
2525 2717 57 42 les
2613 2716 263 54 cculptures,

1682 2798 53 26 ne
1784 2794 152 31 seront
1983 2797 79 38 pas
2111 2780 211 55 exposées
2368 2779 508 55 chronologiquement,

1680 2860 167 39 pourra
1871 2855 265 43 emprunter
2157 2859 120 39 pour
2297 2859 44 28 sa
2364 2841 313 44 construction
2702 2841 57 43 les
2784 2857 64 30 ma-

1682 2908 126 43 tières
1841 2908 59 41 les
1932 2907 103 54 plus
2067 2906 255 55 précieuses,
2359 2906 134 54 digne
2525 2904 128 44 cadre
2688 2904 72 43 des
2794 2904 64 42 tré-

1682 2986 94 28 sors
1811 2970 199 54 exposés,
2049 2970 113 42 mais
2195 2985 101 27 sans
2331 2968 238 55 s'éloigner
2604 2968 51 42 de
2689 2968 40 43 la
2767 2967 112 55 règle

1680 3033 225 55 exprimée
1945 3048 78 38 par
2067 3031 198 44 Fénelon
2309 3032 111 42 dans
2460 3046 82 27 son
2585 3030 200 43 discours
2827 3029 51 42 de

1683 3095 225 54 réception
1939 3096 22 41 à
1994 3095 279 43 l'Académie
2302 3094 232 54 Française
2571 3109 9 26 :

1759 3175 21 25 «
1818 3158 37 44 Il
1889 3174 52 26 ne
1975 3157 102 46 faut
2110 3173 80 39 pas
2223 3158 220 42 admettre
2477 3158 112 42 dans
2625 3172 60 30 un
2721 3155 155 43 édifice

1680 3237 171 27 aucune
1875 3221 143 54 partie
2044 3220 194 43 destinée
2264 3236 55 27 au
2347 3221 90 41 seul
2465 3229 252 37 ornement,
2749 3218 125 46 mais,

1677 3285 151 44 visant
1874 3284 215 54 toujours
2135 3299 90 27 aux
2271 3283 134 42 belles
2451 3281 313 55 proportions,
2814 3295 60 27 on

1678 3348 98 43 doit
1814 3358 188 31 tourner
2039 3362 52 27 en
2129 3357 263 32 ornements
2430 3355 148 33 toutes
2615 3343 59 44 les
2710 3342 164 56 parties

1678 3409 257 43 nécessaires
1959 3409 21 42 à
2009 3420 242 44 supporter
2276 3424 61 27 un
2363 3407 156 43 édifice
2547 3423 40 27 »,

1747 3497 283 55 (Mouseion,
2052 3497 16 54 )
2300 3497 207 54 Auguste
2536 3495 274 44 PERRET,

1672 3638 49 36 N.
1741 3638 46 35 B.
1877 3637 107 36 Nous
1999 3636 219 45 publierons
2237 3636 295 37 ultérieurement
2543 3635 177 46 quelques
2734 3640 146 40 croquis

1720 3688 267 45 schématiques
2006 3687 49 36 du
2075 3687 131 36 Mi/sée
2223 3687 170 36 moderne
2411 3687 45 36 de
2476 3687 15 35 1
2504 3686 203 37 Architecte
2738 3686 141 41 Perret,

1722 3743 19 31 à
1762 3739 200 35 l'occasion
1983 3737 113 37 d'une
2113 3738 110 36 étude
2248 3738 273 36 documentaire
2547 3752 65 21 sur
2636 3737 55 36 les
2720 3740 156 33 musées.
