3388 4323
337 307 317 58 TEK
735 312 61 56 H
877 312 64 56 N
1019 299 48 69 É

2831 3837 49 60 3

341 468 85 40 que
459 454 58 42 les
544 453 161 54 pierres
734 454 58 42 les
820 454 102 54 plus
952 456 166 53 denses,
1152 458 57 42 les
1238 456 185 56 granits,
1456 472 80 41 par

341 515 216 54 exemple,
608 516 189 53 perdent
845 517 52 43 de
944 519 115 42 leurs
1109 519 191 55 qualités
1350 536 100 27 avec
1499 521 37 42 le

341 589 160 43 temps.
530 578 39 44 Il
596 593 27 40 y
652 595 21 26 a
700 595 51 26 en
780 580 178 54 Egypte
985 581 72 43 des
1084 581 161 44 bétons
1273 584 79 55 qui
1379 583 156 45 datent

341 640 51 42 de
423 640 103 54 plus
561 641 51 42 de
647 657 146 41 3,500
828 658 80 29 ans
941 658 138 31 avant
1111 644 325 46 Jésus-Christ.
1475 647 60 42 Le

341 703 287 54 Labyrinthe
669 704 107 43 était
817 705 113 43 ainsi
972 707 224 45 construit
1237 721 39 31 et
1317 708 39 45 la
1396 708 111 56 Pyra-

342 766 119 42 mide
508 767 51 42 de
605 767 153 42 Ninus
805 769 196 52 reposait
1045 785 73 28 sur
1166 786 86 27 une
1298 773 137 41 voûte
1482 788 52 26 en

339 828 139 44 béton
508 830 120 42 armé
654 830 146 54 percée
831 831 51 43 de
908 847 176 28 canaux
1111 834 150 53 garnis
1289 835 51 42 de
1365 834 169 54 poterie

338 907 118 39 pour
489 892 315 45 Fécoulement
835 894 71 42 des
936 910 113 27 eaux
1081 895 51 43 de
1160 896 206 56 gâchage.

410 980 75 41 On
518 992 108 41 peut
657 981 101 42 voir
791 981 111 44 dans
934 982 57 41 les
1025 983 147 42 ruines
1205 983 223 44 romaines
1462 985 72 42 des

341 1041 162 43 bétons
551 1058 52 27 en
650 1044 190 53 grandes
887 1060 161 28 masses
1095 1046 93 54 qui,
1239 1048 22 41 à
1308 1046 223 57 l'origine,

340 1105 231 42 n'avaient
600 1106 333 44 certainement,
964 1107 123 45 étant
1115 1109 153 42 donné
1296 1110 92 42 leur
1413 1126 90 26 com-

338 1168 220 53 position,
599 1169 170 54 qu'une
805 1169 139 42 faible
980 1169 231 45 résistance
1249 1184 40 31 et
1324 1171 93 56 qui,
1456 1187 52 27 au-

339 1230 255 54 jourd'hui,
630 1243 105 31 sont
766 1231 336 56 inattaquables
1134 1249 55 27 au
1219 1234 85 54 pic.

407 1318 69 41 Ne
507 1319 187 42 voit-on
724 1335 93 38 pas,
851 1320 111 42 dans
991 1335 64 27 ces
1087 1321 164 43 mêmes
1280 1322 148 44 ruines
1461 1338 48 26 ro-

340 1381 183 46 maines,
568 1381 72 42 des
682 1381 179 43 massifs
903 1383 52 42 de
995 1384 284 52 maçonnerie
1319 1384 115 46 dont
1475 1386 58 41 les

337 1443 146 53 joints
515 1460 52 26 en
601 1443 189 44 mortier
819 1444 108 44 font
960 1446 52 42 de
1044 1446 189 54 grandes
1266 1447 160 43 saillies
1459 1463 74 27 sur

339 1507 40 42 ia
412 1506 173 55 brique,
622 1518 108 31 cette
765 1507 197 43 dernière
993 1522 139 40 ayant
1166 1509 63 41 été
1262 1510 160 54 rongée
1453 1525 80 39 par

339 1569 62 42 lej
423 1568 300 55 intempéries,
753 1582 40 31 et
821 1571 36 42 le
884 1570 186 43 mortier
1094 1587 55 26 au
1177 1571 222 45 contraire
1426 1575 81 41 dur-

337 1632 164 44 cissant
534 1647 102 27 sans
670 1647 108 27 cesse
812 1633 192 54 n'ayant
1035 1650 80 38 pas
1149 1634 217 47 diminué.

407 1718 78 43 Du
511 1717 283 57 Moyen-âge
819 1735 117 27 nous
961 1731 164 32 restent
1150 1721 111 43 dans
1289 1723 40 42 la
1354 1721 101 44 Cité
1482 1722 51 42 de

338 1781 322 52 Carcassonne,
700 1782 73 42 des
809 1782 205 44 linteaux
1050 1799 52 26 en
1140 1783 138 43 béton
1313 1786 79 54 qui
1428 1794 105 32 sont

338 1859 155 27 tncore
537 1856 104 30 tous
687 1844 176 48 intacts,
911 1846 119 42 alors
1073 1862 85 40 que
1202 1847 232 55 beaucoup
1481 1848 51 41 de

337 1921 110 28 ceux
483 1907 79 55 qui
598 1907 87 44 soit
720 1923 53 26 en
809 1907 140 54 pierre
980 1920 86 31 ont
1101 1909 127 42 cas^é.

402 1993 123 43 C'est
555 1993 117 43 donc
703 2009 54 27 au
788 1994 139 43 béton
957 2006 40 31 et
1030 2011 54 26 au
1115 1995 140 43 béton
1285 1996 51 43 de
1366 1996 166 43 ciment

339 2055 120 42 armé
501 2071 85 40 que
628 2072 116 26 nous
786 2057 195 43 devrons
1024 2073 115 27 nous
1182 2058 191 42 adresser
1415 2074 118 38 pour

336 2119 248 42 constituer
617 2119 235 44 l'ossature
884 2120 52 43 de
968 2130 130 33 notre
1128 2120 170 44 Musée.

409 2205 62 43 La
513 2206 310 54 composition
866 2206 51 43 de
957 2218 109 32 cette
1106 2218 199 32 ossature
1345 2222 61 30 est
1447 2209 85 42 très

337 2268 294 54 importante,
665 2284 69 27 car
765 2269 79 43 elle
874 2283 62 31 est
965 2285 55 27 au
1052 2270 225 44 bâtiment
1306 2285 42 27 ce
1379 2286 85 40 que
1496 2270 35 42 le

337 2333 216 52 squelette
579 2343 62 31 est
668 2332 21 41 à
718 2332 221 45 l'animal.
969 2332 68 43 De
1063 2333 142 42 même
1232 2348 85 40 que
1344 2333 35 42 le
1406 2348 100 40 sque-

337 2394 103 43 lette
467 2394 196 54 rythmé,
690 2394 233 56 équilibré,
950 2395 275 56 symétrique
1249 2395 52 43 de
1325 2394 206 45 l'animal

336 2457 205 43 contient
565 2469 40 30 et
629 2469 216 42 supporte
870 2458 57 41 les
948 2473 189 39 organes
1162 2457 59 43 les
1243 2457 103 55 plus
1369 2458 159 52 divers,

337 2531 40 30 et
404 2520 58 41 les
487 2519 103 54 plus
617 2519 300 43 diversement
941 2520 157 54 placés,
1130 2521 51 42 de
1208 2520 141 43 même
1379 2521 130 42 l'ossa-

337 2595 96 31 ture
457 2582 51 42 de
531 2593 130 32 notre
683 2582 156 43 édifice
862 2584 133 41 devra
1018 2582 87 43 être
1126 2583 247 53 composée,
1401 2584 104 52 ryth-

336 2645 106 50 mée,
472 2644 255 56 équilibrée,
753 2645 276 55 symétrique
1052 2645 155 52 même,
1235 2658 40 30 et
1297 2645 79 43 elle
1399 2646 132 44 devra

337 2707 199 54 pouvoir
575 2707 206 44 contenir
823 2709 57 42 les
921 2723 187 39 organes
1148 2707 57 44 les
1245 2707 102 54 plus
1387 2707 144 44 divers

337 2770 145 54 exigés
513 2786 81 38 par
626 2771 37 42 le
694 2786 304 39 programme.

407 2844 123 43 C'est
563 2844 40 43 là
637 2845 41 43 la
712 2844 101 42 base
847 2844 143 43 même
1024 2845 51 42 de
1110 2844 336 44 l'architecture.
1487 2844 44 43 Si

338 2907 40 42 ia
419 2918 220 31 structure
680 2906 113 44 n'est
835 2923 78 38 pas
954 2907 133 55 digne
1129 2907 50 44 de
1220 2916 130 35 rester
1392 2923 111 38 appa-

338 2980 135 34 rente,
509 2970 270 43 l'architecte
811 2986 21 26 a
864 2970 91 42 mal
988 2970 159 53 rempli
1180 2985 44 28 sa
1256 2969 202 43 mission.

337 3043 82 44 Les
445 3043 254 44 matériaux
725 3045 52 42 de
804 3044 273 46 revêtement
1102 3056 41 32 et
1169 3045 51 42 de
1247 3043 284 55 remplissage

337 3107 197 42 devront
582 3106 245 55 compléter
877 3107 248 45 l'ossature,
1179 3106 111 43 mais
1339 3118 102 30 Sans
1491 3106 40 41 la

337 3169 270 53 dissimuler,
641 3169 32 44 il
701 3169 103 46 faut
837 3185 85 41 que
952 3186 41 28 se
1023 3181 181 32 montre
1235 3186 86 26 une
1352 3179 175 45 poutre,

337 3233 40 41 là
410 3232 61 42 où
503 3232 32 44 il
568 3248 28 39 y
630 3248 22 26 a
685 3248 87 27 une
802 3244 178 43 poutre,
1016 3245 41 31 et
1091 3248 61 27 un
1183 3243 180 44 poteau,
1399 3232 40 42 là
1469 3233 61 41 où

336 3295 30 44 il
400 3310 28 39 y
460 3313 22 26 a
514 3311 62 26 un
607 3306 183 44 poteau.

406 3370 84 42 Ces
524 3369 299 55 dispositions
857 3369 227 45 éviteront
1115 3370 104 43 bien
1254 3370 73 43 des
1361 3368 144 56 surpri-

336 3448 62 26 ses
423 3432 302 56 désagréables
750 3433 37 42 le
811 3432 106 55 jour
941 3433 76 45 où,
1045 3448 81 40 par
1152 3433 111 42 suite
1291 3432 50 44 de
1368 3432 139 42 dilata-

337 3495 115 47 tion,
495 3496 166 52 retrait,
703 3507 255 37 tassement,
1000 3497 58 42 les
1095 3496 164 55 parties
1298 3506 233 43 portantes

337 3558 296 44 affirmeront
664 3560 93 42 leur
784 3558 216 56 présence.
1033 3557 363 52 L'architecture,
1429 3557 104 43 c'est

337 3635 42 28 ce
402 3621 80 55 qui
504 3621 87 43 fait
617 3624 58 42 les
698 3621 135 43 belles
857 3621 162 43 ruines*

405 3696 132 43 Nous
575 3712 53 28 ne
665 3697 173 43 devons
871 3712 80 39 pas
984 3697 105 54 plus
1125 3711 117 28 nous
1279 3694 252 45 affranchir

1688 461 72 46 des
1794 462 84 44 lois
1910 461 52 44 de
1994 461 41 45 la
2068 461 313 46 construction
2416 479 86 41 que
2535 479 116 29 nous
2683 479 53 30 ne
2770 479 115 30 nous

1688 524 363 45 affranchissons
2083 526 74 43 des
2188 526 265 43 conditions
2487 527 60 43 du
2579 543 304 40 programme.

1757 614 190 42 L'étude
1989 614 74 42 des
2103 612 266 46 conditions
2411 615 60 43 du
2512 631 292 39 programme
2845 628 40 32 et

1687 677 52 42 de
1783 677 39 43 la
1865 677 315 42 construction
2223 677 180 45 nourrit
2448 677 340 57 l'imagination
2834 679 51 41 de

1687 741 13 41 1
1723 740 235 42 architecte
1996 755 176 27 comme
2210 740 241 55 l'exigence
2488 742 61 41 du
2587 757 95 28 vers
2721 742 164 55 inspire

1687 803 36 41 le
1752 802 144 54 poète.

1756 879 83 42 Les
1869 878 266 44 conditions
2168 878 60 43 du
2260 894 290 40 programme
2582 880 113 42 d'un
2730 879 155 43 Musée

1686 954 334 41 comprennent
2051 941 235 54 beaucoup
2319 941 73 42 des
2426 941 163 54 parties
2620 957 265 28 communes

1687 1004 20 42 à
1735 1005 198 42 d'autres
1959 1004 251 42 bâtiments
2254 1019 117 27 nous
2400 1020 53 27 ne
2481 1005 59 42 les
2567 1004 318 44 énumérerons

1686 1083 78 38 pas
1792 1078 163 37 toutes,
1985 1082 42 27 ce
2054 1065 131 44 serait
2211 1082 62 26 un
2300 1065 217 45 véritable
2543 1067 122 43 devis
2693 1067 168 53 descrip-

1687 1129 70 53 tif,
1791 1145 117 27 nous
1935 1145 53 28 ne
2016 1144 117 27 nous
2161 1144 276 39 occuperons
2463 1145 86 40 que
2575 1130 51 42 de
2654 1130 124 43 celles
2805 1130 80 54 qui

1686 1206 106 31 sont
1823 1204 105 31 tout
1959 1192 22 42 à
2014 1192 86 43 fait
2133 1191 207 55 spéciales
2371 1192 23 42 à
2425 1208 43 27 ce
2498 1208 131 40 genre
2662 1192 220 43 d'édifice.

1756 1267 124 43 C'est
1922 1269 40 43 la
2002 1267 175 55 qualité
2215 1267 52 42 de
2309 1267 245 55 l'éclairage
2595 1268 79 54 qui
2714 1267 92 43 fera
2849 1268 36 41 le

1686 1331 94 41 bon
1814 1329 171 46 Musée.

1757 1405 179 43 Toutes
1971 1405 58 42 les
2060 1405 165 53 parties
2257 1404 51 42 de
2340 1404 191 44 l'édifice
2564 1404 320 43 devront-elles

1685 1467 87 43 être
1820 1467 198 43 éclairées
2065 1468 51 42 de
2164 1469 40 41 la
2251 1467 143 42 même
2440 1467 163 54 façon?
2653 1467 131 42 Nous
2834 1481 51 27 ne

1685 1546 196 38 croyons
1910 1545 94 39 pas.

1755 1606 65 43 La
1856 1606 207 53 peinture
2100 1605 79 55 qui
2213 1604 202 55 présente
2453 1616 193 32 couvent
2683 1604 73 43 des
2792 1620 69 27 sur-

1684 1667 115 43 faces
1833 1667 355 44 réfléchissantes
2224 1668 134 42 devra
2395 1666 191 44 recevoir
2621 1683 44 27 sa
2702 1666 183 43 lumière

1686 1731 60 42 du
1778 1731 173 42 zénith.

1755 1806 65 42 La
1860 1806 231 54 sculpture
2132 1820 91 28 sera
2266 1806 154 42 mieux
2462 1804 174 43 éclairée
2677 1820 81 39 par
2799 1820 85 26 une

1685 1869 185 41 lumière
1905 1869 180 43 latérale
2120 1868 218 46 tombant
2371 1868 52 42 de
2456 1868 127 43 haut.

1755 1944 82 43 Les
1863 1944 250 42 recherches
2140 1942 130 44 faites
2295 1943 22 42 à
2343 1943 240 42 l'occasion
2610 1942 52 42 de
2689 1941 173 44 l'instal-

1684 2006 146 43 lation
1865 2006 51 42 de
1948 2006 165 54 pastels
2145 2006 52 42 de
2229 2006 64 43 La
2328 2005 137 43 Tour
2496 2021 55 27 au
2586 2005 180 43 Louvre
2798 2015 85 32 ont

1684 2069 193 42 conduit
1908 2084 92 28 aux
2033 2083 256 41 remarques
2320 2083 62 28 ou
2535 2067 227 44 suivantes
2802 2083 9 26 :

1761 2152 45 33 i°
1849 2143 136 44 Tout
2033 2143 131 54 objet
2214 2143 154 43 éclairé
2417 2143 181 43 devient
2649 2142 235 43 lui-même

1684 2221 87 27 une
1802 2221 153 28 source
1988 2206 52 42 de
2075 2205 186 45 lumière
2294 2219 41 31 et
2366 2221 83 27 son
2482 2205 145 55 image
2658 2218 63 30 est
2754 2204 108 43 réflé-

1683 2269 95 43 chie
1815 2269 532 54 proportionnellement
2385 2270 23 41 à
2449 2268 245 56 l'éclairage
2734 2269 150 42 relatif

1686 2331 50 43 de
1771 2342 64 35 cet
1871 2331 129 54 objet
2036 2344 41 31 et
2115 2331 51 42 de
2202 2333 40 41 la
2277 2331 234 54 puissance
2547 2332 52 43 de
2636 2334 40 41 la
2712 2333 172 42 surface

1684 2394 349 45 réfléchissante.

1757 2484 24 27 2
1791 2477 15 16 0
1850 2469 83 42 Les
1969 2468 206 43 couleurs
2213 2469 203 43 sombres
2453 2469 246 43 absorbent
2736 2470 39 43 la
2814 2471 46 41 lu-

1684 2531 134 42 mière
1863 2532 152 43 tandis
2060 2547 86 40 que
2192 2532 57 42 les
2293 2532 205 43 couleurs
2543 2532 151 43 claires
2740 2544 40 31 et
2826 2532 58 42 les

1684 2593 193 44 surfaces
1905 2594 144 54 polies
2079 2597 41 42 la
2150 2594 321 44 réfléchissent.

1753 2668 64 44 La
1842 2669 216 54 première
2086 2684 233 41 remarque
2345 2684 106 31 veut
2479 2669 92 43 dire
2597 2685 85 40 que
2707 2669 35 43 si
2768 2684 114 28 vous

1684 2746 115 27 vous
1840 2747 249 39 promenez
2131 2747 52 28 en
2225 2731 176 44 toilette
2440 2732 129 43 claire
2612 2732 168 45 devant
2821 2747 61 27 un

1684 2794 180 43 tableau
1907 2794 182 44 sombre
2130 2809 41 31 et
2213 2794 193 47 brillant
2446 2811 115 27 vous
2601 2796 165 42 créerez
2810 2796 73 41 des

1684 2856 163 44 reflets»

1748 2931 68 43 De
1841 2947 66 27 ces
1935 2932 120 43 deux
2084 2932 84 43 lois
2195 2948 61 27 on
2284 2945 107 42 peut
2418 2932 207 43 conclure
2652 2948 86 40 que
2765 2946 118 41 pour

1684 2993 137 43 éviter
1848 2994 52 43 de
1926 2994 101 44 voir
2054 3010 75 27 sur
2157 2996 58 42 les
2241 2996 228 54 peintures
2587 3006 182 32 surtout
2797 2993 57 43 mi-

1684 3072 61 28 ses
1769 3073 106 26 sous
1897 3073 123 27 verre
2136 3059 59 41 les
2220 3057 166 56 images
2413 3057 226 45 réfléchiec
2666 3058 73 44 des
2765 3073 94 39 spec-

1684 3130 167 32 tateurs
1886 3133 41 32 et
1960 3120 74 43 des
2068 3120 150 54 objets
2251 3120 144 55 placés
2430 3135 91 28 aux
2554 3120 229 48 environs,
2818 3135 65 27 ces

1684 3194 270 42 spectateurs
1982 3196 41 31 et
2050 3198 64 28 ces
2142 3182 149 55 objets
2320 3183 189 44 doivent
2540 3183 87 43 être
2656 3183 112 43 dans
2797 3198 86 27 une

1684 3245 186 42 lumière
1910 3245 221 52 réfléchie,
2173 3247 51 41 de
2261 3262 85 38 peu
2385 3245 263 43 d'intensité
2684 3262 52 30 en
2774 3260 81 27 con-

1684 3318 134 32 traste
1847 3308 190 56 marqué
2065 3324 101 27 avec
2196 3309 40 44 la
2268 3307 184 45 lumière
2483 3308 159 43 directe
2673 3309 79 56 qui
2784 3307 99 44 doit

1683 3370 181 43 tomber
1887 3386 77 28 sur
1989 3370 38 44 le
2052 3371 194 45 tableau.

1753 3444 39 43 Il
1816 3444 102 45 faut
1941 3445 180 54 ajouter
2145 3461 86 40 que
2252 3456 110 33 cette
2389 3445 184 43 lumière
2599 3444 160 45 directe
2784 3444 99 45 doit

1683 3507 184 54 frapper
1905 3510 40 42 la
1982 3508 172 43 surface
2191 3508 333 45 réfléchissante
2561 3509 146 54 qu'est
2743 3508 37 43 le
2816 3518 45 31 ta-

1683 3570 145 47 bleau,
1855 3570 52 43 de
1929 3570 136 54 façon
2088 3572 102 43 telle
2212 3587 87 40 que
2326 3572 36 42 le
2387 3586 144 40 rayon
2556 3570 181 44 réfléchi
2762 3572 96 41 n'ar-

1684 3633 90 46 rive
1811 3649 80 38 pas
1927 3633 114 43 dans
2080 3633 108 44 l'œil
2227 3635 61 41 du
2328 3645 261 43 spectateur,
2630 3634 112 43 mais
2779 3633 102 42 bien

1682 3695 23 42 à
1738 3711 62 26 ses
1831 3695 142 53 pieds.
