3388 4323
2358 319 319 57 TEK
2757 319 61 56 H
2898 318 63 56 N
3042 309 48 64 É

556 3854 56 61 6

542 473 463 60 Questions
1061 474 767 59 Professionnelles

541 619 366 86 Code
1014 619 256 86 des
1377 617 543 86 Devoirs
2025 616 1066 84 Professionnels

541 759 181 85 de
831 759 780 85 l'Architecte
1715 754 802 86 Mandataire

616 920 99 42 Nos
774 921 184 42 lecteurs
1018 929 271 34 trouveront
1345 917 187 54 ci-après
1590 915 160 45 l'Essai

550 982 325 55 d'adaptation
908 983 64 42 du
1000 983 128 42 Code
1157 982 183 43 Guadet
1371 980 193 55 proposé
1595 994 79 39 par
1708 978 41 42 la

550 1046 172 43 Société
756 1044 386 45 Professionnelle
1178 1046 29 41 d
1212 1046 11 13 y
1229 1044 274 43 Architectes
1539 1040 206 54 français.

549 1108 84 47 (cfr
666 1110 38 43 le
735 1109 238 53 précédent
1004 1108 193 42 numéro
1227 1108 53 42 de
1319 1122 22 26 «
1378 1105 195 43 Tekhné
1608 1120 39 28 ».
1669 1104 15 54 )

553 1221 33 42 /.
626 1220 197 48 Devoirs
857 1221 53 43 de
944 1221 14 42 l
979 1220 237 43 architecte
1252 1232 153 30 envers
1440 1217 238 44 lui-même
1709 1227 41 34 et

623 1301 64 27 ses
722 1284 240 43 confrères.

631 1377 36 29 1.
794 1361 295 43 L'architecte
1117 1374 62 31 est
1208 1359 143 43 défini
1379 1374 80 39 par
1488 1357 36 43 le
1554 1357 172 43 diction-

552 1425 122 43 naire
710 1426 51 42 de
794 1424 279 43 l'Académie
1107 1423 217 54 française
1356 1421 192 54 (édition
1590 1419 160 56 1878)

552 1505 52 26 en
640 1505 64 26 ces
740 1501 159 32 termes
939 1504 9 27 :

627 1568 22 26 «
685 1552 213 43 L'artiste
927 1552 78 55 qui
1035 1566 214 39 compose
1281 1550 58 42 les
1369 1548 190 48 édifices,
1595 1563 49 27 en
1679 1547 48 43 dé-

553 1616 190 43 termine
779 1618 58 42 les
871 1616 315 54 proportions,
1226 1614 57 42 les
1319 1613 334 44 distributions,
1693 1614 57 41 les

555 1679 301 51 décorations,
900 1681 59 41 les
996 1679 87 45 fait
1120 1677 201 44 exécuter
1360 1693 103 27 sous
1501 1691 61 29 ses
1599 1675 152 42 ordres

551 1757 42 31 et
624 1759 52 26 en
706 1743 114 55 règle
850 1744 58 42 les
940 1742 224 55 dépenses.
1200 1757 22 26 »

621 1807 87 42 Par
738 1806 292 55 conséquent,
1065 1804 267 44 l'architecte
1359 1816 62 32 est
1449 1804 22 42 à
1501 1803 40 43 la
1569 1802 90 43 fois
1688 1817 62 27 un

553 1871 153 43 artiste
734 1884 42 30 et
802 1886 62 27 un
890 1869 233 55 praticien.
1153 1868 54 44 Sa
1235 1867 212 43 fonction
1472 1880 66 31 est
1564 1867 51 42 de
1642 1881 81 26 con-

552 1934 149 42 cevoir
735 1947 40 31 et
809 1933 172 43 étudier
1014 1934 40 42 la
1087 1931 309 55 composition
1432 1931 112 42 d'un
1578 1929 169 44 édifice;

555 1998 52 42 de
684 1998 252 43 s'entourer
1017 1996 72 43 des
1165 1994 304 55 compétences
1546 1992 205 56 spéciales

550 2062 210 55 qu'exige
799 2062 40 41 la
877 2060 241 55 technique
1153 2058 228 51 moderne,
1421 2058 52 43 de
1510 2056 162 56 diriger
1706 2066 41 34 et

553 2125 233 43 surveiller
817 2124 274 45 l'exécution
1124 2122 72 44 des
1227 2137 230 40 ouvrages,
1492 2122 51 42 de
1573 2119 179 45 vérifier

555 2200 41 31 et
633 2189 52 42 de
720 2188 138 55 régler
896 2189 59 41 les
986 2197 205 44 comptes
1226 2187 72 42 des
1335 2185 208 55 dépenses
1578 2200 28 39 y
1641 2184 88 43 rela-

553 2253 127 43 tives.

629 2332 39 27 2.
814 2314 38 45 Il
891 2329 146 28 exerce
1077 2329 86 27 une
1200 2312 256 56 profession
1494 2311 179 45 libérale
1711 2322 39 32 et

552 2395 95 27 non
680 2378 325 44 commerciale.
1038 2378 129 42 Cette
1195 2376 254 55 profession
1483 2389 62 31 est
1574 2376 147 42 incom-

551 2443 172 55 patible
764 2458 100 28 avec
907 2441 102 43 relie
1052 2441 364 54 d'entrepreneur
1456 2449 294 45 proprement

553 2507 82 47 dit,
676 2505 239 44 industriel
953 2521 60 27 ou
1047 2503 286 44 fournisseur
1367 2503 51 42 de
1451 2503 202 43 matières
1690 2517 60 27 ou

557 2570 149 53 objets
753 2568 233 55 employés
1031 2568 112 46 dans
1189 2568 39 43 la
1275 2567 329 43 construction.
1654 2565 96 43 Elle

555 2635 114 42 n'est
710 2650 79 38 pas
828 2631 329 55 incompatible
1199 2647 100 27 avec
1338 2630 102 44 celle
1480 2629 243 44 d'adminis-

554 2709 170 32 trateur
766 2695 312 54 d'immeuble,
1123 2695 51 42 de
1216 2694 297 49 vérificateur,
1559 2693 47 43 ni
1650 2709 100 28 avec

555 2772 149 32 toutes
748 2771 145 34 autres
936 2756 330 45 commerciales
1305 2773 61 27 ou
1407 2773 110 32 non,
1561 2757 192 54 n'ayant

750 2834 190 43 rapport
984 2837 103 28 avec
1128 2823 40 42 la
1212 2820 226 55 propriété
1479 2820 134 43 bâtie»
1656 2819 97 43 Elle

557 2888 115 42 n'est
697 2903 79 39 pas
804 2884 330 56 incompatible
1159 2900 95 27 non
1282 2884 102 54 plus
1412 2898 100 30 avec
1536 2883 59 43 les
1621 2883 106 42 fonc-

552 2952 126 42 tions
727 2949 437 47 d'administrateur,
1216 2948 217 43 directeur
1480 2963 59 28 ou
1586 2945 166 45 conseil

556 3015 243 56 technique
844 3013 50 43 de
939 3011 180 47 sociétés
1161 3011 337 44 immobilières.

622 3078 296 43 L'architecte
951 3091 62 31 est
1044 3075 195 43 rétribué
1270 3091 80 39 par
1383 3075 72 43 des
1486 3074 266 44 honoraires

555 3143 118 43 dont
703 3142 31 42 il
764 3141 63 44 lui
859 3140 260 55 appartient
1147 3139 51 43 de
1229 3137 267 45 déterminer
1526 3138 20 42 à
1578 3138 150 43 l'avan-

555 3222 55 30 ce,
646 3205 208 43 d'accord
886 3220 101 28 avec
1016 3219 62 27 ses
1107 3203 170 47 clients,
1311 3203 36 43 le
1379 3213 216 33 montant
1622 3217 62 27 ou
1715 3202 38 43 le

555 3282 113 31 taux
701 3268 115 44 ainsi
849 3284 87 40 que
968 3269 58 42 les
1061 3265 240 45 modalités
1337 3266 51 44 de
1422 3276 257 45 payement,
1715 3265 37 43 le

555 3345 106 34 tout
693 3349 53 27 en
781 3332 213 43 fonction
1029 3342 293 32 notamment
1355 3330 51 42 de
1436 3330 41 43 la
1512 3340 158 32 nature
1702 3328 51 44 de

554 3398 175 55 chaque
773 3394 175 52 affaire,
996 3395 52 43 de
1089 3410 82 30 son
1218 3394 294 54 importance,
1559 3392 61 44 du
1665 3392 86 44 lieu

558 3460 289 44 d'exécution
887 3472 41 30 et
968 3459 74 43 des
1082 3457 250 45 difficultés
1370 3456 274 56 techniques,
1689 3472 43 27 ar-

555 3525 221 55 tistiques,
809 3521 257 57 juridiques
1090 3537 62 28 ou
1179 3520 265 45 financières
1472 3536 85 40 que
1583 3520 170 56 chaque

556 3588 162 44 affaire
753 3599 63 32 est
853 3584 267 56 susceptible
1155 3585 52 44 de
1242 3584 236 55 présenter.
1518 3584 42 43 À
1597 3583 156 44 défaut

556 3652 233 43 d'entente
838 3649 242 56 préalable,
1137 3648 38 44 le
1227 3647 110 45 tarif
1390 3647 250 56 applicable
1693 3659 60 32 est

557 3716 112 43 celui
698 3716 51 44 de
778 3717 40 42 la
846 3714 270 47 Fédération
1145 3713 73 45 des
1245 3712 275 44 Architectes
1546 3710 207 56 français.

1968 915 128 42 Cette
2150 913 273 44 rétribution
2476 924 61 31 est
2590 912 223 43 exclusive
2865 912 51 41 de
2971 922 126 31 toute

1900 990 124 31 autre
2058 993 151 27 source
2243 978 52 42 de
2327 977 103 55 gain
2467 977 116 42 dont
2615 992 81 28 son
2732 975 134 43 client
2900 975 197 42 n'aurait

1899 1058 78 38 pas
2011 1058 50 26 eu
2095 1041 318 43 connaissance
2447 1056 54 27 au
2536 1051 208 31 moment
2779 1039 51 41 de
2864 1039 209 52 l'accepta-

1898 1106 99 42 tion
2031 1105 51 43 de
2112 1105 208 43 l'accord.

1974 1185 41 39 3.
2114 1197 11 4 -
2166 1167 45 43 Si
2254 1183 61 27 un
2362 1167 234 43 architecte
2638 1183 22 26 a
2704 1166 91 54 pris
2839 1181 61 26 un
2945 1165 152 42 brevet

1898 1247 117 39 pour
2063 1248 61 26 un
2172 1230 191 56 produit
2410 1242 274 31 concernant
2732 1228 257 45 l'industrie
3036 1228 60 42 du

1898 1296 240 45 bâtiment,
2194 1293 29 45 il
2275 1311 53 27 ne
2380 1293 235 55 l'exploite
2663 1309 78 38 pas
2792 1292 280 55 personnelle-

1901 1372 138 32 ment»
2076 1359 112 43 mais
2220 1359 30 42 il
2282 1358 119 42 vend
2432 1358 22 42 à
2488 1373 61 26 un
2582 1357 240 42 industriel
2853 1371 52 27 en
2940 1354 63 43 lui
3033 1354 43 43 cé-

1904 1423 112 43 dant
2055 1435 103 32 tous
2197 1438 61 27 ses
2296 1422 144 43 droits
2477 1421 51 42 de
2565 1420 227 55 propriété
2830 1435 117 39 pour
2987 1418 89 43 l'ex-

1901 1486 266 54 ploitation.

1969 1550 70 42 En
2072 1566 68 26 cas
2169 1550 51 42 de
2251 1548 167 44 cession
2452 1548 21 42 à
2505 1564 87 26 une
2623 1547 171 51 société,
2829 1546 269 44 l'architecte

1903 1614 239 42 inventeur
2180 1624 107 43 peut
2327 1611 192 43 recevoir
2558 1611 72 46 des
2670 1611 173 43 actions
2882 1609 216 55 d'apport

1901 1693 59 26 ou
2001 1689 122 42 parts
2161 1677 52 42 de
2251 1675 262 51 fondateur,
2556 1675 111 42 mais
2709 1675 31 42 il
2779 1673 227 43 s'interdit
3048 1672 50 43 de

1901 1741 190 54 prendre
2119 1754 101 41 part
2250 1740 22 42 à
2305 1741 40 43 la
2375 1740 69 42 vie
2474 1738 140 44 active
2645 1738 51 42 de
2726 1740 42 41 la
2799 1736 158 44 société
2987 1752 52 26 en
3070 1752 28 38 y

1901 1816 232 42 acceptant
2185 1820 86 26 une
2323 1803 213 43 fonction
2590 1802 52 42 de
2694 1801 194 56 quelque
2942 1811 158 31 nature

1901 1868 164 55 qu'elle
2099 1868 102 44 soit.

1972 1933 117 54 Quel
2148 1947 86 39 que
2290 1929 89 44 soit
2438 1929 37 43 le
2533 1928 400 47 concessionnaire,
2994 1927 84 44 l'ar-

1901 1994 185 45 chitecte
2127 1995 239 42 inventeur
2405 1992 228 44 s'interdit
2672 2004 127 31 toute
2843 1990 227 44 rémunéra-

1902 2058 99 44 tion
2040 2056 398 57 proportionnelle
2474 2072 55 28 au
2567 2056 164 43 chiffre
2769 2055 226 44 d'affaire.

1973 2138 43 38 4.
2163 2121 295 43 L'architecte
2495 2120 176 45 n'étant
2709 2121 46 41 ni
2794 2129 306 42 commerçant

1901 2187 46 42 ni
1983 2197 133 44 agent
2150 2185 246 45 d'affaires,
2435 2184 230 44 s'interdit
2698 2195 127 32 toute
2860 2182 238 54 opération

1901 2249 77 56 qui
2016 2249 245 43 donnerait
2295 2248 87 43 lieu
2416 2249 21 41 à
2474 2248 72 42 des
2582 2247 177 44 remises
2793 2262 59 26 ou
2888 2244 180 44 commis-

1903 2314 122 45 sions
2059 2324 275 32 concernant
2368 2312 58 42 les
2460 2323 195 31 travaux
2689 2311 118 43 dont
2838 2311 30 43 il
2902 2326 22 26 a
2957 2310 40 42 la
3032 2309 46 43 di-

1903 2378 169 42 rection
2110 2393 59 26 ou
2211 2377 37 42 le
2288 2375 190 43 mandat
2516 2375 79 55 qui
2636 2374 64 44 lui
2740 2392 21 26 a
2800 2373 63 44 été
2903 2371 194 45 conféré.

1901 2441 38 43 Il
1977 2456 168 39 pourra
2185 2439 222 44 toutefois
2449 2438 192 44 recevoir
2681 2438 73 43 des
2792 2437 306 43 émoluments

1900 2504 403 55 supplémentaires
2354 2517 118 40 pour
2523 2514 127 32 toute
2700 2501 239 55 opération
2990 2516 81 27 con-

1904 2584 110 27 nexe
2053 2568 22 42 à
2112 2584 43 27 sa
2194 2567 273 55 profession,
2510 2566 102 44 telle
2649 2582 98 40 que,
2790 2575 306 36 notamment,

1902 2632 226 42 recherche
2160 2644 40 31 et
2230 2630 130 46 achat
2392 2630 51 43 de
2474 2629 180 51 terrain,
2689 2629 227 43 recherche
2948 2627 51 43 de
3029 2643 47 28 ca-

1901 2695 178 54 pitaux,
2119 2694 181 56 gérance
2338 2710 59 26 ou
2438 2693 375 44 administration
2855 2691 214 44 d'immeu-

1901 2759 106 45 bles,
2047 2770 76 33 etc.

1971 2823 38 44 Il
2043 2822 238 43 s'abstient
2314 2822 50 42 de
2397 2821 124 50 faire,
2555 2820 112 44 dans
2700 2836 61 27 un
2796 2820 84 44 but
2912 2834 160 40 person-

1903 2886 85 44 nel,
2027 2886 74 43 des
2136 2900 240 31 annonces,
2415 2884 207 43 réclames
2655 2900 59 26 ou
2750 2883 141 43 offres
2928 2883 51 43 de
3013 2898 64 27 ser-

1903 2949 113 43 vices
2058 2964 82 40 par
2176 2949 101 42 voie
2322 2948 51 43 de
2417 2948 250 54 journaux,
2715 2947 203 48 affiches,
2964 2946 112 43 ensei-

1903 3029 106 39 gnes
2051 3024 277 44 prospectus,
2373 3027 59 28 ou
2476 3024 104 30 tous
2624 3022 145 33 autres
2813 3026 191 39 moyens
3048 3010 51 43 de

1904 3077 218 54 publicité
2156 3092 52 27 en
2246 3091 132 40 usage
2415 3076 114 43 dans
2565 3075 58 43 les
2659 3074 279 56 professions
2975 3090 94 27 com-

1906 3141 237 44 merciales.
2184 3140 105 42 Une
2326 3140 100 44 telle
2461 3138 218 56 publicité
2716 3139 113 43 n'est
2865 3137 117 45 licite
3017 3152 85 40 que

1904 3219 118 39 pour
2056 3203 111 43 faire
2201 3202 235 43 connaître
2472 3217 54 28 au
2559 3201 155 54 public
2747 3202 58 43 les
2840 3199 261 56 opérations

1905 3267 116 43 dont
2065 3265 273 45 l'architecte
2376 3278 63 31 est
2479 3265 426 44 momentanément
2943 3264 159 55 chargé

1902 3347 80 38 par
2011 3332 73 41 des
2114 3330 101 43 tiers
2251 3345 9 27 :
2294 3329 317 53 lotissements,
2644 3338 336 45 appartements
3011 3327 67 43 dis-

1901 3394 225 55 ponibles,
2157 3393 188 44 terrains
2371 3393 22 43 à
2422 3392 179 47 vendre,
2635 3403 77 33 etc.

1980 3473 41 40 5.
2169 3457 39 42 Il
2247 3456 227 44 s'interdit
2515 3456 51 43 de
2608 3456 251 43 rechercher
2900 3455 72 45 des
3012 3468 68 32 tra-

1905 3537 123 28 vaux
2061 3537 60 26 ou
2157 3521 51 42 de
2242 3522 40 42 la
2315 3519 200 45 clientèle
2549 3535 55 27 au
2639 3535 167 38 moyen
2841 3519 52 42 de
2926 3533 151 28 conces-

1905 3584 136 48 sions,
2082 3582 332 49 commissions,
2456 3582 176 43 remises
2667 3598 75 28 sur
2781 3598 61 28 ses
2880 3582 193 43 honorai-

1907 3664 62 26 res
2004 3664 59 26 ou
2099 3659 145 32 autres
2277 3657 241 45 avantages
2552 3646 115 56 qu'il
2700 3645 133 46 ferait
2867 3646 22 42 à
2925 3645 73 43 des
3029 3645 48 43 in-

1907 3711 303 46 termédiaires
2248 3711 80 43 tels
2369 3726 86 40 que
2498 3709 191 56 gérants,
2731 3710 211 43 hommes
2986 3709 115 44 d'af-
