3388 4323
2331 331 47 53 ¥
2594 331 47 53 m
2847 329 61 54 m
2729 328 60 56 H
2872 329 60 54 M
3016 328 47 55 Ê

507 3861 101 56 14

517 488 81 39 par
634 473 40 44 la
710 475 128 42 Cour
875 476 52 42 de
963 475 223 43 cassation
1229 490 8 28 :
1279 490 85 27 une
1397 484 131 33 vente
1562 471 128 56 publi-

517 553 86 40 que
637 539 203 44 mettrait
877 539 69 45 fin
983 539 22 42 à
1044 540 303 42 l'indivision.

593 617 23 26 »
659 602 63 43 Ce
760 603 131 42 serait
932 619 61 26 un
1034 604 135 41 crime
1209 601 384 56 impardonnable
1633 614 83 41 que

516 665 51 43 de
602 666 150 43 laisser
788 666 212 43 morceler
1035 678 40 32 et
1108 667 244 55 galvauder
1383 678 65 30 cet
1481 666 205 51 incompa-

517 729 122 43 rable
670 729 94 54 site,
800 731 313 55 remarquable
1145 746 55 28 au
1232 731 179 53 surplus
1441 744 79 39 par
1552 728 57 42 les
1642 727 49 41 dé-

517 805 231 32 couvertes
785 794 370 56 archéologiques
1190 795 110 54 qu'y
1336 805 82 30 ont
1453 791 129 44 faites
1618 789 98 53 déjà

516 854 129 46 MM.
686 857 194 54 Donny,
920 858 52 41 de
1006 857 115 51 Hoë,
1157 857 156 44 Rahir,
1352 856 228 54 Loppens,
1618 864 94 35 etc.,

517 920 118 42 dont
670 921 58 44 les
765 922 249 41 recherches
1049 934 229 41 prouvent
1314 934 98 41 que,
1449 920 21 41 à
1508 918 207 54 l'époque

519 985 220 51 romaine,
781 985 58 41 les
877 985 141 41 dunes
1055 985 52 41 de
1144 985 63 41 La
1245 985 154 40 Panne
1436 982 163 43 étaient
1637 981 51 42 ha-

518 1047 150 47 bitées.

593 1127 21 26 »
655 1112 76 41 On
771 1112 198 55 imagine
1007 1112 85 42 très
1130 1112 102 41 bien
1272 1127 85 26 une
1394 1109 203 43 solution
1636 1107 79 55 qui

519 1176 256 42 réserverait
817 1187 127 31 toute
988 1177 39 42 la
1069 1175 153 55 région
1267 1189 189 39 sauvage
1496 1171 219 55 comprise

518 1250 122 31 entre
677 1239 65 43 La
777 1239 157 42 Panne
969 1252 40 30 et
1045 1242 39 41 la
1120 1239 218 41 frontière
1373 1237 215 52 française
1625 1250 89 28 aux

519 1302 184 43 enfants
743 1303 73 42 des
852 1303 129 43 villes
1018 1317 40 31 et
1093 1303 74 42 des
1202 1302 235 54 provinces
1473 1299 145 54 belges
1656 1298 58 43 où

517 1366 100 42 l'air
647 1382 87 38 pur
766 1366 87 43 fait
882 1366 178 47 défaut;
1093 1381 60 26 on
1184 1365 251 44 concevrait
1468 1379 60 26 un
1559 1363 155 42 accord

518 1441 122 31 entre
677 1430 157 47 l'Etat,
873 1432 59 41 les
967 1430 249 54 provinces,
1257 1430 57 42 les
1349 1427 188 55 grandes
1571 1426 140 43 villes,

518 1493 58 41 les
625 1494 168 54 grands
842 1494 187 54 collèges
1080 1504 39 32 et
1170 1494 58 42 les
1277 1506 169 28 œuvres
1496 1489 216 47 scolaires,

517 1571 118 38 pour
668 1557 113 42 créer
818 1573 61 26 un
915 1556 141 43 fonds
1092 1571 218 27 commun
1345 1555 217 42 suffisant
1597 1569 118 38 pour

522 1620 167 43 l'achat
737 1620 72 42 des
857 1621 141 41 dunes
1046 1635 51 26 en
1148 1635 61 27 un
1258 1619 122 46 bloc;
1430 1618 74 42 des
1552 1618 162 41 locaux

518 1684 268 52 pourraient
825 1684 87 42 être
952 1683 246 43 construits
1235 1683 23 41 à
1300 1683 38 41 la
1378 1680 247 56 périphérie
1664 1680 51 42 de

520 1750 40 39 la
624 1747 155 55 région
846 1748 72 40 des
982 1747 140 42 dunes
1183 1762 118 38 pour
1366 1744 347 55 l'organisation

518 1809 189 43 d'écoles
739 1826 53 27 en
826 1811 122 54 plein
983 1811 77 52 air,
1097 1825 54 27 au
1183 1809 195 42 bénéfice
1412 1809 50 42 de
1494 1807 221 42 l'enfance

515 1886 40 31 et
589 1874 51 43 de
673 1875 40 42 la
745 1874 200 53 jeunesse
976 1874 186 51 débiles;
1197 1875 58 42 les
1286 1873 140 42 dunes
1459 1870 255 45 resteraient

517 1953 42 27 ce
592 1938 187 55 qu'elles
814 1948 119 36 sont,
969 1952 118 39 pour
1122 1938 36 43 le
1191 1937 102 54 plus
1326 1936 142 55 grand
1503 1935 102 43 bien
1641 1935 73 41 des

515 2001 184 43 enfants
732 2013 41 31 et
806 2002 73 43 des
911 2001 290 53 adolescents,
1234 2001 79 55 qui
1347 2016 27 38 y
1407 1998 307 44 trouveraient

516 2065 73 42 des
652 2065 266 43 conditions
976 2064 299 55 hygiéniques
1336 2062 275 45 excellentes,
1674 2073 40 32 et

515 2143 119 39 pour
670 2131 40 40 la
743 2129 102 53 plus
879 2129 168 53 grande
1081 2128 281 44 satisfaction
1399 2127 71 45 des
1505 2125 209 44 touristes

517 2191 79 55 qui
629 2191 227 54 préfèrent
891 2192 58 41 les
983 2191 112 53 joies
1128 2191 51 42 de
1212 2192 40 42 la
1287 2201 157 31 nature
1478 2204 89 28 aux
1599 2188 92 54 plai-

517 2255 80 43 sirs
631 2255 74 43 des
733 2254 175 54 palaces
940 2267 43 31 et
1014 2254 72 42 des
1121 2253 231 55 dancings.

590 2346 23 27 »
651 2330 137 50 Mais,
826 2331 112 55 quoi
973 2331 116 55 qu'il
1124 2345 52 27 en
1211 2329 233 47 advienne,
1480 2343 86 29 une
1599 2328 91 42 déci-

517 2394 98 43 sion
665 2394 215 54 s'impose
926 2394 22 41 à
993 2394 98 41 bref
1137 2393 114 44 délai
1304 2409 10 26 :
1362 2392 101 43 celle
1509 2393 51 41 de
1604 2391 110 43 faire

526 2473 23 26 «
587 2457 157 43 classer
782 2472 22 27 »
844 2458 37 42 le
916 2456 95 54 site,
1048 2467 104 32 tout
1187 2456 151 51 entiee,
1375 2456 52 42 de
1461 2455 195 43 manière
1691 2454 23 41 à

515 2520 233 55 empêcher
790 2519 59 47 les
893 2519 302 55 spéculateurs
1237 2519 52 43 de
1333 2519 38 43 le
1414 2517 298 44 transformer

513 2584 197 55 quelque
738 2583 107 54 jour
875 2583 21 42 à
927 2584 94 42 leur
1051 2582 86 55 gré,
1168 2598 118 39 pour
1317 2582 92 43 leur
1437 2583 103 53 plus
1568 2581 144 55 grand

513 2647 162 55 profit,
706 2662 102 29 sans
836 2646 133 56 égard
998 2647 22 42 à
1047 2646 196 43 l'intérêt
1271 2645 189 56 général.
1493 2662 22 26 »

516 2861 331 45 TOURNAI.

578 2950 95 43 AU
715 2950 279 43 CONSEIL
1035 2949 411 43 COMMUNAL.
1486 2949 60 42 Le
1583 2948 92 43 Con-

512 3014 77 45 seil
619 3015 268 43 communal
917 3013 51 43 de
999 3013 215 42 Tournai
1244 3013 127 42 réuni
1400 3012 123 54 jeudi
1554 3012 102 46 soir,
1690 3029 22 26 a

510 3078 169 43 décrété
712 3093 88 28 une
832 3077 104 43 série
968 3078 52 41 de
1053 3077 166 55 grands
1253 3088 193 31 travaux
1479 3076 92 55 qui,
1606 3088 106 31 tout

511 3158 52 27 en
599 3153 281 44 permettant
913 3141 51 42 de
996 3156 129 40 parer
1160 3141 21 41 à
1218 3140 40 42 la
1291 3140 106 42 crise
1429 3139 281 45 industrielle

513 3207 60 42 du
607 3217 224 36 moment,
865 3204 350 44 contribueront
1247 3204 22 42 à
1301 3203 203 43 embellir
1536 3204 40 42 la
1607 3202 106 44 ville

506 3281 44 31 et
579 3270 21 42 à
637 3279 160 33 mettre
831 3284 52 27 en
917 3267 207 44 évidence
1159 3267 52 42 de
1242 3267 136 42 vieux
1412 3277 296 32 monuments

507 3333 52 42 de
588 3333 115 54 style
730 3331 417 56 particulièrement
1176 3330 299 45 intéressants.
1509 3330 80 42 Un
1621 3329 65 42 cré-

508 3397 68 43 dit
606 3398 52 41 de
692 3398 181 53 82,413
908 3395 153 43 francs
1089 3411 23 27 a
1142 3394 194 43 d'abord
1367 3394 65 43 été
1458 3394 106 42 voté
1591 3409 115 39 pout

508 3462 41 42 la
589 3460 304 44 restauration
933 3460 51 42 de
1022 3458 167 55 Féglise
1228 3457 477 55 Sainte-Marguerite;

508 3540 62 27 un
605 3537 126 32 autre
765 3523 140 43 crédit
937 3523 52 43 de
1026 3537 218 41 350,000
1277 3521 149 43 francs
1458 3537 21 27 a
1514 3521 63 42 été
1610 3521 73 55 éga-

510 3590 169 42 lement
715 3587 110 44 voté
858 3603 119 39 pour
1016 3588 40 42 la
1096 3585 300 43 restauration
1436 3586 52 41 de
1528 3585 40 44 la
1605 3585 77 42 cha-

506 3653 115 54 pelle
659 3652 54 44 de
751 3650 235 49 l'athénée,
1030 3649 303 55 aujourd'hui
1371 3648 260 43 désaffectée
1668 3660 40 31 et

505 3716 80 55 qui
618 3729 63 32 est
714 3732 62 26 un
813 3714 290 56 magnifique
1138 3725 278 32 monument
1449 3712 235 43 d'architec-

1864 485 109 33 tore.
2002 473 81 42 Un
2112 472 225 45 troisième
2366 471 137 44 crédit
2530 471 51 42 de
2618 471 263 55 1,774,796
2913 470 148 43 francs

1867 557 21 26 a
1931 537 63 42 été
2036 536 106 43 voté
2182 552 52 27 en
2277 551 84 27 vue
2404 536 51 42 de
2496 539 39 41 la
2580 535 299 43 restauration
2926 536 135 40 d'une

1869 600 177 42 maison
2086 615 186 27 romane
2310 600 79 41 sLe
2430 614 74 28 rue
2543 598 444 43 Barre-Saint-Brice
3024 607 40 31 et

1867 663 80 55 qui
1985 675 66 30 est
2094 678 60 26 un
2197 663 73 43 des
2311 662 245 54 spécimens
2600 662 57 43 les
2700 662 102 53 plus
2842 661 220 53 complets

1865 727 50 41 de
1946 727 326 42 l'architecture
2300 726 60 41 du
2386 725 93 42 XII
2486 733 14 16 e
2528 725 123 44 siècle
2679 741 51 26 en
2757 725 181 53 Europe
2966 740 72 38 sep-

1867 790 293 46 tentrionale;
2200 789 142 44 enfin,
2383 805 61 26 un
2482 788 138 43 crédit
2657 790 50 41 de
2754 788 209 55 102,289
3028 802 17 26 r
3052 821 7 8 *

1865 869 22 27 a
1921 853 62 43 été
2016 853 166 53 adopté
2213 868 118 39 pour
2362 864 213 31 restaurer
2609 853 36 42 le
2677 852 155 42 cloître
2865 852 51 42 de
2947 851 92 42 l'an-

1866 918 152 41 cienne
2054 917 173 54 abbaye
2263 917 51 41 de
2350 915 349 44 Saint-Martin.

1936 993 60 42 Le
2037 993 165 43 conseil
2245 1010 21 26 a
2311 993 116 42 aussi
2470 991 106 43 voté
2620 992 11 41 l
2655 990 314 54 avant-projet
3012 991 50 41 de

1867 1057 384 41 transformation
2291 1057 59 41 du
2389 1055 250 43 boulevard
2677 1055 60 41 du
2773 1055 89 43 Roi
2899 1054 163 42 Albert

1867 1120 116 45 dont
2022 1122 34 42 le
2095 1120 121 42 devis
2251 1120 155 42 s'élève
2442 1120 21 41 à
2501 1120 102 52 plus
2641 1119 111 41 d'un
2791 1118 182 42 million
3012 1118 49 41 de

1865 1183 164 50 francs,
2065 1184 113 42 ainsi
2213 1199 85 40 que
2334 1185 36 41 le
2407 1183 185 43 résultat
2627 1183 60 41 du
2724 1197 219 27 concours
2978 1196 56 26 ou-

1865 1259 96 31 vert
2001 1259 120 31 entre
2158 1247 256 43 architectes
2450 1262 52 27 en
2539 1262 83 26 vue
2660 1246 50 41 de
2748 1245 289 54 l'agrandisse-

1863 1323 125 30 ment
2036 1312 51 40 de
2136 1312 39 41 la
2222 1310 317 55 bibliothèque
2585 1308 304 44 communale.
2939 1309 123 41 Pour

1866 1374 246 54 compléter
2151 1374 36 42 le
2225 1390 290 39 programme
2552 1374 72 45 des
2664 1372 166 56 grands
2869 1384 193 30 travaux

1867 1453 118 38 pour
2023 1439 188 54 lesquels
2251 1439 72 44 des
2360 1437 159 43 crédits
2557 1449 83 30 ont
2677 1436 62 42 été
2777 1435 161 54 prévus
2976 1450 88 25 aux

1867 1501 193 54 budgets
2114 1501 51 41 de
2227 1515 123 40 1929
2406 1510 40 31 et
2498 1500 51 41 de
2610 1514 140 40 1931,
2809 1499 36 41 le
2895 1498 168 53 eollège

1865 1564 230 43 échevinal
2125 1581 21 25 a
2175 1564 62 42 été
2267 1564 195 43 autorisé
2490 1564 21 41 à
2540 1563 110 42 faire
2679 1578 61 27 un
2769 1573 215 42 emprunt
3014 1561 49 41 de

1870 1643 218 39 900,000
2136 1628 150 42 francs
2328 1639 43 31 et
2414 1643 61 25 un
2524 1639 124 29 autre
2695 1626 50 42 de
2798 1640 264 39 1,140,000

1869 1691 148 43 francs
2060 1692 21 41 à
2123 1692 146 42 valoir
2310 1707 73 26 sur
2427 1692 57 41 les
2523 1700 240 44 emprunts
2799 1690 51 41 de
2893 1705 22 38 3
2959 1688 78 42 mil-

1865 1755 118 42 lions
2018 1755 218 55 598,000
2270 1755 149 42 francs
2451 1767 39 30 et
2524 1754 51 41 de
2611 1768 268 41 2,520,000
2914 1752 148 42 francs

1869 1818 186 43 décrétés
2102 1818 377 43 antérieurement
2523 1833 80 38 par
2648 1817 37 42 le
2728 1816 166 45 conseil
2940 1830 92 26 com-

1866 1883 173 42 munal.

2402 2102 66 55 A
2521 2101 465 61 l'Etranger
3025 2101 38 61 :

1866 2209 397 38 Allemagne.

1867 2308 137 42 UNE
2076 2307 223 43 HEURE
2370 2306 193 45 AVEC.
2634 2306 75 42 W.
2780 2304 284 44 GROPIUS

1933 2421 146 42 Notre
2121 2418 230 55 distingué
2391 2419 202 43 confrère
2635 2419 41 43 J.
2721 2418 280 42 Moutschen
3044 2432 23 27 a

1869 2482 263 44 interviewé
2178 2481 271 43 récemment
2490 2497 118 38 pour
2652 2497 64 27 un
2759 2481 187 54 journal
2992 2479 57 42 lié-

1870 2546 137 55 geois,
2051 2545 240 44 Vêminent
2334 2545 145 42 leader
2523 2545 247 47 allemand,
2813 2543 128 42 Prof.
2992 2542 71 43 W.

1869 2608 217 55 Gropius.
2131 2609 134 42 Nous
2303 2606 303 55 repoduisons
2644 2605 188 53 ci-apres
2871 2605 37 43 le
2949 2613 118 34 texte

1869 2672 144 42 même
2045 2672 52 42 de
2128 2682 66 33 cet
2223 2670 267 42 intéressant
2521 2677 246 46 reportage.

1934 2799 155 42 Parmi
2132 2797 59 43 les
2233 2797 256 45 architectes
2531 2796 251 43 allemands
2823 2795 51 42 de
2913 2794 151 43 l'école

1867 2864 40 42 la
1947 2863 103 53 plus
2091 2860 204 47 radicale,
2338 2859 176 43 Walter
2553 2859 203 54 Gropius
2795 2858 85 43 fait
2918 2858 146 55 figure

1865 2926 52 42 de
1944 2925 115 43 chef.
2091 2924 134 43 Elève
2256 2924 52 43 de
2337 2924 127 42 Peter
2491 2923 214 48 Behrens,
2737 2921 177 44 Walter
2944 2921 90 43 Gro-

1868 2990 101 54 pius
2006 3003 63 31 est
2106 2987 240 43 Berlinois.
2385 2987 39 44 Il
2463 3003 21 26 a
2522 2986 224 43 construit
2782 3001 89 28 aux
2908 2996 157 45 quatre

1868 3053 125 44 coins
2020 3053 51 41 de
2096 3051 321 54 l'Allemagne.
2446 3051 94 42 Son
2567 3050 228 42 influence
2820 3060 61 31 est
2906 3048 160 43 visible

1867 3116 112 43 dans
2008 3116 37 42 le
2074 3130 170 40 groupe
2273 3114 79 55 qui
2380 3124 179 44 compte
2588 3113 58 43 les
2673 3112 172 54 Meyer,
2875 3112 58 42 les
2961 3111 78 42 Frè-

1869 3195 63 27 res
1966 3179 144 53 Taut,
2149 3177 118 43 Mies
2299 3193 90 27 van
2424 3178 74 42 der
2534 3178 144 44 Rohe,
2716 3175 347 45 Mendelssohn,

1869 3242 334 46 Hilberseimer,
2242 3240 196 49 Haesler,
2478 3251 78 33 etc.

1936 3318 146 42 Notre
2126 3316 173 43 dernier
2342 3316 217 43 entretien
2604 3326 203 32 remonte
2850 3330 55 28 au
2949 3313 116 43 mois

1867 3382 187 42 dernier.
2084 3380 133 44 Nous
2246 3380 320 54 parcourûmes
2596 3378 224 44 ensemble
2851 3378 58 42 les
2937 3377 102 55 prin-

1869 3445 165 54 cipaux
2081 3444 156 43 stands
2285 3444 51 42 de
2382 3443 298 54 l'exposition
2726 3443 60 41 du
2831 3441 234 43 Bâtiment

1867 3509 80 55 qui
1978 3509 125 43 vient
2137 3507 51 43 de
2220 3507 111 43 finir
2365 3507 22 42 à
2421 3505 171 45 Bêrlin.

1936 3585 68 42 De
2039 3584 122 43 taille
2199 3598 226 40 moyenne
2562 3582 260 43 sobrement
2857 3580 106 45 vêtu

1866 3659 137 45 gestes
2030 3648 163 42 calmes
2316 3647 85 46 très
2430 3646 200 54 pondéré
2658 3645 204 53 d'allure,
2894 3646 37 42 le
2957 3660 81 39 pro-

1867 3712 166 43 fesseur
2067 3711 203 54 Gropius
2307 3711 73 43 n'a
2418 3711 92 41 rien
2547 3710 52 42 de
2634 3709 285 43 l'Allemand
2955 3709 109 42 clas-
