2175 3795
535 121 156 35 NOTES
732 122 95 36 SUR
866 108 204 50 L'ORFEO
1109 123 57 36 ET
1202 125 94 37 SUR
1333 125 124 35 LUIGI
1498 126 135 36 ROSSI

1997 114 99 65 369

73 231 108 45 vive,
200 229 165 54 allègre,
391 231 237 52 spirituelle,
654 236 164 36 surtout
839 232 130 52 éprise
990 235 49 37 de
1056 233 119 52 jolies
1202 235 151 39 formes
1376 236 34 39 Se
1437 236 256 53 d'élégances
1721 238 257 45 mondaines,
2004 238 94 38 n'en

73 303 61 36 est
156 313 72 38 pas
257 299 137 40 moins
424 301 167 51 capable
619 302 49 38 de
696 301 95 39 faire
819 305 169 36 trouver
1014 301 23 40 à
1065 316 75 25 son
1171 305 111 50 Orfeo
1310 304 196 52 quelques
1534 306 167 51 phrases
1729 307 25 37 d
1773 319 78 26 une
1879 306 220 52 simplicité

74 369 240 52 poignante,
341 369 68 51 qui
433 369 226 52 rappellent
681 370 56 39 les
759 374 165 36 accents
946 370 229 40 immortels
1198 374 48 37 de
1268 373 132 39 Gluck
1411 372 37 52 (1
1459 373 28 52 ).

721 553 736 44 III

721 670 135 42 LUIGI
890 670 143 42 ROSSI
1067 665 158 48 APRÈS
1258 672 199 41 L'ORFEO

187 808 254 52 Cependant,
473 821 45 26 ce
546 809 106 38 n'est
680 821 72 39 pas
781 821 164 27 comme
972 809 201 40 musicien
1202 811 257 50 dramatique
1487 824 77 37 que
1592 811 35 38 le
1656 824 98 25 nom
1783 813 48 37 de
1859 812 117 51 Luigi
2004 812 97 39 s'est

75 877 197 40 conservé
294 891 50 26 au
367 890 86 26 xvn
458 885 13 17 e
494 877 133 47 siècle,
654 878 134 38 même
811 877 96 40 chez
929 891 101 26 ceux
1053 879 67 51 qui
1143 879 224 39 l'aimaient
1387 879 35 39 le
1444 879 162 47 mieux;
1626 880 98 39 c'est
1740 893 163 26 comme
1919 879 117 52 poète
2052 882 48 37 de

74 959 111 34 cour,
211 951 144 36 auteur
376 948 48 38 de
447 951 183 36 cantates
652 948 35 39 &
709 947 121 39 d'airs
852 959 241 28 amoureux.
1118 948 208 45 Brossard,
1353 948 67 51 qui
1443 952 61 35 est
1526 948 32 39 si
1583 948 165 39 instruit
1770 950 34 38 &
1828 949 67 51 qui
1918 949 184 38 l'admire

75 1016 229 46 vivement,
344 1030 48 25 ne
426 1016 73 40 fait
534 1017 135 38 même
701 1030 72 38 pas
805 1016 187 39 mention
1023 1017 172 50 d'Orfeo.
1228 1017 110 39 C'est
1366 1030 72 38 par
1465 1017 37 39 la
1531 1017 144 39 beauté
1704 1019 49 37 de
1781 1018 37 38 la
1846 1017 130 39 forme
2004 1018 98 51 qu'il

75 1086 154 38 semble
250 1086 115 40 avoir
387 1086 135 40 séduit
543 1086 56 39 les
622 1086 222 40 musiciens
867 1087 48 38 de
938 1099 75 26 son
1035 1089 150 48 temps,
1213 1086 67 52 qui
1303 1086 141 40 louent
1460 1087 36 39 la
1512 1085 219 53 perfe&ion
1748 1087 200 51 classique
1963 1088 48 38 de
2028 1100 74 25 son

75 1155 120 51 style,
221 1154 97 40 d'où
341 1159 92 36 tout
454 1155 271 52 pédantisme,
750 1159 92 35 tout
863 1155 228 39 archaïsme
1114 1159 61 35 est
1202 1155 123 39 banni
1340 1154 76 55 (2).
1449 1156 51 39 Sa
1528 1157 121 50 grâce
1684 1155 97 39 libre
1810 1156 34 38 Se
1874 1155 137 39 hardie
2042 1159 61 35 est

76 1225 202 50 peut-être
308 1237 44 27 ce
381 1225 91 51 qui,
505 1225 102 38 dans
637 1237 75 26 son
741 1223 140 53 génie,
913 1237 22 26 a
963 1225 35 37 le
1026 1224 91 51 plus
1146 1224 140 51 frappé
1314 1225 57 38 les
1400 1224 219 39 historiens
1641 1223 78 54 (3).
1757 1225 64 39 Un
1851 1225 54 38 tel
1934 1225 168 38 homme

75 1294 139 38 devait
235 1293 126 52 plaire
383 1307 80 26 aux
484 1295 161 38 artistes
667 1293 173 50 français
862 1294 35 39 Se
919 1307 41 25 se
983 1293 122 52 plaire
1127 1307 101 26 avec
1249 1307 92 26 eux.

188 1363 95 39 Bien
306 1376 78 38 que
407 1376 104 26 nous
534 1376 131 40 ayons
689 1376 75 38 peu
789 1364 48 37 de
860 1362 146 40 détails
1028 1375 68 27 sur
1118 1362 37 39 la
1176 1362 104 40 suite
1303 1364 49 37 de
1374 1376 43 25 sa
1446 1363 79 45 vie,
1557 1375 105 26 nous
1691 1375 151 27 savons
1872 1362 97 52 qu'il
1997 1367 105 35 resta

74 1432 175 52 quelque
271 1435 135 49 temps
428 1445 49 26 en
500 1433 165 45 France,
691 1430 52 41 où
767 1431 26 39 il
815 1432 60 39 fut
898 1444 48 26 en
969 1431 220 40 excellents
1211 1435 150 35 termes
1383 1445 101 26 avec
1507 1444 75 26 nos
1604 1432 178 38 artistes.
1803 1432 64 38 Un
1890 1435 148 35 sonnet
2053 1432 49 38 de

76 1501 215 53 Dassoucy
313 1501 269 39 s'émerveille
604 1502 54 38 du
682 1514 85 26 rare
788 1501 129 39 talent
939 1500 98 52 qu'il
1059 1504 68 36 eut
1148 1514 25 26 «
1195 1501 49 39 de
1267 1501 187 39 charmer
1475 1500 146 39 l'envie
1637 1500 117 53 (4)».
1773 1501 71 38 Ses
1858 1500 80 39 airs
1954 1500 150 39 étaient

76 1570 169 41 chantés
267 1584 72 38 par
367 1572 57 38 les
454 1571 91 51 plus
573 1569 177 40 célèbres
779 1571 204 38 virtuoses
1011 1569 174 51 français
1217 1582 8 26 :
1257 1570 143 52 Nyert,
1433 1569 163 46 Hilaire,
1629 1569 208 39 Lambert.
1868 1570 101 38 Leur
1997 1568 106 52 style

75 1640 163 51 plaisait
259 1643 90 36 tant
369 1639 23 40 à
415 1639 134 53 Luigi,
576 1639 99 52 qu'il
698 1653 41 25 se
762 1639 180 52 dégoûta
964 1641 48 37 de
1035 1653 63 25 ses
1127 1639 206 40 virtuoses
1362 1639 175 46 italiens,
1569 1639 34 38 Se
1632 1639 121 50 qu'au
1783 1639 82 38 dire
1893 1639 49 38 de
1969 1638 136 38 Saint-

77 1709 248 46 Evremond,
358 1708 27 39 il
414 1722 49 25 ne
492 1708 172 53 pouvait
692 1708 92 52 plus
814 1708 162 40 souffrir
1004 1710 49 37 de
1084 1708 85 39 leur
1197 1709 197 38 entendre
1422 1708 168 39 chanter
1620 1720 62 26 ses
1710 1707 80 39 airs
1802 1707 77 52 (5).
1911 1707 27 38 Il
1964 1707 141 38 aimait

74 1782 162 36 surtout
257 1780 48 37 de
326 1778 143 53 Nyert,
495 1778 34 38 Se
551 1777 174 52 pleurait
746 1779 49 37 de
812 1778 84 52 joie
924 1790 49 26 en
1002 1775 347 55 l'entendant(6).
1463 1776 76 39 Ces
1567 1776 93 39 faits
1688 1780 96 35 sont
1813 1775 287 47 intéressants;

75 1860 67 27 car
164 1847 99 39 c'est
285 1860 72 39 par
378 1847 56 39 les
456 1847 80 39 airs
557 1848 48 38 de
629 1846 114 40 salon
767 1848 34 38 Se
824 1846 36 39 la
884 1846 188 52 musique
1094 1846 143 40 vocale
1259 1847 48 38 de
1329 1846 209 45 chambre,
1564 1858 78 38 que
1670 1846 82 38 l'on
1781 1858 22 25 a
1832 1844 164 52 préludé
2024 1842 22 40 à
2067 1844 37 38 la

75 1916 217 40 fondation
314 1917 49 39 de
386 1916 163 52 l'Opéra
571 1916 188 50 français.
786 1930 24 25 «
832 1916 110 38 C'est
964 1928 71 39 par
1057 1916 56 38 les
1136 1916 207 38 chansons
1366 1915 125 51 qu'on
1519 1928 22 25 a
1569 1914 160 46 trouvé,
1761 1914 60 38 dit
1849 1913 253 46 Menestrier,

74 1985 37 39 la
132 1986 57 38 fin
212 1987 49 38 de
284 1989 104 36 cette
412 1985 190 52 musique
625 1983 176 41 d'aétion
825 1985 34 38 Se
880 1986 49 37 de
952 1984 157 39 théâtre
1132 1985 125 51 qu'on
1281 1984 208 39 cherchait
1510 1984 143 51 depuis
1675 1983 31 39 si
1736 1983 239 53 longtemps
2002 1995 101 26 avec

76 2055 32 38 si
139 2069 75 38 peu
245 2056 48 37 de
322 2053 156 41 succès.
511 2055 27 38 Il
565 2069 28 37 y
622 2068 22 25 a
672 2054 202 52 plusieurs
902 2054 215 52 dialogues
1146 2055 48 38 de
1224 2054 206 43 Lambert,
1463 2054 49 37 de
1541 2052 164 46 Martin,
1738 2053 49 38 de
1815 2051 201 52 Perdigal,
2055 2052 49 38 de

77 2125 156 38 Boisset
268 2124 34 39 &
337 2125 49 38 de
424 2124 195 39 Cambert
647 2124 68 51 qui
750 2127 75 35 ont
853 2123 106 39 servi
989 2135 104 40 pour
1120 2123 103 39 ainsi
1251 2123 83 38 dire
1363 2121 224 40 d'ébauche
1616 2122 34 39 &
1679 2123 48 37 de
1755 2120 165 53 prélude
1948 2119 22 40 à
1998 2123 105 36 cette

76 2193 190 51 musique
289 2206 77 38 que
388 2192 83 40 l'on
496 2192 221 46 cherchait,
743 2193 35 38 Se
799 2192 125 52 qu'on
948 2192 65 39 n'a
1034 2205 72 39 pas
1127 2192 171 38 d'abord
1320 2190 184 40 trouvée.
1530 2204 24 25 »
1653 2190 119 52 Luigi
1795 2189 173 39 n'aurait
1995 2190 107 37 donc

75 2275 71 39 pas
170 2263 134 38 moins
327 2261 216 41 contribué
565 2275 71 39 par
657 2275 62 25 ses
743 2265 200 43 cantates,
969 2274 78 38 que
1074 2274 72 38 par
1174 2274 74 26 son
1280 2262 127 49 Orfeo,
1433 2258 22 41 à
1490 2263 105 36 cette
1626 2258 221 40 initiation.
1873 2258 229 53 J'avouerai

75 2334 198 49 pourtant
295 2331 160 39 n'avoir
476 2344 71 38 pas
569 2330 148 40 trouvé
738 2334 110 36 trace
870 2331 102 38 dans
1001 2343 62 26 ses
1091 2330 264 47 manuscrits,
1387 2331 49 37 de
1465 2329 188 51 musique
1682 2328 121 39 écrite
1831 2340 67 26 sur
1927 2327 176 38 d'autres

75 2400 159 52 paroles
256 2414 78 37 que
355 2401 70 38 des
448 2400 159 52 paroles
623 2399 212 40 italiennes
852 2411 6 35 ;
879 2400 49 45 Se,
942 2399 166 52 jusqu'à
1125 2399 152 39 nouvel
1293 2399 131 46 ordre,
1445 2398 83 39 rien
1546 2397 221 39 n'autorise
1782 2396 22 40 à
1820 2396 99 45 dire,
1940 2408 163 27 comme

75 2483 22 25 a
120 2469 73 39 fait
215 2470 53 37 M.
296 2469 231 47 Ademollo,
551 2469 99 52 qu'il
672 2482 22 26 a
715 2467 63 41 été
799 2469 35 39 le
856 2469 176 52 premier
1054 2467 22 40 à
1104 2469 126 40 écrire
1259 2483 23 24 «
1311 2481 68 26 sur
1406 2469 70 38 des
1505 2466 158 53 paroles
1691 2465 217 51 françaises
1937 2466 34 38 Se
2000 2477 104 39 pour

76 2540 70 38 des
168 2539 161 39 artistes
351 2538 174 51 français
548 2552 38 25 ».

164 2727 47 41 (1)
233 2726 80 31 Aéte
336 2726 50 38 111,
411 2737 44 19 se.
486 2735 36 21 10
543 2726 30 31 &
593 2726 161 30 dernière.
781 2726 21 30 Il
824 2737 71 20 sera
917 2726 110 40 publié
1050 2726 80 30 dans
1152 2726 28 30 le
1202 2725 155 41 prochain
1384 2725 147 30 numéro.

164 2777 49 40 (2)
234 2788 21 18 «
277 2777 40 29 Le
339 2777 129 30 fameux
491 2776 114 41 Luiggi
630 2776 106 38 Rossi,
760 2777 53 40 qui
837 2782 49 25 est
908 2787 43 19 un
974 2777 57 29 des
1059 2777 159 40 premiers
1241 2776 53 41 qui
1324 2775 46 31 ait
1399 2775 108 30 donné
1536 2785 58 19 aux
1623 2773 63 30 airs
1715 2771 126 32 italiens
1870 2782 35 19 ce
1935 2775 73 27 tour
2038 2781 64 20 non

76 2828 183 30 seulement
281 2832 133 33 sçavant
437 2827 29 30 &
490 2827 187 37 recherché,
698 2827 78 30 mais
799 2827 85 30 aussi
904 2838 35 19 ce
957 2831 75 26 tour
1056 2826 29 31 &
1109 2837 35 20 ce
1167 2826 97 31 chant
1287 2826 150 41 gracieux
1460 2824 54 41 qui
1539 2825 45 29 les
1606 2823 59 30 fait
1687 2833 98 20 encor
1807 2821 141 31 admirer
1978 2821 38 30 de
2043 2832 59 19 nos

71 2879 92 41 jours
186 2888 56 30 par
266 2882 75 26 tous
362 2878 46 29 les
433 2877 240 30 connaisseurs.
695 2888 22 19 »
738 2878 13 38 (
757 2877 168 39 Catalogue
946 2878 36 29 de
1004 2877 165 30 Brosscird.
1199 2877 109 41 1724).

164 2928 47 40 (3)
234 2929 141 41 Burney,
399 2928 79 30 dans
507 2938 58 20 son
594 2928 135 30 Histoire
751 2928 39 40 (t.
816 2927 52 38 IV,
894 2938 31 30 p.
962 2928 172 40 152-1573,
1165 2932 77 26 note
1270 2927 177 40 l'élégance
1478 2925 39 30 de
1547 2935 51 20 ses
1627 2924 74 38 airs,
1731 2924 68 29 leur
1828 2922 220 31 modernisme
2072 2921 30 31 &

78 2978 86 30 leurs
186 2978 183 30 hardiesses
392 2978 243 40 harmoniques.

534 3028 50 41 (4)
605 3038 21 19 «
642 3029 35 39 Je
701 3038 38 19 ne
763 3027 185 31 m'estonne
971 3026 93 41 point
1087 3027 39 30 de
1150 3026 70 31 voir
1242 3026 16 31 à
1284 3031 50 26 tes
1355 3026 104 30 beaux
1482 3025 62 30 airs

645 3083 183 26 soumettre
853 3078 46 29 les
921 3077 150 37 démons,
1094 3078 46 29 les
1164 3082 176 32 monstres,
1365 3077 44 29 les
1432 3076 121 37 enfers,

644 3139 42 29 ny
710 3128 38 30 de
771 3128 69 30 leur
861 3128 59 30 fier
941 3132 96 37 tyran
1060 3126 216 41 l'implacable
1303 3126 93 30 furie.

645 3179 41 29 Le
709 3178 136 30 chantre
867 3177 139 31 Tracicn
1030 3177 80 30 dans
1133 3188 53 19 ces
1207 3177 84 30 lieux
1313 3177 104 40 pleins
1442 3174 151 42 d'effroy,

635 3229 86 42 jadis
744 3239 39 20 en
805 3229 37 30 fit
865 3233 115 26 autant
994 3239 6 27 ;
1026 3227 79 30 mais
1128 3227 39 30 de
1190 3227 147 30 charmer
1360 3225 129 37 l'envie,

637 3279 139 42 Luiggy,
800 3279 82 30 c'est
904 3289 41 19 un
969 3283 49 26 art
1040 3278 54 40 qui
1120 3276 221 42 n'appartient
1364 3276 73 40 qu'à
1459 3274 58 32 toi.
1541 3286 21 17 »

164 3335 48 40 (5)
233 3346 21 18 «
275 3335 93 30 Solus
393 3336 110 30 Gallus
525 3340 155 26 cantat...
706 3335 91 42 Luigi
821 3346 38 19 ne
883 3334 135 41 pouvait
1040 3333 131 32 souffrir
1194 3344 62 29 que
1280 3333 47 30 les
1350 3332 130 30 Italiens
1509 3330 212 30 chantassent
1749 3339 52 19 ses
1830 3328 75 37 airs,
1935 3328 94 38 après
2058 3326 44 29 les

78 3385 90 30 avoir
190 3386 54 29 ouï
266 3385 135 31 chanter
423 3386 17 29 à
463 3386 167 30 Monsieur
654 3386 118 41 Nyert,
797 3386 15 29 à
837 3385 132 37 Hilaire,
991 3385 16 30 à
1026 3386 28 29 la
1078 3384 103 41 petite
1204 3384 162 29 Varenne.
1389 3394 21 18 »
1431 3383 12 38 (
1448 3382 102 29 Lettre
1572 3390 55 20 sur
1648 3380 42 29 les
1717 3378 132 39 Opérai)

167 3436 44 30 De
233 3436 104 41 Nyert
360 3436 85 31 avait
468 3438 51 28 été
543 3437 102 37 élevé,
670 3436 43 30 du
735 3441 99 32 reste,
860 3436 16 30 à
905 3436 111 29 l'école
1046 3434 156 30 romaine.
1235 3433 21 29 11
1284 3432 80 30 était
1389 3431 16 30 à
1435 3432 101 30 Rome
1568 3440 39 19 en
1639 3427 90 40 1630.
1762 3427 76 30 Voir
1875 3427 27 29 la
1932 3426 108 29 notice
2063 3425 39 29 de

78 3485 185 31 Tallemant
284 3486 57 30 des
363 3487 107 31 Réaux
491 3487 39 40 (t.
557 3486 52 37 IV,
634 3497 32 30 p.
690 3485 62 40 428
776 3485 29 31 &
828 3485 101 40 suiv.)
950 3495 54 19 sur
1025 3485 36 29 de
1083 3485 111 39 Nyert,
1220 3481 146 32 Lambert
1385 3484 31 27 et
1434 3481 132 30 Hilaire.
1591 3479 88 30 C'est
1701 3478 16 29 à
1741 3477 42 30 lui
1806 3487 42 29 qu
1863 3481 50 25 est
1936 3474 115 31 dédiée
2075 3475 27 29 la

78 3536 143 30 fameuse
244 3537 104 39 épitre
373 3537 39 30 de
432 3537 41 30 La
494 3535 157 32 Fontaine
673 3540 115 26 contre
813 3535 144 40 l'Opéra.

167 3585 47 41 (6)
236 3586 77 30 Voir
335 3586 134 31 Nuitter
492 3586 30 31 &
544 3586 162 31 Thoinan.

193 3655 47 38 R.
266 3656 55 38 M.

1940 3657 53 38 24
