2176 3736
829 122 216 43 MUSIQUE
1085 125 275 37 RELIGIEUSE

2003 131 98 51 379

81 247 67 26 ces
184 233 134 52 pièces
349 247 54 24 un
433 246 76 39 peu
540 233 163 52 fragiles
736 246 78 37 que
843 232 83 39 l'on
957 235 124 50 garde
1111 247 95 27 sous
1235 236 37 38 la
1301 236 149 39 vitrine
1473 238 96 38 d'un
1594 238 138 39 musée
1754 240 34 38 Se
1810 241 236 50 auxquelles
2069 243 33 37 le

80 307 135 47 temps
253 316 22 25 a
312 302 138 39 donné
485 315 78 26 une
598 302 138 51 patine
765 301 167 51 unique.
965 301 111 40 Tout
1110 308 60 34 est
1198 305 237 46 sentiment,
1461 306 193 53 élégance
1682 308 130 38 douce
1840 309 35 37 &
1905 308 122 40 clarté
2054 311 48 37 de

81 374 129 36 matin
233 372 101 38 dans
356 384 45 26 ce
422 369 146 53 poème
590 370 193 47 musical;
810 370 396 40 l'instrumentation
1230 377 61 35 est
1312 374 172 47 colorée,
1510 376 102 38 mais
1634 376 48 38 de
1701 376 171 39 touches
1891 376 209 48 discrètes,

79 442 103 37 dont
204 441 36 37 la
264 439 175 39 sobriété
462 438 131 40 relève
615 438 35 40 le
673 440 103 50 prix.
802 440 52 38 La
878 439 102 39 mise
1002 453 49 25 en
1075 439 120 41 scène
1217 445 61 35 est
1299 443 237 40 admirable.
1562 445 150 45 Quand
1734 445 35 38 le
1792 445 135 39 rideau
1952 459 41 26 se
2015 447 87 38 lève

80 522 68 26 sur
182 510 35 38 le
252 510 160 38 tableau
449 510 70 37 des
555 508 390 52 Champs-Elysées,
984 522 55 26 un
1078 522 209 28 murmure
1315 512 49 38 de
1393 512 178 51 surprise
1605 517 118 34 court
1752 515 101 36 dans
1880 513 35 39 le
1950 515 149 50 public.

80 579 38 37 M
124 581 38 21 llc
184 577 127 39 Delna
333 578 111 51 prête
467 590 51 26 au
541 577 81 39 rôle
645 576 206 52 d'Orphée
873 577 133 39 l'éclat
1035 579 49 37 de
1113 591 42 26 sa
1186 579 97 39 voix
1313 579 193 52 héroïque
1536 581 33 38 Se
1593 594 78 27 une
1699 581 160 40 science
1887 584 71 37 des
1981 584 121 39 belles

79 647 197 39 attitudes
299 661 78 37 que
407 647 181 51 pourrait
609 645 56 40 lui
695 646 140 39 envier
864 659 54 26 un
946 644 136 41 afteur
1110 649 49 36 de
1193 647 37 38 la
1259 647 196 40 Comédie
1491 649 211 50 française.
1727 650 73 53 J'ai
1830 650 252 52 particulière-

79 720 114 35 ment
214 715 186 53 apprécié
422 716 36 38 la
480 715 117 50 façon
621 716 102 38 dont
751 715 73 38 elle
852 715 62 38 dit
941 715 57 38 les
1021 713 177 42 célèbres
1220 720 161 35 stances
1407 717 58 50 :f
1470 718 40 38 ai
1525 719 122 51 perdu
1670 732 86 25 mon
1779 720 200 49 Eurydice,
2005 722 92 43 Sec.,

80 785 158 51 paroles
261 785 68 52 qui
353 798 41 25 se
416 783 183 53 répètent
620 784 101 39 trois
743 784 90 46 fois,
850 785 35 38 &
903 797 48 26 ne
965 784 244 39 semblaient
1224 798 73 38 pas
1313 789 228 48 exemptes,
1555 786 210 51 jusqu'ici,
1783 789 47 37 de
1844 790 254 38 monotonie.

80 854 53 38 Le
156 855 176 51 premier
354 854 180 52 couplet,
561 854 39 38 M
605 854 38 23 lle
664 853 128 39 Delna
821 852 35 39 le
886 852 149 40 chante
1059 866 100 26 avec
1182 866 79 26 une
1290 858 108 35 sorte
1420 856 49 37 de
1497 858 183 48 stupeur,
1712 869 48 25 en
1790 869 201 39 personne
2013 859 84 50 qui,

78 922 162 53 frappée
269 923 97 39 d'un
404 936 104 38 coup
539 923 188 44 soudain,
760 922 92 39 n'en
883 922 164 39 croirait
1075 936 71 38 pas
1176 936 147 26 encore
1352 936 63 26 ses
1443 936 109 40 yeux
1585 934 7 37 ;
1623 924 35 38 le
1687 925 166 44 second,
1886 925 72 39 elle
1986 927 35 38 le
2042 927 59 38 dit

75 1005 100 26 avec
200 1005 52 26 un
275 995 144 36 accent
441 993 49 38 de
513 993 209 37 tendresse
744 991 248 52 suppliante,
1019 991 179 52 penchée
1221 1004 70 26 sur
1318 992 34 38 le
1375 1005 119 39 corps
1517 991 241 53 d'Eurydice
1779 994 103 39 dont
1904 994 74 38 elle
1999 995 103 38 tient

76 1061 37 39 la
135 1063 80 37 tête
238 1065 112 35 entre
373 1074 63 25 ses
460 1061 133 39 mains
619 1072 7 36 ;
663 1073 101 39 pour
791 1061 35 38 le
855 1060 223 46 troisième,
1111 1061 73 38 elle
1213 1074 41 25 se
1284 1059 145 47 relève,
1462 1073 135 39 presse
1625 1061 36 38 le
1692 1066 270 35 mouvement
1990 1065 49 37 de
2067 1064 35 38 la

75 1130 174 40 mélodie
271 1131 35 38 Se
328 1130 181 52 exprime
532 1143 53 26 un
609 1129 210 52 désespoir
840 1129 133 39 affolé.
1000 1129 110 39 C'est
1131 1128 37 40 là
1190 1131 52 38 du
1266 1131 131 51 grand
1419 1134 62 35 art
1496 1130 275 51 dramatique,
1789 1132 77 38 mis
1882 1145 49 25 au
1948 1133 154 38 service

77 1201 52 37 du
155 1199 118 53 génie
296 1199 174 39 musical
492 1200 49 38 de
564 1198 146 40 Gluck.

187 1444 114 39 Nous
323 1456 166 40 voyons
511 1442 22 40 à
555 1444 36 38 la
614 1443 75 39 fois
711 1455 100 26 avec
833 1441 140 52 plaisir
995 1442 33 39 Se
1052 1454 100 27 avec
1174 1454 54 27 un
1253 1456 75 37 peu
1352 1442 282 52 d'inquiétude
1650 1444 253 39 s'accentuer
1919 1444 35 39 le
1971 1458 112 27 carac-

74 1512 83 40 tère
179 1512 273 52 cosmopolite
475 1514 70 37 des
567 1512 244 52 principaux
833 1523 288 40 programmes
1143 1512 49 38 de
1221 1524 75 26 nos
1324 1511 214 39 Concerts.
1571 1512 115 39 Nous
1714 1526 48 24 en
1794 1526 180 26 sommes
2006 1514 72 39 heu-

75 1595 111 32 reux,
207 1594 67 27 car
295 1581 248 39 l'éducation
567 1580 195 40 musicale
785 1581 53 38 du
862 1580 137 51 public
1016 1580 84 38 s'en
1117 1583 192 36 trouvera
1326 1580 80 38 fort
1423 1581 91 38 bien
1529 1592 7 36 ;
1557 1594 104 26 nous
1679 1594 104 26 nous
1800 1595 48 25 en
1868 1582 235 52 inquiétons

73 1663 118 39 parce
214 1664 77 38 que
314 1664 104 25 nous
441 1663 49 26 ne
513 1663 164 39 voyons
700 1663 71 39 pas
795 1662 146 26 encore
963 1649 37 39 la
1023 1649 190 51 musique
1235 1649 199 50 française
1456 1650 95 38 tirer
1573 1650 303 39 suffisamment
1898 1651 104 51 parti
2032 1653 71 37 des

74 1721 197 38 richesses
308 1721 67 50 qui
412 1719 54 38 lui
503 1723 95 35 sont
633 1731 183 40 propres.
856 1719 54 37 M.
943 1717 235 40 Chevillard
1207 1731 106 26 nous
1342 1718 81 39 fera
1451 1720 194 37 entendre
1674 1731 52 26 ou
1755 1721 83 36 voir
1842 1750 9 15 ,
1885 1723 63 36 cet
1971 1720 127 45 hiver,

73 1789 41 38 F.
141 1789 303 52 Weingartner,
471 1789 176 38 Richard
671 1789 178 44 Strauss,
876 1789 39 36 M
920 1789 38 23 lle
981 1787 209 47 Litvinne,
1216 1787 54 39 M.
1297 1787 124 53 Hugo
1445 1788 222 46 Hermann,
1702 1789 55 37 M.
1783 1789 123 52 Hugo
1935 1789 163 45 Becker,

74 1858 54 37 M.
155 1858 276 39 Rosenthal...
457 1858 54 38 Ce
534 1861 96 35 sont
651 1856 38 39 là
710 1858 49 38 de
781 1855 80 40 très
885 1857 152 52 grands
1059 1856 177 39 artistes.
1256 1856 66 38 On
1345 1856 131 39 aurait
1499 1870 52 38 pu
1574 1860 169 36 trouver
1764 1857 107 38 aussi
1896 1858 90 38 bien
2009 1870 96 27 sans

73 1926 193 40 chercher
286 1927 107 39 aussi
417 1926 100 39 loin.
545 1926 46 38 Et
614 1926 108 40 voici
746 1939 78 38 que
847 1926 199 53 Siegfried,
1082 1924 151 40 Tristan
1240 1957 9 14 ,
1275 1925 36 38 la
1335 1926 388 54 Gotterdàmmerung
1731 1956 8 15 ,
1766 1930 95 34 sont
1883 1925 89 53 déjà
1999 1928 103 37 dans

73 1996 85 38 l'air
190 1996 176 51 parisien
388 1997 44 37 !..
464 1996 27 38 Il
520 2009 28 38 y
576 2008 22 26 a
626 1995 38 39 là
693 2008 78 26 une
800 1996 313 38 recrudescence
1142 1994 258 46 d'exotisme,
1433 2008 49 25 au
1517 1999 188 35 moment
1740 1996 134 38 même
1909 1995 53 39 où
1999 2009 104 25 nous

75 2066 195 50 pensions
293 2078 77 38 que
391 2064 35 39 le
448 2066 104 50 goût
574 2066 53 37 du
645 2065 96 51 jour
762 2063 111 40 allait
895 2077 41 25 se
959 2063 205 39 modifier.
1190 2063 61 39 Au
1273 2063 179 51 surplus,
1472 2063 173 52 puisque
1665 2076 74 26 nos
1757 2064 156 39 voisins
1929 2064 153 39 accueil-

73 2133 84 39 lent
178 2147 100 26 avec
301 2147 53 26 un
373 2135 111 50 juste
506 2136 324 49 empressement
852 2133 37 38 la
913 2133 130 38 Louise
1064 2133 49 38 de
1136 2133 54 38 M.
1216 2132 282 51 Charpentier,
1530 2133 35 38 le
1594 2133 187 38 Messidor
1808 2134 48 37 de
1886 2134 54 37 M.
1967 2133 136 40 Alfred

73 2203 200 45 Bruneau,
305 2216 104 25 nous
436 2203 166 38 aurions
631 2202 211 39 mauvaise
870 2203 122 51 grâce
1020 2200 22 40 à
1072 2214 48 25 ne
1148 2215 72 38 pas
1249 2201 209 52 pratiquer
1486 2214 99 27 avec
1615 2215 76 26 eux
1721 2202 34 38 le
1785 2201 97 40 libre
1912 2201 184 54 échange

75 2271 176 53 lyrique.

186 2342 54 37 M.
274 2340 185 40 Colonne
489 2353 50 26 va
570 2353 103 26 nous
703 2340 209 52 présenter
941 2353 77 26 une
1047 2340 169 38 histoire
1245 2340 48 38 de
1329 2339 37 39 la
1402 2339 251 51 symphonie
1688 2340 143 50 depuis
1863 2340 152 39 Gorsec
2032 2351 7 35 ;
2079 2340 24 38 il

75 2411 217 53 reprendra
314 2410 107 38 aussi
445 2410 56 38 les
524 2409 218 39 Béatitudes
764 2411 49 37 de
835 2410 45 38 C.
901 2409 169 39 Franck.
1091 2409 55 39 La
1162 2408 190 40 nouvelle
1369 2408 150 39 société
1535 2408 360 52 philharmonique
1910 2410 49 37 de
1976 2409 123 46 Paris,

73 2479 214 52 organisée
310 2491 71 40 par
402 2479 35 38 le
459 2477 167 40 dodeur
648 2479 181 46 Frenkel,
849 2492 22 25 a
894 2478 138 52 publié
1054 2478 35 39 la
1112 2478 90 39 liste
1223 2479 70 37 des
1313 2478 163 39 artistes
1500 2477 181 53 engagés
1704 2490 104 39 pour
1829 2477 36 39 la
1881 2477 222 52 prochaine

74 2549 151 39 saison.
271 2549 54 38 M.
365 2549 106 52 Rey,
518 2547 364 40 l'administrateur
918 2549 70 38 des
1031 2548 218 45 Concerts,
1294 2547 98 38 s'est
1431 2545 90 53 déjà
1558 2546 139 39 assuré
1738 2547 35 38 le
1811 2559 202 26 concours
2053 2548 50 37 de

73 2618 98 38 MM.
198 2618 150 51 Ysaye,
374 2617 197 45 d'Albert,
598 2617 151 39 Harold
766 2618 140 43 Bauer,
929 2617 141 45 Risler,
1093 2615 184 53 Klengel,
1298 2615 249 46 Chevillard,
1569 2616 200 45 Lamond,
1791 2616 121 52 Hugo
1936 2615 162 46 Becker,

71 2688 69 37 des
162 2690 197 48 quatuors
382 2684 198 53 tchèques
604 2686 121 52 Hugo
755 2686 249 45 Heermann,
1037 2685 165 46 Geloso,
1237 2685 151 51 Hayot,
1425 2686 196 44 Marteau,
1654 2686 53 37 du
1738 2684 78 39 trio
1846 2684 252 53 Chaigneau,

71 2757 54 38 du
148 2756 205 51 quintette
376 2755 149 52 Ysaye,
552 2755 93 45 &c.,
673 2756 74 38 Sec.

182 2825 73 38 Les
271 2824 198 39 Concerts
491 2827 150 35 auront
662 2823 77 40 lieu
764 2827 94 36 tous
880 2824 56 38 les
959 2824 218 39 vendredis
1199 2823 118 46 soirs,
1343 2821 21 41 à
1387 2823 125 51 partir
1527 2824 54 38 du
1604 2834 50 27 22
1674 2824 224 38 novembre
1909 2823 193 51 jusqu'au

75 2907 37 25 11
142 2893 103 39 avril
267 2895 102 37 dans
391 2893 37 39 la
451 2893 96 39 salle
569 2893 70 39 des
662 2892 298 52 Agriculteurs,
986 2893 39 44 8,
1053 2905 69 27 rue
1145 2890 242 42 d'Athènes.

262 3131 666 78 MUSIQUE
1006 3131 897 73 RELIGIEUSE

131 3311 266 55 L'égalité
420 3311 100 42 des
543 3314 165 40 notes
731 3311 145 42 dans
897 3311 51 42 le
972 3311 358 53 plain-chant
1353 3309 222 53 d'après
1598 3310 84 40 les
1704 3320 138 30 mss.

1869 3308 166 56 (Suite.)

179 3427 75 39 Sur
277 3431 105 36 cette
405 3427 177 40 mélodie
605 3427 184 39 intitulée
813 3427 217 38 Concordia
1049 3425 157 39 Notker
1228 3437 21 27 a
1271 3425 100 39 écrit
1392 3425 106 37 deux
1514 3436 154 39 proses,
1689 3424 108 38 l'une
1813 3436 47 26 en
1877 3423 218 38 l'honneur

68 3497 48 38 de
139 3497 40 38 S.
206 3497 169 39 Etienne
396 3497 202 39 débutant
626 3509 72 40 par
725 3497 56 38 les
810 3500 111 35 mots
947 3507 7 26 :
980 3509 24 24 «
1030 3495 60 37 Ha
1096 3507 46 24 ne
1162 3493 178 39 concordi
1351 3493 202 51 farnutatu
1579 3506 40 32 »,
1651 3492 141 39 l'autre
1821 3504 103 39 pour
1952 3491 36 39 la
2017 3491 77 39 fête

68 3566 69 38 des
160 3565 69 40 SS.
257 3566 129 39 Pierre
412 3566 33 39 Se
468 3566 97 39 Paul
591 3578 7 26 :
624 3580 24 25 «
671 3565 112 39 Petre
802 3578 142 25 summe
968 3563 291 50 Christipastor
1286 3575 39 25 ».
1357 3561 95 38 Afin
1482 3574 78 38 que
1591 3561 82 38 l'on
1704 3560 93 40 voie
1826 3561 93 38 bien
1949 3573 43 26 ce
2015 3573 78 38 que
