2176 3736
2002 102 89 61 381

829 109 222 43 MUSIQUE
1091 109 273 36 RELIGIEUSE

191 219 115 40 Nous
341 232 183 27 sommes
560 221 108 38 donc
703 218 161 40 assurés
899 221 49 38 de
983 223 210 36 retrouver
1228 221 103 38 dans
1366 221 35 38 le
1436 221 125 39 chant
1595 221 228 53 syllabique
1858 223 70 38 des
1962 235 140 39 proses

80 288 288 40 notkériennes
402 289 32 38 le
464 288 115 38 même
610 289 118 38 chant
760 287 355 52 mélodiquement
1149 289 34 38 &
1219 289 357 52 rythmiquement
1604 303 77 38 que
1710 291 100 38 dans
1837 291 38 38 la
1903 289 200 41 cantilène

80 357 170 40 neumée
276 369 7 26 :
309 357 39 39 la
369 356 108 40 seule
499 357 218 39 différence
739 357 69 51 qui
831 357 57 38 les
917 357 224 53 distingue,
1174 358 100 39 c'est
1296 371 77 38 que
1395 358 37 38 la
1460 360 175 38 seconde
1664 358 141 39 n'était
1827 359 150 51 qu'une
2006 372 97 39 pure

80 426 193 46 vocalise,
299 426 107 39 alors
428 439 79 38 que
530 426 101 39 dans
654 426 144 38 l'autre
819 426 71 38 des
911 426 160 51 paroles
1093 439 41 26 se
1151 427 194 52 joignent
1366 426 22 40 à
1409 427 38 39 la
1468 427 198 52 mélopée.

190 495 95 39 Cela
306 494 127 47 étant,
460 496 107 37 deux
587 492 253 54 hypothèses
862 498 95 36 sont
978 495 201 51 possibles
1199 508 6 26 :
1295 498 65 36 Ou
1383 496 93 40 bien
1498 498 102 38 dans
1622 496 34 39 le
1680 497 124 39 chant
1824 510 100 26 avec
1946 497 158 51 paroles

78 566 141 50 chaque
240 564 139 52 syllabe
398 567 97 35 vaut
515 577 54 24 un
591 567 115 49 temps
728 576 163 26 comme
913 564 103 38 dans
1037 567 94 36 tous
1153 564 56 39 les
1233 564 146 40 chants
1402 566 251 51 syllabiques
1675 567 52 38 du
1752 566 216 52 répertoire
1990 566 95 38 litur-

76 633 139 53 gique,
240 633 35 39 &
297 632 26 39 il
345 633 86 39 faut
452 632 106 40 alors
579 633 203 39 admettre
804 645 163 27 comme
990 632 284 52 conséquence
1291 646 78 38 que
1385 634 339 39 semblablement
1739 635 101 38 dans
1856 634 37 39 la
1909 634 171 39 mélodie-

78 702 179 39 vocalise
277 703 144 51 chaque
442 705 87 35 note
550 701 123 39 valait
694 715 53 24 un
770 704 129 49 temps.
1002 701 63 38 Ou
1097 701 46 46 si,
1178 714 163 26 comme
1369 701 34 39 le
1432 706 97 35 veut
1560 703 53 37 M.
1647 703 67 45 H.,
1746 703 37 38 la
1812 706 96 35 note
1937 704 101 37 dans
2066 703 37 38 la

79 784 146 26 neume
253 771 208 52 primitive
490 770 66 39 n'a
591 769 93 40 valu
721 769 152 52 qu'une
907 768 171 41 fraCtion
1109 771 48 38 de
1185 774 151 47 temps,
1368 783 53 26 on
1452 772 138 44 devra,
1624 772 133 37 même
1785 773 102 37 dans
1917 771 34 39 le
1980 771 123 40 chant

79 840 243 51 syllabique,
362 839 54 39 lui
452 839 219 39 maintenir
706 842 106 37 cette
847 839 140 39 valeur
1021 837 284 40 fractionnaire
1334 852 47 25 en
1411 839 57 38 lui
1492 842 202 36 ramenant
1719 840 89 38 celle
1835 840 41 37 de
1905 840 35 38 la
1967 840 137 51 syllabe

78 910 327 51 correspondante.
433 908 47 39 Et
502 908 83 39 l'on
608 920 97 27 aura
727 908 100 39 ainsi
850 909 71 38 des
942 908 155 51 syllabes
1118 908 138 39 valant
1275 908 129 39 tantôt
1430 922 14 24 i
1473 911 129 49 temps,
1630 908 129 39 tantôt
1793 907 81 53 1/2,
1905 907 82 54 i/y,
2018 922 81 39 1/4,

83 976 82 55 1/5,
191 981 92 43 etc.,
307 978 44 38 de
372 980 114 50 temps
508 977 113 39 selon
646 990 78 39 que
746 977 58 39 les
827 990 169 26 neumes
1018 981 150 35 auront
1189 990 92 33 une,
1307 978 121 45 deux,
1453 977 116 46 trois,
1596 981 142 47 quatre
1766 980 118 35 notes
1913 990 52 25 ou
1994 976 105 52 plus.

191 1046 56 38 En
271 1046 178 40 d'autres
472 1050 165 43 termes,
663 1046 36 39 la
728 1046 176 40 mélodie
933 1046 229 52 syllabique
1191 1047 34 38 Se
1253 1046 38 39 la
1318 1046 174 39 mélodie
1522 1045 171 40 neumée
1722 1046 113 39 étant
1863 1058 78 26 une
1969 1046 134 38 même

78 1115 188 46 mélodie,
288 1116 24 38 il
335 1115 86 40 faut
442 1129 78 38 que
541 1116 57 39 les
620 1129 97 26 sons
731 1129 29 38 y
776 1115 109 40 aient
902 1128 78 26 une
997 1116 134 38 même
1148 1115 153 46 valeur,
1321 1115 49 46 &,
1390 1127 71 40 par
1477 1115 116 46 suite,
1613 1116 49 38 de
1679 1115 107 39 deux
1802 1115 145 39 choses
1962 1114 108 39 l'une
2091 1127 7 26 :

78 1197 52 26 ou
152 1185 158 50 chaque
334 1188 95 35 note
452 1185 174 51 prendra
647 1185 287 51 l'importance
957 1185 48 38 de
1026 1185 37 38 la
1086 1184 155 53 syllabe
1264 1185 363 51 correspondante,
1654 1197 51 26 ou
1728 1183 83 40 l'on
1835 1183 209 40 ramènera
2065 1183 38 39 la

78 1253 121 39 durée
221 1254 48 38 de
292 1254 35 38 la
349 1253 157 52 syllabe
527 1253 22 40 à
572 1254 37 39 la
630 1253 121 40 durée
773 1254 49 39 de
842 1254 38 39 la
902 1257 96 36 note
1019 1254 103 39 dans
1145 1254 34 38 le
1203 1267 147 26 neume
1372 1253 187 52 primitif.

190 1322 182 39 Prenons
400 1335 163 27 comme
591 1324 187 51 toujours
809 1336 51 25 un
890 1323 185 51 exemple
1103 1324 101 37 dans
1231 1322 57 39 les
1317 1326 131 35 textes
1476 1322 181 40 anciens.
1689 1322 114 39 Voici
1833 1334 49 26 en
1912 1322 188 38 notation

78 1392 195 38 moderne
294 1391 38 39 la
353 1404 118 39 prose
493 1394 48 37 de
564 1392 37 39 la
616 1391 184 39 Dédicace
816 1390 89 54 déjà
921 1392 117 40 citée.
1059 1392 359 51 L'interprétation
1435 1392 232 50 mélodique
1684 1395 60 35 est
1758 1390 97 40 celle
1872 1404 77 38 que
1966 1392 135 37 donne

77 1460 100 39 dom
205 1460 229 53 Schubiger
461 1461 123 54 (Hist.
617 1462 48 38 de
693 1461 97 39 l'Ec.
821 1462 49 38 de
899 1461 240 46 Saint-Gall,
1171 1474 62 26 ex.
1265 1460 71 54 31)
1365 1459 158 53 d'après
1551 1460 209 40 d'anciens
1784 1459 246 39 manuscrits
2053 1461 48 37 de

78 1532 106 36 cette
207 1528 294 53 bibliothèque.
528 1530 109 39 Dans
660 1530 36 39 le
717 1529 161 40 tableau
901 1531 67 51 qui
991 1531 95 45 suit,
1112 1531 37 37 la
1171 1529 175 40 colonne
1368 1531 53 38 du
1445 1529 136 40 milieu
1606 1531 137 37 donne
1766 1529 34 38 le
1822 1532 109 35 texte
1955 1528 146 39 neumé

77 1595 22 40 à
120 1598 199 47 traduire;
339 1599 37 38 la
398 1597 198 52 première
619 1599 175 39 colonne
816 1597 22 41 à
859 1599 161 52 gauche
1042 1599 187 52 présente
1252 1612 79 26 une
1352 1597 231 41 traduction
1606 1598 22 39 à
1651 1601 116 36 notes
1783 1597 135 53 égales
1934 1597 113 39 selon
2065 1597 36 38 la

78 1666 172 39 formule
283 1679 7 26 :
322 1681 73 24 une
423 1670 86 36 note
609 1682 53 25 un
691 1671 113 49 temps
833 1670 48 37 de
909 1669 149 38 l'Ecole
1088 1666 255 41 bénédictine
1364 1679 7 33 ;
1403 1667 37 39 la
1466 1668 132 37 croche
1626 1665 230 52 représente
1883 1665 142 38 l'unité
2053 1666 48 37 de

76 1738 150 49 temps,
253 1736 34 39 &
303 1736 69 52 j'ai
397 1736 204 40 introduit
622 1735 23 41 à
666 1737 37 39 la
725 1738 57 38 fin
804 1738 70 38 des
896 1736 264 40 distinctions
1176 1738 196 51 quelques
1387 1750 105 25 mora
1506 1737 100 38 vocis
1623 1748 163 27 comme
1801 1735 35 38 le
1853 1735 250 38 demandent

76 1804 56 38 les
154 1808 164 35 auteurs
340 1806 53 38 du
417 1818 154 40 moyen
593 1808 92 51 âge.
711 1807 118 38 Enfin
851 1807 38 39 la
911 1805 209 41 troisième
1142 1808 175 38 colonne
1338 1804 22 41 à
1382 1806 130 39 droite
1534 1806 136 38 donne
1692 1804 37 38 la
1751 1802 232 40 traduCtion
2000 1804 48 38 de
2065 1802 36 39 la

75 1874 134 38 même
231 1873 174 40 mélodie
428 1875 332 39 conformément
782 1889 80 26 aux
884 1876 205 52 principes
1111 1877 48 38 de
1183 1877 52 38 M.
1264 1876 47 38 H.
1342 1887 7 27 :
1374 1888 54 26 un
1449 1888 131 25 neume
1668 1888 54 24 un
1745 1871 142 55 temps{
1900 1872 51 52 l).

162 3001 48 40 (i)
233 3001 57 40 J'ai
320 3001 120 41 adopté
471 3001 39 31 ici
539 3003 28 29 la
596 3003 84 29 noire
710 3013 126 19 comme
868 3003 90 31 unité
988 3004 39 30 de
1059 3009 120 36 temps,
1210 3004 86 30 aussi
1327 3015 61 30 que
1421 3005 44 29 M.
1498 3005 39 29 H.
1575 3005 27 29 le
1637 3003 58 31 fait
1729 3003 170 31 lui-même
1934 3003 79 31 dans
2047 3013 50 20 ses

75 3050 216 32 traductions.
317 3052 20 29 Il
363 3052 96 31 m'est
482 3052 103 31 arrivé
608 3052 190 32 fatalement
822 3053 39 30 de
891 3059 195 26 commettre
1115 3065 54 20 sur
1198 3055 160 40 plusieurs
1386 3054 112 41 points
1527 3055 56 30 des
1613 3064 126 20 erreurs
1769 3054 39 30 de
1838 3053 128 38 détails,
1997 3064 53 19 car
2079 3053 18 30 il

76 3102 83 30 n'est
181 3112 58 30 pas
260 3104 149 40 toujours
431 3102 92 31 facile
546 3103 39 30 de
609 3104 207 30 reconnaître
839 3104 122 40 quelles
984 3110 76 25 sont
1087 3106 46 29 les
1163 3110 94 26 notes
1284 3104 76 41 qu'il
1390 3104 154 32 convient
1574 3105 38 29 de
1642 3115 143 31 grouper
1814 3104 79 30 dans
1922 3114 41 19 un
1993 3104 104 29 même

75 3169 252 43 Neumc-Temps.
358 3172 90 31 Ainsi
471 3173 27 30 la
520 3172 138 31 formule
678 3146 60 52 A.
780 3148 29 51 /
833 3173 58 30 des
913 3184 71 20 vers
1007 3172 19 32 6
1043 3175 29 29 &
1095 3173 18 31 8
1135 3179 79 36 peut
1236 3175 69 30 être
1328 3174 204 38 considérée,
1559 3173 15 30 à
1600 3184 75 20 mon
1698 3184 87 27 sens,
1809 3173 64 31 soit
1901 3183 126 20 comme
2056 3183 41 19 un

77 3288 123 31 groupe
230 3278 119 42 unique
379 3279 39 30 de
447 3279 45 30 six
516 3285 93 25 notes

1003 3281 63 30 soit
1091 3292 127 19 comme
1247 3292 41 19 un
1318 3292 124 29 groupe
1472 3280 40 30 de
1542 3279 75 41 cinq
1647 3285 94 25 notes
1768 3279 81 30 suivi
1879 3279 95 30 d'une
2009 3278 88 40 virga

464 3443 45 30 M.
541 3443 40 30 H.
612 3443 124 32 voudra
767 3443 76 31 bien
872 3443 188 41 pardonner
1085 3442 16 31 à
1132 3453 75 20 mon
1237 3441 163 32 initiation
1436 3442 184 29 forcément
1655 3440 198 41 incomplète
1889 3441 45 29 les
1970 3450 127 19 erreurs

78 3574 160 31 d'ailleurs
261 3575 38 30 de
322 3586 62 30 peu
407 3574 240 42 d'importance
671 3585 39 19 au
733 3574 92 41 point
849 3574 39 29 de
911 3584 61 21 vue
995 3573 54 41 qui
1072 3583 81 20 nous
1176 3582 135 30 occupe.
