2176 3736
91 119 102 66 378

763 126 218 42 MUSIQUE
1020 120 408 38 CONTEMPORAINE

91 248 37 38 la
150 247 63 39 vie
236 243 155 53 passée.
418 240 54 40 En
495 244 130 40 outre,
651 238 35 39 le
707 234 197 43 caraétère
926 234 111 53 prêté
1058 233 21 40 à
1102 247 67 26 ces
1192 233 186 38 Barbares
1399 243 104 27 nous
1528 229 161 41 ramène
1710 242 79 26 aux
1811 229 90 52 plus
1924 229 187 38 mauvais

86 317 114 50 jours
230 314 48 38 de
305 309 174 41 l'ancien
513 308 122 39 livret
668 305 179 52 d'opéra.
885 301 118 42 Voilà
1039 315 52 26 un
1128 300 96 41 chef
1251 304 160 42 teuton,
1450 299 233 44 Marcomir,
1718 297 69 51 qui
1817 295 165 53 pénètre
2010 297 101 39 dans

91 384 167 51 Orange
279 393 48 26 en
349 377 301 53 triomphateur
670 376 36 38 &
728 374 185 52 s'éprend
936 370 173 41 soudain
1131 370 121 39 d'une
1275 367 166 46 vestale,
1462 367 144 40 Floria.
1628 366 53 39 La
1698 365 198 40 situation
1912 369 63 35 est
1989 379 53 25 on
2062 377 49 27 ne

91 455 95 48 peut
208 450 90 52 plus
319 446 161 52 simple.
505 445 55 39 Ce
584 442 232 46 Marcomir,
842 441 113 39 étant
975 440 38 39 la
1035 440 108 39 force
1166 437 157 41 brutale
1346 437 34 40 &
1408 436 259 46 souveraine,
1699 435 88 39 doit
1815 435 221 52 s'emparer
2061 435 50 38 de

91 520 142 39 Floria.
333 516 110 39 C'est
463 526 75 27 son
560 512 109 39 droit
689 525 50 25 au
762 511 115 52 point
899 511 48 37 de
970 521 78 27 vue
1068 507 169 52 antique
1252 507 34 38 &
1303 506 169 39 barbare
1554 504 35 40 &
1605 504 252 45 l'emmener,
1876 516 163 27 comme
2056 516 55 27 on

90 590 212 50 s'empare,
325 583 117 54 après
462 584 38 39 la
522 581 175 47 bataille,
722 581 122 39 d'une
866 578 103 41 belle
989 577 121 41 étoffe
1131 590 52 26 ou
1206 577 97 38 d'un
1327 576 102 39 beau
1451 574 160 40 cheval.
1637 573 101 39 Mais
1761 586 82 26 non
1863 584 8 27 :
1891 573 220 39 Marcomir

90 662 61 36 est
174 670 53 25 un
249 666 225 29 amoureux
495 651 80 40 àla
597 651 118 50 façon
736 651 54 38 du
820 661 85 26 xvu
908 654 15 18 e
951 645 135 41 siècle.
1116 645 27 40 Il
1171 658 21 27 a
1222 645 38 40 lu
1289 645 37 39 le
1354 647 149 37 sonnet
1530 644 48 38 de
1599 643 92 52 Job,
1724 643 37 39 &
1787 642 25 38 il
1841 642 270 52 apprécierait

90 725 100 41 celui
213 723 192 41 d'Arvers
430 733 8 27 :

173 812 142 38 Floria.
452 807 102 39 Mais
575 805 93 53 quel
689 804 169 41 homme
879 805 109 37 es-tu
1009 803 134 38 donct

174 880 223 40 Marcomir.
1352 869 45 52 Je
1417 872 41 35 te
1479 868 64 39 l'ai
1566 866 62 40 dit
1652 879 8 27 :
1680 868 43 52 Je
1745 866 141 40 t'aime
1900 868 6 37 !

452 944 58 41 Ne
533 957 64 25 me
620 944 168 38 redoute
811 940 91 53 plus
928 952 8 26 :
961 943 65 35 cet
1046 950 120 35 aveu,
1191 941 45 36 tu
1258 938 36 38 le
1318 936 104 46 vois,

453 1012 205 41 N'offense
679 1011 92 52 plus
792 1014 61 35 tes
876 1021 127 27 vœux
1025 1009 34 38 &
1084 1006 154 41 tremble
1256 1006 95 38 dans
1371 1019 61 24 ma
1454 1006 102 38 voix.

444 1082 42 50 Je
508 1095 47 24 ne
574 1080 180 39 demande
775 1080 95 38 rien.
894 1076 62 41 Tu
982 1076 175 52 parleras
1178 1075 230 40 toi-même.

193 1192 44 51 Je
259 1189 184 39 n'insiste
465 1200 71 39 pas
560 1198 67 26 sur
649 1198 54 26 un
726 1184 177 52 langage
925 1183 66 50 qui
1014 1181 218 40 donnerait
1253 1180 79 39 lieu
1361 1179 22 40 à
1411 1180 71 38 des
1512 1179 282 52 plaisanteries
1820 1178 151 40 faciles.
1997 1179 66 38 On
2085 1191 22 26 a

87 1260 141 45 voulu,
254 1258 114 40 selon
391 1257 34 39 le
447 1255 248 53 tyrannique
717 1266 142 40 usage,
884 1250 226 40 introduire
1132 1262 54 27 un
1210 1249 122 39 ballet
1354 1250 100 37 dans
1477 1248 35 39 le
1534 1250 155 37 drame.
1716 1247 102 40 Mais
1835 1248 132 51 quelle
1983 1261 101 38 appa-

87 1342 118 27 rence
226 1342 28 37 y
275 1327 108 39 a-t-il
405 1325 122 52 qu'au
550 1326 187 36 moment
753 1322 133 38 même
902 1318 51 40 où
970 1319 56 39 les
1043 1318 248 52 vainqueurs
1308 1318 84 39 s'en
1409 1321 103 36 vont
1529 1321 92 36 tout
1637 1316 173 53 chargés
1827 1318 48 37 de
1893 1317 210 45 richesses,

85 1399 56 38 les
164 1396 197 40 Romains
383 1393 240 53 organisent
644 1404 78 27 une
744 1404 24 26 «
792 1388 206 41 farandole
1021 1388 201 38 immense
1244 1386 50 40 »?
1315 1386 169 39 N'eût-il
1500 1398 72 39 pas
1594 1385 62 39 été
1673 1386 90 51 plus
1781 1385 258 39 raisonnable

85 1468 34 38 Se
148 1466 189 39 combien
365 1463 91 52 plus
485 1461 263 40 intéressant!
861 1459 49 38 de
943 1461 254 48 transporter
1231 1456 37 38 la
1301 1456 79 38 fête
1409 1455 98 39 chez
1535 1455 56 38 les
1620 1454 275 52 vainqueurs?
1931 1454 56 38 De
2020 1454 87 39 vrai

87 1537 153 42 drame,
267 1534 25 38 il
320 1547 26 38 y
376 1544 49 27 en
454 1544 21 26 a
504 1544 91 38 peu,
628 1532 90 35 tant
745 1528 37 38 la
811 1526 270 53 psychologie
1103 1527 70 37 des
1196 1536 280 40 personnages
1498 1527 61 35 est
1581 1524 235 38 sommaire.
1835 1524 46 51 Je
1903 1522 80 40 sais
2012 1523 95 39 bien

88 1604 126 51 qu'un
249 1601 217 40 librettiste
501 1599 87 39 doit
616 1598 143 39 effacer
788 1609 75 26 son
894 1595 223 51 éloquence
1151 1595 153 38 devant
1338 1593 97 39 celle
1471 1593 52 38 du
1555 1592 215 46 musicien,
1803 1593 34 38 Se
1866 1592 54 38 lui
1950 1593 158 38 donner

91 1672 226 39 seulement
338 1671 70 37 des
430 1668 266 45 indications;
722 1665 103 39 mais
848 1677 64 26 ces
936 1663 245 39 indications
1204 1662 172 39 doivent
1397 1663 83 36 être
1503 1661 91 39 bien
1618 1661 189 45 choisies,
1841 1660 247 39 caractéristi-

88 1753 114 39 ques,
228 1741 34 38 Se
284 1739 95 39 faire
400 1736 128 40 naître
550 1738 101 36 dans
673 1734 156 52 l'esprit
851 1734 48 37 de
920 1732 229 45 l'auditeur,
1175 1743 71 40 par
1267 1730 250 39 association
1540 1729 165 46 d'idées,
1726 1733 94 35 tous
1836 1729 55 38 les
1909 1729 198 39 éléments

88 1807 211 42 essentiels
321 1807 122 39 d'une
465 1805 109 39 vraie
597 1818 23 26 «
643 1802 183 53 tragédie
847 1801 160 52 lyrique
1030 1814 38 24 ».
1094 1800 50 38 Ici
1174 1812 44 26 ce
1246 1799 104 38 n'est
1379 1811 71 39 pas
1479 1798 35 38 le
1543 1811 82 26 cas.
1653 1798 52 39 La
1729 1798 127 39 vérité
1880 1798 226 51 historique

87 1877 175 54 (malgré
284 1876 34 39 le
340 1876 102 38 beau
465 1873 121 40 décor
607 1873 52 38 du
683 1871 156 39 théâtre
861 1868 228 54 d'Orange)
1117 1871 61 36 est
1206 1866 22 40 à
1263 1880 75 39 peu
1368 1865 90 53 près
1487 1868 168 38 absente
1675 1878 7 35 ;
1716 1866 25 39 il
1770 1880 48 25 en
1849 1866 148 39 résulte
2027 1880 80 26 une

87 1947 175 39 certaine
284 1945 190 38 froideur.
500 1944 52 37 Le
574 1941 182 40 scénario
778 1943 76 42 est,
880 1939 53 38 lui
957 1938 123 45 aussi,
1106 1938 48 38 de
1176 1934 280 42 construétion
1486 1936 305 38 rudimentaire.
1823 1936 63 38 Au
1917 1939 190 35 moment

86 2014 53 41 où
167 2013 200 40 l'aimable
396 2011 218 40 Marcomir
641 2023 51 26 va
720 2009 152 51 quitter
900 2008 166 51 Orange
1094 2018 100 27 avec
1223 2005 144 44 Floria,
1402 2017 77 26 une
1509 2005 198 45 romaine,
1742 2004 129 45 Livie,
1906 2004 69 52 qui
2008 2009 99 35 veut

86 2096 154 39 venger
271 2082 38 39 la
343 2084 109 36 mort
485 2081 49 38 de
568 2091 74 27 son
679 2078 116 44 mari,
832 2077 35 38 le
902 2076 239 51 poignarde.
1175 2073 130 40 Floria
1340 2085 148 40 pousse
1526 2086 53 26 un
1615 2073 81 47 cri;
1738 2086 53 26 un
1827 2086 275 40 personnage,

86 2153 247 39 s'adressant
355 2148 79 40 àla
456 2148 120 45 foule,
602 2147 53 39 lui
678 2146 60 39 dit
762 2158 7 26 :
795 2159 24 25 <<
842 2146 56 37 La
918 2148 109 35 mort
1048 2145 193 50 passe!...
1265 2140 24 41 à
1306 2145 174 50 genoux!
1501 2155 40 31 »,
1562 2143 33 38 Se
1612 2141 34 39 le
1664 2142 137 39 rideau
1818 2142 157 39 tombe.
1995 2141 110 40 Tout

87 2221 84 39 cela
193 2224 60 35 est
275 2232 54 26 un
351 2232 77 38 peu
451 2217 170 51 maigre.
640 2216 44 51 Je
706 2215 89 39 dois
817 2215 158 51 ajouter
1002 2225 78 39 que
1108 2212 73 53 (M.
1209 2211 163 39 Delmas
1401 2210 187 53 excepté)
1622 2211 342 51 l'interprétation
1993 2225 22 24 a
2043 2211 62 40 été

85 2303 111 26 assez
216 2287 134 46 faible,
375 2287 35 38 le
432 2285 172 53 premier
626 2284 94 38 soir.
748 2284 38 38 M
791 2284 37 23 lle
850 2282 124 40 Hatto
997 2293 240 27 commence
1260 2278 22 41 à
1303 2281 83 37 être
1409 2277 167 43 viélime
1606 2280 48 39 de
1682 2279 37 39 la
1742 2281 155 51 grande
1926 2280 96 39 salle
2051 2279 52 40 où

85 2359 72 38 elle
179 2361 61 36 est
261 2360 120 36 tenue
402 2357 49 37 de
474 2367 41 26 se
536 2353 96 39 faire
654 2353 207 38 entendre.
888 2351 74 38 Les
983 2349 158 40 oreilles
1171 2350 49 38 de
1249 2350 53 38 M.
1334 2348 265 39 Saint-Saëns
1628 2352 74 35 ont
1731 2350 52 37 dû
1808 2349 177 45 souffrir,
2012 2350 91 50 plus

85 2427 121 39 d'une
229 2425 91 45 fois,
346 2425 49 38 de
417 2422 216 41 véritables
655 2421 127 39 suites
804 2421 49 38 de
875 2419 155 39 fausses
1052 2422 138 43 notes;
1218 2418 102 38 mais
1343 2430 43 26 sa
1409 2418 189 50 musique
1628 2421 60 35 est
1710 2416 81 40 très
1822 2418 115 46 belle,
1965 2418 119 39 infini-

87 2499 113 35 ment
222 2493 267 40 intéressante
510 2490 22 40 à
553 2490 157 39 étudier
731 2491 101 36 dans
854 2489 35 37 le
910 2487 122 40 détail
1049 2498 6 36 ;
1080 2487 74 39 elle
1176 2487 137 39 donne
1334 2487 79 38 lieu
1435 2484 22 41 à
1480 2486 197 39 certaines
1706 2486 289 40 observations
2024 2500 79 38 que

86 2576 104 26 nous
224 2562 218 40 tâcherons
473 2561 48 38 de
550 2558 174 53 préciser
751 2557 23 39 à
807 2557 131 47 loisir;
971 2556 102 39 mais
1103 2555 70 39 dès
1202 2555 259 38 maintenant
1496 2567 53 26 on
1585 2559 61 34 est
1681 2568 49 25 en
1759 2555 108 38 droit
1901 2555 203 52 d'espérer

85 2632 144 51 qu'elle
252 2630 136 40 suffira
409 2641 104 40 pour
534 2628 110 45 faire,
669 2627 238 52 longtemps
929 2637 160 32 encore,
1113 2624 228 51 triompher
1363 2624 63 37 Les
1448 2625 198 37 Barbares.

1766 2711 107 52 J.C.

364 2941 511 57 Opéra-Comique.
912 2941 37 57 -
986 2941 37 57 M
1030 2943 50 27 lle
1104 2941 200 57 Delna.
1337 2941 34 57 -
1404 2941 100 57 Les
1530 2941 289 42 Concerts.

252 3072 57 38 En
337 3071 215 39 attendant
578 3069 58 38 les
665 3068 252 39 nouveautés
945 3068 215 51 promises,
1192 3067 387 52 l'Opéra-Comique
1608 3080 105 26 nous
1741 3068 136 38 donne
1907 3081 54 25 un
1992 3067 109 53 régal

84 3141 214 51 artistique
313 3140 186 51 toujours
521 3137 197 39 délicieux
814 3149 82 26 non
910 3149 71 38 pas
1003 3149 48 26 en
1070 3138 148 50 jouant
1239 3136 158 53 Mignon
1413 3148 104 39 pour
1536 3136 38 39 la
1596 3148 102 39 1300
1702 3143 13 17 e
1738 3136 90 45 fois,
1930 3137 102 38 mais
2051 3150 50 25 en

85 3223 104 26 nous
205 3211 249 51 permettant
465 3206 256 52 d'applaudir
734 3205 124 39 Delna
873 3206 101 38 dans
990 3204 156 52 Orphée.
1163 3204 306 39 Chef-d'œuvre
1486 3206 48 36 de
1548 3206 120 50 grâce
1682 3204 108 39 lente
1806 3205 34 38 Se
1857 3205 221 53 d'imagina-

84 3281 88 38 tion
183 3277 81 41 très
278 3277 145 52 réglée,
440 3275 52 40 où
505 3275 116 39 l'idée
633 3288 54 26 un
701 3288 76 38 peu
795 3273 361 40 conventionnelle
1172 3274 48 37 de
1235 3273 37 38 la
1287 3272 185 52 tragédie
1485 3285 177 39 grecque
1676 3273 126 39 s'allie
1818 3286 49 27 au
1883 3274 195 39 sentimen-

84 3349 161 39 talisme
261 3349 53 37 du
332 3359 100 26 xvm
437 3354 14 15 e
463 3345 133 45 siècle,
614 3345 33 38 Se
661 3342 52 40 où
727 3357 52 25 un
794 3355 92 27 sens
898 3342 149 39 délicat
1059 3343 49 37 de
1121 3342 36 38 la
1171 3340 157 47 beauté,
1347 3354 53 26 un
1416 3340 153 53 respeét
1583 3346 193 35 constant
1793 3343 48 39 de
1858 3343 244 39 l'harmonie

85 3418 35 38 Se
141 3418 49 37 de
212 3416 37 39 la
271 3414 140 62 pureté
432 3416 71 37 des
525 3414 133 51 lignes
679 3414 102 37 dans
804 3409 296 42 l'architeélure
1122 3423 162 33 sonore,
1305 3423 54 26 un
1381 3415 61 34 art
1471 3409 22 40 à
1514 3411 38 38 la
1583 3411 78 39 fois
1684 3411 160 40 réfléchi
1868 3412 34 38 Se
1931 3412 166 51 inspiré,

85 3486 185 38 modeste
298 3485 34 38 Se
360 3485 81 44 sùr,
555 3481 212 52 rappelant
803 3481 102 39 celui
936 3481 48 38 de
1018 3480 145 52 Virgile
1196 3479 180 39 d'André
1414 3479 174 40 Chénier
1684 3480 89 39 font
1801 3481 170 38 chanter
2002 3481 98 38 d'un

87 3554 99 38 bout
208 3552 22 40 à
251 3553 156 45 l'autre,
433 3564 94 26 sans
549 3550 204 46 faiblesse,
777 3550 35 39 le
842 3549 84 40 seul
957 3550 177 50 langage
1162 3550 54 37 du
1246 3561 127 33 cœur,
1404 3549 165 51 l'Opéra
1596 3550 49 38 de
1673 3549 133 40 Gluck
1837 3549 221 40 ressemble
2079 3548 23 40 à
