5242 7442
4949 7097 90 45 17

235 142 325 74 Umfang
602 145 185 58 acht
822 145 251 60 Seiten

4075 158 480 72 Einzelbezug
4599 176 88 43 20
4732 158 308 74 Pfennig

264 327 1581 758 DER
2372 327 2635 758 STURM

263 1157 1679 159 WOCHENSCHRIFT
2027 1138 359 182 FÜR
2477 1167 762 156 KULTUR
3348 1167 403 153 UND
3859 1171 308 145 DIE
4269 1144 747 183 KÜNSTE

350 1494 242 46 Redaktion
631 1496 92 43 und
753 1496 176 54 Verlag:
981 1496 145 44 Berlin
1158 1497 56 42 W
1236 1498 28 42 9
1308 1497 14 54 /
1367 1496 253 44 Potsdamer
1655 1494 153 44 Straße
1841 1496 52 41 18

351 1578 313 56 Fernsprecher
707 1579 106 44 Amt
849 1580 178 43 Lützow
1055 1581 112 43 4443
1211 1582 16 53 /
1271 1579 444 56 Anzeigenannahme
1752 1579 139 43 durch

350 1677 42 29 :-:
563 1665 86 42 den
679 1665 160 55 Verlag
869 1666 91 42 und
990 1666 228 43 sämtliche
1247 1664 437 44 Annoncenbureaus
1849 1678 42 28 :-:

3388 1496 422 55 Vierteljabrsbezug
3843 1498 94 52 1,50
3965 1498 126 43 Mark
4134 1501 13 52 /
4193 1501 401 58 Halbjahresbezug
4627 1506 97 51 3,—
4753 1504 126 43 Mark
4912 1509 13 49 /

3384 1581 293 55 Jahresbezug
3710 1581 98 53 6,—
3837 1581 124 43 Mark
4005 1584 17 51 /
4066 1583 69 43 bei
4170 1583 125 45 freier
4328 1585 255 57 Zustellung
4626 1589 14 53 /
4685 1588 216 54 Anzeigen-

3388 1664 116 55 preis
3559 1665 71 43 für
3679 1665 71 43 die
3798 1664 349 58 fünfgespaltene
4195 1667 388 55 Nonpareillezeile
4638 1673 55 42 60
4742 1671 186 56 Pfennig

2177 1523 373 56 Herausgeber
2580 1525 104 43 und
2716 1524 387 44 Schriftleiter:

2180 1610 494 65 HERWARTH
2722 1610 259 62 WALD
2992 1610 109 61 EN

238 1856 367 67 DRITTER
639 1857 476 81 JAHRGANG

2241 1857 308 66 BERLIN
2597 1857 259 66 APRIL
2890 1857 161 65 1912

4504 1861 376 67 NUMMER
4924 1864 115 61 107

574 2060 71 53 H.
696 2061 125 53 W.:
883 2061 249 52 Literatur
1170 2058 110 54 und
1320 2059 189 55 Kunst:
1567 2058 281 53 Nachfeier
1893 2057 21 69 /
1954 2059 109 52 Der
2098 2074 137 38 neue
2274 2059 256 68 Mystiker
2577 2059 20 69 /
2634 2059 455 67 Vorbemerkung
3130 2058 21 69 /
3198 2057 102 54 Die
3335 2058 352 68 Möglichkeit
3732 2063 22 61 /
3800 2060 109 53 Der
3946 2059 140 54 Clou
4124 2062 20 67 /
4184 2059 321 59 ALFRED
4556 2046 321 71 DÖBLIN:
4935 2064 106 53 Der

572 2131 266 53 schwarze
874 2131 255 64 Vorhang
1165 2129 22 68 /
1226 2128 203 54 ELSE
1468 2114 738 73 LASKER-SCHÜLER:
2252 2129 175 52 Wenn
2466 2129 145 52 mein
2652 2129 139 53 Herz
2837 2130 211 65 gesund
3086 2144 110 38 war
3230 2159 70 7 —
3336 2129 21 68 /
3414 2129 217 55 PAUL
3686 2129 236 55 ZECIi:
3962 2130 333 54 Nächtlicher
4331 2132 310 66 Marktplatz
4694 2131 21 69 /
4771 2133 270 54 ADOLF

237 2199 304 55 BEHNE:
579 2201 147 52 Zwei
764 2200 408 67 Ausstellungen
1210 2198 21 69 /
1274 2201 100 50 Dr.
1410 2199 62 53 S.
1509 2196 656 62 FRIEDLAENDERs
2204 2200 129 52 Max
2369 2199 226 53 Steiner:
2635 2199 101 52 Die
2775 2200 142 52 Welt
2954 2200 96 52 der
3084 2199 334 68 Aufklärung
3461 2198 21 70 /
3523 2200 777 57 BEACHTENSWERTE
4338 2186 326 75 BÜCHER
4709 2201 19 69 /
4774 2203 266 55 PABLO

237 2270 355 54 PICASSO:
631 2271 317 65 Zeichnung
983 2269 21 68 /
1043 2261 389 68 UMBBRTO
1475 2268 393 56 BOCCIONI:
1906 2270 72 52 La
2015 2270 243 66 peinture
2295 2270 95 52 des
2427 2273 129 49 etats
2596 2270 172 52 d'ärne
2805 2269 21 68 /
2866 2271 40 51 I:
2947 2270 97 52 Les
3080 2269 213 53 Adieux
3328 2268 22 69 /
3389 2268 547 69 Originalzeichnung

235 2058 264 93 Inhalt:

3533 3002 378 83 Literatur
3970 3002 164 83 und
4202 3002 259 84 Kunst

3528 3168 327 52 Nachfeier

3671 3287 105 53 Die
3814 3288 354 52 literarischen
4212 3287 194 54 Gaben
4444 3288 96 52 der
4577 3288 358 66 Tagespresse
4969 3300 69 36 zu

3526 3371 108 53 den
3678 3371 180 52 hohen
3903 3371 308 67 Feiertagen
4249 3371 229 54 machen
4519 3370 106 52 den
4665 3368 370 59 Redaktionen
5036 3368 4 70 1

3528 3454 192 54 immer
3756 3454 229 67 größere
4026 3454 341 54 Schmerzen.
4437 3454 101 52 Die
4579 3453 427 66 „hervorragend-

3528 3539 119 52 sten
3699 3537 226 55 Dichter
3974 3537 114 54 und
4478 3537 219 55 sterben
4743 3536 116 55 und
4909 3548 131 45 zum

3526 3621 262 54 nächsten
3858 3622 180 52 hohen
4108 3621 149 53 Feste
4307 3622 66 52 ist
4421 3620 265 53 vielleicht
4733 3621 97 52 der
4881 3620 159 58 letzte!

3527 3703 384 70 Pfingstochse
3961 3705 119 53 letal
4129 3705 378 67 abgegangen.
4573 3703 114 53 Der
4736 3703 304 59 Redaktion:

3528 3790 99 51 des
3650 3788 238 53 Berliner
3910 3789 486 67 Lokal-Anzeigers
4418 3789 65 52 ist
4502 3803 60 37 es
4583 3786 284 54 immerhin
4892 3786 148 56 noch;

3939 3873 127 52 dem
4120 3872 299 53 deutschen
4470 3871 174 53 Volke
4694 3869 342 65 mitzuteilen,

3528 3972 113 37 was
3683 3972 127 36 man
3859 3954 111 54 ihm
4014 3972 68 35 zu
4129 3957 106 51 den
4282 3956 280 66 Festtagen
4610 3955 265 52 wünscht.
4952 3953 86 53 Sie

3531 4040 176 52 haben
3752 4056 73 46 es,
3870 4040 100 52 der
4010 4040 306 66 Anregung
4356 4040 149 51 einer
4547 4037 493 68 liebenswürdigem

3528 4122 299 60 Redaktion
3876 4122 243 68 folgend,
4169 4123 83 62 „in
4298 4122 361 67 gebundener
4705 4122 114 51 und
4866 4137 137 52 unge-

3526 4207 290 53 bundener
3878 4207 236 68 Sprache
4176 4205 194 54 frohen
4421 4206 241 52 Herzens
4709 4208 326 49 anvertraut

3528 4291 117 52 Wir
3681 4291 178 67 geben
3899 4292 100 51 alle
4036 4291 144 52 diese
4218 4289 241 53 schönen
4499 4288 397 69 Ostersprüche
4937 4305 66 36 un-

3527 4391 153 36 seren
3706 4376 195 50 Lesern
3925 4374 199 63 weiter,
4146 4374 87 52 die
4253 4372 112 54 sich
4388 4371 174 68 gewiß
4586 4372 189 53 freuen
4800 4372 236 63 werden,

3528 4459 161 52 ihnen
3714 4458 51 54 in
3787 4457 349 68 behaglicher
4157 4456 408 67 Feiertagsruhe

3670 4585 73 51 So
3785 4586 108 65 legt
3934 4585 278 51 Hermann
4252 4582 144 53 Bahr
4433 4597 125 38 zum
4598 4581 227 68 Beispiel
4865 4581 175 53 dieses

3527 4669 238 52 Osterei:

3741 4766 85 52 Da
3865 4765 88 53 Sie
3991 4766 99 51 mir
4124 4765 155 52 einen
4321 4763 390 53 Osterwunsch
4748 4763 90 51 für
4876 4776 164 37 unser

3667 4848 141 53 Volk
3833 4848 304 63 freistellen,
4165 4848 120 53 sei's
4310 4849 111 61 der,
4449 4846 105 53 daß
4580 4846 151 66 jeder
4759 4844 281 54 Deutsche

3666 4933 113 52 sich
3831 4933 116 51 und
4000 4932 97 52 das
4147 4931 155 53 Seine
4354 4931 219 66 freudig
4621 4930 133 66 tatig
4803 4929 230 66 bejahen

3669 5017 158 62 lerne,
3865 5019 127 49 statt
4027 5032 106 35 nur
4166 5017 190 50 immer
4391 5014 88 53 die
4511 5013 237 54 anderen
4789 5012 112 53 und
4939 5012 100 52 das

3669 5100 114 52 ihre
3821 5100 237 51 hämisch
4100 5098 211 53 kritisch
4348 5115 66 35 zu
4453 5096 304 53 verneinen.

3670 5227 139 50 Herr
3851 5225 191 66 Georg
4086 5225 169 65 Engel
4294 5223 251 52 wünscht
4587 5224 50 50 in
4677 5220 360 68 gebundener

3531 5309 239 69 Sprache
3836 5308 271 67 vorläufig
4169 5323 106 36 nur
4337 5307 111 52 sich
4501 5304 177 53 selber
4728 5303 156 59 Ruhe
4935 5315 102 40 vor

3526 5394 175 52 seiner
3733 5391 452 53 Schaffenskraft:

3666 5492 106 50 Mir
3815 5490 176 52 selber
4034 5489 129 52 aber
4205 5486 242 53 wünsch'
4496 5485 81 53 ich
4623 5483 123 59 Ruh
4753 5488 11 17 7
4770 5525 11 22 ,

3671 5575 94 51 Ein
3821 5572 291 53 Häuschen
4164 5572 138 51 auch
4352 5586 67 35 an
4472 5569 392 62 Meeresbreite,

3669 5657 161 52 Dann
3864 5657 112 52 seh'
4013 5657 81 50 ich
4124 5655 103 52 still
4260 5654 124 53 dem
4414 5652 181 54 Leben
4630 5669 68 36 zu

3668 5742 117 51 Aus
3823 5740 256 53 nied'rem
4124 5737 320 53 Fensterlein
4483 5738 83 51 ins
4603 5735 187 54 Weite.

3656 5854 87 51 Ich
3787 5853 153 52 zahle
3976 5850 177 53 sofort
4188 5851 115 51 drei
4342 5848 156 53 Mark
4533 5848 215 68 fünfzig
4788 5847 247 67 Pfennig,

3526 5953 159 36 wenn
3724 5953 60 36 er
3824 5951 101 36 nur
3966 5934 142 52 noch
4150 5934 173 52 durch
4364 5934 113 52 sein
4520 5934 229 52 nied'res
4792 5933 211 51 Fenster-

3528 6022 101 51 lein
3675 6020 275 52 zuschaut.

3668 6146 140 51 Herr
3833 6143 214 53 Gustav
4075 6144 171 63 Falke,
4271 6143 278 67 abgeklärt
4572 6143 100 52 wie
4696 6159 59 35 er
4781 6142 77 63 ist,
4884 6141 154 53 redet

3521 6228 316 69 goethisch:
5031 6253 8 30 t

3944 6313 141 51 Treu
4125 6314 70 50 im
4235 6312 283 62 Wandeln,

3944 6395 241 53 Gerecht
4227 6395 69 53 im
4342 6393 268 65 Handeln,

3947 6480 78 52 Im
4077 6478 202 68 Kampf
4324 6479 108 52 voll
4476 6480 136 61 Mut,

3946 6562 73 53 So
4058 6563 173 52 fährst
4268 6564 76 52 du
4380 6564 126 65 gut!

3665 6662 104 50 Mir
3798 6662 66 51 ist
3889 6662 87 52 ein
4006 6660 319 53 Automobil
4357 6659 176 53 lieber.

3666 6786 141 53 Herr
3846 6787 207 59 Rudolf
4094 6787 233 66 Herzog,
4365 6786 98 53 das
4501 6784 428 68 Temperament,
4967 6780 68 55 ist

3522 6870 92 52 für
3649 6869 281 65 Schießen,
3970 6886 160 36 wenn
4168 6871 110 52 ihm
4317 6869 139 53 auch
4494 6869 99 53 das
4632 6867 240 53 Schwert
4909 6881 94 37 vor-

3526 6953 170 67 läufig
3738 6955 141 52 noch
3925 6954 305 66 poetischer
4264 6953 294 53 erscheint:

832 6588 253 85 Pablo
1146 6588 364 87 Picasso:
1567 6610 357 68 Zeichnung
