5242 7442
232 7209 54 42 18

246 282 94 52 Ein
372 280 430 55 Osterwunsch?
833 314 64 5 —
922 284 195 67 Vergiß
1146 285 94 51 das
1267 284 150 51 Eisen
1450 284 157 61 nicht,

246 366 112 51 Das
391 366 92 52 tief
516 368 48 51 in
598 368 286 52 deutscher
917 368 136 52 Erde
1085 367 271 52 mahnend
1389 368 217 50 wächst.

244 450 176 51 Willst
465 453 73 50 du
584 452 124 52 dem
756 451 163 54 Enkel
964 452 138 52 volle
1148 453 203 55 Kränze
1395 451 212 62 weisen,

245 533 154 53 Greif
432 535 227 54 Blumen
695 538 80 51 dir
804 537 109 51 und
944 536 239 53 schmied
1214 552 121 34 zum
1370 535 240 52 Schwert

1284 620 93 51 das
1425 619 182 52 Eisen!

317 746 139 53 Herr
535 749 106 51 Leo
701 743 279 71 Leipziger
1046 746 106 52 läßt
1217 760 96 38 aus
1366 745 310 67 poetischen

177 828 268 55 Gründen
480 832 102 52 den
615 832 144 51 Lenz
787 832 115 52 Eier
932 831 170 66 legen.
1147 830 171 66 Sogar
1349 831 94 50 mit
1473 830 204 51 Musik:

246 928 154 53 Zieht
434 947 109 34 nun
580 931 94 50 der
702 930 140 51 Lenz
871 944 96 37 aus
999 928 196 53 lindem
1231 928 182 53 Süden

246 1012 149 53 Beim
443 1014 175 65 Klang
660 1014 94 50 der
792 1011 389 67 Osterglocken
1224 1012 99 63 ein,

244 1097 130 65 Mag
400 1097 89 50 für
516 1097 86 51 die
627 1096 140 51 Welt
798 1127 62 3 —
886 1095 140 55 der
1026 1095 280 55 Völker
1317 1097 290 53 frieden

246 1179 140 52 Das
430 1179 238 54 Setzei
714 1181 117 50 des
875 1179 404 57 Kolumbus
1322 1182 179 52 sein!

317 1306 138 50 Herr
500 1306 302 51 Alexander
846 1306 374 63 Moszkowski,
1264 1307 191 53 dessen
1504 1306 146 52 Philo-

173 1388 230 67 sophien
450 1389 138 51 beim
635 1389 256 67 Verleger
931 1406 106 36 von
1085 1390 265 53 Friedrich
1393 1390 286 52 Nietzsche

173 1471 330 62 ♦erscheinen,
559 1475 84 48 tut
691 1488 77 47 so,
819 1473 77 52 als
945 1472 76 54 ob
1070 1491 59 36 er
1181 1475 148 55 nicht
1382 1474 152 52 mehr
1586 1478 96 63 umj

174 1556 144 51 seine
361 1555 268 68 Meinung
671 1557 216 66 gefragt
925 1560 216 50 werden
1187 1559 133 51 wiii:

178 1639 94 50 Ein
318 1639 128 52 Plus
485 1654 107 37 von
634 1639 187 58 Reisen
863 1658 107 35 von
1010 1643 147 50 Meer
1196 1659 68 34 zu
1307 1642 128 61 Fels,

178 1723 95 51 Ein
310 1723 184 52 Minus
527 1740 105 36 von
669 1724 371 68 Rechnungen
1078 1727 56 65 inj
1162 1726 104 51 den
1306 1724 202 62 Hotels,

172 1807 102 66 'pin
334 1807 128 52 Plus
516 1823 105 36 von
677 1808 221 52 Geduld
957 1809 49 50 in
1060 1809 332 51 beruflichen
1450 1807 226 61 Qualen,

181 1891 130 51 Und
342 1891 85 52 ein
463 1892 182 52 Minus
672 1908 107 36 von
815 1892 307 66 Umfragen,
1146 1893 50 50 in
1231 1892 103 51 den
1371 1890 305 68 Journalen.

322 2017 174 51 Herrn
579 2019 168 66 Julius
826 2019 201 51 Stetten
1036 2019 136 50 heim
1237 2019 63 49 ist
1362 2016 129 52 total
1567 2030 85 36 ver-

178 2099 246 66 jgackert:

323 2185 158 66 Jeder
512 2185 242 51 Wunsch
791 2185 62 51 ist
882 2184 223 67 gereimt
1135 2184 91 51 auf
1259 2184 83 50 Ei:

324 2267 236 66 Eigenen
601 2269 163 59 Herd,
800 2284 62 35 so
896 2268 134 52 klein
1064 2284 58 35 er
1152 2268 88 60 sei,

320 2351 136 51 Und
500 2352 83 51 ein
634 2354 271 48 munteres
948 2350 154 52 Weib
1148 2350 169 61 dabei,

323 2434 291 66 Tüchtiger
657 2434 199 57 Kinder
897 2433 227 51 fröhlich
1165 2433 270 61 Geschrei,

323 2517 292 51 Nachbarn
665 2517 149 52 ohne
864 2517 335 60 Klatscherei,

328 2601 129 51 Und
492 2600 103 52 daß
629 2600 137 51 allen
801 2600 83 51 die
919 2599 183 51 Arbeit
1132 2599 209 66 gedeih,

326 2685 166 64 Jeden
544 2685 190 50 Monat
782 2683 94 51 mit
920 2686 164 47 etwas
1132 2698 124 34 vom
1305 2681 121 61 Mai,

327 2767 181 51 Sonne
546 2768 111 50 und
697 2766 224 51 Blumen
956 2765 111 51 und
1104 2764 240 61 Liebelei,

325 2850 146 52 Viele
518 2849 243 52 Stunden
810 2864 104 35 von
961 2848 204 65 Sorgen
1212 2847 109 61 frei,

326 2935 172 49 Treue
537 2933 242 50 Freunde
817 2931 128 51 zwei
979 2930 133 52 oder
1147 2930 124 61 drei,

327 3015 292 51 Trinkbare
660 3014 253 66 Tropfen,
960 3013 140 52 doch
1144 3013 147 50 keine
1337 3013 206 60 Arznei,

331 3100 128 50 Und
492 3114 62 35 so
587 3098 180 52 weiter
799 3097 137 50 noch
970 3096 207 51 allerlei.

330 3211 174 50 Herrn
548 3209 132 50 Otto
723 3207 406 52 Sommerstorff
1168 3207 170 50 blutet
1378 3206 95 51 das
1515 3206 166 50 Herz:

186 3321 203 61 Seht,
421 3336 59 36 es
510 3319 172 53 erfaßt
710 3320 141 51 mich
886 3322 127 50 stets
1043 3320 82 50 ein
1164 3316 245 53 heimlich
1446 3316 236 61 Grauen,

191 3405 173 50 Wenn
402 3404 80 50 ich
515 3403 95 51 auf
640 3403 186 51 holder
859 3403 203 50 Frauen
1097 3402 242 65 Haupt
1370 3399 140 51 und
1549 3399 138 50 Hut

191 3488 120 50 Den
346 3484 430 54 Federschmuck
804 3486 94 51 der
928 3484 190 58 Reiher
1148 3484 126 51 muß
1306 3482 307 61 erschauen,

192 3571 197 50 Denn
445 3570 154 50 ach!
669 3586 57 34 er
781 3569 187 51 mahnt
1019 3585 65 34 an
1140 3566 376 53 Grausamkeit
1568 3565 112 51 und

1443 3650 167 50 Blut!.

335 3764 151 52 Dazu
527 3764 243 51 bemerkt
804 3764 85 50 die
924 3763 201 52 ebenso
1164 3761 286 64 mitleidige
1487 3758 169 57 Redak-

196 3849 108 49 tion
341 3846 500 52 wissenschaftlich:

406 3930 102 51 Die
570 3929 190 57 Reiher
823 3932 183 62 tragen
1070 3928 110 51 ihre
1231 3924 457 54 Schmuckfedern

267 4030 101 35 nur
419 4012 257 53 während
732 4012 94 50 der
878 4011 378 64 Paarungszeit
1307 4008 113 52 und
1473 4007 216 52 werden

266 4097 166 52 daher
482 4096 143 51 dann
677 4095 338 66 geschossen,
1064 4109 157 35 wenn
1273 4093 72 51 sie
1394 4093 175 65 Junge
1620 4091 69 50 im

265 4181 135 50 Nest
451 4179 188 61 haben,
688 4178 86 51 die
820 4178 143 50 dann
1013 4176 155 51 elend
1218 4175 358 64 verhungern.

340 4305 128 51 Und
522 4305 137 50 Herr
708 4304 211 50 Gustav
967 4302 241 52 Eberlein
1588 4298 104 51 den

200 4388 157 61 Staat,
411 4388 83 51 die
547 4387 317 66 Regierung,
915 4385 84 52 die
1052 4383 300 67 königliche
1403 4381 291 52 Akademie

201 4470 112 51 und
368 4470 86 51 die
503 4470 350 64 Verwaltung
917 4468 93 52 der
1078 4467 152 52 Stadt
1281 4465 189 62 Berlin,
1538 4465 154 50 einen

202 4554 235 66 Tempel,
489 4569 155 34 wenn
695 4552 138 51 auch
882 4568 105 37 nur
1033 4566 99 35 aus
1178 4548 517 60 Muschelkalkstein,

200 4636 89 52 für
315 4637 90 52 die
430 4635 445 51 Marmorbrüche
903 4634 94 51 des
1025 4634 181 69 Herrnj
1230 4632 127 57 Rein
1367 4631 127 51 hold
1526 4630 175 66 Begas

200 4736 68 35 zu
316 4719 280 51 errichten.

345 4814 299 54 Deutsches
697 4813 151 61 Volk,
901 4829 141 34 nun:
1095 4813 163 60 sinne,
1312 4812 165 61 sinne,
1531 4811 165 51 sinne.

206 5034 120 50 Der
364 5047 151 36 neue
553 5028 302 68 Mystiker

348 5151 110 51 Der
513 5149 224 57 Kritiker
790 5146 264 53 Friedrich
1107 5145 142 52 Stein
1302 5145 65 50 ist
1417 5159 105 35 von
1577 5141 123 53 dem

210 5250 174 36 neuen
429 5232 207 58 Roman
679 5232 100 51 des
820 5231 172 51 Herrn
1037 5228 191 65 Georg
1257 5227 311 50 .Herrmann
1614 5223 94 54 tief

207 5316 272 67 ergriffen.
537 5315 190 66 Georg
752 5314 303 53 Herrmann
1079 5312 66 52 ist
1168 5310 282 66 ihm|,nicht
1470 5308 239 66 weniger

209 5401 77 52 als
322 5401 85 51 ein
1041 5394 146 52 Aber
1223 5409 57 36 es
1317 5393 208 50 kommt
1562 5391 142 51 noch

212 5484 206 51 besser:

423 5565 159 51 Denn
628 5565 49 51 in
721 5564 199 52 seinem
965 5562 208 57 Roman
1219 5559 131 63 „Die
1393 5558 179 51 Nacht
1614 5556 95 53 des

286 5650 92 50 Dr.
758 5646 236 52 wandelt
1032 5661 57 36 er
1131 5645 239 64 Wege,
1414 5641 83 52 die
1540 5638 173 54 seiner

284 5731 181 52 bisher
503 5730 429 66 gepflegten
976 5725 468 55 Milieustufe
1478 5724 232 51 fremd

285 5816 162 51 sind
480 5834 9 29 :
533 5814 84 52 ein
666 5812 411 68 psychologisch
1124 5810 278 61 vertieftes,
1448 5808 107 52 fein
1599 5822 85 36 ver-

287 5897 223 62 ästeltes,
538 5895 328 68 prismatisch
896 5895 426 51 überleuchtetes
1346 5892 111 52 und
1483 5892 50 51 in
1557 5890 154 53 allem

288 5979 374 54 schicksalhaft
704 5978 414 52 Verflochtenen
1163 5975 253 55 dennoch
1460 5990 103 36 nur
1606 5977 111 47 zart

289 6064 386 66 angedeutetes
712 6061 373 52 Lebensbild
1131 6092 64 4 —
1231 6061 116 50 eine
1387 6058 179 52 Nacht
1603 6056 111 52 und

290 6147 83 52 ein
416 6146 183 52 halber
634 6147 115 63 Tag
781 6145 188 52 dessen
1010 6144 234 62 „fünfter
1455 6142 83 51 die
1577 6140 141 52 klare

295 6231 330 67 Spiegelung
666 6229 93 51 des
802 6226 221 53 Ganzen
1066 6226 367 52 konzentriert.

363 6313 175 51 Wenn
572 6311 220 52 Dichter
820 6310 114 52 und
965 6309 221 57 Kritiker
1212 6309 93 52 auf
1332 6309 145 51 ihren
1510 6309 206 65 Wegen

226 6414 103 35 nur
356 6396 150 55 nicht
537 6395 133 51 über
698 6394 82 52 die
809 6392 278 68 gepflegte)
1106 6392 326 52 Milieustufe
1460 6392 256 66 stolpern.

225 6479 343 54 Namentlich
593 6493 156 37 wenn
774 6477 98 52 der
890 6475 158 51 halbe
1070 6477 115 64 Tag
1204 6475 96 52 des
1318 6476 214 51 fünften
1558 6475 163 52 Aktes

225 6565 89 52 die
360 6563 143 52 klare
555 6560 331 68 Spiegelung
931 6558 94 52 des
1074 6558 223 51 Ganzen
1347 6558 371 52 konzentriert.

229 6649 112 52 Der
376 6644 409 54 Heutmoderne

298 6729 341 54 verschmäht
683 6729 155 50 unter
879 6724 253 54 anderem
1174 6724 85 52 die
1303 6725 421 52 Literaturmode

300 6816 93 51 der
432 6809 510 56 Gedankenstriche.
999 6809 67 51 Er
1102 6808 101 62 hat,
1241 6807 98 52 wie
1375 6808 86 52 die
1494 6809 203 51 Vielver-

301 6896 306 68 mögenden
637 6890 112 67 alle,
780 6893 173 66 längst
975 6891 337 67 eingesehen,
1341 6890 101 53 daß
1470 6892 48 52 in
1548 6892 175 66 jedem

303 6982 139 51 Falle
477 6977 297 55 Gedanken
812 6975 300 54 wertvoller
1142 6975 118 52 sind
1297 6974 75 53 als
1405 6974 286 53 Gedanken-

301 7065 204 50 striche.

1958 285 120 53 Sein
2113 284 313 69 mystischer
2459 278 222 63 Kritiker
2710 283 90 51 hat
2825 280 110 53 sich
2967 279 132 53 über
3128 279 165 50 Litera-

1821 373 85 49 tur
1943 370 49 51 in
2033 370 102 52 den
2178 370 319 67 Fliegenden
2539 368 231 52 Blättern
2808 365 287 52 orientiert.
3154 363 166 56 Keine

1820 454 496 52 Gedankenstriche
2357 452 277 54 schreiben
2680 449 255 52 bedeutet
2973 446 140 53 noch
3157 445 160 61 nicht,

1820 538 297 52 Gedanken
2165 538 190 51 haben.
2430 534 262 55 Friedrich
2735 533 142 51 Stein
2918 531 130 51 aber
3085 529 237 52 wandelt

1820 622 134 52 über
1998 622 274 67 gepflegte
2319 618 380 54 Milieustufen.

1817 784 507 67 Vorbemerkung

1958 904 94 51 Ein
2094 903 316 52 unerhörter
2447 898 256 53 Blödsinn
2739 897 64 51 ist
2838 895 132 52 über
3002 894 84 52 die
3123 892 192 53 beiden

1820 987 416 65 Ausstellungen
2272 985 171 52 dieser
2473 979 301 54 Zeitschrift
2800 978 348 67 geschrieben
3182 992 103 35 wor-

1819 1073 120 51 den.
1985 1071 118 51 Den
2136 1071 203 50 Herren
2366 1067 213 65 klingen
2605 1063 176 54 sicher!
2799 1062 170 52 schon
2996 1061 86 52 die
3109 1060 206 51 Ohren.

1820 1156 104 50 Für
1969 1155 158 51 heute
2173 1168 126 36 nur:
2344 1151 141 51 Herr
2528 1148 134 50 Fritz
2703 1145 147 53 Stahl
2896 1146 110 50 hält
3048 1143 140 52 mich
3228 1143 93 50 für

1815 1239 154 51 einen
2007 1237 237 67 privaten
2281 1231 439 67 Ahnungslosen.
2768 1229 119 51 Sich
2921 1229 113 50 also
3064 1226 257 53 offenbar

1815 1322 90 51 für
1935 1322 117 51 eine
2089 1317 310 54 öffentliche
2432 1312 442 69 Angelegenheit.
2927 1312 88 51 Ich
3045 1307 144 55 halte
3224 1310 89 51 ihn

1816 1405 90 51 für
1952 1406 84 50 ein
2092 1400 337 54 öffentliches
2479 1398 301 66 Aergernis.
2851 1396 67 50 Er
2968 1394 352 65 verschweigt

1816 1489 292 64 Vorsichtig
2153 1487 86 51 die
2283 1482 300 54 Zeitschrift
2624 1481 143 62 „Der
3068 1478 77 50 als
3189 1478 96 49 Ver-

1816 1572 304 51 anstalterin
2166 1571 95 50 der
2303 1566 352 65 Ausstellung
2692 1564 95 52 der
2830 1562 317 53 Futuristen.
3205 1560 111 51 Das

1820 1654 117 51 hilft
1988 1654 108 50 ihm
2151 1652 187 52 nichts.
2405 1651 124 50 Man
2582 1649 133 50 wird
2767 1663 66 35 zu
2885 1646 181 51 seinen
3121 1644 198 51 Lesern'

1818 1738 242 65 dringen,
2090 1736 110 52 und
2227 1751 157 35 wenn
2412 1748 122 36 man
2559 1732 118 51 eine
2705 1729 155 52 halbe
2885 1729 205 51 Million
3119 1727 198 51 Blätter

1816 1821 249 52 verteilen
2111 1818 197 52 müßte.
2367 1816 173 52 Sehen
2582 1815 139 51 kann
2761 1829 58 35 er
2855 1813 162 55 nicht.
3076 1810 146 52 Aber
3261 1825 60 36 er

1814 1904 133 51 wird
1985 1903 94 51 das
2118 1902 182 52 Hören
2338 1900 196 52 lernen.

1817 2065 109 51 Die
1965 2062 399 68 Möglichkeit

1957 2181 102 52 Die
2086 2181 232 64 Zeitung
2346 2178 451 66 L'lntransigeant
2829 2176 48 51 in
2913 2174 143 52 Paris
3088 2173 224 51 meldet:

2023 2292 331 52 L'academie
2388 2290 66 51 de
2492 2289 242 67 peinture
2768 2287 66 51 de
2869 2283 71 53 La
2974 2284 211 61 Palette,
3223 2283 93 67 qui

1886 2376 130 51 itent
2047 2391 83 36 ses
2162 2375 186 51 assises
2385 2375 75 59 18,
2497 2388 94 34 rue
2622 2372 74 51 du
2731 2368 408 61 Val-de-Gräce,
3175 2367 144 50 vient

1886 2461 68 49 de
2004 2458 204 52 confier
2254 2474 69 34 au
2375 2457 204 65 peintre
2629 2455 83 50 Le
2763 2452 454 52 Fauconnier
3269 2449 50 50 la

1882 2542 259 52 direction
2215 2540 66 51 de
2355 2538 218 52 I'ancien
2642 2538 180 50 atelier
2893 2532 424 70 Jacques-Emile

1887 2624 248 52 Blanche.

2026 2707 108 60 Qui
2184 2705 94 54 eüt
2326 2720 247 37 annonce
2624 2703 123 61 cela,
2800 2703 31 50 il
2881 2719 34 49 y
2968 2718 29 34 a
3045 2701 123 65 cinq
3218 2715 99 38 ans

1884 2791 339 51 seulement?

1957 2915 127 51 Wer
2124 2915 187 51 würde
2356 2912 325 53 Aehnliches
2720 2912 49 50 in
2817 2908 372 55 Deutschland
3233 2907 87 51 bei

1814 2998 175 53 einem
2035 2996 254 58 Künstler
2328 3012 104 34 von
2470 2995 357 53 ebensolcher
2864 2992 238 61 Qualität
3138 2991 178 50 nach

1816 3080 126 51 fünf
1976 3080 192 66 Jahren
2203 3079 90 51 für
2323 3078 234 66 möglich
2595 3077 217 52 halten?

1818 3240 122 51 Der
1979 3239 148 53 Clou

1959 3358 103 51 Die
2088 3357 234 51 Berliner
2349 3356 273 51 Sezession
2650 3355 259 65 kündigte
2934 3353 89 52 für
3047 3353 110 50 ihre
3184 3350 110 52 dies-

1820 3441 206 66 jährige
2057 3439 585 65 Sommerausstellung
2670 3438 127 51 zwei
3091 3451 86 36 an.
3209 3435 112 51 Der

1818 3525 119 51 eine
1989 3524 155 51 sollte
2200 3524 109 49 ihre
2363 3521 375 66 Beschickung
2787 3520 175 52 durch
3017 3519 84 51 die
3158 3519 131 50 Futu-

1822 3608 158 51 risten
2027 3607 127 51 sein.
2219 3606 112 51 Das
2372 3621 111 36 war
2523 3604 213 52 einfach
2780 3604 116 53 eine
2947 3601 371 52 Unwahrheit.

1820 3690 163 51 Denn
2029 3690 253 52 niemand
2328 3688 186 51 mußte
2555 3704 59 35 es
2655 3687 184 51 besser
2877 3687 190 49 wissen
3113 3685 76 51 als
3236 3684 85 51 die

1821 3774 231 63 Leitung
2101 3773 95 50 der
2247 3772 235 52 Berliner
2528 3770 291 60 Sezession,
2871 3769 101 50 daß
3024 3769 86 50 die
3161 3769 129 49 Futu-

1824 3856 159 51 risten
2029 3855 194 51 bereits
2267 3854 350 64 anderweitig
2657 3852 294 66 gebunden
2997 3867 194 36 waren.
3255 3852 70 49 Es

1826 3940 64 50 ist
1921 3938 169 52 schon
2127 3937 246 52 reichlich
2404 3935 420 67 geschmacklos,
2858 3935 90 51 für
2977 3935 84 51 die
3095 3934 236 64 Leitung

1823 4022 147 51 eines
2016 4021 407 56 Kunstinstituts
2743 4018 345 66 anzuzeigen.
3163 4017 158 50 Noch

1825 4103 476 67 geschmackloser,
2333 4102 94 51 auf
2460 4103 84 51 die
2575 4101 416 52 Sensationslust
3022 4100 94 51 des
3147 4100 150 50 Publi-

1830 4188 155 50 kums
2021 4188 98 49 mit
2158 4186 213 53 Bildern
2406 4202 66 34 zu
2508 4185 351 66 spekulieren,
2896 4183 83 52 die
3018 4200 121 34 man
3180 4183 152 50 nicht

1825 4270 199 52 einmal
2064 4270 103 50 hat.
2239 4270 68 49 Es
2341 4268 167 52 riecht
2541 4268 133 54 aber
2706 4267 194 53 bereits
2933 4266 158 66 ;mehr
3125 4266 76 51 als
3236 4266 61 50 be-

1831 4352 245 53 denklich
2128 4368 99 35 aus
2278 4352 121 51 dem
2449 4351 408 66 aufgesperrten
2913 4349 414 61 Reklamemaul,

1829 4451 157 36 wenn
2031 4451 123 35 man
2195 4435 112 51 also
2349 4434 134 52 über
2524 4433 168 52 Pablo
2733 4433 211 52 Picasso
2985 4433 220 52 schreit:
3252 4475 75 8 ...

1832 4527 137 54 ,/Von
2005 4518 155 51 allem
2200 4519 101 50 den
2337 4519 49 49 in
2423 4517 147 53 Paris
2599 4516 265 54 lebenden
2902 4516 225 66 Spanier
3161 4515 169 52 Pablo

1833 4602 226 58 Picasso,
2091 4601 93 51 der
2212 4601 180 51 seinen
2421 4600 135 52 Stil
2586 4600 122 53 der
2734 4599 599 52 durcheinander

1831 4684 426 67 gesteckten
2294 4683 508 67 Pappkartons
2834 4698 65 36 an
2929 4683 147 52 einer
3104 4682 225 66 eigenen

1833 4768 205 51 kleinen
2063 4768 176 50 Wand
2263 4766 132 52 wird
2418 4768 183 64 zeigen
2918 4767 224 50 Warum
3164 4766 173 66 hängt

1835 4851 85 51 die
1950 4852 129 66 Jury
2108 4850 95 51 der
2228 4849 236 52 Berliner
2488 4849 284 53 Sezession
2794 4847 192 65 Bilder,
3016 4865 106 35 von
3153 4848 175 53 denen

1832 4934 76 50 sie
1950 4934 140 50 diese
2134 4934 264 64 Meinung
2438 4933 128 51 hat?
2622 4932 324 66 Abgesehen
2987 4932 196 63 davon,
3227 4932 104 52 daß

1833 5017 145 51 diese
2014 5017 264 64 Meinung
2311 5015 170 52 schon
2515 5016 150 53 nicht
2698 5015 159 52 mehr
2888 5030 105 37 von
3034 5015 183 68 Pappe
3255 5016 77 62 ist,

1834 5099 146 50 wohl
2008 5098 130 51 aber
2167 5098 177 51 Blech.

3144 5177 67 51 H.
3239 5178 100 54 W.

1847 5596 168 83 Der
2071 5596 404 83 schwarze
2513 5597 392 107 Vorhang

1845 5740 237 57 Roman

1845 5866 130 51 Von
2008 5865 210 52 Alfred
2258 5865 218 52 Döblin

3117 5979 233 44 Fortsetzung

1951 6061 147 51 Nach
2137 6061 146 65 jener
2328 6061 272 54 schweren
2657 6063 399 67 Verdüsterung
3092 6065 257 54 überkam

1848 6159 109 37 nun
1990 6144 265 66 Johannes
2291 6144 301 54 allmählich
2632 6147 85 51 ein
2756 6148 386 65 ungewohnter
3186 6149 136 55 Sanft-

1848 6228 132 63 sinn,
2018 6227 94 52 der
2148 6227 111 52 sich
2284 6243 66 38 an
2378 6229 124 52 dem
2538 6229 337 53 Bewußtsein
2903 6231 94 52 des
3024 6232 294 55 Entronnen-

1849 6311 139 53 seins
2049 6312 138 51 noch
2250 6312 258 67 steigerte.
2588 6315 147 52 Irene
2796 6315 134 66 ging
2990 6316 173 53 neben
3226 6319 124 53 dem

1852 6395 437 52 Friedensfrohen
2315 6397 106 67 her,
2448 6398 95 51 bot
2578 6398 112 52 sich
2725 6399 202 52 seinem
2955 6400 194 53 Willen
3187 6403 167 69 willig

1852 6495 81 36 an.
2006 6479 106 51 Der
2158 6480 192 67 Ernste,
2408 6480 158 67 lange
2610 6482 359 54 Vereinsamte
3006 6485 166 54 freute
3225 6488 126 53 sich.

1853 6563 118 52 Wie
2033 6563 237 52 komisch
2332 6564 206 54 hübsch
2600 6566 82 52 ihr
2742 6567 237 54 Bündnis
3045 6586 122 52 war,
3236 6572 119 53 eine

1855 6646 261 66 Kinderei,
2171 6646 144 52 nicht
2372 6649 190 52 anders
2618 6649 76 52 als
2742 6650 404 69 Puppenspiele,
3194 6656 129 53 Wett-

1855 6729 187 66 laufen,
2083 6730 440 55 Kuchenbacken.

1961 6814 275 66 Vergnügt
2291 6816 101 52 wie
2452 6817 85 52 ein
2595 6817 184 54 Füllen
2832 6834 92 38 zur
2979 6823 375 68 Futterkrippe,

1857 6898 211 52 mochte
2088 6913 54 37 er
2159 6912 64 38 zu
2243 6898 81 52 ihr
2348 6900 393 68 hinstrampeln.
2797 6903 99 52 Die
2918 6906 438 66 Friedgewohnte

1858 6983 124 51 aber
2019 6982 156 52 liebte
2214 6983 54 51 in
2306 6983 171 54 seiner
2520 6987 152 51 Nähe
2710 6987 87 52 die
2832 6988 183 67 Angst,
3062 6989 87 53 die
3185 6990 82 53 ihr
3302 6992 53 51 in

1858 7067 105 52 den
1992 7066 201 55 Knieen
2234 7067 260 69 prickelte,
2532 7071 108 50 und
2685 7071 84 51 die
2808 7071 188 54 leichte
3022 7073 190 53 Wolke
3249 7091 106 37 von

3453 268 229 56 Grauen,
3723 263 87 51 die
3847 260 147 52 seine
4033 258 326 66 Gegenwart
4394 256 82 51 ihr
4516 254 135 51 über
4689 252 85 51 die
4812 252 158 63 Haut,

3453 353 86 52 die
3575 351 162 50 Arme
3774 346 113 52 und
3925 343 275 53 Schultern
4234 342 154 66 jagte.
4467 340 108 51 Der
4600 335 365 55 Widerwillen

3451 450 174 52 gegen
3672 432 91 51 ihn
3819 430 114 51 und
3989 429 94 51 der
4125 426 253 53 Abscheu
4415 423 259 66 schwang
4714 436 105 37 von
4859 420 107 51 den

3451 520 244 52 früheren
3752 513 231 52 Zwisten
4028 511 138 52 noch
4219 511 53 50 in
4311 510 82 51 ihr
4430 508 150 53 nach.
4655 506 86 52 Sie
4782 503 185 53 wurde

3452 605 127 52 aber
3631 601 99 51 fast
3783 595 350 68 ungeduldig,
4198 610 155 36 wenn
4413 609 55 36 er
4522 592 110 52 sich
4692 589 82 52 ihr
4818 589 149 66 fügte

3452 687 112 53 und
3620 683 93 52 mit
3767 683 173 49 zarten
3995 680 219 52 Worten
4262 679 314 65 begegnete.
4652 674 128 54 Und
4820 671 142 54 doch

3454 771 227 65 klangen
3721 765 135 53 auch
3897 765 145 51 diese
4080 764 85 51 bei
4205 763 111 51 ihm
4355 762 311 52 sonderbar.

3559 853 181 53 Ueber
3794 849 96 51 der
3942 850 173 49 zarten
4165 846 288 56 Redensart
4492 845 235 52 wirbelte
4766 840 199 54 dunkel

3454 940 84 52 ein
3560 937 142 63 Sinn,
3731 934 94 52 der
3851 932 101 51 wie
3979 931 85 50 ein
4092 930 163 53 Geier
4280 930 89 51 auf
4395 930 83 51 ein
4500 928 308 53 schwaches
4831 925 135 56 Kalb

3453 1018 422 58 herabzustoßen
3915 1015 271 66 begehrte.
4249 1014 88 52 Sie
4386 1013 106 51 ließ
4533 1014 92 51 ihn
4663 1011 306 68 gewähren,

3453 1121 156 39 wenn
3667 1119 55 37 er
3776 1102 93 65 ihr,
3933 1100 94 52 der
4079 1098 374 65 Verwöhnten,
4510 1094 456 55 Schmeicheleien

3452 1191 175 67 gleich
3666 1186 272 68 goldenen
3977 1184 128 52 aber
4137 1183 172 65 längst
4332 1182 396 51 zerbrochenen
4768 1180 198 51 Tassen

3453 1277 95 52 bot
3585 1273 112 53 und
3736 1272 112 51 ihre
3885 1267 279 55 lächelnde
4203 1266 205 52 Freude
4447 1268 281 49 erwartete.

3560 1360 67 51 Er
3687 1354 254 68 empfand
4011 1351 183 54 solche
4265 1349 277 52 Ehrfurcht
4605 1363 97 37 vor
4764 1348 203 51 diesem

3451 1441 430 56 zerbrechlichen
3939 1436 152 53 Tand
4145 1435 111 52 und
4315 1448 109 38 war
4479 1433 130 51 stolz
4653 1433 162 50 daran
4853 1430 115 52 Teil

3453 1544 65 37 zu
3557 1527 174 52 haben
3788 1523 102 53 wie
3935 1522 88 51 die
4079 1519 253 62 anderen;
4393 1517 243 52 dahinter
4678 1516 178 65 spürte
4895 1515 75 51 sie

3453 1613 153 52 wirre
3663 1605 409 70 ursprüngliche
4128 1601 482 65 Absonderheiten,
4668 1598 303 53 chaotische

3454 1694 447 65 Verstrickungen
3940 1689 112 52 und
4088 1691 160 49 etwas
4288 1687 158 51 kaum
4476 1684 493 66 niedergehaltenes

3456 1780 264 65 Fremdes,
3747 1776 206 54 Starkes
3979 1773 114 53 und
4119 1771 287 53 Liebloses.
4483 1771 128 52 Und
4652 1770 87 50 die
4779 1767 192 53 Hände

3452 1866 101 51 fest
3607 1863 88 52 auf
3749 1861 88 52 die
3887 1857 250 54 atmende
4194 1856 154 52 Brust
4393 1853 240 67 gepreßt,
4691 1853 160 52 bebte
4897 1852 76 51 sie

3454 1964 99 38 vor
3577 1947 341 66 Vergnügen,
3945 1957 158 38 wenn
4131 1956 55 35 er
4212 1941 82 50 ihr
4319 1940 134 51 oder
4478 1939 200 52 andern
4707 1936 265 67 plötzlich,

3455 2033 135 52 nach
3647 2030 228 66 langem,
3921 2025 172 55 stillen
4151 2024 238 64 Grollen,
4446 2021 383 67 ungeschlacht
4885 2019 85 53 ein

3454 2131 129 52 paar
3607 2115 173 51 höhn-
3818 2112 111 53 und
3968 2107 656 67 verachtungsstrotzende
4661 2106 183 51 Worte
4881 2118 61 38 zu-

3457 2199 140 66 warf,
3636 2199 103 52 wie
3778 2195 350 55 Giftbrocken
4155 2194 105 51 den
4291 2191 250 53 Hunden.
4616 2189 170 65 Noch,
4813 2203 158 37 wenn

3457 2284 75 52 sie
3570 2283 110 53 sich
3737 2296 108 38 von
3902 2279 112 52 ihm
4069 2279 244 65 getrennt
4358 2277 139 51 hatte
4544 2274 113 52 und
4703 2273 94 51 mit
4834 2272 139 51 ihrer

3459 2367 267 53 Freundin
3766 2365 135 52 nach
3943 2365 181 50 Hause
4159 2361 147 67 ging,
4346 2359 187 68 preßte
4558 2359 89 65 sie,
4688 2358 182 51 mitten
4899 2356 72 51 im

3455 2451 279 66 Gespräch
3774 2465 105 37 von
3919 2448 95 51 der
4051 2446 336 64 Erinnerung
4423 2442 325 65 überrascht,
4787 2456 60 37 so
4886 2439 87 54 die

3458 2535 301 64 schlanken,
3798 2532 234 68 gelblich
4080 2529 210 53 weißen
4326 2528 192 53 Hände
4555 2527 89 52 auf
4680 2527 88 51 die
4807 2527 165 61 Brust,

3455 2621 65 66 ja,
3559 2621 226 65 spannte
3823 2617 100 52 alle
3948 2614 249 53 Muskeln
4225 2614 140 51 ihres
4393 2614 231 64 Körpers
4649 2624 323 49 zusammen,

3456 2720 61 36 so
3564 2703 105 52 daß
3717 2702 75 52 sie
3829 2701 183 52 stehen
4058 2699 145 52 blieb
4260 2698 111 51 und
4428 2698 52 50 in
4527 2696 145 52 einer
4713 2695 94 51 Art
4851 2694 92 51 Ent-

3454 2789 204 51 zücken
3696 2786 183 53 lachte.
3962 2785 100 51 Die
4103 2781 689 66 Gemeinschaftgewohnte
4845 2778 129 52 fand

3459 2872 84 52 ein
3582 2872 327 64 Vergnügen
3949 2868 164 65 darin,
4162 2867 149 52 solch
4351 2866 268 52 seltsames
4659 2861 317 56 Geheimnis

3456 2971 66 36 zu
3561 2954 386 62 verschließen;
4005 2952 75 53 sie
4125 2952 127 52 fand
4309 2951 84 51 ein
4439 2949 314 53 verstecktes
4799 2946 179 54 Glück

3459 3039 161 64 darin,
3660 3039 110 51 sich
3810 3037 370 53 abzusondern
4220 3035 111 51 und
4369 3050 63 36 zu
4470 3033 382 52 vereinsamen.

3936 3153 20 20 :i:
4492 3150 21 20 *

4214 3190 21 21 *

3606 3284 101 51 Die
3741 3283 206 51 Zufälle
3984 3281 287 52 herrschen
4305 3279 147 52 nicht
4482 3278 154 52 allein
4669 3278 69 50 im
4774 3275 198 52 Leben.

3605 3367 175 51 Vieles
3812 3366 305 52 verbündet
4146 3365 112 51 sich
4290 3364 179 52 ihnen.

3608 3450 166 51 Ihnen
3808 3450 195 51 dienen
4038 3449 97 51 seit
4164 3447 255 52 altersher
4450 3445 173 53 starke
4653 3443 321 61 Trabanten,

3461 3535 92 51 die
3620 3535 200 60 Worte,
3888 3532 170 66 große
4111 3532 113 50 und
4280 3531 169 50 kleine
4503 3531 200 58 Worte,
4760 3528 85 51 die
4897 3526 79 52 sie

3465 3620 226 48 stützen.
3740 3616 84 51 Sie
3857 3616 175 51 halten
4063 3615 114 51 und
4207 3615 296 60 bewahren,
4524 3614 126 50 dem
4683 3611 174 52 Zufall
4888 3611 91 63 diej

3464 3700 200 61 Macht,
3712 3700 91 51 die
3850 3716 56 35 er
3949 3699 108 51 sich
4111 3699 96 50 mit
4249 3697 173 51 einem
4476 3696 225 51 leichten
4755 3695 224 66 Sprung

3468 3784 113 50 und
3623 3783 157 51 Sturz
3820 3798 98 36 aus
3955 3782 124 52 dem
4122 3780 205 53 weißen
4372 3780 287 66 Ungefähr
4702 3779 111 51 und
4861 3778 78 51 Un-

3465 3866 412 52 ausdenkbaren
3925 3864 258 67 ergriffen
4236 3864 102 51 hat.
4402 3863 104 51 Wo
4553 3879 60 35 er
4653 3862 157 62 steht,
4857 3860 97 53 flat-

3469 3952 114 49 tern
3624 3948 173 67 gleich
3839 3949 86 51 die
3961 3948 242 62 dünnen,
4245 3947 224 61 bunten,
4506 3946 256 52 seidenen
4807 3945 137 51 Fähn-

3467 4033 137 51 chen
3642 4033 113 51 und
3791 4032 83 51 die
3903 4031 377 53 erschütternd
4318 4030 304 52 herrischen
4657 4028 328 52 Standarten«

3470 4117 96 50 der
3606 4116 186 51 Worte
3835 4131 94 36 zur
3968 4115 237 57 Rechten
4250 4113 113 52 und
4401 4113 218 52 Linken.

3613 4199 102 52 Die
3750 4200 186 50 Worte
3972 4198 336 52 schwärmen
4343 4213 110 46 aus,
4489 4198 125 51 dem
4652 4198 175 50 Herrn
4867 4196 116 51 und

3471 4283 287 51 Geliebten
3790 4282 172 51 starke
3995 4281 247 52 Freunde
4270 4283 51 50 in
4351 4282 102 50 der
4477 4281 158 51 Nähe
4668 4281 111 51 und
4814 4281 167 50 Ferne

3470 4382 67 35 zu
3567 4366 233 63 werben,
3831 4366 110 51 ihm
3967 4366 84 50 ein
4340 4364 444 67 unangreifbares
4811 4364 175 65 Lager;

3470 4466 67 34 zu
3567 4448 262 53 schaffen.

3614 4532 86 53 Sie
3744 4532 185 53 locken
3977 4532 174 52 Zufall
4194 4548 65 35 zu
4305 4532 174 51 Zufall
4524 4531 113 51 und
4684 4531 296 51 verbinden

3469 4617 79 51 sie
3589 4617 169 56 ihrem
3810 4618 191 60 Herrn,
4047 4616 114 51 und
4205 4631 97 36 aus
4343 4615 124 52 dem
4518 4615 191 51 Nichts
4756 4614 230 66 beginnt

3473 4716 56 36 es
3573 4700 489 67 emporzusteigen.

3616 4783 184 52 Ueber
3837 4783 180 52 Nacht
4055 4786 119 63 ragt
4208 4784 118 50 eine
4366 4782 151 67 Burg
4552 4782 123 55 weit
4713 4783 80 51 ins
4833 4782 150 51 Land

3476 4867 229 66 hinweg,
3771 4867 151 51 darin
3987 4865 100 53 der
4133 4865 246 53 ruhende
4431 4865 176 53 Zufall
4659 4865 159 53 haust
4868 4865 118 54 und

3474 4949 201 52 thront.

4570 5195 283 53 Fortsetzung
4879 5194 112 54 folgt

3468 5646 260 83 Wenn
3783 5650 210 81 mein
4050 5648 219 83 Herz
4316 5648 320 107 gesund
4677 5655 166 74 wär

3477 5781 733 70 Kinematographisches

3620 5902 175 54 Wenn
3846 5906 140 50 mein
4039 5906 143 51 Herz
4225 5905 212 67 gesund
4485 5919 123 47 war,
4653 5917 207 54 sprang
4904 5901 84 53 ich

3478 5989 180 50 Zuerst
3697 6003 99 41 aus
3835 5988 127 53 dem
4007 5989 244 61 Fenster;
4295 5989 146 52 dann
4483 5989 136 66 ging
4660 5986 83 53 ich
4788 5988 51 51 in
4881 5985 105 54 den

3482 6069 276 69 Kientopp
3807 6072 117 58 und
3976 6072 119 52 käm
4145 6072 86 55 nie
4281 6072 198 53 wieder
4530 6072 206 52 heraus.
4807 6071 69 50 Es
4928 6071 64 50 ist

3479 6154 103 50 mir
3630 6170 178 51 genau
3858 6171 79 48 so,
3986 6156 77 52 als
4112 6156 76 52 ob
4240 6156 83 52 ich
4375 6155 98 52 das
4523 6155 168 67 große
4739 6154 107 52 Los
4896 6169 62 52 ge-

3482 6251 237 42 wonnen
3748 6237 110 54 hab
3901 6234 116 58 und
4045 6237 150 61 noch'
4216 6240 150 54 nicht
4388 6238 314 55 ausbezahlt
4725 6238 108 65 bin,
4860 6237 137 55 oder

3479 6320 96 53 auf
3624 6322 148 52 einer
3824 6322 405 53 Pferdelotterie
4277 6326 156 49 einen
4488 6323 144 52 Gaul
4682 6338 307 51 gewonnen

3482 6403 104 52 hab
3659 6404 113 52 und
3845 6405 188 53 keinen
4106 6408 128 51 Stall
4686 6407 300 52 auftreiben

3483 6486 157 55 kann.
3689 6487 112 52 Das
3830 6488 180 53 Leben
4041 6491 64 50 ist
4132 6491 152 56 doch;
4306 6490 285 68 eigentlich
4621 6491 84 52 ein
4736 6490 220 52 Wendel-

3484 6570 432 67 treppendrama,
3949 6573 190 51 immer
4166 6591 63 35 so
4257 6575 142 52 rund
4429 6574 196 52 herauf
4648 6573 115 57 und
4793 6573 202 53 wieder

3484 6652 266 63 hinunter,
3818 6655 188 52 immer
4075 6674 91 35 um
4217 6659 113 52 sich
4381 6659 166 52 selbst
4595 6660 99 52 wie
4746 6658 85 53 bei
4883 6657 104 53 den

3484 6735 242 53 Sternen.
3791 6738 89 51 Ich
3929 6739 89 51 bin
4064 6740 50 51 in
4161 6741 276 68 freudiger
4477 6742 415 66 Verzweiflung,
4939 6742 51 53 in

3485 6820 382 52 verzweifelter
3933 6823 366 67 Freudigkeit;
4365 6842 86 36 am
4506 6827 221 51 liebsten
4782 6825 213 53 machte

3485 6902 84 53 ich
3614 6903 155 52 einen
3818 6906 395 67 Todessprung
4253 6910 136 51 oder
4432 6911 155 51 einen
4636 6911 116 66 Jux.
4815 6910 182 51 Meine

3487 6987 269 55 Freundin
3825 6988 284 53 Laurentia
4172 6991 155 53 zecht
4389 6994 100 55 wie
4539 6994 86 51 ein
4678 6994 189 62 Fuchs,
4919 6994 75 51 sie

3484 7070 228 52 studiert
3744 7071 84 52 die
3863 7071 235 68 Sprache
4133 7074 96 52 der
4260 7076 141 52 alten
4441 7077 222 57 Herren,
4700 7077 81 53 ich
4819 7076 179 54 meine
