2545 4099
839 281 263 38 BULLETIN
1139 276 263 48 FRANÇAIS
1439 275 68 33 DE
1544 272 65 33 LA
1648 271 38 34 S.
1726 271 31 33 I.
1797 271 51 32 M.

317 294 93 49 932

320 447 160 50 ment
522 444 69 52 de
630 439 135 53 bien,
802 432 256 73 spécifier
1099 449 79 51 cju
1201 428 38 54 il
1278 446 39 36 n
1342 446 34 34 &
1414 423 317 56 nullement
1770 420 20 50 1
1813 420 292 52 intention
2144 418 38 52 d
2203 413 177 55 écrire

320 540 79 36 un
435 535 249 52 ouvrage
719 512 266 57 définitif.

432 597 146 73 Quoi
604 594 142 72 qu'il
761 611 74 37 en
864 591 130 66 soit,
1029 607 106 37 son
1171 585 215 57 travail
1420 600 146 38 nous
1602 577 293 71 renseigne
1937 592 98 37 sur
2073 592 112 36 une
2225 572 155 55 foule

322 681 68 53 de
442 677 195 71 points
687 675 394 54 intéressants.
1129 671 117 52 Des
1287 665 182 56 écoles
1522 663 70 55 de
1645 658 264 70 musique
2145 653 237 55 fondées

322 760 34 51 à
389 755 279 56 Marseille
704 773 72 35 en
812 764 140 57 1545
988 755 59 49 et
1082 751 36 52 à
1151 747 271 70 Avignon
1455 761 71 37 en
1564 752 160 57 1547,
1759 755 104 53 par
1900 732 375 70 Barthélémy
2312 732 68 53 de

319 837 56 54 la
412 835 169 56 Croix
615 839 60 50 et
707 834 213 53 Claude
952 831 290 70 Noguyer.
1281 827 86 52 De
1401 822 374 56 nombreuses
1804 816 222 54 bandes
2060 813 69 55 de
2159 811 223 53 violons

320 934 58 37 se
422 914 358 55 constituent
823 930 74 36 en
941 911 293 53 Provence
1277 924 76 35 au
1397 917 131 40 xvn
1529 914 21 22 e
1593 898 185 68 siècle,
1824 894 146 54 mais
2011 893 20 52 1
2054 891 236 54 histoiie
2335 889 45 52 si

319 995 255 54 curieuse
611 995 69 54 de
715 1010 92 37 ces
839 991 221 55 bandes
1093 992 149 51 reste
1279 986 35 52 à
1344 983 160 55 faire.
1533 981 51 53 A
1618 997 63 36 ce
1712 992 231 56 propos,
1970 975 78 53 M.
2086 969 299 56 Gouiiand

320 1076 188 55 donne
543 1075 53 54 le
632 1079 177 58 texte,
840 1089 202 37 encore
1077 1067 200 65 inédit,
1307 1065 172 56 d'une
1510 1062 171 55 lettre
1712 1057 174 55 écrite
1916 1071 104 55 par
2058 1051 325 56 Guillaume

320 1154 340 64 Dumanoir,
677 1171 73 37 en
781 1151 158 70 1678,
971 1168 75 35 au
1075 1147 152 70 sujet
1260 1146 69 55 de
1353 1145 57 52 la
1433 1142 362 55 lieutenance
1819 1136 70 54 de
1914 1133 84 55 roi
2031 1133 98 54 des
2159 1128 226 55 violons

320 1251 111 54 que
458 1234 81 54 les
566 1232 270 55 échevins
865 1232 69 54 de
963 1226 281 57 Marseille
1273 1221 413 58 demandaient
1712 1232 148 55 pour
1886 1215 51 54 le
1965 1213 150 54 sieur
2144 1211 236 52 Besson.

432 1314 90 53 On
578 1316 315 67 regrettera
949 1328 111 53 que
1115 1306 249 55 l'auteur
1422 1301 166 72 glisse
1644 1297 47 55 si
1745 1296 350 70 légèrement
2152 1306 89 37 sut
2304 1305 79 35 un

320 1392 277 56 musicien
642 1394 70 53 de
752 1392 57 54 la
853 1390 199 54 valeur
1096 1389 69 54 de
1209 1387 260 54 Sauveur
1514 1381 283 55 Intermet
1843 1373 349 70 d'Avignon,
2239 1369 145 54 dont

320 1474 78 53 M.
427 1472 255 55 Gastoué
710 1489 35 35 a
770 1470 196 71 publié
991 1486 81 36 un
1098 1463 219 58 certain
1343 1461 241 57 nombre
1613 1460 70 53 de
1710 1452 415 74 compositions
2152 1463 195 37 manus-

322 1551 186 55 crites.
562 1554 75 52 M.
690 1550 300 54 Gouirand
1037 1565 71 36 ne
1157 1545 157 72 parle
1366 1542 346 56 d'lntermet
1762 1532 537 74 qu'incidemment,
2352 1526 35 52 à

322 1649 212 54 propos
562 1634 78 53 du
666 1648 240 54 passage
934 1630 70 53 de
1030 1626 177 56 Louis
1234 1623 153 56 XIII
1418 1623 34 53 à
1477 1620 271 70 Avignon
1773 1634 71 35 en
1875 1613 160 55 1622.
2065 1611 51 53 Il
2140 1627 71 36 ne
2238 1623 149 39 nous

323 1712 260 70 apprend
618 1728 119 36 non
769 1710 131 71 plus
934 1709 123 53 rien
1091 1707 70 54 de
1197 1703 137 55 neuf
1368 1720 97 36 sur
1500 1717 62 37 ce
1596 1711 358 59 personnage
1989 1690 248 72 quelque
2271 1703 114 54 peu

323 1790 356 71 mystérieux
718 1791 71 55 de
831 1789 188 54 Pierre
1061 1785 259 56 Gaultier
1362 1785 70 53 de
1472 1777 304 66 Marseille,
1815 1772 189 72 lequel
2044 1771 108 53 fait
2192 1768 195 54 bonne

324 1871 177 70 figure
536 1888 223 36 comme
792 1866 400 72 symphoniste
1226 1870 58 48 et
1316 1860 390 72 compositeur
1740 1856 264 70 d'opéras
2039 1852 35 52 à
2104 1850 57 54 la
2194 1848 78 54 fin
2308 1847 79 53 du

324 1965 132 38 xvn
458 1961 20 24 e
513 1950 185 54 siècle.
737 1947 249 71 Jusqu'à
1020 1946 252 71 présent,
1308 1961 67 36 sa
1409 1935 402 77 physionomie
1850 1936 269 53 demeure
2156 1947 81 36 un
2272 1944 115 53 peu

324 2029 314 55 incertaine
679 2034 58 49 et
776 2044 308 53 nuageuse.
1127 2025 107 53 Les
1277 2039 225 38 œuvres
1541 2036 112 54 que
1693 2032 146 37 nous
1890 2011 372 56 connaissons
2316 2007 71 53 de

326 2109 96 64 lui,
456 2126 88 37 ses
578 2107 372 71 Symphonies
994 2111 57 48 et
1089 2121 104 37 son
1237 2100 304 71 Triomphe
1582 2098 62 53 de
1684 2096 55 52 la
1775 2095 152 53 Paix
1935 2137 11 21 ,
1990 2087 395 57 mériteraient

326 2189 213 69 qu'une
578 2186 412 71 monographie
1019 2182 244 73 spéciale
1300 2182 92 54 fût
1429 2176 302 58 consacrée
1772 2176 34 52 à
1843 2171 278 56 Gaultier.
2152 2170 124 69 Que
2316 2167 69 53 de

327 2269 198 53 choses
568 2269 33 50 à
642 2267 137 68 dire,
825 2265 304 63 d'ailleurs,
1162 2280 96 37 sur
1292 2262 58 52 la
1391 2258 264 70 musique
1695 2255 69 54 de
1814 2258 152 50 cette
2006 2251 293 52 Provence
2340 2245 47 54 si

324 2346 203 56 lettrée
558 2352 57 49 et
646 2346 47 53 si
722 2345 203 53 artiste
953 2345 10 53 !
999 2344 122 69 Que
1154 2342 68 54 de
1253 2338 322 73 problèmes
1606 2337 34 51 à
1668 2333 288 66 résoudre,
1989 2331 70 54 de
2090 2326 299 73 questions

327 2427 34 52 à
398 2426 264 65 élucider,
699 2425 202 70 depuis
936 2424 243 52 l'œuvre
1220 2421 99 55 des
1355 2417 301 56 Noëllistes
1691 2412 233 73 jusqu'à
1947 2406 440 75 l'organisation

326 2505 367 72 coopérative
746 2506 99 53 des
893 2501 339 55 ménétriers
1281 2505 58 49 et
1389 2499 232 71 joueurs
1670 2493 460 61 d'instruments,
2184 2486 203 71 depuis

327 2585 279 71 l'an'alyse
671 2587 79 52 du
812 2582 288 55 caractère
1166 2581 69 53 de
1297 2579 57 53 la
1416 2575 246 56 mélodie
1724 2570 366 75 provençale,
2154 2568 177 70 jusqu
2355 2566 34 52 à

326 2665 289 56 l'examen
657 2667 98 52 des
794 2662 372 55 infiltrations
1206 2659 303 54 italiennes
1547 2655 374 54 nombreuses
1959 2656 59 50 et
2059 2648 329 73 puissantes

327 2761 76 36 au
442 2761 146 54 pays
629 2745 71 54 de
741 2744 247 69 Campra
1029 2746 57 50 et
1128 2742 70 52 de
1239 2736 175 56 Gilles
1441 2737 10 54 !

439 2825 302 71 Signalons
779 2822 81 56 les
900 2826 215 50 motets
1157 2821 69 55 de
1264 2816 332 72 l'organiste
1636 2811 335 56 marseillais
2011 2807 380 67 Barthélémy

327 2905 350 70 Beaulaigne
710 2904 207 67 (1564),
944 2904 145 53 dont
1118 2901 76 53 M.
1213 2899 299 55 Gouirand
1538 2913 148 36 nous
1715 2893 188 55 donne
1931 2892 57 54 la
2017 2886 371 74 description,

326 2990 57 48 et
417 3000 319 38 venons-en
770 2984 33 52 à
834 2982 57 52 la
921 2981 244 55 seconde
1198 2977 188 74 partie
1419 2977 70 55 de
1523 2993 103 35 son
1656 2973 163 67 livre,
1853 2971 77 55 où
1960 2970 41 53 il
2032 2968 195 55 étudie
2260 2966 131 71 plus

326 3064 408 71 spécialement
793 3064 51 53 le
903 3065 376 49 mouvement
1340 3055 240 56 musical
1640 3055 34 52 à
1731 3051 281 56 Marseille
2074 3047 202 73 depuis
2333 3045 58 53 la

327 3142 306 56 fondation
677 3144 68 53 de
788 3139 352 57 l'Académie
1185 3140 70 53 de
1300 3136 262 70 musique
1608 3134 68 54 de
1721 3137 151 50 cette
1916 3130 134 54 ville
2093 3146 77 37 au
2211 3140 158 40 xvin
2370 3135 21 24 e

326 3222 163 55 siècle
524 3222 233 72 jusqu'à
788 3239 105 35 nos
926 3221 175 70 jours.

441 3302 98 65 Ici,
563 3302 251 55 l'auteur
844 3319 58 37 se
934 3305 160 49 meut
1126 3316 96 37 sur
1251 3316 83 37 un
1361 3295 219 57 terrain
1606 3292 186 55 moins
1823 3296 187 64 vaste,
2032 3294 59 50 et
2123 3306 64 36 sa
2218 3288 140 54 docu-

331 3381 325 55 mentation
698 3399 57 35 se
798 3380 107 54 fait
949 3379 128 71 plus
1119 3376 355 74 personnelle
1516 3379 59 50 et
1617 3372 130 71 plus
1787 3389 205 37 neuve.
2039 3368 49 54 Il
2130 3386 34 35 a
2206 3366 110 53 mis
2359 3365 34 53 à

327 3461 397 55 contribution
748 3461 82 54 les
858 3460 260 55 archives
1146 3456 396 71 municipales,
1570 3454 81 54 les
1679 3452 262 54 archives
1970 3451 78 55 du
2076 3448 281 55 Conserva-

324 3540 257 68 toire,les
605 3545 258 65 comptes
884 3540 212 53 rendus
1115 3539 69 54 de
1206 3537 57 54 la
1282 3553 189 54 presse
1493 3534 266 67 locale,et
1782 3535 245 66 apporte
2048 3546 82 37 un
2149 3527 244 55 nombre
